4048 6170
366 207 499 259 1003

1491 205 1545 258 S.
1590 203 1860 259 REMIGII
1903 201 2385 259 LUGDUNENSIS
2424 200 2737 257 EPISCOPI

3728 203 3878 255 1004

359 348 417 397 et
447 343 591 397 facta
614 343 764 413 jnste
798 358 855 395 se
894 340 1232 411 puniturum
1276 355 1395 392 esse
1445 338 1749 408 praescivit,
1792 340 1942 408 juste
1989 354 2047 391 se
2086 342 2131 392 A
2157 344 2350 407 aperte
2380 337 2554 391 dicit:
2585 336 2753 407 [Inest
2779 337 2891 389 Deo
2925 337 3096 389 etiam
3128 336 3501 405 profundum,
3534 352 3651 406 quo
3682 336 3876 390 dam-

361 432 700 503 puniturum
735 435 789 483 et
822 446 940 483 esse
973 427 1419 498 praedestinavit.
1460 430 1571 481 Hac
1618 443 1866 497 namque
1901 443 2052 496 prae-

359 520 735 575 destinatione
769 534 885 571 non
918 534 1062 587 opus
1115 515 1364 569 hominis
1412 516 1647 581 malum,
1698 516 1799 569 sed
1830 516 2050 585 justum

361 609 611 663 hominis
642 606 1063 677 praedestinavii
1095 605 1461 675 supplicium.

432 698 589 751 Hunc
633 711 862 747 sensum
906 694 964 746 Β.
1017 694 1317 763 Augustini
1366 708 1585 758 verum,
1634 696 1805 761 atque
1852 690 2054 744 catho-

358 785 532 837 licum
573 784 724 853 quod
756 784 934 837 Deum
966 782 1153 852 operis
1203 781 1289 834 sui
1322 781 1521 845 futuri,
1572 780 1629 834 id
1662 785 1745 833 est
1783 779 1922 848 justi
1952 780 2054 849 ju-

356 872 485 926 dicii
521 873 591 925 de
637 873 800 925 malis
853 876 909 924 et
939 871 997 924 in
1035 870 1198 922 malis
1258 869 1553 923 exercendi
1610 884 1837 937 semper
1880 868 2054 921 fuisse

360 961 691 1031 praescium,
746 975 972 1029 semper
1014 958 1191 1012 fuisse
1241 957 1770 1027 prmdestinatorem
1807 956 2051 1025 justum,

358 1048 606 1103 ﬁdeliter
626 1048 989 1101 commendat
1033 1047 1092 1100 Β.
1130 1045 1485 1112 Fulgentius,
1517 1052 1580 1097 ut
1625 1060 1792 1113 supra
1834 1060 2053 1097 memo-

355 1137 625 1200 ravimus,
664 1136 817 1188 illius
847 1134 1123 1202 temporis
1160 1135 1396 1197 vicinus,
1446 1139 1503 1186 et
1538 1138 1798 1203 tempore
1822 1132 2053 1185 Vanda-

358 1227 481 1281 licas
512 1224 928 1295 persecutionis
960 1224 1109 1292 apud
1142 1224 1388 1276 Africam
1412 1222 1559 1274 inter
1588 1228 1824 1274 caeteros
1846 1221 2053 1274 Christi

358 1313 683 1366 sacerdotes
725 1311 1074 1364 confessores
1112 1311 1354 1378 inclytus
1409 1311 1791 1378 interrogatus
1831 1324 1863 1361 a
1908 1325 2050 1378 quo-

360 1402 491 1454 dam
524 1401 639 1470 pio,
674 1406 728 1453 et
754 1400 1021 1468 religioso
1056 1399 1176 1451 viro
1221 1414 1337 1451 non
1383 1396 1613 1467 sprevit,
1649 1411 1765 1448 non
1810 1393 2049 1463 respuit,

357 1489 455 1542 sed
488 1490 677 1558 potius
709 1488 1016 1556 diligenter
1061 1486 1339 1555 exposuit,
1382 1492 1439 1538 et
1468 1483 1830 1538 conﬁrmavit
1860 1482 2053 1536 dicens

360 1578 457 1645 (ad
488 1579 630 1630 Men.
666 1577 702 1629 l.
740 1594 775 1641 I,
800 1592 845 1629 c.
874 1577 923 1644 ὅ)
949 1592 960 1628 :
994 1573 1165 1646 [Nihil
1188 1574 1339 1628 aliud
1365 1573 1761 1643 accipiendum
1788 1572 2050 1624 existimo

356 1667 416 1718 in
450 1667 545 1718 illo
577 1664 754 1717 sancti
793 1663 1097 1733 Augustini
1150 1677 1435 1727 sermone,
1481 1676 1595 1730 quo
1644 1660 1712 1712 ad
1754 1658 2051 1711 interitum

357 1754 638 1824 quosdam
670 1752 1105 1821 prtedestinatos
1135 1749 1404 1814 afﬁrmat,
1443 1770 1469 1796 «
1498 1746 1608 1800 nisi
1649 1748 1720 1800 ad
1754 1746 2053 1799 interitum

357 1841 621 1911 supplicii
662 1856 775 1893 non
807 1838 1017 1903 delicti,
1054 1853 1238 1907 neque
1276 1837 1346 1889 ad
1382 1836 1601 1889 malum
1643 1835 1794 1905 quod
1842 1834 2053 1904 injuste

357 1931 687 1993 admittunt,
719 1929 813 1981 sed
845 1927 915 1980 ad
949 1926 1264 1979 cruciatum
1299 1924 1453 1995 quod
1477 1924 1792 1993 justissime
1822 1924 2052 1992 patiun-

358 2026 484 2072 tur:
522 2034 624 2071 nec
650 2018 716 2069 ad
746 2020 1065 2086 peccatum,
1098 2014 1194 2067 sed
1230 2014 1298 2067 ad
1324 2018 1698 2079 tormentum,
1749 2011 1900 2082 quod
1942 2012 2054 2063 illis

354 2107 593 2177 propria
638 2105 913 2175 iniquitas
946 2104 1091 2156 male
1130 2102 1297 2171 parit,
1330 2107 1384 2154 et
1414 2101 1655 2171 zequitas
1684 2100 1875 2153 divina
1905 2099 2053 2153 bene

356 2195 623 2248 retribuit
650 2214 663 2259 ;
689 2212 715 2243 ι)
748 2209 851 2245 nec
892 2192 960 2245 ad
1003 2197 1248 2244 mortem
1290 2190 1497 2243 animae
1546 2188 1795 2258 primam
1842 2187 1937 2240 sed
1983 2187 2052 2240 ad

357 2288 599 2337 mortem
630 2281 977 2335 secundam:
1010 2279 1163 2349 quod
1194 2279 1345 2331 enim
1384 2282 1513 2331 ante
1559 2277 1883 2347 gehennam
1919 2275 2053 2328 mali

354 2372 639 2443 peccando
675 2374 939 2440 pereunt,
976 2384 1087 2421 non
1113 2372 1196 2420 est
1224 2366 1403 2421 divini
1429 2366 1618 2437 operis
1648 2366 1741 2417 sed
1775 2363 2049 2417 humani:

355 2460 508 2529 quod
542 2463 737 2511 autem
765 2457 825 2509 in
865 2456 1129 2525 gehenna
1172 2455 1411 2525 perituri
1464 2459 1611 2521 sunt,
1649 2456 1754 2507 hoc
1783 2453 1917 2506 facit
1950 2451 2050 2505 Dei

354 2548 615 2618 aequitas,
669 2546 761 2599 cui
817 2546 975 2597 nulla
1024 2546 1209 2613 placet
1252 2542 1540 2612 peccantis
1593 2542 1886 2610 iniquitas.
1940 2542 2053 2593 Hoc

353 2635 547 2704 itaque
578 2632 1007 2702 praedestinavit
1041 2634 1204 2696 Deus,
1249 2630 1401 2700 quod
1448 2634 1571 2683 erat
1601 2630 1720 2698 ipse
1760 2630 2046 2694 facturus;

352 2721 495 2774 illud
540 2736 673 2774 vero
728 2721 1050 2772 nullatenus
1105 2718 1554 2787 prmdestinavit,
1606 2717 1759 2786 quod
1802 2717 2050 2769 facturus

350 2810 473 2880 ipse
504 2826 623 2863 non
653 2810 762 2862 fuit
790 2828 803 2875 ;
836 2810 986 2861 mala
1008 2808 1222 2878 quippe
1256 2807 1521 2859 voluntas
1549 2822 1665 2858 non
1698 2804 1945 2875 pertinet
1977 2804 2049 2857 ad

352 2900 634 2969 optimum
680 2899 1005 2953 Creatorem
1045 2914 1056 2950 :
1092 2897 1247 2966 justa
1296 2911 1429 2949 vero
1487 2895 1832 2961 injustorum
1886 2894 2045 2947 dam-
2085 2931 2125 2987 Ο

349 2988 506 3042 natio
541 2987 792 3057 pertinet
834 2986 901 3039 ad
945 2985 1337 3054 aequissimum
1384 2983 1781 3053 cognitorem;
1816 2982 2045 3051 praede—

350 3075 582 3128 stinavit
609 3075 800 3145 itaque
833 3076 981 3127 Deus
1012 3072 1236 3142 iniquos
1272 3077 1328 3125 et
1358 3071 1563 3140 impios
1597 3071 1665 3124 ad
1699 3069 2045 3140 supplicium

343 3167 589 3233 justum,
619 3180 732 3216 non
768 3162 839 3216 ad
883 3162 1113 3232 aliquod
1148 3178 1291 3230 opus
1323 3160 1599 3229 injustum
1627 3178 1641 3227 ;
1674 3159 1743 3212 ad
1796 3174 2042 3229 pcenam,

350 3269 465 3305 non
494 3253 565 3305 ad
597 3252 857 3321 culpam;
890 3250 957 3303 ad
990 3249 1357 3319 punitionem
1390 3265 1505 3301 non
1537 3249 1605 3301 ad
1637 3247 2047 3317 transgressio-

350 3358 519 3406 nem;
567 3340 637 3393 ad
674 3339 991 3404 interitum,
1037 3354 1209 3408 quem
1256 3338 1340 3390 ira
1380 3337 1523 3405 justi
1568 3337 1772 3405 judicis
1814 3352 2047 3405 peccan-

352 3429 503 3482 tibus
534 3428 796 3493 reddidit,
843 3443 957 3479 non
986 3426 1056 3479 ad
1089 3426 1402 3485 interitum,
1441 3441 1554 3493 quo
1588 3425 1645 3477 in
1677 3440 1735 3477 se
1768 3424 1911 3476 iram
1946 3423 2045 3476 Dei

350 3516 712 3586 peceantium
746 3514 1021 3584 iniquitas
1063 3511 1438 3584 provocavit.]
1482 3513 1600 3566 Huc
1633 3527 1812 3581 usque
1846 3512 2046 3565 beatus

355 3604 707 3673 Fulgentius.

1030 3710 1251 3764 CAPUT
1292 3711 1377 3765 ΙΧ.

611 3835 936 3890 Testimonz'a
963 3848 1030 3887 em
1058 3836 1121 3889 S.
1154 3834 1322 3887 Leone
1345 3837 1394 3886 et
1421 3833 1479 3888 S.
1512 3832 1790 3900 Gregorio.

422 3959 627 4013 Beatus
661 3957 836 4009 etiam
866 3957 975 4009 Leo
1008 3955 1077 4009 de
1115 3955 1283 4024 hujus
1311 3954 1515 4008 divina:
1560 3952 1953 4022 praescientiaa,
1988 3957 2045 4005 et

348 4046 869 4117 praedestinationis
906 4044 1159 4109 veritate,
1196 4043 1253 4096 id
1285 4048 1370 4095 est
1406 4042 1889 4111 sempiternarum
1927 4040 2041 4094 dis-

347 4136 702 4205 positionum
775 4134 871 4187 Dei
920 4131 1376 4184 incommutabili
1439 4130 1662 4195 ordine,
1716 4130 1795 4183 sic
1849 4131 2039 4183 docet:

348 4223 513 4291 [Cum
544 4222 757 4285 omnia,
790 4236 917 4290 quas
947 4220 1008 4272 in
1042 4220 1282 4271 Domino
1317 4218 1627 4289 majestatis
1664 4218 1899 4282 Judaica
1936 4218 2037 4271 ad-

348 4311 503 4363 misit
526 4310 809 4379 impietas,
835 4314 990 4362 tanto
1024 4314 1153 4361 ante
1184 4308 1457 4376 praedicta
1494 4308 1627 4371 sint,
1666 4312 1729 4359 ut
1771 4324 1886 4361 non
1920 4312 2038 4361 tam

349 4399 417 4452 de
454 4399 678 4463 futuris,
708 4413 878 4467 quam
915 4396 983 4449 de
1016 4396 1319 4466 praeteritis
1350 4396 1715 4465 propheticus
1749 4397 1819 4449 sit
1852 4412 2038 4450 sermo

346 4492 668 4551 contextus,
704 4485 841 4555 quid
886 4485 1037 4537 aliud
1096 4484 1277 4551 nobis,
1328 4502 1501 4555 quam
1555 4484 2036 4555 sempiternarum

350 4574 793 4645 dispositionum
854 4574 954 4627 Dei
1003 4574 1487 4627 incommutabilis
1542 4574 1682 4627 ordo
1714 4572 2036 4626 referatur?

344 4664 508 4734 Apud
562 4680 733 4733 quem
788 4662 1167 4716 discernenda
1200 4662 1319 4732 jam
1371 4663 1699 4732 dijudicata,
1754 4667 1809 4715 et
1847 4661 2037 4715 futura

339 4755 459 4824 jam
492 4754 635 4805 facta
664 4756 814 4804 sunt.
851 4752 990 4804 Cum
1024 4752 1175 4804 enim
1197 4757 1251 4804 et
1282 4752 1583 4821 qualitates
1620 4751 1907 4804 actionum
1930 4767 2035 4804 no-

344 4848 612 4904 strarum,
645 4848 701 4893 et
724 4839 956 4893 effectus
988 4839 1248 4892 omnium
1282 4843 1636 4893 voluntatum
1673 4838 1911 4892 scientia
1942 4839 2035 4891 di-

343 4931 475 4983 vina
506 4928 833 4998 prazveniat,
882 4932 1097 4996 quanto
1148 4927 1332 4997 magis
1376 4932 1511 4980 nota
1552 4932 1686 4979 sunt
1719 4928 1831 4979 Deo
1864 4941 2035 4995 opera

343 5021 493 5072 sua?
523 5020 590 5072 Et
628 5023 779 5071 recte
823 5016 1039 5086 placuit
1087 5016 1249 5085 quasi
1298 5015 1445 5069 facta
1492 5015 1685 5083 recoli,
1735 5031 1863 5085 quae
1918 5031 2034 5068 non

341 5112 609 5179 poterant
637 5105 873 5159 omnino
907 5121 1019 5157 non
1046 5102 1219 5174 ﬁeri.]

416 5196 618 5249 Beatus
650 5210 878 5265 quoque
903 5192 1206 5262 Gregorius
1235 5208 1526 5260 exponens
1558 5192 1657 5245 illa
1685 5192 1857 5245 verba
1887 5196 2032 5262 Apo-

342 5284 495 5351 stoli,
527 5284 580 5337 id
614 5287 733 5336 est:
773 5302 795 5331 «
832 5282 968 5346 Qua:
1001 5282 1074 5335 sit
1106 5280 1426 5351 longitudo,
1469 5286 1525 5333 et
1554 5280 1817 5347 latitudo,
1849 5284 1904 5333 et
1940 5297 2035 5336 su-

342 5372 610 5431 blimitas.
641 5376 697 5425 et
741 5370 1095 5441 profundum
1128 5370 1288 5439 (Eph.
1340 5386 1416 5433 Ill,
1458 5368 1562 5437 l8),
1604 5390 1623 5416 ι
1661 5370 1738 5421 ita
1772 5369 1840 5421 de
1885 5387 2032 5441 pras-

343 5461 725 5513 destinatione
784 5459 1161 5529 reproborum
1211 5458 1280 5513 ad
1328 5458 1625 5511 interitum
1676 5459 1923 5513 breviter
1977 5463 2035 5512 et

2164 426 2385 479 nandos
2424 426 2661 478 inferius
2709 424 2864 493 justa
2908 426 3176 495 aequitate
3215 425 3529 495 disponens
3582 426 3879 495 praeordi-

2164 513 2302 586 nat.]
2344 516 2485 568 Item
2515 516 2582 567 de
2616 514 2812 566 eadem
2845 530 2905 565 re
2939 514 3050 566 alio
3084 514 3206 566 loco
3244 514 3323 565 sic
3356 514 3530 567 dieit:
3599 515 3704 581 [Ad
3768 514 3879 565 lae-

2163 619 2291 656 vam
2324 618 2554 673 quoque
2584 603 2854 656 dilatatur
2902 602 3161 667 Ecclesia,
3198 602 3335 655 dum
3378 602 3445 654 ad
3480 619 3537 655 se
3579 602 3884 672 quosdam

2163 689 2223 743 in
2277 690 2577 760 iniquitate
2638 706 3044 760 permansuros
3094 690 3363 743 admittit.
3423 692 3670 759 Propter
3724 692 3885 743 hanc

2165 780 2613 844 multitudinem,
2643 794 2771 849 quae
2798 784 2955 831 extra
2996 778 3308 831 electorum
3352 795 3659 832 numerum
3687 780 3883 849 jacet,

2166 868 2228 920 In
2259 866 2565 936 Evangelio
2609 867 2882 920 Dominus
2931 866 3100 919 dicit:
3142 890 3161 915 ‹
3220 867 3377 921 Multi
3427 868 3633 933 vocati,
3698 867 3887 937 pauci

2164 959 2353 1007 autem
2385 954 2550 1007 electi
2595 954 2815 1020 (Matth.
2848 970 2942 1019 xx,
3007 956 3114 1019 16).
3176 952 3226 1023 nl
3287 955 3412 1007 Alio
3454 971 3688 1024 quoque
3750 956 3884 1007 loco

2163 1041 2278 1094 vim
2309 1057 2572 1111 supernas
2604 1041 2993 1111 dispositionis
3038 1042 3565 1095 incommutabilem
3599 1059 3733 1096 esse
3777 1043 3885 1095 de—

2163 1136 2490 1183 monstrans
2518 1130 2595 1183 ita
2624 1130 2735 1183 ait:
2772 1130 2972 1199 [Vitari
3027 1130 3180 1182 enim
3234 1130 3315 1182 vis
3362 1130 3595 1199 superni
3636 1123 3885 1182 consilii

2162 1235 2524 1289 nequaquam
2554 1223 2760 1287 potest,
2792 1219 2889 1271 sed
2923 1234 3131 1288 magna
3160 1218 3267 1271 sibi
3303 1218 3510 1271 virtute
3541 1220 3695 1271 hanc
3732 1224 3890 1270 tem-

2162 1313 2342 1377 perat,
2376 1307 2476 1377 qui
2506 1323 2564 1359 se
2596 1308 2700 1359 sub
2727 1307 2848 1375 ejus
2880 1306 3117 1360 nutibus
3148 1306 3434 1367 refrenat;
3483 1306 3733 1375 ejusque
3771 1305 3887 1357 sibi

2161 1395 2417 1466 pondera
2456 1396 2682 1465 levigat,
2730 1395 2829 1465 qui
2882 1397 3029 1448 hanc
3079 1395 3332 1462 subjecto
3382 1395 3565 1446 cordis
3618 1396 3885 1447 humero

2162 1485 2355 1537 volens
2381 1484 2616 1554 portat]
2654 1486 2793 1537 Item
2838 1484 2973 1537 alibi
3008 1485 3076 1538 de
3108 1484 3308 1537 eadem
3340 1500 3437 1537 re:
3480 1484 3658 1552 [Sicut
3696 1500 3885 1536 nemo

2165 1571 2390 1624 obsistit
2420 1572 2672 1640 largitati
2705 1572 2806 1624 Dei
2838 1574 3112 1635 vocantis,
3138 1571 3217 1623 ita
3262 1571 3451 1622 nullus
3478 1571 3667 1623 obviat
3694 1570 3884 1637 justi-

2092 1638 2131 1692 Β
2164 1659 2255 1712 tia:
2290 1638 2710 1729 relinquentis.]
2746 1660 2812 1711 Et
2856 1660 3066 1711 iterum
3113 1659 3181 1711 de
3223 1658 3416 1728 impiis
3437 1660 3555 1726 jam
3591 1660 3887 1728 prazjudi-

2161 1748 2334 1800 catis:
2386 1746 2517 1818 [Qui
2566 1763 2700 1801 vero
2766 1763 2869 1800 nec
2936 1747 3069 1800 ﬁdei
3117 1755 3471 1799 sacramenta
3520 1753 3882 1812 tenuerunt,

2160 1836 2613 1905 increpationem
2639 1836 2849 1906 judicis
2893 1836 2951 1888 in
2998 1840 3250 1889 extrema
3287 1835 3721 1889 examinatione
3760 1853 3883 1889 non

2161 1925 2438 1979 audiunt:
2476 1925 2609 1994 quia
2659 1924 3014 1994 praejudicali
3048 1923 3399 1976 inﬁdelitatis
3430 1940 3543 1975 sua:
3580 1925 3884 1989 tenebris,

2161 2014 2283 2081 ejus
2311 2030 2479 2084 quem
2513 2014 2893 2082 despexerunt
2938 2013 3255 2064 invectione
3287 2012 3551 2081 redargui
3584 2029 3710 2065 non
3748 2029 3886 2065 me-

2164 2099 2405 2171 rentur.]
2444 2103 2581 2154 Item
2613 2102 2683 2154 de
2736 2101 3232 2169 praedestinatione
3288 2101 3623 2169 perditionis
3658 2118 3885 2172 repro-

2161 2190 2404 2243 borum:
2444 2188 2864 2260 [Omnipotens,
2902 2188 3111 2258 inquit,
3147 2189 3502 2257 Deijustitia,
3527 2190 3882 2242 futurorum

2158 2278 2397 2347 praescia
2428 2278 2497 2331 ab
2524 2278 2647 2347 ipsa
2674 2277 2876 2330 mundi
2910 2278 3133 2344 origine
3165 2279 3443 2345 gehennaz
3476 2278 3679 2347 ignem
3719 2296 3881 2332 crea-

2160 2368 2261 2430 vit,
2292 2366 2391 2436 qui
2422 2366 2481 2419 in
2512 2382 2742 2435 poenam
2782 2366 3163 2435 reproborum
3195 2382 3312 2419 esse
3345 2368 3515 2419 semel
3552 2364 3880 2436 inciperet,

2161 2456 2258 2508 sed
2300 2455 2562 2508 ardorem
2596 2470 2763 2507 suum
2796 2455 2967 2507 etiam
3016 2455 3137 2507 sine
3178 2455 3349 2524 lignis
3390 2471 3693 2524 nunquam
3734 2456 3882 2509 ﬁni-

2159 2542 2292 2613 ret.]
2318 2542 2465 2595 Alibi
2494 2558 2725 2613 quoque
2756 2542 2824 2595 de
2858 2543 2977 2612 ipso
3002 2542 3315 2611 impiorum
3347 2548 3401 2595 et
3444 2544 3879 2613 reproborum,

2162 2636 2333 2701 atque
2360 2637 2574 2684 interno
2605 2631 2837 2684 interitu
2872 2631 3274 2684 damnatorum
3307 2631 3511 2701 capite,
3542 2632 3601 2684 id
3630 2638 3725 2684 est
3754 2636 3879 2684 An-

2158 2719 2435 2784 tichristo,
2477 2719 2599 2788 jam
2666 2734 2797 2772 eum
2843 2719 3176 2772 damnatum
3223 2735 3344 2772 esse
3390 2725 3753 2779 contestans,
3796 2723 3882 2773 ita

2158 2808 2295 2862 dicit
2327 2825 2338 2861 :
2375 2808 2493 2877 [Ille
2526 2808 2828 2861 damnatus
2856 2808 3025 2861 homo
3057 2824 3226 2877 quem
3260 2809 3318 2861 in
3348 2808 3460 2860 ﬁne
3491 2809 3697 2861 mundi
3731 2826 3880 2879 apo—

2158 2902 2300 2949 stata
2356 2897 2591 2964 angelus
2654 2896 2893 2948 assumit
2958 2897 3025 2949 ad
3076 2896 3496 2966 praedicandum
3546 2896 3883 2953 falsitatem

2157 3000 2338 3043 suam,
2376 2988 2613 3045 astutos,
2643 2999 2707 3037 ac
2750 2984 3026 3053 duplices,
3060 2990 3231 3054 atque
3288 2986 3617 3054 hujusmodi
3674 2986 3879 3040 scien-

2156 3073 2293 3127 tiam
2344 3072 2619 3126 habentes
2678 3071 2989 3125 selecturus
3020 3072 3147 3145 est.]
3181 3074 3248 3127 Et
3297 3074 3407 3127 alio
3450 3075 3612 3128 loco:
3649 3074 3878 3145 [Terra

2156 3162 2247 3215 cui
2281 3178 2364 3215 vas
2398 3162 2607 3215 dicitur
2637 3162 2730 3214 ille
2775 3162 3171 3231 principaliter
3209 3163 3515 3216 damnatus
3564 3163 3752 3217 homo
3783 3174 3876 3218 est

2156 3250 2254 3319 qui
2286 3250 2507 3303 alarum
2552 3248 2876 3319 cymbalum
2909 3256 3177 3303 vocatur:
3212 3252 3346 3319 quia
3374 3252 3471 3321 qui
3503 3268 3607 3321 per
3652 3271 3877 3324 super-

2154 3337 2309 3391 biam
2365 3338 2797 3391 multitudinem
2845 3338 3209 3409 cogitationis
3282 3341 3524 3400 evolant.
3578 3343 3877 3397 eumdem

2155 3442 2487 3497 perversum
2517 3426 2814 3480 hominem
2865 3427 3229 3496 praedicando
3280 3428 3523 3500 sonant.)
3568 3431 3630 3482 Et
3684 3433 3878 3500 paulo

2156 3520 2324 3585 post:
2364 3516 2576 3584 [Terra,
2624 3514 2832 3584 inquit,
2879 3515 2971 3568 cui
3012 3531 3090 3567 vae
3130 3515 3354 3576 dicitur.
3406 3524 3561 3570 trans
3610 3519 3879 3573 flumina

2155 3602 2455 3673 Ethiopiae
2488 3619 2607 3656 esse
2637 3604 3001 3672 perhibetur:
3040 3604 3172 3674 quia
3208 3604 3509 3657 damnatus
3543 3607 3641 3659 ille
3681 3609 3874 3661 homo

2154 3696 2311 3745 tanta
2339 3691 2725 3746 immensitate
2770 3692 3003 3760 iniquus
3055 3698 3158 3759 est,
3221 3699 3281 3746 ut
3311 3694 3575 3747 omnium
3608 3712 3871 3765 peccan-

2154 3780 2299 3835 tium
2329 3786 2559 3851 peccata
2598 3779 3007 3853 transcendat]

2828 3904 3051 3959 CAPUT
3086 3905 3147 3959 X.

2576 4013 2651 4065 De
2678 4013 2893 4077 gemina
2920 4011 3413 4079 predestinatione.

2224 4134 2364 4187 Ecce
2414 4132 2725 4187 beatissimi
2768 4135 2960 4187 Patres
3014 4134 3263 4187 Ecclesiae
3311 4150 3427 4188 uno
3484 4151 3683 4203 sensu,
3748 4156 3870 4193 uno

2082 4228 2123 4282 Ι]
2154 4238 2271 4289 ore,
2297 4222 2431 4293 quia
2451 4227 2508 4275 et
2539 4238 2651 4275 uno
2684 4222 2889 4291 spiritu
2921 4223 3129 4276 divina:
3162 4224 3553 4293 praescientiae,
3600 4230 3661 4279 et
3696 4244 3865 4297 pra:-

2150 4311 2549 4366 destinationis
2579 4311 2935 4363 immobilem
2966 4312 3259 4364 veritatem
3295 4313 3351 4365 in
3382 4318 3626 4383 utraque
3657 4325 3865 4384 parte,

2148 4400 2461 4453 electorum
2496 4399 2706 4453 scilicet
2737 4404 2791 4452 et
2820 4400 3199 4469 reproborum
3230 4402 3563 4470 praedicant,
3601 4409 3655 4455 et
3696 4422 3867 4460 com-

2150 4488 2443 4542 mendant.
2480 4489 2799 4541 Eleetorum
2834 4488 3025 4558 utique
3055 4489 3124 4540 ad
3161 4489 3425 4557 gloriam,
3461 4491 3861 4559 reproborum

2147 4592 2281 4629 vero
2304 4592 2418 4629 non
2463 4576 2531 4629 ad
2561 4577 2810 4645 culpam,
2854 4576 2947 4628 sed
3002 4575 3072 4628 ad
3125 4592 3374 4645 poenam.
3418 4578 3483 4629 Et
3512 4578 3573 4630 in
3605 4579 3703 4632 his
3740 4598 3857 4635 non

2144 4665 2569 4735 temporalium,
2603 4680 2788 4733 neque
2810 4679 2877 4716 ex
2909 4663 3102 4733 aliquo
3132 4670 3390 4734 tempore
3420 4665 3861 4737 inchoantium,

2145 4754 2240 4807 sed
2266 4754 2742 4823 sempiternarum
2784 4752 3227 4822 dispositionum
3268 4754 3368 4807 Dei
3414 4753 3859 4813 immutabilem

2146 4840 2408 4893 ordinem
2436 4839 2595 4893 nobis
2622 4838 3001 4892 demonstrari
3033 4839 3394 4906 conﬁrmant,
3445 4856 3546 4894 nec
3587 4842 3857 4913 aliquem

2146 4929 2456 4982 electorum
2489 4945 2653 4998 posse
2688 4928 2896 4998 perire,
2934 4944 3033 4981 nec
3062 4929 3248 4982 ullum
3292 4931 3679 4999 reproborum
3716 4950 3856 5003 pro-

2144 5022 2273 5087 pter
2325 5018 2595 5073 duritiam
2653 5024 2710 5070 et
2772 5017 3257 5087 imposnitentiam
3309 5019 3494 5073 cordis
3540 5021 3628 5072 sui
3680 5038 3855 5091 posse

2146 5106 2368 5160 salvari.
2415 5107 2531 5159 Hoc
2579 5110 2631 5158 et
2682 5105 3006 5159 divinarum
3040 5105 3461 5175 Scripturarum
3511 5110 3757 5170 veritas,
3802 5117 3860 5165 et

2145 5200 2488 5259 sanctorum,
2523 5198 2693 5264 atque
2748 5193 3199 5247 orthodoxorum
3248 5196 3480 5249 Patrum
3530 5200 3857 5253 auctoritas

2144 5287 2524 5337 consonanter
2553 5282 2920 5349 annuntiant,
2973 5281 3367 5336 indubitanter
3397 5284 3560 5337 nobis
3600 5288 3856 5341 creden-

2142 5370 2301 5434 dum,
2351 5369 2663 5422 tenendum
2708 5368 3015 5424 inculcant.
3062 5370 3425 5440 Quapropter
3457 5373 3589 5425 etsi
3629 5394 3654 5421 (ς
3691 5376 3853 5428 illius

2149 5457 2489 5512 miserabilis
2520 5457 2841 5511 monachi»
2888 5458 3248 5528 improbatur
3293 5459 3514 5525 levitas,
3551 5461 3851 5532 improba-
