4048 6170
201 216 215 264 l
230 211 340 263 005

1451 215 1654 270 LIBER
1697 216 1784 271 DE
1826 218 2080 274 TRIBUS
2120 219 2492 275 EPISTOLIS.

3569 228 3703 281 1006

195 349 296 396 tur
347 344 660 409 temeritas,
704 346 966 413 culpatur
1014 344 1342 414 importuna
1397 347 1726 415 loquacitas,
1782 362 1897 400 non
1935 346 2194 401 Asalvus
2227 347 2364 413 erit;
2397 349 2497 419 qui
2542 366 2673 404 vero
2706 366 2822 404 non
2852 349 3180 418 crediderit,
3225 352 3704 408 condemnabitur

192 429 331 484 ideo
356 431 549 485 divina
580 432 842 501 neganda
878 436 963 484 est
991 433 1198 485 veritas
1233 449 1244 484 :
1283 433 1416 502 quia
1439 433 1602 502 juxta
1645 434 1903 503 praemis-

193 533 325 572 sam
368 519 665 573 catholicae
712 519 846 574 ﬁdei
876 521 1158 574 rationem
1201 520 1564 590 omnipotens
1595 523 1743 576 Deus
1777 528 1903 575 ante

191 607 676 661 constitutionem
705 608 925 670 mundi,
962 616 1270 678 antequam
1307 609 1624 680 quidquam
1670 611 1897 674 faceret,

191 711 229 746 a
258 695 546 764 principio
578 695 744 748 certis
769 699 824 748 et
847 696 1039 766 justis,
1076 703 1245 766 atque
1277 697 1735 751 immutabilibus
1766 715 1902 752 cau-

192 783 278 835 sis
325 783 528 836 azterni
577 784 796 838 consilii
843 785 931 837 sui
977 786 1252 854 quosdam
1306 786 1796 855 praedestinaverit
1834 786 1902 840 ad

189 887 449 941 regnum
499 872 746 942 gratuita
790 873 1044 926 bonitate
1091 891 1212 938 sua,
1260 891 1326 926 ex
1372 875 1580 944 quibus
1626 891 1792 928 nemo
1833 875 1904 928 sit

189 960 496 1030 periturus
548 966 884 1031 protegente
929 961 1316 1015 misericordia
1361 979 1482 1022 sua,
1527 967 1582 1015 et
1626 964 1903 1034 quosdam

192 1049 696 1120 praedestinaverit
745 1049 816 1102 ad
847 1050 1144 1104 interitum
1185 1050 1340 1120 justo
1365 1051 1583 1120 judicio
1627 1069 1729 1106 suo
1770 1069 1902 1123 pro-

193 1145 332 1210 pter
365 1161 391 1188 ‹‹
420 1140 708 1203 meritum,
742 1140 891 1210 quod
924 1139 1207 1209 praescivit
1249 1140 1557 1210 impietatis
1588 1158 1784 1195 eorum
1823 1159 1834 1196 :
1873 1162 1902 1194 »

194 1244 264 1280 ex
294 1228 506 1298 quibus
541 1243 708 1281 nemo
739 1227 917 1298 possit
949 1227 1152 1282 salvari
1174 1245 1288 1281 non
1319 1234 1556 1298 propter
1578 1229 1903 1285 violentiam

193 1317 457 1387 aliquam
485 1316 690 1370 divina:
723 1317 1040 1386 potestatis,
1073 1317 1166 1370 sed
1200 1321 1436 1386 propter
1464 1317 1901 1388 indomabilem,

196 1411 255 1460 et
287 1412 752 1475 perseverantem
778 1405 1093 1476 nequitiam
1123 1407 1371 1476 proprias
1398 1407 1734 1476 iniquitatis.
1759 1409 1902 1472 Quid

194 1511 341 1564 ergo
377 1498 570 1561 restat,
605 1494 718 1547 nisi
749 1500 813 1548 ut
859 1495 905 1547 si
937 1495 1071 1564 quid
1113 1495 1277 1547 aliter
1312 1495 1626 1565 sapuimus,
1671 1498 1778 1550 hoc
1809 1515 1906 1552 no-

193 1585 310 1650 bis,
349 1585 463 1637 Deo
495 1584 800 1649 revelante,
831 1583 1126 1638 humiliter
1149 1584 1486 1649 abnuamus,
1523 1591 1579 1638 et
1599 1585 1906 1641 clarescen-

195 1680 322 1727 tem
357 1673 654 1727 veritatem
689 1673 934 1726 ﬁdeliter
965 1673 1381 1742 amplectamur
1417 1690 1428 1725 :
1464 1673 1618 1742 quia,
1656 1679 1717 1726 ut
1749 1677 1900 1746 Apo-

196 1761 388 1815 stolus
419 1762 600 1823 docet,
639 1780 664 1809 (ι
699 1776 814 1814 non
859 1761 1134 1815 debemus
1176 1777 1339 1829 posse
1372 1761 1586 1830 aliquid
1636 1762 1905 1815 adversus

199 1851 506 1903 veritatem
539 1849 634 1903 sed
671 1865 774 1920 pro
807 1850 1044 1902 veritate
1077 1849 1127 1918 (Ι
1157 1851 1285 1902 Cor.
1312 1865 1428 1915 χιιι,
1465 1852 1534 1902 8).
1564 1870 1590 1899 ι)

883 1988 1105 2042 CAPUT
1144 1989 1226 2042 ΧΙ.

202 2095 286 2147 De
315 2095 592 2147 voluntate
626 2096 735 2148 Dei.
771 2125 837 2132 —
868 2096 1037 2148 Locus
1070 2095 1449 2163 difﬁcillimus.
1488 2095 1596 2159 Qui
1629 2095 1750 2148 vult
1781 2111 1902 2147 om-

275 2181 377 2217 nes
423 2166 684 2218 homines
733 2167 917 2218 salvos
957 2165 1081 2218 ﬁeri
1126 2183 1159 2217 α
1206 2167 1462 2219 Patribus
1507 2171 1743 2235 quatuor
1786 2181 1901 2219 mo-

273 2236 362 2289 dis
389 2238 722 2304 explicatur.

274 2372 551 2442 Sequitur
592 2371 652 2426 in
690 2373 810 2443 jam
859 2372 1008 2426 dicta
1050 2372 1297 2442 Epistola
1352 2373 1650 2443 praefatum
1703 2391 1904 2428 mona-

198 2460 377 2514 chum
409 2460 620 2514 dixisse
656 2466 826 2532 atque
858 2461 1117 2514 docuisse
1153 2481 1162 2514 :
1204 2485 1223 2509 ι
1257 2462 1413 2524 Quod
1453 2463 1600 2514 Deus
1635 2480 1749 2516 non
1785 2464 1904 2517 vult

199 2565 407 2602 omnes
435 2549 699 2603 homines
742 2551 927 2604 salvos
957 2550 1102 2622 ﬁeri,
1141 2550 1235 2603 sed
1267 2567 1361 2603 eos
1407 2555 1627 2604 tantum
1661 2552 1760 2621 qui
1787 2553 1900 2605 sal-

201 2643 417 2691 vantur
443 2661 471 2687 »
509 2654 520 2691 :
556 2642 611 2692 et
639 2639 796 2709 quod
824 2638 959 2692 dicit
987 2640 1314 2708 Apostolus,
1354 2661 1380 2686 ‹‹
1417 2639 1516 2710 qui
1547 2641 1666 2693 vult
1706 2656 1902 2694 omnes

200 2725 471 2779 homines
504 2726 687 2780 salvos
735 2726 860 2780 fieri
899 2727 946 2797 (Ι
975 2729 1110 2780 Tim.
1146 2744 1203 2792 ιι,
1234 2728 1311 2797 4),
1362 2747 1387 2777 »
1429 2729 1557 2782 illos
1588 2729 1699 2782 dici
1728 2745 1903 2784 omnes

207 2814 310 2885 qui
345 2819 567 2868 tantum
601 2816 907 2869 salvantur.

281 2905 411 2956 Haec
456 2908 646 2957 autem
697 2903 935 2975 quaestio
964 2903 1126 2958 valde
1169 2905 1460 2974 perplexa,
1505 2909 1562 2958 et
1590 2905 1646 2958 in
1679 2910 1900 2959 sancto-

203 3008 336 3044 rum
371 2993 602 3045 Patrum
634 2992 859 3061 scriptis
887 2993 1129 3045 mnltum
1160 2997 1402 3058 versata,
1437 2998 1490 3046 et
1513 2993 1905 3062 multipliciter

204 3081 483 3150 exposita,
519 3096 635 3134 non
664 3081 822 3135 vobis
851 3081 1073 3135 videtur
1101 3081 1529 3151 praecipitanter
1551 3081 1900 3149 deﬁnienda,

204 3169 306 3222 sed
361 3169 704 3237 cautissime,
753 3174 807 3223 et
863 3170 1192 3223 ﬁdelissime
1240 3170 1673 3239 perscrutanda,
1729 3173 1900 3239 atque

202 3258 630 3328 pertractanda,
675 3262 728 3312 et
759 3273 827 3311 ex
869 3257 994 3311 aliis
1032 3257 1296 3312 videlicet
1343 3258 1650 3327 Scriptura:
1693 3261 1902 3310 sanctae

205 3345 700 3400 manifestioribus
730 3345 868 3399 locis
900 3346 1108 3416 quibus
1142 3347 1265 3416 ejus
1300 3346 1614 3400 obscuritas
1653 3345 1900 3399 illustre-

204 3441 323 3501 tur,
356 3442 414 3488 et
443 3451 509 3488 ex
558 3440 832 3504 paternas,
884 3441 948 3488 ut
989 3434 1202 3488 dictum
1253 3439 1357 3501 est,
1408 3434 1766 3488 auctoritatis
1814 3450 1906 3488 ex-

203 3524 612 3594 positionibus,
647 3529 703 3578 et
733 3540 794 3577 ex
827 3524 950 3594 ipsa
981 3522 1114 3577 ﬁdei
1145 3523 1383 3577 ratione.

277 3622 303 3646 ⁸
334 3613 524 3667 Primo
558 3613 752 3683 itaque
783 3613 892 3666 hoc
941 3612 1246 3666 dicendum
1281 3611 1431 3682 quod
1477 3610 1802 3664 ﬁrmissime
1834 3610 1907 3664 sit

203 3702 579 3768 credendum,
615 3707 670 3755 et
698 3702 1024 3755 nullatenus
1054 3701 1459 3767 dubitandum,
1491 3700 1640 3769 quod
1667 3702 1905 3770 Aposto-

201 3791 294 3844 lus
326 3790 548 3844 Christo
599 3790 655 3843 in
707 3806 765 3843 se
809 3790 1080 3859 loquente
1131 3793 1369 3842 testatur
1398 3793 1454 3841 et
1501 3788 1772 3857 praedicat
1817 3787 1904 3841 di-

202 3894 341 3932 cens
371 3877 438 3932 de
468 3879 582 3931 Deo
613 3895 626 3931 :
665 3901 686 3926 a
725 3878 832 3941 Qui
861 3880 979 3931 vult
1009 3893 1208 3930 omnes
1247 3876 1512 3930 homines
1542 3877 1723 3928 salvos
1755 3875 1899 3944 ﬁeri,

204 3972 262 4020 et
294 3966 364 4019 ad
397 3967 746 4036 agnitionem
783 3965 1035 4020 veritatis
1081 3965 1273 4018 venire
1301 3965 1355 4030 (Ι
1384 3967 1521 4018 Tim.
1567 3980 1624 4029 ιι,
1659 3964 1738 4034 4).
1777 3984 1798 4012 ι
1838 3964 1903 4017 Et

205 4060 402 4108 tamen
447 4054 810 4108 manifestum
843 4061 929 4107 est
971 4069 1088 4107 non
1120 4070 1318 4107 omnes
1351 4053 1576 4119 salvari,
1621 4069 1749 4107 cum
1781 4053 1904 4122 ipsa

207 4143 426 4197 Veritas
462 4145 635 4210 dicat,
681 4145 1007 4198 discernens
1039 4144 1190 4197 inter
1233 4161 1329 4196 eos
1375 4143 1474 4213 qui
1521 4144 1812 4196 salvantur
1849 4148 1906 4198 et

204 4235 308 4305 qui
331 4234 783 4288 condemnantur
806 4251 818 4287 :
848 4255 875 4283 «
899 4233 1007 4298 Qui
1029 4232 1338 4287 crediderit
1361 4238 1415 4285 et
1435 4233 1752 4302 baptizatus
1774 4233 1902 4300 erit,

1947 1651 1985 1702 Β

1943 2948 1982 3002 C

2013 433 2205 503 (Marc.
2239 452 2348 503 XVI,
2387 438 2498 506 16).
2537 461 2561 486 n
2591 439 2780 508 Neque
2807 457 2832 488 α
2859 455 3058 492 omnes
3081 439 3147 492 ad
3179 439 3532 509 agnitionem
3566 441 3706 495 veri-

2013 522 2144 574 tatis
2184 523 2378 577 venire
2409 527 2463 595 (Ι
2508 526 2648 578 Tim.
2684 543 2742 591 ιι,
2775 526 2850 595 4),
2888 546 2914 576 ι)
2952 527 3060 579 nisi
3105 543 3200 579 eos
3231 528 3403 596 solos,
3450 530 3549 598 qui
3582 546 3706 600 my-

2013 611 2249 664 sterium
2306 613 2407 666 Dei
2455 615 2654 680 Patris,
2711 620 2766 668 et
2817 615 3100 684 unigeniti
3148 615 3273 669 Filii
3323 617 3466 686 ejus,
3513 623 3568 670 et
3616 617 3708 672 hic

2013 699 2351 768 agnoverint
2395 717 2499 770 per
2527 703 2718 766 ﬁdem,
2757 707 2810 756 et
2840 703 2898 756 in
2931 704 3123 756 futuro
3169 704 3356 758 videre
3389 707 3708 760 meruerint

2011 803 2114 856 per
2164 789 2411 858 speciem
2449 807 2460 843 :
2491 790 2634 843 sicut
2668 791 2868 844 eadem
2916 793 3131 845 Veritas
3162 793 3228 846 ad
3264 795 3486 847 Patrem
3519 794 3658 848 dicit
3690 812 3702 848 :

2017 898 2037 924 ‹
2071 877 2140 929 Ut
2188 893 2358 931 omne
2387 880 2540 948 quod
2590 880 2795 932 dedisti
2827 880 2898 946 ei,
2950 881 3044 934 det
3073 883 3152 934 eis
3204 882 3376 936 vitam
3408 889 3701 938 aeternam.

2014 966 2145 1019 Haec
2179 971 2258 1020 est
2291 973 2481 1021 autem
2522 969 2636 1022 vita
2673 973 2905 1033 aeterna,
2954 975 3015 1022 ut
3045 976 3389 1037 cognoscant
3434 976 3488 1024 te
3519 973 3705 1026 solum

2011 1069 2208 1108 verum
2243 1055 2422 1108 Deum
2456 1061 2510 1108 et
2542 1073 2714 1126 quem
2749 1057 2950 1110 misisti
2980 1058 3171 1110 Jesum
3207 1057 3490 1112 Christum
3525 1062 3701 1126 (Joan.

2012 1155 2142 1206 xvu,
2179 1143 2229 1206 2,
2267 1142 2338 1211 3).
2375 1165 2397 1191 ι
2445 1142 2738 1206 Quomodo
2772 1160 2908 1212 ergo
2955 1145 3322 1213 omnipotens
3377 1147 3542 1212 Deus,
3585 1168 3612 1198 (ι
3651 1153 3708 1201 et

2013 1245 2212 1284 omnes
2246 1229 2510 1283 homines
2533 1232 2715 1285 salvos
2745 1231 2873 1284 ﬁeri
2897 1233 3032 1298 vult,
3062 1238 3230 1303 atque
3257 1235 3326 1287 ad
3349 1235 3706 1305 agnitionem

2011 1317 2266 1371 veritatis
2305 1319 2520 1384 venire,
2571 1341 2596 1366 η
2634 1324 2689 1372 et
2737 1325 2929 1373 tamen
2978 1337 3092 1374 non
3147 1337 3344 1375 omnes
3394 1324 3704 1390 salvantur,

2015 1423 2115 1460 nec
2147 1407 2384 1461 veniunt
2414 1409 2479 1460 ad
2514 1408 2658 1461 hanc
2688 1409 3063 1478 agnitionem,
3090 1427 3219 1462 cum
3253 1411 3386 1464 alibi
3419 1411 3709 1482 Scriptura

2013 1495 2161 1548 dicat
2205 1512 2219 1548 :
2265 1517 2291 1545 «
2343 1496 2543 1550 Omnia
2593 1513 2951 1567 quacunque
3001 1498 3199 1559 voluit,
3252 1499 3530 1551 Dominus
3579 1498 3711 1551 fecit

2013 1584 2187 1653 (Psal.
2222 1600 2368 1649 cxin,
2403 1584 2478 1651 3),
2513 1605 2538 1636 ))
2579 1601 2679 1637 cur
2721 1585 2912 1655 itaque
2944 1585 3052 1638 hoc
3095 1586 3271 1639 voluit
3301 1592 3356 1638 et
3389 1603 3504 1640 non
3554 1586 3708 1652 fecit,

2017 1671 2114 1740 qui
2149 1670 2339 1723 omnia
2370 1687 2728 1740 quaecunque
2761 1672 2942 1724 voluit
2967 1670 3144 1724 fecit?

2087 1759 2244 1811 Hunc
2295 1758 2762 1812 obscurissimum
2825 1765 2880 1812 et
2926 1759 3330 1812 difﬁcillimum
3388 1761 3594 1826 locum,
3652 1760 3710 1814 in

2015 1851 2295 1916 quantum
2331 1852 2541 1900 nostrae
2573 1845 2902 1916 pnsillitatis
2930 1846 3225 1900 memorias
3265 1845 3525 1913 occurrit,
3562 1863 3709 1916 qua-

2015 1939 2149 1987 tuor
2177 1935 2364 1988 modis
2393 1935 2453 1987 in
2506 1935 2732 2004 scriptis
2763 1935 3174 1988 catholicorum
3217 1937 3449 1989 Patrum
3481 1935 3712 1988 inveni-

2015 2038 2142 2075 mus
2195 2023 2580 2093 explanatum,
2639 2022 2900 2076 videlicet
2950 2027 3012 2074 ut
3053 2024 3136 2075 vel
3187 2021 3268 2075 ita
3314 2022 3709 2092 intelligamus

2015 2111 2231 2165 dictum
2267 2128 2280 2163 :
2320 2134 2339 2160 ι
2373 2112 2479 2175 Qui
2510 2112 2631 2165 vult
2657 2128 2856 2164 omnes
2898 2111 3162 2164 homines
3191 2112 3372 2164 salvos
3407 2112 3555 2178 ﬁeri,
3590 2133 3616 2158 ››
3651 2116 3712 2164 ut

2013 2215 2190 2252 omnes
2224 2202 2458 2253 homines
2505 2200 2698 2253 omnia
2740 2201 3044 2254 hominum
3091 2216 3302 2269 genera
3340 2199 3707 2269 accipiamus,

2015 2287 2068 2340 id
2121 2291 2204 2340 est
2247 2288 2576 2341 Judaaorum
2625 2293 2680 2341 et
2727 2289 3006 2359 gentium,
3059 2288 3372 2342 liberorum
3417 2294 3472 2342 et
3515 2305 3708 2342 servo-

2015 2392 2166 2442 rum,
2217 2377 2470 2429 virorum
2501 2382 2555 2430 et
2601 2378 2930 2444 mulierum,
2977 2377 3218 2430 divitum
3269 2382 3323 2430 et
3363 2393 3705 2447 pauperum,

2014 2463 2293 2518 nobilium
2328 2469 2384 2518 et
2410 2465 2774 2536 ignobilium,
2807 2472 2863 2519 et
2895 2481 3252 2536 quaecunque
3286 2465 3617 2535 hujusmodi
3643 2481 3708 2518 ex

2013 2552 2171 2604 omni
2203 2569 2412 2621 genere
2443 2553 2741 2606 hominum
2791 2555 2988 2620 salvat,
3024 2560 3079 2606 et
3122 2554 3190 2606 ad
3226 2553 3582 2622 agnitionem
3615 2569 3712 2606 ve-

2013 2641 2197 2694 ritatis
2241 2641 2504 2711 perducit
2533 2657 2635 2712 per
2687 2641 2994 2694 Dominum
3035 2642 3226 2694 Jesum
3281 2641 3565 2694 Christum
3611 2640 3711 2711 qui

2013 2729 2073 2782 in
2123 2730 2430 2800 Evangelio
2473 2729 2608 2784 dicit
2645 2746 2656 2783 :
2699 2749 2725 2779 ‹‹
2761 2729 2957 2784 Simile
3007 2735 3089 2782 est
3141 2745 3385 2798 regnum
3433 2730 3710 2783 ccelorum

2014 2834 2238 2886 sagenae
2280 2819 2467 2872 missas
2502 2819 2562 2871 in
2592 2835 2770 2882 mare,
2822 2824 2877 2871 et
2908 2834 2970 2871 ex
3005 2818 3162 2871 omni
3211 2833 3422 2886 genere
3470 2818 3708 2888 piscium

2016 2905 2386 2974 congreganti
2418 2907 2635 2975 (Matth.
2684 2921 2800 2972 xm,
2836 2907 2945 2973 4‘7).
2985 2926 3006 2952 ι
3043 2907 3152 2958 lsto
3188 2921 3435 2974 namque
3462 2905 3710 2958 locutio-

2015 2993 2102 3045 nis
2137 2994 2300 3046 modo
2331 2993 2449 3062 ipse
2484 2993 2761 3046 Dominus
2799 2994 2856 3045 in
2889 2993 3193 3062 Evangelio
3228 2993 3364 3046 dicit
3397 3008 3410 3045 :
3441 3011 3468 3042 (ι
3507 2993 3572 3044 Et
3602 3008 3708 3062 ego

2015 3081 2078 3133 si'
2109 3082 2387 3135 exaltatus
2448 3081 2610 3135 fuero
2660 3099 2692 3134 a
2747 3087 2916 3149 terra,
2985 3081 3177 3134 omnia
3224 3083 3444 3134 traham
3499 3081 3568 3133 ad
3619 3096 3708 3134 me

2015 3169 2191 3236 (Joan.
2222 3185 2318 3235 xu,
2359 3170 2470 3238 32).
2507 3189 2533 3219 »
2567 3170 2865 3233 Quomodo
2899 3171 3054 3224 enim
3087 3186 3190 3238 per
3218 3169 3542 3239 passionem
3573 3185 3707 3224 cru-

2011 3259 2112 3322 cis,
2162 3259 2221 3311 in
2269 3274 2383 3328 qua
2427 3258 2697 3311 cxaltatus
2748 3263 2851 3323 est,
2903 3259 3094 3311 omnia
3140 3259 3312 3310 traxit
3353 3257 3419 3311 ad
3474 3274 3554 3323 se,
3608 3257 3708 3326 qui

2012 3347 2150 3401 alibi
2179 3347 2314 3400 dicit
2346 3363 2358 3400 :
2391 3366 2418 3397 ιι
2447 3347 2623 3400 Nemo
2672 3352 2857 3416 potest
2894 3346 3090 3400 venire
3133 3347 3200 3399 ad
3235 3362 3347 3410 me,
3401 3345 3509 3398 nisi
3543 3347 3710 3400 Pater

2014 3437 2115 3506 qui
2164 3435 2324 3490 misit
2367 3451 2460 3489 me
2508 3435 2744 3488 traxerit
2773 3436 2954 3489 eum?
2985 3455 3011 3485 »
3062 3435 3251 3504 (Joan.
3299 3450 3368 3497 v1,
3399 3434 3512 3504 44.)
3545 3434 3710 3498 Quod

2013 3525 2212 3595 utique
2257 3525 2324 3578 de
2359 3524 2493 3578 solis
2523 3523 2785 3578 ﬁdelibus
2817 3524 3254 3595 intelligendum
3288 3528 3408 3591 est;
3460 3523 3558 3576 sed
3593 3540 3710 3576 om-

2015 3614 2110 3667 nia
2139 3614 2205 3667 ad
2243 3630 2300 3666 se
2332 3614 2510 3666 trahit
2557 3614 2654 3683 qui
2689 3629 2755 3666 ex
2786 3613 2965 3680 omni,
3005 3619 3070 3666 ut
3101 3612 3314 3665 dictum
3347 3615 3448 3675 est,
3499 3627 3709 3680 genere

2013 3702 2314 3756 hominum
2362 3701 2666 3755 Ecclesiam
2714 3718 2875 3754 suam
2907 3701 3145 3770 colligit,
3198 3707 3254 3754 et
3286 3699 3523 3769 perﬁcit.
3555 3701 3711 3754 Sicut

2013 3791 2186 3844 etiam
2223 3789 2366 3843 illud
2395 3790 2464 3843 ab
2493 3791 2759 3860 Apostolo
2792 3791 3003 3843 dictum
3029 3796 3113 3843 est
3144 3805 3156 3842 :
3197 3808 3219 3840 α
3248 3789 3534 3843 Conclusit
3554 3789 3709 3843 enim

2016 3879 2162 3932 Deus
2190 3878 2383 3931 omnia
2413 3878 2466 3930 in
2515 3877 2930 3944 incredulitate,
2968 3883 3028 3931 ut
3060 3876 3318 3930 omnium
3365 3877 3710 3930 misereatur

2014 3967 2184 4037 (Rom.
2234 3983 2306 4034 χι,
2337 3967 2452 4037 32),
2487 3985 2513 4017 »
2566 3967 2854 4036 quomodo
2904 3966 3056 4019 enim
3105 3965 3366 4018 omnium
3403 3965 3708 4019 miseretur

2015 4061 2233 4109 mter-na
2290 4055 2388 4108 illa
2435 4054 2824 4122 miseratione,
2878 4071 2990 4124 qua
3038 4055 3244 4107 electos
3290 4069 3420 4107 suos
3471 4075 3492 4102 ι
3540 4053 3710 4107 Coro-

2015 4149 2112 4198 nat
2162 4143 2578 4209 misericordia,
2614 4148 2669 4196 et
2713 4143 3178 4196 miserationibus
3227 4142 3392 4212 (Psal.
3437 4158 3528 4208 cu,
3564 4143 3640 4212 4),
3678 4160 3705 4193 »

2017 4233 2116 4304 qui
2147 4233 2367 4287 occulta
2398 4231 2771 4302 dispositione
2800 4230 3002 4301 judicii
3042 4230 3151 4291 sui,
3185 4250 3211 4281 (ι
3242 4231 3415 4300 Cujus
3445 4231 3564 4284 vult
3595 4230 3706 4284 mi-

1276 4361 1474 4416 ΝΟΤᾸΕ
1514 4361 1840 4416 DUVALLII
1881 4361 2220 4418 DOCTORIS
2258 4361 2643 4418 SORBONICI.

276 4461 597 4538 {Qpatuol
629 4459 1292 4538 explicationes-profert
1323 4457 1724 4538 propositionis
1754 4461 1903 4538 Apo-
1947 4461 1988 4513 D
2016 4459 2213 4528 ptione
2241 4459 2532 4538 etpratia,
2563 4476 2684 4538 cap:
2726 4460 2788 4538 l4
2818 4463 2872 4511 et
2903 4458 3094 4538 2'2;ude
3116 4457 3309 4538 Civit.,
3343 4475 3465 4538 cap.
3503 4461 3616 4538 tet
3644 4462 3710 4538 2;

202 4531 337 4586 stoli
371 4531 390 4583 Ι
420 4532 488 4583 ad
537 4531 788 4584 Timoth.
841 4547 878 4584 ιι
916 4545 927 4583 :
967 4552 992 4577 ‹‹
1039 4531 1168 4583 Vult
1218 4531 1368 4584 Deus
1399 4545 1598 4582 omnes
1642 4530 1903 4582 homines

201 4604 392 4656 salvos
420 4602 627 4669 facere,
659 4608 714 4655 et
746 4601 817 4654 ad
849 4601 1204 4671 agnitionem
1237 4600 1486 4654 veritatis
1516 4601 1833 4670 pervenire.
1873 4620 1894 4646 ι

202 4675 344 4728 Tres
383 4673 600 4741 priores
649 4672 1014 4725 commendat
1043 4675 1100 4725 et
1129 4676 1390 4740 quartam
1433 4676 1709 4741 tanquam
1751 4671 1904 4741 Pela7

203 4740 438 4815 gianam
461 4742 834 4815 condemnat.
872 4742 1238 4815 Verumﬂlicet
1275 4743 1469 4815 prima
1497 4740 1568 4794 sit
1598 4740 1904 4815 Augustini

203 4812 265 4869 in
296 4813 644 4874 Enchiridio,
695 4829 818 4882 cap.
858 4815 975 4878 103,
1027 4812 1399 4866 nihilominus
1446 4817 1688 4882 propter
1730 4813 1904 4881 hujus

202 4885 487 4954 temporis
518 4885 816 4937 haereticos
833 4899 1148 4952 parumper
1173 4889 1254 4936 est
1274 4883 1614 4952 periculosa.
1644 4884 1712 4936 Ut
1743 4884 1898 4935 enim

202 4955 448 5025 impiam
501 4971 660 5008 suam
717 4955 786 5007 de
843 4954 1244 5024 reprobatione
1303 4954 1634 5025 opinionem
1688 4957 1906 5025 astruat

203 5024 476 5081 Calvinus
517 5041 593 5092 ιιι,
645 5025 912 5089 Institut.,
955 5042 998 5079 c.
1056 5026 1138 5085 l4.
1172 5025 1328 5077 illam
1381 5024 1518 5077 dicit
1557 5024 1633 5076 ita
1685 5024 1900 5075 intelli-

204 5097 456 5167 gendam
507 5097 575 5149 de
607 5097 913 5166 generibus
944 5095 1157 5148 scilicet
1189 5095 1569 5163 singulorum,
1604 5099 1660 5147 et
1691 5110 1805 5147 non
1834 5094 1904 5147 de

205 5168 456 5237 singulis
487 5183 761 5236 generum
794 5183 805 5220 :
841 5167 919 5220 ita
949 5171 1012 5219 ut
1043 5168 1187 5220 Deus
1219 5182 1284 5218 ex
1334 5167 1490 5219 omni
1524 5181 1680 5230 sexu,
1715 5169 1897 5237 aetate,

202 5236 535 5292 conditione
567 5244 623 5291 et
664 5242 831 5304 statu,
882 5237 1104 5307 aliquos
1135 5238 1409 5290 duntaxat
1457 5238 1670 5307 salvare
1713 5236 1903 5307 volue-

202 5311 301 5376 rit,
339 5315 681 5363 nontamen
730 5324 931 5362 omnes
975 5306 1033 5360 et
1059 5308 1334 5378 singulos.
1388 5306 1650 5361 Secunda
1689 5306 1904 5378 pariter

203 5388 293 5435 est
343 5380 650 5449 Augustini
698 5380 818 5433 loco
871 5380 1041 5433 citato
1094 5376 1424 5444 Erichiridii,
1475 5377 1736 5449 Prosperi
1786 5376 1906 5449 epi-

200 5452 359 5506 stola
393 5447 464 5504 ad
511 5451 805 5515 Ruﬁnum,
839 5456 893 5503 et
935 5450 993 5503 in
1028 5449 1399 5518 responsione
1445 5453 1639 5501 octava
1673 5447 1739 5500 ad
1785 5447 1904 5516 epi-

199 5537 414 5592 scopos
446 5522 658 5575 Galliae.
706 5521 894 5575 Tertia
942 5521 1198 5588 ejusdem
1245 5518 1548 5588 Augustini
1581 5519 1651 5572 de
1705 5518 1904 5572 Corre-

2013 4545 2118 4584 nec
2146 4547 2264 4583 non
2307 4533 2370 4583 D.
2403 4532 2636 4583 Thomas
2668 4529 2726 4581 in
2765 4532 2952 4581 locum
2999 4528 3159 4581 illum
3190 4530 3467 4597 Apostoli.
3503 4530 3712 4593 Quarta

2014 4618 2080 4653 eo
2115 4602 2285 4654 modo
2318 4617 2432 4670 quo
2486 4600 2802 4669 explicatur
2831 4598 2898 4650 ab
2932 4599 3187 4670 Ecclesia
3220 4599 3584 4669 Lugdunensi
3617 4615 3710 4652 ex-

2013 4671 2298 4741 plodenda
2331 4669 2414 4724 est
2448 4687 2460 4723 :
2492 4676 2709 4724 certum
2745 4674 2830 4722 est
2852 4669 3004 4722 enim
3038 4670 3216 4722 Deum
3242 4687 3355 4724 non
3391 4674 3711 4739 exspectare

2014 4747 2238 4795 nostras
2273 4742 2592 4794 voluntates
2641 4741 2728 4792 vel
2760 4742 3217 4809 cooperationem
3261 4741 3612 4804 earumdem,
3647 4745 3712 4792 ut

2016 4813 2351 4883 simpliciter
2368 4818 2423 4865 et
2441 4813 2696 4864 absolute
2721 4816 2978 4863 nostrum
3005 4812 3264 4864 omnium
3289 4812 3529 4864 salutem
3554 4810 3707 4861 velit.

2017 4883 2074 4937 Si
2105 4890 2299 4936 tamen
2332 4884 2409 4935 ita
2455 4887 2797 4951 exponetur,
2835 4887 2898 4934 ut
2945 4883 3094 4934 Deus
3140 4883 3431 4934 voluntate
3479 4885 3708 4951 antece-

2015 4955 2183 5008 dente
2216 4970 2415 5008 omnes
2447 4950 2664 5006 salvare
2703 4953 2858 5016 velit,
2893 4954 3028 5023 quia
3059 4951 3400 5004 sufficientia
3445 4950 3711 5023 omnibus

2015 5033 2070 5078 et
2100 5024 2343 5094 singulis
2378 5024 2567 5077 media
2615 5025 2681 5077 ad
2716 5021 2960 5077 salutem
2992 5024 3230 5094 confert,
3264 5021 3706 5094 verumLpium,

2012 5091 2352 5149 catholicum
2375 5100 2432 5148 et
2458 5095 2614 5147 nullo
2637 5094 2804 5148 modo
2833 5093 3197 5161 Pelagiannm
3245 5107 3473 5144 sensum
3503 5091 3706 5144 habet:

2015 5167 2160 5220 hanc
2205 5166 2359 5218 enim
2407 5171 2562 5219 tenet
2615 5165 2947 5218 Ambrosius
2995 5164 3244 5214 secundo
3295 5163 3362 5215 de
3409 5161 3711 5215 Vocatione

2015 5237 2297 5306 gentium,
2335 5252 2458 5305 cap.
2501 5240 2548 5296 l,
2585 5239 2616 5288 6
2648 5243 2704 5289 et
2738 5239 2800 5288 lO
2826 5235 3117 5306 ;7Prosper
3145 5234 3212 5286 ad
3257 5232 3499 5301 primam
3535 5239 3588 5306 et
3619 5247 3711 5306 se-

2018 5303 2265 5361 cundam
2317 5303 2610 5362 Gallorum
2664 5305 3066 5374 ohjectionem,
3137 5319 3448 5373 omnesque
3498 5303 3712 5374 schola-

2018 5379 2142 5432 stici
2188 5379 2244 5432 in
2299 5379 2485 5447 prima
2533 5373 2802 5440 distinct,
2855 5377 2943 5439 46,
2990 5373 3157 5427 unico
3207 5379 3441 5442 cxcopto
3500 5373 3708 5426 Arimi-

2017 5465 2200 5502 ηρηει.
