4048 6170
350 221 483 273 1007

1476 216 1527 270 S.
1571 214 1843 271 REMIGII
1889 215 2379 273 LUGDUNENSIS
2420 217 2735 273 EPISCOPI

3722 219 3864 270 l008

348 354 588 416 seretur,
620 353 678 402 et
723 364 895 418 quem
943 347 1061 400 vult
1104 346 1335 400 indurat
1383 345 1563 415 (Rom.
1598 362 1676 411 Ix,
1724 348 1834 413 l8),
1868 364 1896 395 ι)
1931 345 2040 398 nisi
2079 350 2123 400 A
2152 347 2359 400 Psalmi
2404 347 2590 401 verbis
2620 348 2689 401 de
2735 362 2907 417 opere
2954 347 3361 401 misericordias
3398 348 3497 401 Dei
3582 348 3664 401 ita
3713 350 3869 402 etin

347 440 484 509 quia
519 443 607 508 (ut
641 438 853 491 dictum
885 436 986 505 est)
1020 435 1177 488 omni
1225 434 1531 488 hominum
1567 435 1764 504 generi
1812 434 2047 488 misere-

349 536 463 584 tur.
498 527 658 591 Quod
702 528 761 579 in
796 525 1019 578 duobus
1062 523 1289 594 populis
1332 523 1660 577 Iudaeorum
1707 523 1938 589 scilicet,
1990 527 2047 576 et

350 616 609 686 gentium
656 613 1000 666 continetur.
1058 614 1135 666 De
1168 611 1395 682 quibus,
1446 616 1507 664 ut
1535 611 1645 664 hoc
1695 611 1925 677 diceret,
1960 627 2048 665 su-

348 722 453 777 pra
479 702 821 773 loquebatur
848 702 1171 772 Apostolus.

420 795 531 845 Aut
557 792 635 844 ita
665 790 1012 860 accipiamus
1044 789 1259 842 dictum
1295 803 1307 840 :
1345 787 1453 851 Qui
1481 788 1603 842 vult
1630 803 1831 840 omnes
1860 787 2050 840 homi-

348 895 452 933 nes
501 879 683 933 salvos
724 878 870 945 ﬁeri,
914 881 978 929 ut
1017 876 1143 929 illos
1188 877 1336 929 solos
1376 876 1581 928 salvari
1630 875 2044 945 intelligamus,

348 970 499 1033 Quos
529 969 652 1037 ipse
694 967 909 1020 salvare
956 964 1220 1032 voluerit,
1272 964 1328 1017 id
1377 970 1461 1017 est
1506 980 1619 1017 non
1652 964 1803 1034 quod
1850 980 2048 1017 omnes

348 1059 661 1121 salvantur,
696 1055 791 1109 sed
823 1054 974 1125 quod
1003 1069 1190 1117 nemo,
1220 1052 1333 1105 nisi
1369 1052 1756 1106 miserationis
1788 1053 1912 1122 ejus
1942 1068 2044 1105 vo-

349 1148 567 1200 luntate
614 1145 881 1207 salvetur,
928 1142 998 1195 de
1047 1157 1159 1211 quo
1205 1142 1500 1194 Psalmista
1541 1141 1723 1195 dicit:
1758 1160 1785 1190 «
1820 1141 2046 1195 Salvum

350 1251 444 1289 me
482 1233 633 1299 fecit,
687 1231 961 1302 quoniam
1005 1231 1184 1283 voluit
1213 1230 1385 1299 (Psal.
1435 1246 1562 1294 xvu,
1597 1228 1723 1300 20);
1774 1248 1801 1279 ι)
1836 1233 1893 1283 et
1939 1228 2048 1282 ite-

350 1339 481 1377 rum
515 1339 526 1375 :
564 1343 591 1369 «
626 1322 689 1374 Et
721 1320 833 1372 vita
860 1319 918 1371 in
963 1318 1259 1372 voluntate
1311 1317 1435 1387 ejus
1482 1318 1654 1385 (Psal.
1706 1332 1853 1383 χχιιι,
1903 1316 1980 1386 6).
2020 1337 2041 1363 ιο

352 1414 460 1466 Iste
491 1409 643 1463 enim
691 1406 992 1461 locutionis
1026 1406 1229 1459 modus
1273 1407 1330 1459 in
1360 1406 1547 1458 verbis
1591 1406 1845 1475 Apostoli
1874 1404 2047 1458 etiam

353 1499 477 1552 aliis
509 1498 644 1551 locis
665 1494 971 1559 invenitur,
1006 1494 1151 1547 sicut
1181 1499 1266 1547 est
1295 1494 1437 1546 illud
1467 1511 1478 1547 :
1516 1515 1543 1542 ‹‹
1575 1493 1729 1548 Sicut
1757 1508 1859 1563 per
1882 1493 2049 1545 unius

351 1586 600 1640 hominis
647 1584 916 1638 delictum
946 1583 1005 1636 in
1051 1599 1251 1636 omnes
1297 1583 1562 1636 homines
1594 1583 1649 1634 in
1699 1582 2047 1635 condemna-

353 1677 591 1739 tionem,
627 1674 706 1727 ita
735 1678 792 1726 ct
820 1688 924 1742 per
955 1672 1127 1725 unius
1160 1672 1410 1724 hominis
1442 1669 1725 1740 justitiam
1757 1670 1817 1723 in
1853 1686 2051 1723 omnes

349 1763 610 1817 homines
640 1762 699 1815 in
723 1761 1195 1831 justiﬁcationem
1248 1761 1380 1813 vitae
1417 1760 1589 1826 (Rom.
1623 1775 1676 1826 v,
1716 1762 1821 1825 18).
1856 1778 1882 1809 »
1917 1758 2061 1821 Quo-

352 1852 523 1906 modo
556 1851 711 1904 enim
742 1866 843 1919 per
870 1849 1041 1902 unius
1072 1848 1326 1902 hominis
1362 1848 1672 1917 justitiam,
1707 1847 1763 1900 id
1793 1851 1877 1899 est
1902 1846 2059 1903 Chri-

349 1940 440 2007 sti,
474 1941 531 1993 in
564 1955 765 1993 omnes
795 1938 1060 1992 homines
1088 1937 1147 1990 in
1189 1936 1656 2008 justiﬁcationem
1702 1936 1829 1989 vita:
1863 1934 1890 1989 ?
1923 1950 2053 1989 cum

348 2028 810 2083 manifestissime
860 2044 979 2080 non
1036 2042 1235 2080 omnes
1286 2026 1552 2079 homines
1612 2040 1719 2095 per
1772 2023 2056 2093 justitiam

350 2118 558 2174 Christi
601 2116 1005 2186 justiﬁcentur,
1055 2120 1113 2168 et
1161 2115 1522 2168 viviﬁcentur
1577 2112 1637 2165 in
1702 2113 1944 2166 Christo.
1994 2112 2059 2164 Et

346 2212 541 2262 tamen
570 2205 865 2259 verissime
888 2204 1033 2258 dixit
1054 2204 1366 2272 Apostolus
1392 2219 1405 2255 :
1433 2221 1461 2253 α
1486 2204 1591 2256 Per
1615 2201 1782 2255 unius
1803 2199 2058 2255 hominis

342 2296 627 2365 justitiam
694 2295 753 2348 in
826 2309 1027 2347 omnes
1107 2292 1371 2345 homines
1448 2291 1509 2345 in
1581 2290 2056 2361 justiﬁcationem

348 2386 500 2451 vitae,
535 2404 562 2435 »
596 2399 711 2437 non
742 2382 879 2453 quia
910 2382 1105 2435 nullus
1152 2381 1457 2434 hominum
1489 2383 1592 2444 est,
1638 2379 1737 2448 qui
1769 2395 1872 2449 per
1906 2378 2058 2432 illius

342 2474 629 2544 justitiam
662 2489 779 2526 non
822 2471 1172 2540 justiﬁcetur
1203 2486 1215 2498 '
1247 2471 1343 2523 sed
1378 2470 1532 2539 quia,
1580 2474 1790 2539 praeter
1821 2468 1944 2536 ejus
1968 2467 2059 2537 ju-

352 2561 587 2626 stitiam,
625 2576 793 2613 nemo
840 2558 1211 2629 justificatur.
1251 2576 1277 2607 ε(
1313 2558 1524 2611 Omnes
1558 2577 1579 2605 ι
1627 2572 1763 2625 ergo
1801 2570 1903 2624 per
1944 2555 2059 2625 pri-

259 2710 263 2723 ,
350 2665 510 2703 mum
545 2648 721 2702 Adam
768 2648 830 2699 in
875 2644 1446 2709 condemnationem,
1479 2648 1534 2697 et
1579 2662 1604 2693 (ι
1655 2660 1852 2697 omnes
1895 2665 1922 2692 »
1956 2660 2059 2714 per

351 2736 731 2792 novissimum
764 2735 945 2788 Adam
985 2734 1044 2787 in
1070 2734 1541 2803 justiﬁcationem
1579 2749 1591 2785 :
1626 2733 1763 2803 quia
1793 2748 1962 2785 nemo
1997 2732 2055 2785 in

351 2824 825 2881 condemnatione
864 2822 975 2875 nisi
1009 2838 1110 2892 per
1136 2822 1321 2887 illum,
1357 2837 1525 2874 nemo
1557 2821 1616 2874 in
1643 2821 2055 2890 justiﬁcatione

2152 436 2252 489 illa
2296 437 2607 506 apostolica
2656 435 2957 503 sententia,
3009 437 3143 507 quia
3177 439 3245 490 de
3296 438 3421 506 ipso
3475 437 3693 491 dictum
3726 443 3869 490 est:

2157 525 2318 589 «Qui
2364 526 2485 579 vult
2516 542 2716 578 omnes
2760 524 3023 578 homines
3072 527 3256 579 salvos
3290 526 3433 589 ﬁeri,
3483 548 3510 573 n
3544 527 3871 580 rectissime

2155 613 2500 684 intelligitur
2532 613 2601 666 de
2628 612 2919 666 voluntate
2949 612 3221 666 bonitatis
3257 613 3378 666 Dei.

2226 702 2323 755 Vel
2351 705 2501 755 certe
2534 700 2613 755 ita
2642 701 2997 770 intelligatur
3029 718 3042 754 :
3079 720 3105 751 «
3134 700 3241 763 Qui
3268 702 3385 753 vult
3417 718 3617 754 omnes
3660 700 3875 755 homi-

2156 805 2257 842 nes
2306 791 2494 843 salvos
2524 789 2651 843 ﬁeri
2657 789 2889 877 Λερνῃᾷ
2904 792 3348 877 χιιιηιὲᾶμὲἕλθψ
3359 809 3384 839 n
3419 790 3554 862 quia
3596 790 3703 844 hoc
3740 806 3879 842 san-

2157 880 2276 931 ctos
2308 894 2440 931 suos
2480 860 3453 948 ρθνεῇἷῗῇἶιῖἦέιιυὶἥῐνεῖἷῖῖεῖείῐξ
3485 878 3539 931 id
3585 884 3673 931 est
3713 878 3877 931 velle

2157 966 2237 1020 eis
2285 966 2547 1036 inspirat,
2582 971 2644 1019 ut
2680 982 2882 1019 omnes
2924 966 3188 1019 homines
3237 966 3384 1019 sicut
3414 966 3630 1035 seipsos
3675 967 3881 1019 salvos

2156 1055 2281 1109 ﬁeri
2311 1059 2545 1125 optent;
2579 1055 2723 1108 sicut
2747 1059 2801 1108 et
2840 1055 2908 1108 de
2941 1055 3155 1123 Spiritu
3187 1060 3379 1108 sancto
3411 1054 3877 1124 intelligendum

2158 1148 2244 1197 est
2267 1143 2421 1213 quod
2452 1143 2604 1197 idem
2633 1142 2771 1197 dicit
2791 1144 3094 1213 Apostolus
3120 1159 3133 1196 :
3161 1166 3181 1192 ι
3218 1142 3327 1197 Sed
3347 1143 3469 1212 ipse
3492 1144 3749 1213 Spiritus
3778 1161 3885 1213 po—

2158 1232 2331 1285 stulat
2358 1247 2459 1301 pro
2487 1231 2653 1284 nobis
2674 1232 2982 1301 gemitibus
3004 1232 3501 1285 inenarrabilibus.
3535 1233 3643 1295 Qui
3663 1239 3883 1285 autem

2158 1323 2445 1374 scrutatur
2474 1320 2663 1389 corda,
2697 1321 2799 1373 scit
2828 1321 2967 1391 quid
3000 1320 3286 1375 desideret
3314 1321 3575 1391 Spiritus,
3611 1322 3762 1392 quia
3798 1337 3884 1374 se-

2159 1410 2411 1462 cundum
2435 1410 2613 1462 Deum
2634 1410 2888 1478 postulat
2909 1425 3011 1478 pro
3032 1408 3258 1461 sanctis.
3282 1431 3309 1457 ››
3338 1410 3587 1462 Postulat
3605 1425 3748 1461 nam
3760 1424 3883 1478 que

2157 1496 2421 1566 Spiritus,
2458 1497 2614 1567 quia,
2651 1503 2711 1549 ut
2739 1498 2938 1550 beatus
2970 1497 3277 1566 Gregorius
3310 1498 3536 1566 exponit
3568 1496 3638 1549 ad
3666 1500 3888 1566 postu-

2159 1586 2391 1639 landum
2414 1602 2508 1639 eos
2530 1602 2672 1655 quos
2696 1586 3001 1655 repleverit
3026 1586 3365 1639 inﬂammat.
3399 1586 3465 1637 Et
3486 1585 3664 1655 gemit
3686 1590 3887 1655 atque

2167 1673 2452 1728 desiderat
2475 1673 2740 1743 Spiritus,
2767 1674 2901 1743 quia
2920 1679 3143 1727 sanctos
3164 1674 3221 1726 in
3250 1674 3601 1733 orationibus
3623 1689 3886 1743 gemen-

2166 1767 2247 1815 tes
2293 1765 2348 1814 et
2377 1761 2765 1815 desiderantes
2794 1762 2945 1827 facit,
2974 1762 3136 1831 juxta
3180 1763 3332 1815 hunc
3362 1763 3554 1832 itaque
3604 1779 3886 1821 sensum.

2171 1872 2197 1899 «
2228 1851 2377 1903 Deus
2403 1850 2523 1902 vult
2550 1866 2749 1903 omnes
2777 1850 3040 1903 homines
3071 1850 3255 1903 salvos
3277 1850 3425 1915 ﬁeri,
3454 1872 3479 1897 ››
3511 1850 3663 1919 quia,
3700 1857 3775 1903 ut
3808 1851 3893 1904 di-

2166 1944 2321 1992 ctum
2354 1942 2457 2001 est,
2494 1938 2615 2007 ipse
2647 1939 2854 1991 sanctis
2886 1939 3003 1991 suis
3029 1938 3275 2007 inspirat
3303 1944 3367 1991 ut
3388 1939 3491 1991 hoc
3516 1941 3718 2002 velint,
3758 1940 3891 2009 ipse

2167 2044 2260 2081 eos
2291 2027 2369 2081 ita
2390 2027 2643 2080 volentes
2674 2026 2805 2080 facit
2828 2027 2972 2081 sicut
2993 2027 3373 2096 inspiraverat
3398 2028 3559 2080 beato
3584 2029 3889 2097 Apostolo

2167 2117 2267 2188 qui
2300 2116 2525 2170 dicebat
2555 2132 2568 2169 :
2607 2137 2635 2164 ‹‹
2668 2116 2805 2169 Volo
2838 2123 3029 2169 autem
3063 2132 3262 2168 omnes
3292 2116 3552 2169 homines
3575 2132 3704 2169 esse
3730 2117 3891 2170 sicut

2167 2205 2451 2275 meipsum
2505 2205 2553 2274 (Ι
2582 2206 2700 2260 Cor.
2735 2221 2831 2271 vn,
2868 2209 2938 2270 7).
2982 2224 3009 2255 ι)
3048 2206 3113 2257 Et
3161 2194 3297 2257 alibi
3329 2220 3456 2258 cum
3504 2220 3704 2258 coram
3745 2221 3890 2275 rege

2165 2294 2423 2364 Agrippa
2470 2299 2525 2346 et
2579 2294 2935 2363 principibus
2992 2293 3385 2347 testimonium
3449 2293 3657 2347 Christi
3725 2296 3888 2347 mira

2167 2383 2429 2437 libertate
2474 2387 2532 2436 et
2575 2382 2895 2435 constantia
2942 2383 3296 2451 prmdicaret,
3344 2382 3564 2435 dicente
3613 2383 3727 2435 sibi
3782 2401 3886 2438 eo-

2166 2471 2297 2524 dem
2326 2484 2457 2540 rege
2482 2486 2494 2522 :
2524 2490 2551 2517 ‹‹
2576 2470 2636 2522 In
2662 2470 2885 2523 modico
2912 2469 3114 2522 suades
3138 2486 3225 2522 me
3254 2469 3639 2523 Christianum
3664 2471 3830 2531 tieri,
3856 2495 3883 2518 ω

2167 2558 2435 2611 continuo
2482 2558 2687 2627 plenus
2717 2556 3020 2624 desiderio,
3074 2558 3270 2609 salutis
3313 2558 3572 2611 omnium
3625 2575 3881 2629 respon-

2168 2647 2252 2700 dit
2284 2663 2297 2699 :
2337 2668 2359 2695 κ
2397 2647 2540 2716 Opto
2585 2646 2737 2716 apud
2788 2646 2967 2699 Deum
3000 2649 3051 2698 et
3082 2645 3141 2699 in
3188 2646 3435 2713 modico,
3470 2652 3527 2700 et
3557 2647 3617 2700 in
3650 2664 3882 2718 magno

2166 2751 2284 2788 non
2331 2735 2514 2788 solum
2566 2738 2641 2798 te,
2675 2734 2771 2787 sed
2818 2739 2875 2786 et
2913 2750 3109 2787 omnes
3141 2735 3239 2805 qui
3274 2750 3361 2787 me
3408 2735 3654 2789 audiunt
3698 2737 3882 2790 hodie

2164 2826 2306 2878 tales
2352 2823 2477 2877 ﬁeri
2518 2839 2531 2876 :
2583 2822 2768 2893 qualis
2816 2838 2923 2892 ego
2981 2838 3108 2876 sum
3158 2823 3405 2893 exceptis
3452 2824 3703 2877 vinculis
3755 2824 3883 2878 istis

350 2915 463 2969 nisi
494 2930 596 2985 per
621 2913 815 2965 istum.
848 2910 968 2963 Tali
1024 2925 1197 2962 sensu
1239 2914 1292 2962 et
1322 2909 1463 2962 illud
1494 2908 1889 2978 accipiendum
1923 2915 2006 2963 est
2040 2926 2052 2963 :
2096 2921 2136 2977 C
2166 2913 2305 2982 (Act.
2342 2928 2486 2979 xxvr,
2514 2913 2603 2978 28,
2636 2911 2745 2981 29).
2783 2932 2809 2960 ››

352 3021 381 3058 «ι
417 3004 573 3059 Sicut
600 3002 659 3054 in
690 3000 873 3054 Adam
905 3014 1103 3051 omnes
1142 2998 1494 3062 moriuntur,
1534 2996 1613 3050 ita
1656 2996 1795 3051 etin
1830 2997 2050 3052 Christo

351 3107 553 3146 omnes
602 3088 1035 3142 viviﬁcabuntur
1067 3087 1119 3157 (Ι
1156 3087 1274 3142 Cor.
1310 3102 1397 3151 xv,
1436 3084 1545 3153 22).
1578 3104 1605 3135 »
1657 3085 1817 3149 Quod
1850 3085 2049 3156 utique

352 3180 421 3235 de
470 3180 660 3233 futura
718 3175 1130 3230 resurrectione
1188 3174 1330 3227 dixit
1385 3174 1715 3243 Apostolus.
1780 3174 2049 3244 Nunquid

351 3269 505 3322 enim
543 3272 680 3321 tunc
726 3264 1166 3317 viviﬁcabuntur
1214 3263 1273 3315 in
1316 3262 1560 3328 Christo,
1596 3262 1697 3331 qui
1748 3277 2048 3332 nunquam

352 3357 721 3413 crediderunt
768 3355 825 3408 in
876 3354 1190 3420 Christum,
1235 3351 1335 3421 qui
1366 3368 1666 3421 nunquam
1715 3352 1949 3405 fuerunt
1989 3352 2048 3405 in

352 3447 599 3509 Christo,
639 3444 739 3513 qui
769 3459 1067 3512 nunquam
1099 3441 1382 3506 vixerunt,
1418 3456 1523 3493 nec
1567 3441 1782 3493 mortui
1827 3445 1959 3494 sunt
1988 3440 2049 3493 in

354 3536 578 3589 Christo
598 3534 625 3586 Ἰ
658 3534 722 3586 Et
752 3533 879 3584 ideo
910 3529 1239 3583 nullatenus
1273 3528 1583 3598 pertinent,
1610 3533 1672 3581 ut
1696 3529 1753 3581 in
1785 3529 1881 3581 illo
1914 3530 2050 3582 acci-

352 3624 513 3693 piant
553 3618 1032 3674 resurrectionem
1064 3617 1214 3683 vitae,
1262 3632 1433 3687 quam
1464 3617 1742 3670 Dominus
1785 3616 2049 3671 ﬁdelibus

352 3708 637 3781 promittit
666 3707 856 3761 dicens
894 3722 905 3760 :
945 3728 965 3755 «
1000 3705 1107 3770 Qui
1146 3706 1299 3759 bona
1340 3704 1616 3773 fecerunt,
1662 3704 1722 3757 in
1770 3721 2049 3759 resurrec-

353 3801 594 3852 ctionem
626 3796 775 3862 vita,
815 3816 836 3843 ι
874 3799 930 3848 et
961 3794 1090 3849 ideo
1138 3794 1207 3847 ad
1239 3809 1441 3847 eorum
1487 3793 1782 3863 pertinent
1812 3799 2044 3861 sortem,

351 3890 420 3943 de
462 3887 669 3958 quibus
704 3886 890 3939 statim
940 3882 1277 3953 subjungit:
1323 3905 1342 3929 α
1377 3882 1484 3945 Qui
1532 3898 1666 3936 vero
1715 3882 1865 3935 mala
1916 3899 2047 3953 ege-

352 3981 508 4043 runt,
557 3975 615 4031 in
647 3973 1126 4027 resurrectionem
1159 3971 1364 4041 judicii
1400 3972 1581 4041 (Joan.
1618 3984 1709 4037 xv,
1759 3970 1869 4041 29).
1921 3992 1949 4019 »
1986 3972 2049 4025 Et

352 4071 546 4119 tamen
594 4079 725 4117 vere
790 4062 847 4115 in
895 4061 1075 4114 Adam
1145 4082 1166 4108 ι
1212 4075 1411 4113 omnes
1444 4079 1471 4109 »
1519 4058 1868 4124 moriuntur,
1914 4060 2049 4129 quia

351 4170 522 4208 nemo
555 4152 617 4205 in
659 4156 903 4204 mortem
936 4150 1045 4203 nisi
1077 4164 1180 4218 per
1210 4149 1393 4201 illum.
1443 4149 1509 4200 Et
1551 4164 1680 4201 vere
1714 4148 1772 4200 in
1825 4148 2045 4202 Christo

2818 3036 3043 3090 CAPUT
3080 3036 3193 3090 XII.

2493 3144 2751 3212 Sequitur
2778 3141 3018 3211 ejusdem
3052 3143 3155 3221 loci
3183 3143 3524 3211 explanatio.

2233 3266 2440 3330 Quarto
2481 3270 2673 3319 autem
2706 3265 2873 3320 modo
2906 3265 2985 3318 ita
3019 3282 3049 3317 a
3092 3266 3298 3318 sanctis
3331 3266 3597 3319 Patribus
3631 3268 3872 3322 intelle-

2159 3358 2312 3408 ctum
2345 3355 2636 3408 invenitur
2680 3354 2835 3425 quod
2871 3353 3086 3407 dictum
3119 3357 3203 3406 est
3235 3368 3248 3406 :
3287 3376 3306 3400 ι
3340 3354 3446 3417 Qui
3492 3356 3613 3408 vult
3660 3372 3879 3410 omnes

2159 3444 2424 3498 homines
2453 3444 2634 3497 salvos
2679 3442 2826 3507 ﬁeri,
2863 3460 2888 3494 ι
2935 3445 2998 3495 ut
3029 3441 3366 3511 simpliciter
3412 3444 3741 3512 accipiatur
3772 3446 3882 3499 hoc

2158 3533 2225 3587 de
2253 3531 2523 3586 omnibus
2552 3530 2887 3585 hominibus
2924 3552 2943 3578 ‹
2988 3530 3273 3593 Quantum
3310 3530 3368 3583 in
3402 3531 3523 3601 ipso
3562 3536 3646 3585 est
3682 3534 3877 3588 Deum

2156 3622 2323 3689 velle,
2354 3637 2382 3672 ι)
2415 3636 2478 3673 eo
2508 3620 2660 3690 quod
2708 3635 2907 3673 omnes
2935 3619 3139 3672 salvari
3174 3619 3309 3672 velit
3338 3641 3364 3667 ‹‹
3397 3619 3653 3674 bonitate
3693 3622 3879 3676 Crea-

2158 3710 2296 3764 toris
2329 3726 2340 3762 :
2374 3730 2401 3759 »
2435 3709 2531 3763 sed
2576 3708 2710 3779 quia
2743 3708 2909 3761 liberi
2957 3708 3180 3760 arbitrii
3212 3724 3309 3760 eos
3341 3708 3616 3771 condidit,
3654 3726 3873 3782 exspe-

2156 3802 2288 3864 ctet,
2338 3803 2403 3852 ut
2431 3798 2537 3851 hoc
2569 3797 2739 3850 etiam
2792 3796 2895 3866 ipsi
2934 3796 3110 3849 velint
3142 3813 3154 3849 :
3186 3800 3241 3849 et
3271 3796 3317 3849 si
3347 3797 3652 3861 voluerint,
3707 3801 3873 3869 juste

2158 3888 2447 3940 salventur
2480 3902 2491 3938 :
2527 3884 2571 3938 si
2618 3885 2928 3950 noluerint,
2973 3885 3127 3954 juste
3178 3885 3507 3954 puniantur.
3562 3885 3669 3939 Sed
3732 3889 3873 3942 huic

2157 3974 2348 4028 sensui
2414 3973 2700 4044 imprimis
2768 3972 2908 4025 illud
2968 3972 3191 4025 videtur
3254 3989 3375 4025 esse
3442 3974 3869 4027 contrarium:

2163 4085 2184 4111 α
2221 4063 2520 4127 Quomodo
2554 4062 2920 4132 omnipotens
2952 4062 3102 4114 Deus
3136 4078 3357 4126 eorum,
3393 4078 3534 4131 quos
3584 4062 3715 4116 vult
3754 4064 3874 4117 sal-

2156 4169 2253 4205 vos
2290 4151 2416 4204 ﬁeri
2468 4155 2752 4220 exspectet
2800 4151 3174 4217 voluntatem,
3209 4172 3236 4198 ››
3287 4156 3352 4203 ut
3383 4156 3438 4203 et
3484 4150 3593 4220 ipsi
3640 4153 3875 4205 scilicet

358 4264 378 4290 «
416 4256 616 4294 omnes
648 4258 675 4291 »
723 4237 1165 4291 viviﬁcabuntur
1199 4253 1210 4289 :
1246 4235 1381 4305 quia
1429 4252 1597 4289 nemo
1637 4236 1696 4289 in
1731 4236 1829 4290 illa
1859 4252 2046 4290 resur-
2087 4233 2131 4286 D
2161 4239 2394 4309 propria
2424 4238 2644 4293 arbitrii
2682 4238 2943 4291 libertate
2974 4238 3113 4291 salvi
3158 4254 3277 4292 esse
3312 4238 3507 4303 velint,
3550 4255 3682 4292 cum
3722 4243 3874 4294 velle

354 4328 607 4382 rectione
636 4327 764 4379 vitae
796 4324 906 4377 nisi
940 4339 1043 4393 per
1072 4325 1277 4393 ipsum.
1302 4323 1424 4386 Quo
1456 4323 1628 4377 etiam
1660 4339 1827 4377 sensu
1862 4324 2051 4378 mani-

352 4415 655 4470 festissime
682 4413 823 4467 illud
850 4413 909 4465 in
928 4412 1148 4482 psalmo
1179 4411 1395 4465 dictum
1418 4417 1503 4464 est
1527 4428 1538 4465 :
1574 4434 1594 4459 ι
1621 4412 1839 4466 Allevat
1863 4413 2052 4467 Domi-

354 4521 463 4558 nus
529 4519 728 4556 omnes
768 4502 866 4572 qui
931 4504 1223 4568 corruunt,
1288 4504 1342 4554 et
1393 4500 1563 4570 erigit
1613 4516 1811 4555 omnes
1881 4502 2049 4555 elisos

355 4594 535 4659 (Psal.
576 4608 753 4658 CXLIV,
804 4589 911 4659 14).
948 4612 975 4639 ››
1028 4591 1222 4659 Neque
1254 4590 1407 4643 enim
1442 4606 1694 4643 «omnes
1724 4612 1753 4639 »
1791 4590 2047 4657 omnino,

354 4682 455 4753 qui
484 4681 547 4735 in
577 4679 811 4735 diversis
844 4676 1202 4744 criminibus,
1239 4682 1293 4731 et
1325 4678 1480 4731 vitiis
1524 4682 1813 4744 corruunt,
1862 4682 1916 4732 et
1946 4678 2049 4731 eli-

353 4772 572 4824 duntur
636 4767 917 4822 Dominus
986 4766 1329 4833 miserendo,
1394 4770 1563 4836 atque
1630 4766 1979 4835 indulgendo
2019 4783 2051 4819 a

354 4862 514 4928 lapsu
582 4858 765 4911 ruina:
808 4871 925 4909 suae
976 4855 1201 4919 allevat,
1254 4861 1309 4907 et
1353 4856 1524 4923 erigit
1574 4870 1703 4907 cum
1752 4859 1942 4908 tantos
1988 4854 2050 4909 in

354 4947 568 5000 eisdem
617 4946 733 4998 suis
772 4943 1130 5007 criminibus,
1166 4947 1221 4996 et
1259 4942 1660 5013 iniquitatibus
1694 4945 1881 5013 perire
1927 4959 2047 4997 cer-

353 5039 477 5088 tum
519 5035 609 5087 sit.
645 5034 710 5086 Et
752 5036 947 5086 tamen
988 5046 1120 5084 vere
1168 5031 1291 5100 ipse
1325 5048 1349 5081 α
1384 5047 1582 5084 omnes
1614 5053 1641 5080 »
1694 5036 2045 5099 corruentes,

354 5129 412 5178 et
443 5143 470 5170 ‹‹
503 5138 704 5176 omnes
735 5142 763 5170 ››
803 5120 975 5175 elisos
1005 5120 1226 5187 allevat,
1260 5124 1431 5189 atque
1465 5120 1652 5191 erigit,
1702 5121 1837 5191 quia
1863 5122 1951 5175 vel
1981 5137 2047 5175 ex

354 5212 516 5267 omni
564 5226 774 5280 genere
820 5208 1183 5281 peccantium
1233 5208 1348 5263 sive
1399 5209 1860 5276 criminosorum,
1905 5226 2049 5279 quos

353 5300 623 5368 voluerit,
657 5299 875 5367 salvat;
917 5298 1005 5352 vel
1037 5298 1173 5368 quia
1219 5296 1330 5351 nisi
1356 5312 1461 5366 per
1504 5298 1667 5351 illum
1711 5314 1883 5351 nemo
1914 5314 2049 5369 pro-

356 5393 565 5442 stratus
596 5388 859 5458 erigitur,
892 5391 990 5440 aut
1021 5388 1315 5446 allevatur,
1343 5386 1479 5440 dum
1516 5402 1630 5440 non
1661 5386 1776 5440 suis
1805 5387 2043 5452 viribus,

356 5476 455 5529 sed
503 5476 603 5529 Dei
660 5476 1032 5531 miseratione
1075 5474 1385 5544 consurgit.
1453 5473 1607 5528 Sicut
1672 5489 1807 5543 ergo
1853 5474 1913 5526 in
1958 5474 2048 5527 his

2160 4326 2405 4380 ﬁdeliter
2447 4327 2662 4379 salvum
2713 4326 2839 4379 ﬁeri
2882 4326 2953 4379 sit
2983 4342 3085 4395 per
3118 4327 3580 4396 redemptionem
3625 4330 3875 4383 Domini

2157 4415 2287 4468 Jesu
2337 4413 2564 4469 Christi.
2642 4414 2805 4479 Quia,
2858 4415 3005 4467 sicut
3055 4414 3256 4467 beatus
3311 4416 3506 4468 Petrus
3558 4421 3875 4485 apostolus

2159 4503 2328 4557 docet
2359 4520 2372 4556 :
2409 4524 2436 4551 ‹‹
2466 4502 2589 4556 Non
2624 4508 2707 4555 est
2735 4502 2793 4555 in
2828 4503 2942 4555 ullo
2991 4503 3104 4555 alio
3137 4503 3310 4569 salus,
3343 4510 3400 4557 et
3438 4520 3552 4557 non
3582 4509 3671 4557 est
3704 4506 3868 4559 aliud

2159 4605 2369 4644 nomen
2420 4590 2524 4643 sub
2555 4591 2695 4643 ccelo
2727 4589 2924 4643 datum
2959 4589 3311 4658 hominibus,
3346 4591 3401 4643 in
3447 4607 3561 4661 quo
3588 4598 3869 4660 oporteat

2157 4696 2260 4733 nos
2294 4678 2473 4732 salvos
2502 4678 2626 4731 ﬁeri
2670 4677 2812 4747 (Act.
2848 4694 2921 4743 1v,
2962 4677 3064 4747 l2),
3114 4699 3141 4726 »
3175 4695 3343 4732 nemo
3386 4679 3621 4733 omnino
3652 4683 3861 4750 possit.

2160 4764 2271 4819 nisi
2299 4764 2360 4818 in
2386 4781 2452 4818 eo
2484 4767 2628 4819 Deus
2661 4769 2932 4834 operetur
2961 4769 3019 4819 et
3041 4766 3184 4820 velle
3216 4772 3273 4819 et
3301 4782 3463 4835 posse
3490 4783 3502 4820 :
3525 4766 3675 4819 sicut
3707 4772 3862 4839 Apo-

2158 4855 2336 4908 stolus
2357 4858 2597 4907 testatur
2626 4854 2817 4907 dicens
2842 4870 2853 4907 :
2877 4872 2905 4903 «
2925 4854 3072 4907 Deus
3094 4859 3179 4907 est
3200 4855 3353 4908 enim
3377 4856 3476 4924 qui
3499 4864 3785 4925 operatur
3806 4859 3861 4911 in

2157 4943 2314 4996 vobis
2345 4946 2399 4995 et
2427 4943 2584 4995 velle-
2621 4947 2677 4994 et
2706 4941 2979 5011 perﬁcere
3014 4958 3118 5012 pro
3167 4942 3315 4996 bona
3345 4944 3635 4996 voluntate
3690 4947 3859 5013 (Phil.

2158 5048 2216 5099 ιι,
2261 5031 2364 5100 13),
2398 5051 2425 5079 ››
2456 5030 2503 5082 si
2538 5030 2693 5083 enim
2741 5031 2888 5083 hanc
2938 5031 3285 5085 voluntatem
3335 5032 3759 5101 redemptionis
3807 5039 3861 5089 et

2156 5119 2355 5172 salutis
2399 5134 2527 5188 (11183
2560 5124 2645 5173 est
2691 5118 2750 5171 in
2784 5118 3008 5174 Christo
3055 5135 3225 5173 nemo
3280 5120 3455 5175 habet
3496 5137 3565 5175 ex
3614 5138 3675 5175 se
3712 5124 3861 5193 ipso.

2156 5207 2253 5260 sed
2283 5207 2355 5260 ab
2382 5206 2479 5259 illo
2526 5228 2553 5255 (ι
2589 5208 2688 5277 qui
2719 5211 2989 5277 operatur
3015 5209 3076 5262 in
3115 5211 3214 5273 eis,
3248 5226 3389 5280 quos
3428 5217 3593 5265 vocat
3621 5216 3681 5266 et
3716 5216 3861 5268 velle

2157 5300 2214 5349 et
2244 5296 2514 5366 perﬁcere
2540 5311 2645 5365 pro
2664 5295 2816 5350 bona
2836 5298 3147 5363 voluntate,
3178 5319 3199 5346 ι
3224 5300 3370 5352 sicut
3388 5300 3861 5356 manifestissime

2157 5383 2482 5455 apostolica:
2548 5384 2820 5438 doctrina:
2886 5386 3091 5440 veritas
3156 5387 3342 5455 docet,
3391 5394 3457 5442 ut
3512 5389 3656 5459 quid
3708 5392 3859 5445 Deus

2158 5477 2440 5542 exspectat
2466 5488 2661 5527 eorum
2691 5489 2836 5544 quos
2865 5475 2985 5528 vult
3006 5474 3190 5529 salvos
3221 5475 3347 5529 fieri
3376 5477 3767 5547 voluntatem,
3796 5486 3860 5534 ut
