4048 6170
191 342 201 389 l
214 339 305 387 009

179 471 276 541 ipsi
296 470 466 523 libero
495 467 731 521 arbitrio
752 483 856 521 suo
886 466 1165 536 incipiant
1193 468 1337 521 velle
1372 468 1596 533 salvari,
1628 477 1683 523 et
1716 474 1850 521 tunc
1888 471 1932 521 A

179 559 350 615 divina
394 556 646 610 bonitate
696 558 1004 621 salvantur,
1040 560 1105 608 ut
1140 556 1369 609 initium
1411 557 1609 610 salutis
1648 572 1846 610 eorum

177 650 238 701 sit
267 663 329 699 ex
356 645 509 715 ipsis,
543 644 815 715 perfectio
844 649 1035 698 autem
1069 645 1327 713 ejusdem
1362 646 1562 698 salutis
1600 661 1663 697 ex
1708 646 1841 698 Deo.

176 738 230 791 Et
272 734 363 789 ubi
392 733 498 787 erit
527 733 681 804 quod
712 733 868 787 idem
916 734 1222 803 Apostolus
1268 733 1406 786 dicit
1439 750 1452 786 :
1503 755 1529 782 ‹‹
1556 736 1669 787 Aut
1718 734 1845 804 quis

171 823 310 893 prior
339 822 492 876 dedit
522 821 607 875 illi
638 826 695 875 et
725 820 1071 874 retribuctur
1098 820 1183 873 ei?
1222 838 1247 872 υ
1277 822 1447 891 (Rom.
1473 837 1547 887 x1,
1584 823 1697 889 35.)
1734 824 1847 875 Aut

172 911 435 982 quomodo
483 910 544 963 in
594 910 694 963 tali
731 925 901 963 sensu
952 909 1288 978 Pelagianus
1321 925 1483 962 error
1522 925 1636 962 non
1671 909 1844 962 habet

170 1000 461 1062 victoriam,
499 998 598 1068 qui
622 999 866 1051 salutem
901 998 1150 1050 hominis
1180 1013 1293 1050 non
1315 1013 1378 1049 ex
1409 998 1509 1050 Dei
1537 998 1711 1063 dono,
1745 996 1842 1050 sed

169 1104 223 1142 ex
248 1088 416 1140 libero
447 1087 629 1156 ipsius
659 1086 911 1139 hominis
942 1085 1179 1138 arbitrio
1207 1101 1328 1138 esse
1359 1085 1700 1139 confirmat?

228 1176 377 1239 Quod
414 1175 460 1228 si
492 1174 699 1228 falsum
732 1178 833 1238 est,
868 1173 1015 1226 sicut
1044 1172 1280 1225 omnino
1311 1172 1520 1225 falsum
1551 1189 1672 1226 esse
1704 1188 1840 1225 con-

169 1263 410 1327 vincitur,
440 1262 578 1332 quid
614 1278 799 1316 causae
832 1266 933 1326 est,
966 1267 1027 1314 ut
1056 1263 1201 1314 Deus
1235 1284 1259 1308 ‹‹
1297 1260 1395 1330 qui
1428 1276 1625 1313 omnes
1651 1259 1837 1312 homi-

169 1369 255 1405 nes
282 1352 396 1404 vult
425 1352 606 1403 salvos
650 1350 772 1403 ﬁeri
805 1350 861 1415 (Ι
907 1352 1047 1403 Tim.
1084 1366 1141 1414 ιι,
1175 1349 1245 1414 4),
1275 1368 1301 1398 ι)
1358 1365 1471 1401 non
1504 1364 1702 1401 omnes
1737 1348 1835 1400 ho-

169 1440 330 1494 mines
390 1439 606 1493 salvet‘?
666 1438 1024 1491 Voluntatem
1085 1453 1285 1490 eorum
1344 1452 1458 1489 non
1534 1440 1834 1505 exspectat,

165 1528 281 1598 quia
304 1528 655 1581 voluntatem
679 1542 827 1579 verae
850 1527 1045 1579 salutis
1069 1542 1185 1578 suae
1210 1541 1378 1578 nemo
1397 1524 1605 1577 habere
1630 1530 1834 1593 potest,

163 1617 260 1670 nisi
286 1633 383 1685 per
402 1615 589 1669 illum.
616 1619 699 1670 An
727 1614 882 1684 quod
902 1614 1042 1680 vult,
1068 1630 1184 1667 non
1216 1618 1405 1684 potest
1428 1613 1837 1682 omnipotens?

165 1710 217 1759 ut
264 1706 428 1776 (quod
480 1704 645 1771 absit)
701 1703 838 1757 velit
891 1704 1107 1757 salvare
1151 1719 1353 1756 omnes
1400 1702 1685 1767 homines,
1734 1717 1837 1754 nec

162 1794 342 1863 possit.
394 1793 541 1857 Quid
595 1808 730 1862 ergo
774 1796 969 1857 restat,
1029 1791 1137 1845 nisi
1188 1797 1252 1845 ut
1298 1791 1393 1844 ille
1422 1812 1449 1840 ‹‹
1497 1789 1605 1854 Qui
1641 1789 1837 1843 omnia

163 1897 500 1952 quaecunque
529 1880 711 1933 voluit
742 1879 871 1933 fecit
902 1880 1021 1949 (Ps.
1057 1896 1207 1946 cxm,
1250 1878 1323 1949 3),
1364 1900 1389 1925 »
1422 1877 1549 1931 ideo
1581 1878 1688 1931 hoc
1715 1894 1833 1931 non

159 1970 327 2038 faciat,
358 1970 495 2040 quia
523 1968 683 2035 nolit,
737 1984 853 2021 non
897 1968 1035 2038 quia
1084 1984 1201 2021 non
1230 1966 1447 2036 possit?
1476 1966 1622 2030 Quia
1690 1966 1835 2019 sicut

159 2075 273 2112 vere
307 2080 326 2106 ι
361 2058 558 2112 omnia
598 2074 727 2128 quas
758 2056 937 2109 voluit
966 2056 1103 2110 fecit
1134 2075 1161 2107 »
1212 2056 1290 2108 ita
1322 2070 1453 2108 vere
1486 2054 1671 2107 noluit
1703 2070 1831 2124 quas

157 2164 260 2201 non
288 2147 438 2201 fecit.
465 2147 576 2200 Cur
604 2161 742 2216 ergo
776 2144 985 2211 noluit,
1014 2144 1124 2197 nisi
1156 2144 1292 2214 quia
1331 2144 1389 2196 in
1423 2144 1525 2196 hac
1570 2158 1653 2207 re,
1690 2142 1835 2195 sicut

151 2236 371 2305 justum,
420 2235 499 2287 ita
532 2239 588 2287 et
618 2234 904 2287 occultum
949 2238 1002 2286 et
1039 2232 1325 2301 judicium
1367 2232 1512 2301 ejus,
1564 2231 1653 2283 cui
1686 2231 1835 2284 Psal-

158 2324 305 2377 mista
335 2324 509 2377 dicit:
544 2341 572 2373 ι(
602 2321 821 2377 Iudicia
842 2325 941 2374 tua
965 2321 1199 2391 abyssus
1226 2320 1446 2373 multa?
1480 2342 1502 2367 ››
1533 2321 1639 2388 (Ps.
1666 2335 1829 2385 xxxv,

1398 334 1609 390 LIBER
1654 335 1740 387 DE
1778 334 2034 390 TRIBUS
2073 333 2448 389 EPISTOLIS.

3522 337 3655 388 1010

2604 485 2825 539 CAPUT
2862 485 3003 539 XIII.

2655 610 2951 665 Conclusio.

2026 736 2087 787 In
2119 735 2302 787 tribus
2334 734 2529 803 itaque
2564 733 2853 803 prioribus
2898 733 3080 786 modis
3121 733 3519 803 intelligentiae
3550 750 3645 787 eo-

1956 839 2082 876 rum
2121 824 2449 887 verborum,
2497 821 2703 892 quibus
2750 822 2817 875 de
2864 822 2977 876 Deo
3020 822 3227 875 dicitur
3258 839 3270 875 :
3299 840 3324 872 α
3374 822 3481 885 Qui
3524 824 3649 875 vult

1954 928 2151 965 omnes
2194 912 2457 965 homines
2487 912 2667 963 salvos
2700 910 2843 977 ﬁeri,
2888 916 2944 964 et
2975 912 3043 963 ad
3092 910 3444 980 agnitionem
3498 911 3641 963 veri-

1953 999 2083 1053 tatis
2115 999 2311 1053 venire
2346 999 2400 1067 (Ι
2435 1001 2572 1052 Tim.
2615 1014 2674 1062 ιι,
2717 996 2790 1066 4).
2822 1020 2841 1044 ι
2900 997 3064 1050 Nulla
3095 996 3433 1065 absurditas,
3488 1000 3646 1052 nulla

1951 1086 2335 1157 repugnantia
2380 1086 2515 1140 ﬁdei
2546 1086 2838 1139 invenitur
2871 1102 2883 1138 :
2927 1085 3062 1155 quia
3093 1086 3205 1137 sive
3248 1102 3423 1140 omnes
3456 1088 3643 1140 homi-

1949 1192 2051 1229 nes
2084 1192 2229 1246 quos
2260 1177 2406 1229 Deus
2437 1174 2559 1227 vult
2605 1175 2788 1227 salvos
2836 1174 2963 1227 ﬁeri
2994 1177 3175 1227 omnia
3215 1190 3411 1240 genera
3457 1175 3640 1229 homi-

1952 1281 2089 1319 num
2140 1264 2518 1333 accipiantur,
2562 1263 2675 1315 sive
2724 1278 2924 1316 omnes
2981 1262 3244 1315 homines
3290 1264 3471 1317 salvos
3519 1265 3645 1317 fieri

1952 1356 2134 1407 Deum
2168 1353 2311 1405 velle
2340 1352 2420 1405 ita
2450 1351 2806 1420 intelligatur
2837 1366 2848 1405 :
2882 1351 3019 1421 quia
3059 1367 3257 1404 omnes
3289 1352 3390 1422 qui
3419 1353 3644 1406 salvan-

1951 1449 2041 1496 tur
2076 1458 2193 1496 non
2224 1441 2334 1495 nisi
2366 1441 2489 1510 ejus
2522 1442 2813 1494 voluntate
2846 1441 3138 1493 salvantur
3166 1456 3179 1493 :
3215 1441 3332 1495 sive
3363 1457 3429 1494 eo
3474 1441 3643 1495 modo

1948 1532 2162 1585 dictum
2194 1531 2459 1584 credatur
2488 1547 2501 1583 :
2537 1546 2735 1582 omnes
2769 1528 3033 1582 homines
3075 1531 3252 1582 Deum
3280 1530 3422 1583 velle
3462 1530 3644 1584 salvos

1948 1620 2072 1674 ﬁeri
2102 1636 2113 1673 :
2151 1619 2285 1689 quia
2323 1619 2381 1671 in
2416 1619 2623 1671 sanctis
2667 1618 2785 1672 suis
2818 1618 2939 1688 ipse
2988 1618 3097 1670 hoc
3127 1617 3267 1677 vult.
3303 1618 3402 1687 qui
3449 1618 3530 1671 eis
3560 1624 3643 1671 ta-

1946 1710 2060 1763 lem
2097 1709 2447 1762 voluntatem
2492 1706 2755 1776 inspirat,
2813 1712 2878 1759 nt
2929 1721 3126 1759 omnes
3170 1705 3433 1759 homines
3466 1706 3644 1760 velint

1877 1811 1918 1864 Β
1948 1798 2129 1850 salvos
2169 1796 2295 1850 ﬁeri
2344 1796 2486 1849 sicut
2526 1796 2741 1865 seipsos
2775 1811 2787 1848 :
2821 1794 2882 1847 in
2911 1794 3000 1847 his
3050 1794 3327 1864 (inquam)
3373 1794 3641 1847 omnibus

158 2415 225 2479 7.)
263 2414 325 2467 Et
361 2412 429 2465 de
465 2428 578 2482 quo
619 2411 925 2480 Apostolus
974 2410 1111 2463 dicit
1144 2425 1156 2463 :
1198 2429 1225 2460 (ι
1257 2409 1393 2472 Quis
1432 2408 1585 2461 enim
1632 2424 1835 2477 cogno-
1867 2468 1875 2476 _

157 2502 225 2555 vit
254 2516 481 2555 sensum
527 2498 775 2565 Domini,
811 2503 909 2552 aut
940 2498 1068 2567 quis
1123 2496 1481 2550 consiliarius
1513 2496 1635 2565 ejus
1686 2495 1832 2550 fuit?

160 2590 311 2657 (Rom.
343 2606 421 2653 ιι,
455 2590 569 2658 34.)
596 2608 622 2639 ))
646 2589 707 2641 Et
732 2587 942 2641 iterum
972 2602 985 2639 :
1015 2605 1042 2637 α
1073 2584 1348 2655 Nunquid
1377 2584 1651 2654 iniquitas
1681 2585 1832 2653 apud

160 2678 360 2732 Deum?
387 2677 550 2731 Absit
581 2678 757 2743 (Rom.
809 2692 883 2741 ix,
940 2674 1091 2743 LL)»
1141 2674 1293 2737 Quos
1324 2689 1460 2743 ergo
1504 2673 1685 2726 voluit
1722 2673 1831 2726 sal-

154 2783 291 2833 vare,
343 2766 601 2834 salvavit,
634 2764 770 2835 quia
816 2762 1010 2817 omnia
1050 2778 1409 2833 quaecunque
1443 2762 1622 2815 voluit
1665 2761 1830 2827 fecit;

154 2872 281 2927 quos
308 2862 503 2910 autem
546 2855 759 2907 salvare
792 2852 992 2916 noluit,
1027 2851 1129 2905 ubi
1160 2851 1271 2905 nisi
1318 2851 1379 2904 in
1410 2850 1510 2904 illa
1548 2866 1615 2903 ex
1651 2850 1831 2903 Adam

153 2945 397 2998 veniente
430 2960 612 2997 massa
647 2941 1030 2997 damnationis
1064 2939 1315 3010 reliquit.
1368 2940 1452 2992 Ita
1486 2939 1550 2991 ﬁt
1580 2938 1752 2991 etiam
1784 2937 1831 2990 si

152 3034 447 3087 secundum
482 3032 641 3103 pium
665 3030 1049 3102 quorumdam
1082 3030 1313 3082 Patrum
1336 3027 1565 3097 piorum
1598 3043 1830 3080 sensum

152 3124 285 3176 Deus
313 3138 513 3176 omnes
543 3121 807 3174 homines
838 3120 957 3172 vult
999 3119 1183 3172 salvos
1214 3116 1339 3171 ﬁeri
1370 3116 1625 3170 bonitate
1672 3115 1831 3169 Crea-

151 3212 296 3278 toris,
325 3228 440 3281 qua
470 3215 788 3263 creaturam
820 3224 982 3261 suam
1027 3207 1174 3260 bene
1205 3225 1237 3258 a
1290 3221 1348 3257 se
1391 3204 1680 3258 conditam
1727 3220 1826 3274 pe-

147 3300 248 3353 rire
297 3316 411 3353 non
442 3300 583 3365 vult,
615 3297 673 3352 id
695 3297 885 3367 ipsum
918 3296 1124 3349 iterum
1158 3294 1318 3360 nolit,
1350 3312 1377 3343 »
1400 3293 1611 3363 judicis
1640 3292 1828 3363 aequi-

150 3392 271 3454 tate,
300 3410 326 3435 ››
347 3405 461 3459 qua
483 3386 745 3441 eamdem
769 3390 1090 3439 creaturam
1116 3398 1279 3436 suam
1304 3382 1391 3436 vel
1415 3380 1707 3451 originali,
1739 3380 1827 3434 vel

150 3477 309 3531 etiam
348 3476 559 3530 actuali
589 3481 822 3546 peccato
856 3473 1138 3543 .nequiter
1170 3470 1532 3540 inquinatam
1568 3475 1625 3523 et
1662 3469 1817 3523 vitia-

148 3567 253 3617 tam
297 3565 642 3637 impunitam
693 3579 814 3616 esse
869 3577 986 3615 non
1034 3560 1187 3613 sinit.
1241 3560 1304 3613 In
1354 3563 1577 3612 tantum
1624 3557 1824 3612 enim:

153 3655 490 3708 «Neminem
549 3653 668 3706 vult
722 3652 931 3721 perire,
996 3665 1101 3703 nec
1154 3650 1419 3701 voluntas
1472 3647 1597 3717 ejus
1659 3645 1830 3699 alicui

146 3756 301 3795 causa
346 3742 694 3813 perditionis
740 3740 945 3805 existit,
1004 3742 1065 3791 ut
1122 3753 1226 3807 per
1274 3735 1613 3806 prophetam
1652 3734 1826 3789 etiam

141 3830 285 3899 jurat
313 3837 368 3885 et
408 3832 558 3885 dicat
592 3848 603 3884 :
640 3849 667 3880 ι(
696 3830 829 3883 Vivo
863 3844 993 3899 ego,
1039 3826 1175 3880 dicit
1201 3825 1495 3890 Dominus,
1529 3824 1663 3894 quia
1693 3824 1827 3877 nolo

145 3925 377 3974 mortem
438 3920 624 3990 impii,
674 3918 774 3972 sed
823 3923 889 3970 ut
932 3919 1248 3970 revertatur
1292 3932 1325 3967 a
1368 3915 1458 3967 via
1504 3930 1607 3967 sua
1648 3912 1827 3982 impia

145 4014 195 4062 et
248 4011 399 4065 vivat
450 4012 666 4079 (Ezech.
728 4025 920 4073 χχχιιι,
967 4008 1135 4076 11).»
1189 4007 1254 4059 Et
1306 4010 1503 4059 tamen
1549 4004 1691 4073 ipse,
1727 4004 1827 4074 qui

145 4113 248 4151 non
278 4100 401 4153 vult
444 4103 689 4153 mortem
722 4096 885 4167 impii
934 4098 1367 4164 peseverantem
1418 4093 1477 4145 in
1527 4092 1825 4162 impietate

142 4202 235 4240 sua
261 4188 509 4257 impium
557 4186 759 4256 procul
807 4184 979 4238 dubio
1008 4183 1196 4254 punit.
1234 4183 1317 4235 Ita
1371 4181 1430 4235 in
1478 4197 1594 4235 uno
1652 4186 1825 4251 atque

143 4276 333 4330 eodem
366 4276 601 4331 homine
626 4279 681 4328 et
714 4273 1029 4328 bonitatem
1062 4278 1119 4326 et
1140 4272 1504 4325 severitatem
1535 4286 1695 4324 suam
1729 4287 1823 4324 os-

1868 3086 1908 3139 C

1943 1892 1999 1940 et
2026 1902 2159 1939 vera
2183 1886 2442 1950 omnino,
2467 1890 2523 1938 et
2542 1884 2783 1938 salubris
2812 1883 3194 1953 intelligentia
3221 1888 3323 1936 est.
3352 1885 3412 1936 In
3436 1890 3639 1954 quarto

1942 1980 2130 2029 autem
2168 1976 2337 2028 modo
2387 1974 2525 2028 illud
2559 1974 2678 2025 sine
2721 1972 2893 2026 dubio
2928 1971 3264 2037 cavendum,
3299 1972 3433 2041 quia
3459 1977 3514 2025 et
3545 1989 3636 2026 oc-

1942 2064 2231 2117 casionem
2266 2063 2585 2132 Pelagianae
2616 2061 2884 2131 pravitati
2927 2060 3167 2131 praebet,
3214 2060 3366 2130 quod
3419 2062 3634 2127 Deum;

1942 2157 2005 2207 ut
2042 2153 2215 2205 salvet
2260 2151 2543 2217 homines,
2598 2151 2882 2204 humanas
2928 2155 3256 2219 exspectare
3296 2149 3500 2203 asserit
3537 2166 3634 2203 vo-

1942 2238 2209 2293 luntates.
2248 2239 2456 2293 Contra
2496 2255 2668 2308 quem
2709 2254 2963 2291 errorem
3003 2237 3083 2290 ita
3135 2237 3196 2290 in
3243 2237 3493 2307 antiquis
3540 2240 3637 2291 Pa-

1942 2331 2095 2380 trum
2158 2326 2414 2380 conciliis
2492 2327 2704 2397 legitur
2774 2325 3074 2379 deﬁnitum
3153 2325 3331 2393 (Cone.
3403 2327 3631 2393 Araus.,

1940 2430 2063 2467 can.
2096 2414 2188 2484 4):
2226 2413 2306 2487 [Si
2348 2415 2473 2481 quis
2517 2419 2633 2467 uta
2666 2419 2894 2484 peccato
2939 2428 3255 2483 purgemur
3279 2413 3631 2467 voluntatem

1942 2494 2211 2555 nostram
2256 2503 2436 2556 Deum
2495 2506 2820 2570 exspectare
2890 2500 3207 2567 contendit,
3255 2516 3369 2553 non
3417 2505 3627 2565 autem,

1939 2596 2005 2644 ut
2035 2591 2209 2644 etiam
2242 2591 2480 2661 purgari
2511 2591 2773 2655 velimus,
2807 2606 2908 2659 per
2956 2589 3136 2643 sancti
3186 2589 3435 2659 Spiritus
3473 2590 3635 2643 infu-

1941 2678 2185 2744 sionem,
2220 2684 2275 2732 et
2303 2677 2690 2746 operationem
2726 2677 2784 2729 in
2820 2677 2986 2730 nobis
3025 2677 3151 2731 ﬁeri
3184 2676 3509 2742 conﬁtetur,
3553 2694 3635 2731 re-

1941 2767 2088 2820 sistit
2133 2766 2242 2836 ipsi
2286 2766 2525 2835 Spiritui
2576 2770 2768 2818 sancto
2821 2782 2923 2834 per
2971 2766 3333 2818 Salomonem
3375 2764 3630 2819 dicenti:

1945 2875 1973 2904 «
2007 2857 2366 2924 Praeparatur
2411 2854 2671 2907 voluntas
2703 2870 2731 2905 a
2766 2853 3007 2907 Domino
3045 2856 3217 2921 (Prov.
3270 2869 3384 2919 vm,
3432 2856 3489 2907 3i
3528 2869 3628 2908 sec.

1939 2942 2141 3011 LXX);
2178 2964 2204 2989 ››
2241 2948 2295 2994 et
2328 2942 2599 3010 Apostolo
2637 2940 2942 2993 salubriter
2968 2939 3303 3007 praedicanti
3338 2957 3353 2992 :
3402 2960 3430 2987 «
3486 2941 3632 2992 Deus

1942 3037 2026 3084 est
2066 3030 2162 3101 qui
2198 3034 2470 3098 operatur
2509 3029 2568 3081 in
2608 3028 2791 3094 nobis,
2840 3033 2896 3080 et
2924 3027 3067 3080 velle
3100 3032 3154 3080 et
3202 3026 3477 3096 perﬁcere
3524 3043 3629 3096 pro

1936 3120 2089 3173 bona
2120 3119 2431 3171 voluntate.
2472 3117 2518 3185 nl
2542 3116 2701 3180 Quod
2742 3121 2932 3169 autem
2970 3115 3049 3169 ibi
3078 3115 3415 3185 simpliciter
3462 3115 3627 3168 intel-

1936 3208 2137 3277 ligitur
2158 3210 2337 3261 Deum
2376 3222 2577 3259 omnes
2601 3204 2863 3259 homines
2902 3205 3043 3257 velle
3086 3205 3268 3257 salvos
3299 3204 3425 3257 ﬁeri
3472 3204 3630 3257 boni-

1938 3304 2053 3352 tate
2084 3297 2293 3349 scilicet
2324 3295 2607 3350 Creatoris
2647 3294 2748 3361 (ita
2778 3300 2841 3347 ut
2889 3293 3180 3363 putamus)
3231 3292 3477 3346 ﬁdeliter
3521 3309 3626 3363 po-

1935 3392 2047 3441 test
2077 3386 2271 3455 recipi,
2323 3385 2369 3437 si
2412 3384 2556 3437 hanc
2605 3384 2955 3437 voluntatem
3006 3382 3275 3436 bonitatis
3320 3398 3438 3435 suae
3492 3398 3629 3451 erga

1936 3476 2179 3528 salutem
2213 3474 2516 3527 hominum
2552 3488 2669 3526 non
2715 3472 2977 3525 credatur
3020 3471 3271 3525 humana
3318 3469 3628 3524 obsistente

1935 3565 2227 3617 voluntate
2260 3563 2501 3631 implere
2533 3578 2645 3615 non
2678 3577 2863 3630 posse,
2897 3561 2992 3615 sed
3036 3560 3344 3614 obsistente
3376 3559 3630 3614 humana
3688 3572 3692 3576 '

1933 3653 2239 3722 iniquitate
2313 3652 2551 3720 implere
2623 3651 2791 3703 nolle.
2853 3649 2989 3712 Qum
3066 3649 3262 3702 omnia
3327 3664 3456 3702 cum
3509 3655 3626 3703 tam

1936 3738 2176 3794 obscura
2203 3740 2339 3806 sint,
2373 3743 2430 3791 et
2459 3743 2575 3791 tam
2626 3737 2910 3807 profunda
2942 3742 3113 3806 atque
3158 3737 3447 3808 perplexa,
3494 3738 3621 3790 nol-

1932 3830 2117 3883 lemus
2165 3828 2315 3881 inter
2349 3828 2553 3880 fratres
2580 3831 2635 3879 et
2664 3825 3021 3878 cliarissimos
3058 3829 3283 3877 nostros
3303 3825 3519 3894 aliquid
3551 3825 3619 3878 de

1934 3916 2023 3971 his
2067 3916 2421 3969 contentiose
2453 3914 2715 3968 ventilari
2752 3914 2837 3966 vel
2869 3918 3082 3966 temere
3114 3912 3361 3979 deﬁniri,
3392 3913 3487 3965 sed
3517 3929 3621 3982 po-

1934 4006 2047 4060 tius
2079 4004 2318 4075 quodin
2350 4004 2430 4058 eis
2462 4008 2679 4057 certum
2710 4006 2793 4055 est
2823 4002 2945 4055 sine
2976 4000 3331 4055 dubitatione
3371 4001 3617 4055 defendi.

1934 4094 2096 4158 Quod
2126 4098 2319 4147 autem
2356 4093 2526 4146 etiam
2558 4092 2708 4145 inter
2749 4106 2987 4161 magnos
3025 4090 3247 4143 diverso
3295 4089 3488 4153 modo,
3524 4088 3621 4142 sed

1934 4199 2050 4237 non
2084 4183 2303 4237 diversa
2352 4182 2563 4253 pietate
2592 4181 2903 4235 sentientes
2949 4178 3289 4249 ambiguum
3335 4181 3501 4248 atque
3533 4177 3619 4231 in-

1933 4277 2151 4326 certum
2189 4271 2484 4336 remansit,
2528 4270 2705 4324 etiam
2731 4269 2881 4338 apud
2923 4284 3028 4321 nos
3066 4272 3121 4320 et
3153 4272 3480 4320 reverenter
3524 4266 3623 4319 ho-

142 4363 412 4417 tendens:
467 4364 773 4429 bonitatem,
820 4378 936 4432 qua
966 4377 1081 4414 non
1111 4360 1233 4413 vult
1264 4375 1394 4413 eum
1429 4359 1645 4429 perire;
1687 4374 1826 4412 seve-
1863 4374 1907 4426 ι)
1939 4360 2153 4427 norari,
2204 4360 2339 4431 quia
2383 4362 2653 4412 neutrum
2714 4372 2911 4411 eorum
2943 4356 3167 4409 videtur
3216 4369 3337 4408 esse
3394 4354 3623 4420 falsum,

140 4452 368 4518 ritatem,
429 4468 545 4522 qua
596 4454 1058 4521 perseverantem
1098 4449 1160 4502 in
1201 4448 1503 4518 iniquitate
1559 4463 1674 4500 non
1706 4447 1831 4500 vult

139 4537 483 4610 impunitum
515 4541 861 4610 relinquere.
899 4537 956 4593 Si
986 4553 1123 4607 ergo
1154 4536 1263 4590 hoc
1292 4535 1443 4606 quod
1472 4535 1540 4588 de
1573 4550 1686 4587 uno
1728 4534 1828 4588 ho-

139 4628 285 4681 mine
308 4628 559 4682 diximus
584 4644 596 4681 :
625 4630 702 4683 De
722 4627 986 4680 universo
1010 4641 1216 4695 genere
1241 4622 1547 4678 hominum
1587 4638 1828 4692 pereun-

139 4714 277 4769 tium
325 4717 597 4770 similiter
641 4716 1017 4785 intelligatur,
1066 4718 1254 4785 potest
1294 4712 1537 4767 forsitan
1570 4727 1686 4764 non
1729 4710 1823 4763 ab-

137 4805 299 4858 surde
362 4805 474 4860 dici
505 4805 663 4876 quod
711 4805 860 4859 Deus
890 4818 1089 4858 omnes
1136 4801 1399 4856 homines
1451 4800 1587 4854 velit
1645 4799 1827 4852 salvos

137 4892 253 4946 ﬁeri
286 4893 545 4948 bonitate
576 4892 887 4958 Creatoris;
920 4896 977 4946 et
1023 4896 1219 4945 tamen
1259 4906 1356 4943 eos
1387 4905 1531 4960 quos
1562 4888 1829 4957 indignos

136 4981 311 5035 salute
336 4982 702 5051 judicaverit,
725 4981 879 5051 justa
901 4980 1111 5051 judicis
1154 4978 1453 5034 severitate
1484 4993 1601 5031 non
1628 4977 1825 5031 salvet.

138 5067 274 5121 Nam
300 5076 361 5123 et
389 5070 451 5123 in
495 5086 608 5124 uno
650 5070 905 5137 homine,
938 5074 1003 5123 ut
1041 5070 1163 5140 jam
1206 5067 1422 5122 dictum
1454 5071 1558 5133 est,
1613 5069 1831 5118 utrum-

134 5173 239 5225 que
272 5158 401 5213 ﬁeri
446 5175 613 5229 posse
666 5158 919 5214 ostendit
945 5158 1272 5228 Apostolus,
1324 5155 1565 5210 dicens:
1612 5176 1637 5201 ‹‹
1689 5153 1829 5207 Vide

136 5261 266 5316 ergo
297 5247 619 5302 bonitatem
665 5253 723 5301 et
770 5247 1131 5301 severitatem
1181 5244 1301 5311 Dei,
1349 5244 1407 5297 in
1438 5243 1554 5297 illis
1597 5243 1831 5313 quidem

136 5336 230 5404 qui
260 5336 592 5390 ceciderunt
637 5336 996 5390 severitatem
1023 5352 1035 5389 :
1068 5335 1125 5387 in
1178 5341 1232 5388 te
1262 5338 1454 5387 autem
1485 5332 1829 5397 bonitatem,

137 5423 181 5475 si
210 5426 603 5493 permanseris
645 5428 703 5478 in
748 5424 1023 5491 bonitate,
1074 5423 1333 5493 alioquin
1364 5427 1420 5475 et
1464 5426 1524 5473 tu
1560 5419 1831 5474 excideris

138 5511 311 5577 (Rom.
349 5531 425 5580 XI,
453 5516 576 5582 22);
613 5533 637 5565 ι)
683 5514 835 5584 quod
872 5519 956 5566 est
993 5517 1188 5583 aperte
1221 5510 1581 5563 severitatem
1612 5510 1831 5563 denun-

138 5600 274 5654 tiare
308 5603 394 5655 illi
426 5603 524 5671 qui
557 5619 673 5656 non
704 5602 1081 5672 permanserit
1112 5600 1173 5654 in
1202 5600 1474 5654 bonitate.

1935 4451 2031 4503 vel
2088 4449 2223 4503 ﬁdei
2256 4448 2640 4515 contrarium;
2676 4451 2731 4499 et
2787 4446 2966 4515 magis
3000 4446 3060 4497 in
3091 4444 3301 4497 talibus
3331 4443 3621 4514 inquietos

1936 4544 1992 4594 et
2039 4537 2428 4591 contentiosos
2484 4536 2555 4589 ad
2599 4532 3029 4604 tranquillitatis
3057 4538 3114 4586 et
3143 4532 3466 4585 sobrietatis
3496 4548 3622 4585 mo-

1936 4626 2174 4682 destiam
2228 4623 2546 4695 provocari,
2608 4638 2780 4693 quam
2833 4637 2938 4691 pro
2987 4621 3275 4675 inusitatis
3331 4625 3386 4674 et
3438 4621 3626 4673 minus

1936 4713 2294 4770 elucentibus
2343 4713 2516 4766 rebus
2546 4711 2800 4781 aliquem
2853 4710 3237 4764 immoderata
3295 4707 3624 4763 austeritate

1939 4821 2003 4858 ac
2030 4803 2328 4858 severitate
2358 4800 2641 4855 damnari.

2584 4922 2809 4977 CAPUT
2847 4922 2980 4977 XIV.

2508 5031 2578 5082 De
2624 5033 2793 5082 morte
2833 5028 3055 5084 Christi.

2006 5153 2354 5224 Adjungitur
2383 5157 2513 5222 post
2538 5153 2659 5206 hac
2688 5152 2747 5205 in
2777 5150 3015 5220 praefata
3035 5148 3277 5218 epistola
3306 5146 3459 5217 quod
3483 5162 3625 5216 pra:-

1940 5241 2210 5295 dicaverit
2250 5240 2344 5293 ille
2389 5238 2729 5292 miserabilis
2770 5235 3107 5300 monachus,
3146 5233 3281 5304 quia
3316 5253 3342 5282 «
3373 5231 3627 5287 Christus

1940 5346 2058 5383 non
2091 5330 2248 5382 venit
2281 5334 2342 5381 ut
2374 5344 2575 5381 omnes
2606 5326 2867 5385 salvaret,
2900 5339 3003 5376 nec
3034 5338 3232 5392 passus
3256 5326 3342 5375 est
3369 5336 3474 5390 pro
3506 5337 3628 5373 om-

1942 5418 2131 5481 nibus,
2182 5417 2293 5470 nisi
2347 5414 2709 5470 solummodo
2753 5428 2857 5482 pro
2903 5411 2990 5464 his
3020 5410 3120 5481 qui
3175 5408 3455 5479 passionis
3506 5408 3629 5479 ejus

1942 5508 2232 5560 salvantur
2264 5506 2556 5575 mysterio.
2594 5527 2618 5548 ››
2651 5502 2757 5555 Sed
2788 5504 2844 5555 et
2890 5500 2958 5554 de
2986 5500 3092 5553 hac
3120 5498 3433 5569 quaestione
3484 5497 3628 5551 nihil

1944 5595 2200 5661 confuse,
2241 5598 2299 5646 et
2328 5590 2743 5645 inconsiderate
2784 5586 2916 5653 dici,
2966 5586 3053 5640 vel
3082 5585 3311 5639 deliniri
3335 5586 3630 5649 vellemus,
