4108 6190
432 363 559 417 10H

1602 362 1915 417 .BEMIGII
1961 362 2445 418 LUCDUNENSIS
2490 363 2816 419 EPISCOPI

3770 372 3880 422 101'!

427 494 603 549 habet
632 495 784 549 enim
816 499 873 547 et
920 494 1045 564 ipsa
1084 492 1552 563 profunditatem,
1612 497 1667 546 et
1719 493 2110 547 difﬁcultatem
2150 496 2195 547 A
2221 500 2304 547 est
2333 493 2668 563 propitiatio
2710 510 2814 564 pro
2847 494 3089 565 peccatis
3136 498 3372 561 nostris;
3428 512 3538 549 non
3583 512 3682 567 pro
3707 501 3885 553 nostris

430 600 612 650 suam,
647 600 757 636 non
806 588 996 636 nostra
1049 582 1519 652 priesumptione,
1570 583 1663 635 sed
1699 581 2119 652 Scripturarum

430 678 754 725 sanctarum
786 671 1047 737 veritate,
1085 676 1141 723 et
1171 670 1625 724 orthodoxorum
1658 672 1891 724 Patrum
1932 675 2121 723 aucto-

429 759 594 811 ritate
629 758 959 827 diligentius
997 757 1484 827 perscrutandam,
1515 764 1570 809 et
1600 757 1659 810 in
1688 762 1966 828 quantum
2018 759 2121 810 Do-

430 847 620 900 minus
651 848 874 915 aperire
903 846 1195 914 dignatur,
1238 845 1482 899 ﬁdeliter
1512 845 1968 915 intelligendam.
2012 846 2123 899 Nos

430 936 581 988 enim
615 934 942 989 ﬁrmissime
979 940 1264 1000 tenemus,
1298 950 1403 987 nec
1451 935 1733 987 ullatenus
1772 935 2124 1003 dubitamus,

424 1024 587 1093 juxta
620 1024 1005 1093 evangelicam
1038 1028 1091 1076 et
1126 1023 1493 1093 apostolicam
1551 1023 1745 1089 ﬁdem,
1818 1023 2125 1076 Dominum

429 1118 693 1165 nostrum
738 1113 930 1165 Jesum
980 1110 1288 1174 Christum,
1340 1116 1628 1179 pastorem
1684 1111 1899 1164 bonum
1952 1132 1978 1159 ‹‹
2013 1112 2128 1164 ani-

432 1214 585 1252 mam
637 1215 799 1251 suam
852 1198 1108 1269 posuisse
1157 1215 1260 1268 pro
1309 1199 1507 1252 ovibus
1556 1200 1713 1266 suis;
1749 1221 1770 1247 ιθ
1825 1200 1971 1253 sicut
2007 1200 2127 1270 ipse

432 1288 613 1341 dicit:
661 1288 829 1358 «Ego
862 1303 986 1339 sum
1039 1292 1228 1356 pastor
1270 1287 1456 1340 bonus
1491 1303 1502 1341 :
1539 1288 1723 1341 bonus
1770 1293 1961 1357 pastor
2005 1292 2125 1341 ani-

433 1392 586 1430 mam
612 1392 773 1429 suam
801 1376 897 1428 dat
929 1392 1031 1445 pro
1050 1376 1265 1429 ovibus.
1293 1396 1320 1426 ι)
1352 1377 1417 1428 Et
1446 1376 1649 1429 iterum
1688 1393 1699 1430 :
1739 1395 1763 1427 «
1791 1377 1947 1430 Sicut
1969 1379 2128 1430 novit

434 1481 525 1518 me
561 1466 746 1533 Pater,
769 1470 825 1517 et
856 1480 961 1534 ego
996 1480 1240 1534 agnosco
1274 1466 1518 1517 Patrem.
1556 1466 1622 1518 Et
1646 1466 1898 1519 animam
1940 1482 2127 1519 meam

435 1571 589 1625 pono
630 1570 735 1624 pro
767 1553 964 1607 ovibus
989 1552 1132 1605 meis
1151 1554 1342 1621 (Joan.
1378 1570 1429 1620 x,
1468 1555 1551 1619 14,
1594 1556 1700 1625 15).
1738 1575 1766 1603 ››
1797 1557 1871 1608 De
1918 1555 2127 1625 quibus

438 1643 637 1696 ovibus
671 1642 805 1695 alibi
843 1642 1049 1696 dicitur
1079 1659 1090 1695 :
1127 1662 1154 1691 «
1187 1642 1341 1695 Sicut
1367 1642 1517 1695 ﬁlius
1548 1642 1801 1696 hominis
1834 1660 1945 1696 non
1978 1644 2131 1697 venit

437 1731 769 1799 ministrari,
804 1731 900 1784 sed
931 1731 1279 1793 ministrare,
1326 1735 1382 1784 et
1417 1732 1551 1784 dare
1593 1732 1848 1784 animam
1880 1749 2041 1786 suam
2071 1734 2127 1786 in

438 1820 891 1890 redemptionem
916 1836 1020 1889 pro
1050 1820 1246 1872 multis
1271 1820 1489 1889 (Matth.
1514 1837 1599 1887 xx,
1630 1823 1721 1887 28)
1750 1837 1761 1874 :
1788 1840 1815 1870 »
1846 1826 1902 1874 et
1934 1835 1946 1873 :
1978 1842 1998 1869 ε
2029 1821 2131 1874 Hic

438 1913 521 1962 est
556 1908 696 1962 calix
724 1908 1027 1978 sanguinis
1078 1907 1192 1960 mei
1249 1907 1388 1961 Novi
1447 1908 1813 1974 Testamenti,
1870 1909 1969 1980 qui
2025 1924 2129 1979 pro

436 1998 619 2063 vobis,
652 2002 706 2051 et
734 2014 839 2067 pro
886 1997 1079 2050 multis
1107 1996 1431 2050 eﬁ'undetur
1473 1996 1533 2049 in
1566 1998 1968 2051 remissionem
2008 2014 2132 2069 pec-

437 2091 695 2139 catorum
732 2087 944 2155 (Matth.
995 2102 1135 2153 xxvr,
1187 2088 1301 2153 28).
1339 2106 1357 2130 ο
1412 2086 1570 2139 Unde
1617 2090 1674 2138 et
1702 2088 2004 2155 Apostolus
2045 2086 2129 2141 di-

438 2175 511 2229 cit
547 2192 557 2228 :
591 2194 619 2225 a
668 2174 755 2229 Sic
804 2180 862 2228 et
891 2174 1146 2229 Christus
1196 2175 1369 2227 semel
1418 2174 1640 2227 oblatus
1680 2180 1765 2228 est
1795 2176 1867 2228 ad
1916 2177 2131 2229 multo-

438 2281 564 2318 rum
598 2263 986 2318 exhaurienda
1015 2268 1244 2332 peccata
1265 2263 1445 2331 (chr.
1489 2280 1562 2328 ix,
1593 2265 1708 2333 28).
1746 2282 1771 2313 »
1814 2265 1879 2317 Et
1908 2264 2008 2334 qui
2038 2263 2131 2316 isti

438 2357 571 2406 sunt
617 2351 1052 2422 diligentissime
1098 2351 1516 2404 commendavit
1553 2351 1789 2405 dicens:
1843 2371 1870 2403 ι(
1896 2353 1961 2405 Et
2011 2368 2130 2405 am-

437 2442 631 2495 bulate
662 2441 719 2493 in
753 2440 1073 2507 dilectione,
1108 2441 1253 2493 sicut
1282 2444 1338 2493 et
1377 2439 1632 2494 Christus
1672 2440 1863 2493 dilexit
1920 2457 2044 2506 nos,
2079 2446 2135 2494 et

441 2529 676 2582 tradidit
697 2530 1069 2598 semetipsum
1092 2544 1194 2598 pro
1221 2527 1386 2581 nobis
1408 2528 1754 2581 oblationem
1790 2533 1846 2582 et
1885 2528 2130 2582 hostiam

444 2620 557 2671 Deo
608 2618 667 2669 in
719 2616 891 2670 odore
951 2616 1244 2669 suavitatis
1296 2616 1513 2685 (Ephes.
1548 2632 1600 2683 v,
1647 2616 1723 2685 2).
1763 2638 1782 2663 ι
1834 2617 1901 2669 Et
1948 2617 2131 2671 alibi:

444 2728 470 2755 ‹‹
505 2706 729 2769 Quanto
770 2704 971 2771 magis,
1000 2725 1026 2749 ››
1073 2703 1282 2774 inquit,
1313 2724 1339 2751 ‹‹
1372 2703 1605 2773 sanguis
1636 2704 1862 2772 Christi,
1896 2705 1994 2775 qui
2032 2721 2137 2774 per

444 2794 721 2865 Spiritum
753 2798 1008 2846 sanctum
1041 2792 1415 2861 semetipsum
1448 2792 1655 2846 obtulit
1702 2793 2135 2847 immaculatum

446 2886 559 2937 Deo
611 2881 945 2936 emundavit
989 2872 1397 2934 conscientiam
1454 2886 1697 2934 vestram
1752 2882 1822 2935 ab
1872 2882 2137 2952 operibus

444 2972 706 3037 mortuis,
741 2971 811 3024 ad
845 2970 1206 3023 serviendum
1238 2971 1352 3024 Deo
1387 2970 1598 3024 viventi
1627 2970 1809 3039 (Hebr.
1854 2987 1925 3037 ix,
1967 2972 2073 3039 14).
2104 2990 2132 3023 »

447 3063 511 3115 Et
538 3061 795 3113 iterum:
838 3082 858 3107 α
894 3058 1000 3123 Qui
1047 3058 1204 3112 dedit
1253 3058 1625 3128 semetipsum
1670 3074 1775 3128 pro
1838 3059 2023 3125 nobis,
2073 3063 2138 3113 ut

446 3166 547 3203 nos
580 3147 887 3201 redimeret
919 3147 986 3200 ab
1024 3147 1180 3200 omni
1227 3146 1548 3218 iniquitate,
1598 3158 1655 3200 et
1685 3148 1990 3201 mundaret
2028 3148 2136 3201 sibi

446 3239 725 3308 populum
759 3236 1186 3306 acceptabilem,
1213 3240 1548 3289 sectatorem
1580 3235 1862 3288 bonorum
1897 3252 2137 3306 operum

449 3327 577 3396 (Tit.
622 3342 679 3391 ιι,
713 3326 825 3391 14).
862 3346 883 3372 ι
937 3326 1001 3378 Et
1030 3325 1144 3378 alio
1190 3324 1312 3377 loco
1345 3340 1356 3377 :
1413 3324 1569 3387 «Qui
1596 3324 1777 3377 factus
1812 3330 1897 3378 est
1926 3324 1986 3378 in
2030 3341 2136 3378 no-

452 3416 558 3481 bis,
594 3437 620 3464 »
678 3416 885 3485 inquit,
930 3432 957 3463 «
989 3413 1271 3483 sapientia
1300 3429 1332 3465 a
1382 3414 1498 3467 Deo
1552 3418 1608 3466 et
1646 3414 1869 3482 justitia
1919 3419 1974 3468 et
2008 3431 2133 3468 san-

448 3503 713 3557 ctiﬁcatio
770 3507 825 3555 et
884 3500 1203 3571 redemptio
1262 3503 1310 3569 (Ι
1357 3502 1475 3557 Cor.
1514 3518 1550 3568 ι,
1604 3504 1716 3571 30).
1750 3523 1776 3552 »
1831 3504 1947 3555 Hoc
1994 3502 2137 3557 etin

450 3592 685 3645 Psalmis
744 3589 1009 3643 similiter
1069 3594 1151 3642 est
1206 3590 1672 3659 praenuntiatum,
1726 3590 1823 3644 ubi
1867 3591 2132 3645 canitur:

451 3698 479 3729 «
512 3679 984 3748 Redemptionem
1042 3677 1198 3730 misit
1233 3678 1508 3732 Dominus
1560 3679 1773 3748 populo
1815 3696 1917 3732 suo
1960 3680 2132 3750 (Psal.

450 3785 532 3835 cx,
566 3770 699 3835 9);»
744 3774 837 3821 et:
898 3787 925 3817 ‹‹
962 3766 1270 3820 Redemisti
1321 3766 1381 3820 in
1431 3767 1663 3821 brachio
1710 3774 1809 3822 tuo
1858 3770 2138 3840 populum

452 3863 613 3911 tuum
665 3858 830 3923 (Psat.
886 3872 1066 3923 Lxxv1,
1123 3857 1205 3909 16.
1246 3876 1271 3903 »
1328 3857 1388 3909 Et
1434 3856 1690 3909 iterum:
1739 3880 1757 3904 α
1795 3857 1939 3921 Quia
1987 3857 2135 3927 apud

450 3946 758 4000 Dominum
808 3944 1215 4011 misericordia,
1274 3949 1327 3997 et
1376 3944 1606 4014 copiosa
1661 3946 1812 4015 apud
1871 3962 2000 3999 eum
2049 3963 2136 3999 re-

450 4033 702 4105 demptio
736 4050 748 4086 :
783 4038 839 4085 et
870 4033 990 4102 ipse
1024 4033 1266 4085 redimet
1296 4033 1466 4085 Israel
1515 4049 1583 4085 ex
1611 4032 1875 4086 omnibus
1922 4033 2136 4104 iniqui-

449 4124 659 4177 tatibus
687 4123 808 4193 ejus
840 4122 1007 4191 (Psal.
1042 4136 1220 4185 cxxrx,
1254 4124 1304 4184 7,
1336 4120 1408 4189 8).
1440 4142 1459 4167 ι

523 4214 634 4265 Hoc
662 4210 829 4264 nobis
874 4214 930 4261 et
976 4209 1418 4262 sacratissimum
1447 4224 1656 4262 nomen
1679 4209 1800 4277 ejus
1840 4225 2136 4263 commen-

453 4303 547 4355 dat
592 4306 648 4353 et
704 4299 943 4369 angelus
994 4298 1157 4351 docet
1201 4296 1432 4349 dicens:
1474 4319 1492 4343 α
1552 4297 1616 4349 Et
1660 4297 1882 4350 vocabis
1927 4313 2137 4351 nomen

452 4391 572 4459 ejus
598 4391 808 4453 Jesum,
843 4387 962 4456 ipse
990 4386 1141 4438 enim
1175 4385 1392 4439 salvum
1438 4384 1601 4438 faciet
1647 4385 1926 4455 populum
1973 4404 2139 4441 suum

451 4495 483 4530 a
530 4476 771 4547 peccatis
814 4492 1011 4528 eorum
1047 4475 1263 4543 (Matth.
1316 4492 1352 4536 ι,
1384 4476 1500 4544 21.)
1535 4496 1555 4522 ι
1614 4476 1721 4527 Pro
1770 4474 1857 4527 his
1889 4491 2138 4547 namque

452 4570 506 4617 et
535 4564 654 4634 ipse
696 4562 971 4616 Dominus
1013 4578 1070 4615 se
1120 4561 1179 4614 in
1210 4561 1465 4631 patibulo
1497 4561 1676 4615 crucis
1709 4563 2016 4617 exaltatum
2046 4570 2139 4618 te-

452 4659 652 4718 statur,
682 4652 911 4706 dicens:
948 4670 975 4701 (ι
1009 4651 1072 4704 Et
1100 4651 1246 4703 sicut
1278 4652 1493 4721 Moyses
1524 4650 1786 4704 exaltavit
1816 4657 2137 4722 serpentem

450 4742 510 4795 in
540 4741 785 4805 deserto,
842 4739 921 4792 ita
952 4737 1182 4791 exaltari
1225 4744 1450 4808 oportet
1499 4739 1705 4792 Filium
1752 4740 2033 4806 hominis;
2075 4745 2139 4793 ut

452 4830 640 4884 omnis
672 4830 807 4900 quia
853 4827 1032 4881 credit
1068 4827 1127 4880 in
1160 4827 1351 4895 ipsum
1400 4843 1518 4880 non
1549 4834 1764 4896 pereat,
1806 4828 1905 4881 sed
1935 4828 2141 4882 habeat

451 4917 627 4969 vitam
686 4920 990 4980 aeternam;
1038 4935 1057 4960 ι
1108 4913 1209 4966 ubi
1249 4920 1305 4966 et
1346 4913 1537 4966 statim
1594 4914 1935 4983 subjunxit:
1990 4936 2018 4964 ‹‹
2049 4915 2140 4969 Sic

452 5005 605 5057 enim
637 5009 691 5057 ct
727 5004 874 5057 Deus
901 5000 1097 5055 dilexit
1137 5001 1438 5065 mundum,
1472 5007 1535 5055 ut
1563 5002 1747 5056 ﬁlium
1796 5018 1962 5055 suum
2007 5004 2136 5057 uni-

450 5094 711 5163 genitum
785 5092 946 5145 daret
1006 5092 1180 5161 (Joan.
1241 5107 1322 5155 Ill,
1382 5092 1588 5155 14-16).
1644 5108 1674 5142 »
1736 5092 1800 5145 Et
1855 5092 1983 5161 quis
2031 5093 2138 5146 iste

451 5183 524 5236 sit
562 5180 810 5235 mundus
841 5195 1013 5249 quem
1054 5180 1199 5232 Deus
1230 5178 1446 5243 dilexit,
1482 5182 1537 5230 et
1579 5194 1682 5249 pro
1718 5196 1828 5249 quo
1874 5181 2136 5251 unigeni-

449 5277 574 5325 tum
606 5284 776 5324 suum
815 5268 988 5334 dedit,
1026 5267 1296 5320 continuo
1336 5282 1627 5336 exponens
1666 5268 1925 5335 adjunxit
1960 5286 1971 5322 ε
2010 5290 2038 5318 ‹‹
2071 5271 2141 5323 Ut

452 5359 640 5412 omnis
671 5356 770 5427 qui
801 5356 983 5410 credit
1024 5355 1083 5409 in
1130 5354 1319 5425 ipsum
1371 5370 1488 5407 non
1529 5360 1743 5425 pereat,
1781 5357 1878 5411 sed
1931 5357 2141 5412 habeat

454 5445 630 5498 vitam
662 5450 956 5509 aeternam,
994 5464 1014 5490 ι
1062 5442 1140 5496 sic
1181 5443 1334 5496 enim
1389 5447 1447 5495 et
1475 5442 1556 5497 ibi
1603 5442 2010 5513 intelligendus
2057 5450 2142 5499 est

453 5532 700 5585 mundus
732 5532 844 5584 Deo
877 5532 1135 5595 dilectus,
1160 5534 1216 5583 et
1244 5547 1345 5601 per
1370 5530 1734 5599 Unigenitum
1766 5531 1888 5601 ejus
1916 5533 2139 5586 redem-

454 5624 605 5689 ptus,
637 5618 737 5672 ubi
761 5619 961 5673 beatus
990 5621 1233 5674 Joannes
1277 5620 1567 5689 apostolus
1611 5619 1748 5674 dicit
1779 5636 1791 5673 :
1850 5642 1876 5669 ‹‹
1928 5622 1991 5674 Et
2018 5621 2139 5691 ipse

2171 1791 2210 1845 Β

2228 585 2421 635 autem
2472 586 2716 647 tantum,
2774 582 2870 635 sed
2902 586 2958 635 et
2995 598 3097 652 pro
3158 583 3332 635 totius
3386 583 3585 636 mundi
3642 587 3693 654 (Ι
3746 589 3883 641 Joau.

2230 686 2287 737 ιι,
2313 673 2367 739 '2)
2386 688 2398 736 ;
2420 688 2449 721 ι)
2483 676 2539 723 et
2560 670 2655 723 ubi
2681 672 2738 725 Β.
2766 671 2977 724 Paulus
2994 672 3280 740 apostolus
3303 671 3438 724 dicit
3464 688 3476 724 :
3499 694 3525 721 ‹‹
3558 674 3700 725 Deus
3717 680 3821 727 erat
3842 676 3886 728 in

2232 760 2454 813 Christo
2489 759 2768 812 mundum
2801 759 3175 813 reconcilians
3207 759 3335 823 sibi,
3373 776 3486 813 non
3518 767 3780 830 reputans
3800 765 3891 817 illis

2230 848 2434 901 delicta
2462 848 2716 917 ipsorum
2747 846 2825 917 (II
2859 851 2985 900 (Ὃν.
3012 865 3066 914 v,
3104 847 3213 917 19).
3255 870 3274 894 ι
3316 849 3403 901 Est
3452 864 3699 920 namque
3747 867 3891 904 mun—

2231 936 2337 989 dus
2367 936 2425 988 in
2474 936 2803 989 inﬁdelibus
2862 938 3041 987 inurit
3070 952 3131 988 us
3174 938 3305 1003 Deo,
3357 953 3459 990 nec
3526 938 3895 992 reconciliatus

2234 1026 2369 1077 Deo.
2397 1026 2472 1078 De
2508 1039 2622 1094 quo
2666 1024 2942 1093 scriptum
2986 1032 3113 1078 est:
3158 1041 3185 1073 α
3224 1025 3287 1076 Et
3332 1025 3581 1077 mundus
3634 1042 3758 1079 eum
3796 1043 3889 1081 non

2233 1112 2574 1183 cognovit.»
2602 1115 2663 1165 Et
2685 1112 2890 1166 iterum
2923 1129 2935 1167 :
2970 1134 2997 1161 «
3024 1114 3086 1166 Et
3113 1113 3361 1165 mundus
3390 1118 3540 1167 totus
3573 1117 3631 1166 in
3671 1116 3895 1185 maligno

2234 1201 2455 1271 positus
2491 1206 2573 1253 est
2604 1201 2659 1268 (Ι
2684 1203 2839 1255 Joan.
2886 1219 2937 1267 v,
2977 1201 3081 1270 19).
3111 1221 3136 1250 ι)
3186 1200 3357 1254 Totus
3401 1218 3536 1272 ergo
3579 1204 3817 1256 mundus
3851 1205 3896 1257 in

2235 1291 2441 1354 salute,
2475 1294 2532 1342 et
2559 1295 2711 1342 totus
2738 1290 2795 1343 in
2838 1289 3261 1355 incredulitate;
3295 1294 3448 1342 totus
3494 1292 3551 1344 in
3596 1292 3895 1345 reconcilia-

2236 1380 2408 1440 tione,
2448 1386 2503 1431 et
2533 1383 2686 1431 totus
2737 1379 2795 1431 in
2843 1378 3185 1443 inimicitiis;
3238 1379 3371 1449 quia
3403 1384 3452 1432 et
3485 1381 3579 1433 ille
3602 1382 3663 1433 in
3692 1397 3787 1434 suo
3814 1398 3895 1451 ge-

2239 1482 2372 1518 nere
2406 1470 2579 1535 totus,
2615 1471 2670 1519 et
2700 1467 2804 1519 iste
2834 1466 2896 1519 in
2945 1482 3046 1519 suo
3077 1482 3286 1535 genere
3320 1462 3473 1520 totus
3518 1467 3897 1538 intelligendus

2238 1560 2340 1608 est.

2898 1643 3121 1697 CAPUT
3158 1643 3271 1696 XV.

2240 1748 2382 1804 Ordo
2421 1750 2907 1814 reconciliationis;
2965 1753 3012 1803 1.
3060 1751 3401 1814 Electorum;
3439 1754 3489 1803 '2.
3524 1751 3785 1805 Fidelium
3813 1767 3906 1805 om-

2308 1822 2459 1873 nium
2508 1822 2605 1888 qui
2648 1836 2753 1873 non
2777 1827 3155 1889 perseverant;
3209 1824 3261 1874 3.
3296 1821 3703 1891 Vocandorum;
3751 1824 3905 1875 4.1::-

2311 1891 2548 1958 ﬁdeltum
2562 1932 2571 1941 .

2310 1998 2373 2049 In
2402 1997 2503 2050 hac
2531 1996 2940 2067 redemptionis
2970 2002 3025 2049 et
3065 1997 3541 2052 reconciliationis
3588 2000 3771 2068 gratia
3813 1999 3906 2069 pri—

2242 2101 2369 2138 mus
2413 2086 2551 2139 ordo
2591 2091 2673 2139 est
2712 2087 3022 2139 electorum
3056 2092 3109 2140 et
3151 2087 3693 2156 prmdestinatorum
3739 2089 3800 2140 ad
3843 2087 3901 2139 vi-

2240 2180 2355 2228 tam
2388 2180 2665 2228 aeternam
2701 2191 2713 2227 :
2749 2174 2817 2227 de
2840 2175 3048 2244 quibus
3076 2176 3264 2244 perire
3296 2176 3487 2229 nullus
3516 2181 3724 2245 potest,
3752 2183 3801 2230 et
3828 2176 3905 2245 qui

2242 2264 2478 2315 omnino
2507 2280 2705 2315 omnes
2746 2265 3034 2316 salvantur
3065 2272 3121 2316 et
3170 2264 3240 2317 ad
3285 2280 3426 2333 quos
3476 2265 3748 2334 pertinet,
3778 2263 3907 2334 quod

2242 2351 2517 2404 Dominus
2547 2351 2720 2404 dicit:
2762 2373 2787 2400 ‹‹
2824 2351 2928 2415 Qui
2964 2352 3406 2420 perseveraverit
3435 2369 3613 2422 usque
3650 2353 3707 2405 in
3739 2354 3906 2413 ﬁnem,

2241 2439 2335 2493 hic
2382 2440 2569 2491 salvus
2619 2439 2727 2492 erit
2758 2440 2971 2509 (Matth.
3015 2457 3067 2503 x,
3116 2440 3229 2507 2’2).
3262 2460 3289 2491 »
3324 2440 3619 2493 Secundus
3663 2440 3797 2493 ordo
3841 2443 3909 2491 est

2245 2544 2447 2581 eorum
2474 2528 2729 2581 ﬁdelium
2765 2527 2863 2597 qui
2896 2533 3043 2581 recta
3075 2527 3186 2580 ﬁde
3212 2532 3267 2580 et
3294 2528 3502 2597 pietate
3551 2529 3821 2581 accedunt
3856 2527 3911 2578 ad

2244 2615 2488 2685 gratiam
2522 2615 2808 2684 baptismi,
2834 2620 2891 2668 et
2921 2631 3022 2684 per
3052 2631 3179 2668 eam
3213 2616 3493 2685 accipiunt
3514 2616 3907 2687 indulgentiam

2243 2708 2630 2774 peccatorum,
2671 2703 2939 2773 baptizati
2982 2704 3040 2756 in
3082 2710 3264 2757 morte
3309 2705 3535 2771 Christi,
3569 2711 3628 2759 et
3680 2706 3847 2758 abluti
3887 2721 3913 2755 a

2244 2791 2490 2862 peccatis
2521 2792 2636 2845 suis
2666 2793 2724 2844 in
2758 2792 3035 2862 sanguine
3067 2793 3209 2862 ejus,
3244 2809 3306 2846 ac
3336 2809 3441 2862 per
3473 2795 3581 2847 hoc
3637 2793 3912 2864 participes

2243 2880 2653 2950 redemptionis
2684 2881 2861 2950 ipsius
2913 2882 3126 2947 effecti;
3179 2883 3275 2935 sed
3307 2888 3501 2952 postea
3546 2883 3783 2935 diversis
3820 2886 3915 2935 ten-

2245 2969 2558 3023 tationibus
2588 2973 2643 3021 et
2674 2970 3077 3040 iniquitatibus
3108 2971 3349 3039 gratiam
3386 2971 3563 3040 ipsius
3592 2972 3729 3024 ﬁdei
3760 2977 3810 3023 et
3837 2987 3914 3023 re-

2245 3058 2593 3127 demptionis
2624 3058 2891 3111 amittunt
2940 3064 3374 3128 perseverantes
3413 3060 3473 3111 in
3508 3061 3677 3113 malis
3708 3060 3835 3119 suis.
3871 3064 3916 3111 et

2246 3146 2324 3198 sic
2358 3146 2427 3199 de
2458 3148 2663 3199 smculo
2693 3153 2981 3200 exeuntes.
3018 3148 3095 3200 De
3146 3148 3411 3216 qualibus
3443 3148 3579 3201 dicit
3638 3148 3915 3217 Apostolus

2247 3234 2396 3303 quod
2428 3254 2453 3283 ‹‹
2488 3251 2729 3304 regnum
2763 3235 2864 3289 Dei
2888 3252 3000 3288 non
3028 3240 3453 3306 consequentur
3480 3237 3627 3303 (Gal.
3664 3253 3716 3300 γ,
3753 3236 3857 3306 21;)
3897 3256 3913 3280 ι

2246 3328 2301 3376 et
2343 3342 2369 3372 «
2405 3323 2540 3393 quia
2572 3339 2689 3376 non
2716 3324 2924 3377 habent
2949 3324 3340 3377 haereditatem
3372 3325 3430 3377 in
3457 3340 3637 3394 regno
3664 3325 3860 3379 Christi
3876 3330 3919 3375 et

2248 3411 2347 3465 Dei
2377 3413 2599 3481 (Ephes.
2632 3428 2685 3479 v,
2735 3416 2818 3482 5);
2850 3435 2875 3461 ››
2923 3413 3130 3482 quibus
3157 3413 3328 3466 etiam
3366 3413 3645 3467 Dominus
3682 3430 3737 3466 se
3767 3413 3919 3465 dictu~

2248 3516 2377 3553 rum
2411 3500 2815 3567 comminatur,
2846 3501 3040 3555 dicens
3076 3518 3089 3554 :
3124 3520 3151 3550 «
3182 3506 3359 3555 Amen
3391 3502 3509 3555 dico
3544 3503 3727 3565 vobis,
3754 3500 3919 3554 nescio

2248 3605 2341 3642 vos
2356 3590 2572 3657 (Matth.
2599 3606 2719 3649 xxv,
2742 3593 2832 3655 t2;
2869 3609 2894 3639 ι)
2918 3590 3068 3643 unde
3082 3590 3304 3642 etidem
3322 3590 3609 3659 apostolus
3638 3590 3709 3642 de
3730 3586 3920 3640 eisdem

2248 3677 2488 3748 gratiam
2522 3678 2724 3733 Christi
2756 3679 2814 3732 in
2847 3678 3089 3732 Ecclesia
3119 3677 3460 3744 consecutis,
3486 3678 3582 3730 sed
3615 3693 3744 3730 eam
3782 3674 3923 3728 mini—

2249 3782 2339 3820 me
2370 3766 2725 3819 servantibus
2744 3766 3076 3819 terribiliter
3097 3766 3398 3819 denuntiat
3418 3766 3613 3819 dicens
3634 3783 3647 3819 :
3678 3787 3703 3815 «
3724 3766 3922 3829 Quanto

2248 3854 2431 3925 magis
2462 3855 2676 3924 putatis
2705 3855 2992 3908 deteriora
3027 3855 3233 3908 mereri
3266 3855 3566 3924 supplicia,
3603 3856 3706 3925 qui
3744 3854 3924 3908 Filium

2249 3942 2349 3996 Dei
2381 3942 2816 4009 conculcaverit,
2850 3948 2905 3994 et
2936 3942 3275 4012 sanguinem
3299 3942 3627 3995 testamenti
3661 3943 3922 4012 pollutum

2248 4030 2491 4097 duxerit,
2524 4029 2583 4082 in
2614 4046 2729 4100 quo
2779 4030 3164 4083 sanctiﬁcatus
3214 4035 3319 4095 est,
3368 4034 3425 4082 et
3460 4028 3695 4097 spiritui
3747 4027 3923 4099 gratim

2248 4118 2657 4172 contumeliam
2684 4119 2878 4173 fecerit
2902 4120 3081 4189 (Hebr.
3105 4136 3160 4183 x,
3193 4119 3301 4188 29).
3338 4140 3364 4165 ››
3398 4118 3465 4171 Et
3499 4119 3713 4172 iterum
3743 4135 3756 4171 :
3789 4139 3813 4165 (τ
3840 4118 3925 4169 lm-

2246 4208 2515 4277 possibile
2549 4213 2634 4261 est
2673 4208 2825 4261 enim
2886 4224 3002 4275 eos,
3053 4211 3153 4278 qui
3187 4207 3359 4260 semel
3419 4212 3551 4260 sunt
3613 4205 3923 4269 illuminati,

2248 4301 2623 4364 gustaverunt
2659 4297 2829 4349 etiam
2863 4296 3079 4349 donum
3111 4296 3353 4359 cmleste,
3390 4301 3445 4349 et
3474 4296 3784 4366 participes
3815 4298 3927 4347 sunt

2180 4388 2222 4441 D
2254 4386 2383 4439 facti
2436 4386 2679 4455 Spiritus
2735 4386 2945 4451 sancti;
2991 4389 3360 4455 gustaverunt
3416 4385 3798 4439 nihilominus
3837 4384 3926 4436 bo-

2251 4490 2389 4529 num
2416 4474 2515 4528 Dei
2544 4475 2803 4542 verbum,
2839 4477 3192 4545 virtutesque
3221 4474 3411 4527 saeculi
3446 4474 3691 4533 venturi,
3734 4479 3788 4527 et
3814 4489 3925 4544 pro-

2249 4564 2391 4633 lapsi
2433 4568 2585 4627 sunt,
2626 4563 2887 4616 renovari
2927 4579 3121 4616 rursus
3152 4564 3220 4616 ad
3260 4562 3679 4633 penitentiam,
3716 4576 3922 4615 rursum

2249 4652 2646 4722 cruciﬁgentes
2678 4652 3047 4722 sibimetipsis
3088 4652 3291 4705 Filium
3324 4652 3442 4715 Dei,
3482 4657 3537 4704 et
3564 4652 3811 4705 ostentui
3841 4651 3923 4702 ha-

2248 4741 2445 4794 bentes
2512 4741 2693 4810 (Hebr.
2747 4756 2822 4805 vr,
2872 4741 2989 4794 4-6.
3042 4760 3069 4791 »
3100 4741 3378 4809 tPropter
3430 4740 3540 4793 hoc
3592 4739 3923 4793 horrendum

2248 4829 2461 4882 malum
2503 4828 2994 4899 transgressionis,
3050 4832 3105 4882 et
3176 4828 3505 4881 amissionis
3557 4829 3761 4898 gratia:
3826 4824 3924 4885 Dei,

2249 4916 2408 4969 omni
2440 4916 2758 4969 intentione
2780 4916 3095 4969 cavendum
3118 4922 3287 4985 atque
3317 4916 3657 4986 fugiendum
3678 4937 3693 4981 ;
3713 4915 3862 4969 omni
3880 4914 3929 4965 ﬁ-

2250 5004 2363 5058 deli
2416 5004 2692 5057 Dominus
2753 5004 2811 5056 in
2873 5005 3211 5075 Apocalypsi
3270 5004 3453 5057 dicit:
3514 5025 3535 5052 ι
3596 5006 3751 5058 Tene
3795 5000 3926 5074 quod

2248 5092 2443 5157 habes,
2478 5098 2539 5145 ut
2587 5109 2757 5146 nemo
2788 5093 3027 5163 accipiat
3072 5108 3346 5146 coronam
3395 5098 3553 5146 tuam
3616 5094 3811 5161 (Apoc.
3862 5108 3927 5142 Ill.

2253 5180 2358 5250 11).
2388 5201 2415 5229 n
2468 5181 2533 5233 Et
2570 5180 2828 5234 iterum:
2883 5203 2904 5227 ι
2945 5182 3072 5234 Esto
3108 5181 3293 5233 ﬁdelis
3336 5197 3516 5250 usque
3568 5180 3635 5234 ad
3680 5186 3928 5235 mortem.

2250 5273 2307 5322 et
2331 5269 2477 5322 dabo
2508 5269 2612 5322 tibi
2643 5285 2911 5322 coronam
2942 5269 3071 5321 vitae
3096 5269 3286 5339 (Apoc.
3322 5285 3378 5335 ιι,
3411 5270 3514 5338 10).
3556 5290 3575 5316 ι
3604 5270 3670 5321 Et
3700 5273 3930 5338 Aposto-

2248 5358 2337 5411 lus
2387 5358 2653 5411 admonet
2721 5362 2892 5428 atque
2954 5358 3235 5423 hortatur,
3286 5356 3519 5410 dicens:
3582 5380 3602 5403 ι
3634 5356 3931 5424 Participes

2250 5444 2403 5499 enim
2434 5445 2639 5500 Christi
2664 5445 2848 5499 effecti
2878 5461 3096 5511 sumus,
3133 5445 3390 5498 sitamen
3410 5444 3637 5498 initium
3672 5446 3929 5499 substan-

2248 5535 2343 5588 tias
2366 5550 2545 5604 usque
2572 5536 2640 5587 ad
2666 5534 2838 5587 ﬁnem
2870 5534 3100 5587 ﬁrmum
3133 5539 3430 5587 teneamus
3462 5534 3641 5603 (Hebr.
3665 5551 3745 5599 ιιι,
3776 5533 3881 5599 ti);
3908 5551 3927 5575 ο

2250 5628 2306 5675 et
2335 5623 2541 5676 iterum
2576 5638 2587 5675 :
2628 5644 2647 5670 ι
2675 5622 2934 5676 Christus
2966 5638 3098 5676 vero
3130 5627 3403 5692 tanquam
3452 5623 3602 5676 ﬁlius
3659 5623 3725 5675 in
3774 5622 3930 5675 domo
