4108 6190
202 365 338 416 1013

1445 364 1652 420 LIBER
1696 366 1783 419 DE
1820 366 2074 421 TRIBUS
2115 362 2484 419 EPISTOLIS.

3561 364 3697 417 1014

196 506 319 553 sua,
369 506 499 560 qua:
540 490 745 543 domus
774 507 974 545 sumus
1005 509 1127 555 nos,
1169 494 1216 546 si
1256 495 1521 548 fiduciam
1557 500 1612 549 et
1640 496 1883 565 gloriam
1922 501 1967 551 A
1989 494 2101 549 alio
2135 495 2256 548 loco
2301 494 2371 548 de
2404 493 2732 547 infidelibus
2761 510 2773 547 :
2813 493 3163 564 [Quomodo,
3210 493 3420 565 inquit,
3454 494 3574 549 istis
3607 495 3697 549 di-

195 580 316 649 spei
335 594 518 641 usque
540 578 608 631 ad
631 578 805 632 ﬁnem
828 581 1055 634 ﬁrmam
1082 583 1426 636 retineamus
1450 584 1635 651 (Hebr.
1662 601 1739 650 ιιι,
1766 584 1839 649 6).
1864 605 1889 633 ›>

195 666 415 719 Tertius
459 672 649 721 autem
683 668 822 721 ordo
854 685 1054 723 eorum
1088 671 1183 740 qui
1224 672 1292 723 ad
1326 673 1472 724 hanc
1518 672 1762 740 gratiam
1793 689 1890 726 ac—

195 755 424 819 cedunt,
458 756 518 808 in
553 755 664 809 illis
702 756 1069 826 accipiendos
1109 764 1212 823 est,
1248 760 1346 829 qui
1376 760 1562 813 adhuc
1591 762 1650 814 in
1688 762 1887 816 inﬁde-

190 843 353 897 litate
406 844 593 913 positi,
647 846 884 898 vocandi
913 850 1104 899 tamen
1132 852 1265 899 sunt
1297 864 1398 917 per
1443 849 1887 903 misericordiam

193 932 318 997 Dei,
376 937 431 986 et
461 933 567 986 hoc
597 932 719 985 sine
750 933 923 987 dubio
956 934 1015 987 in
1049 936 1292 989 Ecclesia
1338 938 1691 990 consecuturi
1738 938 1890 1009 quod

190 1021 481 1074 consecuti
500 1026 650 1086 sunt,
668 1025 724 1074 et
743 1022 825 1075 illi
846 1022 958 1075 duo
981 1024 1211 1077 ordines
1234 1024 1349 1077 sive
1372 1028 1889 1094 perseverantium,

191 1108 310 1161 sive
343 1126 458 1162 non
484 1110 976 1179 perseverantium
1007 1112 1065 1164 in
1096 1113 1281 1181 gratia
1312 1114 1542 1178 Christi,
1576 1115 1644 1167 de
1677 1116 1887 1185 quibus

183 1197 307 1266 jam
348 1196 613 1251 diximus.
653 1199 731 1251 De
763 1198 850 1251 his
896 1215 1143 1270 namque
1177 1202 1403 1255 Domini
1438 1219 1569 1255 voce
1601 1203 1887 1271 promitti-

187 1286 322 1335 tur:
384 1307 404 1331 ι
464 1282 571 1346 Qui
629 1284 938 1337 crediderit
996 1291 1047 1338 et
1110 1286 1428 1356 baptizatus
1490 1288 1656 1342 fuerit
1705 1290 1890 1341 salvus

189 1371 303 1424 erit
378 1374 563 1437 (Marc.
645 1387 755 1439 xw,
826 1374 930 1441 16).
1002 1394 1028 1421 ››
1110 1374 1352 1437 Quartus
1417 1392 1549 1429 vero
1615 1376 1750 1429 ordo
1821 1376 1889 1430 de

188 1474 306 1528 quo
340 1459 528 1512 statim
563 1460 961 1529 subjungitur:
998 1481 1025 1510 α
1069 1462 1176 1525 Qui
1210 1468 1405 1516 autem
1441 1480 1553 1517 non
1584 1463 1891 1518 crediderit

186 1546 667 1600 condemnabitur
755 1548 933 1617 (ἰὸἰά.)
1038 1570 1064 1597 »
1159 1552 1460 1605 manifeste
1544 1557 1702 1605 extra
1780 1569 1886 1605 nu-

186 1650 415 1687 merum
488 1634 746 1688 ﬁdelium
789 1637 956 1704 jacet,
1028 1643 1085 1691 et
1146 1644 1377 1693 (eterna:
1423 1641 1889 1694 condemnationi

185 1727 271 1775 est
306 1722 651 1788 destinatus;
686 1724 950 1793 qualibus
999 1724 1216 1779 dictum
1249 1732 1372 1779 est:
1428 1748 1455 1776 «
1503 1729 1610 1782 Sed
1643 1746 1739 1781 vos
1772 1745 1888 1782 non

184 1809 440 1877 creditis,
490 1811 626 1880 quia
677 1827 787 1864 non
846 1812 980 1865 estis
1039 1829 1107 1867 ex
1168 1814 1365 1868 ovibus
1418 1816 1559 1869 meis
1606 1820 1786 1883 (Joan.
1830 1834 1884 1882 x,

186 1898 314 1967 26);
356 1919 379 1946 ι
438 1903 530 1952 et:
572 1922 591 1946 ι
630 1901 938 1969 Propterea
981 1918 1081 1954 vos
1111 1918 1225 1956 non
1270 1904 1498 1971 auditis,
1534 1906 1633 1974 qui
1675 1922 1739 1958 ex
1773 1907 1885 1959 Deo

186 2002 310 2040 non
341 1987 470 2041 estis
496 1987 669 2058 (Joan.
702 2006 814 2055 vin,
849 1991 974 2057 47);
1010 2012 1036 2038 »
1070 1995 1161 2044 et:
1198 2011 1225 2041 α
1271 1992 1376 2056 Qui
1404 2009 1519 2046 non
1551 1994 1730 2047 credit
1765 1995 1888 2063 jam

177 2075 474 2144 judicatus
500 2082 603 2141 est,
640 2076 777 2146 quia
807 2094 922 2130 non
953 2078 1198 2132 credidit
1236 2079 1297 2132 in
1326 2079 1557 2133 nomine
1604 2080 1888 2151 unigeniti

191 2164 323 2218 Filii
356 2164 455 2219 Dei
488 2165 677 2235 (Joan.
709 2181 785 2230 ιιι,
823 2169 925 2230 l8).
952 2187 980 2215 »

840 2292 1065 2346 CAPUT
1104 2291 1238 2347 XVI.

334 2416 579 2468 Mortuus
609 2415 864 2468 Christus
894 2430 993 2483 pro
1037 2416 1278 2469 omnibus
1324 2415 1661 2470 credentibus
1697 2423 1747 2471 et

883 2485 1195 2539 credituris.

259 2609 367 2660 Pro
399 2606 516 2660 illis
547 2606 740 2677 itaque
773 2607 955 2661 tribus
980 2609 1279 2662 ordinibus
1301 2610 1370 2663 ad
1401 2610 1611 2665 Christi
1643 2611 1886 2680 gratiam

182 2700 242 2749 et
284 2694 617 2748 societatem
664 2696 919 2749 ﬁdelium
968 2697 1389 2765 pertinentibus
1442 2698 1743 2752 Dominum
1795 2701 1888 2753 .le-

180 2800 314 2837 sum
362 2784 647 2838 Christum
682 2788 738 2837 et
778 2786 997 2839 venisse
1046 2790 1109 2839 ut
1156 2802 1250 2840 eos
1282 2788 1544 2853 salvaret,
1582 2790 1635 2841 et
1666 2788 1887 2841 cruciﬁ-

180 2889 325 2926 xum
375 2888 497 2925 esse
554 2877 613 2925 ut
669 2889 762 2925 eos
809 2874 1139 2937 redimeret,
1187 2890 1398 2945 eosque
1448 2876 1505 2928 in
1552 2892 1653 2929 sua
1704 2882 1884 2929 morte

178 2960 527 3029 baptizaret,
570 2965 626 3012 et
671 2960 728 3013 in
776 2978 877 3013 suo
933 2962 1213 3031 sanguine
1257 2979 1298 3029 al
1318 2963 1564 3031 peccatis
1607 2964 1886 3032 ablueret,

180 3053 242 3102 et
270 3048 522 3101 ﬁdeliter
551 3048 902 3102 credendum
929 3055 1208 3115 tenemus,
1241 3056 1297 3103 et
1320 3051 1425 3102 hoc
1456 3066 1572 3102 non
1604 3051 1787 3103 solum
1822 3067 1888 3105 ex

180 3136 393 3191 divinis
426 3135 753 3205 Scripturis,
782 3137 881 3190 sed
904 3138 1077 3190 etiam
1111 3154 1175 3191 ex
1206 3144 1533 3191 sanctorum
1562 3140 1794 3192 Patrum
1830 3139 1890 3193 ti-

182 3225 258 3278 de
286 3229 345 3277 et
374 3224 636 3277 doctrina
662 3225 959 3279 evidenter
989 3226 1367 3293 agnoscimus.
1404 3228 1608 3280 Beatus
1639 3243 1888 3299 namque

182 3312 592 3381 Hieronymus,
643 3329 932 3382 exponens
980 3314 1145 3367 illum
1211 3314 1396 3368 locum
1452 3315 1741 3385 Evangelii
1790 3315 1888 3369 ubi

184 3401 472 3455 Dominus
529 3401 597 3454 de
630 3418 687 3453 se
723 3401 827 3454 ait:
870 3424 889 3449 «
950 3403 1011 3455 Et
1045 3403 1179 3455 dare
1210 3404 1463 3456 animam
1512 3420 1673 3456 suam
1709 3404 1767 3456 in
1798 3420 1887 3457 re-

181 3490 586 3559 demptionem
616 3506 718 3560 pro
757 3490 954 3543 multis
986 3492 1214 3557 (Matth.
1249 3508 1339 3556 xx,
1377 3493 1497 3559 28);
1536 3513 1555 3539 ι
1593 3492 1663 3545 de
1694 3493 1798 3545 hac
1828 3508 1889 3545 re

178 3578 269 3630 ita
319 3578 522 3631 docet:
573 3576 841 3649 [Quando
889 3579 1129 3633 formam
1181 3579 1325 3632 servi
1376 3580 1613 3649 accepit,
1665 3586 1728 3633 ut
1779 3597 1885 3650 pro

178 3664 409 3718 mundo
443 3666 782 3734 sanguinem
816 3666 1101 3729 funderet,
1135 3670 1189 3719 et
1218 3682 1332 3719 non
1366 3666 1510 3720 dixit
1541 3683 1553 3719 :
1592 3668 1732 3720 Dare
1764 3668 1890 3721 ani-

176 3770 344 3808 mam
398 3769 563 3808 suam
618 3755 1072 3825 redemptionem
1111 3764 1135 3789 δ
1182 3770 1288 3825 pro
1330 3754 1622 3823 omnibus,
1657 3755 1752 3807 sed
1787 3772 1889 3825 pro

177 3842 408 3909 multis,
456 3842 513 3895 id
566 3847 667 3908 est,
719 3859 824 3913 pro
876 3843 962 3896 his
1016 3843 1114 3913 qui
1163 3843 1389 3896 credere
1439 3841 1774 3913 voluerint.]
1828 3845 1890 3897 In

177 3930 401 4001 quibus
468 3931 655 3984 verbis
694 3930 841 3984 miro
886 3936 943 3984 et
1004 3931 1315 3999 apostolico
1362 3932 1535 3985 "modo
1583 3931 1889 3985 Dominum

177 4024 474 4084 nostrum,
507 4024 562 4072 et
595 4035 697 4087 pro
729 4020 941 4073 mundo
973 4020 1313 4090 sanguinem
1342 4020 1579 4085 fudisse,
1608 4026 1664 4074 et
1694 4024 1889 4074 tamen

173 4109 376 4179 ipsum
413 4108 692 4161 mundum
717 4125 819 4178 pro
851 4124 963 4178 quo
984 4109 1268 4178 pretiosus
1299 4109 1392 4161 ille
1416 4108 1646 4177 sanguis
1676 4109 1891 4163 effusus

175 4201 291 4260 est,
350 4212 470 4249 non
528 4196 671 4249 alios
718 4196 825 4249 nisi
884 4196 1081 4250 ﬁdeles
1115 4197 1466 4251 monstravit.
1517 4199 1721 4251 Beatus
1767 4200 1889 4251 Au—

172 4284 453 4354 gustinus
483 4283 541 4337 in
576 4284 1009 4337 tractationibus
1047 4284 1336 4353 Evangelii
1372 4286 1687 4338 secundum
1717 4288 1886 4340 Joan-

1996 581 2116 636 xit:
2153 583 2278 634 Non
2310 580 2445 634 estis
2477 596 2540 633 ex
2592 580 2790 633 ovibus
2838 580 3002 645 meis,
3056 580 3191 650 quia
3237 580 3466 635 videbat
3499 597 3593 634 eos
3626 580 3695 634 ad

1998 669 2415 740 sempiternum
2446 668 2740 722 interitum
2778 669 3236 738 praedestinatos,
3274 685 3385 722 non
3417 669 3487 723 ad
3517 670 3695 723 vitam

1998 763 2273 812 aeternam
2318 757 2406 810 sui
2456 757 2752 824 sanguinis
2781 756 2967 825 pretio
3000 755 3411 829 comparatos]
3464 758 3528 810 Et
3558 758 3696 811 alibi

2000 852 2182 914 (tract.
2233 846 2322 915 55)
2360 845 2720 915 distinguens
2747 845 2897 897 inter
2923 846 3205 913 apostolos
3237 851 3292 899 et
3320 847 3521 900 Judam
3554 863 3692 915 pro-

1997 934 2264 1002 ditorem,
2316 934 2470 1003 quod
2522 950 2626 1003 pro
2685 932 2797 986 illis
2843 932 3115 986 Dominus
3165 934 3475 988 moriturus
3525 941 3690 999 esset,

1994 1039 2101 1092 pro
2132 1022 2228 1076 illo
2262 1038 2378 1075 non
2409 1027 2586 1074 esset:
2632 1019 2811 1091 [Tota,
2845 1021 3051 1090 inquit,
3101 1022 3223 1090 ejus
3254 1022 3438 1091 passio
3498 1029 3693 1077 nostra

1996 1108 2265 1180 purgatio
2329 1113 2446 1162 est:
2516 1124 2787 1178 passurus
2837 1108 3031 1172 exitia,
3085 1109 3348 1177 promisit
3398 1110 3692 1180 obsequia,

1997 1214 2113 1251 non
2147 1198 2331 1250 solum
2362 1196 2474 1249 illis
2505 1212 2609 1265 pro
2650 1196 2861 1265 quibus
2910 1202 3032 1247 erat
3081 1196 3374 1249 subiturus
3428 1203 3690 1259 mortem,

1997 1286 2091 1339 sed
2126 1286 2297 1338 etiam
2334 1285 2415 1337 illi
2448 1284 2545 1353 qui
2576 1284 2762 1336 fuerat
2792 1300 2923 1336 eum
2956 1283 3272 1336 traditurus
3301 1284 3368 1337 ad
3407 1289 3689 1352 mortem]

1996 1375 2134 1427 Item
2166 1374 2372 1426 docens
2397 1389 2500 1440 pro
2526 1372 2637 1424 illis
2671 1377 2892 1425 tantum
2928 1372 3233 1425 Dominum
3265 1389 3517 1441 passum,
3553 1390 3696 1442 quos

1998 1462 2120 1531 ipsa
2164 1462 2429 1530 passione
2474 1460 2834 1526 redimendo,
2888 1477 3017 1513 oves
3060 1476 3188 1513 suas
3228 1461 3395 1513 fecit:
3440 1460 3692 1532 [Omnes,

1996 1550 2204 1621 inquit,
2256 1548 2386 1602 fecit
2418 1565 2546 1601 suas
2578 1565 2732 1614 oves,
2768 1564 2869 1617 pro
2902 1548 3110 1617 quibus
3152 1553 3236 1602 est
3267 1549 3534 1601 omnibus
3577 1564 3697 1617 pas-

1997 1655 2119 1703 sus;
2155 1638 2289 1708 quia
2322 1644 2376 1690 et
2405 1637 2526 1706 ipse
2558 1641 2622 1689 ut
2666 1653 2767 1707 pro
2802 1637 3069 1689 omnibus
3104 1642 3415 1706 pateretur,
3461 1636 3581 1689 ovis
3612 1640 3698 1689 est

1998 1725 2217 1798 factus]
2252 1727 2391 1779 Item
2431 1741 2561 1778 cum
2614 1731 2928 1795 exponeret
2963 1726 3294 1795 mysterium
3344 1725 3497 1777 illius
3530 1725 3695 1778 vituli

1933 1792 1971 1844 Β
2000 1792 2262 1884 saginati,
2299 1830 2471 1882 quem
2510 1817 2668 1881 pater
2688 1792 2961 1866 redeunti
2989 1792 3107 1866 ﬁlio
3132 1813 3302 1882 jussit
3331 1812 3532 1880 occidi,
3560 1818 3695 1865 tunc

2000 1920 2128 1957 eum
2165 1919 2265 1973 pro
2301 1918 2651 1972 unoquoque
2681 1901 2819 1955 dicit
2850 1902 3048 1965 occidi,
3088 1917 3216 1953 cum
3247 1901 3427 1955 credit
3454 1902 3512 1953 in
3543 1901 3691 1953 occi-

1997 2008 2125 2046 sum
2174 1989 2217 2062 ε]
2265 1993 2405 2045 Nam
2454 1995 2519 2044 ut
2550 1990 2725 2043 etiam
2762 1990 3041 2057 occidant,
3086 1989 3296 2059 inquit,
3332 2005 3465 2042 eum
3508 1989 3692 2058 jubet,

1997 2079 2106 2132 hoc
2138 2084 2240 2140 est,
2273 2084 2336 2131 ut
2367 2083 2605 2131 mortem
2627 2079 2748 2147 ejus
2772 2077 3065 2130 insinuent
3091 2094 3102 2129 :
3138 2083 3273 2130 tunc
3301 2078 3456 2131 enim
3484 2076 3691 2146 cuique

1999 2166 2274 2220 occiditur
2303 2182 2431 2219 cum
2464 2166 2644 2219 credit
2674 2167 2733 2219 in
2765 2163 3066 2236 occisum.]

2069 2256 2269 2309 Beatus
2352 2255 2458 2308 Leo
2531 2255 2673 2307 nihil
2747 2254 3055 2307 Dominum
3115 2258 3373 2307 nostrum
3443 2252 3692 2306 inaniter

1997 2344 2177 2413 egisse
2208 2347 2307 2397 aut
2354 2343 2676 2413 pertulisse,
2709 2343 2802 2395 sed
2837 2347 3021 2396 totum
3049 2343 3118 2395 ad
3159 2343 3398 2395 salutem
3437 2342 3693 2396 ﬁdelium

1995 2432 2074 2486 ita
2130 2433 2310 2486 docet.
2365 2431 2538 2501 [Nihil
2590 2431 2741 2484 enim
2793 2432 3143 2501 Redemptor
3199 2434 3393 2484 noster
3450 2446 3566 2483 non
3622 2430 3689 2483 ad

1998 2526 2250 2574 nostram
2281 2521 2523 2573 salutem
2557 2524 2655 2573 aut
2687 2520 2823 2589 egit,
2857 2525 2956 2572 aut
2980 2520 3237 2589 pertulit,
3272 2524 3335 2572 ut
3362 2520 3541 2571 virtus
3564 2534 3691 2587 quae

1997 2608 2185 2662 inerat
2226 2607 2420 2677 capiti,
2472 2608 2683 2661 inesset
2713 2614 2771 2660 et
2814 2608 3058 2677 corpori.
3095 2608 3235 2660 Nam
3288 2606 3540 2675 primum
3571 2606 3693 2675 ipsa

1995 2696 2094 2750 illa
2149 2696 2481 2750 substantiae
2538 2702 2750 2749 nostra:
2814 2696 2872 2749 in
2932 2696 3140 2749 deitate
3213 2695 3519 2764 susceptio,
3581 2711 3691 2764 qua

2008 2805 2032 2834 ι
2088 2784 2332 2838 Verbum
2384 2801 2514 2837 caro
2562 2786 2772 2838 factum
2825 2790 2929 2849 est,
2978 2796 3033 2837 et
3083 2783 3357 2836 habitavit
3404 2784 3464 2835 in
3532 2783 3694 2836 nobis

1996 2873 2190 2943 (Joan.
2243 2891 2281 2937 ι,
2336 2874 2414 2942 4),
2465 2894 2490 2921 »
2539 2890 2710 2942 quem
2762 2873 3064 2926 hominum
3112 2872 3517 2925 misericordiae
3551 2888 3689 2937 suae,

1996 2961 2106 3015 nisi
2136 2962 2446 3027 infidelem,
2500 2962 2729 3031 reliquit
2774 2962 3099 3014 exsortem?
3129 2966 3183 3013 et
3238 2959 3327 3013 cui
3379 2977 3493 3013 non
3532 2976 3691 3013 com-

1997 3050 2186 3102 munis
2218 3055 2422 3102 natura
2461 3066 2590 3101 cum
2640 3048 2863 3103 Christo
2895 3055 2997 3109 est,
3043 3048 3086 3100 si
3121 3054 3501 3101 assumentem
3549 3048 3689 3101 reci-

1996 3139 2099 3209 pit,
2132 3143 2187 3190 et
2216 3156 2282 3190 eo
2315 3137 2530 3207 Spiritu
2564 3142 2649 3191 est
2682 3143 3068 3205 regeneratus,
3103 3153 3215 3207 quo
3246 3142 3331 3190 est
3360 3137 3453 3189 ille
3486 3151 3688 3206 proge-

1995 3223 2203 3296 nitus?]
2257 3226 2458 3278 Beatus
2504 3241 2732 3295 quoque
2786 3225 3090 3293 Gregorius
3140 3225 3291 3295 quod
3328 3225 3397 3278 ad
3438 3240 3534 3277 eos
3564 3229 3688 3277 tan-

1996 3321 2119 3367 tum
2172 3313 2446 3366 Dominus
2495 3318 2683 3366 noster
2713 3314 3009 3365 salvandos
3040 3313 3276 3379 venerit,
3331 3330 3475 3383 quos
3524 3312 3581 3366 in
3633 3328 3690 3365 se

1997 3401 2357 3471 suscipiendo
2391 3401 2670 3467 liberavit,
2714 3402 2794 3454 ita
2841 3401 3039 3454 docet:
3091 3400 3448 3471 [Interpellat
3497 3406 3688 3454 autem

1997 3505 2101 3559 pro
2160 3490 2330 3544 nobis
2396 3490 2689 3556 Dominus,
2747 3506 2859 3543 non
2920 3508 3077 3555 voce,
3142 3491 3238 3544 sed
3294 3489 3686 3544 miseratione:

1997 3578 2133 3648 quia
2162 3578 2315 3648 quod
2344 3576 2402 3629 in
2449 3583 2731 3631 aeternum
2769 3578 3029 3631 damnari
3076 3579 3281 3645 noluit,
3332 3577 3691 3646 suscipiendo

1996 3663 2308 3736 liberavit.]

2070 3756 2197 3807 Haec
2241 3770 2307 3805 ex
2360 3759 2688 3807 sanctorum
2744 3756 2974 3807 Patrum
3007 3753 3191 3806 verbis
3237 3753 3485 3807 breviter
3513 3753 3689 3807 adno-

1995 3844 2262 3907 tavimus,
2290 3846 2353 3895 ut
2402 3858 2575 3912 quam
2621 3859 2750 3895 vere
2804 3858 3001 3895 eorum
3059 3841 3381 3895 veneranda
3434 3842 3691 3895 doctrina

1998 3932 2172 3985 etiam
2204 3931 2261 3983 in
2293 3932 2398 3983 hac
2428 3944 2489 3982 re
2522 3932 2590 3985 de
2624 3948 2737 4001 qua
2764 3930 3060 4000 quaeritur,
3091 3930 3433 3999 evangelicae
3467 3935 3521 3981 et
3554 3946 3689 3999 apo-

1998 4020 2207 4074 stolicae
2252 4020 2576 4075 auctoritati
2626 4025 2901 4072 consonet
2931 4024 2985 4072 et
3031 4019 3355 4084 concordet,
3398 4018 3693 4071 evidentis-

1999 4108 2143 4162 sime
2178 4114 2541 4177 agnoscatur.
2596 4108 2658 4160 Et
2692 4107 2821 4160 licet
2868 4106 3174 4176 Apostolus
3208 4108 3275 4159 de
3323 4106 3523 4159 eodem
3574 4107 3687 4159 Do-

1998 4198 2157 4251 mino
2207 4202 2262 4250 et
2310 4197 2690 4265 Redemptore
2740 4201 2937 4249 nostro
2991 4195 3184 4248 dicat:
3247 4214 3273 4244 «
3318 4196 3471 4247 Unus
3522 4195 3687 4259 Deus,

1996 4302 2149 4341 unus
2201 4293 2284 4339 est
2332 4286 2615 4340 mediator
2649 4284 2746 4338 Dei
2797 4290 2855 4337 et
2887 4284 3187 4337 hominum
3230 4283 3403 4336 homo
3436 4283 3690 4338 Christus

172 4388 326 4428 nem
354 4371 535 4441 (tract.
585 4372 653 4425 66
682 4377 731 4425 et
761 4374 872 4437 49),
910 4388 1029 4425 non
1059 4373 1246 4425 solum
1274 4388 1377 4441 pro
1408 4371 1754 4440 infidelibus,
1790 4375 1884 4428 sed
1929 4386 1970 4439 1)
2002 4376 2181 4439 Iesus,
2216 4375 2313 4445 qui
2349 4375 2506 4429 dedit
2540 4375 2913 4444 semetipsum
2948 4373 3399 4443 redemptionem
3431 4389 3533 4444 pro
3567 4388 3689 4425 om-

173 4462 367 4516 etiam
398 4476 501 4529 pro
545 4460 635 4513 his
678 4460 777 4530 qui
808 4477 873 4513 ex
905 4466 1066 4531 parte
1102 4461 1343 4515 credunt
1385 4460 1696 4528 Christum,
1733 4468 1789 4515 et
1822 4479 1884 4516 ex

168 4555 351 4622 parte
386 4566 499 4602 non
548 4549 807 4611 credunt,
854 4550 1021 4603 docet
1067 4566 1180 4604 non
1228 4566 1347 4603 esse
1380 4554 1671 4603 mortuum
1724 4551 1883 4605 Chri-

168 4645 363 4702 stum,
398 4636 478 4689 ita
509 4636 740 4689 dicens:
773 4635 907 4709 [Qui
935 4636 1016 4691 ita
1045 4636 1350 4692 conﬁtetur
1383 4638 1670 4692 Christum
1706 4640 1885 4693 Deum

172 4731 242 4778 ut
282 4724 581 4778 hominem
605 4731 798 4796 neget,
815 4742 933 4779 non
955 4741 1060 4795 pro
1092 4725 1188 4780 illo
1210 4730 1469 4780 mortuus
1491 4731 1575 4780 est
1599 4727 1886 4781 Christus:

168 4813 329 4886 quia
358 4813 675 4867 secundum
730 4813 1025 4867 hominem
1077 4818 1337 4868 mortuus
1385 4818 1469 4868 est
1499 4814 1798 4888 Christus.]
1830 4817 1894 4870 Et

1998 4463 2186 4529 nibus,
2252 4485 2272 4509 ι
2328 4468 2519 4516 tamen
2559 4464 2721 4532 juxta
2769 4463 3036 4532 superius
3069 4462 3518 4515 demonstratam
3558 4461 3690 4515 ﬁdei

1998 4551 2279 4619 regulam,
2314 4556 2463 4603 recte
2509 4550 2854 4620 intelligitur
2902 4568 3007 4620 pro
3053 4551 3166 4604 illis
3200 4551 3468 4604 omnibus
3503 4568 3561 4604 se
3607 4566 3692 4603 re-

2001 4638 2394 4707 demptionem
2440 4638 2660 4691 dedisse
2702 4655 2804 4707 pro
2840 4639 3050 4707 quibus
3098 4640 3270 4693 etiam
3303 4639 3571 4710 dignatus
3607 4644 3692 4692 est

2000 4727 2281 4780 mediator
2314 4726 2410 4780 Dei
2459 4731 2515 4780 et
2545 4726 2842 4779 hominum
2882 4742 3023 4780 esse.
3059 4728 3251 4798 Neque
3300 4729 3455 4781 enim
3488 4727 3689 4781 inﬁde-

2001 4815 2145 4869 lium
2194 4815 2476 4869 mediator
2505 4820 2612 4882 est,
2646 4814 2791 4869 sicut
2820 4831 2925 4868 nec
2961 4816 3287 4883 advocatus,
3319 4817 3407 4870 vel
3441 4815 3690 4870 reconci-

1257 4944 1456 5000 NOT/E
1494 4945 1817 5000 DUVALLII
1858 4945 2201 5002 DOCTORIS
2240 4945 2627 5002 SORBONICI.

250 5079 277 5103 ³
310 5066 579 5121 Afﬁrmat
633 5068 920 5122 Christum
973 5083 1094 5120 non
1150 5066 1325 5121 fuisse
1373 5084 1603 5138 passum
1651 5086 1755 5138 pro
1802 5069 1891 5122 his

166 5138 290 5209 qui
348 5140 412 5192 in
466 5138 805 5192 inﬁdelitate
872 5140 1220 5204 moriuntur,
1272 5142 1327 5192 et
1373 5139 1697 5208 passionem
1769 5141 1891 5209 ejus

167 5208 367 5290 fuisse
421 5208 697 5290 duntaxat
746 5226 849 5290 pro
897 5210 1111 5290 multis,
1160 5215 1389 5290 etnon
1452 5208 1886 5289 pro.omnibus.

169 5283 322 5335 Haec
384 5284 577 5333 autem
631 5279 882 5349 benigna
936 5281 1199 5350 indigent
1236 5279 1731 5349 interpretatione,
1780 5297 1889 5334 non

168 5353 388 5405 minus
421 5366 593 5419 quam
622 5351 925 5404 concilium
954 5351 1337 5416 Valentinum,
1370 5367 1493 5404 can.
1523 5351 1574 5411 4,
1609 5351 1707 5404 ubi
1739 5352 1895 5405 dam-

168 5429 290 5477 nat
341 5426 663 5474 asserentes
723 5421 1009 5475 Christum
1052 5438 1153 5475 sua
1208 5422 1410 5475 merita
1456 5438 1559 5490 pro
1598 5421 1790 5491 impiis
1839 5428 1895 5474 et

170 5491 291 5574 qui
346 5494 410 5544 in
448 5497 679 5571 peccato
714 5491 1352 5574 mpriunturstatuisse,
1387 5492 1709 5574 difﬁnitque
1758 5509 1891 5561 pre-

170 5562 339 5617 tium
386 5562 686 5631 sanguinis
728 5562 935 5617 Christi
974 5563 1228 5616 oblatum
1261 5562 1432 5615 fuisse
1478 5563 1543 5615 ad
1578 5564 1893 5616 multorum

168 5631 588 5689 e'xhaurienda
619 5638 867 5702 peccata,
909 5648 1107 5686 eorum
1138 5634 1350 5686 scilicet
1391 5633 1487 5703 qui
1521 5633 1804 5687 credendo
1835 5633 1894 5687 in

2002 5068 2290 5123 Christum
2342 5085 2455 5122 non
2508 5074 2766 5139 pereunt,
2810 5070 2905 5123 sed
2961 5070 3131 5122 vitam
3166 5071 3463 5139 Vteternam
3495 5084 3689 5122 conse-

2002 5147 2258 5208 quuntnr
2284 5156 2295 5193 :
2337 5138 2592 5209 loquitur
2618 5140 2774 5193 enim
2804 5140 2944 5193 illud
2976 5138 3303 5204 concilium,
3331 5138 3474 5191 sicut
3502 5144 3556 5191 et
3587 5140 3690 5191 Ec—

2001 5211 2171 5263 clesia
2201 5211 2614 5279 Lugdunensis,
2649 5212 2717 5264 de
2759 5210 2963 5263 merito
2995 5217 3052 5263 et
3084 5209 3467 5262 satisfactione
3501 5209 3691 5278 quoad

2005 5281 2337 5345 efﬁcaciam,
2368 5298 2483 5335 non
2516 5289 2706 5335 autem
2727 5281 2879 5350 quod
2913 5280 3344 5346 sufficientiam;
3380 5296 3492 5349 quo
3521 5281 3692 5333 modo

2005 5368 2108 5421 pro
2139 5354 2409 5405 omnibus
2431 5354 2665 5405 omnino
2698 5351 3025 5404 hominibus
3055 5368 3256 5420 passus
3288 5357 3399 5417 est;
3431 5368 3543 5421 qua
3575 5351 3695 5421 qui-

2003 5422 2133 5475 dem
2168 5423 2535 5477 distinctione
2570 5422 2732 5476 facile
2766 5428 2850 5475 est
2880 5422 3143 5475 omnibus
3175 5422 3439 5476 Ecclesiae
3473 5423 3694 5491 Lugdu-

2002 5493 2565 5616 nensisbrationibus
2596 5508 2912 5555 occurrere,
2953 5499 3014 5546 ut
3057 5493 3298 5562 legendo
3328 5492 3504 5547 cuivis
3534 5493 3696 5547 facile

2003 5568 2192 5616 consta
2238 5570 2297 5616 1t.
3484 5573 3490 5589 ‘

2003 5563 2297 5617 constabit.
3484 5573 3490 5589 '
