4108 6190
444 378 575 429 1015
1570 374 1622 427 S.
1668 373 1940 429 REMIGII
1980 374 2065 428 LL'

2314 372 2453 429 NSIS
2496 372 2801 429 EPISCOPI
3805 378 3936 429 1016

437 506 628 574 liator,
662 506 760 560 sed
805 504 1061 559 fidelium
1100 509 1352 572 tantum;
1386 504 1456 557 de
1492 504 1699 574 quibus
1728 505 1927 559 beatus
1960 507 2125 559 Joan—
2162 508 2207 558 A
2237 507 2612 575 congregaret
2660 502 2721 556 in
2771 518 2950 557 unum
3009 504 3186 572 (Joan.
3224 520 3294 571 xx,
3334 504 3452 573 5?);
3494 526 3512 552 ι
3560 508 3617 559 et
3662 503 3789 574 ipso
3836 505 3941 557 Do-

442 611 544 649 nes
590 594 877 664 apostolus
929 592 1092 647 dicit:
1150 614 1177 641 α
1238 592 1589 647 Advocatum
1639 594 1916 647 habemus
1979 595 2130 664 apud
2240 594 2398 647 mino
2425 594 2494 647 de
2523 593 2846 646 humilitate
2874 597 2929 646 et
2957 593 3188 663 copioso
3218 593 3403 646 fructu
3437 593 3695 662 ejusdem
3744 594 3941 647 mortis

441 686 665 739 Patrem
693 684 882 736 Jesum
916 681 1200 735 Christum
1227 682 1467 751 justum,
1502 687 1558 736 et
1597 682 1717 752 ipse
1749 688 1832 736 est
1860 683 2133 753 propitia-
2241 697 2359 734 suae
2405 680 2704 734 manifeste
2753 681 3199 751 praenuntiante,
3254 696 3383 733 cum
3416 682 3529 734 ait:
3584 700 3611 731 «
3663 681 3781 734 Nisi
3812 697 3938 751 gra-

441 773 522 826 tio
553 788 657 841 pro
691 772 935 841 peccatis
974 770 1187 825 nostris
1218 772 1265 840 (I
1301 773 1454 824 Joan.
1494 788 1550 838 Il,
1589 775 1668 838 l);
1706 794 1731 819 ››
1774 777 1840 826 ut
1868 772 2134 826 videlicet
2244 786 2383 823 num
2430 770 2701 824 frumenti
2748 771 2953 823 cadens
3008 769 3068 823 in
3122 776 3333 823 terram
3396 774 3691 823 mortuum
3744 770 3940 833 fuerit,

440 860 521 913 ita
570 859 879 929 accipiatur
909 860 1061 929 quod
1101 860 1315 912 dictum
1348 865 1467 912 est:
1505 879 1531 909 α
1581 859 1687 922 Qui
1720 860 1877 914 dedit
1920 866 2134 914 semet-
2242 859 2432 928 ipsum
2463 859 2648 911 solum
2674 866 2856 911 manet
2880 876 2891 919 ;
2918 858 3031 910 sint
3054 863 3242 911 autem
3269 864 3556 912 mortuum
3582 859 3775 919 fuerit,
3803 860 3945 912 mul-

442 950 633 1019 ipsum
670 947 1124 1018 redemptionem
1156 963 1260 1017 pro
1300 947 1568 1000 omnibus
1616 950 1672 1015 (I
1707 951 1837 1003 Tim.
1889 965 1950 1017 ιι,
1982 953 2070 1015 6);
2108 973 2127 995 ο
2242 949 2366 1000 tum
2399 946 2647 999 fructum
2690 946 2855 1000 affert
2906 952 3079 1011 (Jamt.
3130 963 3225 1014 xu,
3272 948 3360 1014 24,
3394 946 3507 1017 25).
3546 970 3575 995 ››
3615 948 3759 1001 Cum
3812 962 3945 1015 ergo

444 1052 559 1090 non
593 1036 741 1106 quod
770 1051 967 1089 omnes
991 1051 1090 1089 sua
1120 1035 1381 1105 passione
1407 1035 1737 1100 redemerit,
1770 1037 1915 1090 sicut
1936 1039 2133 1106 utique
2246 1035 2364 1089 haec
2412 1039 2568 1088 tanta
2619 1035 2963 1089 certitudine
3005 1035 3337 1104 praescierit,
3390 1040 3548 1089 tanta
3601 1035 3844 1089 veritate
3895 1040 3948 1087 et

445 1125 811 1178 manifestum
847 1129 950 1189 est,
994 1123 1090 1177 sed
1124 1124 1276 1192 quod
1308 1140 1476 1176 nemo
1509 1123 1750 1192 accipiat
1788 1125 2135 1194 redemptio-
2248 1122 2519 1176 ﬁrmitate
2564 1122 2916 1194 prmdixerit,
2974 1123 3111 1193 quid
3161 1129 3247 1176 est
3296 1125 3447 1193 quod
3498 1124 3677 1178 dicit:
3728 1124 3799 1177 Et
3842 1141 3945 1191 ego

444 1230 580 1268 nem
607 1213 716 1266 nisi
758 1213 818 1267 in,
848 1212 946 1266 illo
974 1217 1030 1265 et
1076 1227 1179 1281 per
1208 1210 1392 1265 illum.
1429 1212 1572 1265 Dicit
1602 1212 1773 1265 etiam
1814 1214 1950 1265 alibi
1982 1213 2137 1267 idem
2248 1211 2363 1267 dixi
2391 1228 2404 1263 :
2440 1232 2466 1260 «
2499 1212 2560 1264 In
2590 1225 2830 1263 vacuum
2863 1210 3111 1263 laboravi
3145 1210 3265 1263 sine
3290 1226 3479 1275 causa,
3516 1216 3574 1263 et
3606 1226 3752 1263 vane
3783 1210 3948 1264 forti-

444 1303 754 1373 Apostolus
787 1302 855 1355 de
890 1300 1164 1354 Domino:
1203 1320 1229 1350 ί(
1282 1290 1350 1354 Ut
1389 1300 1572 1370 gratia
1608 1301 1707 1353 Dei
1734 1318 1835 1371 pro
1869 1302 2136 1355 omnibus
2248 1299 2506 1352 tudinem
2532 1314 2716 1350 meam
2745 1298 3113 1367 consumpsi?
3141 1318 3167 1346 »
3194 1300 3324 1367 (Isa.
3354 1313 3498 1365 XLIX,
3532 1301 3608 1363 4.)
3636 1300 3708 1352 Ut
3736 1298 3949 1352 scilicet

446 1394 703 1459 gustaret
749 1394 990 1442 mortem
1028 1390 1208 1456 (Hebr.
1262 1405 1322 1454 ιι,
1374 1391 1425 1451 9,
1477 1391 1586 1455 10),
1627 1410 1648 1435 ι
1696 1395 1752 1443 et
1784 1406 1885 1459 pro
1931 1390 2137 1461 quibus
2248 1387 2385 1459 quia
2417 1388 2462 1439 si
2499 1388 2689 1441 doleat
2718 1392 2772 1440 et
2804 1391 3187 1456 conqueratur
3216 1393 3373 1440 tanta
3402 1388 3731 1440 humilitate
3764 1392 3821 1440 et
3848 1388 3947 1439 ah-

449 1480 718 1533 omnlbus
766 1483 1008 1531 mortem
1031 1481 1285 1547 gustasse
1334 1477 1745 1545 intelligendus
1794 1478 1883 1545 sit,
1917 1479 2140 1533 videtur
2244 1477 2493 1546 jectione
2541 1476 2821 1545 passionis
2863 1492 2921 1529 se
2970 1475 3031 1529 in
3075 1491 3317 1528 vacuum
3367 1475 3677 1539 laborasse,
3725 1492 3789 1528 ac
3831 1476 3951 1528 sine

450 1569 723 1623 continuo
789 1568 1210 1621 demonstrasse
1262 1582 1390 1618 cum
1441 1566 1779 1637 subjungit:
1829 1586 1855 1617 (ι
1909 1566 2141 1621 Dicebat
2250 1580 2419 1618 causa
2466 1569 2520 1618 et
2565 1580 2709 1617 vane
2747 1568 2967 1617 tantam
2999 1564 3317 1617 tolerantiae
3348 1570 3405 1618 et
3443 1564 3740 1633 patientiae
3792 1564 3952 1617 forti-

450 1658 603 1712 enim
634 1673 764 1710 eum
797 1661 1033 1726 propter
1059 1671 1231 1726 quem
1259 1654 1471 1719 omnia,
1507 1661 1562 1707 et
1591 1671 1693 1723 per
1726 1670 1899 1724 quem
1925 1654 2140 1723 omnia,
2250 1653 2508 1707 tudinem
2542 1652 2990 1721 consumpsisse;
3025 1652 3161 1705 dum
3192 1654 3347 1705 velut
3375 1653 3734 1706 infructuosa
3769 1657 3826 1705 et
3854 1668 3950 1703 va-

451 1747 550 1818 qui
582 1747 793 1801 multos
824 1746 972 1798 filios
1007 1744 1068 1798 in
1098 1744 1338 1814 gloriam
1366 1744 1692 1804 adduxerat,
1727 1748 2017 1797 auctorem
2048 1761 2143 1798 sa-
2187 1806 2220 1818 n
2253 1759 2357 1795 cua
2383 1741 2673 1795 videretur
2701 1741 2860 1794 inani
2886 1740 3093 1794 adnisu
3115 1747 3172 1794 et
3193 1746 3402 1795 conatu
3426 1757 3546 1795 esse
3568 1746 3952 1810 consumpta:

449 1836 581 1890 Iutis
621 1850 819 1888 eorum
857 1850 959 1905 per
1006 1833 1298 1904 passiones
1348 1832 1754 1886 consummari.
1790 1852 1817 1880 ››
1869 1831 2144 1887 Similiter
2186 1806 2222 1858 Β
2252 1831 2349 1886 sed
2384 1831 2491 1885 hoc
2524 1830 2803 1883 nimirum
2834 1829 2978 1883 bene
3010 1829 3349 1899 intelligitur
3378 1830 3564 1883 dicere
3598 1846 3663 1882 ex
3706 1845 3956 1899 persona

450 1930 505 1979 et
555 1924 666 1978 alio
718 1924 840 1977 loco
897 1922 998 1977 ubi
1054 1922 1123 1975 de
1176 1923 1375 1975 eodem
1437 1921 1679 1974 Domino
1720 1926 1913 1974 nostro
1968 1920 2139 1974 dicit:
2251 1920 2643 1975 membrorum
2697 1935 2933 1972 suorum
2984 1920 3087 1973 sub
3142 1920 3240 1973 illa
3296 1920 3575 1989 passionis
3634 1924 3688 1972 et
3748 1919 3954 1972 mortis

454 2036 481 2063 ι(
523 2012 665 2078 Quia
694 2028 843 2065 unus
884 2028 985 2082 pro
1038 2010 1308 2065 omnibus
1350 2015 1611 2063 mortuus
1641 2014 1742 2077 est,
1776 2026 1913 2080 ergo
1946 2026 2144 2063 omnes
2251 2007 2575 2079 ignominia
2644 2007 3085 2076 infirmantium,
3143 2024 3205 2061 ac
3264 2024 3411 2077 pene
3474 2008 3948 2077 desperantium:

452 2101 666 2157 mortui
715 2103 866 2167 sunt,
900 2106 957 2154 et
985 2116 1089 2170 pro
1122 2099 1387 2153 omnibus
1417 2103 1678 2152 mortuus
1711 2103 1796 2151 est
1821 2098 1897 2168 (Π
1932 2100 2051 2154 Cor.
2088 2115 2141 2166 v,
2254 2098 2393 2153 dum
2423 2102 2478 2151 et
2522 2102 2951 2167 persecutorum
2985 2096 3203 2150 saevitia
3233 2098 3385 2150 velut
3427 2097 3608 2150 victus
3654 2102 3712 2150 et
3746 2096 3957 2149 exstin-

455 2190 575 2261 14);
610 2209 636 2242 »
665 2180 853 2243 statim
886 2204 988 2259 pro
1016 2188 1220 2258 quibus
1254 2186 1521 2241 omnibus
1548 2192 1805 2241 mortuus
1834 2202 1955 2240 esse
1984 2186 2148 2239 intel-
2254 2190 2378 2239 ctus
2402 2186 2734 2255 putabatur,
2766 2190 2820 2238 et
2851 2190 3274 2238 resurrecturus
3299 2191 3468 2254 atque
3502 2185 3742 2237 humani
3782 2200 3958 2253 gene-

454 2277 715 2347 ligendus
764 2276 839 2330 sit
888 2276 1182 2346 subjungit
1222 2276 1462 2330 dicens:
1518 2298 1544 2325 ‹‹
1596 2278 1665 2331 Ut
1707 2284 1763 2330 et
1801 2275 1902 2346 qui
1950 2274 2149 2328 vivunt
2254 2275 2331 2327 ris
2374 2274 2705 2343 redemptor
2750 2274 2987 2327 minime
3036 2274 3391 2327 credebatur.
3440 2275 3521 2327 Ita
3577 2288 3835 2341 namque
3891 2272 3954 2324 de

447 2368 571 2437 jam
604 2382 716 2419 non
754 2364 859 2419 sibi
910 2365 1123 2430 vivant,
1157 2365 1256 2418 sed
1316 2365 1368 2418 ei
1399 2365 1499 2436 qui
1529 2382 1634 2435 pro
1689 2364 1827 2435 ipsis
1886 2368 2147 2418 mortuus
2254 2362 2353 2416 illo
2380 2363 2681 2433 desperare
2713 2368 3009 2432 coeperunt
3034 2362 3133 2432 qui
3164 2362 3455 2415 dicebant:
3491 2382 3517 2411 ς
3558 2363 3621 2414 Et
3664 2360 3954 2431 quomodo

457 2461 541 2508 est
604 2459 659 2508 et
707 2453 1015 2508 resurrexit
1073 2454 1238 2519 (Ibid.
1298 2455 1402 2524 l5).
1460 2475 1488 2503 ››
1552 2454 1651 2508 Isti
1706 2470 1956 2525 namque
2017 2458 2150 2506 sunt
2256 2451 2621 2506 tradiderunt
2646 2467 2778 2504 eum
2813 2452 3024 2505 summi
3054 2451 3394 2515 sacerdotes,
3440 2456 3494 2503 et
3539 2450 3829 2519 principes
3865 2465 3955 2502 no—

457 2557 634 2596 omnes
681 2542 750 2595 de
795 2542 1005 2611 quibus
1051 2542 1190 2595 alibi
1240 2542 1392 2595 idem
1442 2542 1744 2612 Apostolus
1794 2541 1853 2594 in
1902 2540 2147 2611 gloriam
2257 2540 2359 2594 stri
2409 2540 2468 2593 in
2514 2540 2947 2593 damnationem
2979 2540 3199 2603 mortis,
3246 2544 3301 2593 et
3330 2538 3741 2592 crucitixerunt
3781 2553 3952 2590 eum:

460 2636 517 2683 et
553 2630 781 2683 laudem
813 2630 912 2683 Dei
956 2630 1136 2683 Patris
1166 2630 1337 2683 dicit:
1390 2651 1416 2678 ‹‹
1449 2630 1555 2693 Qui
1583 2630 1753 2683 etiam
1782 2631 2016 2699 proprio
2058 2629 2149 2683 Fi-
2258 2630 2370 2682 Nos
2401 2633 2594 2681 autem
2625 2629 2997 2698 sperabamus
3038 2628 3173 2698 quia
3203 2628 3324 2697 ipse
3370 2634 3515 2681 esset
3547 2627 3953 2696 redempturus

461 2715 537 2769 lio
568 2731 669 2769 suo
703 2731 818 2768 non
848 2716 1119 2785 pepercit,
1150 2716 1245 2769 sed
1278 2732 1380 2787 pro
1420 2716 1586 2770 nobis
1615 2716 1881 2770 omnibus
1912 2716 2150 2770 tradidit
2258 2716 2428 2771 Israel
2477 2718 2627 2784 (Luc.
2664 2734 2807 2784 xxxv,
2854 2718 2943 2783 20,
2975 2717 3098 2785 2t);
3135 2738 3161 2765 »
3194 2722 3249 2769 et
3280 2716 3410 2769 ideo
3440 2720 3648 2769 vacuus
3680 2716 3737 2768 ei
3775 2714 3953 2767 videri

459 2803 620 2857 illum
653 2804 819 2872 (Rom.
848 2820 965 2871 vin,
991 2805 1117 2875 32);
1142 2828 1167 2852 ››
1194 2805 1405 2875 quibus
1431 2811 1486 2859 et
1515 2804 1651 2858 alibi
1675 2805 1812 2858 dicit
1842 2821 1855 2858 :
1890 2827 1909 2853 α
1946 2806 2012 2858 Et
2032 2821 2148 2858 non
2258 2810 2481 2877 poterat
2529 2810 2585 2859 et
2636 2806 2793 2859 labor
2841 2805 3142 2874 passionis,
3191 2810 3245 2858 et
3287 2805 3561 2859 fortitudo
3603 2810 3779 2858 tanta:
3814 2806 3953 2857 tole-

462 2890 592 2943 estis
638 2890 843 2943 vestri:
901 2891 1077 2960 empti
1124 2891 1278 2944 enim
1312 2892 1445 2945 estis
1494 2892 1677 2960 pretio
1708 2908 1919 2961 magno
1956 2893 1999 2962 (Ι
2028 2893 2146 2947 Cor.
2260 2895 2479 2960 rantize,
2516 2894 2676 2963 cujus
2720 2894 2912 2947 nullus
2942 2894 3158 2947 fructus
3188 2894 3502 2959 videbatur,
3538 2894 3693 2946 nulla
3731 2894 3950 2947 redem-

458 2995 508 3045 v,
546 2978 653 3047 20).
694 2998 720 3026 »
758 2977 915 3032 Unde
954 2985 1155 3049 penset
1187 2979 1579 3051 unusquisque
1607 2980 1811 3041 ﬁdelis,
1853 2997 1983 3034 cum
2015 2996 2151 3034 san—
2258 2984 2473 3056 ptionis
2515 2984 2727 3036 utilitas
2771 2983 3125 3038 credebatur.
3174 2983 3263 3037 Sic
3304 2983 3459 3036 enim
3507 2987 3562 3035 et
3607 2982 3662 3034 in
3710 2986 3952 3052 psalmo,

460 3066 586 3137 guis
616 3067 710 3120 ille
740 3072 1014 3137 tanquam
1054 3068 1203 3139 Agni
1242 3068 1678 3121 incontaminati
1709 3073 1765 3122 et
1801 3068 2153 3123 immaculati
2194 3099 2233 3152 Ο
2264 3074 2459 3143 utique
2493 3088 2605 3125 non
2654 3089 2721 3125 ex
2772 3089 2893 3138 sua,
2937 3071 3037 3142 qui
3068 3076 3362 3141 peccatum
3392 3087 3509 3124 non
3560 3070 3712 3135 fecit,
3761 3071 3859 3123 sed
3894 3085 3955 3122 ex

462 3156 669 3210 Christi
702 3156 773 3209 ab
807 3157 1073 3226 Apostolo
1124 3157 1375 3226 pretium
1420 3173 1696 3226 magnum
1740 3157 1961 3211 dicatur
2007 3175 2149 3223 esse,
2262 3178 2507 3233 persona
2540 3161 2931 3215 membrorum
2964 3176 3200 3213 suorum
3233 3159 3404 3213 dicit:
3433 3162 3458 3201 Ι)
3510 3184 3529 3206 ε
3570 3160 3759 3229 Longe
3803 3176 3837 3211 a
3870 3175 3955 3211 sa-

464 3249 654 3298 utrum
685 3245 865 3314 possit
893 3246 1003 3298 tale
1036 3245 1285 3316 pretium
1317 3246 1377 3299 in
1403 3245 1597 3316 aliqua
1626 3250 1786 3315 parte
1832 3262 1953 3299 esse
1983 3246 2152 3299 inane
2261 3250 2381 3304 lute
2410 3266 2536 3303 mea
2565 3250 2735 3303 verba
2762 3249 3101 3303 delictorum
3145 3264 3404 3302 meorum
3437 3248 3600 3319 (Psal.
3634 3264 3748 3314 xxx,
3805 3249 3880 3316 2).
3930 3266 3954 3295 ι»

464 3338 518 3385 et
564 3347 825 3397 vacuum,
879 3349 950 3386 an
1001 3333 1194 3403 potius
1233 3334 1464 3387 illarum
1495 3333 1772 3387 mercium
1803 3350 1906 3404 pro
1942 3334 2153 3405 quibus
2264 3340 2328 3393 Et
2360 3339 2468 3392 alio
2502 3338 2667 3391 loco:
2708 3360 2729 3387 ‹
2778 3339 2943 3398 Deus,
2995 3343 3053 3391 tu
3089 3338 3194 3391 scis
3234 3335 3627 3407 insipientiam
3660 3352 3874 3399 meam,
3906 3340 3957 3389 et

461 3421 655 3476 datum
690 3425 773 3475 est
800 3422 958 3475 lucro
989 3426 1043 3475 et
1064 3423 1295 3475 cumulo
1327 3422 1617 3475 refertum.
2263 3426 2466 3482 delicta
2510 3442 2638 3480 mea
2679 3443 2711 3479 a
2759 3431 2815 3479 te
2868 3442 2983 3480 non
3035 3430 3167 3479 sunt
3197 3425 3528 3479 abscondita
3562 3425 3729 3487 (Psal.
3771 3440 3953 3487 ωιγιιι,

1090 3546 1314 3600 CAPUT
1353 3546 1521 3600 XVII.
2265 3514 2340 3585 6).
2379 3536 2405 3563 ››
2437 3516 2520 3568 Ita
2551 3530 2687 3585 ergo
2713 3519 2767 3568 et
2798 3514 2857 3568 in
2890 3514 2978 3568 his
3005 3514 3356 3585 propheticis
3376 3512 3562 3566 verbis
3593 3529 3662 3566 ex
3692 3528 3952 3581 persona,

2262 3608 2329 3656 ut
2373 3603 2588 3657 dictum
2634 3608 2738 3669 est,
2783 3602 3203 3656 inﬁrmantium
3235 3609 3290 3655 et
3336 3617 3480 3671 pene
3524 3601 3954 3670 desperantium

526 3679 798 3745 Quomodo
829 3680 886 3731 in
916 3694 1151 3734 vacuum
1178 3680 1450 3763 laborasse
1479 3681 1685 3763 dicitur
1711 3681 2008 3737 Christus?
2046 3685 2132 3738 Em

2332 3692 2655 3747 embrorum
2681 3707 2936 3757 suorum,
2972 3695 3028 3744 et
3074 3691 3134 3744 in
3185 3706 3396 3743 vanum
3450 3706 3506 3741 se
3552 3689 3648 3741 illa
3696 3689 3954 3758 passione

876 3765 1105 3819 persona
1135 3753 1336 3805 “lucet
1360 3753 1736 3806 membrorum
2263 3781 2570 3846 laborasse,
2621 3785 2676 3833 et
2711 3780 2831 3833 sine
2872 3796 3039 3833 causa
3070 3783 3126 3832 et
3170 3795 3313 3832 vane
3354 3777 3752 3832 fortitudinem
3798 3792 3955 3829 suam

537 3863 679 3919 Dicit
705 3862 936 3935 quidem
962 3864 1078 3934 ipse
1105 3865 1377 3919 Dominus
1397 3867 1546 3936 apud
1573 3867 1775 3920 Isaiam
1796 3867 2152 3938 prophetam,
2264 3867 2686 3939 consumpsisse
2719 3873 3066 3938 conquestus
3096 3871 3197 3919 est.
3237 3867 3359 3935 lpse
3391 3871 3583 3918 autem
3620 3882 3683 3917 ex
3718 3882 3954 3934 persona

463 3954 704 4025 loquens
735 3954 803 4007 de
823 3955 1089 4023 mysterio
1117 3954 1392 4023 passionis
1416 3971 1533 4009 suae
1559 3972 1572 4008 :
1596 3965 1621 3990 ει
1653 3977 1679 4004 ‹‹
1705 3957 1770 4009 Et
1788 3973 1893 4026 ego
1918 3956 2065 4011 dixi:
2093 3959 2156 4010 ln
2265 3974 2366 4011 sua
2398 3957 2633 4011 omnino
2655 3961 2839 4010 certus
2884 3960 2940 4009 et
2970 3956 3172 4019 ﬁdens,
3217 3955 3347 4008 licet
3394 3958 3450 4008 et
3500 3970 3533 4007 a
3580 3954 3954 4024 persecutori-

463 4042 1104 4096 vacuumlaboravisine
1118 4058 1303 4109 causa,
1326 4048 1381 4095 et
1400 4044 2156 4099 vanefortitudinemmeam
2264 4046 2369 4100 bus
2421 4045 2713 4098 videretur
2744 4044 2944 4109 victus,
2999 4052 3055 4097 et
3098 4043 3168 4097 ab
3199 4042 3636 4095 inﬁrmitatibus
3668 4042 3953 4112 discipulis

465 4131 794 4201 consumpsi
833 4130 961 4200 (Isa.
1015 4147 1159 4195 xux,
1212 4131 1289 4197 4).
1325 4131 1433 4185 Sed
1461 4132 1608 4185 absit
1638 4137 1701 4185 ut
1738 4133 1845 4185 hoc
1875 4134 2027 4186 velut
2053 4150 2156 4187 an-
2264 4139 2564 4205 putaretur
2594 4133 2804 4187 frustra
2837 4139 3006 4202 atque
3038 4132 3099 4185 in
3144 4148 3387 4185 vacuum
3418 4147 3638 4201 passus,
3686 4132 3953 4184 continuo

464 4220 1079 4290 xiusetignarusloqui
1099 4220 1379 4283 credatur,
1408 4220 1645 4289 quisine
1667 4220 1840 4274 dubio
1859 4237 2155 4292 nunquam
2264 4240 2370 4293 per
2406 4222 2504 4275 illa
2532 4222 2705 4275 verba
2748 4222 2902 4275 velut
2960 4220 3355 4291 quaerimonize
3405 4225 3460 4273 et
3487 4219 3789 4273 anxietatis
3819 4220 3949 4271 sub-

463 4308 730 4378 ignorare
779 4308 971 4377 potuit
1002 4308 1215 4361 exitum
1267 4314 1324 4362 et
1371 4308 1635 4362 effectum
1686 4310 1967 4379 passionis
2018 4328 2153 4378 suae,
2261 4311 2491 4382 jungit:
2533 4332 2553 4357 α
2586 4312 2729 4379 Ergo
2750 4308 3032 4379 judicium
3064 4325 3257 4362 meum
3289 4323 3418 4361 cum
3443 4308 3707 4375 Domino,
3738 4313 3955 4376 etopus

466 4412 639 4467 quam
689 4412 792 4465 pro
840 4396 1140 4467 utriusque
1185 4397 1383 4467 populi
1432 4398 1827 4468 redemptione
1875 4404 1930 4452 et
1975 4400 2155 4454 salute
2198 4382 2242 4436 D
2272 4416 2466 4453 meum
2496 4398 2555 4452 in
2588 4401 2700 4451 Deo
2736 4414 2863 4452 meo
2898 4398 3029 4467 (Isa.
3059 4414 3205 4464 xux,
3252 4398 3327 4465 4).
3381 4417 3408 4445 ››
3443 4397 3498 4449 1d
3535 4401 3639 4458 est,
3680 4395 3953 4465 judicium

464 4489 618 4539 certo
674 4489 729 4538 et
774 4485 1012 4539 deﬁnito
1043 4486 1278 4539 consilio
1325 4487 1592 4557 suscepit,
1647 4486 1870 4542 dicente
1916 4504 2157 4559 evange-
2264 4504 2480 4555 meum,
2514 4486 2662 4557 quod
2696 4487 2845 4557 apud
2882 4486 3146 4540 homines
3186 4486 3243 4539 in
3278 4485 3377 4538 illa
3404 4484 3730 4538 humilitate
3772 4483 3953 4537 subla-

464 4574 627 4627 lista:
673 4594 700 4621 «
735 4573 879 4638 Quia
908 4575 1065 4629 Jesus
1105 4576 1416 4630 moriturus
1449 4581 1569 4630 erat
1597 4593 1699 4647 pro
1730 4581 1918 4647 gente,
1954 4581 2011 4631 et
2040 4594 2155 4631 non
2263 4582 2386 4631 tum
2437 4582 2540 4643 est,
2574 4576 2727 4647 apud
2759 4576 3065 4629 Dominum
3110 4575 3327 4628 salvum
3376 4577 3431 4626 et
3483 4573 3821 4627 inviolatum
3852 4576 3949 4623 est.

464 4666 689 4716 tantum
721 4679 825 4733 pro
857 4668 1044 4734 gente,
1068 4664 1165 4718 sed
1196 4669 1260 4718 ut
1289 4664 1435 4718 ﬁlios
1466 4665 1563 4719 Dei
1591 4665 1689 4734 qui
1721 4669 1885 4719 erant
1915 4664 2156 4737 dispersi
2266 4668 2332 4721 Et
2358 4683 2502 4736 opus
2532 4681 2748 4730 meum,
2784 4665 2935 4736 quod
2967 4664 3071 4718 sub
3094 4668 3253 4717 tanta
3274 4662 3600 4733 ignominia
3631 4666 3687 4716 et
3713 4666 3953 4715 contem-

1524 4814 1729 4871 NOT/E
1768 4814 2096 4869 DUVALLII
2138 4816 2477 4873 DOCTORIS
2516 4816 2903 4873 SORBONICI.

530 4946 555 4972 ⁸
593 4938 769 4993 Caute
828 4936 1070 5007 legenda
1120 4940 1212 5009 est
1262 4936 1547 5009 expositio
1594 4936 1802 5009 horum
1847 4937 2152 4991 verborum
2265 4938 2823 4993 abundantissimum
2857 4939 3107 5009 pretium
3124 4934 3539 5009 redemptionis
3564 4937 3815 4990 omnium
3846 4934 3951 4986 ho-

458 5009 657 5063 Isaiae:
700 5030 722 5059 ι
755 5009 867 5078 Ego
894 5012 1082 5061 autem
1115 5007 1175 5060 in
1200 5023 1439 5060 vacuum
1470 5007 1745 5072 laboravi,
1773 5008 1984 5060 frustra
2014 5024 2149 5061 con-
2261 5010 2487 5063 minum
2517 5010 2577 5062 in
2609 5026 2699 5063 ara
2734 5007 2916 5063 crucis
2941 5008 3285 5063 exsolvisset.

458 5080 678 5150 sumpsi
721 5075 1119 5133 fortitudinem
1158 5094 1367 5132 meam.
1422 5098 1449 5127 »
1488 5078 1632 5132 Dicit
1651 5079 1816 5150 enim
1864 5078 2149 5133 Christum
2330 5084 2355 5123 b
2406 5081 2619 5134 Ibidem
2652 5085 2855 5133 notent
2884 5079 3207 5150 Calvinistae
3237 5079 3387 5132 hunc
3417 5078 3734 5150 Psalmista:
3774 5075 3950 5127 versi-

457 5153 567 5207 hoc
590 5148 717 5205 loco
763 5166 829 5204 ex
864 5166 1102 5219 persona
1144 5150 1538 5203 membrorum
1579 5148 1682 5201 sub
1725 5150 1821 5202 illa
1869 5150 2150 5218 passionis
2258 5151 2491 5205 culum:
2525 5172 2547 5199 (
2589 5151 2773 5215 Quare
2803 5166 2895 5204 me
2927 5149 3318 5220 dereliquisti?
3350 5150 3538 5218 Longe
3573 5168 3604 5201 a
3629 5149 3952 5220 salute‘mea

455 5222 661 5278 mortis
681 5217 1437 5292 ignominiainﬁrmantium
1459 5235 1524 5272 ac
1544 5217 2148 5292 penegdesperantium
2258 5222 2430 5275 verba
2478 5222 2819 5275 delictorum
2864 5217 3147 5287 meorum,
3186 5242 3213 5269 »
3253 5237 3385 5292 non
3441 5217 3509 5274 de
3552 5220 3770 5274 Christo
3799 5217 3949 5285 ipso,

455 5310 579 5349 esse
608 5289 899 5356 locutum;
928 5296 983 5344 et
1010 5291 1114 5344 hoc
1153 5290 1522 5344 conformiter
1550 5306 1652 5343 suo
1682 5289 1956 5360 dogmati,
1992 5292 2148 5361 quod
2259 5292 2357 5346 sed
2385 5293 2455 5345 de
2487 5292 2644 5344 illius
2679 5291 2949 5345 membris
2978 5307 3100 5345 esse
3130 5291 3522 5361 intelligenda,
3558 5304 3798 5361 quorum
3832 5302 3951 5361 om-

457 5380 663 5442 nempe
709 5361 965 5417 Christus
1008 5363 1195 5441 solum
1226 5378 1331 5442 pro
1362 5362 1552 5442 electis
1596 5357 1795 5442 passus
1844 5357 2147 5442 fuerit',__ut
2258 5363 2422 5442 niu‘m
2468 5368 3037 5442 peccata‘tanquam.
3072 5361 3180 5415 sibi
3221 5357 3835 5442 “propria‘im—putabat;
3872 5357 3951 5409 ita

454 5430 685 5488 ideo—in
729 5449 973 5486 vacuum
1013 5430 1253 5486 minime
1314 5432 1690 5485 laboraverit:
1741 5448 1937 5486 verum
1970 5433 2145 5486 satius
2257 5438 2321 5486 ut
2350 5430 2632 5488 haesitatio
2672 5438 2729 5487 et
2755 5430 3098 5503 desperatio,
3146 5430 3307 5501 cujus
3342 5430 3425 5486 ibi
3456 5433 3520 5485 ﬁt
3558 5430 3787 5503 mentio,
3819 5444 3943 5480 non

455 5511 540 5557 est
570 5505 752 5574 eaide
778 5505 1001 5558 Christo
1030 5504 1154 5572 ipso
1196 5518 1506 5574 exponere,
1538 5518 1853 5574 paucorum
1900 5504 2144 5557 salutem
2255 5504 2497 5567 Christo,
2546 5505 2645 5574 qui
2694 5504 2763 5558 de
2818 5501 2921 5557 sua
2968 5506 3147 5557 salute
3197 5518 3407 5574 anceps
3438 5508 3495 5555 et
3544 5501 3745 5574 dubius
3792 5514 3946 5574 nun-

455 5573 825 5641 prazvidente,
868 5569 1128 5644 quamvis
1175 5569 1745 5641 sufticientissimum,
1788 5575 1905 5627 imo
1939 5590 2145 5644 super-
2254 5590 2442 5698 Euan:i
2472 5569 2600 5636 fuit,
2634 5591 2739 5628 nec
2771 5591 2891 5628 esse
2921 5574 3127 5645 potuit,
3169 5573 3265 5627 sed
3300 5569 3455 5626 illius
3488 5572 3756 5626 membris
3781 5569 3947 5620 attri-

2296 5660 2405 5698 uen
2450 5662 2481 5698 a
2510 5645 2601 5698 sit.

2254 5645 2481 5699 buenda
2510 5645 2601 5698 sit.
