4048 6170
242 285 379 336 1017

1514 283 1720 337 LIBER
1762 284 1848 336 DE
1887 283 2135 339 TRIBUS
2176 283 2539 339 EPISTOLIS.

3612 286 3746 337 1018

234 421 341 486 ptu
373 414 659 485 passionis
705 414 912 468 frustra
941 414 1165 468 videtur
1194 415 1437 468 effusum
1477 419 1651 486 atque
1681 432 1940 469 consum-
1976 418 2023 468 A
2052 420 2171 482 tua,
2226 432 2258 469 ο
2310 431 2465 470 mors
2498 431 2511 469 ε
2540 430 2637 469 ero
2687 429 2911 469 morsus
2960 419 3113 478 tuus,
3164 413 3388 467 inferne
3441 416 3574 484 (Ose.
3627 431 3743 484 xm,

232 511 428 574 ptum,
464 504 618 572 apud
651 504 831 556 Deum
862 503 1098 572 plenum
1130 506 1214 556 est
1244 503 1451 569 fructu,
1485 509 1542 557 et
1570 504 1629 557 in
1664 503 1821 559 nullo
1851 505 1945 557 sui

235 594 475 647 eﬁectus
510 593 666 645 lucro
700 592 1046 645 fraudatum.
1088 592 1342 662 Denique
1368 598 1431 645 ut
1458 594 1650 646 statim
1680 594 1943 647 fructuo-

234 682 535 735 sissimum
569 680 749 750 ipsius
780 680 867 732 sui
895 680 1083 749 Operis
1119 680 1385 733 effectum
1414 680 1473 733 in
1506 682 1805 751 utriusque
1845 699 1943 753 po-

231 770 365 840 puli
398 769 815 839 redemptione,
847 772 1019 837 atque
1059 769 1481 821 illuminatione
1520 770 1941 824 evidentissime

236 860 583 923 declararet,
618 857 929 926 prtemissis
959 856 1147 909 verbis
1177 858 1443 926 protinus
1480 859 1744 927 adjunxit
1776 876 1787 912 :
1821 882 1843 909 ι
1881 861 1945 913 Et

236 946 599 1012 gloriﬁcatus
651 962 777 998 sum
828 946 885 997 in
941 945 1119 998 oculis
1177 946 1425 1009 Domini,
1481 953 1537 1000 et
1588 949 1734 1000 Deus
1782 964 1944 1001 meus

234 1038 428 1089 factus
462 1040 545 1087 est
574 1034 845 1087 fortitudo
879 1050 1033 1097 mea;
1071 1039 1127 1087 et
1155 1033 1339 1087 dixit:
1374 1036 1581 1088 Parum
1628 1041 1730 1103 est,
1765 1041 1828 1090 ut
1866 1038 1944 1090 sis

239 1125 393 1177 mihi
442 1139 637 1176 servus
689 1123 757 1175 ad
807 1122 1157 1175 suscitandas
1210 1122 1391 1175 tribus
1436 1124 1623 1185 Jacob,
1677 1129 1733 1177 et
1777 1125 1944 1178 faeces

239 1213 419 1266 Israel
467 1211 899 1264 convertendas.
949 1210 1118 1263 Posui
1150 1216 1203 1264 te
1235 1210 1295 1264 in
1328 1212 1512 1264 lucem
1564 1213 1846 1281 gentibus,
1881 1220 1946 1267 ut

238 1299 322 1352 sis
390 1300 541 1352 salus
591 1314 719 1352 mea
780 1314 962 1368 usque
1019 1299 1089 1353 ad
1156 1304 1477 1353 extremum
1523 1305 1691 1355 terrae
1756 1302 1939 1371 (lbid.,

240 1391 297 1451 5,
328 1386 409 1455 6).
462 1409 483 1435 ι
538 1388 661 1440 Νοιι
694 1402 829 1455 ergo
864 1386 1073 1456 aliquis
1104 1403 1171 1441 ex
1200 1387 1314 1440 illis
1360 1388 1547 1442 verbis
1592 1390 1750 1442 velut
1780 1390 1945 1443 ratio-

239 1491 383 1528 nem
414 1492 474 1528 se
508 1475 790 1528 invenisse
827 1475 1133 1541 existimet,
1182 1476 1315 1546 quia
1343 1477 1653 1531 Dominum
1685 1483 1945 1532 nostrum

239 1564 470 1634 aliquid
520 1564 772 1617 inaniter
822 1570 880 1617 et
908 1581 1050 1617 vane
1084 1564 1142 1617 in
1183 1564 1445 1634 passione
1482 1582 1584 1617 sua
1628 1572 1683 1619 et
1712 1567 1946 1635 pretiosi

238 1653 546 1722 sanguinis
572 1652 846 1707 effusione
878 1653 1058 1723 egisse
1088 1654 1395 1707 contendat
1419 1670 1432 1720 ;
1464 1670 1595 1707 cum
1624 1660 1743 1708 tota
1772 1654 1943 1723 hujus

2056 505 2162 573 14).
2200 530 2218 553 η
2260 507 2324 559 Et
2349 505 2481 574 idep
2530 520 2826 574 nunquam
2859 503 3065 573 aliquis
3100 504 3511 557 catholicorum
3553 504 3746 558 docto-

2050 609 2178 646 rum
2211 593 2289 646 ita
2339 593 2599 657 sensisse,
2635 597 2733 645 aut
2778 592 3037 645 docuisse
3083 591 3398 644 credendus
3447 596 3549 657 est,
3584 592 3747 662 quasi

2055 682 2331 736 Dominus
2363 687 2418 735 et
2448 682 2690 735 salvator
2719 686 2912 735 noster
2942 681 3114 733 etiam
3147 681 3216 732 ad
3252 680 3409 732 illam
3433 679 3747 749 impiorum

2051 770 2504 837 multitudinem,
2538 786 2666 840 quae
2707 776 2837 822 ante
2881 769 3204 839 passionem
3242 770 3363 838 ejus
3405 768 3595 838 periit,
3629 770 3747 821 sal-

2050 858 2293 912 vandam
2344 862 2515 928 atque
2561 858 2975 918 redimendam,
3025 858 3346 926 passionem
3399 864 3452 911 et
3500 861 3746 911 mortem

2052 947 2384 1015 susceperit.
2421 948 2561 1001 Cum
2592 963 2728 1015 ergo
2755 962 2857 1016 pro
2890 946 2985 998 illa
3018 946 3500 999 intestimabiliter
3529 946 3745 1015 majore

2052 1035 2292 1088 humani
2336 1035 2562 1104 generis
2608 1040 2788 1104 parte,
2823 1050 2947 1103 qua:
2995 1050 3096 1104 per
3127 1039 3209 1087 tot
3238 1035 3416 1087 millia
3463 1049 3745 1087 annorum

2050 1132 2439 1192 praecesserat,
2490 1124 2820 1177 nullatenus
2872 1123 3186 1176 credendus
3247 1122 3320 1175 sit
3370 1138 3584 1191 passus,
3642 1139 3747 1176 nec

2052 1229 2158 1283 pro
2190 1213 2315 1282 ejus
2341 1213 2525 1265 salute
2556 1212 2870 1275 cruciﬁxus,
2903 1212 3037 1281 quid
3073 1211 3142 1264 de
3173 1210 3278 1264 ista
3306 1212 3503 1281 utique
3538 1212 3747 1265 minori

2054 1306 2214 1371 parte
2238 1301 2557 1355 inﬁdelium
2582 1305 2637 1355 et
2664 1300 2973 1369 impiorum
2999 1300 3348 1353 credendum
3369 1306 3473 1367 est,
3502 1300 3599 1370 qui
3617 1305 3749 1369 post

2053 1389 2381 1460 passionem
2409 1390 2531 1458 ejus
2564 1406 2741 1459 usque
2774 1389 2841 1441 ad
2876 1388 3081 1441 mundi
3112 1388 3421 1441 terminum
3452 1394 3550 1441 aut
3579 1388 3750 1442 exsti-

2054 1482 2250 1533 terunt
2280 1484 2377 1532 aut
2406 1478 2671 1545 existunt,
2697 1482 2796 1531 aut
2825 1478 3001 1531 futuri
3031 1477 3206 1531 sunt?
3235 1479 3296 1530 1n
3321 1477 3529 1547 quibus
3552 1477 3748 1547 utique

2056 1571 2112 1620 et
2157 1567 2330 1619 homo
2363 1566 2459 1619 ille
2490 1566 2747 1619 nondum
2796 1571 2965 1619 natus
2997 1566 3381 1619 Autichristus
3426 1566 3547 1619 erit.
3606 1567 3749 1620 Nam

2055 1654 2103 1707 si
2158 1655 2224 1707 ad
2268 1654 2405 1708 istos
2470 1654 2609 1707 tales
2663 1654 2936 1709 Dominus
2983 1654 3285 1707 salvandos
3333 1655 3507 1715 venit,
3556 1655 3617 1708 id
3665 1660 3751 1710 est

238 1742 599 1812 propheticae
630 1742 889 1795 lectionis
919 1742 1062 1796 serie
1108 1742 1538 1796 ordinatissimo
1570 1759 1761 1797 rerum
1804 1744 1940 1798 eﬁ'e-
1982 1762 2021 1815 Β
2056 1743 2288 1813 impios,
2335 1748 2392 1796 et
2419 1744 2478 1796 in
2509 1760 2609 1796 sua
2640 1743 2936 1812 impietate
2974 1743 3282 1813 perituros,
3315 1759 3451 1813 ergo
3483 1742 3750 1812 praestitit

239 1834 363 1893 ctu,
400 1834 456 1883 et
486 1846 550 1882 ex
582 1846 844 1899 persona,
879 1836 941 1883 ut
961 1831 1174 1884 dictum
1198 1836 1299 1897 est,
1330 1832 1750 1887 inﬁrmantium
1772 1848 1950 1886 mem-

239 1919 485 1973 brorum
521 1919 749 1973 evidens
792 1920 1077 1973 haesitatio
1108 1926 1163 1973 et
1211 1920 1557 1991 desperatio,
1601 1927 1657 1976 et
1703 1938 1769 1975 ex
1818 1938 1947 1993 per-

240 2024 393 2061 sona
418 2007 601 2077 ipsius
632 2006 834 2076 capitis
869 2008 1011 2077 justi
1038 2007 1263 2077 judicii,
1299 2012 1355 2061 et
1396 2009 1775 2063 efﬁcacissimi
1808 2027 1946 2080 ope-

239 2097 324 2149 ris
381 2096 779 2166 praisumptio,
827 2102 883 2149 et
928 2113 992 2149 ex
1041 2112 1289 2167 persona
1338 2102 1570 2167 patrum
1610 2100 1947 2168 plenissima

240 2186 572 2240 declaretur
603 2191 774 2239 tanta:
796 2186 1159 2251 humilitatis,
1193 2191 1250 2240 et
1270 2188 1413 2239 tanti
1441 2188 1632 2256 operis
1662 2188 1720 2241 in
1743 2188 1951 2241 utrius-

242 2292 362 2345 que
394 2274 595 2344 populi
638 2274 1015 2344 acquisitione
1044 2274 1434 2345 compensatio
1469 2292 1481 2328 :
1516 2276 1575 2329 in
1604 2276 1717 2330 illis
1757 2277 1949 2330 videli-

243 2368 358 2429 cet,
397 2363 497 2433 qui
528 2378 629 2432 per
654 2379 786 2416 eum
817 2379 850 2415 a
879 2367 1063 2416 morte
1094 2363 1302 2416 animae
1348 2364 1713 2431 suscitantur,
1744 2366 1844 2436 qui
1873 2366 1947 2420 ad

243 2453 423 2506 ﬁdem
456 2456 883 2519 convertuntur,
916 2451 1125 2522 quibus
1164 2452 1224 2506 in
1256 2454 1441 2507 lucem
1483 2454 1739 2523 ponitur,
1776 2459 1945 2525 atque

240 2541 307 2594 in
340 2542 583 2595 salutem
610 2542 795 2595 datur.

872 2638 1097 2692 CAPUT
1134 2638 1313 2693 XVIII.

241 2737 359 2789 Pro
390 2737 577 2803 impiis
606 2742 732 2788 ante
776 2739 996 2788 mortem
1024 2735 1231 2791 Christi
1278 2734 1554 2789 damnatis
1604 2737 1750 2789 nullo
1788 2736 1944 2790 modo

311 2821 513 2876 passus
567 2811 661 2858 est.
715 2805 855 2871 Quid
898 2805 963 2859 de
1019 2809 1251 2874 posteris
1304 2806 1633 2875 inﬁdelibus,
1696 2807 1832 2875 quid
1878 2807 1944 2860 de

315 2876 704 2931 Antichristo?

315 2982 586 3047 Quamvis
631 2982 807 3051 igitur
834 2981 987 3035 idem
1039 2981 1319 3035 Dominus
1364 2986 1583 3050 noster,
1624 2986 1679 3036 et
1710 2983 1781 3036 ad
1816 2999 1939 3037 om-

2058 1832 2170 1885 illis
2217 1832 2371 1900 quod
2421 1831 2534 1886 illis
2580 1832 2831 1901 antiquis
2875 1831 3066 1902 impiis
3109 1848 3224 1885 non
3270 1832 3579 1901 praestitit:
3613 1832 3749 1901 quia

2055 1919 2321 1973 videlicet
2370 1936 2475 1989 pro
2516 1920 2637 1975 istis
2669 1926 2754 1974 est
2791 1906 3086 1973 cruciﬁxus
3143 1924 3198 1973 et
3253 1925 3532 1979 mortuus,
3596 1919 3748 1988 quod

2057 2024 2161 2078 pro
2211 2008 2326 2061 illis
2355 2010 2682 2062 nullatenus
2728 2009 3044 2061 credendus
3087 2014 3171 2062 est
3204 2024 3418 2078 passus.
3455 2008 3513 2061 Si
3557 2014 3747 2062 autem

2060 2112 2164 2151 nec
2196 2113 2297 2167 pro
2328 2097 2453 2150 istis
2480 2103 2562 2150 est
2592 2098 2895 2151 cruciﬁxus
2928 2104 2984 2151 et
3016 2102 3294 2166 mortuus,
3327 2097 3471 2150 sicut
3516 2112 3619 2150 nec
3642 2113 3748 2166 pro

2055 2185 2187 2252 illis,
2221 2202 2355 2256 ergo
2402 2202 2568 2255 pares
2600 2191 2732 2240 sunt
2762 2187 3075 2256 impietate,
3111 2203 3277 2257 pares
3314 2185 3659 2256 perditione,
3691 2190 3749 2239 et

2055 2274 2271 2343 pariter
2296 2275 2530 2328 omnino
2563 2276 2814 2329 extranei
2840 2294 2871 2329 a
2901 2276 3108 2330 Christi
3140 2275 3529 2345 redemptione
3564 2290 3575 2327 :
3611 2273 3749 2344 quia

2055 2367 2110 2415 et
2149 2363 2195 2416 si
2226 2380 2328 2432 pro
2360 2364 2483 2417 istis
2513 2380 2710 2433 passus
2759 2381 2881 2419 esse
2927 2365 3166 2428 dicatur,
3202 2366 3338 2434 quid
3390 2364 3470 2417 eis
3510 2362 3749 2433 profecit

2055 2450 2177 2519 ejus
2206 2452 2393 2520 passio
2422 2452 2637 2521 impiis,
2667 2458 2723 2507 et
2750 2453 2809 2506 in
2841 2469 2943 2506 sua
2973 2453 3266 2522 impietate
3297 2451 3582 2521 perituris,
3614 2450 3742 2517 nisi,

2055 2542 2118 2591 ut
2146 2538 2247 2608 qui
2276 2554 2388 2592 nou
2424 2540 2571 2593 ﬁunt
2599 2540 2907 2609 participes
2928 2540 3358 2609 redemptionis,
3394 2540 3670 2608 majorem
3693 2542 3749 2592 et

2055 2626 2376 2697 graviorem
2407 2626 2703 2681 incurrant
2730 2628 3022 2681 cumulum
3058 2627 3485 2681 damnationis?

2703 2752 2928 2807 CAPUT
2968 2754 3093 2807 XIX.

2495 2861 2570 2911 De
2598 2860 2658 2911 B.
2691 2859 2883 2913 Leonis
2914 2862 3292 2928 intelligentia.

2123 2978 2290 3032 Ponit
2340 2980 2603 3049 quaedam
2651 2981 2823 3035 verba
2867 2984 2925 3036 Β.
2974 2985 3083 3037 Leo
3124 2983 3183 3036 in
3237 2983 3579 3053 quibusdam
3624 3000 3742 3037 ser-

234 3090 348 3127 nes
382 3072 681 3125 salvandos
713 3076 771 3123 et
808 3086 1007 3123 omnes
1036 3069 1421 3137 redimendos,
1457 3071 1632 3124 etiam
1663 3087 1808 3141 quos
1835 3087 1939 3125 nec
1978 3056 2017 3111 (ἶ
2051 3067 2321 3121 monibus
2351 3068 2421 3122 ad
2452 3070 2752 3138 populum,
2786 3085 2851 3125 ex
2884 3071 3090 3140 quibus
3124 3072 3405 3138 nonnulli,
3442 3072 3530 3124 vel
3554 3071 3741 3125 minus

235 3160 483 3214 salvavit
527 3175 631 3212 nec
662 3158 922 3224 redemit,
955 3158 1013 3212 id
1062 3165 1147 3211 est
1177 3156 1459 3226 inﬁdeles,
1497 3165 1555 3213 et
1598 3159 1828 3229 impios,
1877 3160 1936 3213 in

235 3266 349 3303 sua
394 3248 733 3302 inﬁdelitate
776 3252 834 3300 et
877 3247 1171 3317 impietate
1219 3247 1473 3316 perditos
1504 3251 1562 3301 et
1608 3254 1935 3318 pereuntes,

234 3339 361 3391 sive
396 3337 702 3407 perituros,
734 3335 951 3388 venisse
985 3336 1382 3401 contendatur,
1419 3352 1601 3390 unum
1631 3343 1824 3391 tamen
1856 3342 1940 3391 est

234 3425 403 3497 quod
429 3441 533 3478 nos
564 3429 620 3477 et
644 3422 975 3477 ﬁdelissime
1005 3422 1311 3489 credimus,
1352 3431 1410 3478 et
1439 3424 1730 3478 verissime
1774 3425 1934 3478 novi—

233 3530 393 3579 mus,
427 3512 562 3583 quia
586 3526 689 3581 pro
720 3511 879 3565 omni
907 3510 1007 3564 illa
1026 3510 1437 3565 innumerabili
1463 3518 1519 3565 et
1537 3512 1765 3566 inﬁnita
1796 3513 1941 3566 mul-

240 3602 494 3657 titudine
534 3600 864 3671 impiorum,
900 3600 1000 3669 qui
1045 3600 1117 3653 ab
1148 3600 1379 3654 exordio
1411 3601 1613 3654 mundi
1656 3618 1838 3671 usque
1870 3604 1938 3655 ad

241 3690 576 3760 passionem
636 3689 862 3743 Domini
907 3698 932 3723 ³
982 3705 1084 3759 per
1133 3695 1379 3758 quatuor
1426 3689 1605 3743 ferme
1652 3706 1937 3743 annorum

241 3778 431 3833 millia
462 3780 520 3832 in
551 3795 655 3832 sua
698 3778 991 3848 impietate
1020 3783 1155 3831 sunt
1183 3778 1413 3845 mortui,
1456 3784 1513 3832 et
1543 3780 1693 3842 apud
1726 3779 1938 3833 inferos

240 3870 466 3918 aeterna
494 3864 820 3933 perditione
851 3864 1126 3931 damnati,
1160 3881 1457 3935 nunquam
1493 3866 1770 3919 Dominus
1800 3882 1937 3935 pas-

240 3971 362 4020 sus,
416 3968 713 4023 nunquam
762 3958 1024 4006 mortuus
1072 3957 1173 4017 est,
1220 3969 1324 4007 nec
1366 3954 1440 4007 ad
1490 3970 1589 4008 eos
1642 3955 1937 4009 salvandos

239 4042 533 4096 ullatenus
583 4042 755 4107 venit,
803 4057 904 4094 nec
951 4057 1053 4111 pro
1104 4041 1183 4094 eis
1230 4042 1544 4112 pretiosum
1596 4044 1936 4113 sanguinem

237 4132 392 4185 fudit
425 4146 436 4183 :
468 4130 744 4200 quoniam
797 4130 947 4183 solos
992 4130 1122 4182 illos
1175 4145 1241 4183 ex
1285 4130 1374 4183 his
1422 4130 1521 4201 qui
1574 4131 1644 4185 ab
1701 4132 1935 4186 exordio

236 4218 448 4273 mundi
488 4234 667 4288 usque
702 4219 771 4271 ad
791 4218 1130 4287 passionem
1172 4219 1294 4288 ejus
1338 4219 1693 4285 exstiterunt,
1738 4220 1935 4274 eadem

236 4304 506 4375 passione
554 4320 656 4357 sua
690 4304 995 4358 redemisse
1026 4310 1080 4358 et
1115 4306 1376 4371 salvasse,
1415 4311 1583 4376 atque
1622 4307 1693 4360 ab
1723 4306 1932 4360 inferni

235 4393 503 4447 claustris
528 4392 783 4445 eduxisse
814 4393 1127 4447 credendus
1158 4397 1263 4461 est,
1290 4393 1391 4464 qui
1422 4399 1477 4447 et
1504 4394 1748 4448 ﬁdeliter
1776 4411 1927 4463 eum,

236 4485 618 4552 speraverunt
663 4486 987 4549 venturum,
1022 4488 1077 4535 et
1120 4482 1367 4537 ﬁdeliter
1392 4498 1497 4552 per
1527 4498 1657 4536 eum
1709 4482 1933 4536 redem-

232 4569 502 4639 ptionem
552 4573 606 4620 et
650 4569 1049 4622 liberationem
1091 4569 1160 4622 ad
1209 4570 1450 4623 salutem
1501 4585 1559 4622 se
1605 4575 1935 4639 accepturos

236 4674 366 4711 esse
420 4655 793 4709 crediderunt
827 4673 839 4709 :
874 4662 1099 4710 sanctos
1140 4656 1401 4711 videlicet
1451 4658 1827 4728 patriarchas,
1879 4663 1935 4711 et

236 4746 577 4815 prophetas,
606 4748 662 4797 et
703 4748 940 4797 caeteros
960 4745 1152 4814 justos
1194 4745 1402 4815 quibus
1435 4746 1609 4799 etiam
1642 4762 1745 4816 per
1776 4746 1934 4800 Oseai

235 4833 580 4902 prophetam
616 4836 744 4885 ante
774 4834 1137 4901 promiserat,
1163 4834 1356 4887 dicens
1385 4850 1397 4887 :
1435 4855 1462 4882 «
1488 4836 1565 4888 De
1586 4851 1761 4889 manu
1788 4850 1935 4888 mor-

231 4920 309 4974 tis
351 4919 613 4973 liberabo
647 4936 763 4987 eos,
812 4919 880 4973 de
914 4926 1097 4975 morte
1145 4921 1426 4975 redimam
1472 4938 1590 4977 eos.
1636 4924 1740 4977 Ero
1783 4939 1934 4977 mors

2050 3157 2425 3222 attendentes,
2480 3157 2564 3209 vel
2609 3157 2802 3210 minus
2845 3158 3251 3227 intelligentes,
3301 3158 3556 3212 fortassis
3608 3174 3737 3212 cum

2049 3244 2253 3298 docere
2299 3248 2355 3297 et
2396 3245 2606 3299 sentire
2656 3246 2979 3300 existimant
3026 3248 3177 3317 quod
3221 3249 3498 3302 Dominus
3546 3255 3737 3301 noster

2048 3333 2222 3386 etiam
2266 3350 2371 3403 pro
2404 3334 2594 3405 impiis
2623 3335 2683 3389 in
2716 3352 2817 3389 sua
2848 3336 3141 3405 impietate
3173 3337 3509 3390 durantibus
3540 3353 3737 3406 passus

2048 3421 2138 3488 sit,
2176 3427 2233 3475 et
2273 3438 2469 3476 eorum
2503 3424 2683 3494 possit
2730 3424 2839 3478 dici
2894 3425 3243 3496 redemptor,
3296 3426 3441 3479 sicut
3484 3426 3622 3480 illud
3655 3431 3739 3480 est

2050 3511 2201 3580 quod
2244 3511 2488 3581 quodam
2540 3512 2662 3566 loco
2726 3514 2851 3567 ait:
2894 3512 3147 3586 [Respice
3199 3515 3452 3578 tandem,
3518 3514 3733 3581 Judaae,

2047 3599 2286 3669 respice,
2335 3606 2391 3653 et
2433 3600 2502 3654 ad
2540 3601 2983 3671 Redemptorem
3034 3604 3205 3657 etiam
3246 3608 3431 3667 tuum,
3483 3603 3739 3673 deposita

2047 3686 2406 3754 inﬁdelitate,
2454 3695 2803 3744 convertere.
2841 3692 2967 3744 Noli
3000 3692 3225 3745 sceleris
3264 3691 3347 3744 tui
3382 3691 3737 3745 immanitate

2047 3775 2280 3840 terreri;
2312 3792 2430 3829 non
2476 3777 2658 3847 justos
2702 3778 2979 3845 Christus,
3031 3780 3126 3832 sed
3176 3782 3498 3848 peccatores
3532 3784 3732 3831 vocat:

2046 3878 2152 3916 nec
2176 3863 2529 3933 impietatem
2566 3870 2719 3918 tuam
2752 3865 2999 3936 repellit,
3034 3866 3132 3936 qui
3160 3882 3263 3935 pro
3295 3871 3369 3930 te,
3397 3881 3527 3917 cum
3554 3864 3735 3917 cruci-

2046 3951 2190 4005 ﬁxus
2222 3956 2386 4017 esset,
2421 3952 2649 4024 oravit.]
2692 3954 2796 4007 Sed
2828 3954 2889 4007 in
2920 3954 3008 4008 his
3036 3954 3221 4007 verbis
3266 3953 3628 4007 manifestum
3655 3956 3737 4005 est

2047 4040 2193 4094 bene
2223 4040 2700 4111 intelligentibns,
2738 4042 2894 4112 quia,
2927 4043 3133 4095 usitato
3165 4058 3325 4096 more
3355 4041 3619 4094 humana:
3650 4041 3735 4093 lo-

2047 4128 2312 4195 cutionis,
2346 4130 2450 4184 sub
2489 4130 2660 4185 unius
2690 4131 2870 4185 Judaei
2904 4148 3149 4201 persona
3179 4135 3365 4184 totum
3407 4130 3736 4184 Judaeorum

2048 4218 2325 4287 populum
2360 4219 2691 4290 alloquitur,
2738 4225 2794 4273 et
2819 4219 3025 4274 idcirco
3054 4221 3210 4272 velut
3238 4220 3295 4272 in
3330 4234 3573 4289 persona
3606 4234 3737 4271 om-

2046 4305 2229 4373 nium,
2259 4306 2329 4360 ad
2360 4323 2542 4361 unum
2574 4308 2782 4361 clamat
2801 4313 2857 4361 et
2882 4308 3019 4361 dicit
3052 4325 3064 4361 :
3099 4309 3186 4378 [Et
3210 4308 3281 4361 ad
3310 4308 3738 4377 redemptorem

2047 4393 2220 4447 etiam
2267 4398 2429 4447 tuum
2491 4395 2749 4465 deposita
2796 4396 3135 4449 inﬁdelitate
3191 4396 3567 4465 convertere.)
3614 4397 3737 4449 Non

2044 4480 2181 4551 quia
2226 4483 2417 4535 nullus
2451 4482 2525 4536 sit
2552 4483 2874 4537 inﬁdelium
2908 4484 3231 4537 Iudaeorum
3265 4485 3426 4553 cujus
3461 4484 3737 4538 Dominus

2045 4585 2161 4623 non
2187 4569 2261 4623 sit
2291 4571 2639 4640 redemptor,
2671 4572 2770 4626 sed
2797 4572 2934 4642 quia
2963 4588 3079 4625 non
3110 4558 3293 4626 solum
3326 4574 3566 4625 aliarum
3597 4588 3735 4641 gen-

2042 4658 2212 4725 tium,
2243 4661 2339 4712 sed
2373 4660 2545 4713 etiam
2572 4660 2728 4713 illius
2757 4661 2935 4714 Judaei
2979 4661 3198 4731 populi,
3239 4662 3399 4731 cujus
3437 4661 3645 4713 scelere
3680 4665 3735 4713 et

2042 4747 2337 4817 impietate
2380 4748 2682 4802 cruciﬁxus
2730 4757 2834 4815 est,
2868 4749 2915 4803 si
2949 4750 3015 4803 ad
3048 4766 3181 4803 eum
3223 4754 3601 4813 convertatur,
3637 4763 3732 4800 re-

2044 4836 2309 4907 demptor
2346 4853 2468 4891 esse
2520 4838 2809 4907 dignatur.
2846 4840 2907 4893 Et
2942 4839 3069 4893 ideo
3103 4839 3182 4892 ait
3230 4837 3345 4910 [qui
3374 4853 3477 4906 pro
3507 4841 3561 4889 te
3600 4852 3731 4889 cum

2043 4925 2343 4980 cruciﬁxus
2391 4931 2540 4979 esset
2571 4926 2754 4980 oravit
2785 4925 2821 4997 ε]
2850 4944 2964 4981 non
2991 4927 3143 4997 quod
3181 4927 3373 4979 nullus
3410 4924 3730 4978 inﬁdelium

1294 5067 1493 5123 noras
1528 5058 1866 5126 DUVALLII
1907 5068 2247 5127 DOCTORIS
2278 5072 2668 5135 SORBQNICI.

302 5202 327 5227 ⁸
369 5193 453 5246 Ita
499 5191 652 5267 varii
692 5196 825 5245 sunt
862 5193 1185 5267 chronisﬁtie
1211 5194 1271 5267 in
1319 5211 1600 5249 annorum
1649 5201 1927 5267 supputa-

228 5263 390 5337 tione
423 5279 455 5315 a
485 5262 770 5337 cr_eati_one
802 5279 983 5337 usque
1032 5266 1098 5317 ad
1131 5265 1437 5332 Christum,
1474 5272 1534 5319 ut
1558 5269 1686 5337 jure
1718 5262 1786 5322 de
1816 5268 1929 5321 illis

228 5334 345 5388 dici
392 5334 577 5402 possit
606 5349 617 5385 :
644 5334 748 5386 Tot
796 5336 1004 5404 capita,
1053 5341 1135 5390 tot
1182 5338 1519 5403 sententiae;
1561 5334 1930 5392 communior

228 5411 431 5479 tamen
478 5404 768 5479 et__certior
813 5410 1125 5479 esteorum
1159 5409 1513 5477 supputatio,
1556 5410 1655 5479 qui
1703 5426 1767 5462 ex
1804 5410 1924 5463 LXX

230 5474 649 5544 Interpretibus
705 5480 759 5528 et
811 5478 1151 5544 pervetustis
1214 5474 1591 5532 Hebraeorum
1632 5480 1923 5533 codicibus

226 5548 431 5602 dicunt
461 5544 718 5616 quinque
749 5546 931 5601 millia
959 5553 1189 5602 centum
1219 5555 1275 5602 et
1304 5551 1618 5620 nonaginta
1654 5566 1859 5605 novem
1892 5570 1922 5605 a

2039 5199 2325 5253 creatione
2374 5200 2441 5254 ad
2494 5200 2778 5255 Christum
2827 5200 3129 5255 efﬂuxisse.
3182 5199 3555 5255 Communior
3592 5198 3726 5269 qui-

2038 5269 2190 5335 dem,
2237 5270 2335 5338 qui
2384 5276 2469 5325 est
2515 5278 2628 5327 tam
2675 5274 2995 5327 Graecorum
3046 5286 3217 5340 quam
3266 5271 3618 5334 Latinorum,
3669 5276 3729 5324 ut

2040 5346 2198 5393 notat
2247 5342 2521 5395 Baronius
2554 5343 2611 5395 in
2655 5342 3093 5411 Martyrologio;
3146 5342 3355 5395 certior
3387 5357 3537 5406 vero,
3591 5340 3727 5410 quia

2038 5412 2189 5464 hunc
2220 5429 2874 5491 _annori_im.numerum
2922 5412 3162 5469 Ecclesia
3201 5412 3262 5466 in
3313 5412 3726 5491 Martyrologiis

2034 5487 2313 5553 perpetuo
2344 5484 2599 5543 retinuit.
