  <div class='ocr_page' id='page_1' title='image "/cluster/home/n/w/nwhite01/storage/ocr_20150623/121/hvd.32044054759832/515.png"; bbox 0 0 4048 6170; ppageno 0'>
   <div class='ocr_carea' id='block_1_1' title="bbox 326 304 460 355">
    <p class='ocr_par' dir='ltr' id='par_1_1' title="bbox 326 304 460 355">
     <span class='ocr_line' id='line_1_1' title="bbox 326 304 460 355; baseline -0.03 0"><span class='ocrx_word' id='word_1_1' title='bbox 326 304 460 355; x_wconf 76' lang='grc'>1010</span> 
     </span>
    </p>
   </div>
   <div class='ocr_carea' id='block_1_2' title="bbox 1458 295 2700 355">
    <p class='ocr_par' dir='ltr' id='par_1_2' title="bbox 1458 295 2700 355">
     <span class='ocr_line' id='line_1_2' title="bbox 1458 295 2700 355; baseline -0.003 -2"><span class='ocrx_word' id='word_1_2' title='bbox 1458 300 1514 353; x_wconf 92' lang='lat' dir='ltr'><strong>S.</strong></span> <span class='ocrx_word' id='word_1_3' title='bbox 1557 296 1834 355; x_wconf 77' lang='lat' dir='ltr'><strong>REMIGII</strong></span> <span class='ocrx_word' id='word_1_4' title='bbox 1872 297 2351 353; x_wconf 86' lang='lat' dir='ltr'><strong>LUGDUNENSIS</strong></span> <span class='ocrx_word' id='word_1_5' title='bbox 2392 295 2700 352; x_wconf 86' lang='lat' dir='ltr'><strong>EPISCOPI</strong></span> 
     </span>
    </p>
   </div>
   <div class='ocr_carea' id='block_1_3' title="bbox 3699 300 3823 395">
    <p class='ocr_par' dir='ltr' id='par_1_3' title="bbox 3699 300 3823 395">
     <span class='ocr_line' id='line_1_3' title="bbox 3699 300 3823 395; baseline 0.008 -45"><span class='ocrx_word' id='word_1_6' title='bbox 3699 301 3715 350; x_wconf 90' lang='lat'><strong>1</strong></span> <span class='ocrx_word' id='word_1_7' title='bbox 3725 300 3823 395; x_wconf 51' lang='lat'><strong>0.20</strong></span> 
     </span>
    </p>
   </div>
   <div class='ocr_carea' id='block_1_4' title="bbox 319 430 3822 504">
    <p class='ocr_par' dir='ltr' id='par_1_4' title="bbox 319 430 3822 504">
     <span class='ocr_line' id='line_1_4' title="bbox 319 430 3822 504; baseline -0.001 -14"><span class='ocrx_word' id='word_1_8' title='bbox 319 436 650 490; x_wconf 72' lang='lat' dir='ltr'><strong>Judaaorum</strong></span> <span class='ocrx_word' id='word_1_9' title='bbox 679 436 751 489; x_wconf 91' lang='lat' dir='ltr'><strong>sit</strong></span> <span class='ocrx_word' id='word_1_10' title='bbox 779 450 884 504; x_wconf 90' lang='lat' dir='ltr'><strong>pro</strong></span> <span class='ocrx_word' id='word_1_11' title='bbox 917 449 1032 504; x_wconf 92' lang='lat' dir='ltr'><strong>quo</strong></span> <span class='ocrx_word' id='word_1_12' title='bbox 1063 448 1177 487; x_wconf 89' lang='lat' dir='ltr'><strong>non</strong></span> <span class='ocrx_word' id='word_1_13' title='bbox 1222 431 1498 487; x_wconf 86' lang='lat' dir='ltr'><strong>Dominus</strong></span> <span class='ocrx_word' id='word_1_14' title='bbox 1530 433 1588 487; x_wconf 92' lang='lat' dir='ltr'><strong>in</strong></span> <span class='ocrx_word' id='word_1_15' title='bbox 1618 448 1784 486; x_wconf 85' lang='lat' dir='ltr'>cruce</span> <span class='ocrx_word' id='word_1_16' title='bbox 1812 448 2007 486; x_wconf 90' lang='lat' dir='ltr'><strong>orave-</strong></span> <span class='ocrx_word' id='word_1_17' title='bbox 2048 436 2095 486; x_wconf 84' lang='grc' dir='ltr'><strong>Α</strong></span> <span class='ocrx_word' id='word_1_18' title='bbox 2124 433 2393 486; x_wconf 91' lang='lat' dir='ltr'><strong>omnibus</strong></span> <span class='ocrx_word' id='word_1_19' title='bbox 2444 432 2654 500; x_wconf 83' lang='lat' dir='ltr'><strong>impiis,</strong></span> <span class='ocrx_word' id='word_1_20' title='bbox 2709 430 2883 486; x_wconf 88' lang='lat' dir='ltr'><strong>etiam</strong></span> <span class='ocrx_word' id='word_1_21' title='bbox 2926 447 3030 500; x_wconf 91' lang='lat' dir='ltr'><strong>pro</strong></span> <span class='ocrx_word' id='word_1_22' title='bbox 3078 447 3195 484; x_wconf 85' lang='lat' dir='ltr'><strong>non</strong></span> <span class='ocrx_word' id='word_1_23' title='bbox 3246 431 3616 485; x_wconf 85' lang='lat' dir='ltr'><strong>credentibus</strong></span> <span class='ocrx_word' id='word_1_24' title='bbox 3669 438 3723 484; x_wconf 86' lang='lat' dir='ltr'><strong>et</strong></span> <span class='ocrx_word' id='word_1_25' title='bbox 3768 433 3822 485; x_wconf 92' lang='lat' dir='ltr'><strong>in</strong></span> 
     </span>
    </p>
   </div>
   <div class='ocr_carea' id='block_1_5' title="bbox 322 520 2020 591">
    <p class='ocr_par' dir='ltr' id='par_1_5' title="bbox 322 520 2020 591">
     <span class='ocr_line' id='line_1_5' title="bbox 322 520 2020 591; baseline -0.002 -13"><span class='ocrx_word' id='word_1_26' title='bbox 322 524 418 589; x_wconf 90' lang='lat' dir='ltr'><strong>rit,</strong></span> <span class='ocrx_word' id='word_1_27' title='bbox 455 525 645 578; x_wconf 88' lang='lat' dir='ltr'><strong>dicens</strong></span> <span class='ocrx_word' id='word_1_28' title='bbox 679 540 690 576; x_wconf 89' lang='lat'><strong>:</strong></span> <span class='ocrx_word' id='word_1_29' title='bbox 727 542 755 573; x_wconf 88' lang='grc'><strong>‹‹</strong></span> <span class='ocrx_word' id='word_1_30' title='bbox 804 525 990 587; x_wconf 90' lang='lat' dir='ltr'><strong>Pater,</strong></span> <span class='ocrx_word' id='word_1_31' title='bbox 1027 521 1260 591; x_wconf 80' lang='lat' dir='ltr'><strong>ignosce</strong></span> <span class='ocrx_word' id='word_1_32' title='bbox 1310 520 1441 587; x_wconf 81' lang='lat' dir='ltr'><strong>illis,</strong></span> <span class='ocrx_word' id='word_1_33' title='bbox 1480 537 1597 575; x_wconf 91' lang='lat' dir='ltr'><strong>non</strong></span> <span class='ocrx_word' id='word_1_34' title='bbox 1648 521 1800 575; x_wconf 90' lang='lat' dir='ltr'><strong>enim</strong></span> <span class='ocrx_word' id='word_1_35' title='bbox 1835 521 2020 575; x_wconf 87' lang='lat' dir='ltr'><strong>sciunt</strong></span> 
     </span>
    </p>
   </div>
   <div class='ocr_carea' id='block_1_6' title="bbox 324 610 2017 684">
    <p class='ocr_par' dir='ltr' id='par_1_6' title="bbox 324 610 2017 684">
     <span class='ocr_line' id='line_1_6' title="bbox 324 610 2017 684; baseline -0.001 -18"><span class='ocrx_word' id='word_1_36' title='bbox 324 614 461 684; x_wconf 91' lang='lat' dir='ltr'><strong>quid</strong></span> <span class='ocrx_word' id='word_1_37' title='bbox 512 613 727 667; x_wconf 86' lang='lat' dir='ltr'><strong>faciunt</strong></span> <span class='ocrx_word' id='word_1_38' title='bbox 772 613 920 680; x_wconf 85' lang='lat' dir='ltr'><strong>(Luc.</strong></span> <span class='ocrx_word' id='word_1_39' title='bbox 970 628 1084 673; x_wconf 83' lang='lat' dir='ltr'><strong>xui,</strong></span> <span class='ocrx_word' id='word_1_40' title='bbox 1117 610 1228 679; x_wconf 72' lang='grc'><strong>24),</strong></span> <span class='ocrx_word' id='word_1_41' title='bbox 1270 630 1295 659; x_wconf 84' lang='grc'><strong><em>»</em></strong></span> <span class='ocrx_word' id='word_1_42' title='bbox 1329 625 1458 663; x_wconf 88' lang='lat' dir='ltr'><strong>cum</strong></span> <span class='ocrx_word' id='word_1_43' title='bbox 1510 616 1709 680; x_wconf 88' lang='lat' dir='ltr'><strong>aperte</strong></span> <span class='ocrx_word' id='word_1_44' title='bbox 1751 611 1872 680; x_wconf 89' lang='lat' dir='ltr'><strong>ipse</strong></span> <span class='ocrx_word' id='word_1_45' title='bbox 1906 612 2017 664; x_wconf 92' lang='lat' dir='ltr'><strong>Do—</strong></span> 
     </span>
    </p>
   </div>
   <div class='ocr_carea' id='block_1_7' title="bbox 322 698 2017 769">
    <p class='ocr_par' dir='ltr' id='par_1_7' title="bbox 322 698 2017 769">
     <span class='ocr_line' id='line_1_7' title="bbox 322 698 2017 769; baseline -0.003 -14"><span class='ocrx_word' id='word_1_46' title='bbox 322 701 515 755; x_wconf 87' lang='lat' dir='ltr'><strong>minus</strong></span> <span class='ocrx_word' id='word_1_47' title='bbox 554 701 748 755; x_wconf 82' lang='lat' dir='ltr'><strong>dicat:</strong></span> <span class='ocrx_word' id='word_1_48' title='bbox 789 722 808 747; x_wconf 74' lang='grc' dir='ltr'><strong>σ</strong></span> <span class='ocrx_word' id='word_1_49' title='bbox 866 702 939 754; x_wconf 88' lang='lat' dir='ltr'><strong>Eo</strong></span> <span class='ocrx_word' id='word_1_50' title='bbox 971 716 1075 769; x_wconf 89' lang='lat' dir='ltr'><strong>pro</strong></span> <span class='ocrx_word' id='word_1_51' title='bbox 1137 698 1219 751; x_wconf 91' lang='lat' dir='ltr'><strong>eis</strong></span> <span class='ocrx_word' id='word_1_52' title='bbox 1268 714 1429 767; x_wconf 87' lang='lat' dir='ltr'><strong>rogo,</strong></span> <span class='ocrx_word' id='word_1_53' title='bbox 1482 714 1595 751; x_wconf 91' lang='lat' dir='ltr'><strong>non</strong></span> <span class='ocrx_word' id='word_1_54' title='bbox 1643 714 1746 767; x_wconf 89' lang='lat' dir='ltr'><strong>pro</strong></span> <span class='ocrx_word' id='word_1_55' title='bbox 1799 698 2017 752; x_wconf 90' lang='lat' dir='ltr'><strong>mundo</strong></span> 
     </span>
    </p>
   </div>
   <div class='ocr_carea' id='block_1_8' title="bbox 322 783 2015 856">
    <p class='ocr_par' dir='ltr' id='par_1_8' title="bbox 322 783 2015 856">
     <span class='ocr_line' id='line_1_8' title="bbox 322 783 2015 856; baseline 0 -17"><span class='ocrx_word' id='word_1_56' title='bbox 322 802 480 856; x_wconf 90' lang='lat' dir='ltr'><strong>rogo,</strong></span> <span class='ocrx_word' id='word_1_57' title='bbox 516 786 611 839; x_wconf 91' lang='lat' dir='ltr'><strong>sed</strong></span> <span class='ocrx_word' id='word_1_58' title='bbox 644 802 745 855; x_wconf 91' lang='lat' dir='ltr'><strong>pro</strong></span> <span class='ocrx_word' id='word_1_59' title='bbox 776 784 865 837; x_wconf 85' lang='lat' dir='ltr'><strong>his</strong></span> <span class='ocrx_word' id='word_1_60' title='bbox 895 800 1040 854; x_wconf 91' lang='lat' dir='ltr'><strong>quos</strong></span> <span class='ocrx_word' id='word_1_61' title='bbox 1069 783 1275 837; x_wconf 79' lang='lat' dir='ltr'><strong>dedisti</strong></span> <span class='ocrx_word' id='word_1_62' title='bbox 1308 784 1448 837; x_wconf 89' lang='lat' dir='ltr'><strong>mihi</strong></span> <span class='ocrx_word' id='word_1_63' title='bbox 1483 786 1551 838; x_wconf 88' lang='lat' dir='ltr'><strong>de</strong></span> <span class='ocrx_word' id='word_1_64' title='bbox 1584 786 1797 839; x_wconf 91' lang='lat' dir='ltr'><strong>mundo</strong></span> <span class='ocrx_word' id='word_1_65' title='bbox 1832 788 2015 854; x_wconf 84' lang='lat' dir='ltr'><strong>(Joan.</strong></span> 
     </span>
    </p>
   </div>
   <div class='ocr_carea' id='block_1_9' title="bbox 321 872 2019 945">
    <p class='ocr_par' dir='ltr' id='par_1_9' title="bbox 321 872 2019 945">
     <span class='ocr_line' id='line_1_9' title="bbox 321 872 2019 945; baseline 0.001 -18"><span class='ocrx_word' id='word_1_66' title='bbox 321 889 453 939; x_wconf 86' lang='lat' dir='ltr'><strong>xvu,</strong></span> <span class='ocrx_word' id='word_1_67' title='bbox 489 876 543 942; x_wconf 90' lang='lat'><strong>9)</strong></span> <span class='ocrx_word' id='word_1_68' title='bbox 580 884 625 926; x_wconf 69' lang='grc' dir='ltr'><strong>α.</strong></span> <span class='ocrx_word' id='word_1_69' title='bbox 670 895 697 922; x_wconf 85' lang='grc'><strong>››</strong></span> <span class='ocrx_word' id='word_1_70' title='bbox 744 873 851 927; x_wconf 90' lang='lat' dir='ltr'><strong>Sed</strong></span> <span class='ocrx_word' id='word_1_71' title='bbox 894 873 1029 942; x_wconf 86' lang='lat' dir='ltr'><strong>quia</strong></span> <span class='ocrx_word' id='word_1_72' title='bbox 1058 872 1230 925; x_wconf 89' lang='lat' dir='ltr'><strong>etiam</strong></span> <span class='ocrx_word' id='word_1_73' title='bbox 1278 872 1338 925; x_wconf 91' lang='lat' dir='ltr'><strong>in</strong></span> <span class='ocrx_word' id='word_1_74' title='bbox 1378 872 1501 942; x_wconf 92' lang='lat' dir='ltr'><strong>ipso</strong></span> <span class='ocrx_word' id='word_1_75' title='bbox 1535 872 1757 927; x_wconf 87' lang='lat' dir='ltr'><strong>inﬁdeli</strong></span> <span class='ocrx_word' id='word_1_76' title='bbox 1805 875 2019 945; x_wconf 90' lang='lat' dir='ltr'><strong>populo</strong></span> 
     </span>
    </p>
   </div>
   <div class='ocr_carea' id='block_1_10' title="bbox 322 960 2018 1031">
    <p class='ocr_par' dir='ltr' id='par_1_10' title="bbox 322 960 2018 1031">
     <span class='ocr_line' id='line_1_10' title="bbox 322 960 2018 1031; baseline 0 -16"><span class='ocrx_word' id='word_1_77' title='bbox 322 968 380 1016; x_wconf 92' lang='lat' dir='ltr'><strong>et</strong></span> <span class='ocrx_word' id='word_1_78' title='bbox 436 968 587 1029; x_wconf 90' lang='lat' dir='ltr'><strong>sunt,</strong></span> <span class='ocrx_word' id='word_1_79' title='bbox 640 966 695 1015; x_wconf 89' lang='lat' dir='ltr'><strong>et</strong></span> <span class='ocrx_word' id='word_1_80' title='bbox 757 962 991 1014; x_wconf 88' lang='lat' dir='ltr'><strong>fuerunt</strong></span> <span class='ocrx_word' id='word_1_81' title='bbox 1052 960 1241 1025; x_wconf 90' lang='lat' dir='ltr'><strong>multi,</strong></span> <span class='ocrx_word' id='word_1_82' title='bbox 1308 976 1411 1029; x_wconf 88' lang='lat' dir='ltr'><strong>pro</strong></span> <span class='ocrx_word' id='word_1_83' title='bbox 1460 962 1667 1031; x_wconf 80' lang='lat' dir='ltr'><strong>quibus</strong></span> <span class='ocrx_word' id='word_1_84' title='bbox 1712 968 1770 1015; x_wconf 88' lang='lat' dir='ltr'><strong>ut</strong></span> <span class='ocrx_word' id='word_1_85' title='bbox 1823 979 1857 1015; x_wconf 92' lang='lat' dir='ltr'><strong>a</strong></span> <span class='ocrx_word' id='word_1_86' title='bbox 1918 979 2018 1015; x_wconf 89' lang='lat' dir='ltr'><strong>suo</strong></span> 
     </span>
    </p>
   </div>
   <div class='ocr_carea' id='block_1_11' title="bbox 322 1051 2019 1105">
    <p class='ocr_par' dir='ltr' id='par_1_11' title="bbox 322 1051 2019 1105">
     <span class='ocr_line' id='line_1_11' title="bbox 322 1051 2019 1105; baseline 0 -1"><span class='ocrx_word' id='word_1_87' title='bbox 322 1068 515 1105; x_wconf 89' lang='lat' dir='ltr'><strong>errore</strong></span> <span class='ocrx_word' id='word_1_88' title='bbox 577 1056 983 1105; x_wconf 82' lang='lat' dir='ltr'><strong>convertantur</strong></span> <span class='ocrx_word' id='word_1_89' title='bbox 1028 1054 1085 1102; x_wconf 89' lang='lat' dir='ltr'><strong>et</strong></span> <span class='ocrx_word' id='word_1_90' title='bbox 1141 1051 1433 1104; x_wconf 80' lang='lat' dir='ltr'><strong>salvantur</strong></span> <span class='ocrx_word' id='word_1_91' title='bbox 1474 1051 1753 1104; x_wconf 86' lang='lat' dir='ltr'><strong>Dominus</strong></span> <span class='ocrx_word' id='word_1_92' title='bbox 1794 1051 2019 1105; x_wconf 89' lang='lat' dir='ltr'><strong>miseri-</strong></span> 
     </span>
    </p>
   </div>
   <div class='ocr_carea' id='block_1_12' title="bbox 323 1137 2017 1207">
    <p class='ocr_par' dir='ltr' id='par_1_12' title="bbox 323 1137 2017 1207">
     <span class='ocr_line' id='line_1_12' title="bbox 323 1137 2017 1207; baseline -0.002 -14"><span class='ocrx_word' id='word_1_93' title='bbox 323 1140 573 1193; x_wconf 86' lang='lat' dir='ltr'><strong>corditer</strong></span> <span class='ocrx_word' id='word_1_94' title='bbox 626 1140 828 1203; x_wconf 89' lang='lat' dir='ltr'><strong>oravit,</strong></span> <span class='ocrx_word' id='word_1_95' title='bbox 861 1143 917 1191; x_wconf 90' lang='lat' dir='ltr'><strong>et</strong></span> <span class='ocrx_word' id='word_1_96' title='bbox 964 1138 1114 1207; x_wconf 86' lang='lat' dir='ltr'><strong>quod</strong></span> <span class='ocrx_word' id='word_1_97' title='bbox 1167 1138 1349 1189; x_wconf 90' lang='lat' dir='ltr'><strong>oravit</strong></span> <span class='ocrx_word' id='word_1_98' title='bbox 1396 1137 1704 1190; x_wconf 71' lang='lat' dir='ltr'><strong>efficaciter</strong></span> <span class='ocrx_word' id='word_1_99' title='bbox 1755 1137 2017 1201; x_wconf 85' lang='lat' dir='ltr'><strong>obtinuit,</strong></span> 
     </span>
    </p>
   </div>
   <div class='ocr_carea' id='block_1_13' title="bbox 326 1225 2022 1297">
    <p class='ocr_par' dir='ltr' id='par_1_13' title="bbox 326 1225 2022 1297">
     <span class='ocr_line' id='line_1_13' title="bbox 326 1225 2022 1297; baseline -0.002 -17"><span class='ocrx_word' id='word_1_100' title='bbox 326 1233 381 1281; x_wconf 87' lang='lat' dir='ltr'><strong>et</strong></span> <span class='ocrx_word' id='word_1_101' title='bbox 415 1226 669 1297; x_wconf 88' lang='lat' dir='ltr'><strong>perfecit.</strong></span> <span class='ocrx_word' id='word_1_102' title='bbox 709 1228 773 1279; x_wconf 87' lang='lat' dir='ltr'><strong>Et</strong></span> <span class='ocrx_word' id='word_1_103' title='bbox 811 1230 959 1278; x_wconf 90' lang='lat' dir='ltr'><strong>recte</strong></span> <span class='ocrx_word' id='word_1_104' title='bbox 1011 1226 1069 1277; x_wconf 91' lang='grc' dir='ltr'><strong>Β.</strong></span> <span class='ocrx_word' id='word_1_105' title='bbox 1100 1225 1295 1277; x_wconf 86' lang='lat' dir='ltr'><strong>doctor</strong></span> <span class='ocrx_word' id='word_1_106' title='bbox 1325 1225 1481 1293; x_wconf 87' lang='lat' dir='ltr'><strong>dicit,</strong></span> <span class='ocrx_word' id='word_1_107' title='bbox 1528 1226 1683 1278; x_wconf 88' lang='lat' dir='ltr'><strong>velut</strong></span> <span class='ocrx_word' id='word_1_108' title='bbox 1713 1226 1818 1278; x_wconf 85' lang='lat' dir='ltr'><strong>sub</strong></span> <span class='ocrx_word' id='word_1_109' title='bbox 1853 1225 2022 1278; x_wconf 91' lang='lat' dir='ltr'><strong>unius</strong></span> 
     </span>
    </p>
   </div>
   <div class='ocr_carea' id='block_1_14' title="bbox 328 1313 2021 1385">
    <p class='ocr_par' dir='ltr' id='par_1_14' title="bbox 328 1313 2021 1385">
     <span class='ocr_line' id='line_1_14' title="bbox 328 1313 2021 1385; baseline -0.001 -17"><span class='ocrx_word' id='word_1_110' title='bbox 328 1332 574 1385; x_wconf 85' lang='lat' dir='ltr'><strong>persona</strong></span> <span class='ocrx_word' id='word_1_111' title='bbox 603 1316 671 1367; x_wconf 91' lang='lat' dir='ltr'><strong>ad</strong></span> <span class='ocrx_word' id='word_1_112' title='bbox 704 1320 888 1367; x_wconf 89' lang='lat' dir='ltr'><strong>totum</strong></span> <span class='ocrx_word' id='word_1_113' title='bbox 920 1315 1081 1366; x_wconf 89' lang='lat' dir='ltr'><strong>illum</strong></span> <span class='ocrx_word' id='word_1_114' title='bbox 1128 1313 1421 1367; x_wconf 83' lang='lat' dir='ltr'><strong>inﬁdelem</strong></span> <span class='ocrx_word' id='word_1_115' title='bbox 1454 1314 1758 1383; x_wconf 85' lang='lat' dir='ltr'><strong>populum]</strong></span> <span class='ocrx_word' id='word_1_116' title='bbox 1791 1315 1889 1384; x_wconf 89' lang='lat' dir='ltr'><strong>qui</strong></span> <span class='ocrx_word' id='word_1_117' title='bbox 1915 1329 2021 1383; x_wconf 92' lang='lat' dir='ltr'><strong>pro</strong></span> 
     </span>
    </p>
   </div>
   <div class='ocr_carea' id='block_1_15' title="bbox 330 1401 2019 1473">
    <p class='ocr_par' dir='ltr' id='par_1_15' title="bbox 330 1401 2019 1473">
     <span class='ocr_line' id='line_1_15' title="bbox 330 1401 2019 1473; baseline -0.001 -16"><span class='ocrx_word' id='word_1_118' title='bbox 330 1409 385 1458; x_wconf 89' lang='lat' dir='ltr'><strong>te</strong></span> <span class='ocrx_word' id='word_1_119' title='bbox 420 1419 548 1456; x_wconf 91' lang='lat' dir='ltr'><strong>cum</strong></span> <span class='ocrx_word' id='word_1_120' title='bbox 582 1403 884 1455; x_wconf 82' lang='lat' dir='ltr'><strong>cruciﬁxus</strong></span> <span class='ocrx_word' id='word_1_121' title='bbox 929 1406 1074 1454; x_wconf 83' lang='lat' dir='ltr'><strong>esset</strong></span> <span class='ocrx_word' id='word_1_122' title='bbox 1105 1401 1332 1473; x_wconf 80' lang='lat' dir='ltr'><strong>oravit].</strong></span> <span class='ocrx_word' id='word_1_123' title='bbox 1386 1402 1528 1465; x_wconf 84' lang='lat' dir='ltr'><strong>Quia</strong></span> <span class='ocrx_word' id='word_1_124' title='bbox 1560 1403 1817 1469; x_wconf 86' lang='lat' dir='ltr'><strong>profecto</strong></span> <span class='ocrx_word' id='word_1_125' title='bbox 1866 1408 1922 1456; x_wconf 93' lang='lat' dir='ltr'><strong>et</strong></span> <span class='ocrx_word' id='word_1_126' title='bbox 1953 1419 2019 1455; x_wconf 82' lang='lat' dir='ltr'><strong>ex</strong></span> 
     </span>
    </p>
   </div>
   <div class='ocr_carea' id='block_1_16' title="bbox 326 1490 2022 1560">
    <p class='ocr_par' dir='ltr' id='par_1_16' title="bbox 326 1490 2022 1560">
     <span class='ocr_line' id='line_1_16' title="bbox 326 1490 2022 1560; baseline -0.001 -15"><span class='ocrx_word' id='word_1_127' title='bbox 326 1492 450 1558; x_wconf 90' lang='lat' dir='ltr'><strong>illo,</strong></span> <span class='ocrx_word' id='word_1_128' title='bbox 485 1497 540 1544; x_wconf 93' lang='lat' dir='ltr'><strong>et</strong></span> <span class='ocrx_word' id='word_1_129' title='bbox 580 1491 638 1544; x_wconf 88' lang='lat' dir='ltr'><strong>in</strong></span> <span class='ocrx_word' id='word_1_130' title='bbox 680 1492 777 1544; x_wconf 90' lang='lat' dir='ltr'><strong>illo</strong></span> <span class='ocrx_word' id='word_1_131' title='bbox 821 1490 1035 1560; x_wconf 91' lang='lat' dir='ltr'><strong>populo</strong></span> <span class='ocrx_word' id='word_1_132' title='bbox 1086 1493 1140 1542; x_wconf 88' lang='lat' dir='ltr'><strong>et</strong></span> <span class='ocrx_word' id='word_1_133' title='bbox 1171 1490 1421 1556; x_wconf 87' lang='lat' dir='ltr'><strong>fuerunt,</strong></span> <span class='ocrx_word' id='word_1_134' title='bbox 1459 1496 1514 1543; x_wconf 90' lang='lat' dir='ltr'><strong>et</strong></span> <span class='ocrx_word' id='word_1_135' title='bbox 1555 1497 1705 1557; x_wconf 89' lang='lat' dir='ltr'><strong>sunt,</strong></span> <span class='ocrx_word' id='word_1_136' title='bbox 1741 1497 1797 1545; x_wconf 88' lang='lat' dir='ltr'><strong>et</strong></span> <span class='ocrx_word' id='word_1_137' title='bbox 1832 1495 2022 1559; x_wconf 89' lang='lat' dir='ltr'><strong>erunt,</strong></span> 
     </span>
    </p>
   </div>
   <div class='ocr_carea' id='block_1_17' title="bbox 327 1578 2023 1650">
    <p class='ocr_par' dir='ltr' id='par_1_17' title="bbox 327 1578 2023 1650">
     <span class='ocr_line' id='line_1_17' title="bbox 327 1578 2023 1650; baseline -0.001 -18"><span class='ocrx_word' id='word_1_138' title='bbox 327 1596 435 1650; x_wconf 92' lang='lat' dir='ltr'><strong>pro</strong></span> <span class='ocrx_word' id='word_1_139' title='bbox 486 1581 695 1649; x_wconf 87' lang='lat' dir='ltr'><strong>quibus</strong></span> <span class='ocrx_word' id='word_1_140' title='bbox 727 1580 922 1632; x_wconf 89' lang='lat' dir='ltr'><strong>oravit.</strong></span> <span class='ocrx_word' id='word_1_141' title='bbox 972 1579 1099 1631; x_wconf 83' lang='lat' dir='ltr'><strong>Haec</strong></span> <span class='ocrx_word' id='word_1_142' title='bbox 1138 1578 1307 1631; x_wconf 89' lang='lat' dir='ltr'><strong>verba</strong></span> <span class='ocrx_word' id='word_1_143' title='bbox 1341 1580 1395 1631; x_wconf 87' lang='grc' dir='ltr'><strong>Β.</strong></span> <span class='ocrx_word' id='word_1_144' title='bbox 1450 1580 1647 1632; x_wconf 71' lang='lat' dir='ltr'><strong>Leonis</strong></span> <span class='ocrx_word' id='word_1_145' title='bbox 1679 1579 1757 1632; x_wconf 88' lang='lat' dir='ltr'><strong>ita</strong></span> <span class='ocrx_word' id='word_1_146' title='bbox 1788 1580 2023 1633; x_wconf 90' lang='lat' dir='ltr'><strong>omnino</strong></span> 
     </span>
    </p>
   </div>
   <div class='ocr_carea' id='block_1_18' title="bbox 325 1666 2021 1738">
    <p class='ocr_par' dir='ltr' id='par_1_18' title="bbox 325 1666 2021 1738">
     <span class='ocr_line' id='line_1_18' title="bbox 325 1666 2021 1738; baseline 0 -17"><span class='ocrx_word' id='word_1_147' title='bbox 325 1684 446 1723; x_wconf 91' lang='lat' dir='ltr'><strong>esse</strong></span> <span class='ocrx_word' id='word_1_148' title='bbox 479 1668 867 1738; x_wconf 86' lang='lat' dir='ltr'><strong>intelligenda,</strong></span> <span class='ocrx_word' id='word_1_149' title='bbox 901 1667 1072 1719; x_wconf 88' lang='lat' dir='ltr'><strong>etiam</strong></span> <span class='ocrx_word' id='word_1_150' title='bbox 1102 1666 1222 1736; x_wconf 87' lang='lat' dir='ltr'><strong>ipse</strong></span> <span class='ocrx_word' id='word_1_151' title='bbox 1257 1668 1315 1719; x_wconf 91' lang='lat' dir='ltr'><strong>in</strong></span> <span class='ocrx_word' id='word_1_152' title='bbox 1356 1667 1480 1720; x_wconf 89' lang='lat' dir='ltr'><strong>aliis</strong></span> <span class='ocrx_word' id='word_1_153' title='bbox 1511 1668 1648 1721; x_wconf 90' lang='lat' dir='ltr'><strong>locis</strong></span> <span class='ocrx_word' id='word_1_154' title='bbox 1683 1669 2021 1722; x_wconf 90' lang='lat' dir='ltr'><strong>eorumdem</strong></span> 
     </span>
    </p>
   </div>
   <div class='ocr_carea' id='block_1_19' title="bbox 326 1757 2023 1827">
    <p class='ocr_par' dir='ltr' id='par_1_19' title="bbox 326 1757 2023 1827">
     <span class='ocr_line' id='line_1_19' title="bbox 326 1757 2023 1827; baseline -0.001 -15"><span class='ocrx_word' id='word_1_155' title='bbox 326 1774 661 1812; x_wconf 85' lang='lat' dir='ltr'><strong>sermonum</strong></span> <span class='ocrx_word' id='word_1_156' title='bbox 695 1758 762 1811; x_wconf 90' lang='lat' dir='ltr'><strong>ad</strong></span> <span class='ocrx_word' id='word_1_157' title='bbox 794 1758 1073 1827; x_wconf 89' lang='lat' dir='ltr'><strong>populum</strong></span> <span class='ocrx_word' id='word_1_158' title='bbox 1106 1760 1219 1810; x_wconf 90' lang='lat' dir='ltr'><strong>tam</strong></span> <span class='ocrx_word' id='word_1_159' title='bbox 1252 1757 1400 1810; x_wconf 88' lang='lat' dir='ltr'><strong>clare</strong></span> <span class='ocrx_word' id='word_1_160' title='bbox 1449 1758 1700 1827; x_wconf 81' lang='lat' dir='ltr'><strong>exponit,</strong></span> <span class='ocrx_word' id='word_1_161' title='bbox 1748 1764 1813 1811; x_wconf 92' lang='lat' dir='ltr'><strong>ut</strong></span> <span class='ocrx_word' id='word_1_162' title='bbox 1840 1760 1908 1813; x_wconf 90' lang='lat' dir='ltr'><strong>de</strong></span> <span class='ocrx_word' id='word_1_163' title='bbox 1934 1760 2023 1812; x_wconf 80' lang='lat' dir='ltr'><strong>his</strong></span> 
     </span>
    </p>
   </div>
   <div class='ocr_carea' id='block_1_20' title="bbox 325 1845 2024 1916">
    <p class='ocr_par' dir='ltr' id='par_1_20' title="bbox 325 1845 2024 1916">
     <span class='ocr_line' id='line_1_20' title="bbox 325 1845 2024 1916; baseline -0.001 -16"><span class='ocrx_word' id='word_1_164' title='bbox 325 1847 546 1901; x_wconf 89' lang='lat' dir='ltr'><strong>nemini</strong></span> <span class='ocrx_word' id='word_1_165' title='bbox 600 1846 981 1900; x_wconf 85' lang='lat' dir='ltr'><strong>dubitandum</strong></span> <span class='ocrx_word' id='word_1_166' title='bbox 1031 1846 1122 1898; x_wconf 90' lang='lat' dir='ltr'><strong>sit.</strong></span> <span class='ocrx_word' id='word_1_167' title='bbox 1177 1845 1357 1916; x_wconf 90' lang='lat' dir='ltr'><strong>[Sicut</strong></span> <span class='ocrx_word' id='word_1_168' title='bbox 1401 1846 1556 1899; x_wconf 91' lang='lat' dir='ltr'><strong>enim</strong></span> <span class='ocrx_word' id='word_1_169' title='bbox 1603 1847 1855 1916; x_wconf 86' lang='lat' dir='ltr'><strong>quodam</strong></span> <span class='ocrx_word' id='word_1_170' title='bbox 1901 1848 2024 1900; x_wconf 92' lang='lat' dir='ltr'><strong>loco</strong></span> 
     </span>
    </p>
   </div>
   <div class='ocr_carea' id='block_1_21' title="bbox 326 1933 2024 2002">
    <p class='ocr_par' dir='ltr' id='par_1_21' title="bbox 326 1933 2024 2002">
     <span class='ocr_line' id='line_1_21' title="bbox 326 1933 2024 2002; baseline -0.001 -14"><span class='ocrx_word' id='word_1_171' title='bbox 326 1934 449 1989; x_wconf 89' lang='lat' dir='ltr'><strong>ait:</strong></span> <span class='ocrx_word' id='word_1_172' title='bbox 485 1934 762 1988; x_wconf 90' lang='lat' dir='ltr'><strong>Dominus</strong></span> <span class='ocrx_word' id='word_1_173' title='bbox 815 1937 1007 1987; x_wconf 86' lang='lat' dir='ltr'><strong>noster</strong></span> <span class='ocrx_word' id='word_1_174' title='bbox 1055 1933 1133 1985; x_wconf 89' lang='lat' dir='ltr'><strong>ita</strong></span> <span class='ocrx_word' id='word_1_175' title='bbox 1162 1933 1417 1986; x_wconf 81' lang='lat' dir='ltr'><strong>humano</strong></span> <span class='ocrx_word' id='word_1_176' title='bbox 1463 1934 1661 2002; x_wconf 85' lang='lat' dir='ltr'><strong>generi</strong></span> <span class='ocrx_word' id='word_1_177' title='bbox 1706 1951 1808 1987; x_wconf 91' lang='lat' dir='ltr'><strong>sua</strong></span> <span class='ocrx_word' id='word_1_178' title='bbox 1842 1938 2024 1987; x_wconf 88' lang='lat' dir='ltr'><strong>morte</strong></span> 
     </span>
    </p>
   </div>
   <div class='ocr_carea' id='block_1_22' title="bbox 333 2022 2023 2092">
    <p class='ocr_par' dir='ltr' id='par_1_22' title="bbox 333 2022 2023 2092">
     <span class='ocr_line' id='line_1_22' title="bbox 333 2022 2023 2092; baseline 0 -16"><span class='ocrx_word' id='word_1_179' title='bbox 333 2022 602 2084; x_wconf 84' lang='lat' dir='ltr'><strong>consulit,</strong></span> <span class='ocrx_word' id='word_1_180' title='bbox 638 2027 698 2075; x_wconf 89' lang='lat' dir='ltr'><strong>ut</strong></span> <span class='ocrx_word' id='word_1_181' title='bbox 743 2026 1163 2075; x_wconf 88' lang='lat' dir='ltr'><strong>sacramentum</strong></span> <span class='ocrx_word' id='word_1_182' title='bbox 1210 2022 1407 2074; x_wconf 87' lang='lat' dir='ltr'><strong>salutis</strong></span> <span class='ocrx_word' id='word_1_183' title='bbox 1447 2022 1619 2075; x_wconf 90' lang='lat' dir='ltr'><strong>etiam</strong></span> <span class='ocrx_word' id='word_1_184' title='bbox 1652 2022 1787 2092; x_wconf 88' lang='lat' dir='ltr'><strong>ipsis</strong></span> <span class='ocrx_word' id='word_1_185' title='bbox 1830 2038 2023 2091; x_wconf 90' lang='lat' dir='ltr'><strong>perse-</strong></span> 
     </span>
    </p>
   </div>
   <div class='ocr_carea' id='block_1_23' title="bbox 331 2110 2026 2180">
    <p class='ocr_par' dir='ltr' id='par_1_23' title="bbox 331 2110 2026 2180">
     <span class='ocr_line' id='line_1_23' title="bbox 331 2110 2026 2180; baseline -0.001 -15"><span class='ocrx_word' id='word_1_186' title='bbox 331 2111 624 2166; x_wconf 89' lang='lat' dir='ltr'><strong>cutoribus</strong></span> <span class='ocrx_word' id='word_1_187' title='bbox 668 2127 782 2164; x_wconf 90' lang='lat' dir='ltr'><strong>non</strong></span> <span class='ocrx_word' id='word_1_188' title='bbox 814 2114 1084 2180; x_wconf 84' lang='lat' dir='ltr'><strong>negaret;</strong></span> <span class='ocrx_word' id='word_1_189' title='bbox 1118 2110 1218 2179; x_wconf 92' lang='lat' dir='ltr'><strong>qui</strong></span> <span class='ocrx_word' id='word_1_190' title='bbox 1272 2110 1426 2162; x_wconf 90' lang='lat' dir='ltr'><strong>enim</strong></span> <span class='ocrx_word' id='word_1_191' title='bbox 1482 2116 1718 2164; x_wconf 90' lang='lat' dir='ltr'><strong>venerat</strong></span> <span class='ocrx_word' id='word_1_192' title='bbox 1750 2111 2026 2164; x_wconf 87' lang='lat' dir='ltr'><strong>universis</strong></span> 
     </span>
    </p>
   </div>
   <div class='ocr_carea' id='block_1_24' title="bbox 329 2198 2025 2269">
    <p class='ocr_par' dir='ltr' id='par_1_24' title="bbox 329 2198 2025 2269">
     <span class='ocr_line' id='line_1_24' title="bbox 329 2198 2025 2269; baseline -0.001 -14"><span class='ocrx_word' id='word_1_193' title='bbox 329 2200 692 2255; x_wconf 88' lang='lat' dir='ltr'><strong>credentibus</strong></span> <span class='ocrx_word' id='word_1_194' title='bbox 736 2199 932 2252; x_wconf 89' lang='lat' dir='ltr'><strong>omnia</strong></span> <span class='ocrx_word' id='word_1_195' title='bbox 976 2203 1207 2268; x_wconf 90' lang='lat' dir='ltr'><strong>peccata</strong></span> <span class='ocrx_word' id='word_1_196' title='bbox 1233 2198 1543 2265; x_wconf 88' lang='lat' dir='ltr'><strong>dimittere,</strong></span> <span class='ocrx_word' id='word_1_197' title='bbox 1578 2216 1611 2252; x_wconf 89' lang='lat' dir='ltr'><strong>a</strong></span> <span class='ocrx_word' id='word_1_198' title='bbox 1655 2200 1909 2269; x_wconf 86' lang='lat' dir='ltr'><strong>generali</strong></span> <span class='ocrx_word' id='word_1_199' title='bbox 1936 2199 2025 2253; x_wconf 89' lang='lat' dir='ltr'><strong>in-</strong></span> 
     </span>
    </p>
   </div>
   <div class='ocr_carea' id='block_1_25' title="bbox 330 2285 2023 2365">
    <p class='ocr_par' dir='ltr' id='par_1_25' title="bbox 330 2285 2023 2365">
     <span class='ocr_line' id='line_1_25' title="bbox 330 2285 2023 2365; baseline 0 -24"><span class='ocrx_word' id='word_1_200' title='bbox 330 2287 625 2365; x_wconf 81' lang='lat' dir='ltr'><strong>dulgentia</strong></span> <span class='ocrx_word' id='word_1_201' title='bbox 680 2302 784 2340; x_wconf 90' lang='lat' dir='ltr'><strong>nec</strong></span> <span class='ocrx_word' id='word_1_202' title='bbox 830 2285 1129 2340; x_wconf 85' lang='lat' dir='ltr'><strong>Judaicum</strong></span> <span class='ocrx_word' id='word_1_203' title='bbox 1175 2286 1355 2339; x_wconf 91' lang='lat' dir='ltr'><strong>voluit</strong></span> <span class='ocrx_word' id='word_1_204' title='bbox 1407 2286 1623 2339; x_wconf 87' lang='lat' dir='ltr'><strong>crimen</strong></span> <span class='ocrx_word' id='word_1_205' title='bbox 1677 2286 2023 2358; x_wconf 86' lang='lat' dir='ltr'><strong>excludere.]</strong></span> 
     </span>
    </p>
   </div>
   <div class='ocr_carea' id='block_1_26' title="bbox 329 2372 2024 2444">
    <p class='ocr_par' dir='ltr' id='par_1_26' title="bbox 329 2372 2024 2444">
     <span class='ocr_line' id='line_1_26' title="bbox 329 2372 2024 2444; baseline 0 -17"><span class='ocrx_word' id='word_1_206' title='bbox 329 2376 473 2427; x_wconf 87' lang='lat' dir='ltr'><strong>Item</strong></span> <span class='ocrx_word' id='word_1_207' title='bbox 502 2373 637 2427; x_wconf 88' lang='lat' dir='ltr'><strong>alibi</strong></span> <span class='ocrx_word' id='word_1_208' title='bbox 672 2374 740 2426; x_wconf 89' lang='lat' dir='ltr'><strong>de</strong></span> <span class='ocrx_word' id='word_1_209' title='bbox 770 2372 971 2426; x_wconf 91' lang='lat' dir='ltr'><strong>eodem</strong></span> <span class='ocrx_word' id='word_1_210' title='bbox 1013 2373 1256 2426; x_wconf 90' lang='lat' dir='ltr'><strong>Domino</strong></span> <span class='ocrx_word' id='word_1_211' title='bbox 1280 2378 1470 2426; x_wconf 88' lang='lat' dir='ltr'><strong>nostro</strong></span> <span class='ocrx_word' id='word_1_212' title='bbox 1499 2376 1774 2444; x_wconf 87' lang='lat' dir='ltr'><strong>loquens:</strong></span> <span class='ocrx_word' id='word_1_213' title='bbox 1804 2374 2024 2444; x_wconf 87' lang='lat' dir='ltr'><strong>[Cujus,</strong></span> 
     </span>
    </p>
   </div>
   <div class='ocr_carea' id='block_1_27' title="bbox 330 2461 2029 2534">
    <p class='ocr_par' dir='ltr' id='par_1_27' title="bbox 330 2461 2029 2534">
     <span class='ocr_line' id='line_1_27' title="bbox 330 2461 2029 2534; baseline 0 -19"><span class='ocrx_word' id='word_1_214' title='bbox 330 2462 539 2531; x_wconf 87' lang='lat' dir='ltr'><strong>inquit,</strong></span> <span class='ocrx_word' id='word_1_215' title='bbox 573 2464 747 2515; x_wconf 89' lang='lat' dir='ltr'><strong>etiam</strong></span> <span class='ocrx_word' id='word_1_216' title='bbox 779 2461 925 2514; x_wconf 90' lang='lat' dir='ltr'><strong>circa</strong></span> <span class='ocrx_word' id='word_1_217' title='bbox 955 2461 1349 2515; x_wconf 83' lang='lat' dir='ltr'><strong>interfectores</strong></span> <span class='ocrx_word' id='word_1_218' title='bbox 1377 2478 1507 2514; x_wconf 90' lang='lat' dir='ltr'><strong>suos</strong></span> <span class='ocrx_word' id='word_1_219' title='bbox 1550 2468 1709 2515; x_wconf 89' lang='lat' dir='ltr'><strong>tanta</strong></span> <span class='ocrx_word' id='word_1_220' title='bbox 1736 2468 1858 2516; x_wconf 90' lang='lat' dir='ltr'><strong>erat</strong></span> <span class='ocrx_word' id='word_1_221' title='bbox 1901 2464 2029 2534; x_wconf 86' lang='lat' dir='ltr'><strong>pie-</strong></span> 
     </span>
    </p>
   </div>
   <div class='ocr_carea' id='block_1_28' title="bbox 332 2548 2026 2619">
    <p class='ocr_par' dir='ltr' id='par_1_28' title="bbox 332 2548 2026 2619">
     <span class='ocr_line' id='line_1_28' title="bbox 332 2548 2026 2619; baseline 0.001 -18"><span class='ocrx_word' id='word_1_222' title='bbox 332 2549 465 2602; x_wconf 85' lang='lat' dir='ltr'><strong>tatis</strong></span> <span class='ocrx_word' id='word_1_223' title='bbox 515 2549 758 2613; x_wconf 81' lang='lat' dir='ltr'><strong>affectio,</strong></span> <span class='ocrx_word' id='word_1_224' title='bbox 793 2553 854 2602; x_wconf 90' lang='lat' dir='ltr'><strong>ut</strong></span> <span class='ocrx_word' id='word_1_225' title='bbox 901 2548 971 2601; x_wconf 91' lang='lat' dir='ltr'><strong>de</strong></span> <span class='ocrx_word' id='word_1_226' title='bbox 1002 2564 1167 2601; x_wconf 88' lang='lat' dir='ltr'><strong>cruce</strong></span> <span class='ocrx_word' id='word_1_227' title='bbox 1224 2548 1554 2618; x_wconf 85' lang='lat' dir='ltr'><strong>supplicans</strong></span> <span class='ocrx_word' id='word_1_228' title='bbox 1606 2550 1755 2619; x_wconf 89' lang='lat' dir='ltr'><strong>patri</strong></span> <span class='ocrx_word' id='word_1_229' title='bbox 1802 2566 1917 2603; x_wconf 91' lang='lat' dir='ltr'><strong>non</strong></span> <span class='ocrx_word' id='word_1_230' title='bbox 1968 2567 2026 2603; x_wconf 89' lang='lat' dir='ltr'><strong>se</strong></span> 
     </span>
    </p>
   </div>
   <div class='ocr_carea' id='block_1_29' title="bbox 333 2636 2029 2706">
    <p class='ocr_par' dir='ltr' id='par_1_29' title="bbox 333 2636 2029 2706">
     <span class='ocr_line' id='line_1_29' title="bbox 333 2636 2029 2706; baseline 0.004 -19"><span class='ocrx_word' id='word_1_231' title='bbox 333 2636 632 2702; x_wconf 89' lang='lat' dir='ltr'><strong>vindicari,</strong></span> <span class='ocrx_word' id='word_1_232' title='bbox 684 2637 779 2689; x_wconf 91' lang='lat' dir='ltr'><strong>sed</strong></span> <span class='ocrx_word' id='word_1_233' title='bbox 813 2636 926 2689; x_wconf 88' lang='lat' dir='ltr'><strong>illis</strong></span> <span class='ocrx_word' id='word_1_234' title='bbox 958 2638 1279 2705; x_wconf 84' lang='lat' dir='ltr'><strong>postularet</strong></span> <span class='ocrx_word' id='word_1_235' title='bbox 1324 2637 1559 2706; x_wconf 89' lang='lat' dir='ltr'><strong>ignosci,</strong></span> <span class='ocrx_word' id='word_1_236' title='bbox 1594 2638 1789 2691; x_wconf 89' lang='lat' dir='ltr'><strong>dicens</strong></span> <span class='ocrx_word' id='word_1_237' title='bbox 1823 2655 1835 2691; x_wconf 90' lang='lat'>:</span> <span class='ocrx_word' id='word_1_238' title='bbox 1873 2660 1900 2687; x_wconf 76' lang='grc' dir='ltr'><strong>ι(</strong></span> <span class='ocrx_word' id='word_1_239' title='bbox 1924 2640 2029 2692; x_wconf 88' lang='lat' dir='ltr'><strong>Pa-</strong></span> 
     </span>
    </p>
   </div>
   <div class='ocr_carea' id='block_1_30' title="bbox 331 2724 2028 2795">
    <p class='ocr_par' dir='ltr' id='par_1_30' title="bbox 331 2724 2028 2795">
     <span class='ocr_line' id='line_1_30' title="bbox 331 2724 2028 2795; baseline 0.003 -18"><span class='ocrx_word' id='word_1_240' title='bbox 331 2729 436 2790; x_wconf 85' lang='lat' dir='ltr'><strong>ter,</strong></span> <span class='ocrx_word' id='word_1_241' title='bbox 473 2724 698 2777; x_wconf 89' lang='lat' dir='ltr'><strong>dimitte</strong></span> <span class='ocrx_word' id='word_1_242' title='bbox 729 2724 859 2790; x_wconf 92' lang='lat' dir='ltr'><strong>illis,</strong></span> <span class='ocrx_word' id='word_1_243' title='bbox 896 2739 1011 2777; x_wconf 91' lang='lat' dir='ltr'><strong>non</strong></span> <span class='ocrx_word' id='word_1_244' title='bbox 1043 2725 1195 2777; x_wconf 91' lang='lat' dir='ltr'><strong>enim</strong></span> <span class='ocrx_word' id='word_1_245' title='bbox 1228 2726 1415 2777; x_wconf 86' lang='lat' dir='ltr'><strong>sciunt</strong></span> <span class='ocrx_word' id='word_1_246' title='bbox 1448 2726 1582 2795; x_wconf 86' lang='lat' dir='ltr'><strong>quid</strong></span> <span class='ocrx_word' id='word_1_247' title='bbox 1624 2726 1858 2779; x_wconf 89' lang='lat' dir='ltr'><strong>faciunt.</strong></span> <span class='ocrx_word' id='word_1_248' title='bbox 1896 2746 1920 2777; x_wconf 87' lang='lat'><strong>»</strong></span> <span class='ocrx_word' id='word_1_249' title='bbox 1953 2729 2028 2781; x_wconf 89' lang='lat' dir='ltr'><strong>De</strong></span> 
     </span>
    </p>
   </div>
   <div class='ocr_carea' id='block_1_31' title="bbox 334 2812 2030 2883">
    <p class='ocr_par' dir='ltr' id='par_1_31' title="bbox 334 2812 2030 2883">
     <span class='ocr_line' id='line_1_31' title="bbox 334 2812 2030 2883; baseline 0.002 -18"><span class='ocrx_word' id='word_1_250' title='bbox 334 2812 494 2882; x_wconf 91' lang='lat' dir='ltr'><strong>cujus</strong></span> <span class='ocrx_word' id='word_1_251' title='bbox 538 2813 739 2881; x_wconf 90' lang='lat' dir='ltr'><strong>utique</strong></span> <span class='ocrx_word' id='word_1_252' title='bbox 784 2812 1064 2865; x_wconf 88' lang='lat' dir='ltr'><strong>orationis</strong></span> <span class='ocrx_word' id='word_1_253' title='bbox 1113 2814 1365 2882; x_wconf 79' lang='lat' dir='ltr'><strong>potentia</strong></span> <span class='ocrx_word' id='word_1_254' title='bbox 1402 2813 1532 2878; x_wconf 91' lang='lat' dir='ltr'><strong>fuit,</strong></span> <span class='ocrx_word' id='word_1_255' title='bbox 1592 2819 1653 2867; x_wconf 90' lang='lat' dir='ltr'><strong>ut</strong></span> <span class='ocrx_word' id='word_1_256' title='bbox 1695 2814 2030 2883; x_wconf 75' lang='lat' dir='ltr'><strong>praedicatio</strong></span> 
     </span>
    </p>
   </div>
   <div class='ocr_carea' id='block_1_32' title="bbox 336 2900 2030 2974">
    <p class='ocr_par' dir='ltr' id='par_1_32' title="bbox 336 2900 2030 2974">
     <span class='ocr_line' id='line_1_32' title="bbox 336 2900 2030 2974; baseline 0.001 -19"><span class='ocrx_word' id='word_1_257' title='bbox 336 2901 580 2972; x_wconf 90' lang='lat' dir='ltr'><strong>apostoli</strong></span> <span class='ocrx_word' id='word_1_258' title='bbox 630 2901 785 2955; x_wconf 90' lang='lat' dir='ltr'><strong>Petri</strong></span> <span class='ocrx_word' id='word_1_259' title='bbox 828 2917 896 2954; x_wconf 90' lang='lat' dir='ltr'><strong>ex</strong></span> <span class='ocrx_word' id='word_1_260' title='bbox 943 2901 1033 2955; x_wconf 91' lang='lat' dir='ltr'><strong>his</strong></span> <span class='ocrx_word' id='word_1_261' title='bbox 1081 2904 1179 2971; x_wconf 90' lang='lat' dir='ltr'><strong>qui</strong></span> <span class='ocrx_word' id='word_1_262' title='bbox 1229 2900 1538 2955; x_wconf 76' lang='lat' dir='ltr'><strong>dixerunt:</strong></span> <span class='ocrx_word' id='word_1_263' title='bbox 1579 2926 1599 2951; x_wconf 74' lang='grc' dir='ltr'>α</span> <span class='ocrx_word' id='word_1_264' title='bbox 1631 2904 1875 2970; x_wconf 83' lang='lat' dir='ltr'><strong>Sanguis</strong></span> <span class='ocrx_word' id='word_1_265' title='bbox 1905 2904 2030 2974; x_wconf 87' lang='lat' dir='ltr'><strong>ejus</strong></span> 
     </span>
    </p>
   </div>
   <div class='ocr_carea' id='block_1_33' title="bbox 331 2989 2031 3063">
    <p class='ocr_par' dir='ltr' id='par_1_33' title="bbox 331 2989 2031 3063">
     <span class='ocr_line' id='line_1_33' title="bbox 331 2989 2031 3063; baseline 0 -18"><span class='ocrx_word' id='word_1_266' title='bbox 331 3005 506 3060; x_wconf 79' lang='lat' dir='ltr'><strong>super</strong></span> <span class='ocrx_word' id='word_1_267' title='bbox 532 3006 658 3055; x_wconf 90' lang='lat' dir='ltr'><strong>nos,</strong></span> <span class='ocrx_word' id='word_1_268' title='bbox 687 2994 744 3043; x_wconf 89' lang='lat' dir='ltr'><strong>et</strong></span> <span class='ocrx_word' id='word_1_269' title='bbox 774 3006 946 3059; x_wconf 88' lang='lat' dir='ltr'><strong>super</strong></span> <span class='ocrx_word' id='word_1_270' title='bbox 972 2989 1118 3043; x_wconf 90' lang='lat' dir='ltr'><strong>ﬁlios</strong></span> <span class='ocrx_word' id='word_1_271' title='bbox 1154 2996 1376 3044; x_wconf 90' lang='lat' dir='ltr'><strong>nostros</strong></span> <span class='ocrx_word' id='word_1_272' title='bbox 1406 3013 1432 3039; x_wconf 87' lang='grc'><strong>››</strong></span> <span class='ocrx_word' id='word_1_273' title='bbox 1472 2992 1786 3045; x_wconf 89' lang='lat' dir='ltr'><strong>multorum</strong></span> <span class='ocrx_word' id='word_1_274' title='bbox 1814 2992 1883 3044; x_wconf 89' lang='lat' dir='ltr'><strong>ad</strong></span> <span class='ocrx_word' id='word_1_275' title='bbox 1917 3009 2031 3063; x_wconf 81' lang='lat' dir='ltr'><strong>pce-</strong></span> 
     </span>
    </p>
   </div>
   <div class='ocr_carea' id='block_1_34' title="bbox 332 3076 2029 3148">
    <p class='ocr_par' dir='ltr' id='par_1_34' title="bbox 332 3076 2029 3148">
     <span class='ocr_line' id='line_1_34' title="bbox 332 3076 2029 3148; baseline 0.001 -18"><span class='ocrx_word' id='word_1_276' title='bbox 332 3076 633 3131; x_wconf 86' lang='lat' dir='ltr'><strong>nitentiam</strong></span> <span class='ocrx_word' id='word_1_277' title='bbox 682 3078 855 3131; x_wconf 87' lang='lat' dir='ltr'><strong>corda</strong></span> <span class='ocrx_word' id='word_1_278' title='bbox 899 3083 1273 3143; x_wconf 85' lang='lat' dir='ltr'><strong>converteret,</strong></span> <span class='ocrx_word' id='word_1_279' title='bbox 1308 3084 1363 3130; x_wconf 88' lang='lat' dir='ltr'><strong>et</strong></span> <span class='ocrx_word' id='word_1_280' title='bbox 1399 3095 1512 3131; x_wconf 89' lang='lat' dir='ltr'><strong>una</strong></span> <span class='ocrx_word' id='word_1_281' title='bbox 1543 3079 1633 3131; x_wconf 90' lang='lat' dir='ltr'><strong>die</strong></span> <span class='ocrx_word' id='word_1_282' title='bbox 1665 3079 2029 3148; x_wconf 89' lang='lat' dir='ltr'><strong>baptizaren-</strong></span> 
     </span>
    </p>
   </div>
   <div class='ocr_carea' id='block_1_35' title="bbox 330 3164 2029 3236">
    <p class='ocr_par' dir='ltr' id='par_1_35' title="bbox 330 3164 2029 3236">
     <span class='ocr_line' id='line_1_35' title="bbox 330 3164 2029 3236; baseline -0.001 -15"><span class='ocrx_word' id='word_1_283' title='bbox 330 3170 427 3221; x_wconf 86' lang='lat' dir='ltr'><strong>tur</strong></span> <span class='ocrx_word' id='word_1_284' title='bbox 455 3168 562 3219; x_wconf 84' lang='lat' dir='ltr'><strong>tria</strong></span> <span class='ocrx_word' id='word_1_285' title='bbox 595 3166 715 3219; x_wconf 92' lang='lat' dir='ltr'><strong>fere</strong></span> <span class='ocrx_word' id='word_1_286' title='bbox 743 3164 925 3218; x_wconf 89' lang='lat' dir='ltr'><strong>millia</strong></span> <span class='ocrx_word' id='word_1_287' title='bbox 967 3165 1297 3219; x_wconf 69' lang='lat' dir='ltr'><strong>Judworum</strong></span> <span class='ocrx_word' id='word_1_288' title='bbox 1324 3182 1337 3231; x_wconf 87' lang='lat'>;</span> <span class='ocrx_word' id='word_1_289' title='bbox 1386 3166 1662 3236; x_wconf 82' lang='lat' dir='ltr'><strong>ﬁeretque</strong></span> <span class='ocrx_word' id='word_1_290' title='bbox 1697 3188 1723 3215; x_wconf 84' lang='lat'><strong>«</strong></span> <span class='ocrx_word' id='word_1_291' title='bbox 1768 3168 2029 3221; x_wconf 89' lang='lat' dir='ltr'><strong>omnium</strong></span> 
     </span>
    </p>
   </div>
   <div class='ocr_carea' id='block_1_36' title="bbox 333 3253 2028 3324">
    <p class='ocr_par' dir='ltr' id='par_1_36' title="bbox 333 3253 2028 3324">
     <span class='ocr_line' id='line_1_36' title="bbox 333 3253 2028 3324; baseline -0.001 -16"><span class='ocrx_word' id='word_1_292' title='bbox 333 3270 449 3309; x_wconf 88' lang='lat' dir='ltr'><strong>una</strong></span> <span class='ocrx_word' id='word_1_293' title='bbox 478 3253 691 3319; x_wconf 89' lang='lat' dir='ltr'><strong>anima,</strong></span> <span class='ocrx_word' id='word_1_294' title='bbox 727 3258 782 3307; x_wconf 90' lang='lat' dir='ltr'><strong>et</strong></span> <span class='ocrx_word' id='word_1_295' title='bbox 824 3270 921 3306; x_wconf 91' lang='lat' dir='ltr'><strong>cor</strong></span> <span class='ocrx_word' id='word_1_296' title='bbox 952 3268 1128 3306; x_wconf 91' lang='lat' dir='ltr'><strong>unum</strong></span> <span class='ocrx_word' id='word_1_297' title='bbox 1182 3259 1513 3322; x_wconf 88' lang='lat' dir='ltr'><strong>paratorum</strong></span> <span class='ocrx_word' id='word_1_298' title='bbox 1548 3271 1650 3324; x_wconf 92' lang='lat' dir='ltr'><strong>pro</strong></span> <span class='ocrx_word' id='word_1_299' title='bbox 1695 3270 1762 3308; x_wconf 91' lang='lat' dir='ltr'><strong>eo</strong></span> <span class='ocrx_word' id='word_1_300' title='bbox 1795 3256 1963 3323; x_wconf 91' lang='lat' dir='ltr'><strong>mori,</strong></span> <span class='ocrx_word' id='word_1_301' title='bbox 2001 3274 2028 3306; x_wconf 75' lang='grc' dir='ltr'><strong>ι)</strong></span> 
     </span>
    </p>
   </div>
   <div class='ocr_carea' id='block_1_37' title="bbox 335 3341 1249 3414">
    <p class='ocr_par' dir='ltr' id='par_1_37' title="bbox 335 3341 1249 3414">
     <span class='ocr_line' id='line_1_37' title="bbox 335 3341 1249 3414; baseline -0.003 -17"><span class='ocrx_word' id='word_1_302' title='bbox 335 3359 509 3414; x_wconf 88' lang='lat' dir='ltr'><strong>quem</strong></span> <span class='ocrx_word' id='word_1_303' title='bbox 540 3347 922 3413; x_wconf 88' lang='lat' dir='ltr'><strong>poposcerant</strong></span> <span class='ocrx_word' id='word_1_304' title='bbox 953 3341 1249 3411; x_wconf 87' lang='lat' dir='ltr'><strong>crucitigi.]</strong></span> 
     </span>
    </p>
   </div>
   <div class='ocr_carea' id='block_1_38' title="bbox 410 3430 2033 3500">
    <p class='ocr_par' dir='ltr' id='par_1_38' title="bbox 410 3430 2033 3500">
     <span class='ocr_line' id='line_1_38' title="bbox 410 3430 2033 3500; baseline -0.001 -15"><span class='ocrx_word' id='word_1_305' title='bbox 410 3433 538 3485; x_wconf 65' lang='lat' dir='ltr'><strong>Haec</strong></span> <span class='ocrx_word' id='word_1_306' title='bbox 564 3431 632 3484; x_wconf 89' lang='lat' dir='ltr'><strong>de</strong></span> <span class='ocrx_word' id='word_1_307' title='bbox 664 3430 1018 3500; x_wconf 82' lang='lat' dir='ltr'><strong>expositione</strong></span> <span class='ocrx_word' id='word_1_308' title='bbox 1061 3430 1425 3498; x_wconf 78' lang='lat' dir='ltr'><strong>superiorum</strong></span> <span class='ocrx_word' id='word_1_309' title='bbox 1458 3430 1762 3484; x_wconf 86' lang='lat' dir='ltr'><strong>verborum</strong></span> <span class='ocrx_word' id='word_1_310' title='bbox 1797 3447 1865 3484; x_wconf 88' lang='lat' dir='ltr'><strong>ex</strong></span> <span class='ocrx_word' id='word_1_311' title='bbox 1895 3431 2033 3500; x_wconf 90' lang='lat' dir='ltr'><strong>ipsis</strong></span> 
     </span>
    </p>
   </div>
   <div class='ocr_carea' id='block_1_39' title="bbox 332 3516 2035 3587">
    <p class='ocr_par' dir='ltr' id='par_1_39' title="bbox 332 3516 2035 3587">
     <span class='ocr_line' id='line_1_39' title="bbox 332 3516 2035 3587; baseline 0.001 -16"><span class='ocrx_word' id='word_1_312' title='bbox 332 3518 485 3571; x_wconf 88' lang='lat' dir='ltr'><strong>beati</strong></span> <span class='ocrx_word' id='word_1_313' title='bbox 536 3518 744 3572; x_wconf 85' lang='lat' dir='ltr'><strong>Leonis</strong></span> <span class='ocrx_word' id='word_1_314' title='bbox 790 3517 977 3571; x_wconf 88' lang='lat' dir='ltr'><strong>verbis</strong></span> <span class='ocrx_word' id='word_1_315' title='bbox 1028 3518 1342 3587; x_wconf 85' lang='lat' dir='ltr'><strong>posuimus,</strong></span> <span class='ocrx_word' id='word_1_316' title='bbox 1390 3516 1488 3586; x_wconf 87' lang='lat' dir='ltr'><strong>qui</strong></span> <span class='ocrx_word' id='word_1_317' title='bbox 1518 3517 1606 3570; x_wconf 90' lang='lat' dir='ltr'><strong>his</strong></span> <span class='ocrx_word' id='word_1_318' title='bbox 1645 3518 1811 3571; x_wconf 87' lang='lat' dir='ltr'><strong>dictis</strong></span> <span class='ocrx_word' id='word_1_319' title='bbox 1853 3518 2035 3573; x_wconf 88' lang='lat' dir='ltr'><strong>conti-</strong></span> 
     </span>
    </p>
   </div>
   <div class='ocr_carea' id='block_1_40' title="bbox 336 3602 2036 3673">
    <p class='ocr_par' dir='ltr' id='par_1_40' title="bbox 336 3602 2036 3673">
     <span class='ocr_line' id='line_1_40' title="bbox 336 3602 2036 3673; baseline 0.001 -15"><span class='ocrx_word' id='word_1_320' title='bbox 336 3619 453 3658; x_wconf 92' lang='lat' dir='ltr'><strong>nuo</strong></span> <span class='ocrx_word' id='word_1_321' title='bbox 501 3603 820 3673; x_wconf 85' lang='lat' dir='ltr'><strong>subjungit,</strong></span> <span class='ocrx_word' id='word_1_322' title='bbox 871 3604 1107 3657; x_wconf 89' lang='lat' dir='ltr'><strong>dicens:</strong></span> <span class='ocrx_word' id='word_1_323' title='bbox 1144 3603 1224 3655; x_wconf 88' lang='lat' dir='ltr'><strong>Ad</strong></span> <span class='ocrx_word' id='word_1_324' title='bbox 1269 3604 1415 3656; x_wconf 84' lang='lat' dir='ltr'><strong>hanc</strong></span> <span class='ocrx_word' id='word_1_325' title='bbox 1461 3602 1879 3672; x_wconf 89' lang='lat' dir='ltr'><strong>indulgentiam</strong></span> <span class='ocrx_word' id='word_1_326' title='bbox 1922 3610 2036 3659; x_wconf 84' lang='lat' dir='ltr'><strong>tra-</strong></span> 
     </span>
    </p>
   </div>
   <div class='ocr_carea' id='block_1_41' title="bbox 339 3690 2030 3763">
    <p class='ocr_par' dir='ltr' id='par_1_41' title="bbox 339 3690 2030 3763">
     <span class='ocr_line' id='line_1_41' title="bbox 339 3690 2030 3763; baseline -0.001 -16"><span class='ocrx_word' id='word_1_327' title='bbox 339 3693 493 3747; x_wconf 91' lang='lat' dir='ltr'><strong>ditor</strong></span> <span class='ocrx_word' id='word_1_328' title='bbox 534 3693 707 3747; x_wconf 87' lang='lat' dir='ltr'><strong>Judas</strong></span> <span class='ocrx_word' id='word_1_329' title='bbox 736 3692 1037 3762; x_wconf 87' lang='lat' dir='ltr'><strong>pervenire</strong></span> <span class='ocrx_word' id='word_1_330' title='bbox 1080 3707 1196 3744; x_wconf 93' lang='lat' dir='ltr'><strong>non</strong></span> <span class='ocrx_word' id='word_1_331' title='bbox 1228 3691 1414 3761; x_wconf 89' lang='lat' dir='ltr'><strong>potuit</strong></span> <span class='ocrx_word' id='word_1_332' title='bbox 1446 3708 1457 3744; x_wconf 90' lang='lat'>:</span> <span class='ocrx_word' id='word_1_333' title='bbox 1495 3690 1801 3763; x_wconf 87' lang='lat' dir='ltr'><strong>[Quoniam</strong></span> <span class='ocrx_word' id='word_1_334' title='bbox 1836 3693 2030 3763; x_wconf 91' lang='lat' dir='ltr'><strong>perdi—</strong></span> 
     </span>
    </p>
   </div>
   <div class='ocr_carea' id='block_1_42' title="bbox 334 3780 2035 3851">
    <p class='ocr_par' dir='ltr' id='par_1_42' title="bbox 334 3780 2035 3851">
     <span class='ocr_line' id='line_1_42' title="bbox 334 3780 2035 3851; baseline 0.001 -18"><span class='ocrx_word' id='word_1_335' title='bbox 334 3780 507 3834; x_wconf 81' lang='lat' dir='ltr'><strong>tionis</strong></span> <span class='ocrx_word' id='word_1_336' title='bbox 557 3780 728 3845; x_wconf 87' lang='lat' dir='ltr'><strong>ﬁlius,</strong></span> <span class='ocrx_word' id='word_1_337' title='bbox 762 3780 853 3833; x_wconf 91' lang='lat' dir='ltr'><strong>cui</strong></span> <span class='ocrx_word' id='word_1_338' title='bbox 899 3781 1158 3834; x_wconf 90' lang='lat' dir='ltr'><strong>diabolus</strong></span> <span class='ocrx_word' id='word_1_339' title='bbox 1204 3780 1384 3833; x_wconf 84' lang='lat' dir='ltr'><strong>stabat</strong></span> <span class='ocrx_word' id='word_1_340' title='bbox 1428 3795 1460 3831; x_wconf 90' lang='lat' dir='ltr'><strong>a</strong></span> <span class='ocrx_word' id='word_1_341' title='bbox 1509 3780 1741 3847; x_wconf 78' lang='lat' dir='ltr'><strong>dextris,</strong></span> <span class='ocrx_word' id='word_1_342' title='bbox 1785 3782 1942 3851; x_wconf 90' lang='lat' dir='ltr'><strong>prius</strong></span> <span class='ocrx_word' id='word_1_343' title='bbox 1974 3782 2035 3835; x_wconf 92' lang='lat' dir='ltr'><strong>in</strong></span> 
     </span>
    </p>
   </div>
   <div class='ocr_carea' id='block_1_43' title="bbox 336 3869 2035 3940">
    <p class='ocr_par' dir='ltr' id='par_1_43' title="bbox 336 3869 2035 3940">
     <span class='ocr_line' id='line_1_43' title="bbox 336 3869 2035 3940; baseline -0.001 -16"><span class='ocrx_word' id='word_1_344' title='bbox 336 3870 794 3940; x_wconf 89' lang='lat' dir='ltr'><strong>desperationem</strong></span> <span class='ocrx_word' id='word_1_345' title='bbox 824 3869 1067 3932; x_wconf 90' lang='lat' dir='ltr'><strong>transiit,</strong></span> <span class='ocrx_word' id='word_1_346' title='bbox 1099 3884 1273 3938; x_wconf 91' lang='lat' dir='ltr'><strong>quam</strong></span> <span class='ocrx_word' id='word_1_347' title='bbox 1305 3874 1725 3922; x_wconf 87' lang='lat' dir='ltr'><strong>sacramentum</strong></span> <span class='ocrx_word' id='word_1_348' title='bbox 1748 3870 2035 3939; x_wconf 87' lang='lat' dir='ltr'><strong>generalis</strong></span> 
     </span>
    </p>
   </div>
   <div class='ocr_carea' id='block_1_44' title="bbox 336 3957 2032 4028">
    <p class='ocr_par' dir='ltr' id='par_1_44' title="bbox 336 3957 2032 4028">
     <span class='ocr_line' id='line_1_44' title="bbox 336 3957 2032 4028; baseline -0.001 -16"><span class='ocrx_word' id='word_1_349' title='bbox 336 3958 753 4028; x_wconf 83' lang='lat' dir='ltr'><strong>redemptionis</strong></span> <span class='ocrx_word' id='word_1_350' title='bbox 804 3958 1058 4012; x_wconf 88' lang='lat' dir='ltr'><strong>Christus</strong></span> <span class='ocrx_word' id='word_1_351' title='bbox 1120 3957 1403 4026; x_wconf 87' lang='lat' dir='ltr'><strong>impleret.</strong></span> <span class='ocrx_word' id='word_1_352' title='bbox 1467 3958 1592 4011; x_wconf 82' lang='lat' dir='ltr'><strong>Non</strong></span> <span class='ocrx_word' id='word_1_353' title='bbox 1657 3964 1884 4011; x_wconf 87' lang='lat' dir='ltr'><strong>mortuo</strong></span> <span class='ocrx_word' id='word_1_354' title='bbox 1928 3974 2032 4027; x_wconf 91' lang='lat' dir='ltr'><strong>pro</strong></span> 
     </span>
    </p>
   </div>
   <div class='ocr_carea' id='block_1_45' title="bbox 338 4045 2034 4118">
    <p class='ocr_par' dir='ltr' id='par_1_45' title="bbox 338 4045 2034 4118">
     <span class='ocr_line' id='line_1_45' title="bbox 338 4045 2034 4118; baseline -0.002 -17"><span class='ocrx_word' id='word_1_355' title='bbox 338 4048 531 4118; x_wconf 89' lang='lat' dir='ltr'><strong>impiis</strong></span> <span class='ocrx_word' id='word_1_356' title='bbox 577 4047 846 4101; x_wconf 90' lang='lat' dir='ltr'><strong>omnibus</strong></span> <span class='ocrx_word' id='word_1_357' title='bbox 895 4047 1157 4111; x_wconf 89' lang='lat' dir='ltr'><strong>Domino,</strong></span> <span class='ocrx_word' id='word_1_358' title='bbox 1216 4046 1493 4115; x_wconf 86' lang='lat' dir='ltr'><strong>potuisset</strong></span> <span class='ocrx_word' id='word_1_359' title='bbox 1532 4046 1677 4099; x_wconf 90' lang='lat' dir='ltr'><strong>forte</strong></span> <span class='ocrx_word' id='word_1_360' title='bbox 1729 4046 1901 4099; x_wconf 90' lang='lat' dir='ltr'><strong>etiam</strong></span> <span class='ocrx_word' id='word_1_361' title='bbox 1942 4045 2034 4099; x_wconf 92' lang='lat' dir='ltr'><strong>hic</strong></span> 
     </span>
    </p>
   </div>
   <div class='ocr_carea' id='block_1_46' title="bbox 339 4131 2029 4206">
    <p class='ocr_par' dir='ltr' id='par_1_46' title="bbox 339 4131 2029 4206">
     <span class='ocr_line' id='line_1_46' title="bbox 339 4131 2029 4206; baseline -0.003 -16"><span class='ocrx_word' id='word_1_362' title='bbox 339 4136 612 4206; x_wconf 89' lang='lat' dir='ltr'><strong>consequi</strong></span> <span class='ocrx_word' id='word_1_363' title='bbox 658 4135 1001 4202; x_wconf 88' lang='lat' dir='ltr'><strong>remedium,</strong></span> <span class='ocrx_word' id='word_1_364' title='bbox 1033 4134 1079 4186; x_wconf 91' lang='lat' dir='ltr'><strong>si</strong></span> <span class='ocrx_word' id='word_1_365' title='bbox 1110 4151 1222 4187; x_wconf 91' lang='lat' dir='ltr'><strong>non</strong></span> <span class='ocrx_word' id='word_1_366' title='bbox 1253 4134 1577 4187; x_wconf 88' lang='lat' dir='ltr'><strong>festinasset</strong></span> <span class='ocrx_word' id='word_1_367' title='bbox 1604 4134 1675 4187; x_wconf 88' lang='lat' dir='ltr'><strong>ad</strong></span> <span class='ocrx_word' id='word_1_368' title='bbox 1707 4131 2029 4203; x_wconf 70' lang='lat' dir='ltr'><strong>laqueum.]</strong></span> 
     </span>
    </p>
   </div>
   <div class='ocr_carea' id='block_1_47' title="bbox 336 4220 2030 4293">
    <p class='ocr_par' dir='ltr' id='par_1_47' title="bbox 336 4220 2030 4293">
     <span class='ocr_line' id='line_1_47' title="bbox 336 4220 2030 4293; baseline -0.002 -16"><span class='ocrx_word' id='word_1_369' title='bbox 336 4227 397 4277; x_wconf 88' lang='lat' dir='ltr'><strong>In</strong></span> <span class='ocrx_word' id='word_1_370' title='bbox 430 4224 640 4293; x_wconf 90' lang='lat' dir='ltr'><strong>quibus</strong></span> <span class='ocrx_word' id='word_1_371' title='bbox 685 4222 875 4275; x_wconf 89' lang='lat' dir='ltr'><strong>verbis</strong></span> <span class='ocrx_word' id='word_1_372' title='bbox 921 4227 1109 4291; x_wconf 89' lang='lat' dir='ltr'><strong>potest</strong></span> <span class='ocrx_word' id='word_1_373' title='bbox 1152 4222 1361 4290; x_wconf 90' lang='lat' dir='ltr'><strong>aliquis</strong></span> <span class='ocrx_word' id='word_1_374' title='bbox 1404 4220 1597 4274; x_wconf 90' lang='lat' dir='ltr'><strong>minus</strong></span> <span class='ocrx_word' id='word_1_375' title='bbox 1645 4221 2030 4286; x_wconf 90' lang='lat' dir='ltr'><strong>considerans,</strong></span> 
     </span>
    </p>
   </div>
   <div class='ocr_carea' id='block_1_48' title="bbox 2126 518 3823 590">
    <p class='ocr_par' dir='ltr' id='par_1_48' title="bbox 2126 518 3823 590">
     <span class='ocr_line' id='line_1_48' title="bbox 2126 518 3823 590; baseline -0.001 -17"><span class='ocrx_word' id='word_1_376' title='bbox 2126 537 2227 573; x_wconf 90' lang='lat' dir='ltr'><strong>sua</strong></span> <span class='ocrx_word' id='word_1_377' title='bbox 2272 520 2567 589; x_wconf 86' lang='lat' dir='ltr'><strong>impietate</strong></span> <span class='ocrx_word' id='word_1_378' title='bbox 2619 520 2994 590; x_wconf 89' lang='lat' dir='ltr'><strong>pereuntibus</strong></span> <span class='ocrx_word' id='word_1_379' title='bbox 3041 519 3187 572; x_wconf 88' lang='lat' dir='ltr'><strong>facta</strong></span> <span class='ocrx_word' id='word_1_380' title='bbox 3230 518 3516 572; x_wconf 89' lang='lat' dir='ltr'><strong>credenda</strong></span> <span class='ocrx_word' id='word_1_381' title='bbox 3562 518 3641 571; x_wconf 87' lang='lat' dir='ltr'><strong>sit</strong></span> <span class='ocrx_word' id='word_1_382' title='bbox 3679 535 3691 570; x_wconf 90' lang='lat'>:</span> <span class='ocrx_word' id='word_1_383' title='bbox 3732 518 3823 572; x_wconf 89' lang='lat' dir='ltr'><strong>sed</strong></span> 
     </span>
    </p>
   </div>
   <div class='ocr_carea' id='block_1_49' title="bbox 2125 605 3824 679">
    <p class='ocr_par' dir='ltr' id='par_1_49' title="bbox 2125 605 3824 679">
     <span class='ocr_line' id='line_1_49' title="bbox 2125 605 3824 679; baseline -0.002 -18"><span class='ocrx_word' id='word_1_384' title='bbox 2125 625 2229 679; x_wconf 92' lang='lat' dir='ltr'><strong>pro</strong></span> <span class='ocrx_word' id='word_1_385' title='bbox 2260 609 2470 677; x_wconf 91' lang='lat' dir='ltr'><strong>quibus</strong></span> <span class='ocrx_word' id='word_1_386' title='bbox 2491 608 2757 661; x_wconf 90' lang='lat' dir='ltr'><strong>omnibus</strong></span> <span class='ocrx_word' id='word_1_387' title='bbox 2780 607 2974 677; x_wconf 90' lang='lat' dir='ltr'><strong>impiis</strong></span> <span class='ocrx_word' id='word_1_388' title='bbox 2999 606 3307 660; x_wconf 90' lang='lat' dir='ltr'><strong>Dominum</strong></span> <span class='ocrx_word' id='word_1_389' title='bbox 3337 611 3635 659; x_wconf 91' lang='lat' dir='ltr'><strong>mortuum</strong></span> <span class='ocrx_word' id='word_1_390' title='bbox 3661 605 3824 671; x_wconf 82' lang='lat' dir='ltr'><strong>dicat,</strong></span> 
     </span>
    </p>
   </div>
   <div class='ocr_carea' id='block_1_50' title="bbox 2127 693 3824 767">
    <p class='ocr_par' dir='ltr' id='par_1_50' title="bbox 2127 693 3824 767">
     <span class='ocr_line' id='line_1_50' title="bbox 2127 693 3824 767; baseline -0.003 -18"><span class='ocrx_word' id='word_1_391' title='bbox 2127 702 2181 749; x_wconf 89' lang='lat' dir='ltr'><strong>et</strong></span> <span class='ocrx_word' id='word_1_392' title='bbox 2212 697 2346 767; x_wconf 90' lang='lat' dir='ltr'><strong>quid</strong></span> <span class='ocrx_word' id='word_1_393' title='bbox 2397 697 2724 765; x_wconf 87' lang='lat' dir='ltr'><strong>generalem</strong></span> <span class='ocrx_word' id='word_1_394' title='bbox 2759 696 3213 763; x_wconf 88' lang='lat' dir='ltr'><strong>redemptionem</strong></span> <span class='ocrx_word' id='word_1_395' title='bbox 3245 694 3381 747; x_wconf 90' lang='lat' dir='ltr'><strong>velit</strong></span> <span class='ocrx_word' id='word_1_396' title='bbox 3431 693 3688 763; x_wconf 89' lang='lat' dir='ltr'><strong>intelligi</strong></span> <span class='ocrx_word' id='word_1_397' title='bbox 3728 710 3824 762; x_wconf 90' lang='lat' dir='ltr'><strong>pu-</strong></span> 
     </span>
    </p>
   </div>
   <div class='ocr_carea' id='block_1_51' title="bbox 2125 782 3826 856">
    <p class='ocr_par' dir='ltr' id='par_1_51' title="bbox 2125 782 3826 856">
     <span class='ocr_line' id='line_1_51' title="bbox 2125 782 3826 856; baseline -0.004 -17"><span class='ocrx_word' id='word_1_398' title='bbox 2125 790 2313 839; x_wconf 86' lang='lat' dir='ltr'><strong>tamus</strong></span> <span class='ocrx_word' id='word_1_399' title='bbox 2344 786 2497 856; x_wconf 90' lang='lat' dir='ltr'><strong>quod</strong></span> <span class='ocrx_word' id='word_1_400' title='bbox 2524 786 2645 854; x_wconf 92' lang='lat' dir='ltr'><strong>ipse</strong></span> <span class='ocrx_word' id='word_1_401' title='bbox 2679 784 2795 837; x_wconf 88' lang='lat' dir='ltr'><strong>suis</strong></span> <span class='ocrx_word' id='word_1_402' title='bbox 2823 783 3030 849; x_wconf 89' lang='lat' dir='ltr'><strong>verbis,</strong></span> <span class='ocrx_word' id='word_1_403' title='bbox 3065 799 3193 853; x_wconf 57' lang='lat' dir='ltr'><strong>qua</strong></span> <span class='ocrx_word' id='word_1_404' title='bbox 3226 783 3399 852; x_wconf 91' lang='lat' dir='ltr'><strong>paulo</strong></span> <span class='ocrx_word' id='word_1_405' title='bbox 3428 782 3699 852; x_wconf 85' lang='lat' dir='ltr'><strong>superius</strong></span> <span class='ocrx_word' id='word_1_406' title='bbox 3730 798 3826 850; x_wconf 90' lang='lat' dir='ltr'><strong>po-</strong></span> 
     </span>
    </p>
   </div>
   <div class='ocr_carea' id='block_1_52' title="bbox 2126 868 3829 942">
    <p class='ocr_par' dir='ltr' id='par_1_52' title="bbox 2126 868 3829 942">
     <span class='ocr_line' id='line_1_52' title="bbox 2126 868 3829 942; baseline -0.005 -15"><span class='ocrx_word' id='word_1_407' title='bbox 2126 874 2346 927; x_wconf 90' lang='lat' dir='ltr'><strong>suimus</strong></span> <span class='ocrx_word' id='word_1_408' title='bbox 2387 873 2696 942; x_wconf 85' lang='lat' dir='ltr'><strong>diligenter</strong></span> <span class='ocrx_word' id='word_1_409' title='bbox 2728 876 2997 941; x_wconf 86' lang='lat' dir='ltr'><strong>exponat,</strong></span> <span class='ocrx_word' id='word_1_410' title='bbox 3024 871 3218 924; x_wconf 88' lang='lat' dir='ltr'><strong>dicens</strong></span> <span class='ocrx_word' id='word_1_411' title='bbox 3252 886 3263 923; x_wconf 89' lang='lat'>:</span> <span class='ocrx_word' id='word_1_412' title='bbox 3301 868 3432 939; x_wconf 86' lang='lat' dir='ltr'><strong>[Qui</strong></span> <span class='ocrx_word' id='word_1_413' title='bbox 3462 869 3623 921; x_wconf 90' lang='lat' dir='ltr'><strong>enim</strong></span> <span class='ocrx_word' id='word_1_414' title='bbox 3664 883 3829 919; x_wconf 85' lang='lat' dir='ltr'><strong>vene-</strong></span> 
     </span>
    </p>
   </div>
   <div class='ocr_carea' id='block_1_53' title="bbox 2126 956 3826 1027">
    <p class='ocr_par' dir='ltr' id='par_1_53' title="bbox 2126 956 3826 1027">
     <span class='ocr_line' id='line_1_53' title="bbox 2126 956 3826 1027; baseline -0.005 -12"><span class='ocrx_word' id='word_1_415' title='bbox 2126 966 2215 1015; x_wconf 90' lang='lat' dir='ltr'><strong>rat</strong></span> <span class='ocrx_word' id='word_1_416' title='bbox 2259 961 2538 1014; x_wconf 88' lang='lat' dir='ltr'><strong>universis</strong></span> <span class='ocrx_word' id='word_1_417' title='bbox 2584 960 2948 1014; x_wconf 89' lang='lat' dir='ltr'><strong>credentibus</strong></span> <span class='ocrx_word' id='word_1_418' title='bbox 2998 958 3191 1012; x_wconf 87' lang='lat' dir='ltr'><strong>omnia</strong></span> <span class='ocrx_word' id='word_1_419' title='bbox 3234 962 3464 1027; x_wconf 88' lang='lat' dir='ltr'><strong>peccata</strong></span> <span class='ocrx_word' id='word_1_420' title='bbox 3514 956 3826 1019; x_wconf 86' lang='lat' dir='ltr'><strong>dimittere,</strong></span> 
     </span>
    </p>
   </div>
   <div class='ocr_carea' id='block_1_54' title="bbox 2128 1043 3830 1119">
    <p class='ocr_par' dir='ltr' id='par_1_54' title="bbox 2128 1043 3830 1119">
     <span class='ocr_line' id='line_1_54' title="bbox 2128 1043 3830 1119; baseline -0.004 -16"><span class='ocrx_word' id='word_1_421' title='bbox 2128 1066 2160 1102; x_wconf 93' lang='lat' dir='ltr'><strong>a</strong></span> <span class='ocrx_word' id='word_1_422' title='bbox 2190 1050 2445 1118; x_wconf 89' lang='lat' dir='ltr'><strong>generali</strong></span> <span class='ocrx_word' id='word_1_423' title='bbox 2490 1049 2851 1119; x_wconf 88' lang='lat' dir='ltr'><strong>indulgentia</strong></span> <span class='ocrx_word' id='word_1_424' title='bbox 2892 1063 2993 1101; x_wconf 90' lang='lat' dir='ltr'><strong>nec</strong></span> <span class='ocrx_word' id='word_1_425' title='bbox 3041 1047 3341 1101; x_wconf 83' lang='lat' dir='ltr'><strong>Judaicum</strong></span> <span class='ocrx_word' id='word_1_426' title='bbox 3388 1045 3575 1098; x_wconf 88' lang='lat' dir='ltr'><strong>voluit</strong></span> <span class='ocrx_word' id='word_1_427' title='bbox 3617 1043 3830 1096; x_wconf 86' lang='lat' dir='ltr'><strong>crimen</strong></span> 
     </span>
    </p>
   </div>
   <div class='ocr_carea' id='block_1_55' title="bbox 2128 1133 3831 1209">
    <p class='ocr_par' dir='ltr' id='par_1_55' title="bbox 2128 1133 3831 1209">
     <span class='ocr_line' id='line_1_55' title="bbox 2128 1133 3831 1209; baseline -0.004 -18"><span class='ocrx_word' id='word_1_428' title='bbox 2128 1137 2470 1209; x_wconf 68' lang='lat' dir='ltr'><strong>excludere.)</strong></span> <span class='ocrx_word' id='word_1_429' title='bbox 2536 1139 2605 1192; x_wconf 94' lang='lat' dir='ltr'><strong>Ut</strong></span> <span class='ocrx_word' id='word_1_430' title='bbox 2634 1154 2763 1191; x_wconf 90' lang='lat' dir='ltr'><strong>vere</strong></span> <span class='ocrx_word' id='word_1_431' title='bbox 2819 1153 2921 1207; x_wconf 90' lang='lat' dir='ltr'><strong>pro</strong></span> <span class='ocrx_word' id='word_1_432' title='bbox 2952 1136 3065 1189; x_wconf 92' lang='lat' dir='ltr'><strong>illis</strong></span> <span class='ocrx_word' id='word_1_433' title='bbox 3114 1135 3384 1188; x_wconf 92' lang='lat' dir='ltr'><strong>omnibus</strong></span> <span class='ocrx_word' id='word_1_434' title='bbox 3433 1133 3635 1202; x_wconf 87' lang='lat' dir='ltr'><strong>impiis</strong></span> <span class='ocrx_word' id='word_1_435' title='bbox 3682 1148 3831 1184; x_wconf 92' lang='lat' dir='ltr'><strong>mors</strong></span> 
     </span>
    </p>
   </div>
   <div class='ocr_carea' id='block_1_56' title="bbox 2132 1221 3831 1296">
    <p class='ocr_par' dir='ltr' id='par_1_56' title="bbox 2132 1221 3831 1296">
     <span class='ocr_line' id='line_1_56' title="bbox 2132 1221 3831 1296; baseline -0.004 -16"><span class='ocrx_word' id='word_1_436' title='bbox 2132 1226 2361 1280; x_wconf 90' lang='lat' dir='ltr'><strong>Domini</strong></span> <span class='ocrx_word' id='word_1_437' title='bbox 2391 1226 2567 1280; x_wconf 89' lang='lat' dir='ltr'><strong>fuerit</strong></span> <span class='ocrx_word' id='word_1_438' title='bbox 2594 1227 2875 1296; x_wconf 90' lang='lat' dir='ltr'><strong>impensa,</strong></span> <span class='ocrx_word' id='word_1_439' title='bbox 2913 1226 3122 1294; x_wconf 88' lang='lat' dir='ltr'><strong>quibus</strong></span> <span class='ocrx_word' id='word_1_440' title='bbox 3154 1222 3433 1276; x_wconf 87' lang='lat' dir='ltr'><strong>universis</strong></span> <span class='ocrx_word' id='word_1_441' title='bbox 3464 1221 3831 1276; x_wconf 83' lang='lat' dir='ltr'><strong>credentibus</strong></span> 
     </span>
    </p>
   </div>
   <div class='ocr_carea' id='block_1_57' title="bbox 2132 1310 3830 1385">
    <p class='ocr_par' dir='ltr' id='par_1_57' title="bbox 2132 1310 3830 1385">
     <span class='ocr_line' id='line_1_57' title="bbox 2132 1310 3830 1385; baseline -0.005 -15"><span class='ocrx_word' id='word_1_442' title='bbox 2132 1316 2327 1370; x_wconf 91' lang='lat' dir='ltr'><strong>omnia</strong></span> <span class='ocrx_word' id='word_1_443' title='bbox 2371 1320 2601 1385; x_wconf 88' lang='lat' dir='ltr'><strong>peccata</strong></span> <span class='ocrx_word' id='word_1_444' title='bbox 2646 1315 2901 1368; x_wconf 86' lang='lat' dir='ltr'><strong>dimittit.</strong></span> <span class='ocrx_word' id='word_1_445' title='bbox 2936 1337 2963 1362; x_wconf 81' lang='grc'><strong>‹‹</strong></span> <span class='ocrx_word' id='word_1_446' title='bbox 3003 1315 3070 1367; x_wconf 92' lang='lat' dir='ltr'><strong>Et</strong></span> <span class='ocrx_word' id='word_1_447' title='bbox 3099 1313 3431 1382; x_wconf 86' lang='lat' dir='ltr'><strong>generalem</strong></span> <span class='ocrx_word' id='word_1_448' title='bbox 3478 1310 3830 1378; x_wconf 88' lang='lat' dir='ltr'><strong>redemptio-</strong></span> 
     </span>
    </p>
   </div>
   <div class='ocr_carea' id='block_1_58' title="bbox 2130 1398 3831 1474">
    <p class='ocr_par' dir='ltr' id='par_1_58' title="bbox 2130 1398 3831 1474">
     <span class='ocr_line' id='line_1_58' title="bbox 2130 1398 3831 1474; baseline -0.006 -16"><span class='ocrx_word' id='word_1_449' title='bbox 2130 1420 2285 1469; x_wconf 90' lang='lat' dir='ltr'><strong>nem,</strong></span> <span class='ocrx_word' id='word_1_450' title='bbox 2319 1404 2435 1457; x_wconf 85' lang='lat' dir='ltr'><strong>sive</strong></span> <span class='ocrx_word' id='word_1_451' title='bbox 2467 1404 2796 1474; x_wconf 88' lang='lat' dir='ltr'><strong>generalem</strong></span> <span class='ocrx_word' id='word_1_452' title='bbox 2828 1402 3242 1471; x_wconf 87' lang='lat' dir='ltr'><strong>indulgentiam</strong></span> <span class='ocrx_word' id='word_1_453' title='bbox 3276 1424 3303 1447; x_wconf 79' lang='lat'>»</span> <span class='ocrx_word' id='word_1_454' title='bbox 3339 1401 3464 1453; x_wconf 81' lang='lat' dir='ltr'><strong>ideo</strong></span> <span class='ocrx_word' id='word_1_455' title='bbox 3506 1400 3721 1452; x_wconf 80' lang='lat' dir='ltr'><strong>dixisse</strong></span> <span class='ocrx_word' id='word_1_456' title='bbox 3750 1398 3831 1448; x_wconf 86' lang='lat' dir='ltr'><strong>in-</strong></span> 
     </span>
    </p>
   </div>
   <div class='ocr_carea' id='block_1_59' title="bbox 2127 1486 3833 1562">
    <p class='ocr_par' dir='ltr' id='par_1_59' title="bbox 2127 1486 3833 1562">
     <span class='ocr_line' id='line_1_59' title="bbox 2127 1486 3833 1562; baseline -0.005 -18"><span class='ocrx_word' id='word_1_457' title='bbox 2127 1491 2443 1562; x_wconf 88' lang='lat' dir='ltr'><strong>telligatur,</strong></span> <span class='ocrx_word' id='word_1_458' title='bbox 2494 1491 2635 1562; x_wconf 87' lang='lat' dir='ltr'><strong>quia</strong></span> <span class='ocrx_word' id='word_1_459' title='bbox 2681 1506 2784 1543; x_wconf 89' lang='lat' dir='ltr'><strong>nec</strong></span> <span class='ocrx_word' id='word_1_460' title='bbox 2815 1491 3095 1559; x_wconf 89' lang='lat' dir='ltr'><strong>populum</strong></span> <span class='ocrx_word' id='word_1_461' title='bbox 3145 1488 3463 1551; x_wconf 82' lang='lat' dir='ltr'><strong>Judaicum,</strong></span> <span class='ocrx_word' id='word_1_462' title='bbox 3516 1502 3628 1538; x_wconf 90' lang='lat' dir='ltr'><strong>nec</strong></span> <span class='ocrx_word' id='word_1_463' title='bbox 3658 1486 3833 1537; x_wconf 87' lang='lat' dir='ltr'><strong>ullum</strong></span> 
     </span>
    </p>
   </div>
   <div class='ocr_carea' id='block_1_60' title="bbox 2131 1574 3831 1648">
    <p class='ocr_par' dir='ltr' id='par_1_60' title="bbox 2131 1574 3831 1648">
     <span class='ocr_line' id='line_1_60' title="bbox 2131 1574 3831 1648; baseline -0.004 -16"><span class='ocrx_word' id='word_1_464' title='bbox 2131 1595 2313 1648; x_wconf 91' lang='lat' dir='ltr'><strong>genus</strong></span> <span class='ocrx_word' id='word_1_465' title='bbox 2357 1579 2659 1633; x_wconf 88' lang='lat' dir='ltr'><strong>hominum</strong></span> <span class='ocrx_word' id='word_1_466' title='bbox 2712 1579 2780 1632; x_wconf 88' lang='lat' dir='ltr'><strong>ab</strong></span> <span class='ocrx_word' id='word_1_467' title='bbox 2812 1579 2909 1632; x_wconf 89' lang='lat' dir='ltr'><strong>illa</strong></span> <span class='ocrx_word' id='word_1_468' title='bbox 2950 1577 3365 1646; x_wconf 89' lang='lat' dir='ltr'><strong>redemptione,</strong></span> <span class='ocrx_word' id='word_1_469' title='bbox 3420 1581 3474 1629; x_wconf 89' lang='lat' dir='ltr'><strong>et</strong></span> <span class='ocrx_word' id='word_1_470' title='bbox 3524 1574 3831 1643; x_wconf 87' lang='lat' dir='ltr'><strong>indulgen-</strong></span> 
     </span>
    </p>
   </div>
   <div class='ocr_carea' id='block_1_61' title="bbox 2132 1662 3838 1732">
    <p class='ocr_par' dir='ltr' id='par_1_61' title="bbox 2132 1662 3838 1732">
     <span class='ocr_line' id='line_1_61' title="bbox 2132 1662 3838 1732; baseline -0.004 -11"><span class='ocrx_word' id='word_1_471' title='bbox 2132 1668 2213 1721; x_wconf 91' lang='lat' dir='ltr'><strong>tia</strong></span> <span class='ocrx_word' id='word_1_472' title='bbox 2254 1667 2580 1721; x_wconf 88' lang='lat' dir='ltr'><strong>inveniatur</strong></span> <span class='ocrx_word' id='word_1_473' title='bbox 2607 1668 2921 1721; x_wconf 86' lang='lat' dir='ltr'><strong>exclusum.</strong></span> <span class='ocrx_word' id='word_1_474' title='bbox 2963 1667 3071 1721; x_wconf 89' lang='lat' dir='ltr'><strong>Sed</strong></span> <span class='ocrx_word' id='word_1_475' title='bbox 3101 1667 3160 1719; x_wconf 91' lang='lat' dir='ltr'><strong>in</strong></span> <span class='ocrx_word' id='word_1_476' title='bbox 3192 1666 3305 1719; x_wconf 88' lang='lat' dir='ltr'><strong>illis</strong></span> <span class='ocrx_word' id='word_1_477' title='bbox 3338 1664 3545 1729; x_wconf 83' lang='lat' dir='ltr'><strong>verbis,</strong></span> <span class='ocrx_word' id='word_1_478' title='bbox 3580 1680 3690 1732; x_wconf 87' lang='lat' dir='ltr'><strong>pro</strong></span> <span class='ocrx_word' id='word_1_479' title='bbox 3722 1662 3838 1732; x_wconf 88' lang='lat' dir='ltr'><strong>qui-</strong></span> 
     </span>
    </p>
   </div>
   <div class='ocr_carea' id='block_1_62' title="bbox 2062 1732 3836 1825">
    <p class='ocr_par' dir='ltr' id='par_1_62' title="bbox 2062 1732 3836 1825">
     <span class='ocr_line' id='line_1_62' title="bbox 2062 1732 3836 1825; baseline -0.003 -15"><span class='ocrx_word' id='word_1_480' title='bbox 2062 1732 2102 1784; x_wconf 75' lang='grc' dir='ltr'>Β</span> <span class='ocrx_word' id='word_1_481' title='bbox 2134 1757 2238 1810; x_wconf 90' lang='lat' dir='ltr'><strong>bus</strong></span> <span class='ocrx_word' id='word_1_482' title='bbox 2288 1756 2640 1825; x_wconf 83' lang='lat' dir='ltr'><strong>exponendis</strong></span> <span class='ocrx_word' id='word_1_483' title='bbox 2702 1756 2811 1810; x_wconf 90' lang='lat' dir='ltr'><strong>ista</strong></span> <span class='ocrx_word' id='word_1_484' title='bbox 2860 1755 3279 1824; x_wconf 90' lang='lat' dir='ltr'><strong>replicavimus,</strong></span> <span class='ocrx_word' id='word_1_485' title='bbox 3350 1753 3488 1806; x_wconf 89' lang='lat' dir='ltr'><strong>illud</strong></span> <span class='ocrx_word' id='word_1_486' title='bbox 3539 1751 3836 1805; x_wconf 85' lang='lat' dir='ltr'><strong>evidenter</strong></span> 
     </span>
    </p>
   </div>
   <div class='ocr_carea' id='block_1_63' title="bbox 2134 1838 3836 1915">
    <p class='ocr_par' dir='ltr' id='par_1_63' title="bbox 2134 1838 3836 1915">
     <span class='ocr_line' id='line_1_63' title="bbox 2134 1838 3836 1915; baseline -0.004 -16"><span class='ocrx_word' id='word_1_487' title='bbox 2134 1844 2476 1912; x_wconf 90' lang='lat' dir='ltr'><strong>ostenditur,</strong></span> <span class='ocrx_word' id='word_1_488' title='bbox 2493 1845 2648 1915; x_wconf 91' lang='lat' dir='ltr'><strong>quod</strong></span> <span class='ocrx_word' id='word_1_489' title='bbox 2673 1844 2971 1915; x_wconf 80' lang='lat' dir='ltr'><strong>«proditor</strong></span> <span class='ocrx_word' id='word_1_490' title='bbox 2990 1844 3163 1897; x_wconf 85' lang='lat' dir='ltr'><strong>Judas</strong></span> <span class='ocrx_word' id='word_1_491' title='bbox 3184 1861 3210 1893; x_wconf 89' lang='lat'><strong>»</strong></span> <span class='ocrx_word' id='word_1_492' title='bbox 3234 1843 3565 1895; x_wconf 87' lang='lat' dir='ltr'><strong>nullatenus</strong></span> <span class='ocrx_word' id='word_1_493' title='bbox 3592 1840 3664 1893; x_wconf 88' lang='lat' dir='ltr'><strong>ad</strong></span> <span class='ocrx_word' id='word_1_494' title='bbox 3690 1838 3836 1893; x_wconf 85' lang='lat' dir='ltr'><strong>Chri-</strong></span> 
     </span>
    </p>
   </div>
   <div class='ocr_carea' id='block_1_64' title="bbox 2135 1927 3833 2003">
    <p class='ocr_par' dir='ltr' id='par_1_64' title="bbox 2135 1927 3833 2003">
     <span class='ocr_line' id='line_1_64' title="bbox 2135 1927 3833 2003; baseline -0.004 -16"><span class='ocrx_word' id='word_1_495' title='bbox 2135 1934 2209 1987; x_wconf 92' lang='lat' dir='ltr'><strong>sti</strong></span> <span class='ocrx_word' id='word_1_496' title='bbox 2252 1933 2708 2003; x_wconf 82' lang='lat' dir='ltr'><strong>redemptionem</strong></span> <span class='ocrx_word' id='word_1_497' title='bbox 2759 1933 3045 2003; x_wconf 88' lang='lat' dir='ltr'><strong>pertineat</strong></span> <span class='ocrx_word' id='word_1_498' title='bbox 3076 1949 3088 1985; x_wconf 90' lang='lat'><strong>:</strong></span> <span class='ocrx_word' id='word_1_499' title='bbox 3127 1933 3237 1985; x_wconf 77' lang='lat' dir='ltr'><strong>Nec</strong></span> <span class='ocrx_word' id='word_1_500' title='bbox 3275 1929 3533 2001; x_wconf 85' lang='lat' dir='ltr'><strong>potuerit</strong></span> <span class='ocrx_word' id='word_1_501' title='bbox 3561 1927 3833 1998; x_wconf 85' lang='lat' dir='ltr'><strong>consequi</strong></span> 
     </span>
    </p>
   </div>
   <div class='ocr_carea' id='block_1_65' title="bbox 2133 2012 3887 2092">
    <p class='ocr_par' dir='ltr' id='par_1_65' title="bbox 2133 2012 3887 2092">
     <span class='ocr_line' id='line_1_65' title="bbox 2133 2012 3887 2092; baseline -0.005 -16"><span class='ocrx_word' id='word_1_502' title='bbox 2133 2012 2480 2087; x_wconf 88' lang='lat' dir='ltr'><strong>remedium,</strong></span> <span class='ocrx_word' id='word_1_503' title='bbox 2514 2022 2786 2092; x_wconf 88' lang='lat' dir='ltr'><strong>quoniam</strong></span> <span class='ocrx_word' id='word_1_504' title='bbox 2835 2021 3122 2075; x_wconf 84' lang='lat' dir='ltr'><strong>festinavit</strong></span> <span class='ocrx_word' id='word_1_505' title='bbox 3168 2021 3234 2074; x_wconf 90' lang='lat' dir='ltr'><strong>ad</strong></span> <span class='ocrx_word' id='word_1_506' title='bbox 3273 2021 3567 2088; x_wconf 84' lang='lat' dir='ltr'><strong>laqueum,</strong></span> <span class='ocrx_word' id='word_1_507' title='bbox 3629 2022 3686 2072; x_wconf 85' lang='lat' dir='ltr'><strong>et</strong></span> <span class='ocrx_word' id='word_1_508' title='bbox 3716 2018 3835 2071; x_wconf 88' lang='lat' dir='ltr'><strong>ideo</strong></span> <span class='ocrx_word' id='word_1_509' title='bbox 3874 2056 3887 2065; x_wconf 57' lang='grc' dir='ltr'><em>ι</em></span> 
     </span>
    </p>
   </div>
   <div class='ocr_carea' id='block_1_66' title="bbox 2133 2107 3834 2181">
    <p class='ocr_par' dir='ltr' id='par_1_66' title="bbox 2133 2107 3834 2181">
     <span class='ocr_line' id='line_1_66' title="bbox 2133 2107 3834 2181; baseline -0.004 -16"><span class='ocrx_word' id='word_1_510' title='bbox 2133 2111 2219 2165; x_wconf 91' lang='lat' dir='ltr'><strong>illi</strong></span> <span class='ocrx_word' id='word_1_511' title='bbox 2250 2111 2435 2181; x_wconf 90' lang='lat' dir='ltr'><strong>passio</strong></span> <span class='ocrx_word' id='word_1_512' title='bbox 2480 2110 2691 2164; x_wconf 86' lang='lat' dir='ltr'><strong>Christi</strong></span> <span class='ocrx_word' id='word_1_513' title='bbox 2721 2110 2862 2163; x_wconf 83' lang='lat' dir='ltr'><strong>nihil</strong></span> <span class='ocrx_word' id='word_1_514' title='bbox 2896 2110 3131 2180; x_wconf 85' lang='lat' dir='ltr'><strong>profuit,</strong></span> <span class='ocrx_word' id='word_1_515' title='bbox 3166 2109 3303 2178; x_wconf 90' lang='lat' dir='ltr'><strong>quia</strong></span> <span class='ocrx_word' id='word_1_516' title='bbox 3344 2109 3402 2160; x_wconf 93' lang='lat' dir='ltr'><strong>in</strong></span> <span class='ocrx_word' id='word_1_517' title='bbox 3434 2123 3642 2161; x_wconf 89' lang='lat' dir='ltr'><strong>eorum</strong></span> <span class='ocrx_word' id='word_1_518' title='bbox 3679 2107 3834 2160; x_wconf 79' lang='lat' dir='ltr'><strong>dam-</strong></span> 
     </span>
    </p>
   </div>
   <div class='ocr_carea' id='block_1_67' title="bbox 2136 2195 3840 2269">
    <p class='ocr_par' dir='ltr' id='par_1_67' title="bbox 2136 2195 3840 2269">
     <span class='ocr_line' id='line_1_67' title="bbox 2136 2195 3840 2269; baseline -0.003 -16"><span class='ocrx_word' id='word_1_519' title='bbox 2136 2200 2430 2253; x_wconf 88' lang='lat' dir='ltr'><strong>nationem</strong></span> <span class='ocrx_word' id='word_1_520' title='bbox 2458 2198 2704 2264; x_wconf 88' lang='lat' dir='ltr'><strong>transiit,</strong></span> <span class='ocrx_word' id='word_1_521' title='bbox 2730 2200 2827 2268; x_wconf 91' lang='lat' dir='ltr'><strong>qui</strong></span> <span class='ocrx_word' id='word_1_522' title='bbox 2848 2199 2999 2269; x_wconf 91' lang='lat' dir='ltr'><strong>apud</strong></span> <span class='ocrx_word' id='word_1_523' title='bbox 3024 2198 3235 2251; x_wconf 86' lang='lat' dir='ltr'><strong>inferos</strong></span> <span class='ocrx_word' id='word_1_524' title='bbox 3252 2198 3369 2266; x_wconf 84' lang='lat' dir='ltr'><strong>jam</strong></span> <span class='ocrx_word' id='word_1_525' title='bbox 3398 2195 3596 2266; x_wconf 88' lang='lat' dir='ltr'><strong>puniti</strong></span> <span class='ocrx_word' id='word_1_526' title='bbox 3627 2196 3840 2249; x_wconf 81' lang='lat' dir='ltr'><strong>redem-</strong></span> 
     </span>
    </p>
   </div>
   <div class='ocr_carea' id='block_1_68' title="bbox 2138 2284 3841 2358">
    <p class='ocr_par' dir='ltr' id='par_1_68' title="bbox 2138 2284 3841 2358">
     <span class='ocr_line' id='line_1_68' title="bbox 2138 2284 3841 2358; baseline -0.003 -18"><span class='ocrx_word' id='word_1_527' title='bbox 2138 2288 2351 2358; x_wconf 92' lang='lat' dir='ltr'><strong>ptionis</strong></span> <span class='ocrx_word' id='word_1_528' title='bbox 2404 2287 2711 2340; x_wconf 57' lang='lat' dir='ltr'><strong>Dominicae</strong></span> <span class='ocrx_word' id='word_1_529' title='bbox 2755 2287 3061 2356; x_wconf 87' lang='lat' dir='ltr'><strong>participes</strong></span> <span class='ocrx_word' id='word_1_530' title='bbox 3110 2302 3231 2337; x_wconf 90' lang='lat' dir='ltr'><strong>esse</strong></span> <span class='ocrx_word' id='word_1_531' title='bbox 3266 2301 3381 2338; x_wconf 92' lang='lat' dir='ltr'><strong>non</strong></span> <span class='ocrx_word' id='word_1_532' title='bbox 3432 2288 3726 2353; x_wconf 87' lang='lat' dir='ltr'><strong>poterant.</strong></span> <span class='ocrx_word' id='word_1_533' title='bbox 3779 2284 3841 2335; x_wconf 86' lang='lat' dir='ltr'><strong>Et</strong></span> 
     </span>
    </p>
   </div>
   <div class='ocr_carea' id='block_1_69' title="bbox 2139 2371 3841 2444">
    <p class='ocr_par' dir='ltr' id='par_1_69' title="bbox 2139 2371 3841 2444">
     <span class='ocr_line' id='line_1_69' title="bbox 2139 2371 3841 2444; baseline -0.004 -15"><span class='ocrx_word' id='word_1_534' title='bbox 2139 2378 2349 2442; x_wconf 90' lang='lat' dir='ltr'><strong>tamen,</strong></span> <span class='ocrx_word' id='word_1_535' title='bbox 2397 2376 2552 2428; x_wconf 89' lang='lat' dir='ltr'><strong>velut</strong></span> <span class='ocrx_word' id='word_1_536' title='bbox 2598 2375 2671 2429; x_wconf 91' lang='lat' dir='ltr'><strong>ad</strong></span> <span class='ocrx_word' id='word_1_537' title='bbox 2714 2375 2901 2444; x_wconf 89' lang='lat' dir='ltr'><strong>ipsum</strong></span> <span class='ocrx_word' id='word_1_538' title='bbox 2956 2374 3264 2439; x_wconf 84' lang='lat' dir='ltr'><strong>infelicem,</strong></span> <span class='ocrx_word' id='word_1_539' title='bbox 3310 2377 3367 2426; x_wconf 88' lang='lat' dir='ltr'><strong>et</strong></span> <span class='ocrx_word' id='word_1_540' title='bbox 3403 2371 3701 2440; x_wconf 90' lang='lat' dir='ltr'><strong>perditum</strong></span> <span class='ocrx_word' id='word_1_541' title='bbox 3737 2371 3841 2424; x_wconf 86' lang='lat' dir='ltr'><strong>alio</strong></span> 
     </span>
    </p>
   </div>
   <div class='ocr_carea' id='block_1_70' title="bbox 2139 2459 3841 2532">
    <p class='ocr_par' dir='ltr' id='par_1_70' title="bbox 2139 2459 3841 2532">
     <span class='ocr_line' id='line_1_70' title="bbox 2139 2459 3841 2532; baseline -0.003 -16"><span class='ocrx_word' id='word_1_542' title='bbox 2139 2463 2260 2516; x_wconf 92' lang='lat' dir='ltr'><strong>loco</strong></span> <span class='ocrx_word' id='word_1_543' title='bbox 2294 2463 2373 2515; x_wconf 90' lang='lat' dir='ltr'><strong>ita</strong></span> <span class='ocrx_word' id='word_1_544' title='bbox 2404 2462 2757 2531; x_wconf 90' lang='lat' dir='ltr'><strong>increpando</strong></span> <span class='ocrx_word' id='word_1_545' title='bbox 2806 2461 3078 2532; x_wconf 87' lang='lat' dir='ltr'><strong>loquitur,</strong></span> <span class='ocrx_word' id='word_1_546' title='bbox 3126 2460 3318 2514; x_wconf 89' lang='lat' dir='ltr'><strong>dicens</strong></span> <span class='ocrx_word' id='word_1_547' title='bbox 3351 2476 3365 2512; x_wconf 90' lang='lat'>:</span> <span class='ocrx_word' id='word_1_548' title='bbox 3394 2459 3841 2528; x_wconf 82' lang='lat' dir='ltr'><strong>Redemptorem</strong></span> 
     </span>
    </p>
   </div>
   <div class='ocr_carea' id='block_1_71' title="bbox 2138 2544 3844 2618">
    <p class='ocr_par' dir='ltr' id='par_1_71' title="bbox 2138 2544 3844 2618">
     <span class='ocr_line' id='line_1_71' title="bbox 2138 2544 3844 2618; baseline -0.005 -14"><span class='ocrx_word' id='word_1_549' title='bbox 2138 2550 2310 2604; x_wconf 90' lang='lat' dir='ltr'><strong>etiam</strong></span> <span class='ocrx_word' id='word_1_550' title='bbox 2356 2554 2541 2617; x_wconf 91' lang='lat' dir='ltr'><strong>tuum,</strong></span> <span class='ocrx_word' id='word_1_551' title='bbox 2592 2566 2663 2603; x_wconf 92' lang='lat' dir='ltr'><strong>ne</strong></span> <span class='ocrx_word' id='word_1_552' title='bbox 2693 2549 2798 2602; x_wconf 88' lang='lat' dir='ltr'><strong>tibi</strong></span> <span class='ocrx_word' id='word_1_553' title='bbox 2844 2553 3104 2618; x_wconf 88' lang='lat' dir='ltr'><strong>parceret</strong></span> <span class='ocrx_word' id='word_1_554' title='bbox 3149 2545 3474 2600; x_wconf 88' lang='lat' dir='ltr'><strong>vendidisti.</strong></span> <span class='ocrx_word' id='word_1_555' title='bbox 3535 2546 3669 2598; x_wconf 78' lang='lat' dir='ltr'><strong>Non</strong></span> <span class='ocrx_word' id='word_1_556' title='bbox 3711 2544 3844 2614; x_wconf 83' lang='lat' dir='ltr'><strong>quia</strong></span> 
     </span>
    </p>
   </div>
   <div class='ocr_carea' id='block_1_72' title="bbox 2139 2634 3845 2709">
    <p class='ocr_par' dir='ltr' id='par_1_72' title="bbox 2139 2634 3845 2709">
     <span class='ocr_line' id='line_1_72' title="bbox 2139 2634 3845 2709; baseline -0.005 -17"><span class='ocrx_word' id='word_1_557' title='bbox 2139 2644 2195 2693; x_wconf 89' lang='lat' dir='ltr'><strong>et.</strong></span> <span class='ocrx_word' id='word_1_558' title='bbox 2226 2639 2419 2709; x_wconf 90' lang='lat' dir='ltr'><strong>ipsum</strong></span> <span class='ocrx_word' id='word_1_559' title='bbox 2464 2638 2725 2703; x_wconf 90' lang='lat' dir='ltr'><strong>redemit,</strong></span> <span class='ocrx_word' id='word_1_560' title='bbox 2775 2654 2946 2707; x_wconf 90' lang='lat' dir='ltr'><strong>quem</strong></span> <span class='ocrx_word' id='word_1_561' title='bbox 2971 2638 3089 2706; x_wconf 86' lang='lat' dir='ltr'><strong>jam</strong></span> <span class='ocrx_word' id='word_1_562' title='bbox 3131 2634 3394 2704; x_wconf 91' lang='lat' dir='ltr'><strong>superius</strong></span> <span class='ocrx_word' id='word_1_563' title='bbox 3445 2634 3600 2687; x_wconf 89' lang='lat' dir='ltr'><strong>idem</strong></span> <span class='ocrx_word' id='word_1_564' title='bbox 3640 2634 3845 2686; x_wconf 88' lang='lat' dir='ltr'><strong>Doctor</strong></span> 
     </span>
    </p>
   </div>
   <div class='ocr_carea' id='block_1_73' title="bbox 2139 2721 3842 2796">
    <p class='ocr_par' dir='ltr' id='par_1_73' title="bbox 2139 2721 3842 2796">
     <span class='ocr_line' id='line_1_73' title="bbox 2139 2721 3842 2796; baseline -0.005 -15"><span class='ocrx_word' id='word_1_565' title='bbox 2139 2728 2205 2781; x_wconf 91' lang='lat' dir='ltr'><strong>ad</strong></span> <span class='ocrx_word' id='word_1_566' title='bbox 2236 2727 2687 2796; x_wconf 86' lang='lat' dir='ltr'><strong>redemptionem</strong></span> <span class='ocrx_word' id='word_1_567' title='bbox 2723 2726 3021 2795; x_wconf 89' lang='lat' dir='ltr'><strong>pervenire</strong></span> <span class='ocrx_word' id='word_1_568' title='bbox 3054 2741 3169 2777; x_wconf 92' lang='lat' dir='ltr'><strong>non</strong></span> <span class='ocrx_word' id='word_1_569' title='bbox 3196 2723 3447 2793; x_wconf 88' lang='lat' dir='ltr'><strong>potuisse</strong></span> <span class='ocrx_word' id='word_1_570' title='bbox 3471 2721 3842 2775; x_wconf 86' lang='lat' dir='ltr'><strong>monstravit.</strong></span> 
     </span>
    </p>
   </div>
   <div class='ocr_carea' id='block_1_74' title="bbox 2141 2808 3844 2885">
    <p class='ocr_par' dir='ltr' id='par_1_74' title="bbox 2141 2808 3844 2885">
     <span class='ocr_line' id='line_1_74' title="bbox 2141 2808 3844 2885; baseline -0.006 -15"><span class='ocrx_word' id='word_1_571' title='bbox 2141 2816 2252 2870; x_wconf 87' lang='lat' dir='ltr'><strong>Nec</strong></span> <span class='ocrx_word' id='word_1_572' title='bbox 2283 2815 2435 2885; x_wconf 89' lang='lat' dir='ltr'><strong>quod</strong></span> <span class='ocrx_word' id='word_1_573' title='bbox 2480 2815 2828 2883; x_wconf 79' lang='lat' dir='ltr'><strong>Redemptor</strong></span> <span class='ocrx_word' id='word_1_574' title='bbox 2865 2813 3019 2866; x_wconf 88' lang='lat' dir='ltr'><strong>illius</strong></span> <span class='ocrx_word' id='word_1_575' title='bbox 3070 2810 3475 2880; x_wconf 87' lang='lat' dir='ltr'><strong>intelligendus</strong></span> <span class='ocrx_word' id='word_1_576' title='bbox 3509 2809 3604 2875; x_wconf 87' lang='lat' dir='ltr'><strong>sit,</strong></span> <span class='ocrx_word' id='word_1_577' title='bbox 3656 2808 3761 2878; x_wconf 91' lang='lat' dir='ltr'><strong>qui</strong></span> <span class='ocrx_word' id='word_1_578' title='bbox 3790 2809 3844 2860; x_wconf 91' lang='lat' dir='ltr'><strong>in</strong></span> 
     </span>
    </p>
   </div>
   <div class='ocr_carea' id='block_1_75' title="bbox 2142 2897 3845 2974">
    <p class='ocr_par' dir='ltr' id='par_1_75' title="bbox 2142 2897 3845 2974">
     <span class='ocr_line' id='line_1_75' title="bbox 2142 2897 3845 2974; baseline -0.006 -17"><span class='ocrx_word' id='word_1_579' title='bbox 2142 2920 2242 2957; x_wconf 90' lang='lat' dir='ltr'><strong>sua</strong></span> <span class='ocrx_word' id='word_1_580' title='bbox 2290 2903 2584 2974; x_wconf 83' lang='lat' dir='ltr'><strong>impietate</strong></span> <span class='ocrx_word' id='word_1_581' title='bbox 2618 2902 2951 2971; x_wconf 87' lang='lat' dir='ltr'><strong>permansit,</strong></span> <span class='ocrx_word' id='word_1_582' title='bbox 3000 2905 3055 2953; x_wconf 89' lang='lat' dir='ltr'><strong>et</strong></span> <span class='ocrx_word' id='word_1_583' title='bbox 3086 2900 3275 2970; x_wconf 89' lang='lat' dir='ltr'><strong>periit,</strong></span> <span class='ocrx_word' id='word_1_584' title='bbox 3321 2898 3418 2952; x_wconf 90' lang='lat' dir='ltr'><strong>sed</strong></span> <span class='ocrx_word' id='word_1_585' title='bbox 3471 2897 3614 2967; x_wconf 87' lang='lat' dir='ltr'><strong>quia</strong></span> <span class='ocrx_word' id='word_1_586' title='bbox 3644 2897 3706 2949; x_wconf 92' lang='lat' dir='ltr'><strong>in</strong></span> <span class='ocrx_word' id='word_1_587' title='bbox 3753 2898 3845 2949; x_wconf 85' lang='lat' dir='ltr'><strong>illa</strong></span> 
     </span>
    </p>
   </div>
   <div class='ocr_carea' id='block_1_76' title="bbox 2071 2985 3845 3079">
    <p class='ocr_par' dir='ltr' id='par_1_76' title="bbox 2071 2985 3845 3079">
     <span class='ocr_line' id='line_1_76' title="bbox 2071 2985 3845 3079; baseline -0.005 -35"><span class='ocrx_word' id='word_1_588' title='bbox 2071 3027 2109 3079; x_wconf 65' lang='grc' dir='ltr'><strong>Ο</strong></span> <span class='ocrx_word' id='word_1_589' title='bbox 2141 2991 2395 3061; x_wconf 88' lang='lat' dir='ltr'><strong>generali</strong></span> <span class='ocrx_word' id='word_1_590' title='bbox 2444 2990 2841 3059; x_wconf 88' lang='lat' dir='ltr'><strong>redemptione</strong></span> <span class='ocrx_word' id='word_1_591' title='bbox 2890 2988 3173 3058; x_wconf 87' lang='lat' dir='ltr'><strong>passionis</strong></span> <span class='ocrx_word' id='word_1_592' title='bbox 3205 2986 3412 3041; x_wconf 87' lang='lat' dir='ltr'><strong>Christi</strong></span> <span class='ocrx_word' id='word_1_593' title='bbox 3461 2985 3753 3054; x_wconf 88' lang='lat' dir='ltr'><strong>potuisset</strong></span> <span class='ocrx_word' id='word_1_594' title='bbox 3792 2989 3845 3036; x_wconf 89' lang='lat' dir='ltr'><strong>et</strong></span> 
     </span>
    </p>
   </div>
   <div class='ocr_carea' id='block_1_77' title="bbox 2139 3074 3845 3150">
    <p class='ocr_par' dir='ltr' id='par_1_77' title="bbox 2139 3074 3845 3150">
     <span class='ocr_line' id='line_1_77' title="bbox 2139 3074 3845 3150; baseline -0.005 -17"><span class='ocrx_word' id='word_1_595' title='bbox 2139 3080 2262 3150; x_wconf 90' lang='lat' dir='ltr'><strong>ipse</strong></span> <span class='ocrx_word' id='word_1_596' title='bbox 2310 3080 2549 3133; x_wconf 83' lang='lat' dir='ltr'><strong>fortasse</strong></span> <span class='ocrx_word' id='word_1_597' title='bbox 2593 3077 2865 3147; x_wconf 89' lang='lat' dir='ltr'><strong>consequi</strong></span> <span class='ocrx_word' id='word_1_598' title='bbox 2901 3077 3243 3140; x_wconf 88' lang='lat' dir='ltr'><strong>remedium,</strong></span> <span class='ocrx_word' id='word_1_599' title='bbox 3277 3076 3320 3127; x_wconf 92' lang='lat' dir='ltr'><strong>si</strong></span> <span class='ocrx_word' id='word_1_600' title='bbox 3362 3091 3475 3127; x_wconf 92' lang='lat' dir='ltr'><strong>non</strong></span> <span class='ocrx_word' id='word_1_601' title='bbox 3524 3074 3845 3126; x_wconf 84' lang='lat' dir='ltr'><strong>festinasset</strong></span> 
     </span>
    </p>
   </div>
   <div class='ocr_carea' id='block_1_78' title="bbox 2140 3160 3839 3237">
    <p class='ocr_par' dir='ltr' id='par_1_78' title="bbox 2140 3160 3839 3237">
     <span class='ocr_line' id='line_1_78' title="bbox 2140 3160 3839 3237; baseline -0.005 -17"><span class='ocrx_word' id='word_1_602' title='bbox 2140 3168 2208 3220; x_wconf 92' lang='lat' dir='ltr'><strong>ad</strong></span> <span class='ocrx_word' id='word_1_603' title='bbox 2239 3168 2511 3237; x_wconf 87' lang='lat' dir='ltr'><strong>laqueum</strong></span> <span class='ocrx_word' id='word_1_604' title='bbox 2533 3170 2587 3218; x_wconf 89' lang='lat' dir='ltr'><strong>et</strong></span> <span class='ocrx_word' id='word_1_605' title='bbox 2618 3165 2744 3219; x_wconf 91' lang='lat' dir='ltr'><strong>ideo</strong></span> <span class='ocrx_word' id='word_1_606' title='bbox 2777 3165 2856 3217; x_wconf 89' lang='lat' dir='ltr'><strong>sic</strong></span> <span class='ocrx_word' id='word_1_607' title='bbox 2880 3165 2927 3216; x_wconf 88' lang='lat' dir='ltr'><strong>ei</strong></span> <span class='ocrx_word' id='word_1_608' title='bbox 2962 3164 3097 3217; x_wconf 89' lang='lat' dir='ltr'><strong>dicit</strong></span> <span class='ocrx_word' id='word_1_609' title='bbox 3123 3180 3133 3216; x_wconf 92' lang='lat'><strong>:</strong></span> <span class='ocrx_word' id='word_1_610' title='bbox 3160 3164 3605 3231; x_wconf 83' lang='lat' dir='ltr'><strong>Redemptorem</strong></span> <span class='ocrx_word' id='word_1_611' title='bbox 3668 3160 3839 3213; x_wconf 89' lang='lat' dir='ltr'><strong>etiam</strong></span> 
     </span>
    </p>
   </div>
   <div class='ocr_carea' id='block_1_79' title="bbox 2139 3249 3843 3323">
    <p class='ocr_par' dir='ltr' id='par_1_79' title="bbox 2139 3249 3843 3323">
     <span class='ocr_line' id='line_1_79' title="bbox 2139 3249 3843 3323; baseline -0.005 -15"><span class='ocrx_word' id='word_1_612' title='bbox 2139 3260 2305 3308; x_wconf 90' lang='lat' dir='ltr'><strong>tuum</strong></span> <span class='ocrx_word' id='word_1_613' title='bbox 2336 3254 2668 3321; x_wconf 90' lang='lat' dir='ltr'><strong>vendidisti,</strong></span> <span class='ocrx_word' id='word_1_614' title='bbox 2701 3254 2835 3323; x_wconf 85' lang='lat' dir='ltr'><strong>quia</strong></span> <span class='ocrx_word' id='word_1_615' title='bbox 2876 3268 3006 3306; x_wconf 89' lang='lat' dir='ltr'><strong>vere</strong></span> <span class='ocrx_word' id='word_1_616' title='bbox 3038 3251 3213 3305; x_wconf 85' lang='lat' dir='ltr'><strong>etiam</strong></span> <span class='ocrx_word' id='word_1_617' title='bbox 3262 3251 3441 3316; x_wconf 88' lang='lat' dir='ltr'><strong>ipsius</strong></span> <span class='ocrx_word' id='word_1_618' title='bbox 3490 3249 3843 3318; x_wconf 79' lang='lat' dir='ltr'><strong>Redemptor</strong></span> 
     </span>
    </p>
   </div>
   <div class='ocr_carea' id='block_1_80' title="bbox 2139 3338 3840 3411">
    <p class='ocr_par' dir='ltr' id='par_1_80' title="bbox 2139 3338 3840 3411">
     <span class='ocr_line' id='line_1_80' title="bbox 2139 3338 3840 3411; baseline -0.004 -15"><span class='ocrx_word' id='word_1_619' title='bbox 2139 3343 2323 3408; x_wconf 78' lang='lat' dir='ltr'><strong>fieret,</strong></span> <span class='ocrx_word' id='word_1_620' title='bbox 2368 3342 2414 3395; x_wconf 88' lang='lat' dir='ltr'><strong>si</strong></span> <span class='ocrx_word' id='word_1_621' title='bbox 2443 3343 2513 3396; x_wconf 91' lang='lat' dir='ltr'><strong>ab</strong></span> <span class='ocrx_word' id='word_1_622' title='bbox 2544 3360 2611 3395; x_wconf 89' lang='lat' dir='ltr'><strong>eo</strong></span> <span class='ocrx_word' id='word_1_623' title='bbox 2641 3343 2813 3395; x_wconf 89' lang='lat' dir='ltr'><strong>etiam</strong></span> <span class='ocrx_word' id='word_1_624' title='bbox 2846 3347 2975 3411; x_wconf 91' lang='lat' dir='ltr'><strong>post</strong></span> <span class='ocrx_word' id='word_1_625' title='bbox 3023 3345 3244 3393; x_wconf 89' lang='lat' dir='ltr'><strong>tantum</strong></span> <span class='ocrx_word' id='word_1_626' title='bbox 3288 3343 3514 3393; x_wconf 89' lang='lat' dir='ltr'><strong>reatum</strong></span> <span class='ocrx_word' id='word_1_627' title='bbox 3547 3338 3643 3407; x_wconf 89' lang='lat' dir='ltr'><strong>pie</strong></span> <span class='ocrx_word' id='word_1_628' title='bbox 3701 3344 3757 3390; x_wconf 89' lang='lat' dir='ltr'><strong>et</strong></span> <span class='ocrx_word' id='word_1_629' title='bbox 3784 3338 3840 3390; x_wconf 83' lang='lat' dir='ltr'><strong>ti-</strong></span> 
     </span>
    </p>
   </div>
   <div class='ocr_carea' id='block_1_81' title="bbox 2138 3427 3835 3499">
    <p class='ocr_par' dir='ltr' id='par_1_81' title="bbox 2138 3427 3835 3499">
     <span class='ocr_line' id='line_1_81' title="bbox 2138 3427 3835 3499; baseline -0.004 -14"><span class='ocrx_word' id='word_1_630' title='bbox 2138 3431 2336 3486; x_wconf 89' lang='lat' dir='ltr'><strong>deliter</strong></span> <span class='ocrx_word' id='word_1_631' title='bbox 2366 3431 2783 3499; x_wconf 87' lang='lat' dir='ltr'><strong>indulgentiam</strong></span> <span class='ocrx_word' id='word_1_632' title='bbox 2832 3433 3109 3499; x_wconf 88' lang='lat' dir='ltr'><strong>posceret.</strong></span> <span class='ocrx_word' id='word_1_633' title='bbox 3161 3427 3339 3481; x_wconf 82' lang='lat' dir='ltr'><strong>Nimis</strong></span> <span class='ocrx_word' id='word_1_634' title='bbox 3384 3428 3625 3480; x_wconf 90' lang='lat' dir='ltr'><strong>omnino</strong></span> <span class='ocrx_word' id='word_1_635' title='bbox 3668 3427 3835 3495; x_wconf 85' lang='lat' dir='ltr'><strong>proli-</strong></span> 
     </span>
    </p>
   </div>
   <div class='ocr_carea' id='block_1_82' title="bbox 2140 3515 3837 3586">
    <p class='ocr_par' dir='ltr' id='par_1_82' title="bbox 2140 3515 3837 3586">
     <span class='ocr_line' id='line_1_82' title="bbox 2140 3515 3837 3586; baseline -0.004 -12"><span class='ocrx_word' id='word_1_636' title='bbox 2140 3536 2277 3574; x_wconf 88' lang='lat' dir='ltr'><strong>xum</strong></span> <span class='ocrx_word' id='word_1_637' title='bbox 2326 3526 2431 3586; x_wconf 83' lang='lat' dir='ltr'><strong>eSt,</strong></span> <span class='ocrx_word' id='word_1_638' title='bbox 2469 3525 2523 3572; x_wconf 90' lang='lat' dir='ltr'><strong>et</strong></span> <span class='ocrx_word' id='word_1_639' title='bbox 2572 3520 2630 3572; x_wconf 92' lang='lat' dir='ltr'><strong>in</strong></span> <span class='ocrx_word' id='word_1_640' title='bbox 2678 3519 2896 3573; x_wconf 89' lang='lat' dir='ltr'><strong>ratione</strong></span> <span class='ocrx_word' id='word_1_641' title='bbox 2934 3518 3069 3572; x_wconf 81' lang='lat' dir='ltr'><strong>fidei</strong></span> <span class='ocrx_word' id='word_1_642' title='bbox 3114 3515 3432 3570; x_wconf 80' lang='lat' dir='ltr'><strong>exercitatis</strong></span> <span class='ocrx_word' id='word_1_643' title='bbox 3462 3516 3709 3569; x_wconf 90' lang='lat' dir='ltr'><strong>minime</strong></span> <span class='ocrx_word' id='word_1_644' title='bbox 3743 3530 3837 3567; x_wconf 87' lang='lat' dir='ltr'><strong>ne-</strong></span> 
     </span>
    </p>
   </div>
   <div class='ocr_carea' id='block_1_83' title="bbox 2142 3604 3835 3675">
    <p class='ocr_par' dir='ltr' id='par_1_83' title="bbox 2142 3604 3835 3675">
     <span class='ocr_line' id='line_1_83' title="bbox 2142 3604 3835 3675; baseline -0.005 -12"><span class='ocrx_word' id='word_1_645' title='bbox 2142 3608 2468 3671; x_wconf 90' lang='lat' dir='ltr'><strong>cessarium,</strong></span> <span class='ocrx_word' id='word_1_646' title='bbox 2499 3612 2564 3661; x_wconf 87' lang='lat' dir='ltr'><strong>ut</strong></span> <span class='ocrx_word' id='word_1_647' title='bbox 2593 3607 2660 3661; x_wconf 93' lang='lat' dir='ltr'><strong>de</strong></span> <span class='ocrx_word' id='word_1_648' title='bbox 2690 3606 2933 3675; x_wconf 90' lang='lat' dir='ltr'><strong>singulis</strong></span> <span class='ocrx_word' id='word_1_649' title='bbox 2956 3605 3127 3675; x_wconf 87' lang='lat' dir='ltr'><strong>hujus</strong></span> <span class='ocrx_word' id='word_1_650' title='bbox 3154 3604 3309 3658; x_wconf 87' lang='lat' dir='ltr'><strong>beati</strong></span> <span class='ocrx_word' id='word_1_651' title='bbox 3340 3604 3587 3658; x_wconf 87' lang='lat' dir='ltr'><strong>doctoris</strong></span> <span class='ocrx_word' id='word_1_652' title='bbox 3610 3608 3835 3656; x_wconf 88' lang='lat' dir='ltr'><strong>senten-</strong></span> 
     </span>
    </p>
   </div>
   <div class='ocr_carea' id='block_1_84' title="bbox 2141 3691 3836 3765">
    <p class='ocr_par' dir='ltr' id='par_1_84' title="bbox 2141 3691 3836 3765">
     <span class='ocr_line' id='line_1_84' title="bbox 2141 3691 3836 3765; baseline -0.004 -16"><span class='ocrx_word' id='word_1_653' title='bbox 2141 3696 2257 3761; x_wconf 89' lang='lat' dir='ltr'><strong>tiis,</strong></span> <span class='ocrx_word' id='word_1_654' title='bbox 2292 3695 2391 3749; x_wconf 92' lang='lat' dir='ltr'><strong>ubi</strong></span> <span class='ocrx_word' id='word_1_655' title='bbox 2424 3695 2613 3765; x_wconf 89' lang='lat' dir='ltr'><strong>aliqua</strong></span> <span class='ocrx_word' id='word_1_656' title='bbox 2645 3693 2927 3763; x_wconf 87' lang='lat' dir='ltr'><strong>ejusmodi</strong></span> <span class='ocrx_word' id='word_1_657' title='bbox 2956 3693 3176 3746; x_wconf 90' lang='lat' dir='ltr'><strong>occasio</strong></span> <span class='ocrx_word' id='word_1_658' title='bbox 3208 3709 3329 3746; x_wconf 89' lang='lat' dir='ltr'><strong>esse</strong></span> <span class='ocrx_word' id='word_1_659' title='bbox 3362 3695 3569 3761; x_wconf 86' lang='lat' dir='ltr'><strong>potest,</strong></span> <span class='ocrx_word' id='word_1_660' title='bbox 3605 3691 3754 3744; x_wconf 89' lang='lat' dir='ltr'><strong>sicut</strong></span> <span class='ocrx_word' id='word_1_661' title='bbox 3784 3691 3836 3743; x_wconf 94' lang='lat' dir='ltr'><strong>in</strong></span> 
     </span>
    </p>
   </div>
   <div class='ocr_carea' id='block_1_85' title="bbox 2140 3780 3832 3853">
    <p class='ocr_par' dir='ltr' id='par_1_85' title="bbox 2140 3780 3832 3853">
     <span class='ocr_line' id='line_1_85' title="bbox 2140 3780 3832 3853; baseline -0.003 -16"><span class='ocrx_word' id='word_1_662' title='bbox 2140 3784 2264 3838; x_wconf 90' lang='lat' dir='ltr'><strong>istis</strong></span> <span class='ocrx_word' id='word_1_663' title='bbox 2311 3783 2671 3853; x_wconf 89' lang='lat' dir='ltr'><strong>paucissimis</strong></span> <span class='ocrx_word' id='word_1_664' title='bbox 2702 3784 2913 3835; x_wconf 89' lang='lat' dir='ltr'><strong>factum</strong></span> <span class='ocrx_word' id='word_1_665' title='bbox 2945 3788 3051 3846; x_wconf 90' lang='lat' dir='ltr'><strong>est,</strong></span> <span class='ocrx_word' id='word_1_666' title='bbox 3093 3781 3401 3850; x_wconf 88' lang='lat' dir='ltr'><strong>diligenter</strong></span> <span class='ocrx_word' id='word_1_667' title='bbox 3433 3780 3634 3833; x_wconf 85' lang='lat' dir='ltr'><strong>omnia</strong></span> <span class='ocrx_word' id='word_1_668' title='bbox 3667 3796 3832 3850; x_wconf 83' lang='lat' dir='ltr'><strong>expo-</strong></span> 
     </span>
    </p>
   </div>
   <div class='ocr_carea' id='block_1_86' title="bbox 2143 3870 3839 3927">
    <p class='ocr_par' dir='ltr' id='par_1_86' title="bbox 2143 3870 3839 3927">
     <span class='ocr_line' id='line_1_86' title="bbox 2143 3870 3839 3927; baseline -0.004 -1"><span class='ocrx_word' id='word_1_669' title='bbox 2143 3877 2370 3927; x_wconf 88' lang='lat' dir='ltr'><strong>nantur.</strong></span> <span class='ocrx_word' id='word_1_670' title='bbox 2409 3872 2553 3925; x_wconf 92' lang='lat' dir='ltr'><strong>lllud</strong></span> <span class='ocrx_word' id='word_1_671' title='bbox 2598 3876 2823 3924; x_wconf 90' lang='lat' dir='ltr'><strong>tantum</strong></span> <span class='ocrx_word' id='word_1_672' title='bbox 2853 3870 3129 3924; x_wconf 88' lang='lat' dir='ltr'><strong>attentius</strong></span> <span class='ocrx_word' id='word_1_673' title='bbox 3160 3870 3379 3923; x_wconf 85' lang='lat' dir='ltr'><strong>videtur</strong></span> <span class='ocrx_word' id='word_1_674' title='bbox 3410 3884 3531 3921; x_wconf 89' lang='lat' dir='ltr'><strong>esse</strong></span> <span class='ocrx_word' id='word_1_675' title='bbox 3560 3883 3839 3921; x_wconf 87' lang='lat' dir='ltr'><strong>commen-</strong></span> 
     </span>
    </p>
   </div>
   <div class='ocr_carea' id='block_1_87' title="bbox 2142 3955 3838 4029">
    <p class='ocr_par' dir='ltr' id='par_1_87' title="bbox 2142 3955 3838 4029">
     <span class='ocr_line' id='line_1_87' title="bbox 2142 3955 3838 4029; baseline -0.005 -13"><span class='ocrx_word' id='word_1_676' title='bbox 2142 3960 2422 4025; x_wconf 87' lang='lat' dir='ltr'><strong>dandum,</strong></span> <span class='ocrx_word' id='word_1_677' title='bbox 2476 3960 2628 4029; x_wconf 89' lang='lat' dir='ltr'><strong>quod</strong></span> <span class='ocrx_word' id='word_1_678' title='bbox 2662 3960 2760 4012; x_wconf 87' lang='lat' dir='ltr'><strong>ubi</strong></span> <span class='ocrx_word' id='word_1_679' title='bbox 2792 3982 2819 4006; x_wconf 86' lang='grc'><em>‹‹</em></span> <span class='ocrx_word' id='word_1_680' title='bbox 2861 3958 3128 4028; x_wconf 89' lang='lat' dir='ltr'><strong>generale</strong></span> <span class='ocrx_word' id='word_1_681' title='bbox 3176 3957 3650 4027; x_wconf 89' lang='lat' dir='ltr'><strong>chirographum,</strong></span> <span class='ocrx_word' id='word_1_682' title='bbox 3690 3980 3709 4002; x_wconf 87' lang='lat'><strong>-</strong></span> <span class='ocrx_word' id='word_1_683' title='bbox 3756 3955 3838 4007; x_wconf 81' lang='lat' dir='ltr'><strong>vel</strong></span> 
     </span>
    </p>
   </div>
   <div class='ocr_carea' id='block_1_88' title="bbox 2144 4045 3840 4119">
    <p class='ocr_par' dir='ltr' id='par_1_88' title="bbox 2144 4045 3840 4119">
     <span class='ocr_line' id='line_1_88' title="bbox 2144 4045 3840 4119; baseline -0.004 -17"><span class='ocrx_word' id='word_1_684' title='bbox 2144 4069 2173 4101; x_wconf 85' lang='lat'><strong>«</strong></span> <span class='ocrx_word' id='word_1_685' title='bbox 2205 4049 2531 4119; x_wconf 90' lang='lat' dir='ltr'><strong>generalem</strong></span> <span class='ocrx_word' id='word_1_686' title='bbox 2581 4047 2926 4117; x_wconf 84' lang='lat' dir='ltr'><strong>pactionem,</strong></span> <span class='ocrx_word' id='word_1_687' title='bbox 2974 4067 3002 4095; x_wconf 69' lang='grc' dir='ltr'>υ</span> <span class='ocrx_word' id='word_1_688' title='bbox 3038 4048 3157 4098; x_wconf 88' lang='lat' dir='ltr'><strong>sive</strong></span> <span class='ocrx_word' id='word_1_689' title='bbox 3188 4045 3513 4099; x_wconf 89' lang='lat' dir='ltr'><strong>cautionem</strong></span> <span class='ocrx_word' id='word_1_690' title='bbox 3561 4049 3840 4097; x_wconf 85' lang='lat' dir='ltr'><strong>memorat</strong></span> 
     </span>
    </p>
   </div>
   <div class='ocr_carea' id='block_1_89' title="bbox 2143 4132 3841 4209">
    <p class='ocr_par' dir='ltr' id='par_1_89' title="bbox 2143 4132 3841 4209">
     <span class='ocr_line' id='line_1_89' title="bbox 2143 4132 3841 4209; baseline -0.005 -18"><span class='ocrx_word' id='word_1_691' title='bbox 2143 4136 2424 4209; x_wconf 90' lang='lat' dir='ltr'><strong>generalis</strong></span> <span class='ocrx_word' id='word_1_692' title='bbox 2464 4135 2755 4189; x_wconf 83' lang='lat' dir='ltr'><strong>damnatio</strong></span> <span class='ocrx_word' id='word_1_693' title='bbox 2796 4136 2975 4189; x_wconf 88' lang='lat' dir='ltr'><strong>totius</strong></span> <span class='ocrx_word' id='word_1_694' title='bbox 3009 4134 3249 4187; x_wconf 87' lang='lat' dir='ltr'><strong>humani</strong></span> <span class='ocrx_word' id='word_1_695' title='bbox 3298 4133 3545 4203; x_wconf 87' lang='lat' dir='ltr'><strong>generis,</strong></span> <span class='ocrx_word' id='word_1_696' title='bbox 3584 4148 3719 4202; x_wconf 61' lang='lat' dir='ltr'><strong>quae</strong></span> <span class='ocrx_word' id='word_1_697' title='bbox 3764 4132 3841 4184; x_wconf 87' lang='lat' dir='ltr'><strong>in-</strong></span> 
     </span>
    </p>
   </div>
   <div class='ocr_carea' id='block_1_90' title="bbox 2141 4220 3837 4294">
    <p class='ocr_par' dir='ltr' id='par_1_90' title="bbox 2141 4220 3837 4294">
     <span class='ocr_line' id='line_1_90' title="bbox 2141 4220 3837 4294; baseline -0.004 -14"><span class='ocrx_word' id='word_1_698' title='bbox 2141 4226 2403 4281; x_wconf 85' lang='lat' dir='ltr'><strong>troducta</strong></span> <span class='ocrx_word' id='word_1_699' title='bbox 2434 4228 2518 4278; x_wconf 89' lang='lat' dir='ltr'><strong>est</strong></span> <span class='ocrx_word' id='word_1_700' title='bbox 2548 4240 2653 4294; x_wconf 90' lang='lat' dir='ltr'><strong>per</strong></span> <span class='ocrx_word' id='word_1_701' title='bbox 2683 4224 2883 4290; x_wconf 86' lang='lat' dir='ltr'><strong>Adam,</strong></span> <span class='ocrx_word' id='word_1_702' title='bbox 2914 4223 3289 4292; x_wconf 87' lang='lat' dir='ltr'><strong>intelligenda</strong></span> <span class='ocrx_word' id='word_1_703' title='bbox 3314 4223 3388 4275; x_wconf 91' lang='lat' dir='ltr'><strong>sit</strong></span> <span class='ocrx_word' id='word_1_704' title='bbox 3416 4238 3429 4273; x_wconf 88' lang='lat'><strong>:</strong></span> <span class='ocrx_word' id='word_1_705' title='bbox 3466 4227 3523 4275; x_wconf 91' lang='lat' dir='ltr'><strong>et</strong></span> <span class='ocrx_word' id='word_1_706' title='bbox 3553 4220 3654 4274; x_wconf 90' lang='lat' dir='ltr'><strong>ubi</strong></span> <span class='ocrx_word' id='word_1_707' title='bbox 3692 4242 3719 4267; x_wconf 83' lang='grc'><strong>‹‹</strong></span> <span class='ocrx_word' id='word_1_708' title='bbox 3746 4236 3837 4290; x_wconf 87' lang='lat' dir='ltr'><strong>ge-</strong></span> 
     </span>
    </p>
   </div>
   <div class='ocr_carea' id='block_1_91' title="bbox 338 4308 3837 4380">
    <p class='ocr_par' dir='ltr' id='par_1_91' title="bbox 338 4308 3837 4380">
     <span class='ocr_line' id='line_1_91' title="bbox 338 4308 3837 4380; baseline -0.001 -16"><span class='ocrx_word' id='word_1_709' title='bbox 338 4317 393 4365; x_wconf 91' lang='lat' dir='ltr'><strong>et</strong></span> <span class='ocrx_word' id='word_1_710' title='bbox 442 4310 635 4363; x_wconf 89' lang='lat' dir='ltr'><strong>minus</strong></span> <span class='ocrx_word' id='word_1_711' title='bbox 666 4310 991 4378; x_wconf 89' lang='lat' dir='ltr'><strong>intelligens</strong></span> <span class='ocrx_word' id='word_1_712' title='bbox 1036 4308 1115 4361; x_wconf 87' lang='lat' dir='ltr'><strong>ita</strong></span> <span class='ocrx_word' id='word_1_713' title='bbox 1145 4309 1488 4374; x_wconf 87' lang='lat' dir='ltr'><strong>existimare,</strong></span> <span class='ocrx_word' id='word_1_714' title='bbox 1528 4316 1589 4362; x_wconf 88' lang='lat' dir='ltr'><strong>ut</strong></span> <span class='ocrx_word' id='word_1_715' title='bbox 1618 4310 1770 4379; x_wconf 88' lang='lat' dir='ltr'><strong>quod</strong></span> <span class='ocrx_word' id='word_1_716' title='bbox 1816 4309 2032 4363; x_wconf 89' lang='lat' dir='ltr'><strong>dictum</strong></span> <span class='ocrx_word' id='word_1_717' title='bbox 2072 4322 2115 4376; x_wconf 86' lang='lat'><strong>1)</strong></span> <span class='ocrx_word' id='word_1_718' title='bbox 2142 4313 2399 4367; x_wconf 88' lang='lat' dir='ltr'><strong>neralem</strong></span> <span class='ocrx_word' id='word_1_719' title='bbox 2428 4311 2906 4380; x_wconf 88' lang='lat' dir='ltr'><strong>redemptionem,</strong></span> <span class='ocrx_word' id='word_1_720' title='bbox 2944 4331 2971 4358; x_wconf 79' lang='lat' dir='ltr'><em>n</em></span> <span class='ocrx_word' id='word_1_721' title='bbox 3003 4312 3089 4363; x_wconf 86' lang='lat' dir='ltr'><strong>vel</strong></span> <span class='ocrx_word' id='word_1_722' title='bbox 3122 4332 3147 4358; x_wconf 77' lang='grc' dir='ltr'><strong>ι‹</strong></span> <span class='ocrx_word' id='word_1_723' title='bbox 3178 4309 3505 4380; x_wconf 86' lang='lat' dir='ltr'><strong>generalem</strong></span> <span class='ocrx_word' id='word_1_724' title='bbox 3532 4308 3837 4379; x_wconf 85' lang='lat' dir='ltr'><strong>indulgen-</strong></span> 
     </span>
    </p>
   </div>
   <div class='ocr_carea' id='block_1_92' title="bbox 340 4398 2034 4468">
    <p class='ocr_par' dir='ltr' id='par_1_92' title="bbox 340 4398 2034 4468">
     <span class='ocr_line' id='line_1_92' title="bbox 340 4398 2034 4468; baseline 0.001 -16"><span class='ocrx_word' id='word_1_725' title='bbox 340 4405 426 4452; x_wconf 90' lang='lat' dir='ltr'><strong>est</strong></span> <span class='ocrx_word' id='word_1_726' title='bbox 458 4403 879 4451; x_wconf 88' lang='lat' dir='ltr'><strong>sacramentum</strong></span> <span class='ocrx_word' id='word_1_727' title='bbox 925 4399 1206 4467; x_wconf 88' lang='lat' dir='ltr'><strong>generalis</strong></span> <span class='ocrx_word' id='word_1_728' title='bbox 1237 4398 1671 4468; x_wconf 90' lang='lat' dir='ltr'><strong>redemptionis,</strong></span> <span class='ocrx_word' id='word_1_729' title='bbox 1704 4404 1761 4453; x_wconf 92' lang='lat' dir='ltr'><strong>et</strong></span> <span class='ocrx_word' id='word_1_730' title='bbox 1807 4404 2034 4453; x_wconf 91' lang='lat' dir='ltr'><strong>mortuo</strong></span> 
     </span>
    </p>
   </div>
   <div class='ocr_carea' id='block_1_93' title="bbox 338 4485 2032 4558">
    <p class='ocr_par' dir='ltr' id='par_1_93' title="bbox 338 4485 2032 4558">
     <span class='ocr_line' id='line_1_93' title="bbox 338 4485 2032 4558; baseline 0.001 -19"><span class='ocrx_word' id='word_1_731' title='bbox 338 4503 442 4558; x_wconf 91' lang='lat' dir='ltr'><strong>pro</strong></span> <span class='ocrx_word' id='word_1_732' title='bbox 473 4485 741 4539; x_wconf 90' lang='lat' dir='ltr'><strong>omnibus</strong></span> <span class='ocrx_word' id='word_1_733' title='bbox 770 4486 963 4555; x_wconf 90' lang='lat' dir='ltr'><strong>impiis</strong></span> <span class='ocrx_word' id='word_1_734' title='bbox 1018 4487 1278 4551; x_wconf 93' lang='lat' dir='ltr'><strong>Domino,</strong></span> <span class='ocrx_word' id='word_1_735' title='bbox 1313 4487 1391 4541; x_wconf 90' lang='lat' dir='ltr'><strong>ita</strong></span> <span class='ocrx_word' id='word_1_736' title='bbox 1435 4487 1823 4557; x_wconf 69' lang='lat' dir='ltr'><strong>accipi‘possit</strong></span> <span class='ocrx_word' id='word_1_737' title='bbox 1871 4488 2032 4558; x_wconf 90' lang='lat' dir='ltr'><strong>quasi</strong></span> 
     </span>
    </p>
   </div>
   <div class='ocr_carea' id='block_1_94' title="bbox 339 4575 2032 4646">
    <p class='ocr_par' dir='ltr' id='par_1_94' title="bbox 339 4575 2032 4646">
     <span class='ocr_line' id='line_1_94' title="bbox 339 4575 2032 4646; baseline 0.001 -18"><span class='ocrx_word' id='word_1_738' title='bbox 339 4581 392 4628; x_wconf 90' lang='lat' dir='ltr'><strong>et</strong></span> <span class='ocrx_word' id='word_1_739' title='bbox 423 4576 520 4629; x_wconf 90' lang='lat' dir='ltr'><strong>illa</strong></span> <span class='ocrx_word' id='word_1_740' title='bbox 567 4575 850 4644; x_wconf 88' lang='lat' dir='ltr'><strong>generalis</strong></span> <span class='ocrx_word' id='word_1_741' title='bbox 880 4575 1222 4644; x_wconf 88' lang='lat' dir='ltr'><strong>redemptio,</strong></span> <span class='ocrx_word' id='word_1_742' title='bbox 1256 4581 1314 4629; x_wconf 89' lang='lat' dir='ltr'><strong>et</strong></span> <span class='ocrx_word' id='word_1_743' title='bbox 1356 4576 1451 4629; x_wconf 89' lang='lat' dir='ltr'><strong>illa</strong></span> <span class='ocrx_word' id='word_1_744' title='bbox 1484 4592 1640 4629; x_wconf 89' lang='lat' dir='ltr'><strong>mors</strong></span> <span class='ocrx_word' id='word_1_745' title='bbox 1676 4576 1901 4629; x_wconf 89' lang='lat' dir='ltr'><strong>Domini</strong></span> <span class='ocrx_word' id='word_1_746' title='bbox 1930 4593 2032 4646; x_wconf 90' lang='lat' dir='ltr'><strong>pro</strong></span> 
     </span>
    </p>
   </div>
   <div class='ocr_carea' id='block_1_95' title="bbox 2143 4396 3835 4470">
    <p class='ocr_par' dir='ltr' id='par_1_95' title="bbox 2143 4396 3835 4470">
     <span class='ocr_line' id='line_1_95' title="bbox 2143 4396 3835 4470; baseline -0.004 -16"><span class='ocrx_word' id='word_1_747' title='bbox 2143 4401 2341 4454; x_wconf 88' lang='lat' dir='ltr'><strong>tiam»</strong></span> <span class='ocrx_word' id='word_1_748' title='bbox 2396 4399 2582 4470; x_wconf 90' lang='lat' dir='ltr'><strong>ponit,</strong></span> <span class='ocrx_word' id='word_1_749' title='bbox 2628 4418 2653 4449; x_wconf 82' lang='lat'><strong><em>«</em></strong></span> <span class='ocrx_word' id='word_1_750' title='bbox 2704 4405 2939 4469; x_wconf 81' lang='lat' dir='ltr'><strong>propter</strong></span> <span class='ocrx_word' id='word_1_751' title='bbox 2987 4399 3250 4453; x_wconf 90' lang='lat' dir='ltr'><strong>omnium</strong></span> <span class='ocrx_word' id='word_1_752' title='bbox 3300 4398 3628 4463; x_wconf 89' lang='lat' dir='ltr'><strong>hominum,</strong></span> <span class='ocrx_word' id='word_1_753' title='bbox 3680 4418 3708 4446; x_wconf 81' lang='grc'><strong>›</strong></span> <span class='ocrx_word' id='word_1_754' title='bbox 3759 4396 3835 4448; x_wconf 83' lang='lat' dir='ltr'><strong>vel</strong></span> 
     </span>
    </p>
   </div>
   <div class='ocr_carea' id='block_1_96' title="bbox 2144 4486 3836 4557">
    <p class='ocr_par' dir='ltr' id='par_1_96' title="bbox 2144 4486 3836 4557">
     <span class='ocr_line' id='line_1_96' title="bbox 2144 4486 3836 4557; baseline -0.004 -14"><span class='ocrx_word' id='word_1_755' title='bbox 2144 4489 2405 4543; x_wconf 91' lang='lat' dir='ltr'><strong>omnium</strong></span> <span class='ocrx_word' id='word_1_756' title='bbox 2454 4489 2751 4542; x_wconf 88' lang='lat' dir='ltr'><strong>nationum</strong></span> <span class='ocrx_word' id='word_1_757' title='bbox 2803 4512 2822 4535; x_wconf 69' lang='grc' dir='ltr'><strong>ει</strong></span> <span class='ocrx_word' id='word_1_758' title='bbox 2871 4504 3053 4557; x_wconf 90' lang='lat' dir='ltr'><strong>genus</strong></span> <span class='ocrx_word' id='word_1_759' title='bbox 3104 4509 3130 4536; x_wconf 86' lang='grc'><strong>››</strong></span> <span class='ocrx_word' id='word_1_760' title='bbox 3179 4488 3395 4541; x_wconf 89' lang='lat' dir='ltr'><strong>dictum</strong></span> <span class='ocrx_word' id='word_1_761' title='bbox 3443 4486 3836 4555; x_wconf 87' lang='lat' dir='ltr'><strong>accipiendum</strong></span> 
     </span>
    </p>
   </div>
   <div class='ocr_carea' id='block_1_97' title="bbox 2142 4574 3836 4647">
    <p class='ocr_par' dir='ltr' id='par_1_97' title="bbox 2142 4574 3836 4647">
     <span class='ocr_line' id='line_1_97' title="bbox 2142 4574 3836 4647; baseline -0.003 -16"><span class='ocrx_word' id='word_1_762' title='bbox 2142 4578 2233 4631; x_wconf 87' lang='lat' dir='ltr'><strong>sit.</strong></span> <span class='ocrx_word' id='word_1_763' title='bbox 2268 4579 2334 4630; x_wconf 85' lang='lat' dir='ltr'><strong>Et</strong></span> <span class='ocrx_word' id='word_1_764' title='bbox 2366 4577 2463 4631; x_wconf 92' lang='lat' dir='ltr'><strong>ubi</strong></span> <span class='ocrx_word' id='word_1_765' title='bbox 2496 4595 2522 4627; x_wconf 76' lang='grc' dir='ltr'><strong>ι(</strong></span> <span class='ocrx_word' id='word_1_766' title='bbox 2556 4593 2658 4647; x_wconf 90' lang='lat' dir='ltr'><strong>pro</strong></span> <span class='ocrx_word' id='word_1_767' title='bbox 2689 4577 2956 4630; x_wconf 89' lang='lat' dir='ltr'><strong>omnibus</strong></span> <span class='ocrx_word' id='word_1_768' title='bbox 2987 4575 3179 4645; x_wconf 88' lang='lat' dir='ltr'><strong>impiis</strong></span> <span class='ocrx_word' id='word_1_769' title='bbox 3205 4595 3231 4625; x_wconf 73' lang='lat' dir='ltr'><strong>n</strong></span> <span class='ocrx_word' id='word_1_770' title='bbox 3266 4574 3574 4628; x_wconf 91' lang='lat' dir='ltr'><strong>Dominum</strong></span> <span class='ocrx_word' id='word_1_771' title='bbox 3597 4579 3836 4628; x_wconf 90' lang='lat' dir='ltr'><strong>mortem</strong></span> 
     </span>
    </p>
   </div>
   <div class='ocr_carea' id='block_1_98' title="bbox 1402 4699 2777 4757">
    <p class='ocr_par' dir='ltr' id='par_1_98' title="bbox 1402 4699 2777 4757">
     <span class='ocr_line' id='line_1_98' title="bbox 1402 4699 2777 4757; baseline 0 -5"><span class='ocrx_word' id='word_1_772' title='bbox 1402 4699 1600 4754; x_wconf 62' lang='lat' dir='ltr'><strong>NOTAE</strong></span> <span class='ocrx_word' id='word_1_773' title='bbox 1641 4700 1974 4756; x_wconf 87' lang='lat' dir='ltr'><strong>DUVALLII</strong></span> <span class='ocrx_word' id='word_1_774' title='bbox 2014 4702 2356 4757; x_wconf 79' lang='lat' dir='ltr'><strong>DOCTORIS</strong></span> <span class='ocrx_word' id='word_1_775' title='bbox 2395 4699 2777 4755; x_wconf 80' lang='lat' dir='ltr'><strong>SORBONICI.</strong></span> 
     </span>
    </p>
   </div>
   <div class='ocr_carea' id='block_1_99' title="bbox 413 4819 2039 4892">
    <p class='ocr_par' dir='ltr' id='par_1_99' title="bbox 413 4819 2039 4892">
     <span class='ocr_line' id='line_1_99' title="bbox 413 4819 2039 4892; baseline 0.001 -17"><span class='ocrx_word' id='word_1_776' title='bbox 413 4832 437 4856; x_wconf 69' lang='grc'><strong>³</strong></span> <span class='ocrx_word' id='word_1_777' title='bbox 470 4822 593 4876; x_wconf 88' lang='lat' dir='ltr'><strong>Non</strong></span> <span class='ocrx_word' id='word_1_778' title='bbox 629 4819 819 4873; x_wconf 90' lang='lat' dir='ltr'><strong>minus</strong></span> <span class='ocrx_word' id='word_1_779' title='bbox 850 4824 1012 4873; x_wconf 86' lang='lat' dir='ltr'><strong>caute</strong></span> <span class='ocrx_word' id='word_1_780' title='bbox 1057 4820 1165 4873; x_wconf 83' lang='lat' dir='ltr'><strong>ista</strong></span> <span class='ocrx_word' id='word_1_781' title='bbox 1216 4822 1456 4892; x_wconf 78' lang='lat' dir='ltr'><strong>legenda</strong></span> <span class='ocrx_word' id='word_1_782' title='bbox 1488 4831 1655 4889; x_wconf 86' lang='lat' dir='ltr'><strong>sunt;</strong></span> <span class='ocrx_word' id='word_1_783' title='bbox 1702 4824 1838 4877; x_wconf 88' lang='lat' dir='ltr'><strong>dicit</strong></span> <span class='ocrx_word' id='word_1_784' title='bbox 1885 4825 2039 4878; x_wconf 89' lang='lat' dir='ltr'><strong>enim</strong></span> 
     </span>
    </p>
   </div>
   <div class='ocr_carea' id='block_1_100' title="bbox 342 4893 2037 4965">
    <p class='ocr_par' dir='ltr' id='par_1_100' title="bbox 342 4893 2037 4965">
     <span class='ocr_line' id='line_1_100' title="bbox 342 4893 2037 4965; baseline 0.001 -19"><span class='ocrx_word' id='word_1_785' title='bbox 342 4894 521 4946; x_wconf 90' lang='lat' dir='ltr'><strong>Deum</strong></span> <span class='ocrx_word' id='word_1_786' title='bbox 567 4908 682 4944; x_wconf 91' lang='lat' dir='ltr'><strong>non</strong></span> <span class='ocrx_word' id='word_1_787' title='bbox 723 4906 917 4965; x_wconf 75' lang='lat' dir='ltr'><strong>orasse</strong></span> <span class='ocrx_word' id='word_1_788' title='bbox 947 4906 1052 4965; x_wconf 75' lang='lat' dir='ltr'><strong>prp</strong></span> <span class='ocrx_word' id='word_1_789' title='bbox 1084 4893 1348 4965; x_wconf 84' lang='lat' dir='ltr'><strong>omnibus</strong></span> <span class='ocrx_word' id='word_1_790' title='bbox 1396 4894 1513 4965; x_wconf 86' lang='lat' dir='ltr'><strong>suis</strong></span> <span class='ocrx_word' id='word_1_791' title='bbox 1562 4895 2037 4965; x_wconf 86' lang='lat' dir='ltr'><strong>persecutoribus,</strong></span> 
     </span>
    </p>
   </div>
   <div class='ocr_carea' id='block_1_101' title="bbox 341 4960 2040 5034">
    <p class='ocr_par' dir='ltr' id='par_1_101' title="bbox 341 4960 2040 5034">
     <span class='ocr_line' id='line_1_101' title="bbox 341 4960 2040 5034; baseline 0.001 -17"><span class='ocrx_word' id='word_1_792' title='bbox 341 4969 539 5034; x_wconf 90' lang='lat' dir='ltr'><strong>utpote</strong></span> <span class='ocrx_word' id='word_1_793' title='bbox 572 4979 677 5031; x_wconf 91' lang='lat' dir='ltr'><strong>pro</strong></span> <span class='ocrx_word' id='word_1_794' title='bbox 720 4962 831 5015; x_wconf 90' lang='lat' dir='ltr'><strong>illis</strong></span> <span class='ocrx_word' id='word_1_795' title='bbox 881 4960 981 5034; x_wconf 86' lang='lat' dir='ltr'><strong>qui</strong></span> <span class='ocrx_word' id='word_1_796' title='bbox 1020 4960 1078 5034; x_wconf 87' lang='lat' dir='ltr'><strong>in</strong></span> <span class='ocrx_word' id='word_1_797' title='bbox 1108 4964 1296 5034; x_wconf 84' lang='lat' dir='ltr'><strong>cordis</strong></span> <span class='ocrx_word' id='word_1_798' title='bbox 1345 4964 1432 5015; x_wconf 89' lang='lat' dir='ltr'><strong>sui</strong></span> <span class='ocrx_word' id='word_1_799' title='bbox 1485 4960 1694 5018; x_wconf 72' lang='lat' dir='ltr'><strong>duritia</strong></span> <span class='ocrx_word' id='word_1_800' title='bbox 1743 4966 2040 5019; x_wconf 83' lang='lat' dir='ltr'><strong>obfirmate</strong></span> 
     </span>
    </p>
   </div>
   <div class='ocr_carea' id='block_1_102' title="bbox 342 5032 2038 5105">
    <p class='ocr_par' dir='ltr' id='par_1_102' title="bbox 342 5032 2038 5105">
     <span class='ocr_line' id='line_1_102' title="bbox 342 5032 2038 5105; baseline 0.001 -18"><span class='ocrx_word' id='word_1_801' title='bbox 342 5032 506 5088; x_wconf 76' lang='lat' dir='ltr'><strong>erant</strong></span> <span class='ocrx_word' id='word_1_802' title='bbox 535 5032 972 5101; x_wconf 81' lang='lat' dir='ltr'><strong>perseveraturi.</strong></span> <span class='ocrx_word' id='word_1_803' title='bbox 1011 5033 1123 5105; x_wconf 81' lang='lat' dir='ltr'><strong>Hoc</strong></span> <span class='ocrx_word' id='word_1_804' title='bbox 1153 5032 1221 5105; x_wconf 84' lang='lat' dir='ltr'><strong>ab</strong></span> <span class='ocrx_word' id='word_1_805' title='bbox 1246 5034 1546 5087; x_wconf 85' lang='lat' dir='ltr'><strong>Hincmaro</strong></span> <span class='ocrx_word' id='word_1_806' title='bbox 1579 5036 1649 5089; x_wconf 90' lang='lat' dir='ltr'><strong>ad</strong></span> <span class='ocrx_word' id='word_1_807' title='bbox 1675 5036 1968 5090; x_wconf 88' lang='lat' dir='ltr'><strong>Nicolaum</strong></span> <span class='ocrx_word' id='word_1_808' title='bbox 1996 5037 2038 5105; x_wconf 85' lang='grc' dir='ltr'>Ι,</span> 
     </span>
    </p>
   </div>
   <div class='ocr_carea' id='block_1_103' title="bbox 340 5103 2040 5176">
    <p class='ocr_par' dir='ltr' id='par_1_103' title="bbox 340 5103 2040 5176">
     <span class='ocr_line' id='line_1_103' title="bbox 340 5103 2040 5176; baseline 0.001 -18"><span class='ocrx_word' id='word_1_809' title='bbox 340 5106 494 5158; x_wconf 89' lang='lat' dir='ltr'><strong>inter</strong></span> <span class='ocrx_word' id='word_1_810' title='bbox 538 5120 759 5155; x_wconf 86' lang='lat' dir='ltr'><strong>errores</strong></span> <span class='ocrx_word' id='word_1_811' title='bbox 804 5103 1174 5176; x_wconf 85' lang='lat' dir='ltr'><strong>Gotteschalci</strong></span> <span class='ocrx_word' id='word_1_812' title='bbox 1228 5112 1579 5176; x_wconf 80' lang='lat' dir='ltr'><strong>recensetur.</strong></span> <span class='ocrx_word' id='word_1_813' title='bbox 1626 5108 1910 5176; x_wconf 83' lang='lat' dir='ltr'><strong>simulque</strong></span> <span class='ocrx_word' id='word_1_814' title='bbox 1952 5103 2040 5159; x_wconf 57' lang='lat' dir='ltr'><strong>rei-</strong></span> 
     </span>
    </p>
   </div>
   <div class='ocr_carea' id='block_1_104' title="bbox 342 5174 2037 5244">
    <p class='ocr_par' dir='ltr' id='par_1_104' title="bbox 342 5174 2037 5244">
     <span class='ocr_line' id='line_1_104' title="bbox 342 5174 2037 5244; baseline 0.001 -16"><span class='ocrx_word' id='word_1_815' title='bbox 342 5176 594 5238; x_wconf 87' lang='lat' dir='ltr'><strong>fellitur;</strong></span> <span class='ocrx_word' id='word_1_816' title='bbox 632 5180 755 5227; x_wconf 88' lang='lat' dir='ltr'><strong>tum</strong></span> <span class='ocrx_word' id='word_1_817' title='bbox 789 5175 941 5243; x_wconf 89' lang='lat' dir='ltr'><strong>quia,</strong></span> <span class='ocrx_word' id='word_1_818' title='bbox 978 5174 1182 5244; x_wconf 86' lang='lat' dir='ltr'><strong>inquit,</strong></span> <span class='ocrx_word' id='word_1_819' title='bbox 1217 5175 1321 5226; x_wconf 86' lang='lat' dir='ltr'><strong>fuit</strong></span> <span class='ocrx_word' id='word_1_820' title='bbox 1352 5182 1513 5227; x_wconf 88' lang='lat' dir='ltr'><strong>vetus</strong></span> <span class='ocrx_word' id='word_1_821' title='bbox 1554 5193 1712 5229; x_wconf 89' lang='lat' dir='ltr'><strong>error</strong></span> <span class='ocrx_word' id='word_1_822' title='bbox 1748 5174 2037 5231; x_wconf 72' lang='lat' dir='ltr'><strong>Praedesti-</strong></span> 
     </span>
    </p>
   </div>
   <div class='ocr_carea' id='block_1_105' title="bbox 342 5245 2039 5314">
    <p class='ocr_par' dir='ltr' id='par_1_105' title="bbox 342 5245 2039 5314">
     <span class='ocr_line' id='line_1_105' title="bbox 342 5245 2039 5314; baseline 0.002 -17"><span class='ocrx_word' id='word_1_823' title='bbox 342 5247 725 5306; x_wconf 85' lang='lat' dir='ltr'><strong>natianorum,</strong></span> <span class='ocrx_word' id='word_1_824' title='bbox 779 5250 900 5298; x_wconf 85' lang='lat' dir='ltr'><strong>tum</strong></span> <span class='ocrx_word' id='word_1_825' title='bbox 951 5245 1084 5313; x_wconf 88' lang='lat' dir='ltr'><strong>quia</strong></span> <span class='ocrx_word' id='word_1_826' title='bbox 1131 5245 1201 5298; x_wconf 89' lang='lat' dir='ltr'><strong>de</strong></span> <span class='ocrx_word' id='word_1_827' title='bbox 1245 5246 1366 5314; x_wconf 87' lang='lat' dir='ltr'><strong>ejus</strong></span> <span class='ocrx_word' id='word_1_828' title='bbox 1399 5248 1858 5314; x_wconf 89' lang='lat' dir='ltr'><strong>persecutoribus</strong></span> <span class='ocrx_word' id='word_1_829' title='bbox 1899 5249 2039 5302; x_wconf 87' lang='lat' dir='ltr'><strong>dixit</strong></span> 
     </span>
    </p>
   </div>
   <div class='ocr_carea' id='block_1_106' title="bbox 344 5315 2036 5387">
    <p class='ocr_par' dir='ltr' id='par_1_106' title="bbox 344 5315 2036 5387">
     <span class='ocr_line' id='line_1_106' title="bbox 344 5315 2036 5387; baseline 0.002 -20"><span class='ocrx_word' id='word_1_830' title='bbox 344 5316 543 5387; x_wconf 86' lang='lat' dir='ltr'><strong>Petrus</strong></span> <span class='ocrx_word' id='word_1_831' title='bbox 575 5316 669 5383; x_wconf 88' lang='lat' dir='ltr'><strong>(Il,</strong></span> <span class='ocrx_word' id='word_1_832' title='bbox 706 5315 816 5387; x_wconf 7' lang='lat'><strong>11),:</strong></span> <span class='ocrx_word' id='word_1_833' title='bbox 854 5316 1135 5387; x_wconf 80' lang='lat' dir='ltr'><strong>Negantes</strong></span> <span class='ocrx_word' id='word_1_834' title='bbox 1166 5316 1473 5369; x_wconf 90' lang='lat' dir='ltr'><strong>Dominum</strong></span> <span class='ocrx_word' id='word_1_835' title='bbox 1508 5317 1606 5387; x_wconf 88' lang='lat' dir='ltr'><strong>qui</strong></span> <span class='ocrx_word' id='word_1_836' title='bbox 1628 5334 1724 5370; x_wconf 89' lang='lat' dir='ltr'><strong>eos</strong></span> <span class='ocrx_word' id='word_1_837' title='bbox 1754 5320 1910 5372; x_wconf 87' lang='lat' dir='ltr'><strong>emit.</strong></span> <span class='ocrx_word' id='word_1_838' title='bbox 1941 5320 2036 5370; x_wconf 85' lang='lat' dir='ltr'><strong>Ve-</strong></span> 
     </span>
    </p>
   </div>
   <div class='ocr_carea' id='block_1_107' title="bbox 347 5385 2039 5458">
    <p class='ocr_par' dir='ltr' id='par_1_107' title="bbox 347 5385 2039 5458">
     <span class='ocr_line' id='line_1_107' title="bbox 347 5385 2039 5458; baseline 0.004 -23"><span class='ocrx_word' id='word_1_839' title='bbox 347 5400 476 5437; x_wconf 91' lang='lat' dir='ltr'><strong>rum</strong></span> <span class='ocrx_word' id='word_1_840' title='bbox 524 5385 645 5439; x_wconf 61' lang='lat' dir='ltr'><strong>hac</strong></span> <span class='ocrx_word' id='word_1_841' title='bbox 683 5386 857 5458; x_wconf 81' lang='lat' dir='ltr'><strong>verba</strong></span> <span class='ocrx_word' id='word_1_842' title='bbox 897 5386 1308 5458; x_wconf 15' lang='lat' dir='ltr'><strong>[Lugdunensis</strong></span> <span class='ocrx_word' id='word_1_843' title='bbox 1356 5385 1616 5441; x_wconf 74' lang='lat' dir='ltr'><strong>Ecclesia:</strong></span> <span class='ocrx_word' id='word_1_844' title='bbox 1668 5389 2039 5458; x_wconf 84' lang='lat' dir='ltr'><strong>intelligenda</strong></span> 
     </span>
    </p>
   </div>
   <div class='ocr_carea' id='block_1_108' title="bbox 348 5456 2035 5531">
    <p class='ocr_par' dir='ltr' id='par_1_108' title="bbox 348 5456 2035 5531">
     <span class='ocr_line' id='line_1_108' title="bbox 348 5456 2035 5531; baseline 0.005 -26"><span class='ocrx_word' id='word_1_845' title='bbox 348 5460 482 5531; x_wconf 75' lang='lat' dir='ltr'><strong>supt</strong></span> <span class='ocrx_word' id='word_1_846' title='bbox 511 5457 817 5509; x_wconf 87' lang='lat' dir='ltr'><strong>secundum</strong></span> <span class='ocrx_word' id='word_1_847' title='bbox 852 5456 1182 5531; x_wconf 77' lang='lat' dir='ltr'><strong>efficaciam,</strong></span> <span class='ocrx_word' id='word_1_848' title='bbox 1217 5463 1438 5531; x_wconf 82' lang='lat' dir='ltr'><strong>utante</strong></span> <span class='ocrx_word' id='word_1_849' title='bbox 1471 5458 1740 5531; x_wconf 89' lang='lat' dir='ltr'><strong>diximus,</strong></span> <span class='ocrx_word' id='word_1_850' title='bbox 1778 5456 2035 5529; x_wconf 79' lang='lat' dir='ltr'><strong>illudque</strong></span> 
     </span>
    </p>
   </div>
   <div class='ocr_carea' id='block_1_109' title="bbox 350 5523 2033 5600">
    <p class='ocr_par' dir='ltr' id='par_1_109' title="bbox 350 5523 2033 5600">
     <span class='ocr_line' id='line_1_109' title="bbox 350 5523 2033 5600; baseline 0.005 -25"><span class='ocrx_word' id='word_1_851' title='bbox 350 5523 527 5600; x_wconf 47' lang='lat' dir='ltr'><strong>infra”</strong></span> <span class='ocrx_word' id='word_1_852' title='bbox 549 5532 761 5600; x_wconf 61' lang='lat' dir='ltr'><strong>aperte</strong></span> <span class='ocrx_word' id='word_1_853' title='bbox 788 5527 1104 5600; x_wconf 74' lang='lat' dir='ltr'><strong>subjungit.</strong></span> <span class='ocrx_word' id='word_1_854' title='bbox 1141 5529 1300 5600; x_wconf 83' lang='lat' dir='ltr'><strong>Quod</strong></span> <span class='ocrx_word' id='word_1_855' title='bbox 1350 5536 1541 5583; x_wconf 90' lang='lat' dir='ltr'><strong>autem</strong></span> <span class='ocrx_word' id='word_1_856' title='bbox 1576 5530 1673 5582; x_wconf 90' lang='lat' dir='ltr'><strong>illa</strong></span> <span class='ocrx_word' id='word_1_857' title='bbox 1712 5531 1895 5582; x_wconf 90' lang='lat' dir='ltr'><strong>oratio</strong></span> <span class='ocrx_word' id='word_1_858' title='bbox 1928 5523 2033 5599; x_wconf 82' lang='lat' dir='ltr'><strong>pro</strong></span> 
     </span>
    </p>
   </div>
   <div class='ocr_carea' id='block_1_110' title="bbox 352 5592 2034 5670">
    <p class='ocr_par' dir='ltr' id='par_1_110' title="bbox 352 5592 2034 5670">
     <span class='ocr_line' id='line_1_110' title="bbox 352 5592 2034 5670; baseline 0.004 -22"><span class='ocrx_word' id='word_1_859' title='bbox 352 5592 620 5648; x_wconf 89' lang='lat' dir='ltr'><strong>omnibus</strong></span> <span class='ocrx_word' id='word_1_860' title='bbox 654 5592 906 5661; x_wconf 37' lang='lat' dir='ltr'><strong>emissa,‘</strong></span> <span class='ocrx_word' id='word_1_861' title='bbox 926 5592 1038 5650; x_wconf 76' lang='lat' dir='ltr'><strong>non</strong></span> <span class='ocrx_word' id='word_1_862' title='bbox 1070 5598 1240 5651; x_wconf 88' lang='lat' dir='ltr'><strong>fuerit</strong></span> <span class='ocrx_word' id='word_1_863' title='bbox 1271 5616 1406 5670; x_wconf 87' lang='lat' dir='ltr'><strong>erga</strong></span> <span class='ocrx_word' id='word_1_864' title='bbox 1437 5616 1638 5655; x_wconf 89' lang='lat' dir='ltr'><strong>omnes</strong></span> <span class='ocrx_word' id='word_1_865' title='bbox 1668 5600 1870 5654; x_wconf 89' lang='lat' dir='ltr'><strong>sortita</strong></span> <span class='ocrx_word' id='word_1_866' title='bbox 1901 5592 2034 5655; x_wconf 74' lang='lat' dir='ltr'><strong>eﬁe-</strong></span> 
     </span>
    </p>
   </div>
   <div class='ocr_carea' id='block_1_111' title="bbox 2150 4824 3842 4895">
    <p class='ocr_par' dir='ltr' id='par_1_111' title="bbox 2150 4824 3842 4895">
     <span class='ocr_line' id='line_1_111' title="bbox 2150 4824 3842 4895; baseline -0.001 -16"><span class='ocrx_word' id='word_1_867' title='bbox 2150 4832 2303 4879; x_wconf 90' lang='lat' dir='ltr'><strong>ctum</strong></span> <span class='ocrx_word' id='word_1_868' title='bbox 2334 4826 2477 4879; x_wconf 90' lang='lat' dir='ltr'><strong>nihil</strong></span> <span class='ocrx_word' id='word_1_869' title='bbox 2508 4826 2577 4879; x_wconf 89' lang='lat' dir='ltr'><strong>de</strong></span> <span class='ocrx_word' id='word_1_870' title='bbox 2619 4826 2829 4879; x_wconf 88' lang='lat' dir='ltr'><strong>virtute</strong></span> <span class='ocrx_word' id='word_1_871' title='bbox 2862 4824 3136 4879; x_wconf 88' lang='lat' dir='ltr'><strong>orationis</strong></span> <span class='ocrx_word' id='word_1_872' title='bbox 3167 4825 3374 4878; x_wconf 82' lang='lat' dir='ltr'><strong>Christi</strong></span> <span class='ocrx_word' id='word_1_873' title='bbox 3405 4825 3678 4892; x_wconf 88' lang='lat' dir='ltr'><strong>detrahit,</strong></span> <span class='ocrx_word' id='word_1_874' title='bbox 3714 4825 3842 4895; x_wconf 85' lang='lat' dir='ltr'><strong>quia</strong></span> 
     </span>
    </p>
   </div>
   <div class='ocr_carea' id='block_1_112' title="bbox 2151 4896 3839 4966">
    <p class='ocr_par' dir='ltr' id='par_1_112' title="bbox 2151 4896 3839 4966">
     <span class='ocr_line' id='line_1_112' title="bbox 2151 4896 3839 4966; baseline 0 -17"><span class='ocrx_word' id='word_1_875' title='bbox 2151 4903 2214 4950; x_wconf 91' lang='lat' dir='ltr'><strong>ut</strong></span> <span class='ocrx_word' id='word_1_876' title='bbox 2240 4897 2577 4951; x_wconf 89' lang='lat' dir='ltr'><strong>obﬁrmatos</strong></span> <span class='ocrx_word' id='word_1_877' title='bbox 2605 4897 2970 4966; x_wconf 87' lang='lat' dir='ltr'><strong>respiciebat,</strong></span> <span class='ocrx_word' id='word_1_878' title='bbox 2999 4896 3291 4949; x_wconf 89' lang='lat' dir='ltr'><strong>oriebatur</strong></span> <span class='ocrx_word' id='word_1_879' title='bbox 3319 4912 3351 4948; x_wconf 93' lang='lat' dir='ltr'><strong>a</strong></span> <span class='ocrx_word' id='word_1_880' title='bbox 3383 4898 3678 4949; x_wconf 87' lang='lat' dir='ltr'><strong>voluntate</strong></span> <span class='ocrx_word' id='word_1_881' title='bbox 3709 4912 3839 4949; x_wconf 87' lang='lat' dir='ltr'><strong>con-</strong></span> 
     </span>
    </p>
   </div>
   <div class='ocr_carea' id='block_1_113' title="bbox 2149 4966 3838 5037">
    <p class='ocr_par' dir='ltr' id='par_1_113' title="bbox 2149 4966 3838 5037">
     <span class='ocr_line' id='line_1_113' title="bbox 2149 4966 3838 5037; baseline -0.001 -17"><span class='ocrx_word' id='word_1_882' title='bbox 2149 4967 2426 5020; x_wconf 87' lang='lat' dir='ltr'><strong>ditionata</strong></span> <span class='ocrx_word' id='word_1_883' title='bbox 2459 4972 2512 5020; x_wconf 93' lang='lat' dir='ltr'><strong>et</strong></span> <span class='ocrx_word' id='word_1_884' title='bbox 2544 4968 2923 5033; x_wconf 89' lang='lat' dir='ltr'><strong>antecedenti,</strong></span> <span class='ocrx_word' id='word_1_885' title='bbox 2957 4967 3109 5037; x_wconf 91' lang='lat' dir='ltr'><strong>quod</strong></span> <span class='ocrx_word' id='word_1_886' title='bbox 3141 4966 3355 5019; x_wconf 88' lang='lat' dir='ltr'><strong>scilicet</strong></span> <span class='ocrx_word' id='word_1_887' title='bbox 3375 4967 3499 5036; x_wconf 90' lang='lat' dir='ltr'><strong>ejus</strong></span> <span class='ocrx_word' id='word_1_888' title='bbox 3534 4966 3838 5020; x_wconf 86' lang='lat' dir='ltr'><strong>elﬁcaciam</strong></span> 
     </span>
    </p>
   </div>
   <div class='ocr_carea' id='block_1_114' title="bbox 2151 5037 3837 5108">
    <p class='ocr_par' dir='ltr' id='par_1_114' title="bbox 2151 5037 3837 5108">
     <span class='ocr_line' id='line_1_114' title="bbox 2151 5037 3837 5108; baseline -0.002 -18"><span class='ocrx_word' id='word_1_889' title='bbox 2151 5039 2321 5091; x_wconf 90' lang='lat' dir='ltr'><strong>vellet</strong></span> <span class='ocrx_word' id='word_1_890' title='bbox 2345 5055 2442 5091; x_wconf 89' lang='lat' dir='ltr'><strong>eos</strong></span> <span class='ocrx_word' id='word_1_891' title='bbox 2478 5038 2742 5108; x_wconf 86' lang='lat' dir='ltr'><strong>experiri,</strong></span> <span class='ocrx_word' id='word_1_892' title='bbox 2781 5038 3094 5092; x_wconf 91' lang='lat' dir='ltr'><strong>dummodo</strong></span> <span class='ocrx_word' id='word_1_893' title='bbox 3127 5038 3195 5091; x_wconf 89' lang='lat' dir='ltr'><strong>ab</strong></span> <span class='ocrx_word' id='word_1_894' title='bbox 3228 5037 3635 5090; x_wconf 85' lang='lat' dir='ltr'><strong>obﬁrmatione</strong></span> <span class='ocrx_word' id='word_1_895' title='bbox 3666 5053 3837 5090; x_wconf 84' lang='lat' dir='ltr'><strong>cessa-</strong></span> 
     </span>
    </p>
   </div>
   <div class='ocr_carea' id='block_1_115' title="bbox 2150 5108 3836 5177">
    <p class='ocr_par' dir='ltr' id='par_1_115' title="bbox 2150 5108 3836 5177">
     <span class='ocr_line' id='line_1_115' title="bbox 2150 5108 3836 5177; baseline -0.001 -16"><span class='ocrx_word' id='word_1_896' title='bbox 2150 5113 2297 5177; x_wconf 90' lang='lat' dir='ltr'><strong>rent,</strong></span> <span class='ocrx_word' id='word_1_897' title='bbox 2333 5115 2392 5161; x_wconf 90' lang='lat' dir='ltr'><strong>ut</strong></span> <span class='ocrx_word' id='word_1_898' title='bbox 2418 5125 2551 5161; x_wconf 85' lang='lat' dir='ltr'><strong>vero</strong></span> <span class='ocrx_word' id='word_1_899' title='bbox 2583 5109 2790 5161; x_wconf 87' lang='lat' dir='ltr'><strong>electos</strong></span> <span class='ocrx_word' id='word_1_900' title='bbox 2815 5114 2870 5162; x_wconf 89' lang='lat' dir='ltr'><strong>et</strong></span> <span class='ocrx_word' id='word_1_901' title='bbox 2895 5109 3331 5174; x_wconf 89' lang='lat' dir='ltr'><strong>convertendos,</strong></span> <span class='ocrx_word' id='word_1_902' title='bbox 3361 5125 3393 5160; x_wconf 92' lang='lat' dir='ltr'><strong>a</strong></span> <span class='ocrx_word' id='word_1_903' title='bbox 3424 5108 3725 5160; x_wconf 86' lang='lat' dir='ltr'><strong>voluntate</strong></span> <span class='ocrx_word' id='word_1_904' title='bbox 3751 5108 3836 5159; x_wconf 64' lang='lat' dir='ltr'><strong>ab«</strong></span> 
     </span>
    </p>
   </div>
   <div class='ocr_carea' id='block_1_116' title="bbox 2148 5179 3840 5241">
    <p class='ocr_par' dir='ltr' id='par_1_116' title="bbox 2148 5179 3840 5241">
     <span class='ocr_line' id='line_1_116' title="bbox 2148 5179 3840 5241; baseline -0.002 -10"><span class='ocrx_word' id='word_1_905' title='bbox 2148 5183 2355 5232; x_wconf 87' lang='lat' dir='ltr'><strong>soluta.</strong></span> <span class='ocrx_word' id='word_1_906' title='bbox 2412 5180 2834 5241; x_wconf 75' lang='lat' dir='ltr'><strong>Nisimalueris</strong></span> <span class='ocrx_word' id='word_1_907' title='bbox 2881 5179 3067 5232; x_wconf 86' lang='lat' dir='ltr'><strong>dicere</strong></span> <span class='ocrx_word' id='word_1_908' title='bbox 3117 5179 3438 5231; x_wconf 90' lang='lat' dir='ltr'><strong>orationem</strong></span> <span class='ocrx_word' id='word_1_909' title='bbox 3486 5179 3647 5231; x_wconf 88' lang='lat' dir='ltr'><strong>illam</strong></span> <span class='ocrx_word' id='word_1_910' title='bbox 3681 5179 3840 5232; x_wconf 87' lang='lat' dir='ltr'><strong>fuisse</strong></span> 
     </span>
    </p>
   </div>
   <div class='ocr_carea' id='block_1_117' title="bbox 2148 5248 3839 5320">
    <p class='ocr_par' dir='ltr' id='par_1_117' title="bbox 2148 5248 3839 5320">
     <span class='ocr_line' id='line_1_117' title="bbox 2148 5248 3839 5320; baseline -0.003 -17"><span class='ocrx_word' id='word_1_911' title='bbox 2148 5267 2251 5320; x_wconf 89' lang='lat' dir='ltr'><strong>pro</strong></span> <span class='ocrx_word' id='word_1_912' title='bbox 2283 5250 2551 5303; x_wconf 90' lang='lat' dir='ltr'><strong>omnibus</strong></span> <span class='ocrx_word' id='word_1_913' title='bbox 2597 5250 2934 5316; x_wconf 88' lang='lat' dir='ltr'><strong>absolutam,</strong></span> <span class='ocrx_word' id='word_1_914' title='bbox 2987 5252 3142 5317; x_wconf 87' lang='lat' dir='ltr'><strong>quia,</strong></span> <span class='ocrx_word' id='word_1_915' title='bbox 3194 5251 3325 5301; x_wconf 90' lang='lat' dir='ltr'><strong>licet</strong></span> <span class='ocrx_word' id='word_1_916' title='bbox 3357 5251 3424 5301; x_wconf 92' lang='lat' dir='ltr'><strong>de</strong></span> <span class='ocrx_word' id='word_1_917' title='bbox 3466 5248 3612 5320; x_wconf 86' lang='lat' dir='ltr'><strong>facto</strong></span> <span class='ocrx_word' id='word_1_918' title='bbox 3651 5264 3839 5320; x_wconf 86' lang='lat' dir='ltr'><strong>omnes</strong></span> 
     </span>
    </p>
   </div>
   <div class='ocr_carea' id='block_1_118' title="bbox 2148 5319 3840 5390">
    <p class='ocr_par' dir='ltr' id='par_1_118' title="bbox 2148 5319 3840 5390">
     <span class='ocr_line' id='line_1_118' title="bbox 2148 5319 3840 5390; baseline -0.002 -17"><span class='ocrx_word' id='word_1_919' title='bbox 2148 5319 2511 5390; x_wconf 77' lang='lat' dir='ltr'><strong>resipuerint,</strong></span> <span class='ocrx_word' id='word_1_920' title='bbox 2546 5321 2872 5374; x_wconf 85' lang='lat' dir='ltr'><strong>habuerunt</strong></span> <span class='ocrx_word' id='word_1_921' title='bbox 2914 5326 3107 5373; x_wconf 89' lang='lat' dir='ltr'><strong>tamen</strong></span> <span class='ocrx_word' id='word_1_922' title='bbox 3149 5320 3301 5373; x_wconf 87' lang='lat' dir='ltr'><strong>illius</strong></span> <span class='ocrx_word' id='word_1_923' title='bbox 3335 5319 3615 5372; x_wconf 73' lang='lat' dir='ltr'><strong>beneﬁcro</strong></span> <span class='ocrx_word' id='word_1_924' title='bbox 3660 5319 3840 5373; x_wconf 87' lang='lat' dir='ltr'><strong>media</strong></span> 
     </span>
    </p>
   </div>
   <div class='ocr_carea' id='block_1_119' title="bbox 2149 5390 3837 5456">
    <p class='ocr_par' dir='ltr' id='par_1_119' title="bbox 2149 5390 3837 5456">
     <span class='ocr_line' id='line_1_119' title="bbox 2149 5390 3837 5456; baseline -0.002 -12"><span class='ocrx_word' id='word_1_925' title='bbox 2149 5392 2217 5444; x_wconf 89' lang='lat' dir='ltr'><strong>ad</strong></span> <span class='ocrx_word' id='word_1_926' title='bbox 2252 5393 2491 5444; x_wconf 80' lang='lat' dir='ltr'><strong>salutem</strong></span> <span class='ocrx_word' id='word_1_927' title='bbox 2545 5392 2861 5444; x_wconf 84' lang='lat' dir='ltr'><strong>necessaria</strong></span> <span class='ocrx_word' id='word_1_928' title='bbox 2892 5397 2948 5443; x_wconf 90' lang='lat' dir='ltr'><strong>et</strong></span> <span class='ocrx_word' id='word_1_929' title='bbox 2980 5390 3340 5456; x_wconf 81' lang='lat' dir='ltr'><strong>sufficientia,</strong></span> <span class='ocrx_word' id='word_1_930' title='bbox 3387 5391 3537 5456; x_wconf 89' lang='lat' dir='ltr'><strong>quod</strong></span> <span class='ocrx_word' id='word_1_931' title='bbox 3582 5391 3651 5443; x_wconf 86' lang='lat' dir='ltr'><strong>ad</strong></span> <span class='ocrx_word' id='word_1_932' title='bbox 3685 5392 3837 5443; x_wconf 83' lang='lat' dir='ltr'><strong>abso-</strong></span> 
     </span>
    </p>
   </div>
   <div class='ocr_carea' id='block_1_120' title="bbox 2145 5461 3837 5531">
    <p class='ocr_par' dir='ltr' id='par_1_120' title="bbox 2145 5461 3837 5531">
     <span class='ocr_line' id='line_1_120' title="bbox 2145 5461 3837 5531; baseline -0.002 -16"><span class='ocrx_word' id='word_1_933' title='bbox 2145 5463 2323 5515; x_wconf 91' lang='lat' dir='ltr'><strong>lutam</strong></span> <span class='ocrx_word' id='word_1_934' title='bbox 2352 5468 2407 5515; x_wconf 88' lang='lat' dir='ltr'><strong>et</strong></span> <span class='ocrx_word' id='word_1_935' title='bbox 2437 5462 2723 5515; x_wconf 82' lang='lat' dir='ltr'><strong>efﬁcacem</strong></span> <span class='ocrx_word' id='word_1_936' title='bbox 2757 5462 3111 5516; x_wconf 90' lang='lat' dir='ltr'><strong>voluntatem</strong></span> <span class='ocrx_word' id='word_1_937' title='bbox 3158 5466 3243 5514; x_wconf 90' lang='lat' dir='ltr'><strong>sat</strong></span> <span class='ocrx_word' id='word_1_938' title='bbox 3272 5465 3375 5514; x_wconf 90' lang='lat' dir='ltr'><strong>est.</strong></span> <span class='ocrx_word' id='word_1_939' title='bbox 3407 5461 3553 5531; x_wconf 86' lang='lat' dir='ltr'><strong>Lege</strong></span> <span class='ocrx_word' id='word_1_940' title='bbox 3605 5461 3669 5514; x_wconf 89' lang='lat' dir='ltr'><strong>D.</strong></span> <span class='ocrx_word' id='word_1_941' title='bbox 3700 5461 3837 5514; x_wconf 86' lang='lat' dir='ltr'><strong>Tho-</strong></span> 
     </span>
    </p>
   </div>
   <div class='ocr_carea' id='block_1_121' title="bbox 2148 5532 3001 5603">
    <p class='ocr_par' dir='ltr' id='par_1_121' title="bbox 2148 5532 3001 5603">
     <span class='ocr_line' id='line_1_121' title="bbox 2148 5532 3001 5603; baseline 0 -17"><span class='ocrx_word' id='word_1_942' title='bbox 2148 5548 2323 5595; x_wconf 89' lang='lat' dir='ltr'><strong>mam,</strong></span> <span class='ocrx_word' id='word_1_943' title='bbox 2359 5533 2673 5603; x_wconf 77' lang='lat' dir='ltr'><strong>qmestione</strong></span> <span class='ocrx_word' id='word_1_944' title='bbox 2706 5535 2763 5586; x_wconf 76' lang='lat'><strong>21</strong></span> <span class='ocrx_word' id='word_1_945' title='bbox 2802 5532 3001 5601; x_wconf 88' lang='lat' dir='ltr'><strong>partis.</strong></span> 
     </span>
    </p>
   </div>
  </div>
