4108 6190
210 357 336 407 1021

205 490 527 562 suscepisse
560 493 745 557 docet,
782 508 885 562 pro
938 490 1206 544 omnibus
1252 512 1278 539 ‹‹
1310 507 1378 544 ex
1428 491 1724 561 impietate
1770 508 1905 546 con-
1946 494 2273 548 Afusurum
2306 495 2467 559 dixit,
2502 497 2600 566 qui
2632 498 2832 569 utique
2876 498 2937 550 in
2968 513 3072 551 suo
3113 513 3343 567 genere,
3380 518 3407 543 «

208 582 411 647 versis,
449 606 467 627 ν
497 587 555 634 et
580 581 637 633 iu
669 596 797 633 eum
827 580 1218 646 credentibus,
1254 581 1398 633 sicut
1426 580 1550 651 ipsa
1581 581 1701 651 ejus
1733 582 1905 636 verba

206 672 267 725 in
302 671 496 725 multis
528 670 839 733 declarant,
882 669 1275 738 accipiendum
1318 669 1406 722 sit.

881 792 1108 846 CAPUT
1149 794 1248 845 ΧΧ.

517 903 591 953 De
624 900 829 955 Christi
852 903 1021 952 morte
1048 914 1146 967 pro
1176 899 1305 952 solis
1334 898 1603 967 ﬁdelibus.

287 1026 415 1077 Haec
446 1023 711 1088 lideliter,
744 1028 797 1075 et
822 1022 1057 1075 omnino
1087 1022 1478 1075 indubitanter
1499 1026 1612 1075 tam
1634 1022 1702 1076 de
1730 1023 1911 1094 Scrip-

208 1114 355 1167 turis
408 1113 634 1178 sanctis,
683 1128 855 1182 quam
910 1112 979 1164 de
1044 1112 1340 1165 beatorum
1406 1113 1639 1165 Patrum
1688 1113 1911 1182 scriptis

208 1202 479 1271 legenda,
541 1206 597 1253 et
653 1201 1062 1253 consideranda
1123 1199 1526 1269 proposuimus
1584 1200 1642 1252 in
1703 1201 1911 1270 quibus

205 1292 505 1344 evidenter
529 1291 679 1343 idem
730 1290 1027 1343 reverendi
1059 1291 1251 1343 Patres
1284 1291 1510 1355 docent,
1546 1295 1600 1342 et
1632 1306 1697 1343 ex
1730 1289 1912 1359 ipsius

206 1380 461 1441 Domini,
489 1384 544 1432 et
576 1379 972 1449 Redemptoris
1012 1379 1195 1432 nostri
1227 1379 1592 1433 sermonibus
1640 1380 1910 1449 probant,

206 1468 369 1537 quod
402 1466 683 1536 pretiosus
715 1468 837 1535 ejus
871 1489 889 1513 ι
931 1466 1173 1536 Sanguis
1195 1484 1299 1536 pro
1322 1466 1520 1519 multis
1542 1466 1756 1520 eﬂ‘usus
1785 1468 1908 1520 sit»

205 1556 269 1609 in
313 1555 711 1608 remissionem
750 1561 1137 1623 peccatorum,
1173 1576 1192 1601 α
1249 1560 1304 1608 et
1355 1554 1578 1608 dederit
1628 1555 1750 1624 ipse
1784 1554 1908 1607 ani-

206 1660 365 1697 mam
422 1660 583 1696 suam
634 1642 1087 1713 redemptionem
1135 1658 1238 1711 pro
1302 1643 1496 1695 multis
1548 1643 1758 1711 (Matth.
1816 1660 1906 1708 xx,

206 1734 325 1801 28).
366 1756 385 1779 ο
425 1734 488 1785 Et
516 1748 630 1785 non
658 1748 790 1785 eum
821 1731 1029 1784 dixisse
1070 1746 1169 1799 pro
1210 1730 1473 1796 omnibus,
1509 1730 1607 1783 sed
1646 1747 1742 1798 pro
1775 1732 1911 1784 mul-

212 1824 307 1875 tis.
336 1822 420 1876 Ita
445 1820 778 1890 intelligunt
807 1824 863 1872 et
893 1823 1189 1888 exponunt
1215 1819 1369 1889 quod
1400 1834 1503 1888 pro
1533 1818 1620 1871 his
1654 1818 1751 1888 qui
1784 1834 1911 1872 ere-

212 1911 351 1965 dere
382 1909 687 1974 voluerint,
723 1908 982 1961 distincte
1023 1914 1076 1961 et
1108 1908 1473 1978 designanter
1514 1907 1911 1977 accipiendum

210 2000 307 2052 sit.
345 2000 413 2052 Et
443 1998 596 2068 quod
620 2014 818 2050 omnes
847 2013 949 2065 pro
972 1996 1181 2066 quibus
1206 2001 1466 2049 mortuus
1496 2001 1598 2063 est,
1631 2012 1760 2049 oves
1783 2013 1912 2049 suas

213 2087 348 2141 fecit
372 2104 385 2140 :
412 2087 562 2157 quod
591 2086 788 2153 utique
818 2085 1028 2154 impios
1058 2085 1116 2137 in
1157 2101 1259 2137 sua
1284 2084 1575 2154 impietate
1608 2089 1913 2155 pereuntes

212 2183 271 2231 et
303 2177 592 2244 perituros
622 2175 950 2227 nullatenus
982 2173 1148 2239 fecit;
1183 2173 1414 2243 [quibus
1447 2176 1610 2242 (Aug.
1645 2176 1701 2227 in
1729 2177 1911 2241 Joan.,

209 2270 380 2319 tract.
417 2265 506 2332 48)
544 2262 1045 2315 etiam'manifeste
1083 2262 1255 2315 dicit:
1290 2284 1311 2311 ε
1345 2262 1453 2315 Sed
1503 2279 1598 2315 vos
1639 2278 1756 2315 non
1784 2278 1912 2315 cre-

211 2352 347 2406 ditis
380 2352 516 2421 quia
550 2368 665 2404 non
697 2367 762 2404 ex
806 2350 1005 2403 ovibus
1036 2350 1179 2403 meis
1214 2350 1391 2418 (Joan.
1425 2367 1478 2416 x,
1512 2352 1624 2418 26).
1662 2371 1687 2402 ι)
1720 2352 1780 2404 Et
1810 2367 1913 2421 pro

211 2442 295 2494 eis
329 2441 428 2510 qui
460 2441 538 2493 ita
564 2439 804 2492 credunt
839 2439 1146 2492 Dominum
1179 2444 1445 2492 nostrum
1481 2455 1676 2491 verum
1711 2440 1908 2505 Deum,

213 2536 283 2583 ut
318 2534 528 2598 negent
568 2544 699 2581 eum
744 2543 846 2597 pro
901 2527 1082 2580 salute
1130 2532 1323 2580 nostra
1369 2543 1564 2579 verum
1616 2528 1911 2582 hominem

212 2618 451 2683 factum,
494 2618 692 2671 dicunt
736 2633 848 2669 non
881 2633 1000 2669 esse
1032 2621 1325 2669 mortuum
1362 2616 1552 2685 ipsum
1604 2617 1911 2670 Dominum

213 2707 507 2761 Christum
536 2723 549 2773 ;
588 2706 720 2776 quia
756 2706 955 2776 utique
981 2706 1293 2758 secundum
1327 2704 1622 2758 hominem
1655 2710 1912 2759 mortuus

212 2800 302 2849 est
335 2794 606 2849 Christus.
648 2794 851 2847 Dicunt
883 2793 1055 2846 etiam
1094 2794 1250 2863 quod
1300 2798 1435 2847 tunc
1483 2810 1585 2863 pro
1617 2811 1731 2847 uno
1763 2811 1912 2865 quo-

213 2900 331 2955 que
382 2882 589 2937 Christi
637 2882 839 2935 occisio
888 2882 1266 2953 intelligenda
1309 2883 1402 2949 'sit,
1445 2898 1575 2936 cum
1624 2883 1805 2935 credit
1853 2883 1911 2936 in

212 2972 488 3037 occisum,
527 2972 584 3024 id
616 2975 697 3026 est
726 2987 831 3040 per
870 2970 992 3040 ejus
1024 2976 1266 3024 mortem
1301 2987 1405 3024 sua
1450 2976 1679 3040 peccata
1720 2972 1913 3025 dimit-

1442 353 1644 409 LIBER
1686 353 1780 408 DE
1820 354 2070 410 TBIBUS
2110 357 2482 413 EPISTOLlS.

3576 362 3711 417 l022

3457 502 3512 550 et
3543 495 3712 550 multi

2016 588 2072 638 et
2102 600 2301 638 omnes
2333 590 2465 638 sunt
2508 586 2598 655 (II
2629 587 2746 641 Cor.
2781 603 2833 653 ν,
2878 586 2983 655 lli),
3021 607 3042 635 ι
3084 592 3234 639 recte
3284 585 3707 656 intelliguntur.

2016 673 2170 727 Sicut
2204 678 2255 727 et
2285 673 2426 727 illud
2460 674 2611 743 quod
2643 692 2666 725 α
2701 691 2899 728 omnes
2928 675 2984 727 in
3018 675 3239 730 Christo
3270 674 3711 727 vivificabuntur

2019 762 2075 831 (Ι
2101 765 2218 819 Cor.
2252 779 2344 827 xv,
2378 763 2486 831 22),
2527 786 2552 810 ››
2588 768 2645 816 et
2672 763 2823 832 quod
2867 785 2893 811 ‹‹
2923 780 3022 833 per
3068 764 3234 816 unius
3254 763 3501 816 hominis
3546 762 3711 832 justi-

2016 851 2152 904 tiam
2181 850 2237 903 in
2273 866 2473 903 omnes
2502 850 2766 903 homines
2792 851 2847 903 in
2875 852 3341 919 justiﬁcationem
3373 852 3499 905 vitae
3541 852 3708 921 (Rom.

2017 940 2327 1008 v,18,19),
2366 959 2392 989 »
2445 944 2502 992 et
2550 955 2667 992 non
2716 940 2949 992 confuse
2999 946 3054 992 et
3104 940 3365 1005 absurde,
3417 939 3590 991 etiam
3639 939 3708 992 de

2018 1028 2231 1098 impiis,
2265 1034 2321 1081 et
2346 1028 2699 1092 inﬁdelibus,
2732 1028 2829 1080 sed
2867 1028 2935 1081 de
2967 1027 3077 1079 illis
3108 1029 3343 1080 omnino
3382 1050 3407 1075 (ι
3455 1027 3649 1080 multis
3680 1048 3706 1076 »

2019 1117 2233 1170 dictum
2267 1117 2707 1185 intelligendum
2741 1121 2841 1178 est,
2893 1116 2961 1169 de
3002 1115 3208 1185 quibus
3241 1115 3535 1168 manifeste
3567 1115 3709 1169 dici—

2019 1208 2151 1257 tur:
2189 1226 2213 1252 ‹‹
2242 1204 2331 1259 Sic
2380 1209 2434 1256 et
2489 1219 2589 1274 per
2633 1203 3014 1257 obedientiam
3066 1203 3237 1255 unius
3283 1202 3535 1254 hominis
3569 1202 3709 1270 justi

2021 1292 2439 1346 constituentur
2468 1292 2653 1345 multi.
2690 1312 2716 1340 »
2752 1293 2817 1344 Et
2851 1292 2918 1345 de
2951 1291 3160 1361 quibus
3206 1290 3342 1343 alibi
3373 1291 3523 1342 idem
3561 1294 3711 1359 Apo-

2020 1381 2198 1434 stolus
2240 1380 2375 1433 dicit
2408 1381 2591 1434 verbis
2624 1380 2851 1435 Domini
2896 1378 3322 1432 evidentissime
3354 1392 3709 1431 consonans:

2024 1490 2051 1519 ‹‹
2085 1469 2175 1524 Sic
2210 1473 2263 1522 et
2296 1468 2552 1522 Christus
2585 1469 2761 1521 semel
2806 1468 3026 1520 oblatus
3057 1472 3141 1519 est
3170 1466 3239 1519 ad
3271 1466 3586 1518 multorum
3618 1480 3714 1517 ex-

2022 1557 2340 1610 haurieuda
2387 1561 2616 1626 peccata
2660 1556 2805 1621 (Heb.
2843 1571 2910 1615 ix,
2950 1554 3060 1623 28).
3097 1576 3123 1602 ››
3166 1555 3232 1607 Et
3283 1554 3433 1623 apud
3484 1553 3716 1605 beatum

2025 1644 2317 1700 Danielem
2352 1646 2689 1715 prophetam
2741 1644 2952 1713 legitur
2980 1660 2991 1696 :
3030 1665 3055 1690 ‹‹
3093 1644 3153 1695 Et
3186 1642 3348 1695 multi
3381 1642 3447 1695 de
3475 1640 3582 1702 his,
3616 1640 3717 1710 qui

2024 1735 2320 1788 dormiunt
2340 1734 2399 1787 in
2430 1740 2595 1786 terras
2614 1734 2870 1802 pulvere,
2895 1731 3247 1801 evigilabunt
3272 1734 3427 1799 (Dan.
3449 1746 3523 1795 x1,
3556 1730 3656 1797 19).
3685 1750 3712 1777 )›

2028 1825 2091 1877 Et
2109 1822 2263 1893 quod
2291 1828 2373 1875 est
2396 1821 2714 1874 mirabilius
2736 1821 2825 1873 isti
2843 1820 2953 1890 ipsi
2974 1820 3031 1872 in
3058 1837 3159 1873 suo
3183 1835 3390 1889 genere
3415 1833 3614 1870 omnes
3638 1821 3712 1883 et,

2021 1913 2079 1965 in
2111 1928 2212 1965 suo
2244 1927 2453 1981 genere
2469 1909 2679 1964 «multi
2699 1930 2725 1958 »
2745 1908 3315 1978 adcomparationem
3333 1904 3715 1959 multitudinis

2024 2000 2401 2070 reproborum
2418 1999 2686 2053 dicuntur
2700 2015 2731 2050 a
2746 1998 2989 2051 Domino
3004 1995 3192 2066 pauci,
3209 2012 3338 2047 cum
3362 1994 3479 2047 ait:
3507 2014 3533 2041 ‹‹
3557 1992 3715 2046 Multi

2021 2097 2212 2143 autem
2246 2094 2379 2141 sunt
2408 2087 2609 2152 vocati,
2635 2086 2800 2157 pauci
2832 2102 2962 2138 vero
2996 2084 3156 2138 electi
3181 2084 3400 2154 (Matth.
3426 2099 3516 2149 xx,
3547 2084 3655 2150 16).
3684 2100 3711 2132 »

2094 2178 2256 2243 Quod
2287 2178 2333 2230 si
2362 2176 2731 2229 inveniuntur
2762 2175 2938 2245 aliqui
2979 2176 3230 2239 Patrum,
3279 2172 3375 2242 qui
3406 2173 3575 2224 etiam
3611 2186 3713 2240 pro

2024 2267 2215 2337 impiis
2242 2267 2301 2319 in
2332 2282 2432 2319 sua
2457 2266 2752 2335 impietate
2785 2262 3175 2333 permansuris
3201 2261 3507 2315 Dominum
3532 2259 3714 2312 cruci-

2022 2358 2198 2410 ﬁxum
2232 2354 2527 2409 dicant:si
2588 2354 2693 2407 hoc
2744 2353 2953 2407 divinae
3020 2351 3327 2419 Scriptura:
3382 2347 3716 2401 certissimis

2023 2450 2079 2498 et
2108 2442 2434 2497 clarissimis
2466 2441 2825 2496 documentis
2866 2440 3145 2511 probant:
3196 2442 3367 2492 erunt
3414 2452 3547 2505 ergo
3594 2436 3713 2501 illa,

2023 2550 2148 2604 qua:
2180 2548 2247 2586 ex
2277 2531 2462 2585 verbis
2503 2530 2731 2584 Domini
2778 2530 2846 2583 de
2896 2529 2999 2582 hac
3046 2544 3105 2580 re
3139 2523 3717 2579 commemoravimus

2023 2622 2187 2675 aliter
2224 2619 2613 2688 intelligenda.
2653 2618 2812 2682 Quod
2846 2624 2930 2670 est
2956 2616 3191 2669 omnino
3226 2615 3457 2675 mirum,
3493 2613 3579 2666 vel
3612 2628 3715 2681 po-

2021 2710 2135 2764 tius
2189 2708 2523 2762 incredibile
2574 2723 2739 2777 posse
2786 2706 2930 2760 ﬁeri.
2974 2706 3030 2760 Si
3085 2711 3276 2758 autem
3332 2702 3543 2772 absque
3586 2700 3717 2754 ullis

2023 2797 2348 2867 Scripturaz,
2387 2800 2450 2849 ut
2477 2796 2691 2849 dictum
2725 2799 2825 2860 est,
2860 2810 2972 2846 non
3006 2792 3317 2861 ambiguis,
3355 2807 3481 2861 qua?
3512 2794 3565 2842 et
3612 2789 3719 2841 ali-

2022 2890 2108 2938 ter
2137 2884 2381 2953 intelligi
2412 2884 2650 2954 possint,
2701 2883 2795 2935 sed
2848 2882 3034 2943 certis,
3084 2881 3321 2933 omnino
3376 2876 3717 2931 testimoniis

2022 2976 2127 3028 hoc
2157 2973 2363 3027 dixisse
2402 2972 2791 3039 inveniuntur,
2841 2971 2973 3041 quia
3022 2985 3139 3022 non
3186 2969 3373 3020 videat
3428 2966 3717 3035 potiorem

220 3059 347 3131 titg]
382 3065 439 3113 et
469 3059 623 3129 quod
656 3060 837 3129 gratia
874 3059 1309 3125 incarnationis,
1346 3064 1399 3113 et
1444 3059 1617 3113 totius
1650 3060 1912 3130 redemp-
1954 3074 1993 3128 ί]
2024 3063 2176 3116 illam
2229 3078 2350 3115 esse
2399 3061 2818 3125 auctoritatem,
2869 3076 2995 3129 quae
3059 3064 3113 3112 et
3160 3062 3274 3109 tam
3329 3054 3583 3108 evidenti
3636 3069 3718 3106 ra-

214 3150 393 3203 tionis
426 3147 679 3217 ejusdem
723 3147 949 3201 Domini
993 3149 1126 3201 Jesu
1170 3147 1398 3214 Christi,
1447 3148 1523 3201 ita
1570 3149 1915 3218 generaliter

214 3237 514 3301 omnibus,
550 3236 647 3307 qui
703 3252 835 3289 eum
882 3241 1149 3290 naturam
1203 3243 1454 3289 nostram
1505 3236 1912 3307 suscipientem

214 3326 560 3395 receperint,
598 3332 654 3379 et
684 3341 750 3379 eo
791 3325 999 3395 spiritu
1038 3324 1252 3378 fuerint
1300 3326 1638 3394 regenerati,
1687 3343 1799 3395 quo
1831 3330 1915 3379 est

213 3417 315 3469 ille
351 3414 706 3485 progenitus,
742 3413 997 3483 praestita
1028 3414 1135 3467 sit:
1168 3419 1230 3466 ut
1260 3419 1452 3466 tamen
1482 3413 1711 3483 impios,
1745 3420 1800 3467 et
1832 3415 1915 3467 in-

212 3503 420 3557 ﬁdeles
466 3508 640 3555 tantae
690 3502 1093 3555 misericordias
1144 3518 1260 3554 suae
1301 3502 1596 3573 reliquerit
1643 3508 1909 3557 exsortes.

289 3591 510 3655 Quibus
550 3594 741 3643 autem
786 3590 895 3644 ista
928 3607 1043 3643 non
1074 3590 1383 3657 sufﬁciunt,
1426 3590 1521 3645 sed
1555 3592 1737 3661 magis
1781 3611 1802 3640 ι
1837 3592 1916 3645 ita

214 3679 568 3752 generaliter
597 3695 700 3749 pro
732 3679 1001 3732 omnibus
1026 3698 1054 3729 ι)
1088 3679 1376 3733 Christum
1429 3680 1732 3733 Dominum
1786 3696 1914 3749 pas-

214 3785 349 3822 sum
376 3774 431 3820 et
459 3773 752 3820 mortuum
786 3766 1133 3837 intelligunt,
1164 3771 1227 3820 ut
1274 3768 1532 3821 eamdem
1568 3768 1909 3836 passionem,

215 3863 274 3911 et
308 3861 553 3908 mortem
584 3872 746 3909 suam
779 3856 953 3909 etiam
999 3855 1194 3925 impiis
1244 3872 1540 3926 nunquam
1593 3857 1910 3923 creditoris,

215 3951 273 4001 et
328 3945 564 3998 omnino
606 3945 665 3998 in
710 3962 811 3998 sua
876 3944 1174 4015 impietate
1228 3944 1501 4014 perituris
1545 3946 1913 4017 impenderit,

216 4034 403 4107 quaeri
436 4034 506 4087 ab
539 4033 619 4087 eis
656 4034 860 4087 merito
903 4039 1107 4103 potest,
1157 4050 1285 4087 cum
1331 4034 1607 4088 Dominus
1636 4051 1694 4088 se
1737 4054 1764 4086 «
1811 4052 1916 4105 pro

215 4124 471 4177 multis»
499 4123 751 4176 animam
796 4138 960 4176 suam
1003 4124 1292 4190 daturum,
1341 4128 1395 4176 et
1428 4144 1454 4170 ‹‹
1508 4140 1611 4193 pro
1660 4125 1855 4178 multis
1886 4146 1913 4174 »

215 4213 565 4282 sanguinem
597 4228 764 4265 suum
795 4210 1206 4265 effundendum
1236 4210 1293 4262 in
1338 4212 1738 4266 remissionem
1785 4210 1920 4283 pec-5

214 4308 479 4355 catorum
505 4301 729 4366 dixerit,
764 4304 819 4353 et
850 4316 961 4352 non
1001 4315 1106 4369 pro
1140 4299 1440 4352 omnibus:
1480 4300 1576 4353 ubi
1608 4300 1655 4353 si
1688 4317 1919 4371 respon-

2023 3150 2178 3203 tione
2210 3155 2266 3203 et
2295 3155 2412 3202 tam
2440 3147 2741 3217 multiplici
2771 3147 3189 3216 Seripturarum
3227 3143 3587 3197 attestatione
3619 3142 3716 3194 ﬁr-

2024 3244 2231 3292 matur.
2263 3237 2318 3293 Si
2345 3243 2535 3291 autem
2578 3237 2779 3307 placet,
2831 3235 2975 3288 sicut
3014 3240 3070 3287 et
3117 3234 3281 3287 nobis
3313 3232 3560 3285 multum
3590 3230 3718 3299 pla—

2023 3334 2131 3393 cet,
2166 3331 2227 3380 ut
2266 3327 2437 3379 etiam
2471 3326 2711 3378 istorum
2747 3343 2773 3374 «
2802 3323 3085 3376 sententia
3119 3339 3183 3374 ex
3217 3322 3429 3392 pietate
3462 3319 3717 3382 veniens,

2022 3421 2259 3486 propter
2279 3430 2477 3484 pacem
2516 3418 2571 3467 et
2612 3411 2997 3465 venerabilem
3049 3411 3318 3481 pietatem
3356 3407 3719 3462 beatissimo-

2024 3520 2153 3558 rum
2184 3506 2413 3557 Patrum
2450 3519 2565 3555 nou
2599 3508 2896 3556 renuatur.
2938 3522 2963 3549 ››
2994 3500 3157 3554 Nulla
3187 3514 3325 3569 ergo
3351 3496 3719 3550 contentione

2025 3608 2129 3662 pro
2160 3592 2286 3645 aliis
2319 3592 2589 3644 adversus
2615 3591 2752 3643 alios
2784 3589 3078 3658 litigetur:
3117 3604 3233 3641 non
3272 3602 3390 3639 una
3436 3583 3721 3638 sententia

2026 3697 2130 3750 pro
2171 3681 2349 3733 altera
2397 3680 2720 3732 damnetur.
2773 3679 2838 3731 Et
2882 3678 3017 3748 quia
3065 3693 3193 3729 vere
3230 3675 3354 3728 fieri
3405 3679 3613 3744 potest,
3657 3678 3721 3726 ut

2026 3769 2410 3839 ignorantiam
2456 3772 2511 3821 et
2564 3766 2913 3837 imperitiam
2955 3772 3213 3819 nostram
3261 3765 3321 3817 in
3371 3765 3476 3815 hac
3528 3778 3585 3814 re
3619 3761 3718 3815 ali-

2028 3858 2164 3929 quid
2208 3859 2397 3924 lateat,
2431 3876 2458 3907 ‹‹
2504 3856 2645 3910 nihil
2695 3861 2911 3909 temere
2963 3854 3304 3920 deﬁniatur;
3358 3854 3416 3904 ut
3462 3848 3722 3919 quolibet

2027 3946 2348 4016 acquiescat
2380 3945 2570 4010 modo,
2593 3959 2709 3996 non
2742 3943 2814 3995 sit
2841 3941 3195 4008 haereticum,
3218 3938 3328 3992 nisi
3359 3936 3719 3991 contentione

2026 4036 2355 4089 haereticum
2394 4034 2512 4087 ﬁat.
2556 4052 2583 4084 »

2665 4119 2891 4174 CAPUT
2930 4119 3053 4171 XXI.

2028 4234 2102 4285 De
2147 4230 2313 4282 libero
2357 4229 2603 4283 arbitrio.
2655 4229 2818 4283 Nemo
2864 4228 2980 4280 sine
3020 4225 3120 4277 Dei
3171 4224 3355 4290 gratia
3387 4222 3552 4274 libero
3596 4219 3722 4271 bene

2100 4304 2184 4353 uti
2230 4306 2405 4370 potest
2461 4300 2713 4354 arbitrio.
2783 4329 2849 4336 —
2910 4300 2982 4351 De
3029 4296 3341 4349 necessitate
3397 4292 3724 4361 Redempto-

213 4391 431 4456 derint,
464 4390 599 4459 quia
624 4405 726 4441 nec
750 4388 903 4441 aliud
928 4388 1007 4441 eis
1033 4388 1497 4457 respondendum
1530 4395 1723 4453 restat,
1759 4390 1913 4459 quod
1956 4375 1999 4428 D
2100 4377 2197 4425 ηδε

214 4481 351 4534 ideo
382 4478 593 4531 dixerit
624 4497 651 4527 «
677 4493 781 4546 pro
814 4477 1009 4530 multis
1038 4498 1057 4523 ι
1095 4476 1230 4545 quia
1264 4492 1368 4545 pro
1397 4476 1528 4529 solis
1551 4476 1681 4542 illis,
1718 4478 1815 4547 qui
1846 4478 1915 4531 ad

215 4568 395 4623 ﬁdem
428 4565 673 4633 venturi,
707 4570 759 4618 et
782 4565 979 4618 ﬁdeles
1010 4564 1188 4617 futuri
1219 4570 1401 4632 erant,
1435 4570 1491 4618 et
1516 4565 1613 4618 illa
1634 4572 1915 4635 suscepta,

216 4662 279 4710 et
306 4654 591 4725 pretiosus
622 4654 855 4723 sanguis
882 4654 1041 4707 fusus
1071 4670 1191 4705 esse
1222 4653 1627 4723 intelligendus
1656 4654 1746 4707 sit.
1774 4656 1917 4724 Ergo

215 4744 599 4798 conﬁrmatur
646 4744 878 4795 Patrum
926 4742 1023 4795 illa
1089 4742 1388 4807 sententia,
1452 4756 1566 4813 qua
1616 4758 1720 4813 pro
1771 4743 1916 4796 mul-

215 4835 295 4886 tis
328 4832 540 4886 dictum
564 4847 669 4901 pro
709 4831 820 4883 illis
867 4831 1078 4884 scilicet
1121 4831 1221 4900 qui
1253 4831 1483 4884 credere
1513 4832 1799 4886 voluerint
1830 4835 1919 4886 in-

215 4918 615 4973 tellexerunt?
638 4919 704 4972 Et
734 4918 862 4972 ideo
897 4919 1247 4989 ubicumque
1277 4919 1335 4972 in
1368 4920 1571 4975 litteris
1593 4922 1921 4992 apostolicis

214 5008 457 5079 legitur,
486 5008 643 5077 quod
679 5027 705 5054 α
752 5006 905 5060 idem
956 5007 1233 5061 Dominus
1281 5008 1505 5063 dederit
1548 5012 1923 5081 semetipsum

212 5096 685 5166 redemptionem
717 5112 822 5165 pro
854 5096 1140 5163 omnibus,
1171 5101 1225 5150 et
1251 5099 1431 5168 gratia
1465 5100 1563 5153 Dei
1596 5117 1698 5169 pro
1730 5101 1919 5153 omni-

214 5188 328 5242 bus
351 5186 667 5255 gustaverit
695 5188 966 5249 mortem,
1002 5190 1057 5239 et
1085 5201 1189 5258 pro
1238 5186 1503 5240 omnibus
1547 5193 1809 5242 mortuus
1850 5189 1922 5242 sit

218 5279 278 5345 (I
304 5278 446 5330 Tim.
474 5292 532 5340 ll,
565 5279 595 5329 6
624 5294 639 5341 ;
665 5275 809 5331 Heb.
840 5292 896 5341 ιι,
917 5278 994 5345 9),
1026 5276 1151 5329 »1111
1175 5276 1461 5344 multipro
1485 5276 1689 5346 quibus
1726 5277 1920 5331 Domi-

219 5383 331 5420 nus
356 5372 413 5419 et
458 5366 713 5421 animam
775 5382 934 5420 suam
988 5381 1047 5419 se
1092 5366 1438 5434 positurum,
1486 5370 1539 5418 et
1582 5367 1921 5436 sanguinem

2098 4476 2345 4530 Additur
2390 4477 2575 4529 adhuc
2624 4476 2682 4528 in
2734 4474 2971 4546 prmfata
3020 4473 3260 4542 epistola
3308 4470 3508 4524 dixisse
3558 4467 3721 4522 illum

2030 4564 2419 4619 miserabilem
2465 4564 2832 4629 monachum,
2873 4584 2899 4611 «
2944 4562 3097 4631 quod
3149 4565 3453 4631 postquam
3500 4557 3724 4627 primus

2028 4654 2200 4708 homo
2232 4652 2413 4706 libero
2445 4651 2681 4705 arbitrio
2721 4650 2943 4716 cecidit,
2979 4665 3149 4703 nemo
3183 4655 3439 4702 nostrum
3475 4647 3544 4701 ad
3577 4647 3722 4701 bene
3773 4681 3782 4689 -

2031 4742 2341 4814 agendum,
2384 4741 2481 4795 sed
2514 4745 2737 4793 tantum
2766 4740 2835 4793 ad
2884 4740 3031 4793 male
3063 4738 3345 4809 agendum
3391 4738 3572 4791 libero
3614 4753 3718 4807 po-

2028 4837 2138 4887 test
2171 4831 2251 4884 uti
2280 4830 2517 4884 arbitrio
2546 4838 2589 4881 ⁸.
2624 4850 2651 4878 ››
2685 4829 2845 4893 Quod
2869 4834 2954 4882 est
2984 4829 3180 4898 utique
3200 4844 3313 4881 non
3332 4828 3513 4879 solum
3542 4826 3723 4878 mira-

2030 4922 2163 4987 bile,
2199 4925 2256 4974 et
2288 4919 2633 4983 inauditum,
2658 4919 2755 4972 sed
2780 4923 3059 4989 quantum
3086 4917 3247 4970 nobis
3279 4916 3518 4980 videtur,
3549 4915 3722 4967 etiam

2030 5008 2365 5064 incredibile
2399 5012 2462 5061 ut
2487 5007 2660 5061 homo
2700 5008 2851 5060 inter
2894 5007 3109 5071 ﬁdeles,
3143 5010 3197 5057 et
3226 5020 3258 5056 a
3307 5003 3571 5056 ﬁdelibus
3614 5019 3721 5055 nu-

2030 5100 2196 5152 tritus
2249 5102 2303 5151 et
2353 5097 2630 5159 eruditus,
2695 5101 2751 5150 et
2807 5096 2866 5149 in
2922 5092 3435 5149 ecclesiasticorum
3488 5093 3719 5144 Patrum

2030 5187 2273 5257 scriptis,
2302 5202 2416 5240 non
2450 5202 2651 5256 parum
2687 5185 3023 5239 exercitatus
3055 5183 3158 5236 hoc
3205 5181 3413 5242 dicere,
3457 5180 3540 5233 vel
3591 5194 3719 5231 sen-

2030 5278 2136 5330 tire
2183 5277 2466 5347 potuerit:
2502 5298 2529 5325 «
2580 5275 2734 5347 quod
2786 5278 2912 5345 post
2955 5273 3127 5343 primi
3175 5269 3421 5324 hominis
3472 5271 3716 5338 lapsum,

2031 5382 2202 5419 nemo
2236 5366 2405 5420 etiam
2440 5366 2693 5420 ﬁdelium
2727 5365 2795 5417 ad
2828 5365 2971 5417 bene
3011 5362 3298 5431 agendum
3331 5359 3509 5412 libero
3542 5356 3721 5428 possit

1288 5489 1486 5543 NOT/E
1529 5488 1851 5544 DUVALLII
1899 5489 2238 5545 DOCTORIS
2278 5489 2659 5546 SORBONICI.

295 5620 321 5644 ⁸
354 5610 485 5663 Haec
514 5608 801 5664 sententia
818 5624 883 5662 ex
914 5609 1201 5664 calumnia
1214 5610 1600 5665 Gotteschalco
1629 5609 1919 5681 imposita,
1953 5616 2016 5664 ut
2036 5627 2100 5664 ex
2124 5611 2248 5681 ipso
2272 5612 2575 5665 Hincmaro
2594 5610 2941 5681 probaturin
2965 5607 3378 5664 dissertationis
3398 5623 3521 5677 cap.
3547 5608 3634 5659 22.
