4048 6170
398 323 532 374 1023

393 556 565 611 quam
615 540 671 592 in
710 537 872 591 nobis
921 553 1039 589 non
1077 536 1151 589 sit
1192 534 1439 589 liberum
1489 536 1814 602 arbitrium,
1867 537 1979 589 nisi
2011 537 2082 590 ad

392 630 605 683 malum
637 643 649 679 :
685 626 755 678 ad
800 627 1015 678 bonum
1047 629 1240 678 autem
1292 625 1410 677 sola
1442 626 1500 677 in
1551 625 1716 678 nobis
1769 625 1867 679 Dei
1899 626 2084 695 gratia

391 718 605 785 absque
640 715 817 767 libero
844 713 1078 766 arbitrio
1112 718 1396 784 Operetur.
1439 713 1494 767 Si
1540 713 1692 767 enim
1725 713 1954 767 dixisset
1986 730 2081 784 ge-

391 804 660 859 neraliter
705 824 731 850 ‹‹
784 818 952 856 nemo
1002 802 1303 855 hominum
1358 824 1385 850 ››
1438 808 1493 855 et
1553 802 1863 855 addidisset
1890 824 1915 851 ‹‹
1962 803 2082 855 sine

390 893 490 948 Dei
524 893 727 963 gratia,
764 914 783 939 ι
828 897 883 944 et
932 891 1013 944 ita
1055 891 1451 961 subjungeret,
1503 913 1529 939 ‹‹
1578 892 1755 944 libero
1804 892 1946 945 bene
1998 891 2083 945 uti

390 986 575 1053 potest
600 980 859 1047 arbitrio,
894 1002 921 1028 ››
964 984 1109 1032 esset
1140 1000 1167 1029 (ι
1218 980 1527 1033 catholicus
1574 997 1792 1045 sensus,
1830 1002 1869 1038 υ,
1892 986 1947 1035 et
1990 998 2080 1034 ca-

389 1070 599 1125 tholica
631 1070 868 1123 omnino
911 1069 1167 1121 assertio.
1205 1068 1348 1122 Cum
1391 1074 1579 1121 autem
1632 1069 1839 1122 dixisse
1874 1086 2079 1140 argua-

388 1164 501 1225 tur,
534 1159 683 1228 quod
716 1174 885 1211 nemo
920 1162 1197 1224 nostrum,
1234 1158 1289 1211 id
1340 1163 1423 1211 est
1464 1158 1740 1223 ﬁdelium,
1790 1157 1903 1210 nisi
1951 1163 2077 1210 tan-

390 1248 690 1301 tummodo
730 1248 795 1299 ad
850 1247 995 1298 male
1030 1247 1338 1316 agendum,
1392 1246 1570 1300 libero
1601 1246 1682 1298 uti
1716 1245 1891 1315 possit
1921 1244 2078 1298 arbi-

388 1336 517 1402 trio,
568 1334 704 1405 quid
758 1334 911 1388 aliud
970 1335 1068 1388 tali
1123 1335 1295 1399 dicto,
1350 1340 1405 1388 et
1456 1334 1554 1388 tali
1616 1334 1880 1387 novitatis
1933 1350 2081 1403 prea-

389 1422 715 1491 sumptione
759 1422 1051 1487 asseritur,
1094 1421 1203 1474 nisi
1236 1422 1386 1491 quod
1432 1420 1703 1475 humanae.
1753 1421 1958 1473 mentis
1988 1436 2079 1473 ar-

387 1511 648 1575 bitrium,
710 1511 859 1580 quod
914 1516 1044 1563 ante
1116 1516 1411 1578 peccatum
1480 1510 1547 1562 ad
1609 1525 1805 1562 verum
1862 1510 2078 1563 bonum

386 1598 697 1651 amandum
731 1603 787 1651 et
815 1598 1252 1652 desiderandum
1302 1604 1359 1652 et
1402 1598 1709 1652 fruendum
1762 1603 1882 1651 erat
1930 1600 2078 1651 libe-

385 1702 551 1741 rum:
603 1685 685 1739 ita
729 1687 915 1756 primo
960 1687 1195 1741 homine
1243 1693 1512 1757 peccante
1566 1687 1826 1741 vitiatum
1882 1687 1973 1753 sit,
2024 1694 2077 1742 et

376 1772 642 1846 perierit,
696 1780 758 1828 ut
814 1775 1082 1846 deinceps
1142 1777 1544 1829 tantummodo
1602 1775 1673 1828 ad
1723 1777 1938 1829 malum
1986 1792 2076 1829 re-

383 1864 661 1917 manserit
684 1862 745 1917 in
783 1863 1017 1917 homine
1066 1864 1313 1917 liberum
1362 1864 1808 1930 arbitrium;ad
1857 1864 2074 1918 bonum

382 1968 516 2008 vero
548 1953 855 2023 agendum,
900 1953 1016 2006 sive
1060 1954 1387 2007 habendum
1440 1954 1663 2007 nullum
1713 1954 1785 2006 sit
1823 1954 2076 2007 hominis

382 2042 629 2096 liberum
659 2040 983 2107 arbitrium,
1009 2042 1102 2094 sed
1134 2046 1355 2095 tantum
1376 2042 1582 2095 divinae
1606 2040 1803 2111 gratia:
1832 2042 2069 2097 bonum.

380 2128 542 2192 Quod
575 2145 757 2198 genus
804 2130 1011 2182 erroris
1055 2145 1159 2183 nec
1209 2130 1359 2199 apud
1410 2130 1723 2197 haereticos,
1777 2146 1878 2183 nec
1923 2131 2073 2200 apud

381 2232 731 2287 quemquam
763 2217 1176 2271 catholicorum
1231 2235 1333 2271 nos
1379 2219 1729 2289 cognovisse,
1790 2220 1878 2271 vel
1910 2219 2069 2272 audi-

378 2309 523 2359 visse
549 2306 957 2373 meminimus;
990 2307 1067 2360 ita
1118 2311 1181 2360 ut
1229 2307 1402 2360 etiam
1446 2308 1515 2361 de
1566 2307 1674 2361 isto
1728 2308 1832 2361 hoc
1885 2306 2068 2371 nobis,

378 2398 444 2446 ut
464 2394 585 2461 jam
617 2395 886 2461 diximus,
918 2395 1252 2449 incredibile
1286 2395 1559 2449 videatur.

450 2482 607 2537 Sicut
658 2484 813 2536 enim
862 2499 1012 2537 unus
1073 2489 1241 2554 atque
1285 2484 1437 2537 idem
1488 2484 1658 2537 homo
1716 2488 1905 2553 potest
1951 2500 2070 2537 esse

377 2587 568 2639 sanus,
595 2575 651 2625 et
682 2588 751 2625 ex
785 2588 921 2625 sano
961 2572 1215 2642 qualibet
1259 2572 1703 2641 intemperantia
1736 2574 1883 2626 efﬁci
1914 2572 2071 2626 inﬁr-

377 2675 528 2723 mus,
564 2665 620 2713 et
665 2661 918 2714 remedio
961 2661 1197 2713 salutari
1247 2660 1456 2713 iterum
1498 2661 1623 2714 ﬁeri
1653 2677 1821 2713 sanus
1858 2677 1871 2725 ;
1910 2661 1989 2713 sic
2015 2666 2071 2714 et

377 2747 623 2801 liberum
655 2749 925 2802 humana;
964 2750 1175 2802 mentis
1214 2750 1517 2802 arbitrium
1559 2750 1712 2820 quod
1748 2749 1906 2819 prius
1949 2756 2071 2803 erat

378 2853 602 2903 sanum,
634 2837 845 2891 factum
868 2842 953 2890 est
981 2838 1169 2907 primo
1203 2838 1437 2891 homine
1460 2843 1725 2908 peccante
1747 2838 2063 2905 inﬁrmum,

376 2926 611 2995 etquod
637 2930 759 2979 erat
798 2926 1038 2991 salvum,
1079 2926 1292 2979 factum
1325 2931 1411 2979 est
1450 2926 1772 2995 perditum;
1825 2932 1881 2980 et
1912 2927 2065 2997 quod

1491 320 1546 371 S.
1592 317 1857 373 REMIGII
1900 316 2375 373 LUCDUNENSIS
2418 316 2735 372 EPISCOPI

394 451 480 505 uti
508 451 763 515 arbitrio,
797 450 895 503 sed
931 452 1155 502 tantum
1212 447 1282 501 ad
1330 448 1477 501 male
1526 448 1849 517 agendum:
1889 468 1910 495 ι
1947 452 2078 501 tan-
2117 450 2161 500 A
2193 447 2560 500 resuscitator
2618 452 2673 500 et
2729 446 3067 511 viviticetur,
3127 447 3223 518 qui
3281 448 3462 501 dicit:
3526 472 3545 495 ι

3772 320 3898 369 1024

3614 448 3898 511 Quoniam

2193 536 2283 588 hic
2318 536 2490 589 Filius
2519 551 2681 588 meus
2711 535 2898 589 fuerat
2927 540 2984 588 et
3011 535 3235 601 revixit,
3256 536 3514 605 perierat
3545 541 3604 589 et
3635 536 3899 589 inventus

2192 630 2278 678 est
2310 627 2454 693 (Luc.
2490 642 2576 691 xv,
2611 624 2720 692 24).
2757 644 2784 674 n
2825 625 2891 677 Et
2935 623 3045 677 nisi
3076 624 3137 677 in
3189 626 3288 677 illo
3332 625 3542 695 spiritu
3577 631 3895 694 vegetetur,

2191 712 2258 765 de
2305 729 2420 782 quo
2469 714 2605 766 dicit
2654 713 3001 781 Apostolus:
3040 736 3065 763 ‹‹
3118 714 3327 767 Littera
3378 714 3613 781 occidit,
3667 715 3897 784 spiritus

2190 808 2383 855 autem
2416 802 2662 855 viviﬁcat
2695 804 2772 870 (II
2806 803 2925 857 Cor.
2961 818 3043 867 ιιι,
3075 803 3150 871 6).
3194 822 3221 853 ››
3253 803 3343 857 Sic
3386 808 3517 856 sunt
3570 804 3813 865 mortui,
3847 811 3899 856 et

2191 890 2446 959 quotidie
2476 890 2859 957 viviticantur,
2894 891 2964 944 de
2995 891 3207 961 quibus
3237 892 3512 945 Dominus
3542 892 3604 945 in
3640 893 3898 962 Evange-

2190 977 2266 1030 lio
2308 978 2477 1031 dicit:
2528 997 2555 1027 ε(
2597 979 2763 1031 Venit
2796 978 2943 1032 hora
2978 986 3034 1033 et
3073 995 3226 1033 nunc
3268 985 3370 1047 est,
3407 981 3648 1050 quando
3684 982 3897 1033 mortui

2191 1066 2427 1119 audient
2465 1083 2662 1119 vocem
2722 1067 2849 1120 Filii
2906 1067 3024 1133 Dei,
3082 1072 3137 1120 et
3193 1069 3294 1138 qui
3355 1069 3651 1122 audierint
3708 1069 3898 1122 vivent

2191 1156 2370 1224 (Joan.
2398 1171 2449 1223 v,
2486 1158 2592 1222 23).
2630 1178 2655 1203 ››
2694 1158 2758 1210 Et
2786 1157 2997 1226 quibus
3035 1158 3341 1226 Apostolus
3377 1158 3611 1221 clamat,
3661 1158 3894 1211 dicens:

2191 1262 2215 1291 ι
2241 1244 2419 1314 Surge
2451 1244 2550 1314 qui
2580 1244 2815 1310 dormis,
2852 1250 2908 1298 et
2939 1261 3178 1315 exsurge
3206 1262 3239 1298 a
3268 1246 3532 1313 mortuis,
3578 1252 3641 1299 et
3682 1246 3894 1299 illumi-

2189 1332 2347 1386 nabit
2376 1333 2478 1386 tibi
2507 1333 2777 1386 Christus.
2809 1334 3028 1401 (Ephes.
3065 1350 3117 1401 v,
3154 1334 3261 1404 14).
3294 1356 3321 1382 ››

2258 1422 2369 1474 Nec
2421 1421 2627 1490 aliquis
2678 1421 3011 1488 insidiosus,
3080 1427 3136 1476 et
3191 1422 3587 1475 calumniosus
3645 1422 3892 1491 obiicere

2187 1509 2355 1562 nobis
2386 1514 2640 1575 conetur,
2678 1509 2834 1579 quod
2865 1510 2945 1562 ita
2981 1510 3235 1563 dicamus
3282 1511 3533 1563 liberum
3585 1510 3890 1562 arbitrium

2187 1614 2288 1668 per
2315 1602 2609 1667 peccatum
2645 1598 2819 1667 primi
2844 1598 3097 1652 hominis
3138 1599 3449 1667 perditum,
3487 1604 3543 1651 et
3569 1604 3887 1665 mortuum,

2187 1686 2349 1756 quasi
2382 1692 2645 1739 naturam
2692 1703 2853 1740 suam
2902 1687 2962 1740 in
3007 1704 3120 1757 qua
3168 1688 3506 1740 naturaliter
3541 1687 3728 1741 habet
3766 1686 3892 1739 insi-

2186 1779 2303 1828 tam
2330 1774 2495 1828 liberi
2533 1775 2754 1829 arbitrii
2793 1776 3147 1829 voluntatem
3194 1776 3513 1845 perdidisse
3554 1775 3889 1845 intelligen-

2185 1862 2290 1915 dus
2320 1862 2412 1916 sit.
2452 1864 2575 1917 Non
2602 1864 2756 1918 enim
2785 1865 3034 1934 perdidit
3080 1869 3366 1933 naturam,
3400 1864 3499 1918 sed
3532 1864 3762 1917 bonum
3795 1880 3889 1916 na-

2182 1954 2366 2005 turae:
2436 1967 2549 2004 non
2619 1952 2867 2022 perdidit
2940 1953 3105 2019 velle,
3173 1952 3270 2006 sed
3344 1951 3601 2022 perdidit
3676 1953 3889 2005 bonum

2182 2041 2355 2093 velle:
2401 2056 2502 2093 nec
2546 2040 2795 2109 perdidit
2830 2040 3023 2093 anima
3070 2046 3334 2094 naturam
3378 2056 3542 2093 suam
3594 2056 3735 2093 cum
3771 2056 3889 2091 mo-

2180 2128 2361 2182 ritur:
2397 2128 2457 2182 in
2490 2144 2605 2199 qua
2632 2128 2779 2183 sicut
2820 2145 3046 2198 semper
3091 2129 3300 2195 existit,
3352 2130 3433 2181 ita
3472 2134 3529 2182 et
3568 2128 3886 2181 secundum

2181 2218 2492 2287 quemdam
2523 2217 2757 2271 modum
2791 2234 2957 2270 suum
2992 2234 3219 2287 semper
3252 2218 3406 2271 vivit.
3442 2219 3508 2270 Et
3528 2222 3734 2270 tamen
3762 2234 3885 2270 vere

2180 2306 2441 2372 moritur,
2499 2322 2615 2359 non
2662 2306 2973 2359 abolitione
3016 2306 3372 2371 substantiae,
3424 2306 3521 2359 sed
3570 2306 3883 2359 amissione

2181 2408 2325 2447 verae
2353 2394 2481 2447 vitae
2522 2410 2658 2458 suae,
2697 2394 2849 2464 quod
2900 2394 2987 2447 illi
3030 2397 3177 2449 Deus
3218 2400 3319 2447 est.
3366 2396 3431 2447 Et
3467 2394 3603 2447 ideo
3648 2410 3882 2463 prorsus

2178 2479 2369 2550 ipsum
2401 2482 2645 2536 liberum
2677 2482 2929 2535 hominis
2968 2483 3270 2537 arbitrium
3308 2499 3539 2536 necesse
3583 2484 3769 2537 habet
3799 2500 3881 2536 re-

2178 2570 2505 2639 quirentem
2550 2576 2604 2624 et
2642 2570 3053 2637 invenientem,
3111 2576 3175 2625 ut
3228 2588 3295 2625 ex
3340 2572 3566 2641 perdito
3621 2572 3728 2624 ﬁat
3773 2573 3879 2625 sal-

2177 2674 2350 2712 vum:
2416 2675 2645 2712 necesse
2702 2660 2873 2713 habet
2930 2661 3317 2723 suscitantem,
3368 2665 3424 2714 et
3467 2660 3878 2723 vivificantem,

2178 2751 2241 2799 ut
2273 2762 2337 2799 ex
2372 2752 2597 2801 mortuo
2631 2748 2729 2800 ﬁat
2760 2747 2988 2801 vivum:
3026 2764 3253 2801 necesse
3298 2748 3471 2802 habet
3514 2749 3691 2801 etiam
3750 2749 3882 2801 redi-

2177 2841 2453 2901 mentem,
2491 2841 2557 2889 ut
2614 2836 2769 2905 quod
2816 2842 2937 2889 erat
2990 2837 3249 2890 servituti
3309 2837 3646 2902 obnoxium,
3703 2838 3882 2906 possit

2177 2923 2323 2976 efﬁci
2349 2923 2614 2977 liberum.
2650 2925 2775 2977 Erat
2807 2940 3054 2995 namque
3083 2925 3343 2979 servituti
3374 2925 3717 2985 obnoxium,
3751 2928 3881 2996 quia

376 3019 499 3067 erat
522 3014 732 3081 vivum,
764 3015 976 3067 factum
1017 3021 1102 3067 est
1138 3021 1448 3067 mortuum.
1496 3017 1635 3067 Vere
1674 3016 1827 3069 enim
1860 3032 2063 3069 sanum
2104 3040 2144 3094 ρ
2176 3017 2405 3081 peccato
2439 3013 2828 3083 subjugatum,
2864 3019 2918 3067 et
2952 3035 2973 3061 ε
3024 3014 3213 3067 omnis
3257 3014 3355 3084 qui
3398 3014 3532 3067 facit
3577 3021 3879 3083 peccatum

376 3105 497 3154 erat
523 3105 653 3155 ante
683 3108 975 3171 peccatum
1009 3103 1165 3155 nullo
1199 3104 1451 3172 peccanti
1478 3104 1749 3173 languore
1780 3104 2063 3167 vitiatum,

375 3194 427 3243 et
461 3206 563 3259 per
590 3190 780 3260 ipsum
837 3196 1133 3261 peccatum
1188 3192 1399 3245 factum
1442 3198 1522 3244 est
1574 3193 1948 3257 intirmatum,
2005 3196 2068 3245 ut

372 3279 649 3333 veraciter
701 3280 908 3333 clamet
964 3286 1020 3332 at
1072 3280 1278 3333 Deum:
1334 3302 1360 3327 «
1424 3280 1540 3349 Ego
1598 3280 1740 3333 dixi:
1805 3281 2063 3346 Domine,

374 3368 647 3422 miserere
708 3368 840 3434 mei,
895 3384 1031 3420 sana
1088 3368 1340 3421 animam
1402 3384 1606 3431 meam,
1660 3369 1794 3439 quia
1841 3368 2067 3438 peccavi

374 3456 479 3510 tibi
510 3456 674 3524 (Psal.
709 3472 795 3510 XL.
830 3456 901 3522 ὅ).
942 3476 969 3507 »
995 3457 1220 3509 Etcum
1251 3473 1354 3526 per
1395 3473 1592 3510 verum
1640 3458 1922 3511 medicum
1972 3474 2065 3510 sa-

376 3549 563 3609 natur,
600 3544 915 3612 gratulans,
947 3550 1004 3597 et
1032 3544 1283 3613 gratiosa
1340 3560 1479 3613 gens
1528 3545 1696 3599 dicit:
1747 3566 1772 3597 «
1826 3546 2065 3599 Domine

376 3633 523 3684 Deus
550 3636 765 3697 noster,
798 3632 1039 3685 clamavi
1068 3632 1137 3686 ad
1167 3638 1221 3686 te
1255 3639 1310 3686 et
1339 3634 1549 3687 sanasti
1582 3650 1672 3687 me
1698 3636 1871 3702 (Psal.
1912 3651 2061 3701 xx1x,

375 3722 447 3791 3).
500 3742 526 3768 ››
577 3722 718 3774 Vere
757 3726 879 3775 erat
928 3723 1171 3783 salvum,
1222 3723 1374 3794 quod
1422 3724 1579 3777 nulla
1628 3724 1866 3777 interius
1914 3727 2066 3779 mala

373 3810 687 3877 voluntate,
738 3811 897 3864 nulla
938 3812 1186 3865 exterius
1228 3813 1376 3866 mala
1415 3813 1747 3883 operatione
1805 3820 1925 3867 erat
1964 3814 2063 3868 de-

370 3905 687 3969 pravatum,
750 3899 864 3954 sive
939 3906 1322 3971 corruptum:
1388 3908 1444 3955 et
1514 3918 1639 3955 vere
1706 3902 1918 3956 factum
1981 3908 2066 3957 est

369 3988 678 4058 perditum,
732 4004 861 4042 cum
920 3991 1071 4044 mala
1132 3991 1423 4043 voluntate
1474 3991 1650 4044 Deum
1697 3992 1966 4058 deseruit,
2008 3996 2065 4045 et

371 4077 681 4131 deserendo
710 4077 950 4145 bonum,
986 4079 1134 4148 quod
1174 4080 1440 4143 habebat,
1475 4080 1686 4132 amisit.
1724 4081 1883 4134 Unde
1916 4081 2064 4134 hanc

368 4164 750 4235 perditionem
783 4165 841 4218 in
879 4183 938 4219 se
983 4183 1417 4237 recognoscens,
1471 4170 1643 4237 atque
1694 4168 1765 4221 ab
1812 4185 1878 4221 ea
1919 4169 2063 4222 libe-

368 4253 486 4306 rari
517 4253 752 4321 cupiens
785 4253 1125 4323 ingemiscit,
1169 4260 1224 4307 et
1254 4254 1391 4307 dicit
1421 4271 1431 4307 :
1466 4276 1491 4302 ‹‹
1542 4256 1731 4308 Erravi
1768 4255 1912 4309 sicut
1944 4258 2062 4310 ovis

370 4356 497 4409 quas
545 4340 751 4408 periit:
807 4341 1034 4410 require
1078 4358 1301 4395 servum
1361 4348 1543 4409 tuum,
1598 4343 1734 4413 quia
1791 4346 2060 4400 mandata

370 4432 469 4481 tua
497 4444 615 4481 non
647 4444 773 4481 sum
820 4428 1030 4482 oblitus
1062 4431 1227 4500 (Psal.
1282 4447 1472 4498 cxvm,
1528 4432 1664 4501 1⁸76).
1700 4454 1725 4481 ››
1782 4434 1844 4486 Et
1874 4436 2059 4504 quoti-

369 4516 460 4571 die
491 4516 874 4570 necessarium
903 4516 1071 4571 habet
1097 4533 1474 4589 quaarentem,
1524 4527 1697 4591 atque
1748 4523 2059 4578 salvantem

367 4604 552 4669 illum,
590 4605 690 4675 qui
716 4606 882 4659 dicit:
921 4628 947 4655 ‹‹
997 4608 1163 4661 Venit
1212 4608 1365 4661 enim
1409 4609 1582 4662 Filius
1628 4609 1875 4663 hominis
1903 4628 2059 4681 quae-

366 4710 513 4760 rere,
574 4700 629 4748 et
686 4695 902 4749 salvum
961 4697 1164 4760 facere,
1228 4699 1381 4768 quod
1436 4699 1682 4768 perierat
1735 4701 1884 4764 (Luc.
1944 4717 2056 4767 xxx,

372 4782 479 4850 10).
516 4806 535 4831 ι
574 4785 706 4838 Erat
755 4783 930 4838 etiam
980 4785 1193 4851 vivum,
1247 4787 1380 4856 quia
1433 4787 1761 4841 adhaarebat
1816 4788 1918 4851 illi,
1966 4789 2059 4843 cui

368 4872 647 4927 dicimus:
677 4895 703 4922 «
737 4874 1020 4938 Quoniam
1048 4875 1195 4944 apud
1252 4882 1301 4927 te
1334 4880 1416 4928 est
1447 4877 1571 4929 fons
1602 4876 1751 4942 vita},
1795 4880 1851 4929 et
1880 4876 1938 4929 in
1968 4878 2057 4931 lu-

366 4960 523 5015 mine
552 4966 649 5015 tuo
686 4962 1007 5016 videbimus
1040 4963 1229 5015 lumen
1265 4965 1430 5031 (Psal.
1466 4981 1624 5030 xxxv,
1664 4966 1766 5032 10),
1800 4988 1826 5013 ››
1864 4965 2058 5018 vivens

368 5047 427 5102 in
458 5049 578 5114 illo,
613 5055 669 5104 et
693 5067 795 5121 per
839 5052 1026 5115 illum,
1072 5050 1143 5104 de
1174 5068 1286 5120 quo
1318 5052 1376 5105 in
1430 5054 1736 5124 Evangelio
1782 5054 2056 5124 scriptum

369 5141 481 5190 est:
516 5156 542 5188 «
581 5139 644 5191 Et
683 5139 797 5192 vita
839 5144 962 5193 erat
1008 5140 1098 5193 lux
1131 5138 1431 5193 hominum
1470 5140 1644 5209 (Joan.
1689 5159 1725 5209 ι,
1772 5142 1847 5211 4).
1891 5164 1918 5192 ››
1950 5143 2056 5197 Sed

366 5224 511 5279 hanc
558 5226 753 5293 vitam,
812 5232 985 5297 atque
1058 5227 1208 5280 hunc
1272 5226 1489 5281 fontem
1562 5229 1691 5283 vitae
1748 5230 2056 5285 deserendo

368 5310 577 5365 factum
646 5317 729 5365 est
793 5330 825 5366 a
891 5314 1003 5367 vita
1070 5315 1171 5369 Dei
1234 5316 1547 5370 alienatum
1616 5322 1671 5370 et
1722 5323 2050 5372 mortuum:

372 5416 399 5445 α
431 5398 575 5460 Quia
613 5401 803 5454 anima
839 5419 969 5472 quas
1008 5405 1326 5473 peccaverit
1368 5405 1490 5475 ipsa
1532 5406 1808 5459 morietur
1840 5408 2052 5472 (Ezech.

370 5500 522 5546 xvm,
554 5488 627 5555 4).
661 5511 687 5537 ››
704 5491 816 5543 Nec
846 5491 1015 5543 habet
1043 5491 1098 5543 in
1124 5508 1181 5543 se
1201 5498 1256 5544 et
1279 5510 1343 5545 ex
1369 5511 1426 5544 se
1452 5493 1633 5546 ullum
1654 5509 1881 5546 sensum
1906 5494 2055 5547 vita-

365 5573 477 5626 lem
527 5580 583 5629 et
642 5576 708 5629 ad
769 5594 957 5633 veram
1011 5580 1183 5634 vitam
1243 5581 1543 5648 nitentem,
1601 5581 1709 5635 nisi
1768 5598 1869 5652 per
1920 5598 2053 5636 eum

2175 3117 2371 3154 servus
2399 3107 2482 3154 est
2509 3102 2723 3170 peccati
2763 3103 2939 3171 (Joan.
2989 3117 3105 3168 vui,
3144 3104 3230 3169 34,
3279 3104 3387 3170 36).
3425 3124 3450 3149 ››
3502 3106 3547 3155 Α
3597 3119 3717 3172 qua
3770 3120 3875 3155 ser-

2173 3190 2352 3243 vitute
2396 3191 2461 3243 ﬁt
2509 3190 2751 3244 liberum
2787 3207 2892 3260 per
2932 3207 3063 3244 eum
3104 3192 3202 3261 qui
3241 3192 3417 3244 dixit:
3456 3192 3513 3245 Si
3557 3208 3663 3244 vos
3709 3192 3875 3245 Filius

2173 3278 2521 3344 liberaverit,
2564 3283 2699 3331 tunc
2746 3295 2875 3332 vere
2932 3279 3095 3332 liberi
3154 3280 3335 3333 eritis.
3373 3280 3437 3332 Et
3493 3296 3601 3348 per
3662 3280 3876 3333 donum

2173 3366 2418 3436 Spiritus
2472 3366 2672 3431 sancti,
2730 3368 2799 3420 de
2853 3384 2966 3436 quo
3002 3368 3306 3436 Apostolus
3362 3367 3529 3421 aitza
3588 3369 3700 3421 Ubi
3758 3370 3873 3439 Spi-

2173 3456 2317 3507 ritus
2367 3454 2619 3523 Domini,
2663 3455 2745 3508 ibi
2782 3455 3011 3509 libertas
3051 3456 3122 3525 (ιι
3169 3456 3286 3511 Cor.
3324 3473 3403 3521 ιιι,
3460 3458 3567 3523 17).
3614 3478 3640 3504 s
3683 3457 3871 3510 Perdi-

2174 3541 2331 3595 derat
2346 3542 2539 3612 itaque
2564 3543 2734 3596 homo
2758 3559 2862 3613 per
2885 3544 3085 3611 prima:
3108 3543 3597 3613 praevaricationis
3630 3545 3869 3614 lapsum,

2173 3634 2229 3684 et
2258 3630 2317 3683 in
2350 3646 2417 3683 eo
2441 3646 2611 3684 omne
2643 3648 2822 3701 genus
2854 3632 3194 3698 humanum,
3223 3648 3414 3685 veram
3446 3632 3676 3686 arbitrii
3707 3634 3870 3685 liber-

2172 3722 2368 3785 tatem,
2402 3735 2513 3789 qua
2565 3725 2729 3772 antea
2776 3720 3022 3773 liberum
3079 3725 3201 3773 erat
3230 3720 3318 3783 ad
3367 3721 3764 3789 appetendum
3822 3726 3871 3774 et

2172 3806 2499 3860 habendum
2542 3824 2738 3860 verum
2770 3813 2825 3861 et
2868 3808 3149 3875 divinum,
3192 3813 3246 3862 et
3300 3815 3585 3863 aeternum
3632 3811 3865 3863 bonum.

2173 3894 2283 3947 Nec
2314 3894 2459 3947 hanc
2511 3895 2731 3948 felicem
2791 3902 2847 3950 et
2897 3912 3089 3950 veram
3150 3901 3312 3950 bonae
3352 3899 3672 3951 voluntatis
3708 3899 3867 3952 liber-

2170 3986 2347 4035 tatem
2380 3984 2496 4037 ullo
2539 3984 2707 4037 modo
2736 3984 2887 4037 valet
2918 3986 3190 4056 recipere,
3227 3986 3335 4039 nisi
3379 4002 3481 4056 per
3527 3987 3869 4058 redemptio-

2170 4086 2304 4124 nem
2344 4071 2555 4126 Christi
2609 4074 2709 4126 fiat
2766 4073 3033 4140 liberum,
3085 4080 3139 4127 et
3190 4091 3292 4145 per
3345 4074 3592 4145 gratiam
3629 4076 3868 4146 Spiritus

2170 4160 2369 4223 sancti,
2405 4160 2473 4214 de
2517 4161 2787 4216 servitute
2839 4163 3080 4232 peccati,
3140 4164 3198 4216 in
3256 4163 3584 4217 libertatem
3632 4166 3865 4235 justitiie

2171 4250 2565 4303 transferatur.

2796 4341 3023 4395 CAPUT
3065 4342 3228 4396 XXII.

2170 4426 2419 4480 Liberum
2468 4427 2779 4494 arbitrium,
2830 4429 2891 4481 id
2934 4435 3009 4484 est
3059 4437 3207 4484 recta
3244 4431 3516 4495 voluntas,
3573 4437 3864 4486 renovatur

2445 4498 2511 4551 de
2536 4498 2624 4551 die
2644 4501 2701 4551 in
2726 4500 2885 4553 diem.
2914 4504 2985 4554 De
3006 4502 3255 4569 operibus
3288 4502 3615 4569 inﬁdelium.

2243 4605 2367 4657 Haec
2396 4609 2480 4657 est
2500 4620 2637 4674 ergo
2667 4606 2992 4673 inﬁrmitas,
3027 4613 3083 4661 et
3118 4608 3383 4677 perditio,
3427 4614 3484 4662 et
3518 4625 3678 4662 mors
3704 4610 3857 4663 liberi

2170 4693 2391 4746 arbitrii
2427 4710 2530 4763 per
2555 4710 2735 4748 unum
2779 4696 3078 4750 hominem
3125 4697 3381 4767 ingressa
3438 4697 3496 4749 in
3558 4699 3856 4762 mundum,

2170 4798 2283 4851 qua
2309 4798 2413 4852 per
2444 4798 2501 4835 se
2536 4784 2863 4837 nullatenus
2894 4786 3044 4838 valet
3098 4801 3395 4855 assurgere
3449 4786 3523 4839 ad
3575 4802 3778 4839 verum
3809 4792 3858 4838 et

2169 4877 2473 4940 aeternum,
2505 4876 2561 4925 et
2592 4872 2922 4927 beatiﬁcum
2970 4873 3211 4941 bonum,
3256 4875 3364 4927 nisi
3407 4891 3509 4945 per
3548 4876 3855 4929 secundum

2168 4959 2465 5014 hominem
2516 4961 2691 5015 fuerit
2751 4968 3013 5016 sanatum
3056 4962 3379 5029 inventum,
3425 4964 3775 5018 viviﬁcatum
3808 4967 3858 5016 et

2167 5050 2560 5120 redemptum.
2612 5051 2865 5121 Idipsum
2917 5068 3168 5123 namque
3210 5053 3453 5107 liberum
3498 5054 3755 5109 hominis
3786 5070 3857 5108 ar-

2168 5138 2424 5205 bitrium,
2462 5140 2519 5194 id
2550 5145 2633 5195 est
2678 5142 2801 5212 ipsa
2856 5142 3123 5195 humana:
3158 5142 3364 5196 mentis
3402 5142 3573 5208 bona,
3626 5149 3683 5198 et
3713 5151 3857 5197 recta

2167 5229 2445 5296 voluntas,
2490 5246 2619 5283 cum
2668 5246 2781 5300 qua
2812 5230 2983 5285 homo
3037 5231 3224 5285 bonus
3278 5236 3333 5284 et
3368 5238 3558 5286 rectus
3604 5234 3855 5287 conditus

2165 5317 2368 5383 fuerat,
2406 5324 2462 5371 et
2493 5320 2607 5373 Deo
2662 5320 2985 5374 obediendo
3018 5327 3151 5373 ante
3189 5327 3487 5391 peccatum
3521 5336 3855 5389 persevera-

2164 5406 2263 5460 bat
2292 5407 2462 5472 bona,
2497 5414 2554 5461 et
2578 5410 2754 5461 Deum
2787 5410 3209 5463 contemnendo
3243 5425 3345 5478 per
3376 5415 3676 5479 peccatum
3718 5410 3854 5463 facta

2166 5500 2251 5548 est
2283 5496 2435 5548 mala
2468 5512 2480 5548 :
2522 5502 2576 5549 et
2616 5513 2719 5566 per
2748 5497 3173 5566 justiﬁcationis
3222 5498 3430 5551 Christi
3475 5499 3746 5567 gratiam,
3787 5498 3851 5551 ad

2167 5585 2343 5638 Deum
2391 5584 2795 5655 resipisceudo,
2831 5591 2887 5639 et
2926 5586 3200 5641 rediendo
3242 5586 3488 5640 efﬁcitur
3528 5587 3707 5640 bona:
3736 5586 3851 5656 ipsa
