4108 6190
208 237 345 289 1025

202 378 328 427 erat
360 380 487 427 ante
536 379 830 444 peccatum
862 373 1062 439 libera,
1103 373 1227 444 ipsa
1265 374 1410 429 facta
1442 381 1524 430 est
1571 393 1676 447 per
1704 394 1902 448 pecca-
1940 386 1985 436 A

198 466 326 515 tum
381 462 640 516 servituti
704 462 973 531 obnoxia,
1044 462 1169 532 ipsa
1222 462 1286 517 ﬁt
1339 481 1443 534 per
1496 466 1905 533 justiﬁcantem

201 550 449 620 gratiam
480 551 737 619 liberata,
773 556 829 604 et
858 556 1164 605 renovatur
1192 552 1260 606 de
1289 554 1378 606 die
1409 553 1470 606 in
1493 555 1665 621 diem,
1702 572 1908 625 usque—

198 639 339 692 dum
374 639 445 692 ad
476 639 787 708 perfectam
822 639 1142 693 libertatem
1174 640 1303 694 vita:
1343 646 1573 694 aeternae
1605 658 1708 712 per
1756 660 1906 697 eam-

196 726 330 780 dem
365 727 609 797 gratiam
640 727 1005 797 perducatur.
1062 729 1143 781 Ita
1193 729 1442 783 liberum
1487 730 1787 784 arbitrium
1834 734 1904 786 ad

195 831 399 869 verum
450 816 688 881 bonum,
730 820 787 869 et
839 833 942 886 per
987 818 1169 870 Adam
1229 818 1559 889 agnoscitur
1610 820 1904 876 verissime

191 904 510 972 perditum,
563 908 619 957 et
669 919 771 974 per
814 904 1104 959 Christum
1153 906 1446 961 verissime
1496 912 1897 964 restauratum.

192 993 304 1056 Qui
334 1009 455 1046 non
485 993 718 1047 abstulit
747 992 970 1046 homini
1023 994 1269 1048 liberum
1312 996 1631 1065 arbitrium,
1663 997 1797 1067 lsed,
1840 1004 1903 1054 ut

192 1082 417 1136 dictum
478 1086 581 1149 est,
643 1081 937 1135 inﬁrmam
1001 1099 1227 1151 sanans,
1301 1084 1591 1155 perditum
1662 1087 1899 1155 invenit,

196 1175 493 1224 mortuum
549 1170 860 1238 suscitavit,
916 1172 1173 1226 servituti
1221 1174 1509 1227 addictum
1565 1176 1899 1231 redimendo

194 1259 482 1313 liberavit.

266 1347 405 1401 Ideo
436 1347 496 1400 in
540 1346 867 1401 inﬁdelibus
900 1347 1153 1419 idipsum
1192 1350 1436 1404 liberum
1465 1352 1785 1420 arbitrium,
1820 1354 1899 1408 ita

195 1437 492 1506 perAdam
508 1437 845 1491 damnatum
860 1442 914 1491 et
936 1438 1248 1508 perditum,
1271 1440 1332 1492 in
1357 1442 1625 1511 operibus
1658 1444 1897 1497 mortuis

194 1524 448 1578 liberum
494 1540 612 1577 esse
663 1529 871 1595 potest,
912 1525 971 1578 in
1017 1526 1156 1578 vivis
1191 1543 1305 1580 non
1336 1534 1551 1597 potest;
1588 1531 1735 1582 unde
1768 1536 1897 1583 ante

194 1612 393 1665 omnia
426 1614 747 1666 necessaria
777 1618 861 1667 est
912 1614 1135 1667 homini
1158 1616 1313 1668 omni
1352 1618 1648 1686 sanguinis
1687 1619 1895 1674 Christi

192 1700 541 1771 redemptio,
571 1717 675 1770 per
706 1716 879 1771 quam
905 1706 959 1753 et
977 1702 1318 1755 emundetur
1341 1704 1409 1756 ab
1442 1679 1710 1774 operibus
1746 1722 1894 1759 mor-
1936 1679 1975 1731 Β

194 1790 333 1853 tuis,
372 1796 427 1842 et
459 1790 775 1843 viviﬁcetur
796 1790 865 1843 ad
899 1790 1261 1844 serviendum
1298 1792 1411 1845 Deo
1446 1793 1680 1846 viventi.
1732 1794 1895 1857 Quod

195 1878 611 1932 commendans
635 1879 938 1948 Apostolus
960 1878 1096 1932 dicit
1126 1895 1136 1932 :
1169 1901 1189 1928 ι
1218 1879 1439 1943 Quanto
1460 1882 1643 1951 magis
1666 1883 1896 1952 sanguis

196 1967 412 2020 Christi
443 1967 542 2037 qui
571 1983 676 2036 per
702 1966 975 2037 Spiritum
1002 1972 1257 2021 sanctum
1283 1970 1657 2039 semetipsum
1690 1970 1896 2025 obtulit

189 2056 628 2109 immaculatum
658 2057 793 2124 Deo,
828 2055 1155 2109 emundavit
1185 2058 1596 2111 conscientiam
1640 2065 1893 2112 nostram

190 2145 264 2198 ab
297 2145 566 2215 operibus
598 2146 839 2199 mortuis
870 2146 938 2199 ad
959 2145 1323 2199 serviendum
1361 2149 1471 2201 Deo
1502 2147 1713 2201 viventi
1742 2149 1890 2218 (Heb.

188 2250 268 2300 1x,
307 2235 412 2303 14).
445 2254 465 2281 ι
516 2235 657 2287 Vere
688 2235 842 2287 enim
874 2240 1100 2288 mortua
1133 2240 1265 2288 sunt
1311 2236 1507 2289 omnia
1534 2254 1709 2306 opera
1756 2236 1894 2291 inﬁ-

190 2322 434 2387 delium,
464 2338 580 2375 non
612 2324 797 2377 solum
828 2324 1059 2393 quando
1110 2329 1303 2394 aperte
1358 2324 1510 2378 vitiis
1560 2331 1614 2378 et
1652 2326 1894 2395 peccatis

188 2410 469 2478 serviunt,
505 2411 602 2464 sed
634 2412 806 2465 etiam
832 2413 1058 2483 quando
1084 2413 1331 2465 naturali
1350 2412 1503 2465 bono
1530 2414 1589 2466 in
1614 2420 1892 2484 quantum

190 2499 561 2570 omnipotens
618 2500 852 2553 Creator
903 2500 1123 2565 tribuit,
1182 2501 1460 2571 instigati,
1507 2504 1592 2554 vel
1646 2504 1893 2557 naturali

186 2587 320 2657 lege
355 2589 776 2654 commmoniti,
824 2605 953 2658 quas
1003 2589 1258 2659 quotidie
1309 2590 1366 2642 in
1397 2591 1660 2644 cordibus
1695 2608 1889 2645 eorum

189 2676 438 2730 clamat:
468 2696 496 2726 (ι
548 2677 710 2740 Quod
742 2677 846 2731 tibi
875 2693 991 2730 non
1023 2678 1123 2743 vis,
1163 2678 1259 2730 alii
1293 2694 1363 2731 ne
1407 2679 1606 2733 feceris
1641 2696 1652 2733 :
1692 2681 1752 2733 Et
1777 2697 1893 2735 om-

188 2766 289 2818 nia
322 2781 681 2835 quascunque
714 2765 901 2831 vultis,
950 2770 1011 2818 ut
1042 2766 1251 2819 faciant
1297 2766 1455 2819 vobis
1504 2768 1787 2835 homines,
1837 2776 1893 2824 et

189 2869 292 2905 vos
325 2853 522 2906 eadem
562 2853 729 2906 facite
771 2854 884 2907 illis
918 2853 1071 2923 (Tob.
1127 2872 1178 2907 ιν
1206 2875 1219 2920 ;
1251 2857 1455 2911 Matth.
1497 2858 1589 2925 vn)
1616 2873 1631 2926 ;
1661 2879 1688 2905 ››
1731 2874 1889 2927 quee-

1452 239 1657 294 LIBER
1699 242 1788 297 DE
1830 244 2080 299 TRIBUS
2122 244 2491 301 EPISTOLIS.

3563 261 3582 311 1
3595 260 3697 314 026

2633 385 2855 440 CAPUT
2893 388 3074 442 XXIII.

2014 470 2326 525 Renovatur
2354 471 2571 539 quidem
2598 479 2745 528 recta
2786 477 3053 543 voluntas,
3103 481 3287 544 gratia
3327 483 3504 535 tamen
3545 483 3707 538 Chri-

2528 547 2600 597 sti
2628 560 2840 614 semper
2876 551 3203 605 auxiliante.

2089 647 2309 701 Fideles
2354 652 2546 702 autem
2598 650 2802 703 Christi
2856 654 3135 724 sanguine
3166 656 3469 727 redempti,
3526 662 3581 710 et
3608 675 3713 728 per

2014 735 2300 789 lavacrum
2361 738 2816 807 regenerationis
2866 746 2924 793 et
2987 745 3370 797 renovationis
3426 747 3708 814 mundati,

2014 824 2331 881 instaurata
2359 827 2421 879 in
2452 842 2529 893 se,
2563 831 2619 880 et
2643 828 2898 898 quotidie
2928 830 3301 887 instauranda
3359 835 3587 888 arbitrii
3640 834 3708 889 li-

2013 915 2254 983 bertate,
2308 916 2506 970 eadem
2540 918 2723 986 gratia
2777 918 2897 988 (per
2943 935 3115 989 quam
3160 922 3339 976 semel
3397 923 3710 977 illuminati

2012 1004 2168 1073 sunt)
2227 1020 2457 1075 semper
2505 1011 2870 1076 cooperante,
2923 1014 2979 1062 et
3031 1010 3340 1064 auxiliante
3394 1017 3710 1082 operantur

2012 1108 2185 1162 opera
2208 1093 2377 1161 bona,
2412 1110 2529 1147 non
2550 1109 2613 1146 ex
2645 1094 2865 1165 seipsis,
2896 1112 3081 1166 neque
3104 1113 3170 1150 ex
3192 1098 3407 1152 viribus
3428 1100 3705 1170 propriis;

2009 1183 2106 1236 sed
2140 1197 2205 1236 ex
2235 1182 2359 1246 illo,
2389 1182 2549 1251 cujus
2582 1183 2784 1252 spiritu
2816 1191 3084 1254 aguntur.
3123 1186 3265 1248 Quia
3298 1192 3357 1239 ut
3399 1188 3708 1257 Apostolus

2009 1268 2148 1323 dicit
2180 1286 2191 1322 :
2229 1291 2256 1318 «
2288 1270 2625 1341 Quicunque
2657 1272 2872 1341 Spiritu
2907 1274 3004 1326 Dei
3035 1282 3305 1341 aguntur,
3341 1276 3400 1328 hi
3432 1276 3535 1328 ﬁlii
3576 1280 3709 1329 sunt

2012 1358 2109 1411 Dei
2140 1358 2319 1428 (Rom.
2355 1376 2471 1425 vni,
2508 1360 2611 1429 14).
2662 1378 2688 1411 ι)
2743 1360 2849 1424 Qui
2881 1361 3074 1427 etiam,
3133 1368 3197 1416 ut
3239 1364 3702 1417 manifestissime

2007 1448 2348 1501 ostenderet.
2381 1452 2439 1500 et
2468 1448 2917 1513 commendaret,
2968 1455 3024 1503 et
3060 1451 3256 1503 ﬁdeles
3296 1452 3520 1521 operari
3565 1468 3707 1519 opus

2005 1534 2245 1601 bonum,
2279 1536 2547 1604 etuthoc
2568 1536 2756 1606 ipsum
2781 1537 3004 1606 operari
3030 1539 3269 1607 possint,
3296 1540 3473 1593 Deum
3510 1540 3567 1593 in
3593 1540 3708 1593 illis

2010 1624 2258 1692 operari,
2291 1624 2540 1678 breviter
2566 1629 2875 1695 utrumque
2908 1626 3213 1680 declaravit
3262 1628 3456 1681 dicens
3491 1628 3705 1682 eisdem

2004 1711 2302 1765 ﬁdelibus:
2334 1736 2353 1761 ς
2389 1714 2529 1767 Cum
2560 1713 2769 1767 timore
2802 1721 2857 1767 et
2887 1718 3139 1767 tremore
3172 1721 3417 1768 vestram
3456 1717 3702 1769 salutem

2006 1801 2363 1871 operamini:
2398 1802 2547 1855 Deus
2605 1808 2691 1855 est
2743 1801 2896 1856 enim
2957 1803 3055 1873 qui
3108 1810 3378 1874 operatur
3407 1805 3465 1856 in
3520 1804 3698 1870 vobis,

2006 1895 2060 1943 et
2092 1890 2256 1957 velle,
2308 1894 2363 1943 et
2406 1892 2680 1959 perﬁcere
2733 1907 2837 1960 pro
2886 1891 3037 1944 bona
3068 1892 3357 1945 voluntate
3403 1894 3568 1961 (Phil.
3620 1909 3698 1959 ιιι,

2010 1981 2094 2044 12,
2136 1980 2244 2047 13).
2294 1997 2321 2029 »
2363 1978 2520 2042 Quod
2575 1979 2771 2032 beatus
2820 1981 2925 2033 Leo
2974 1980 3053 2031 ita
3105 1981 3342 2049 exponit
3389 1981 3508 2049 (ser.
3556 1984 3607 2047 8,
3642 1985 3701 2036 in

2005 2067 2256 2135 Epiph.)
2285 2084 2297 2121 ε
2323 2066 2577 2139 [Dicente
2600 2069 2753 2120 enim
2778 2068 3070 2138 discipulis
3096 2071 3210 2121 suis
3237 2070 3497 2135 Domino,
3526 2090 3552 2117 «
3578 2070 3698 2123 sine

2005 2171 2097 2208 me
2140 2155 2283 2209 nihil
2342 2157 2576 2225 potestis
2624 2156 2829 2223 facere,
2886 2178 2912 2205 ››
2958 2156 3200 2211 dubium
3242 2174 3355 2209 non
3390 2164 3474 2211 est
3518 2158 3698 2211 homi-

2004 2258 2137 2296 nem
2186 2243 2339 2297 bona
2370 2250 2633 2313 agentem
2669 2261 2733 2297 ex
2766 2246 2878 2297 Deo
2918 2245 3150 2310 habere,
3185 2251 3241 2298 et
3269 2245 3534 2299 etl'ectum
3562 2246 3701 2299 boni

2004 2331 2214 2403 operis,
2249 2338 2305 2386 et
2342 2333 2573 2386 initium
2606 2334 2937 2387 voluntatis.
2976 2334 3131 2387 Unde
3161 2340 3217 2387 et
3266 2334 3573 2403 Apostolus
3604 2352 3699 2389 co-

2002 2419 2381 2490 piosissimus,
2426 2425 2481 2473 et
2511 2419 2763 2473 ﬁdelium
2791 2421 3144 2486 cohortator,
3187 2438 3314 2475 cum
3348 2423 3575 2488 timore,
3609 2422 3696 2477 in-

2004 2498 2151 2568 quit,
2177 2503 2233 2551 et
2285 2503 2534 2551 tremore
2566 2504 2811 2553 vestram
2860 2501 3101 2554 salutem
3159 2502 3510 2571 Operamiui:
3549 2504 3696 2555 Deus

2004 2591 2089 2640 est
2130 2587 2287 2640 enim
2322 2587 2419 2657 qui
2471 2602 2740 2658 operatur
2766 2588 2825 2641 in
2871 2590 3032 2642 vobis
3077 2593 3131 2642 et
3166 2590 3328 2655 velle,
3372 2594 3427 2643 et
3467 2589 3696 2659 operari

2002 2692 2105 2745 pro
2137 2675 2290 2729 bona
2318 2676 2627 2729 voluntate.
2676 2676 2780 2729 Et:
2818 2678 2948 2731 Haec
2986 2678 3194 2731 sanctis
3242 2694 3410 2731 causa
3452 2684 3538 2732 est
3584 2683 3697 2732 tre-

2003 2764 2218 2831 mendi,
2268 2769 2436 2834 atque
2490 2765 2804 2833 metuendi,
2849 2782 2919 2819 ne
2966 2766 3106 2835 ipsis
3152 2768 3421 2835 operibus
3468 2767 3699 2837 pietatis

2001 2853 2135 2907 elati
2166 2854 2504 2907 deserantur
2547 2870 2653 2923 ope
2704 2854 2923 2923 gratiae,
2977 2860 3033 2907 et
3061 2860 3396 2908 remaneant
3440 2855 3498 2907 in
3539 2855 3697 2909 inﬁr-

190 2940 329 2994 dam
369 2940 523 2994 bona
554 2958 727 3011 opera
774 2948 831 2995 et
877 2943 1030 2996 velut
1059 2943 1338 3012 quasdam
1381 2944 1619 2997 virtutes
1655 2946 1885 3013 habere,
1933 2975 1973 3029 Ο
2006 2942 2203 2995 mitate
2222 2940 2493 3012 naturas]
2513 2942 2599 2995 Ita
2638 2958 2887 3011 namque
2908 2948 3182 3011 operante
3209 2943 3267 2995 in
3290 2944 3405 2996 suis
3431 2942 3697 2996 ﬁdelibus

190 3034 367 3100 atque
400 3046 661 3083 exercere
710 3030 1013 3083 videntur:
1066 3031 1200 3101 quia
1230 3030 1400 3084 ﬁdem
1454 3032 1552 3085 Dei
1583 3039 1638 3085 et
1686 3034 1894 3088 Christi

189 3118 318 3187 ejus
347 3119 432 3171 vel
465 3118 819 3186 ignorantes,
848 3118 933 3171 vel
966 3118 1097 3173 odio
1138 3119 1411 3173 habentes
1443 3126 1542 3174 aut
1568 3122 1739 3175 etiam
1769 3138 1895 3191 per-

188 3212 524 3276 sequentes,
561 3207 712 3277 quod
744 3225 810 3260 ex
841 3207 940 3260 illa
976 3206 1085 3261 ﬁde
1137 3225 1252 3261 non
1282 3215 1612 3278 operantur,
1656 3211 1894 3266 omnino

190 3310 299 3347 nec
330 3295 547 3348 bonum
599 3312 763 3365 opus,
798 3312 901 3349 nec
946 3313 1078 3349 vera
1124 3296 1304 3350 virtus
1353 3314 1472 3351 esse
1519 3303 1726 3371 potest,
1766 3317 1894 3370 quae

190 3399 313 3437 non
346 3384 604 3453 procedit
634 3400 701 3437 ex
750 3384 939 3438 radice
989 3385 1243 3439 veritatis
1288 3391 1344 3440 et
1392 3387 1681 3443 bonitatis.
1748 3390 1893 3442 Dum

192 3473 354 3526 enim
397 3471 495 3524 illa
527 3471 650 3541 ipsa
677 3488 802 3541 quae
834 3473 1146 3526 secundum
1179 3474 1444 3527 homines
1473 3475 1745 3529 videntur
1775 3492 1895 3530 esse

189 3560 349 3613 bona
382 3576 575 3629 opera,
611 3577 973 3631 nequaquam
1003 3578 1137 3615 vera
1169 3561 1282 3615 ﬁde
1310 3563 1379 3617 ad
1413 3564 1721 3618 Dominum
1752 3565 1894 3619 refe-

190 3653 423 3715 runtur,
457 3665 629 3719 quem
660 3650 952 3719 ignorant,
976 3665 1081 3703 nec
1111 3655 1343 3720 propter
1383 3668 1514 3705 eum
1546 3658 1746 3722 agunt,
1799 3654 1895 3707 sed

194 3741 295 3791 aut
324 3744 555 3807 propter
586 3738 895 3807 quamdam
937 3740 1317 3805 honestatem,
1363 3756 1478 3809 qua
1522 3740 1671 3793 inter
1700 3740 1893 3794 homi-

190 3841 298 3879 nes
321 3825 519 3895 magni
548 3826 866 3893 videantur,
911 3827 996 3881 vel
1034 3832 1269 3897 propter
1309 3828 1679 3897 cupiditatem
1711 3829 1896 3883 alicu-

183 3914 283 3983 jus
318 3915 607 3967 commodi
628 3915 985 3985 temporalis,
1010 3915 1160 3985 ipsas
1190 3915 1486 3986 impietate
1518 3915 1894 3980 inﬁdelitatis,

189 4004 320 4072 ipsa
341 4002 636 4055 inﬂatione
648 4003 933 4072 elationis,
957 4004 1078 4073 ipsa
1099 4004 1467 4072 perversitate
1501 4004 1831 4075 cupiditatis
1850 4021 1891 4073 ε,

190 4090 272 4143 ita
332 4090 635 4144 immunda
692 4096 748 4144 et
803 4091 1106 4161 inquinata
1155 4096 1286 4145 sunt
1339 4092 1552 4159 omnia,
1628 4098 1689 4147 ut
1743 4094 1897 4163 apud

190 4181 376 4234 Deum
410 4195 526 4232 non
552 4180 807 4244 virtutes,
857 4180 954 4233 sed
986 4179 1118 4233 vitia
1150 4180 1517 4249 judicentur;
1561 4182 1709 4235 unde
1743 4186 1895 4251 Apo-

2005 3032 2119 3084 Deo
2150 3029 2424 3099 impletur
2452 3029 2594 3083 illud
2627 3030 2777 3100 quod
2808 3031 3082 3083 Dominus
3112 3031 3191 3083 ait
3218 3047 3230 3084 :
3266 3032 3373 3095 Qui
3399 3037 3592 3084 autem
3620 3032 3698 3085 fa-

2003 3119 2079 3172 cit
2107 3119 2427 3183 veritatem,
2466 3118 2619 3172 venit
2653 3119 2723 3173 ad
2754 3119 2959 3183 lucem,
2992 3125 3054 3171 ut
3102 3119 3543 3172 manifestentur
3573 3120 3696 3190 ejus

2005 3223 2199 3277 opera,
2246 3206 2383 3276 quia
2414 3206 2472 3259 in
2522 3208 2639 3260 Deo
2694 3212 2828 3260 sunt
2864 3207 3010 3260 facta
3041 3206 3218 3277 (Joan.
3256 3224 3333 3274 ιιι,
3387 3208 3512 3275 21);
3546 3212 3602 3261 et
3631 3224 3697 3261 ex

2003 3312 2248 3367 persona
2270 3295 2600 3349 eorumdem
2626 3295 2880 3349 ﬁdelium
2904 3295 2957 3347 ei
2974 3312 3077 3365 per
3093 3297 3430 3366 prophetam
3450 3295 3692 3350 dicitur:

2007 3383 2267 3451 Domine,
2321 3383 2480 3439 dabis
2507 3400 2706 3454 pacem
2739 3372 2929 3438 nObis:
2982 3384 3175 3437 omnia
3201 3385 3355 3438 enim
3386 3401 3560 3455 opera
3589 3401 3690 3439 no-

2004 3479 2120 3527 stra
2149 3477 2418 3542 operatus
2450 3488 2510 3526 es
2542 3472 2600 3526 in
2635 3472 2823 3527 nobis.

2076 3563 2205 3617 Hiec
2230 3562 2311 3616 ita
2358 3578 2479 3616 esse
2533 3562 2849 3627 sentienda,
2900 3566 3070 3632 atque
3117 3562 3365 3616 tenenda
3406 3563 3475 3617 de
3526 3562 3697 3618 liberi

2004 3650 2225 3705 arbitrii
2259 3650 2696 3715 instauratione,
2746 3656 2803 3703 et
2852 3650 2921 3703 de
2972 3666 3206 3704 munere
3256 3657 3428 3722 atque
3485 3652 3697 3707 auxilio

2003 3739 2210 3793 divinm
2239 3739 2437 3809 gratiae
2463 3740 2543 3793 ita
2572 3738 2769 3792 beatus
2796 3754 2948 3807 papa
2974 3740 3284 3794 Ccetestinus
3310 3741 3562 3796 breviter
3593 3742 3697 3796 do-

2003 3832 2110 3894 cet,
2146 3832 2201 3881 et
2226 3827 2473 3880 inculcat
2513 3828 2704 3881 dicens
2755 3829 2839 3893 (in
2886 3830 3042 3896 epist.
3079 3828 3151 3880 ad
3191 3830 3377 3883 Galat.
3434 3846 3556 3899 cap.
3601 3831 3693 3899 8):

2007 3916 2149 3985 [Non
2180 3920 2265 3968 est
2292 3915 2531 3969 dubium
2555 3917 2626 3969 ab
2658 3915 2837 3985 ipsius
2872 3915 3055 3984 gratia
3081 3916 3277 3968 omnia
3308 3917 3558 3970 hominis
3582 3933 3698 3972 me-

2004 4004 2111 4057 rita
2142 4004 2467 4073 prseveniri,
2504 4020 2605 4074 per
2634 4020 2804 4074 quem
2842 4004 2923 4071 ﬁt,
2960 4009 3019 4057 ut
3047 4004 3264 4074 aliquid
3302 4005 3437 4059 boni
3470 4013 3527 4060 et
3552 4006 3696 4060 velle

2004 4092 2367 4161 incipiamus,
2402 4098 2457 4145 et
2488 4093 2689 4146 facere.
2724 4092 2846 4156 Quo
2878 4092 3076 4162 utique
3110 4092 3320 4145 auxilio
3369 4098 3425 4147 et
3457 4109 3695 4148 munere

2006 4182 2107 4236 Dei
2136 4198 2254 4236 non
2286 4183 2541 4235 aufertur
2562 4182 2807 4235 liberum
2834 4180 3157 4247 arbitrium,
3180 4182 3279 4235 sed
3300 4182 3606 4236 liberatur:
3633 4188 3698 4237 ut

187 4267 375 4320 stolus
426 4267 542 4321 ait:
596 4268 918 4338 lnquinatis
950 4272 1140 4321 autem
1177 4272 1230 4321 et
1260 4269 1590 4322 inﬁdelibus
1623 4270 1768 4323 nihil
1810 4275 1896 4323 est
1934 4272 1976 4325 D
2003 4272 2071 4325 de
2093 4272 2393 4324 tenebroso
2423 4270 2694 4336 lucidum,
2726 4270 2794 4324 de
2816 4286 2991 4340 pravo
3022 4276 3260 4335 rectum,
3309 4271 3379 4325 de
3420 4271 3695 4342 languido

185 4354 475 4407 mundum
502 4372 514 4420 ;
550 4356 644 4409 sed
687 4356 984 4426 inquinata
1014 4361 1146 4409 sunt
1176 4371 1375 4409 eorum
1406 4362 1462 4409 et
1486 4373 1648 4409 mens
1679 4361 1735 4410 ct
1762 4373 1894 4410 con-

184 4444 577 4513 scientia(Tit.
609 4461 646 4509 1,
677 4447 756 4509 15)
784 4460 797 4510 ;
828 4449 884 4498 et
914 4445 1123 4499 iterum
1152 4462 1165 4498 :
1193 4466 1219 4493 «
1260 4446 1440 4499 Omne
1482 4450 1692 4513 autem,
1742 4447 1895 4516 quod

186 4549 306 4586 non
354 4537 439 4586 est
466 4548 531 4586 ex
567 4532 700 4599 ﬁde,
745 4539 1038 4604 peccatum
1063 4540 1145 4588 est
1197 4533 1373 4603 (Rom.
1409 4552 1520 4601 xxv,
1571 4537 1694 4603 23);
1729 4553 1756 4584 »
1790 4539 1886 4588 et:

190 4644 211 4669 ι
258 4621 393 4675 Sine
420 4620 531 4675 ﬁde
561 4622 916 4691 impossibile
940 4628 1024 4676 est
1050 4624 1273 4693 placere
1298 4625 1412 4676 Deo
1438 4623 1603 4693 (Πρὸ.
1636 4639 1707 4690 x1,
1752 4621 1826 4693 6).
1864 4644 1885 4671 ›

2005 4376 2227 4425 sanum,
2263 4361 2331 4414 de
2361 4360 2727 4431 imprudente
2759 4359 2830 4412 sit
2861 4360 3186 4429 providum.
3218 4361 3395 4413 Tanta
3426 4361 3580 4414 enim
3612 4365 3698 4415 est

2004 4464 2140 4518 erga
2169 4464 2369 4501 omnes
2397 4449 2660 4501 homines
2693 4448 2918 4501 bonitas
2942 4448 3061 4513 Dei,
3096 4455 3156 4501 ut
3188 4453 3381 4501 nostra
3410 4450 3543 4503 velit
3574 4465 3695 4504 esse

2000 4536 2223 4600 merita,
2259 4552 2386 4605 quas
2410 4542 2545 4590 sunt
2574 4536 2755 4606 ipsius
2799 4536 2947 4589 dona
2973 4556 2987 4601 ;
3018 4541 3072 4589 et
3099 4553 3203 4605 pro
3235 4536 3323 4590 his
3354 4554 3481 4608 quae
3512 4538 3694 4608 largi-

1999 4628 2093 4678 tus
2118 4628 2224 4691 est,
2269 4629 2483 4677 aeterna
2527 4624 2765 4693 praemia
2794 4624 2867 4677 sit
2902 4625 3235 4680 donaturus.
3290 4626 3419 4695 Agit
3476 4626 3692 4697 quippe

1258 4751 1457 4806 ΝΟΤᾸΞ
1497 4751 1823 4807 DUVALLII
1865 4751 2209 4807 DOCTORIS
2249 4752 2633 4808 SORBONICI.

259 4858 284 4886 ε
326 4845 501 4899 Docet
538 4845 631 4899 hic
668 4846 917 4900 Ecclesia
971 4846 1369 4916 Lugdunensis
1428 4864 1628 4901 omnes
1676 4847 1887 4902 inﬁde-

182 4915 343 4989 lium
366 4917 619 4989 actiones
656 4917 855 4989 malas,
894 4915 1222 4971 immundas
1263 4924 1319 4972 et
1366 4918 1694 4989 inquinatas
1735 4935 1886 4984 esse;

228 4986 345 5039 uod
377 4986 669 5041 aflirmant
696 4987 962 5041 similiter
990 4989 1215 5042 sectarii
1244 4988 1416 5058 hujus
1444 4986 1719 5058 temporis
1744 5006 1756 5043 :
1793 4990 1889 5043 Lu-

182 5059 409 5122 therus,
471 5063 575 5110 art.
639 5060 727 5125 36,
778 5075 809 5111 a
858 5059 1045 5112 Leone
1100 5059 1410 5123 damnato;
1464 5060 1885 5121 Melanchthon,

182 5128 471 5197 Apologia
522 5128 892 5182 confessionis
941 5132 1318 5197 Augustanas;
1354 5132 1624 5195 Bucerus,
1676 5131 1775 5185 lib.
1819 5132 1887 5184 de

184 5198 514 5270 Concordia
544 5204 824 5270 controv.,
875 5204 931 5253 et
960 5198 1101 5265 Cal.,
1151 5200 1249 5254 lib.
1302 5217 1337 5253 ιι
1368 5202 1636 5267 Institut.,
1669 5217 1793 5270 cap.
1835 5205 1884 5255 3.

185 5269 469 5322 Nonnulli
517 5269 690 5323 etiam
738 5270 890 5323 inter
941 5271 1303 5324 scholasticos
1357 5271 1511 5324 idem
1553 5269 1883 5335 tenuerunt,

184 5339 290 5412 sed
319 5354 440 5412 non
484 5356 614 5393 cum
659 5356 726 5394 ea
751 5357 865 5411 qua
896 5342 1118 5395 sectarii
1145 5342 1592 5412 praesumptione
1624 5349 1679 5395 et
1708 5345 1890 5397 auda-

186 5410 305 5462 cia:
342 5410 507 5480 Greg.
559 5410 957 5479 Arimin’ensis,
996 5412 1055 5465 in
1102 5410 1615 5478 Ii'Sententiarum,
1658 5414 1790 5467 dist.
1834 5414 1886 5480 4,

185 5485 398 5605 quaest.
434 5481 621 5547 unica,
666 5488 770 5536 art.
822 5485 875 5563 2,
933 5483 1128 5537 coroll.
1178 5488 1229 5549 3,
1278 5489 1333 5563 et
1380 5484 1684 5564 Capreolus
1724 5484 1783 5537 in
1830 5500 1888 5549 ιι,

229 5555 319 5605 ist.
374 5550 463 5605 41.
516 5558 714 5605 quaest.
777 5569 967 5605 umca.
1015 5560 1119 5605 art.
1175 5554 1389 5605 3.11cet
1430 5570 1489 5605 in
1548 5555 1888 5605 quibusdam

229 5550 319 5605 ist.
374 5550 463 5616 41,
516 5558 714 5622 quaest.
777 5554 967 5623 unica,
1015 5560 1119 5607 art.
1175 5556 1226 5621 3,
1257 5553 1389 5609 licet
1430 5550 1489 5609 in
1548 5554 1892 5625 quibusdam

2003 4848 2267 4903 nonnihil
2311 4849 2626 4918 discrepet:
2660 4865 2725 4901 ex
2758 4848 2967 4919 quibus
2998 4850 3187 4905 videre
3237 4854 3320 4904 est
3348 4850 3690 4905 sententiam

2005 4920 2400 4988 Lugdunensis
2448 4920 2707 4973 Ecclesiae
2757 4922 2862 4973 hac
2916 4921 2976 4973 in
3030 4928 3191 4988 parte
3232 4938 3347 4974 non
3406 4922 3691 4975 adversari

1998 4990 2153 5055 ﬁdei,
2186 4991 2319 5043 licet
2368 4991 2738 5044 temerarium
2777 4993 2849 5044 sit
2903 4990 3042 5045 illud
3100 4993 3417 5045 afﬁrmare:
3469 4998 3689 5046 certum

1999 5062 2153 5114 enim
2186 5066 2273 5114 est
2304 5066 2361 5114 et
2389 5078 2691 5115 commune
2738 5068 2860 5115 tum
2907 5063 3058 5132 apud
3108 5064 3320 5127 Patres,
3372 5069 3493 5115 tum
3540 5065 3691 5132 apud

2001 5132 2381 5197 scholasticos,
2417 5147 2578 5201 posse
2606 5134 2674 5185 ab
2698 5134 3027 5187 inﬁdelibus
3056 5133 3180 5186 ﬁeri
3209 5134 3475 5202 quaedam
3515 5150 3691 5202 opera

2000 5202 2292 5257 moraliter
2324 5203 2492 5256 bona.
2546 5204 2719 5257 Exodi
2786 5205 2938 5256 enim
2986 5220 3020 5269 ι,
3071 5203 3381 5257 laudantur
3423 5204 3687 5257 obstetri-

2003 5290 2096 5326 ces
2160 5274 2574 5343 Egyptiorum,
2610 5274 2760 5344 quod
2790 5274 3057 5342 parvulos
3104 5274 3477 5328 Hebraeorum
3512 5276 3580 5328 ad
3604 5291 3690 5329 re-

2001 5344 2089 5412 gis
2123 5347 2452 5398 mandatum
2495 5346 2750 5398 occidere
2793 5344 3104 5397 noluerint.
3141 5346 3160 5397 Ι
3202 5345 3338 5413 Reg.
3384 5361 3517 5410 xvii,
3553 5361 3689 5398 nar—

2004 5419 2161 5467 ratur
2208 5420 2262 5468 et
2312 5417 2747 5469 commendatur
2793 5416 3214 5469 commiseratio
3271 5416 3539 5470 Bercellai
3587 5418 3691 5471 Ga-

2002 5485 2223 5558 laaditis
2251 5502 2386 5555 erga
2419 5486 2685 5540 Davidem
2720 5486 2958 5558 ejusque
2983 5487 3335 5558 exercitum.
3388 5488 3534 5558 Lege
3574 5488 3688 5542 Va-

2004 5557 2140 5609 lent.
2172 5556 2234 5611 in
2262 5559 2375 5623 2-2,
2400 5561 2598 5627 quiest.
2649 5558 2731 5624 10,
2764 5557 2829 5610 de
2856 5557 3197 5625 Inﬁdclitate,
3222 5564 3416 5627 punct.
3453 5556 3507 5611 ‘2.
