4108 6190
454 202 587 254 1027

1544 198 1597 251 S.
1642 196 1915 251 REMlGlI
1958 194 2423 252 LUGDUNENSIS
2462 193 2781 250 EPISCOPI

3822 198 3950 249 {0‘28

453 330 515 383 iu
545 330 731 396 nobis,
766 334 827 382 ut
859 329 1010 399 quod
1046 329 1182 391 vult,
1238 330 1293 380 et
1331 326 1590 391 velimus,
1625 331 1682 379 et
1728 342 2003 395 agamus:
2039 342 2142 379 nec
2180 329 2226 380 A
2251 325 2562 379 clesiastica
2604 325 2835 396 negotia
2882 325 3220 394 perturbare
3267 326 3487 380 studuit
3515 326 3862 391 indefessus,
3897 333 3952 381 et

457 418 638 471 otiosa
666 417 725 470 in
756 417 918 470 nobis
950 432 1069 469 esse
1100 415 1331 484 patitur,
1366 430 1493 484 quae
1524 414 1857 478 exercenda,
1893 430 2006 467 non
2039 430 2145 467 ne-

457 506 725 575 gligenda
753 504 1001 568 donavit,
1035 507 1099 556 ut
1146 508 1199 555 et
1248 519 1352 555 nos
1382 508 1777 571 cooperatores
1809 502 1987 554 simus
2017 518 2146 571 gra-

456 594 551 647 tim
589 590 726 663 Dei.]

526 683 663 734 Item
714 680 782 733 de
838 680 1036 733 eadem
1088 696 1145 732 re
1193 694 1259 732 ex
1292 678 1546 731 conciliis
1592 678 1680 731 vel
1711 678 2146 731 definitiouilms

454 771 683 822 Patrum
717 769 839 822 hzec
869 768 1239 838 proponenda
1261 767 1609 821 credidimus
1645 767 1824 835 (Cone.
1857 768 2143 832 Arausic.,

451 874 566 911 can.
604 858 708 926 10).

524 944 822 1014 [Primum.
854 944 1218 1014 Adjutorium
1253 944 1351 998 Dei
1382 943 1553 998 etiam
1584 944 1819 1010 renatis,
1873 960 1937 997 ac
1980 961 2142 998 sana-

452 1035 520 1087 tis
552 1051 777 1105 semper
808 1041 893 1088 est
939 1034 1386 1104 implorandum,
1424 1040 1485 1086 ut
1540 1035 1606 1087 ad
1642 1035 1814 1086 ﬁnem
1858 1033 2144 1087 bonorum

450 1125 771 1192 pervenire,
806 1123 891 1177 vel
922 1123 981 1175 in
1011 1123 1164 1175 bono
1192 1122 1414 1192 possint
1445 1138 1616 1192 opere
1643 1122 1973 1192 perdurare.

521 1212 845 1266 Secundum
883 1212 1024 1281 (can.
1056 1214 1163 1277 13).
1198 1211 1516 1264 Arbitrium
1540 1211 1843 1263 voluntatis
1872 1212 1929 1263 in
1954 1211 2141 1280 primo

449 1300 685 1354 homine
716 1300 1090 1364 intirmatum,
1143 1300 1251 1351 nisi
1303 1315 1403 1369 per
1433 1298 1677 1368 gratiam
1726 1298 1992 1368 baptismi
2028 1316 2142 1352 non

450 1394 637 1459 potest
693 1388 992 1457 reparari:
1036 1388 1187 1456 quod
1240 1387 1534 1452 amissum,
1590 1386 1699 1439 nisi
1746 1404 1778 1439 a
1814 1404 1924 1457 quo
1959 1388 2143 1456 potuit

450 1478 591 1544 dari,
622 1495 737 1530 non
764 1483 951 1547 potest
992 1477 1174 1529 reddi.
1232 1477 1384 1529 Unde
1436 1476 1637 1528 veritas
1678 1476 1849 1530 dicit:
1899 1500 1918 1525 ι
1956 1478 2012 1530 Si
2044 1494 2143 1530 vos

449 1566 600 1620 ﬁlius
642 1566 984 1627 liberaverit,
1020 1570 1154 1618 tunc
1182 1580 1278 1616 vos
1308 1581 1434 1617 vere
1464 1565 1627 1617 liberi
1650 1565 1825 1617 eritis.
1858 1588 1884 1612 ››

518 1654 771 1708 Tertium
825 1666 959 1716 (can.
1036 1656 1139 1719 19).
1204 1654 1416 1706 Natura
1472 1653 1743 1720 humana,
1806 1654 2024 1707 etiamsi
2083 1654 2139 1707 in

448 1743 547 1796 illa
574 1743 924 1811 integritate,
958 1741 1016 1793 in
1048 1758 1160 1810 qua
1192 1747 1274 1794 est
1304 1741 1529 1794 condita
1561 1748 1945 1809 permaneret,
1981 1742 2140 1795 nullo

448 1831 620 1884 modo
647 1830 893 1895 seipsam
932 1834 1185 1881 creatore
1218 1846 1319 1881 suo
1370 1846 1486 1882 non
1515 1830 1821 1898 adjuvante
1868 1836 2136 1883 servaret.

452 1920 608 1974 Unde
639 1935 768 1972 cum
804 1919 925 1970 sine
967 1917 1067 1970 Dei
1108 1918 1292 1986 gratia
1341 1918 1582 1971 salutem
1631 1936 1746 1971 non
1801 1926 1990 1987 posset
2042 1936 2137 1973 cu-

448 2008 679 2071 stodire,
741 2023 913 2077 quam
973 2006 1227 2075 accepit:
1285 2007 1568 2075 quomodo
1638 2007 1756 2061 sine
1806 2008 1905 2061 Dei
1960 2008 2142 2077 gratia

444 2098 661 2167 poterit
687 2111 951 2165 reparare
982 2094 1135 2164 quod
1166 2095 1435 2162 perdidit.

517 2185 795 2248 Quartum
828 2187 965 2253 (can.
1001 2184 1109 2252 2t).
1151 2183 1279 2236 Ideo
1309 2183 1562 2237 Christus
1603 2199 1717 2236 non
1766 2184 1942 2252 gratis
1988 2201 2139 2237 mor-

447 2278 579 2327 tuus
612 2279 716 2338 est,
750 2280 813 2326 ut
861 2278 917 2326 et
964 2273 1055 2326 lex
1106 2287 1207 2342 per
1242 2273 1403 2325 illum
1439 2273 1792 2340 impleretur,
1827 2272 1926 2342 qui
1955 2272 2137 2326 dixit:

449 2384 475 2409 ‹‹
519 2362 642 2415 Non
678 2362 804 2415 veni
838 2361 1055 2414 solvere
1083 2362 1292 2430 legem,
1344 2361 1437 2412 sed
1469 2360 1784 2430 adimplere
1819 2362 2036 2428 (Matth.
2086 2378 2136 2427 v,

452 2452 561 2518 l7).
596 2470 621 2500 ι)
658 2451 725 2503 Et
757 2454 961 2503 natura
1007 2466 1111 2519 per
1158 2449 1333 2503 Adam
1384 2449 1604 2519 perdita
1649 2466 1748 2519 per
1780 2449 1944 2503 illum
1977 2466 2139 2519 repa-

448 2542 671 2591 raretur
702 2540 802 2608 qui
860 2538 1032 2592 dixit:
1100 2559 1124 2586 «
1163 2537 1387 2590 Venisse
1418 2554 1475 2590 se
1535 2552 1791 2607 quierere
1829 2543 1885 2591 et
1925 2538 2139 2591 salvare

448 2627 601 2697 quod
630 2627 924 2697 perierat.]
966 2647 987 2674 ι

1076 2716 1297 2770 CAPUT
1334 2717 1509 2770 XXIV.

821 2826 891 2877 De
922 2822 1359 2877 condemnatione
1393 2822 1773 2878 Gotteschalci.

518 2933 647 2985 Post
686 2932 808 2984 haec
838 2929 1177 3000 interposita
1208 2930 1456 2999 quadam
1512 2929 1864 2995 narratione,
1915 2945 2042 3000 quae
2067 2931 2133 2984 ad

445 3024 785 3091 praesentem
832 3019 1261 3088 responsionem
1309 3024 1558 3071 nostram
1602 3034 1721 3071 non
1772 3018 1995 3071 videtur
2034 3008 2138 3071 'ne-

444 3108 685 3162 cessaria
746 3108 1045 3177 subjungit
1112 3108 1359 3176 scriptor
1414 3107 1668 3176 epistolae
1726 3106 1794 3160 de
1851 3112 2136 3160 conventu

444 3197 667 3252 concilii
705 3197 1108 3266 episcoporum
1141 3212 1244 3265 pro
1286 3194 1681 3247 examinandis
1714 3201 1765 3247 et
1796 3195 2137 3249 definiendis

443 3286 857 3360 quaestionibus
888 3286 1003 3338 sive
1037 3284 1472 3353 objectionibus,
1506 3299 1648 3353 quas
1671 3283 1765 3336 ille
1794 3284 2136 3337 miserabilis

442 3376 758 3429 monachus
789 3373 1155 3444 proposuisse
1192 3372 1277 3426 vel
1328 3371 1583 3425 docuisse
1617 3372 1843 3425 dicitur.
1884 3373 1959 3425 De
2004 3374 2133 3441 qui-

439 3465 545 3519 bus
590 3464 727 3534 quid
761 3466 969 3516 nostrae
1020 3461 1318 3531 pusillitati
1359 3460 1616 3513 videatur
1643 3461 1764 3529 jam
1797 3476 1967 3531 supra
1999 3462 2134 3515 satis

442 3559 732 3607 ostensum
765 3555 861 3604 est.
898 3552 966 3603 Et
997 3550 1241 3619 qualiter
1272 3549 1421 3602 idem
1456 3550 1765 3602 monachus
1798 3551 2131 3603 eorumdem

442 3642 840 3710 episcOporum
883 3638 1121 3708 judicio,
1170 3638 1304 3707 quia
1343 3652 1544 3689 eorum
1604 3638 1962 3707 acquiescere
2011 3631 2135 3691 scn-

440 3730 633 3783 tentias
665 3730 871 3794 noluit,
905 3726 1078 3781 fuerit
1108 3726 1544 3793 condemnatus,
1578 3726 1659 3779 ita
1685 3726 1907 3779 dicens:

1098 3864 1491 3903 EINCMARUS.

510 3958 889 4028 Quapropter,
922 3955 1132 4026 inquit,
1166 3955 1237 4008 ad
1268 3954 1665 4024 episcoporum
1704 3970 1835 4007 eum
1879 3970 2131 4024 praesen-

438 4046 577 4101 tiam
609 4046 709 4117 qui
739 4052 874 4099 tunc
903 4045 1060 4114 regio
1085 4044 1350 4097 mandato
1379 4059 1481 4113 pro
1505 4043 1749 4113 negotiis
1778 4044 1949 4112 regiis
1982 4044 2128 4113 apud

438 4135 781 4190 Carisiacum
833 4132 1089 4187 accersiti
1154 4136 1337 4197 erant,
1408 4132 1465 4185 in
1543 4132 1907 4201 praesentiam
1956 4134 2129 4185 etiam

440 4223 669 4277 Domini
706 4222 1037 4289 Wenilonis,
1071 4232 1093 4256 ³
1123 4220 1221 4291 qui
1250 4220 1385 4274 illuc
1415 4225 1780 4287 convenerat,
1814 4221 2128 4290 producere

436 4311 629 4365 studui
659 4310 753 4364 ubi
792 4310 986 4364 multis
1029 4309 1395 4363 audientibus
1442 4308 1583 4361 nihil
1616 4309 1853 4379 dignum
1908 4309 2129 4364 ratione

434 4399 522 4452 vel
550 4398 714 4465 dixit,
764 4398 850 4450 vel
883 4398 1263 4467 interrogatus
1326 4398 1661 4467 respondit:
1717 4398 1835 4464 sed,
1874 4404 1938 4452 ut
1982 4415 2132 4453 arre-

434 4484 660 4553 ptitius,
718 4499 847 4537 cum
900 4482 1033 4553 quid
1109 4482 1527 4537 rationabiliter
1584 4483 1960 4552 responderet
2011 4500 2131 4537 non

436 4571 653 4634 habuit,
691 4571 750 4624 iu
781 4569 1152 4624 contumelias
1191 4571 1551 4641 singulorum
1598 4571 1878 4641 prorupit.
1915 4572 1981 4625 Et
2009 4588 2133 4642 pro-

434 4666 560 4730 pter
604 4659 1163 4728 impudentissimam
1212 4660 1575 4714 insolentiam
1628 4676 1787 4713 suam
1838 4676 1939 4730 per
1972 4676 2132 4731 regu-

434 4749 550 4803 lam
601 4748 779 4801 sancti
828 4748 1115 4802 Benedicti
1165 4765 1197 4801 a
1228 4750 1641 4803 monachorum
1689 4748 2008 4815 abbatibus,
2046 4750 2129 4803 vel

434 4838 652 4892 caeteris
713 4837 1002 4891 monachis
1064 4838 1272 4907 dignus
1331 4839 1557 4907 ﬂagello
1626 4838 2005 4907 adjudicatus.
2065 4838 2133 4891 Et

436 4927 572 4998 quia
604 4932 800 4981 contra
856 4926 1193 4980 canonicam
1236 4926 1677 4991 institutionem,
1720 4926 1906 4979 civilia
1941 4931 1995 4980 et
2046 4942 2131 4980 ec-

2254 431 2312 468 se
2344 415 2530 467 noluit
2562 430 2989 485 recognoscere,
3044 416 3133 468 vel
3188 415 3379 485 aliquo
3428 415 3597 469 modo
3638 416 3946 469 humiliare

2253 503 2520 571 profusus
2579 503 2648 555 ab
2705 503 3010 573 Episcopis,
3076 508 3130 555 et
3187 503 3497 556 secundum
3574 504 3948 557 ecclesiastica

2247 589 2381 659 jura
2412 589 2733 642 damnatus.

2916 692 3290 731 RESPONSIO.

2326 768 2388 820 In
2423 767 2629 837 quibus
2658 767 2842 820 verbis
2869 765 3149 835 imprimis
3186 764 3323 817 illud
3358 765 3583 819 videtur
3611 766 3946 830 absurdum,

2255 855 2407 925 quod
2439 856 2743 925 praefatum
2788 854 3173 907 miserabilem
3230 854 3570 907 monachum
3621 855 3680 907 in
3736 856 3949 924 judicio

2254 944 2655 1013 episcoporum
2706 943 3045 1013 productum
3101 942 3257 1012 prius
3287 942 3518 996 abbates
3568 945 3947 998 monasterio-

2254 1049 2404 1099 rum,
2437 1032 2535 1103 qui
2586 1037 2895 1101 praesentes
2941 1031 3194 1096 aderant,
3248 1032 3315 1083 ad
3378 1032 3561 1085 caedes
3610 1037 3669 1085 et
3724 1034 3949 1101 ﬂagella

2246 1122 2531 1191 judicasse
2559 1122 2903 1188 referuntur,
2931 1127 2985 1174 et
3016 1120 3221 1174 deinde
3273 1121 3525 1191 Episcopi
3561 1123 3732 1191 juxta
3758 1122 3950 1175 Eccle-

2254 1212 2628 1280 siasticajura
2655 1212 2977 1264 damnasse.
3021 1210 3162 1264 Cum
3195 1210 3364 1262 homo
3408 1210 3507 1279 qui
3551 1218 3686 1263 ante
3746 1211 3950 1263 redde-

2252 1299 2419 1352 batur
2449 1298 2749 1351 haereticus
2783 1298 2944 1367 juxta
2991 1297 3283 1367 antiquam
3335 1298 3593 1350 Ecclesiae
3640 1298 3950 1351 observan-

2252 1388 2411 1453 tiam,
2465 1393 2635 1458 atque
2709 1386 3133 1453 auctoritatem,
3181 1386 3253 1440 ad
3314 1387 3634 1455 episcopale
3696 1392 3947 1440 tantum-

2254 1476 2421 1529 modo
2445 1474 2723 1544 judicium
2755 1474 3087 1545 pertineret,
3138 1474 3253 1526 sive
3288 1474 3668 1539 damnandus,
3706 1476 3826 1527 sive
3851 1476 3947 1527 ab-

2253 1564 2577 1616 solvendus.
2619 1564 2729 1616 Nec
2762 1562 2919 1632 prius
2949 1561 3016 1614 ab
3052 1561 3337 1614 inferioris
3369 1563 3477 1614 loci
3509 1562 3867 1628 hominibus,
3898 1568 3949 1614 et

2254 1654 2620 1724 postmodum
2654 1654 2724 1706 ab
2754 1652 3031 1722 episcopis
3073 1652 3335 1705 debuerit
3386 1654 3805 1706 condemnari:
3858 1652 3945 1704 sed

2250 1750 2306 1798 et
2341 1746 2410 1798 de
2455 1742 2594 1813 ipsis
2633 1742 2895 1812 ﬂagellis,
2953 1745 3009 1794 et
3058 1740 3325 1807 czedibus,
3388 1741 3596 1811 quibus
3634 1742 3945 1795 secundum

2250 1835 2506 1903 regulam
2532 1832 2713 1885 sancti
2750 1830 3036 1883 Benedicti
3090 1830 3297 1883 dicitur
3322 1830 3707 1899 adjudicatus,
3740 1831 3946 1901 quibus

2252 1928 2306 1975 et
2337 1921 2574 1975 omnino
2604 1921 2785 1973 fertur
2835 1918 3183 1971 atrocissime
3230 1924 3285 1970 et
3329 1920 3541 1988 absque
3579 1920 3692 1971 ulla
3730 1920 3945 1971 miseri-

2250 2011 2441 2065 cordia
2474 2026 2621 2079 pene
2654 2026 2832 2079 usque
2862 2008 2929 2061 ad
2985 2012 3227 2061 mortem
3277 2007 3641 2068 dilaceratus,
3672 2026 3800 2078 quae
3834 2026 3944 2062 mo-

2250 2099 2487 2165 deratio,
2544 2104 2598 2151 et
2639 2114 2901 2151 mensura
2952 2097 3114 2166 juxta
3163 2095 3432 2165 pietatem
3479 2095 3940 2159 ecclesiasticam,

2249 2193 2301 2239 et
2332 2187 2768 2253 sacerdotalem,
2802 2185 2916 2238 sive
2945 2184 3339 2237 monachalem
3392 2184 3801 2237 verecundiam
3834 2200 3939 2236 ser-

2249 2277 2370 2329 vari
2403 2275 2689 2340 debuerit,
2740 2273 2847 2344 ipsi
2898 2274 3091 2344 potius
3146 2273 3293 2342 apud
3349 2288 3406 2325 se
3448 2272 3737 2340 judicent.
3787 2272 3939 2335 Quod

2248 2369 2441 2417 autem
2500 2364 2555 2416 in
2615 2362 3016 2433 episcoporum
3073 2361 3448 2414 contumelias
3500 2360 3716 2413 dicitur
3747 2378 3940 2429 proru-

2248 2453 2418 2522 pisse,
2450 2469 2578 2505 vere
2618 2453 2726 2505 hoc
2758 2456 2841 2503 est
2892 2456 2948 2503 et
2979 2450 3242 2519 impium,
3277 2453 3332 2503 et
3383 2449 3675 2515 insanum,
3721 2456 3781 2503 et
3822 2467 3937 2502 om-

2248 2541 2385 2594 nino
2410 2542 2566 2610 justa
2598 2540 2815 2593 ultione
2841 2538 3237 2592 damnandum
3264 2556 3277 2592 :
3311 2538 3440 2591 licet
3472 2538 3680 2591 melius
3724 2539 3794 2591 ab
3826 2538 3940 2591 aliis

2247 2645 2420 2700 quam
2453 2629 2524 2682 ab
2554 2628 2709 2698 ipsis.

2322 2720 2399 2772 De
2427 2718 2538 2771 illis
2564 2733 2696 2770 vero
2750 2716 3065 2783 sententiis,
3094 2732 3238 2787 quas
3290 2719 3343 2768 et
3383 2721 3549 2769 antea
3578 2717 3935 2786 prmdicasse,

2248 2812 2303 2860 et
2328 2812 2461 2859 tunc
2496 2806 2554 2858 in
2596 2805 2822 2875 Synodo
2853 2806 3236 2875 proposuisse,
3268 2821 3370 2859 nec
3403 2806 3692 2859 ullatenus
3728 2810 3936 2859 mutare

2178 2904 2216 2957 C
2247 2895 2491 2947 voluisse
2546 2893 2828 2959 ﬁrmatur,
2880 2894 3139 2963 ignoscat
3196 2893 3360 2946 nobis
3405 2894 3805 2964 unusquisque
3836 2896 3935 2947 lec-

2247 2988 2354 3048 tor,
2379 2982 2633 3051 iguoscat
2663 2981 2834 3034 etiam
2867 2981 3218 3034 reverendus
3253 2981 3347 3033 ille
3376 2980 3633 3049 epistolae
3663 2982 3931 3051 scriptor:

2248 3069 2392 3134 Quia
2432 3069 2715 3138 sicutjam
2767 3072 3051 3139 superius,
3098 3074 3153 3123 et
3183 3086 3245 3122 ex
3279 3069 3487 3135 divina,
3521 3074 3579 3122 et
3608 3086 3672 3122 ex
3704 3076 3937 3139 paterna

2248 3157 2585 3211 auctoritate
2621 3157 2758 3211 satis
2808 3158 3183 3222 ostendimus,
3217 3158 3439 3211 videtur
3467 3157 3635 3211 nobis
3680 3159 3804 3211 sine
3834 3159 3935 3211 du-

2244 3246 2360 3313 bio,
2409 3246 2557 3317 quod
2590 3246 2704 3307 illa,
2742 3262 2869 3316 quae
2915 3247 2977 3299 de
3031 3246 3221 3299 divina
3272 3246 3750 3315 praedestinatione
3780 3247 3930 3307 dixit,

2237 3335 2403 3405 juxta
2435 3335 2691 3405 regulam
2724 3335 3015 3388 catholica:
3078 3334 3208 3387 tidei
3243 3351 3372 3387 vera
3420 3334 3553 3401 sint,
3590 3341 3647 3388 et
3678 3352 3710 3389 a
3743 3334 3933 3388 veridi-

2243 3422 2617 3493 cisfpatribus
2657 3422 3114 3477 manifestissime
3160 3423 3515 3488 conﬁrmata,
3562 3439 3666 3476 nec
3704 3424 3776 3477 ab
3824 3424 3931 3476 ullo

2242 3512 2471 3579 penitus
2525 3517 2804 3577 nostrum,
2862 3512 2961 3581 qui
3023 3511 3344 3566 Catholicus
3395 3512 3592 3565 haberi
3652 3514 3792 3579 vult,
3857 3529 3931 3564 re-

2242 3600 2498 3669 spuenda
2529 3600 2643 3653 sive
2694 3600 3041 3653 damnanda.
3088 3601 3152 3653 Et
3198 3600 3323 3653 ideo
3348 3600 3404 3653 in
3434 3601 3541 3653 hac
3572 3616 3632 3653 re
3675 3600 3928 3655 dolemus

2244 3703 2356 3740 non
2387 3688 2547 3741 illum
2580 3688 2983 3753 miserabilem,
3031 3688 3126 3741 sed
3156 3688 3595 3742 ecclesiasticam
3637 3691 3928 3743 veritatem

2243 3792 2363 3829 esse
2393 3776 2743 3831 damnatam.
2808 3778 2869 3830 In
2918 3777 3015 3830 illa
3071 3781 3262 3830 autem
3314 3778 3571 3847 Apostoli
3634 3778 3922 3841 sententia,

2243 3882 2357 3936 qua
2384 3865 2452 3918 de
2484 3867 2597 3920 Deo
2652 3866 2748 3933 ait,
2800 3890 2824 3911 «
2878 3864 3126 3935 quivult
3180 3882 3377 3918 omnes
3435 3865 3699 3919 homines
3758 3867 3925 3919 salvos

2242 3955 2387 4021 ﬁeri,
2439 3960 2495 4009 et
2545 3956 2614 4009 ad
2662 3955 3014 4026 agnitionem
3046 3955 3301 4009 veritatis
3345 3956 3613 4019 venire,»
3665 3962 3921 4026 putamus

2242 4061 2371 4098 eum
2408 4061 2635 4098 sensum
2690 4044 3002 4099 beatissimi
3050 4045 3226 4114 patris
3271 4045 3599 4114 Augustini,
3654 4045 3723 4098 ab
3776 4043 3919 4097 omni

2245 4149 2469 4203 semper
2514 4133 2761 4187 Ecclesia
2810 4133 3211 4187 venerabiliter
3254 4132 3497 4203 {recepti,
3549 4140 3605 4186 et
3660 4149 3838 4203 usque
3870 4132 3917 4183 in

2246 4221 2418 4275 tinem
2449 4222 2641 4275 saeculi
2666 4221 3004 4291 recipiendi,
3032 4227 3288 4275 secutum
3320 4222 3512 4289 fuisse,
3548 4222 3649 4291 qui
3680 4224 3747 4276 de
3780 4228 3917 4275 tanta

2242 4310 2556 4380 quaestione
2588 4316 2856 4379 tractans,
2905 4316 2961 4365 et
3016 4311 3232 4365 collatis
3281 4311 3431 4363 inter
3462 4327 3519 4363 se
3577 4311 3801 4364 duobus
3830 4318 3917 4363 tes-

2240 4398 2519 4465 timoniis,
2571 4400 2880 4469 apostolico
2910 4400 3174 4453 videlicet
3207 4404 3262 4452 et
3292 4399 3653 4469 prophetico,
3687 4399 3917 4470 qualiter

2234 4487 2397 4557 juxta
2447 4503 2645 4541 sanam
2703 4488 2837 4541 tidei
2886 4488 3325 4555 intelligentiam
3384 4493 3693 4558 utrumque
3736 4500 3913 4539 verum

2241 4591 2360 4629 esse
2408 4576 2806 4645 accipiendum
2856 4576 2943 4638 sit,
2992 4584 3048 4629 et
3075 4576 3132 4630 in
3164 4576 3455 4646 plerisque
3499 4578 3626 4629 aliis
3657 4577 3911 4630 librorum

2240 4674 2478 4716 suorum
2533 4663 2687 4729 locis,
2740 4668 2796 4715 et
2836 4664 3081 4717 maxime
3112 4664 3168 4716 in
3201 4664 3393 4717 libello
3440 4665 3539 4734 qui
3574 4664 3912 4718 Enchiridiou

2239 4751 2448 4805 dicitur
2502 4750 2925 4804 evidentissima
2980 4751 3264 4817 declarat;
3327 4764 3381 4805 et
3430 4753 3568 4822 quid
3633 4755 3685 4805 ei
3749 4752 3810 4804 de
3858 4765 3910 4802 re

2238 4843 2399 4893 tanta
2460 4839 2809 4909 probabilius
2869 4839 3147 4905 videatur,
3201 4840 3541 4893 manifestat.
3596 4841 3765 4910 Cujus
3801 4853 3907 4891 om-

2240 4927 2377 4981 nino
2404 4927 2713 4981 veridicum
2771 4942 3002 4981 sensum
3060 4943 3178 4981 nou
3217 4928 3469 4997 oportuit
3516 4929 3622 4982 sub
3685 4942 3908 4999 persona

1489 5054 1686 5110 NOTAE
1726 5054 2052 5109 DUVALLII
2098 5054 2435 5111 DOCTORIS
2476 5055 2864 5112 SORBONICI.

506 5192 530 5218 ι
571 5182 673 5238 Hic
730 5182 837 5236 fuit
896 5182 1356 5252 archiepiscopus
1413 5181 1757 5235 Senonensis
1816 5182 2131 5236 secundum

438 5255 849 5308 Democharem
898 5255 957 5306 in
990 5253 1198 5307 tabulis
1240 5254 1638 5323 episcoporum
1674 5253 2128 5306 Senonensium:

436 5340 503 5378 ex
536 5325 743 5395 quibus
781 5324 995 5393 conjice
1052 5325 1110 5376 in
1166 5325 1335 5377 variis
1364 5324 1735 5395 conventibus
1781 5324 2124 5395 condemna-

436 5394 571 5449 tum’
591 5396 763 5449 fuisse
794 5396 1286 5449 Gottheschalcum
1314 5415 1329 5460 ;
1376 5394 1434 5447 in
1468 5394 1887 5462 Moguntinensi
1924 5410 2126 5463 nempe

440 5470 493 5518 et
520 5466 836 5521 Senonensi
868 5466 1129 5529 concilio,
1163 5470 1220 5518 et
1271 5467 1413 5519 forte
1464 5470 1688 5518 tantum
1722 5465 1780 5517 in
1810 5464 2124 5519 Senonensi

2242 5183 2556 5254 vapulasse,
2600 5183 2747 5254 quia
2787 5182 3126 5236 Hincmarus
3175 5183 3231 5236 iu
3278 5188 3396 5236 tota
3441 5184 3541 5238 illa
3582 5184 3803 5254 epistola
3842 5180 3905 5233 ad

2240 5252 2537 5307 Nicolaum
2568 5254 2610 5316 Ι,
2635 5253 2777 5306 nihil
2800 5254 2869 5307 de
2915 5254 3088 5323 virgis
3120 5255 3473 5307 mentionem
3524 5252 3675 5321 facit,
3708 5255 3795 5306 sed
3820 5268 3903 5302 so-

2241 5325 2358 5376 lum
2388 5340 2520 5377 eum
2552 5324 2659 5377 sub
2691 5332 2843 5377 arcta
2874 5325 3131 5378 custodia
3175 5326 3231 5377 in
3266 5327 3609 5379 monasterio
3640 5326 3795 5379 fuisse
3820 5337 3905 5373 re-

2236 5394 2479 5458 clusum,
2513 5411 2583 5449 ne
2618 5396 2756 5449 alios
2777 5395 2894 5448 suis
2916 5395 3207 5449 erroribus
3229 5395 3504 5449 inliceret.
