  <div class='ocr_page' id='page_1' title='image "/cluster/home/n/w/nwhite01/storage/ocr_20150623/121/hvd.32044054759832/520.png"; bbox 0 0 4108 6190; ppageno 0'>
   <div class='ocr_carea' id='block_1_1' title="bbox 223 216 362 271">
    <p class='ocr_par' dir='ltr' id='par_1_1' title="bbox 223 216 362 271">
     <span class='ocr_line' id='line_1_1' title="bbox 223 216 362 271; baseline -0.007 0"><span class='ocrx_word' id='word_1_1' title='bbox 223 216 362 271; x_wconf 76' lang='grc'>1029</span> 
     </span>
    </p>
   </div>
   <div class='ocr_carea' id='block_1_2' title="bbox 1474 218 2515 276">
    <p class='ocr_par' dir='ltr' id='par_1_2' title="bbox 1474 218 2515 276">
     <span class='ocr_line' id='line_1_2' title="bbox 1474 218 2515 276; baseline 0.004 -6"><span class='ocrx_word' id='word_1_2' title='bbox 1474 218 1683 273; x_wconf 76' lang='lat' dir='ltr'>LIBER</span> <span class='ocrx_word' id='word_1_3' title='bbox 1726 220 1814 271; x_wconf 89' lang='lat' dir='ltr'>DE</span> <span class='ocrx_word' id='word_1_4' title='bbox 1852 219 2108 276; x_wconf 85' lang='lat' dir='ltr'>TRIBUS</span> <span class='ocrx_word' id='word_1_5' title='bbox 2148 219 2515 276; x_wconf 78' lang='lat' dir='ltr'>EPISTOLIS.</span> 
     </span>
    </p>
   </div>
   <div class='ocr_carea' id='block_1_3' title="bbox 3591 229 3726 281">
    <p class='ocr_par' dir='ltr' id='par_1_3' title="bbox 3591 229 3726 281">
     <span class='ocr_line' id='line_1_3' title="bbox 3591 229 3726 281; baseline 0.007 -1"><span class='ocrx_word' id='word_1_6' title='bbox 3591 229 3726 281; x_wconf 80' lang='lat' dir='ltr'>i030</span> 
     </span>
    </p>
   </div>
   <div class='ocr_carea' id='block_1_4' title="bbox 222 345 3730 425">
    <p class='ocr_par' dir='ltr' id='par_1_4' title="bbox 222 345 3730 425">
     <span class='ocr_line' id='line_1_4' title="bbox 222 345 3730 425; baseline 0.004 -25"><span class='ocrx_word' id='word_1_7' title='bbox 222 348 465 416; x_wconf 82' lang='lat' dir='ltr'>alicujus</span> <span class='ocrx_word' id='word_1_8' title='bbox 496 346 763 412; x_wconf 86' lang='lat' dir='ltr'>hominis,</span> <span class='ocrx_word' id='word_1_9' title='bbox 798 362 832 398; x_wconf 91' lang='lat' dir='ltr'>a</span> <span class='ocrx_word' id='word_1_10' title='bbox 860 345 1150 399; x_wconf 68' lang='lat' dir='ltr'>catholicis</span> <span class='ocrx_word' id='word_1_11' title='bbox 1198 346 1300 399; x_wconf 86' lang='lat' dir='ltr'><strong>Dei</strong></span> <span class='ocrx_word' id='word_1_12' title='bbox 1348 346 1738 401; x_wconf 64' lang='lat' dir='ltr'>sacerdotibus</span> <span class='ocrx_word' id='word_1_13' title='bbox 1782 364 1914 401; x_wconf 90' lang='lat' dir='ltr'>con-</span> <span class='ocrx_word' id='word_1_14' title='bbox 1955 352 2001 403; x_wconf 83' lang='lat' dir='ltr'><strong>A</strong></span> <span class='ocrx_word' id='word_1_15' title='bbox 2030 349 2115 420; x_wconf 85' lang='lat' dir='ltr'>(II</span> <span class='ocrx_word' id='word_1_16' title='bbox 2144 351 2271 404; x_wconf 82' lang='lat' dir='ltr'>Cor.</span> <span class='ocrx_word' id='word_1_17' title='bbox 2301 367 2420 416; x_wconf 86' lang='lat' dir='ltr'>xm,</span> <span class='ocrx_word' id='word_1_18' title='bbox 2446 352 2517 419; x_wconf 89' lang='lat'>8).</span> <span class='ocrx_word' id='word_1_19' title='bbox 2560 374 2578 399; x_wconf 69' lang='grc' dir='ltr'>ι</span> <span class='ocrx_word' id='word_1_20' title='bbox 2615 356 2799 422; x_wconf 82' lang='lat' dir='ltr'>Atque</span> <span class='ocrx_word' id='word_1_21' title='bbox 2822 353 2900 406; x_wconf 90' lang='lat' dir='ltr'>ita</span> <span class='ocrx_word' id='word_1_22' title='bbox 2949 354 3138 423; x_wconf 79' lang='lat' dir='ltr'>potius</span> <span class='ocrx_word' id='word_1_23' title='bbox 3186 357 3492 425; x_wconf 89' lang='lat' dir='ltr'>agendum,</span> <span class='ocrx_word' id='word_1_24' title='bbox 3545 365 3609 412; x_wconf 92' lang='lat' dir='ltr'>ut</span> <span class='ocrx_word' id='word_1_25' title='bbox 3673 364 3730 414; x_wconf 88' lang='lat' dir='ltr'>et</span> 
     </span>
    </p>
   </div>
   <div class='ocr_carea' id='block_1_5' title="bbox 223 435 1925 505">
    <p class='ocr_par' dir='ltr' id='par_1_5' title="bbox 223 435 1925 505">
     <span class='ocr_line' id='line_1_5' title="bbox 223 435 1925 505; baseline 0.001 -16"><span class='ocrx_word' id='word_1_26' title='bbox 223 436 484 489; x_wconf 84' lang='lat' dir='ltr'>demnari</span> <span class='ocrx_word' id='word_1_27' title='bbox 517 452 528 488; x_wconf 90' lang='lat'><strong>:</strong></span> <span class='ocrx_word' id='word_1_28' title='bbox 568 452 637 488; x_wconf 90' lang='lat' dir='ltr'>ne</span> <span class='ocrx_word' id='word_1_29' title='bbox 673 436 794 505; x_wconf 88' lang='lat' dir='ltr'>jam</span> <span class='ocrx_word' id='word_1_30' title='bbox 826 452 940 488; x_wconf 91' lang='lat' dir='ltr'>non</span> <span class='ocrx_word' id='word_1_31' title='bbox 983 435 1108 500; x_wconf 91' lang='lat' dir='ltr'>iste,</span> <span class='ocrx_word' id='word_1_32' title='bbox 1144 435 1243 505; x_wconf 86' lang='lat' dir='ltr'>qui</span> <span class='ocrx_word' id='word_1_33' title='bbox 1292 452 1481 488; x_wconf 89' lang='lat' dir='ltr'>errare</span> <span class='ocrx_word' id='word_1_34' title='bbox 1512 443 1766 505; x_wconf 75' lang='lat' dir='ltr'>putatur,</span> <span class='ocrx_word' id='word_1_35' title='bbox 1822 436 1925 491; x_wconf 89' lang='lat' dir='ltr'>sed</span> 
     </span>
    </p>
   </div>
   <div class='ocr_carea' id='block_1_6' title="bbox 222 524 1927 595">
    <p class='ocr_par' dir='ltr' id='par_1_6' title="bbox 222 524 1927 595">
     <span class='ocr_line' id='line_1_6' title="bbox 222 524 1927 595; baseline 0.001 -18"><span class='ocrx_word' id='word_1_36' title='bbox 222 524 321 579; x_wconf 91' lang='lat' dir='ltr'>ille</span> <span class='ocrx_word' id='word_1_37' title='bbox 370 525 581 595; x_wconf 81' lang='lat' dir='ltr'>potius,</span> <span class='ocrx_word' id='word_1_38' title='bbox 633 524 793 594; x_wconf 86' lang='lat' dir='ltr'><strong>cujus</strong></span> <span class='ocrx_word' id='word_1_39' title='bbox 838 524 1235 577; x_wconf 78' lang='lat' dir='ltr'>auctoritatem</span> <span class='ocrx_word' id='word_1_40' title='bbox 1287 526 1562 595; x_wconf 83' lang='lat' dir='ltr'>sequitur,</span> <span class='ocrx_word' id='word_1_41' title='bbox 1626 526 1927 579; x_wconf 73' lang='lat' dir='ltr'>haereticus</span> 
     </span>
    </p>
   </div>
   <div class='ocr_carea' id='block_1_7' title="bbox 225 613 1925 683">
    <p class='ocr_par' dir='ltr' id='par_1_7' title="bbox 225 613 1925 683">
     <span class='ocr_line' id='line_1_7' title="bbox 225 613 1925 683; baseline 0.001 -17"><span class='ocrx_word' id='word_1_42' title='bbox 225 629 352 666; x_wconf 86' lang='lat' dir='ltr'>esse</span> <span class='ocrx_word' id='word_1_43' title='bbox 380 613 686 683; x_wconf 89' lang='lat' dir='ltr'>judicetur.</span> <span class='ocrx_word' id='word_1_44' title='bbox 723 615 786 666; x_wconf 88' lang='lat' dir='ltr'>Et</span> <span class='ocrx_word' id='word_1_45' title='bbox 826 613 959 666; x_wconf 89' lang='lat' dir='ltr'>licet</span> <span class='ocrx_word' id='word_1_46' title='bbox 1006 613 1104 666; x_wconf 85' lang='lat' dir='ltr'>alii</span> <span class='ocrx_word' id='word_1_47' title='bbox 1145 613 1381 683; x_wconf 89' lang='lat' dir='ltr'>quidam</span> <span class='ocrx_word' id='word_1_48' title='bbox 1422 614 1620 679; x_wconf 80' lang='lat' dir='ltr'>sancti,</span> <span class='ocrx_word' id='word_1_49' title='bbox 1655 618 1710 667; x_wconf 86' lang='lat' dir='ltr'>et</span> <span class='ocrx_word' id='word_1_50' title='bbox 1756 630 1925 668; x_wconf 88' lang='lat' dir='ltr'>vene-</span> 
     </span>
    </p>
   </div>
   <div class='ocr_carea' id='block_1_8' title="bbox 223 702 1923 772">
    <p class='ocr_par' dir='ltr' id='par_1_8' title="bbox 223 702 1923 772">
     <span class='ocr_line' id='line_1_8' title="bbox 223 702 1923 772; baseline 0.001 -18"><span class='ocrx_word' id='word_1_51' title='bbox 223 702 435 755; x_wconf 88' lang='lat' dir='ltr'>rabiles</span> <span class='ocrx_word' id='word_1_52' title='bbox 475 707 663 772; x_wconf 86' lang='lat' dir='ltr'>patres</span> <span class='ocrx_word' id='word_1_53' title='bbox 710 702 1050 772; x_wconf 84' lang='lat' dir='ltr'>simpliciter</span> <span class='ocrx_word' id='word_1_54' title='bbox 1099 702 1197 755; x_wconf 87' lang='lat' dir='ltr'>illa</span> <span class='ocrx_word' id='word_1_55' title='bbox 1243 703 1489 772; x_wconf 76' lang='lat' dir='ltr'>apostoli</span> <span class='ocrx_word' id='word_1_56' title='bbox 1542 705 1714 757; x_wconf 91' lang='lat' dir='ltr'>verba</span> <span class='ocrx_word' id='word_1_57' title='bbox 1762 719 1923 757; x_wconf 90' lang='lat' dir='ltr'>acce-</span> 
     </span>
    </p>
   </div>
   <div class='ocr_carea' id='block_1_9' title="bbox 222 791 1923 861">
    <p class='ocr_par' dir='ltr' id='par_1_9' title="bbox 222 791 1923 861">
     <span class='ocr_line' id='line_1_9' title="bbox 222 791 1923 861; baseline 0.001 -18"><span class='ocrx_word' id='word_1_58' title='bbox 222 791 378 861; x_wconf 87' lang='lat' dir='ltr'>pisse</span> <span class='ocrx_word' id='word_1_59' title='bbox 408 792 779 845; x_wconf 84' lang='lat' dir='ltr'>inveniantur</span> <span class='ocrx_word' id='word_1_60' title='bbox 811 797 1187 861; x_wconf 89' lang='lat' dir='ltr'>utrorumque</span> <span class='ocrx_word' id='word_1_61' title='bbox 1228 797 1421 845; x_wconf 89' lang='lat' dir='ltr'>tamen</span> <span class='ocrx_word' id='word_1_62' title='bbox 1472 792 1755 845; x_wconf 88' lang='lat' dir='ltr'>sententia</span> <span class='ocrx_word' id='word_1_63' title='bbox 1801 792 1923 845; x_wconf 84' lang='lat' dir='ltr'>fue-</span> 
     </span>
    </p>
   </div>
   <div class='ocr_carea' id='block_1_10' title="bbox 228 880 1925 949">
    <p class='ocr_par' dir='ltr' id='par_1_10' title="bbox 228 880 1925 949">
     <span class='ocr_line' id='line_1_10' title="bbox 228 880 1925 949; baseline -0.001 -16"><span class='ocrx_word' id='word_1_64' title='bbox 228 885 319 933; x_wconf 85' lang='lat' dir='ltr'>rat</span> <span class='ocrx_word' id='word_1_65' title='bbox 349 880 685 933; x_wconf 89' lang='lat' dir='ltr'>honoranda</span> <span class='ocrx_word' id='word_1_66' title='bbox 715 896 727 933; x_wconf 95' lang='lat'><strong>:</strong></span> <span class='ocrx_word' id='word_1_67' title='bbox 761 896 866 932; x_wconf 89' lang='lat' dir='ltr'>nec</span> <span class='ocrx_word' id='word_1_68' title='bbox 890 880 1089 948; x_wconf 88' lang='lat' dir='ltr'>utjam</span> <span class='ocrx_word' id='word_1_69' title='bbox 1121 881 1384 949; x_wconf 83' lang='lat' dir='ltr'>superius</span> <span class='ocrx_word' id='word_1_70' title='bbox 1410 880 1626 933; x_wconf 91' lang='lat' dir='ltr'>dictum</span> <span class='ocrx_word' id='word_1_71' title='bbox 1658 886 1761 944; x_wconf 82' lang='lat' dir='ltr'>est,</span> <span class='ocrx_word' id='word_1_72' title='bbox 1814 896 1925 933; x_wconf 88' lang='lat' dir='ltr'>una</span> 
     </span>
    </p>
   </div>
   <div class='ocr_carea' id='block_1_11' title="bbox 222 968 1929 1037">
    <p class='ocr_par' dir='ltr' id='par_1_11' title="bbox 222 968 1929 1037">
     <span class='ocr_line' id='line_1_11' title="bbox 222 968 1929 1037; baseline 0.001 -16"><span class='ocrx_word' id='word_1_73' title='bbox 222 984 332 1037; x_wconf 91' lang='lat' dir='ltr'>pro</span> <span class='ocrx_word' id='word_1_74' title='bbox 365 969 540 1022; x_wconf 91' lang='lat' dir='ltr'>altera</span> <span class='ocrx_word' id='word_1_75' title='bbox 570 968 923 1034; x_wconf 89' lang='lat' dir='ltr'>damnanda;</span> <span class='ocrx_word' id='word_1_76' title='bbox 959 968 1095 1037; x_wconf 88' lang='lat' dir='ltr'>quia</span> <span class='ocrx_word' id='word_1_77' title='bbox 1138 973 1192 1021; x_wconf 91' lang='lat' dir='ltr'>et</span> <span class='ocrx_word' id='word_1_78' title='bbox 1238 969 1338 1021; x_wconf 90' lang='lat' dir='ltr'>illa</span> <span class='ocrx_word' id='word_1_79' title='bbox 1382 984 1445 1021; x_wconf 84' lang='lat' dir='ltr'>ex</span> <span class='ocrx_word' id='word_1_80' title='bbox 1499 969 1692 1023; x_wconf 89' lang='lat' dir='ltr'>divina</span> <span class='ocrx_word' id='word_1_81' title='bbox 1742 973 1929 1022; x_wconf 90' lang='lat' dir='ltr'>aucto-</span> 
     </span>
    </p>
   </div>
   <div class='ocr_carea' id='block_1_12' title="bbox 222 1058 1924 1128">
    <p class='ocr_par' dir='ltr' id='par_1_12' title="bbox 222 1058 1924 1128">
     <span class='ocr_line' id='line_1_12' title="bbox 222 1058 1924 1128; baseline 0 -17"><span class='ocrx_word' id='word_1_82' title='bbox 222 1058 393 1111; x_wconf 87' lang='lat' dir='ltr'>ritate</span> <span class='ocrx_word' id='word_1_83' title='bbox 422 1074 554 1111; x_wconf 87' lang='lat' dir='ltr'>vera</span> <span class='ocrx_word' id='word_1_84' title='bbox 584 1073 703 1110; x_wconf 88' lang='lat' dir='ltr'>esse</span> <span class='ocrx_word' id='word_1_85' title='bbox 735 1062 1107 1122; x_wconf 84' lang='lat' dir='ltr'>monstratur,</span> <span class='ocrx_word' id='word_1_86' title='bbox 1141 1060 1198 1110; x_wconf 92' lang='lat' dir='ltr'>et</span> <span class='ocrx_word' id='word_1_87' title='bbox 1247 1058 1353 1110; x_wconf 88' lang='lat' dir='ltr'>ista</span> <span class='ocrx_word' id='word_1_88' title='bbox 1400 1058 1649 1128; x_wconf 89' lang='lat' dir='ltr'>quadam</span> <span class='ocrx_word' id='word_1_89' title='bbox 1697 1058 1790 1127; x_wconf 89' lang='lat' dir='ltr'>pia</span> <span class='ocrx_word' id='word_1_90' title='bbox 1834 1073 1924 1111; x_wconf 88' lang='lat' dir='ltr'>ra-</span> 
     </span>
    </p>
   </div>
   <div class='ocr_carea' id='block_1_13' title="bbox 219 1145 1771 1200">
    <p class='ocr_par' dir='ltr' id='par_1_13' title="bbox 219 1145 1771 1200">
     <span class='ocr_line' id='line_1_13' title="bbox 219 1145 1771 1200; baseline -0.001 0"><span class='ocrx_word' id='word_1_91' title='bbox 219 1146 386 1200; x_wconf 86' lang='lat' dir='ltr'>tione</span> <span class='ocrx_word' id='word_1_92' title='bbox 415 1162 531 1200; x_wconf 91' lang='lat' dir='ltr'>non</span> <span class='ocrx_word' id='word_1_93' title='bbox 556 1146 861 1200; x_wconf 86' lang='lat' dir='ltr'>abhorrere</span> <span class='ocrx_word' id='word_1_94' title='bbox 893 1163 926 1199; x_wconf 88' lang='lat' dir='ltr'>a</span> <span class='ocrx_word' id='word_1_95' title='bbox 956 1146 1192 1199; x_wconf 87' lang='lat' dir='ltr'>veritate</span> <span class='ocrx_word' id='word_1_96' title='bbox 1222 1145 1470 1199; x_wconf 83' lang='lat' dir='ltr'>fideliter</span> <span class='ocrx_word' id='word_1_97' title='bbox 1498 1146 1771 1199; x_wconf 89' lang='lat' dir='ltr'>creditur.</span> 
     </span>
    </p>
   </div>
   <div class='ocr_carea' id='block_1_14' title="bbox 295 1234 1923 1304">
    <p class='ocr_par' dir='ltr' id='par_1_14' title="bbox 295 1234 1923 1304">
     <span class='ocr_line' id='line_1_14' title="bbox 295 1234 1923 1304; baseline -0.001 -15"><span class='ocrx_word' id='word_1_98' title='bbox 295 1234 425 1289; x_wconf 86' lang='lat' dir='ltr'>Jam</span> <span class='ocrx_word' id='word_1_99' title='bbox 457 1234 619 1288; x_wconf 89' lang='lat' dir='ltr'>illum</span> <span class='ocrx_word' id='word_1_100' title='bbox 651 1234 716 1288; x_wconf 86' lang='lat' dir='ltr'>de</span> <span class='ocrx_word' id='word_1_101' title='bbox 758 1236 1028 1289; x_wconf 77' lang='lat' dir='ltr'>Dominici</span> <span class='ocrx_word' id='word_1_102' title='bbox 1068 1236 1353 1302; x_wconf 72' lang='lat' dir='ltr'>sanguinis</span> <span class='ocrx_word' id='word_1_103' title='bbox 1402 1238 1577 1303; x_wconf 72' lang='lat' dir='ltr'>pretio</span> <span class='ocrx_word' id='word_1_104' title='bbox 1622 1234 1775 1304; x_wconf 91' lang='lat' dir='ltr'>quod</span> <span class='ocrx_word' id='word_1_105' title='bbox 1818 1250 1923 1304; x_wconf 89' lang='lat' dir='ltr'>pro</span> 
     </span>
    </p>
   </div>
   <div class='ocr_carea' id='block_1_15' title="bbox 220 1322 1925 1393">
    <p class='ocr_par' dir='ltr' id='par_1_15' title="bbox 220 1322 1925 1393">
     <span class='ocr_line' id='line_1_15' title="bbox 220 1322 1925 1393; baseline -0.001 -16"><span class='ocrx_word' id='word_1_106' title='bbox 220 1324 314 1377; x_wconf 90' lang='lat' dir='ltr'>his</span> <span class='ocrx_word' id='word_1_107' title='bbox 344 1328 565 1377; x_wconf 88' lang='lat' dir='ltr'>tantum</span> <span class='ocrx_word' id='word_1_108' title='bbox 602 1323 699 1393; x_wconf 87' lang='lat' dir='ltr'>qui</span> <span class='ocrx_word' id='word_1_109' title='bbox 739 1323 967 1376; x_wconf 89' lang='lat' dir='ltr'>credere</span> <span class='ocrx_word' id='word_1_110' title='bbox 1006 1324 1294 1376; x_wconf 88' lang='lat' dir='ltr'>voluerint</span> <span class='ocrx_word' id='word_1_111' title='bbox 1342 1324 1536 1376; x_wconf 89' lang='lat' dir='ltr'>datum</span> <span class='ocrx_word' id='word_1_112' title='bbox 1569 1324 1644 1376; x_wconf 86' lang='lat' dir='ltr'>sit</span> <span class='ocrx_word' id='word_1_113' title='bbox 1687 1322 1925 1377; x_wconf 87' lang='lat' dir='ltr'>manife-</span> 
     </span>
    </p>
   </div>
   <div class='ocr_carea' id='block_1_16' title="bbox 220 1410 1924 1481">
    <p class='ocr_par' dir='ltr' id='par_1_16' title="bbox 220 1410 1924 1481">
     <span class='ocr_line' id='line_1_16' title="bbox 220 1410 1924 1481; baseline 0 -16"><span class='ocrx_word' id='word_1_114' title='bbox 220 1418 379 1465; x_wconf 87' lang='lat' dir='ltr'>stum</span> <span class='ocrx_word' id='word_1_115' title='bbox 402 1417 505 1478; x_wconf 89' lang='lat' dir='ltr'>est,</span> <span class='ocrx_word' id='word_1_116' title='bbox 535 1412 681 1464; x_wconf 90' lang='lat' dir='ltr'>sicut</span> <span class='ocrx_word' id='word_1_117' title='bbox 702 1427 874 1481; x_wconf 86' lang='lat' dir='ltr'>supra</span> <span class='ocrx_word' id='word_1_118' title='bbox 890 1411 1027 1463; x_wconf 87' lang='lat' dir='ltr'>satis</span> <span class='ocrx_word' id='word_1_119' title='bbox 1049 1410 1407 1464; x_wconf 88' lang='lat' dir='ltr'>ostendimus</span> <span class='ocrx_word' id='word_1_120' title='bbox 1430 1412 1765 1465; x_wconf 89' lang='lat' dir='ltr'>eorumdem</span> <span class='ocrx_word' id='word_1_121' title='bbox 1799 1412 1924 1465; x_wconf 90' lang='lat' dir='ltr'>bea-</span> 
     </span>
    </p>
   </div>
   <div class='ocr_carea' id='block_1_17' title="bbox 219 1498 1925 1570">
    <p class='ocr_par' dir='ltr' id='par_1_17' title="bbox 219 1498 1925 1570">
     <span class='ocr_line' id='line_1_17' title="bbox 219 1498 1925 1570; baseline 0 -17"><span class='ocrx_word' id='word_1_122' title='bbox 219 1505 418 1554; x_wconf 88' lang='lat' dir='ltr'>torum</span> <span class='ocrx_word' id='word_1_123' title='bbox 437 1505 666 1570; x_wconf 87' lang='lat' dir='ltr'>patrum</span> <span class='ocrx_word' id='word_1_124' title='bbox 691 1498 977 1552; x_wconf 86' lang='lat' dir='ltr'>sententia</span> <span class='ocrx_word' id='word_1_125' title='bbox 1002 1515 1013 1552; x_wconf 91' lang='lat'>:</span> <span class='ocrx_word' id='word_1_126' title='bbox 1040 1516 1213 1569; x_wconf 89' lang='lat' dir='ltr'>quam</span> <span class='ocrx_word' id='word_1_127' title='bbox 1232 1500 1357 1566; x_wconf 86' lang='lat' dir='ltr'>iste,</span> <span class='ocrx_word' id='word_1_128' title='bbox 1382 1504 1443 1552; x_wconf 88' lang='lat' dir='ltr'>ut</span> <span class='ocrx_word' id='word_1_129' title='bbox 1469 1506 1755 1568; x_wconf 82' lang='lat' dir='ltr'>putamus,</span> <span class='ocrx_word' id='word_1_130' title='bbox 1779 1504 1834 1553; x_wconf 92' lang='lat' dir='ltr'>et</span> <span class='ocrx_word' id='word_1_131' title='bbox 1852 1501 1925 1553; x_wconf 89' lang='lat' dir='ltr'>le-</span> 
     </span>
    </p>
   </div>
   <div class='ocr_carea' id='block_1_18' title="bbox 220 1587 1921 1657">
    <p class='ocr_par' dir='ltr' id='par_1_18' title="bbox 220 1587 1921 1657">
     <span class='ocr_line' id='line_1_18' title="bbox 220 1587 1921 1657; baseline 0 -17"><span class='ocrx_word' id='word_1_132' title='bbox 220 1589 413 1657; x_wconf 89' lang='lat' dir='ltr'>gendo</span> <span class='ocrx_word' id='word_1_133' title='bbox 449 1588 741 1653; x_wconf 86' lang='lat' dir='ltr'>didicerat,</span> <span class='ocrx_word' id='word_1_134' title='bbox 774 1592 829 1641; x_wconf 93' lang='lat' dir='ltr'>et</span> <span class='ocrx_word' id='word_1_135' title='bbox 875 1587 1146 1641; x_wconf 87' lang='lat' dir='ltr'>damnare</span> <span class='ocrx_word' id='word_1_136' title='bbox 1195 1588 1504 1641; x_wconf 87' lang='lat' dir='ltr'>metuebat.</span> <span class='ocrx_word' id='word_1_137' title='bbox 1560 1588 1738 1654; x_wconf 85' lang='lat' dir='ltr'>Unde,</span> <span class='ocrx_word' id='word_1_138' title='bbox 1772 1593 1828 1641; x_wconf 95' lang='lat' dir='ltr'>et</span> <span class='ocrx_word' id='word_1_139' title='bbox 1876 1588 1921 1640; x_wconf 91' lang='lat' dir='ltr'>si</span> 
     </span>
    </p>
   </div>
   <div class='ocr_carea' id='block_1_19' title="bbox 220 1677 1923 1747">
    <p class='ocr_par' dir='ltr' id='par_1_19' title="bbox 220 1677 1923 1747">
     <span class='ocr_line' id='line_1_19' title="bbox 220 1677 1923 1747; baseline 0 -18"><span class='ocrx_word' id='word_1_140' title='bbox 220 1677 441 1730; x_wconf 79' lang='lat' dir='ltr'>inventi</span> <span class='ocrx_word' id='word_1_141' title='bbox 488 1682 618 1731; x_wconf 89' lang='lat' dir='ltr'>sunt</span> <span class='ocrx_word' id='word_1_142' title='bbox 648 1677 745 1731; x_wconf 92' lang='lat' dir='ltr'>alii</span> <span class='ocrx_word' id='word_1_143' title='bbox 792 1693 955 1747; x_wconf 65' lang='lat' dir='ltr'>aeque</span> <span class='ocrx_word' id='word_1_144' title='bbox 1012 1682 1221 1747; x_wconf 86' lang='lat' dir='ltr'>patres,</span> <span class='ocrx_word' id='word_1_145' title='bbox 1281 1678 1377 1747; x_wconf 88' lang='lat' dir='ltr'>qui</span> <span class='ocrx_word' id='word_1_146' title='bbox 1410 1677 1552 1731; x_wconf 90' lang='lat' dir='ltr'>illud</span> <span class='ocrx_word' id='word_1_147' title='bbox 1605 1678 1923 1747; x_wconf 90' lang='lat' dir='ltr'>gloriosum</span> 
     </span>
    </p>
   </div>
   <div class='ocr_carea' id='block_1_20' title="bbox 220 1765 1921 1836">
    <p class='ocr_par' dir='ltr' id='par_1_20' title="bbox 220 1765 1921 1836">
     <span class='ocr_line' id='line_1_20' title="bbox 220 1765 1921 1836; baseline -0.001 -18"><span class='ocrx_word' id='word_1_148' title='bbox 220 1765 479 1835; x_wconf 88' lang='lat' dir='ltr'>pretium</span> <span class='ocrx_word' id='word_1_149' title='bbox 512 1767 685 1820; x_wconf 89' lang='lat' dir='ltr'>etiam</span> <span class='ocrx_word' id='word_1_150' title='bbox 718 1783 819 1836; x_wconf 91' lang='lat' dir='ltr'>pro</span> <span class='ocrx_word' id='word_1_151' title='bbox 840 1782 1137 1836; x_wconf 88' lang='lat' dir='ltr'>nunquam</span> <span class='ocrx_word' id='word_1_152' title='bbox 1170 1765 1493 1834; x_wconf 87' lang='lat' dir='ltr'>credituris,</span> <span class='ocrx_word' id='word_1_153' title='bbox 1525 1772 1580 1819; x_wconf 90' lang='lat' dir='ltr'>et</span> <span class='ocrx_word' id='word_1_154' title='bbox 1603 1767 1661 1819; x_wconf 93' lang='lat' dir='ltr'>in</span> <span class='ocrx_word' id='word_1_155' title='bbox 1688 1783 1786 1819; x_wconf 89' lang='lat' dir='ltr'>sua</span> <span class='ocrx_word' id='word_1_156' title='bbox 1814 1767 1921 1818; x_wconf 89' lang='lat' dir='ltr'>im-</span> 
     </span>
    </p>
   </div>
   <div class='ocr_carea' id='block_1_21' title="bbox 222 1855 1925 1925">
    <p class='ocr_par' dir='ltr' id='par_1_21' title="bbox 222 1855 1925 1925">
     <span class='ocr_line' id='line_1_21' title="bbox 222 1855 1925 1925; baseline 0.001 -18"><span class='ocrx_word' id='word_1_157' title='bbox 222 1855 439 1924; x_wconf 90' lang='lat' dir='ltr'>pietate</span> <span class='ocrx_word' id='word_1_158' title='bbox 474 1855 745 1925; x_wconf 89' lang='lat' dir='ltr'>perituris</span> <span class='ocrx_word' id='word_1_159' title='bbox 785 1855 981 1909; x_wconf 90' lang='lat' dir='ltr'>datum</span> <span class='ocrx_word' id='word_1_160' title='bbox 1013 1870 1131 1908; x_wconf 89' lang='lat' dir='ltr'>esse</span> <span class='ocrx_word' id='word_1_161' title='bbox 1162 1871 1277 1908; x_wconf 89' lang='lat' dir='ltr'>non</span> <span class='ocrx_word' id='word_1_162' title='bbox 1310 1856 1585 1920; x_wconf 86' lang='lat' dir='ltr'>abnuant,</span> <span class='ocrx_word' id='word_1_163' title='bbox 1621 1856 1827 1908; x_wconf 88' lang='lat' dir='ltr'>melius</span> <span class='ocrx_word' id='word_1_164' title='bbox 1864 1860 1925 1908; x_wconf 92' lang='lat' dir='ltr'>ut</span> 
     </span>
    </p>
   </div>
   <div class='ocr_carea' id='block_1_22' title="bbox 223 1943 1925 2013">
    <p class='ocr_par' dir='ltr' id='par_1_22' title="bbox 223 1943 1925 2013">
     <span class='ocr_line' id='line_1_22' title="bbox 223 1943 1925 2013; baseline 0 -16"><span class='ocrx_word' id='word_1_165' title='bbox 223 1943 513 1998; x_wconf 87' lang='lat' dir='ltr'>credimus</span> <span class='ocrx_word' id='word_1_166' title='bbox 563 1944 791 2013; x_wconf 88' lang='lat' dir='ltr'>utrique</span> <span class='ocrx_word' id='word_1_167' title='bbox 847 1944 1292 2006; x_wconf 87' lang='lat' dir='ltr'>honorarentur,</span> <span class='ocrx_word' id='word_1_168' title='bbox 1357 1960 1457 1996; x_wconf 93' lang='lat' dir='ltr'>nec</span> <span class='ocrx_word' id='word_1_169' title='bbox 1513 1960 1616 2012; x_wconf 89' lang='lat' dir='ltr'>pro</span> <span class='ocrx_word' id='word_1_170' title='bbox 1664 1943 1788 1997; x_wconf 84' lang='lat' dir='ltr'>aliis</span> <span class='ocrx_word' id='word_1_171' title='bbox 1831 1944 1925 1997; x_wconf 91' lang='lat' dir='ltr'>alii</span> 
     </span>
    </p>
   </div>
   <div class='ocr_carea' id='block_1_23' title="bbox 223 2031 1921 2101">
    <p class='ocr_par' dir='ltr' id='par_1_23' title="bbox 223 2031 1921 2101">
     <span class='ocr_line' id='line_1_23' title="bbox 223 2031 1921 2101; baseline 0 -15"><span class='ocrx_word' id='word_1_172' title='bbox 223 2034 680 2087; x_wconf 86' lang='lat' dir='ltr'>damnarentur:</span> <span class='ocrx_word' id='word_1_173' title='bbox 721 2032 853 2101; x_wconf 86' lang='lat' dir='ltr'>quia</span> <span class='ocrx_word' id='word_1_174' title='bbox 886 2037 943 2084; x_wconf 92' lang='lat' dir='ltr'>et</span> <span class='ocrx_word' id='word_1_175' title='bbox 982 2031 1121 2084; x_wconf 92' lang='lat' dir='ltr'>illud</span> <span class='ocrx_word' id='word_1_176' title='bbox 1168 2032 1463 2085; x_wconf 84' lang='lat' dir='ltr'>manifeste</span> <span class='ocrx_word' id='word_1_177' title='bbox 1490 2032 1682 2085; x_wconf 89' lang='lat' dir='ltr'>divina</span> <span class='ocrx_word' id='word_1_178' title='bbox 1727 2037 1921 2086; x_wconf 87' lang='lat' dir='ltr'>aucto-</span> 
     </span>
    </p>
   </div>
   <div class='ocr_carea' id='block_1_24' title="bbox 224 2120 1927 2189">
    <p class='ocr_par' dir='ltr' id='par_1_24' title="bbox 224 2120 1927 2189">
     <span class='ocr_line' id='line_1_24' title="bbox 224 2120 1927 2189; baseline 0.001 -15"><span class='ocrx_word' id='word_1_179' title='bbox 224 2122 394 2174; x_wconf 86' lang='lat' dir='ltr'>ritate</span> <span class='ocrx_word' id='word_1_180' title='bbox 423 2120 713 2173; x_wconf 87' lang='lat' dir='ltr'>ﬁrmatum</span> <span class='ocrx_word' id='word_1_181' title='bbox 746 2125 863 2185; x_wconf 88' lang='lat' dir='ltr'>est;</span> <span class='ocrx_word' id='word_1_182' title='bbox 900 2124 954 2173; x_wconf 90' lang='lat' dir='ltr'>et</span> <span class='ocrx_word' id='word_1_183' title='bbox 990 2120 1141 2173; x_wconf 87' lang='lat' dir='ltr'>istud</span> <span class='ocrx_word' id='word_1_184' title='bbox 1185 2120 1231 2172; x_wconf 89' lang='lat' dir='ltr'>si</span> <span class='ocrx_word' id='word_1_185' title='bbox 1262 2120 1352 2189; x_wconf 88' lang='lat' dir='ltr'>pie</span> <span class='ocrx_word' id='word_1_186' title='bbox 1384 2120 1645 2185; x_wconf 90' lang='lat' dir='ltr'>sentitur,</span> <span class='ocrx_word' id='word_1_187' title='bbox 1691 2138 1807 2174; x_wconf 90' lang='lat' dir='ltr'>non</span> <span class='ocrx_word' id='word_1_188' title='bbox 1841 2126 1927 2175; x_wconf 87' lang='lat' dir='ltr'>est</span> 
     </span>
    </p>
   </div>
   <div class='ocr_carea' id='block_1_25' title="bbox 224 2208 1924 2275">
    <p class='ocr_par' dir='ltr' id='par_1_25' title="bbox 224 2208 1924 2275">
     <span class='ocr_line' id='line_1_25' title="bbox 224 2208 1924 2275; baseline -0.001 -11"><span class='ocrx_word' id='word_1_189' title='bbox 224 2210 618 2265; x_wconf 87' lang='lat' dir='ltr'>abnuendum.</span> <span class='ocrx_word' id='word_1_190' title='bbox 644 2209 805 2273; x_wconf 86' lang='lat' dir='ltr'>Quod</span> <span class='ocrx_word' id='word_1_191' title='bbox 830 2225 965 2261; x_wconf 90' lang='lat' dir='ltr'>vero</span> <span class='ocrx_word' id='word_1_192' title='bbox 989 2210 1196 2263; x_wconf 81' lang='lat' dir='ltr'>dixisse</span> <span class='ocrx_word' id='word_1_193' title='bbox 1222 2208 1505 2275; x_wconf 90' lang='lat' dir='ltr'>ﬁrmatur,</span> <span class='ocrx_word' id='word_1_194' title='bbox 1537 2211 1605 2263; x_wconf 92' lang='lat' dir='ltr'>ad</span> <span class='ocrx_word' id='word_1_195' title='bbox 1634 2211 1780 2263; x_wconf 88' lang='lat' dir='ltr'>male</span> <span class='ocrx_word' id='word_1_196' title='bbox 1805 2216 1924 2263; x_wconf 89' lang='lat' dir='ltr'>tan-</span> 
     </span>
    </p>
   </div>
   <div class='ocr_carea' id='block_1_26' title="bbox 223 2297 1923 2367">
    <p class='ocr_par' dir='ltr' id='par_1_26' title="bbox 223 2297 1923 2367">
     <span class='ocr_line' id='line_1_26' title="bbox 223 2297 1923 2367; baseline -0.001 -14"><span class='ocrx_word' id='word_1_197' title='bbox 223 2298 526 2353; x_wconf 91' lang='lat' dir='ltr'>tummodo</span> <span class='ocrx_word' id='word_1_198' title='bbox 568 2299 857 2367; x_wconf 87' lang='lat' dir='ltr'>agendum</span> <span class='ocrx_word' id='word_1_199' title='bbox 888 2297 1132 2351; x_wconf 88' lang='lat' dir='ltr'>liberum</span> <span class='ocrx_word' id='word_1_200' title='bbox 1174 2314 1274 2350; x_wconf 90' lang='lat' dir='ltr'>nos</span> <span class='ocrx_word' id='word_1_201' title='bbox 1313 2298 1525 2351; x_wconf 87' lang='lat' dir='ltr'>habere</span> <span class='ocrx_word' id='word_1_202' title='bbox 1580 2299 1923 2365; x_wconf 85' lang='lat' dir='ltr'>arbitrium;</span> 
     </span>
    </p>
   </div>
   <div class='ocr_carea' id='block_1_27' title="bbox 224 2386 1922 2456">
    <p class='ocr_par' dir='ltr' id='par_1_27' title="bbox 224 2386 1922 2456">
     <span class='ocr_line' id='line_1_27' title="bbox 224 2386 1922 2456; baseline -0.001 -16"><span class='ocrx_word' id='word_1_203' title='bbox 224 2388 295 2441; x_wconf 89' lang='lat' dir='ltr'>ad</span> <span class='ocrx_word' id='word_1_204' title='bbox 328 2388 474 2440; x_wconf 90' lang='lat' dir='ltr'>bene</span> <span class='ocrx_word' id='word_1_205' title='bbox 504 2402 639 2440; x_wconf 90' lang='lat' dir='ltr'>vero</span> <span class='ocrx_word' id='word_1_206' title='bbox 686 2387 971 2456; x_wconf 89' lang='lat' dir='ltr'>agendum</span> <span class='ocrx_word' id='word_1_207' title='bbox 1022 2402 1136 2439; x_wconf 91' lang='lat' dir='ltr'>non</span> <span class='ocrx_word' id='word_1_208' title='bbox 1168 2386 1399 2449; x_wconf 88' lang='lat' dir='ltr'>habere,</span> <span class='ocrx_word' id='word_1_209' title='bbox 1438 2387 1483 2439; x_wconf 91' lang='lat' dir='ltr'>si</span> <span class='ocrx_word' id='word_1_210' title='bbox 1523 2404 1650 2440; x_wconf 79' lang='lat' dir='ltr'>vere</span> <span class='ocrx_word' id='word_1_211' title='bbox 1685 2388 1762 2440; x_wconf 87' lang='lat' dir='ltr'>ita</span> <span class='ocrx_word' id='word_1_212' title='bbox 1794 2404 1922 2439; x_wconf 88' lang='lat' dir='ltr'>son-</span> 
     </span>
    </p>
   </div>
   <div class='ocr_carea' id='block_1_28' title="bbox 227 2474 1923 2541">
    <p class='ocr_par' dir='ltr' id='par_1_28' title="bbox 227 2474 1923 2541">
     <span class='ocr_line' id='line_1_28' title="bbox 227 2474 1923 2541; baseline 0 -12"><span class='ocrx_word' id='word_1_213' title='bbox 227 2477 303 2529; x_wconf 91' lang='lat' dir='ltr'>sit</span> <span class='ocrx_word' id='word_1_214' title='bbox 333 2482 390 2529; x_wconf 93' lang='lat' dir='ltr'>et</span> <span class='ocrx_word' id='word_1_215' title='bbox 443 2475 605 2541; x_wconf 80' lang='lat' dir='ltr'>dixit,</span> <span class='ocrx_word' id='word_1_216' title='bbox 654 2475 760 2527; x_wconf 88' lang='lat' dir='ltr'>hoc</span> <span class='ocrx_word' id='word_1_217' title='bbox 790 2490 919 2527; x_wconf 88' lang='lat' dir='ltr'>vere</span> <span class='ocrx_word' id='word_1_218' title='bbox 953 2490 1069 2526; x_wconf 90' lang='lat' dir='ltr'>non</span> <span class='ocrx_word' id='word_1_219' title='bbox 1119 2479 1203 2527; x_wconf 89' lang='lat' dir='ltr'>est</span> <span class='ocrx_word' id='word_1_220' title='bbox 1249 2491 1316 2527; x_wconf 86' lang='lat' dir='ltr'>ex</span> <span class='ocrx_word' id='word_1_221' title='bbox 1366 2474 1557 2528; x_wconf 90' lang='lat' dir='ltr'>divina</span> <span class='ocrx_word' id='word_1_222' title='bbox 1590 2476 1923 2529; x_wconf 87' lang='lat' dir='ltr'>auctoritate</span> 
     </span>
    </p>
   </div>
   <div class='ocr_carea' id='block_1_29' title="bbox 224 2563 1923 2634">
    <p class='ocr_par' dir='ltr' id='par_1_29' title="bbox 224 2563 1923 2634">
     <span class='ocr_line' id='line_1_29' title="bbox 224 2563 1923 2634; baseline -0.001 -17"><span class='ocrx_word' id='word_1_223' title='bbox 224 2568 547 2634; x_wconf 89' lang='lat' dir='ltr'>sumptum,</span> <span class='ocrx_word' id='word_1_224' title='bbox 607 2578 791 2632; x_wconf 90' lang='lat' dir='ltr'>neque</span> <span class='ocrx_word' id='word_1_225' title='bbox 851 2578 915 2615; x_wconf 84' lang='lat' dir='ltr'>ex</span> <span class='ocrx_word' id='word_1_226' title='bbox 973 2567 1300 2615; x_wconf 90' lang='lat' dir='ltr'>sanctorum</span> <span class='ocrx_word' id='word_1_227' title='bbox 1346 2564 1580 2617; x_wconf 87' lang='lat' dir='ltr'>Patrum</span> <span class='ocrx_word' id='word_1_228' title='bbox 1638 2563 1923 2633; x_wconf 88' lang='lat' dir='ltr'>dogmati-</span> 
     </span>
    </p>
   </div>
   <div class='ocr_carea' id='block_1_30' title="bbox 222 2650 1926 2721">
    <p class='ocr_par' dir='ltr' id='par_1_30' title="bbox 222 2650 1926 2721">
     <span class='ocr_line' id='line_1_30' title="bbox 222 2650 1926 2721; baseline 0.001 -17"><span class='ocrx_word' id='word_1_229' title='bbox 222 2652 333 2705; x_wconf 90' lang='lat' dir='ltr'>bus</span> <span class='ocrx_word' id='word_1_230' title='bbox 390 2656 656 2717; x_wconf 90' lang='lat' dir='ltr'>tractum,</span> <span class='ocrx_word' id='word_1_231' title='bbox 720 2650 815 2703; x_wconf 90' lang='lat' dir='ltr'>sed</span> <span class='ocrx_word' id='word_1_232' title='bbox 871 2656 1069 2719; x_wconf 88' lang='lat' dir='ltr'>aperte</span> <span class='ocrx_word' id='word_1_233' title='bbox 1125 2666 1189 2704; x_wconf 88' lang='lat' dir='ltr'>ex</span> <span class='ocrx_word' id='word_1_234' title='bbox 1250 2651 1487 2720; x_wconf 89' lang='lat' dir='ltr'>proprio</span> <span class='ocrx_word' id='word_1_235' title='bbox 1544 2668 1736 2705; x_wconf 90' lang='lat' dir='ltr'>errore</span> <span class='ocrx_word' id='word_1_236' title='bbox 1792 2668 1926 2721; x_wconf 88' lang='lat' dir='ltr'>pro-</span> 
     </span>
    </p>
   </div>
   <div class='ocr_carea' id='block_1_31' title="bbox 224 2739 1924 2811">
    <p class='ocr_par' dir='ltr' id='par_1_31' title="bbox 224 2739 1924 2811">
     <span class='ocr_line' id='line_1_31' title="bbox 224 2739 1924 2811; baseline 0 -17"><span class='ocrx_word' id='word_1_237' title='bbox 224 2741 425 2794; x_wconf 88' lang='lat' dir='ltr'>latum.</span> <span class='ocrx_word' id='word_1_238' title='bbox 475 2740 618 2803; x_wconf 89' lang='lat' dir='ltr'>Quia</span> <span class='ocrx_word' id='word_1_239' title='bbox 650 2740 899 2793; x_wconf 90' lang='lat' dir='ltr'>liberum</span> <span class='ocrx_word' id='word_1_240' title='bbox 949 2740 1113 2792; x_wconf 90' lang='lat' dir='ltr'>nobis</span> <span class='ocrx_word' id='word_1_241' title='bbox 1144 2739 1445 2793; x_wconf 88' lang='lat' dir='ltr'>arbitrium</span> <span class='ocrx_word' id='word_1_242' title='bbox 1497 2741 1650 2810; x_wconf 90' lang='lat' dir='ltr'>quod</span> <span class='ocrx_word' id='word_1_243' title='bbox 1695 2745 1924 2811; x_wconf 88' lang='lat' dir='ltr'>peccato</span> 
     </span>
    </p>
   </div>
   <div class='ocr_carea' id='block_1_32' title="bbox 220 2828 1920 2898">
    <p class='ocr_par' dir='ltr' id='par_1_32' title="bbox 220 2828 1920 2898">
     <span class='ocr_line' id='line_1_32' title="bbox 220 2828 1920 2898; baseline 0.001 -17"><span class='ocrx_word' id='word_1_244' title='bbox 220 2829 413 2882; x_wconf 87' lang='lat' dir='ltr'>fuerat</span> <span class='ocrx_word' id='word_1_245' title='bbox 442 2828 833 2898; x_wconf 82' lang='lat' dir='ltr'>subjugatum,</span> <span class='ocrx_word' id='word_1_246' title='bbox 867 2844 979 2880; x_wconf 90' lang='lat' dir='ltr'>non</span> <span class='ocrx_word' id='word_1_247' title='bbox 1012 2828 1267 2881; x_wconf 89' lang='lat' dir='ltr'>ablatum</span> <span class='ocrx_word' id='word_1_248' title='bbox 1300 2834 1405 2893; x_wconf 88' lang='lat' dir='ltr'>est,</span> <span class='ocrx_word' id='word_1_249' title='bbox 1443 2829 1543 2881; x_wconf 84' lang='lat' dir='ltr'>sed</span> <span class='ocrx_word' id='word_1_250' title='bbox 1597 2829 1920 2893; x_wconf 88' lang='lat' dir='ltr'>liberatum,</span> 
     </span>
    </p>
   </div>
   <div class='ocr_carea' id='block_1_33' title="bbox 2036 438 3726 515">
    <p class='ocr_par' dir='ltr' id='par_1_33' title="bbox 2036 438 3726 515">
     <span class='ocr_line' id='line_1_33' title="bbox 2036 438 3726 515; baseline 0.006 -25"><span class='ocrx_word' id='word_1_251' title='bbox 2036 442 2224 508; x_wconf 89' lang='lat' dir='ltr'>patres</span> <span class='ocrx_word' id='word_1_252' title='bbox 2256 438 2315 491; x_wconf 91' lang='lat' dir='ltr'>in</span> <span class='ocrx_word' id='word_1_253' title='bbox 2346 438 2500 504; x_wconf 86' lang='lat' dir='ltr'>ﬁliis,</span> <span class='ocrx_word' id='word_1_254' title='bbox 2534 445 2590 493; x_wconf 90' lang='lat' dir='ltr'>et</span> <span class='ocrx_word' id='word_1_255' title='bbox 2618 441 2721 493; x_wconf 88' lang='lat' dir='ltr'>ﬁlii</span> <span class='ocrx_word' id='word_1_256' title='bbox 2748 442 2807 495; x_wconf 91' lang='lat' dir='ltr'>in</span> <span class='ocrx_word' id='word_1_257' title='bbox 2836 443 3095 511; x_wconf 88' lang='lat' dir='ltr'>patribus</span> <span class='ocrx_word' id='word_1_258' title='bbox 3139 444 3519 511; x_wconf 80' lang='lat' dir='ltr'>lionorentur,</span> <span class='ocrx_word' id='word_1_259' title='bbox 3561 448 3726 515; x_wconf 87' lang='lat' dir='ltr'>juxta</span> 
     </span>
    </p>
   </div>
   <div class='ocr_carea' id='block_1_34' title="bbox 2037 525 3726 600">
    <p class='ocr_par' dir='ltr' id='par_1_34' title="bbox 2037 525 3726 600">
     <span class='ocr_line' id='line_1_34' title="bbox 2037 525 3726 600; baseline 0.006 -22"><span class='ocrx_word' id='word_1_260' title='bbox 2037 525 2401 580; x_wconf 89' lang='lat' dir='ltr'>Salomonem</span> <span class='ocrx_word' id='word_1_261' title='bbox 2434 527 2763 581; x_wconf 83' lang='lat' dir='ltr'>dicentem:</span> <span class='ocrx_word' id='word_1_262' title='bbox 2818 550 2837 577; x_wconf 73' lang='grc' dir='ltr'><strong>α</strong></span> <span class='ocrx_word' id='word_1_263' title='bbox 2871 530 3091 584; x_wconf 90' lang='lat' dir='ltr'>Corona</span> <span class='ocrx_word' id='word_1_264' title='bbox 3140 547 3365 600; x_wconf 90' lang='lat' dir='ltr'>senum,</span> <span class='ocrx_word' id='word_1_265' title='bbox 3419 534 3523 586; x_wconf 91' lang='lat' dir='ltr'>ﬁlii</span> <span class='ocrx_word' id='word_1_266' title='bbox 3571 535 3726 588; x_wconf 88' lang='lat' dir='ltr'>ﬁlio—</span> 
     </span>
    </p>
   </div>
   <div class='ocr_carea' id='block_1_35' title="bbox 2036 615 3722 691">
    <p class='ocr_par' dir='ltr' id='par_1_35' title="bbox 2036 615 3722 691">
     <span class='ocr_line' id='line_1_35' title="bbox 2036 615 3722 691; baseline 0.004 -24"><span class='ocrx_word' id='word_1_267' title='bbox 2036 631 2163 668; x_wconf 90' lang='lat' dir='ltr'>rum</span> <span class='ocrx_word' id='word_1_268' title='bbox 2196 620 2252 668; x_wconf 91' lang='lat' dir='ltr'>et</span> <span class='ocrx_word' id='word_1_269' title='bbox 2280 615 2462 685; x_wconf 84' lang='lat' dir='ltr'>gloria</span> <span class='ocrx_word' id='word_1_270' title='bbox 2482 615 2735 669; x_wconf 84' lang='lat' dir='ltr'>filiorum</span> <span class='ocrx_word' id='word_1_271' title='bbox 2762 622 2951 686; x_wconf 85' lang='lat' dir='ltr'>patres</span> <span class='ocrx_word' id='word_1_272' title='bbox 2982 635 3182 673; x_wconf 91' lang='lat' dir='ltr'>eorum</span> <span class='ocrx_word' id='word_1_273' title='bbox 3214 621 3398 689; x_wconf 83' lang='lat' dir='ltr'>(Prov.</span> <span class='ocrx_word' id='word_1_274' title='bbox 3426 637 3560 689; x_wconf 84' lang='lat' dir='ltr'>xvu,</span> <span class='ocrx_word' id='word_1_275' title='bbox 3596 624 3670 691; x_wconf 88' lang='lat'>6).</span> <span class='ocrx_word' id='word_1_276' title='bbox 3695 642 3722 673; x_wconf 72' lang='grc' dir='ltr'><strong>υ</strong></span> 
     </span>
    </p>
   </div>
   <div class='ocr_carea' id='block_1_36' title="bbox 2038 704 3726 776">
    <p class='ocr_par' dir='ltr' id='par_1_36' title="bbox 2038 704 3726 776">
     <span class='ocr_line' id='line_1_36' title="bbox 2038 704 3726 776; baseline 0.004 -19"><span class='ocrx_word' id='word_1_277' title='bbox 2038 704 2114 757; x_wconf 91' lang='lat' dir='ltr'>De</span> <span class='ocrx_word' id='word_1_278' title='bbox 2147 704 2354 773; x_wconf 85' lang='lat' dir='ltr'>quibus</span> <span class='ocrx_word' id='word_1_279' title='bbox 2387 704 2559 758; x_wconf 89' lang='lat' dir='ltr'>etiam</span> <span class='ocrx_word' id='word_1_280' title='bbox 2606 705 2744 758; x_wconf 89' lang='lat' dir='ltr'>alibi</span> <span class='ocrx_word' id='word_1_281' title='bbox 2774 706 3107 776; x_wconf 73' lang='lat' dir='ltr'>praecipitur</span> <span class='ocrx_word' id='word_1_282' title='bbox 3139 724 3150 761; x_wconf 91' lang='lat'><strong><em>:</em></strong></span> <span class='ocrx_word' id='word_1_283' title='bbox 3191 728 3218 758; x_wconf 77' lang='grc' dir='ltr'><strong><em>α</em></strong></span> <span class='ocrx_word' id='word_1_284' title='bbox 3256 711 3319 762; x_wconf 93' lang='lat' dir='ltr'>ln</span> <span class='ocrx_word' id='word_1_285' title='bbox 3355 711 3726 765; x_wconf 89' lang='lat' dir='ltr'>multitudine</span> 
     </span>
    </p>
   </div>
   <div class='ocr_carea' id='block_1_37' title="bbox 2034 793 3725 866">
    <p class='ocr_par' dir='ltr' id='par_1_37' title="bbox 2034 793 3725 866">
     <span class='ocr_line' id='line_1_37' title="bbox 2034 793 3725 866; baseline 0.004 -21"><span class='ocrx_word' id='word_1_286' title='bbox 2034 793 2496 862; x_wconf 83' lang='lat' dir='ltr'>presbyterorum</span> <span class='ocrx_word' id='word_1_287' title='bbox 2532 793 2907 863; x_wconf 87' lang='lat' dir='ltr'>prudentium</span> <span class='ocrx_word' id='word_1_288' title='bbox 2952 802 3056 861; x_wconf 86' lang='lat' dir='ltr'>sta,</span> <span class='ocrx_word' id='word_1_289' title='bbox 3099 803 3155 848; x_wconf 95' lang='lat' dir='ltr'>et</span> <span class='ocrx_word' id='word_1_290' title='bbox 3183 798 3466 866; x_wconf 87' lang='lat' dir='ltr'>sapientia</span> <span class='ocrx_word' id='word_1_291' title='bbox 3493 799 3725 853; x_wconf 91' lang='lat' dir='ltr'>illorum</span> 
     </span>
    </p>
   </div>
   <div class='ocr_carea' id='block_1_38' title="bbox 2035 881 3728 957">
    <p class='ocr_par' dir='ltr' id='par_1_38' title="bbox 2035 881 3728 957">
     <span class='ocr_line' id='line_1_38' title="bbox 2035 881 3728 957; baseline 0.005 -24"><span class='ocrx_word' id='word_1_292' title='bbox 2035 898 2100 934; x_wconf 83' lang='lat' dir='ltr'>ex</span> <span class='ocrx_word' id='word_1_293' title='bbox 2132 881 2299 934; x_wconf 92' lang='lat' dir='ltr'>corde</span> <span class='ocrx_word' id='word_1_294' title='bbox 2325 882 2698 951; x_wconf 85' lang='lat' dir='ltr'>conjungere,</span> <span class='ocrx_word' id='word_1_295' title='bbox 2720 887 3031 937; x_wconf 88' lang='lat' dir='ltr'>utomnem</span> <span class='ocrx_word' id='word_1_296' title='bbox 3057 886 3450 940; x_wconf 87' lang='lat' dir='ltr'>narrationem</span> <span class='ocrx_word' id='word_1_297' title='bbox 3473 888 3572 941; x_wconf 88' lang='lat' dir='ltr'>Dei</span> <span class='ocrx_word' id='word_1_298' title='bbox 3604 904 3728 957; x_wconf 93' lang='lat' dir='ltr'>pos-</span> 
     </span>
    </p>
   </div>
   <div class='ocr_carea' id='block_1_39' title="bbox 2035 969 3727 1045">
    <p class='ocr_par' dir='ltr' id='par_1_39' title="bbox 2035 969 3727 1045">
     <span class='ocr_line' id='line_1_39' title="bbox 2035 969 3727 1045; baseline 0.004 -24"><span class='ocrx_word' id='word_1_299' title='bbox 2035 970 2109 1023; x_wconf 87' lang='lat' dir='ltr'>sis</span> <span class='ocrx_word' id='word_1_300' title='bbox 2140 969 2337 1023; x_wconf 89' lang='lat' dir='ltr'>audire</span> <span class='ocrx_word' id='word_1_301' title='bbox 2366 970 2555 1039; x_wconf 82' lang='lat' dir='ltr'>(Eccli.</span> <span class='ocrx_word' id='word_1_302' title='bbox 2607 986 2683 1038; x_wconf 75' lang='lat' dir='ltr'>vr,</span> <span class='ocrx_word' id='word_1_303' title='bbox 2720 972 2850 1039; x_wconf 83' lang='lat'>35);</span> <span class='ocrx_word' id='word_1_304' title='bbox 2886 990 2912 1019; x_wconf 83' lang='grc'>››</span> <span class='ocrx_word' id='word_1_305' title='bbox 2942 977 2998 1023; x_wconf 90' lang='lat' dir='ltr'>et</span> <span class='ocrx_word' id='word_1_306' title='bbox 3038 971 3247 1026; x_wconf 88' lang='lat' dir='ltr'>iterum</span> <span class='ocrx_word' id='word_1_307' title='bbox 3280 990 3292 1026; x_wconf 92' lang='lat'><strong>:</strong></span> <span class='ocrx_word' id='word_1_308' title='bbox 3334 996 3355 1022; x_wconf 77' lang='grc' dir='ltr'>ι</span> <span class='ocrx_word' id='word_1_309' title='bbox 3395 976 3471 1027; x_wconf 81' lang='lat' dir='ltr'>Ne</span> <span class='ocrx_word' id='word_1_310' title='bbox 3532 975 3727 1045; x_wconf 90' lang='lat' dir='ltr'>despi-</span> 
     </span>
    </p>
   </div>
   <div class='ocr_carea' id='block_1_40' title="bbox 2034 1058 3725 1129">
    <p class='ocr_par' dir='ltr' id='par_1_40' title="bbox 2034 1058 3725 1129">
     <span class='ocr_line' id='line_1_40' title="bbox 2034 1058 3725 1129; baseline 0.004 -18"><span class='ocrx_word' id='word_1_311' title='bbox 2034 1058 2149 1111; x_wconf 88' lang='lat' dir='ltr'>cias</span> <span class='ocrx_word' id='word_1_312' title='bbox 2200 1058 2589 1112; x_wconf 87' lang='lat' dir='ltr'>narrationem</span> <span class='ocrx_word' id='word_1_313' title='bbox 2622 1061 3087 1129; x_wconf 87' lang='lat' dir='ltr'>presbyterorum</span> <span class='ocrx_word' id='word_1_314' title='bbox 3138 1061 3504 1129; x_wconf 86' lang='lat' dir='ltr'>sapientium,</span> <span class='ocrx_word' id='word_1_315' title='bbox 3551 1070 3607 1117; x_wconf 81' lang='lat' dir='ltr'>et</span> <span class='ocrx_word' id='word_1_316' title='bbox 3664 1063 3725 1117; x_wconf 89' lang='lat' dir='ltr'>in</span> 
     </span>
    </p>
   </div>
   <div class='ocr_carea' id='block_1_41' title="bbox 2034 1146 3728 1220">
    <p class='ocr_par' dir='ltr' id='par_1_41' title="bbox 2034 1146 3728 1220">
     <span class='ocr_line' id='line_1_41' title="bbox 2034 1146 3728 1220; baseline 0.005 -23"><span class='ocrx_word' id='word_1_317' title='bbox 2034 1146 2350 1214; x_wconf 88' lang='lat' dir='ltr'>proverbiis</span> <span class='ocrx_word' id='word_1_318' title='bbox 2397 1146 2629 1199; x_wconf 91' lang='lat' dir='ltr'>illorum</span> <span class='ocrx_word' id='word_1_319' title='bbox 2687 1162 3056 1201; x_wconf 82' lang='lat' dir='ltr'>conversare:</span> <span class='ocrx_word' id='word_1_320' title='bbox 3108 1164 3225 1200; x_wconf 92' lang='lat' dir='ltr'>non</span> <span class='ocrx_word' id='word_1_321' title='bbox 3298 1155 3350 1203; x_wconf 90' lang='lat' dir='ltr'>te</span> <span class='ocrx_word' id='word_1_322' title='bbox 3426 1157 3728 1220; x_wconf 86' lang='lat' dir='ltr'>praetereat</span> 
     </span>
    </p>
   </div>
   <div class='ocr_carea' id='block_1_42' title="bbox 2035 1233 3721 1309">
    <p class='ocr_par' dir='ltr' id='par_1_42' title="bbox 2035 1233 3721 1309">
     <span class='ocr_line' id='line_1_42' title="bbox 2035 1233 3721 1309; baseline 0.006 -25"><span class='ocrx_word' id='word_1_323' title='bbox 2035 1233 2282 1286; x_wconf 88' lang='lat' dir='ltr'>narratio</span> <span class='ocrx_word' id='word_1_324' title='bbox 2335 1234 2661 1301; x_wconf 87' lang='lat' dir='ltr'>seniorum;</span> <span class='ocrx_word' id='word_1_325' title='bbox 2696 1241 2752 1288; x_wconf 89' lang='lat' dir='ltr'>et</span> <span class='ocrx_word' id='word_1_326' title='bbox 2778 1235 2888 1304; x_wconf 87' lang='lat' dir='ltr'>ipsi</span> <span class='ocrx_word' id='word_1_327' title='bbox 2920 1237 3073 1289; x_wconf 88' lang='lat' dir='ltr'>enim</span> <span class='ocrx_word' id='word_1_328' title='bbox 3105 1235 3430 1290; x_wconf 87' lang='lat' dir='ltr'>didicerunt</span> <span class='ocrx_word' id='word_1_329' title='bbox 3457 1257 3484 1291; x_wconf 90' lang='lat' dir='ltr'>a</span> <span class='ocrx_word' id='word_1_330' title='bbox 3544 1241 3721 1309; x_wconf 88' lang='lat' dir='ltr'>patri-</span> 
     </span>
    </p>
   </div>
   <div class='ocr_carea' id='block_1_43' title="bbox 2034 1321 3728 1392">
    <p class='ocr_par' dir='ltr' id='par_1_43' title="bbox 2034 1321 3728 1392">
     <span class='ocr_line' id='line_1_43' title="bbox 2034 1321 3728 1392; baseline 0.004 -17"><span class='ocrx_word' id='word_1_331' title='bbox 2034 1321 2138 1375; x_wconf 90' lang='lat' dir='ltr'>bus</span> <span class='ocrx_word' id='word_1_332' title='bbox 2157 1321 2272 1374; x_wconf 90' lang='lat' dir='ltr'>suis</span> <span class='ocrx_word' id='word_1_333' title='bbox 2304 1323 2628 1392; x_wconf 83' lang='lat' dir='ltr'>:‘quoniam</span> <span class='ocrx_word' id='word_1_334' title='bbox 2659 1323 2729 1377; x_wconf 90' lang='lat' dir='ltr'>ab</span> <span class='ocrx_word' id='word_1_335' title='bbox 2770 1324 2908 1392; x_wconf 88' lang='lat' dir='ltr'>ipsis</span> <span class='ocrx_word' id='word_1_336' title='bbox 2948 1324 3127 1376; x_wconf 89' lang='lat' dir='ltr'>disces</span> <span class='ocrx_word' id='word_1_337' title='bbox 3161 1324 3533 1381; x_wconf 87' lang='lat' dir='ltr'>intellectum.</span> <span class='ocrx_word' id='word_1_338' title='bbox 3567 1332 3621 1381; x_wconf 88' lang='lat' dir='ltr'>et</span> <span class='ocrx_word' id='word_1_339' title='bbox 3667 1328 3728 1381; x_wconf 89' lang='lat' dir='ltr'>in</span> 
     </span>
    </p>
   </div>
   <div class='ocr_carea' id='block_1_44' title="bbox 2035 1411 3725 1485">
    <p class='ocr_par' dir='ltr' id='par_1_44' title="bbox 2035 1411 3725 1485">
     <span class='ocr_line' id='line_1_44' title="bbox 2035 1411 3725 1485; baseline 0.003 -22"><span class='ocrx_word' id='word_1_340' title='bbox 2035 1414 2293 1479; x_wconf 87' lang='lat' dir='ltr'>tempore</span> <span class='ocrx_word' id='word_1_341' title='bbox 2333 1411 2683 1464; x_wconf 90' lang='lat' dir='ltr'>necessitatis</span> <span class='ocrx_word' id='word_1_342' title='bbox 2733 1411 2894 1464; x_wconf 89' lang='lat' dir='ltr'>dabis</span> <span class='ocrx_word' id='word_1_343' title='bbox 2922 1428 3261 1481; x_wconf 90' lang='lat' dir='ltr'>responsum</span> <span class='ocrx_word' id='word_1_344' title='bbox 3295 1417 3483 1485; x_wconf 70' lang='lat' dir='ltr'>(Ecclz&#39;.</span> <span class='ocrx_word' id='word_1_345' title='bbox 3528 1432 3644 1479; x_wconf 82' lang='lat' dir='ltr'>vui,</span> <span class='ocrx_word' id='word_1_346' title='bbox 3675 1417 3725 1482; x_wconf 87' lang='lat'>9,</span> 
     </span>
    </p>
   </div>
   <div class='ocr_carea' id='block_1_45' title="bbox 2036 1497 3730 1571">
    <p class='ocr_par' dir='ltr' id='par_1_45' title="bbox 2036 1497 3730 1571">
     <span class='ocr_line' id='line_1_45' title="bbox 2036 1497 3730 1571; baseline 0.004 -20"><span class='ocrx_word' id='word_1_347' title='bbox 2036 1501 2120 1565; x_wconf 79' lang='lat' dir='ltr'>tl,</span> <span class='ocrx_word' id='word_1_348' title='bbox 2167 1500 2276 1568; x_wconf 76' lang='grc'>12).</span> <span class='ocrx_word' id='word_1_349' title='bbox 2310 1520 2338 1547; x_wconf 86' lang='grc'>››</span> <span class='ocrx_word' id='word_1_350' title='bbox 2373 1500 2449 1552; x_wconf 91' lang='lat' dir='ltr'>De</span> <span class='ocrx_word' id='word_1_351' title='bbox 2479 1497 2565 1552; x_wconf 83' lang='lat' dir='ltr'>his</span> <span class='ocrx_word' id='word_1_352' title='bbox 2610 1516 2860 1570; x_wconf 89' lang='lat' dir='ltr'>namque</span> <span class='ocrx_word' id='word_1_353' title='bbox 2891 1505 2945 1553; x_wconf 91' lang='lat' dir='ltr'>et</span> <span class='ocrx_word' id='word_1_354' title='bbox 2987 1500 3123 1552; x_wconf 86' lang='lat' dir='ltr'>alibi</span> <span class='ocrx_word' id='word_1_355' title='bbox 3155 1503 3492 1571; x_wconf 74' lang='lat' dir='ltr'>praecipitur</span> <span class='ocrx_word' id='word_1_356' title='bbox 3526 1520 3538 1557; x_wconf 90' lang='lat'>:</span> <span class='ocrx_word' id='word_1_357' title='bbox 3585 1525 3611 1551; x_wconf 93' lang='grc'><em>‹‹</em></span> <span class='ocrx_word' id='word_1_358' title='bbox 3647 1504 3730 1557; x_wconf 91' lang='lat' dir='ltr'>In-</span> 
     </span>
    </p>
   </div>
   <div class='ocr_carea' id='block_1_46' title="bbox 2033 1589 3726 1661">
    <p class='ocr_par' dir='ltr' id='par_1_46' title="bbox 2033 1589 3726 1661">
     <span class='ocr_line' id='line_1_46' title="bbox 2033 1589 3726 1661; baseline 0.002 -21"><span class='ocrx_word' id='word_1_359' title='bbox 2033 1592 2260 1657; x_wconf 88' lang='lat' dir='ltr'>terroga</span> <span class='ocrx_word' id='word_1_360' title='bbox 2300 1594 2523 1657; x_wconf 87' lang='lat' dir='ltr'>patrem</span> <span class='ocrx_word' id='word_1_361' title='bbox 2558 1594 2743 1654; x_wconf 89' lang='lat' dir='ltr'>tuum,</span> <span class='ocrx_word' id='word_1_362' title='bbox 2804 1594 2860 1641; x_wconf 89' lang='lat' dir='ltr'>et</span> <span class='ocrx_word' id='word_1_363' title='bbox 2917 1589 3284 1643; x_wconf 89' lang='lat' dir='ltr'>annuntiabit</span> <span class='ocrx_word' id='word_1_364' title='bbox 3339 1591 3473 1655; x_wconf 89' lang='lat' dir='ltr'>tibi;</span> <span class='ocrx_word' id='word_1_365' title='bbox 3539 1592 3726 1661; x_wconf 84' lang='lat' dir='ltr'>majo-</span> 
     </span>
    </p>
   </div>
   <div class='ocr_carea' id='block_1_47' title="bbox 2035 1676 3719 1744">
    <p class='ocr_par' dir='ltr' id='par_1_47' title="bbox 2035 1676 3719 1744">
     <span class='ocr_line' id='line_1_47' title="bbox 2035 1676 3719 1744; baseline 0.003 -17"><span class='ocrx_word' id='word_1_366' title='bbox 2035 1691 2125 1728; x_wconf 91' lang='lat' dir='ltr'>res</span> <span class='ocrx_word' id='word_1_367' title='bbox 2154 1680 2305 1741; x_wconf 90' lang='lat' dir='ltr'>tuos,</span> <span class='ocrx_word' id='word_1_368' title='bbox 2334 1680 2390 1728; x_wconf 92' lang='lat' dir='ltr'>et</span> <span class='ocrx_word' id='word_1_369' title='bbox 2426 1676 2615 1729; x_wconf 84' lang='lat' dir='ltr'>dicent</span> <span class='ocrx_word' id='word_1_370' title='bbox 2642 1676 2744 1730; x_wconf 88' lang='lat' dir='ltr'>tibi</span> <span class='ocrx_word' id='word_1_371' title='bbox 2775 1678 2959 1741; x_wconf 84' lang='lat' dir='ltr'>(Deut.</span> <span class='ocrx_word' id='word_1_372' title='bbox 2997 1690 3165 1744; x_wconf 82' lang='lat' dir='ltr'>xxxu,</span> <span class='ocrx_word' id='word_1_373' title='bbox 3198 1677 3286 1743; x_wconf 69' lang='lat'>&#39;7‘);</span> <span class='ocrx_word' id='word_1_374' title='bbox 3326 1698 3351 1727; x_wconf 86' lang='lat'>»</span> <span class='ocrx_word' id='word_1_375' title='bbox 3378 1683 3431 1730; x_wconf 87' lang='lat' dir='ltr'>ct</span> <span class='ocrx_word' id='word_1_376' title='bbox 3463 1678 3670 1731; x_wconf 85' lang='lat' dir='ltr'>iterum</span> <span class='ocrx_word' id='word_1_377' title='bbox 3708 1696 3719 1732; x_wconf 92' lang='lat'>:</span> 
     </span>
    </p>
   </div>
   <div class='ocr_carea' id='block_1_48' title="bbox 2038 1766 3725 1837">
    <p class='ocr_par' dir='ltr' id='par_1_48' title="bbox 2038 1766 3725 1837">
     <span class='ocr_line' id='line_1_48' title="bbox 2038 1766 3725 1837; baseline 0.002 -19"><span class='ocrx_word' id='word_1_378' title='bbox 2038 1787 2063 1812; x_wconf 82' lang='lat'><strong>«</strong></span> <span class='ocrx_word' id='word_1_379' title='bbox 2096 1766 2173 1818; x_wconf 87' lang='lat' dir='ltr'>Ne</span> <span class='ocrx_word' id='word_1_380' title='bbox 2206 1766 2644 1835; x_wconf 89' lang='lat' dir='ltr'>transgrediaris</span> <span class='ocrx_word' id='word_1_381' title='bbox 2687 1766 2965 1819; x_wconf 91' lang='lat' dir='ltr'>terminos</span> <span class='ocrx_word' id='word_1_382' title='bbox 3011 1767 3295 1837; x_wconf 85' lang='lat' dir='ltr'>antiquos,</span> <span class='ocrx_word' id='word_1_383' title='bbox 3330 1784 3471 1837; x_wconf 84' lang='lat' dir='ltr'>quos</span> <span class='ocrx_word' id='word_1_384' title='bbox 3516 1784 3725 1837; x_wconf 90' lang='lat' dir='ltr'>posue-</span> 
     </span>
    </p>
   </div>
   <div class='ocr_carea' id='block_1_49' title="bbox 2033 1854 3099 1924">
    <p class='ocr_par' dir='ltr' id='par_1_49' title="bbox 2033 1854 3099 1924">
     <span class='ocr_line' id='line_1_49' title="bbox 2033 1854 3099 1924; baseline -0.001 -19"><span class='ocrx_word' id='word_1_385' title='bbox 2033 1856 2167 1906; x_wconf 91' lang='lat' dir='ltr'>runt</span> <span class='ocrx_word' id='word_1_386' title='bbox 2197 1858 2387 1923; x_wconf 84' lang='lat' dir='ltr'>patres</span> <span class='ocrx_word' id='word_1_387' title='bbox 2420 1855 2503 1906; x_wconf 91' lang='lat' dir='ltr'>tui</span> <span class='ocrx_word' id='word_1_388' title='bbox 2533 1854 2714 1924; x_wconf 84' lang='lat' dir='ltr'>(Prov.</span> <span class='ocrx_word' id='word_1_389' title='bbox 2742 1870 2893 1916; x_wconf 76' lang='lat' dir='ltr'>xxxi,</span> <span class='ocrx_word' id='word_1_390' title='bbox 2927 1856 3040 1923; x_wconf 83' lang='lat'>28).</span> <span class='ocrx_word' id='word_1_391' title='bbox 3076 1875 3099 1905; x_wconf 76' lang='grc' dir='ltr'>ι)</span> 
     </span>
    </p>
   </div>
   <div class='ocr_carea' id='block_1_50' title="bbox 2104 1942 3724 2012">
    <p class='ocr_par' dir='ltr' id='par_1_50' title="bbox 2104 1942 3724 2012">
     <span class='ocr_line' id='line_1_50' title="bbox 2104 1942 3724 2012; baseline 0.001 -17"><span class='ocrx_word' id='word_1_392' title='bbox 2104 1942 2463 2012; x_wconf 88' lang='lat' dir='ltr'>Quapropter</span> <span class='ocrx_word' id='word_1_393' title='bbox 2488 1942 2628 1996; x_wconf 89' lang='lat' dir='ltr'>illud</span> <span class='ocrx_word' id='word_1_394' title='bbox 2660 1959 2893 2012; x_wconf 89' lang='lat' dir='ltr'>prorsus</span> <span class='ocrx_word' id='word_1_395' title='bbox 2927 1959 3124 1996; x_wconf 90' lang='lat' dir='ltr'>omnes</span> <span class='ocrx_word' id='word_1_396' title='bbox 3156 1959 3271 1995; x_wconf 89' lang='lat' dir='ltr'>non</span> <span class='ocrx_word' id='word_1_397' title='bbox 3304 1942 3489 1997; x_wconf 90' lang='lat' dir='ltr'>solum</span> <span class='ocrx_word' id='word_1_398' title='bbox 3511 1943 3724 2009; x_wconf 86' lang='lat' dir='ltr'>dolent,</span> 
     </span>
    </p>
   </div>
   <div class='ocr_carea' id='block_1_51' title="bbox 2035 2031 3729 2102">
    <p class='ocr_par' dir='ltr' id='par_1_51' title="bbox 2035 2031 3729 2102">
     <span class='ocr_line' id='line_1_51' title="bbox 2035 2031 3729 2102; baseline 0.001 -19"><span class='ocrx_word' id='word_1_399' title='bbox 2035 2031 2129 2084; x_wconf 89' lang='lat' dir='ltr'>sed</span> <span class='ocrx_word' id='word_1_400' title='bbox 2161 2032 2337 2084; x_wconf 86' lang='lat' dir='ltr'>etiam</span> <span class='ocrx_word' id='word_1_401' title='bbox 2367 2032 2605 2085; x_wconf 84' lang='lat' dir='ltr'>horrent</span> <span class='ocrx_word' id='word_1_402' title='bbox 2633 2048 2644 2083; x_wconf 91' lang='lat'><strong>:</strong></span> <span class='ocrx_word' id='word_1_403' title='bbox 2684 2032 2818 2102; x_wconf 89' lang='lat' dir='ltr'>quia</span> <span class='ocrx_word' id='word_1_404' title='bbox 2871 2032 3130 2084; x_wconf 84' lang='lat' dir='ltr'>inaudito</span> <span class='ocrx_word' id='word_1_405' title='bbox 3183 2032 3643 2101; x_wconf 81' lang='lat' dir='ltr'>irreligiositatis,</span> <span class='ocrx_word' id='word_1_406' title='bbox 3673 2037 3729 2085; x_wconf 89' lang='lat' dir='ltr'>et</span> 
     </span>
    </p>
   </div>
   <div class='ocr_carea' id='block_1_52' title="bbox 2032 2120 3725 2190">
    <p class='ocr_par' dir='ltr' id='par_1_52' title="bbox 2032 2120 3725 2190">
     <span class='ocr_line' id='line_1_52' title="bbox 2032 2120 3725 2190; baseline 0.001 -18"><span class='ocrx_word' id='word_1_407' title='bbox 2032 2120 2385 2173; x_wconf 89' lang='lat' dir='ltr'>crudelitatis</span> <span class='ocrx_word' id='word_1_408' title='bbox 2418 2121 2696 2189; x_wconf 82' lang='lat' dir='ltr'>exemplo,</span> <span class='ocrx_word' id='word_1_409' title='bbox 2750 2120 2945 2173; x_wconf 86' lang='lat' dir='ltr'>tandiu</span> <span class='ocrx_word' id='word_1_410' title='bbox 2998 2120 3092 2173; x_wconf 92' lang='lat' dir='ltr'>ille</span> <span class='ocrx_word' id='word_1_411' title='bbox 3147 2120 3489 2172; x_wconf 84' lang='lat' dir='ltr'>miserabilis</span> <span class='ocrx_word' id='word_1_412' title='bbox 3529 2120 3725 2190; x_wconf 86' lang='lat' dir='ltr'>flagris</span> 
     </span>
    </p>
   </div>
   <div class='ocr_carea' id='block_1_53' title="bbox 2032 2207 3727 2277">
    <p class='ocr_par' dir='ltr' id='par_1_53' title="bbox 2032 2207 3727 2277">
     <span class='ocr_line' id='line_1_53' title="bbox 2032 2207 3727 2277; baseline 0 -16"><span class='ocrx_word' id='word_1_413' title='bbox 2032 2213 2088 2261; x_wconf 92' lang='lat' dir='ltr'>et</span> <span class='ocrx_word' id='word_1_414' title='bbox 2116 2208 2368 2262; x_wconf 64' lang='lat' dir='ltr'>caedibus</span> <span class='ocrx_word' id='word_1_415' title='bbox 2399 2209 2711 2262; x_wconf 85' lang='lat' dir='ltr'>trucidatus</span> <span class='ocrx_word' id='word_1_416' title='bbox 2753 2214 2856 2275; x_wconf 85' lang='lat' dir='ltr'>est,</span> <span class='ocrx_word' id='word_1_417' title='bbox 2910 2208 3091 2261; x_wconf 89' lang='lat' dir='ltr'>donec</span> <span class='ocrx_word' id='word_1_418' title='bbox 3122 2207 3292 2277; x_wconf 82' lang='lat' dir='ltr'>(sicut</span> <span class='ocrx_word' id='word_1_419' title='bbox 3348 2212 3727 2261; x_wconf 87' lang='lat' dir='ltr'>narraverunt</span> 
     </span>
    </p>
   </div>
   <div class='ocr_carea' id='block_1_54' title="bbox 2035 2296 3728 2367">
    <p class='ocr_par' dir='ltr' id='par_1_54' title="bbox 2035 2296 3728 2367">
     <span class='ocr_line' id='line_1_54' title="bbox 2035 2296 3728 2367; baseline 0.001 -18"><span class='ocrx_word' id='word_1_420' title='bbox 2035 2297 2218 2362; x_wconf 91' lang='lat' dir='ltr'>nobis,</span> <span class='ocrx_word' id='word_1_421' title='bbox 2248 2298 2347 2367; x_wconf 91' lang='lat' dir='ltr'>qui</span> <span class='ocrx_word' id='word_1_422' title='bbox 2371 2303 2678 2366; x_wconf 65' lang='lat' dir='ltr'>praesentes</span> <span class='ocrx_word' id='word_1_423' title='bbox 2705 2297 2963 2365; x_wconf 80' lang='lat' dir='ltr'>aderant)</span> <span class='ocrx_word' id='word_1_424' title='bbox 2996 2312 3226 2349; x_wconf 88' lang='lat' dir='ltr'>accenso</span> <span class='ocrx_word' id='word_1_425' title='bbox 3258 2305 3282 2329; x_wconf 66' lang='grc' dir='ltr'>α</span> <span class='ocrx_word' id='word_1_426' title='bbox 3308 2312 3497 2349; x_wconf 88' lang='lat' dir='ltr'>coram</span> <span class='ocrx_word' id='word_1_427' title='bbox 3529 2314 3585 2350; x_wconf 90' lang='lat' dir='ltr'>se</span> <span class='ocrx_word' id='word_1_428' title='bbox 3608 2296 3728 2367; x_wconf 87' lang='lat' dir='ltr'>igni</span> 
     </span>
    </p>
   </div>
   <div class='ocr_carea' id='block_1_55' title="bbox 2033 2385 3729 2455">
    <p class='ocr_par' dir='ltr' id='par_1_55' title="bbox 2033 2385 3729 2455">
     <span class='ocr_line' id='line_1_55' title="bbox 2033 2385 3729 2455; baseline 0.001 -17"><span class='ocrx_word' id='word_1_429' title='bbox 2033 2385 2309 2452; x_wconf 88' lang='lat' dir='ltr'>libellum,</span> <span class='ocrx_word' id='word_1_430' title='bbox 2344 2385 2402 2438; x_wconf 92' lang='lat' dir='ltr'>in</span> <span class='ocrx_word' id='word_1_431' title='bbox 2444 2402 2557 2455; x_wconf 92' lang='lat' dir='ltr'>quo</span> <span class='ocrx_word' id='word_1_432' title='bbox 2600 2386 2908 2439; x_wconf 88' lang='lat' dir='ltr'>sententias</span> <span class='ocrx_word' id='word_1_433' title='bbox 2943 2386 3366 2454; x_wconf 87' lang='lat' dir='ltr'>Scripturarum</span> <span class='ocrx_word' id='word_1_434' title='bbox 3420 2386 3536 2439; x_wconf 89' lang='lat' dir='ltr'>sive</span> <span class='ocrx_word' id='word_1_435' title='bbox 3604 2402 3729 2439; x_wconf 89' lang='lat' dir='ltr'>san-</span> 
     </span>
    </p>
   </div>
   <div class='ocr_carea' id='block_1_56' title="bbox 2033 2474 3723 2543">
    <p class='ocr_par' dir='ltr' id='par_1_56' title="bbox 2033 2474 3723 2543">
     <span class='ocr_line' id='line_1_56' title="bbox 2033 2474 3723 2543; baseline 0 -16"><span class='ocrx_word' id='word_1_436' title='bbox 2033 2479 2257 2527; x_wconf 90' lang='lat' dir='ltr'>ctorum</span> <span class='ocrx_word' id='word_1_437' title='bbox 2331 2475 2561 2526; x_wconf 89' lang='lat' dir='ltr'>Patrum</span> <span class='ocrx_word' id='word_1_438' title='bbox 2621 2474 2729 2527; x_wconf 91' lang='lat' dir='ltr'>sibi</span> <span class='ocrx_word' id='word_1_439' title='bbox 2780 2474 3108 2543; x_wconf 80' lang='lat' dir='ltr'>collegerat,</span> <span class='ocrx_word' id='word_1_440' title='bbox 3171 2490 3313 2543; x_wconf 87' lang='lat' dir='ltr'>quas</span> <span class='ocrx_word' id='word_1_441' title='bbox 3368 2475 3424 2527; x_wconf 92' lang='lat' dir='ltr'>in</span> <span class='ocrx_word' id='word_1_442' title='bbox 3483 2474 3723 2527; x_wconf 91' lang='lat' dir='ltr'>concilio</span> 
     </span>
    </p>
   </div>
   <div class='ocr_carea' id='block_1_57' title="bbox 2034 2561 3727 2631">
    <p class='ocr_par' dir='ltr' id='par_1_57' title="bbox 2034 2561 3727 2631">
     <span class='ocr_line' id='line_1_57' title="bbox 2034 2561 3727 2631; baseline -0.001 -16"><span class='ocrx_word' id='word_1_443' title='bbox 2034 2562 2283 2628; x_wconf 83' lang='lat' dir='ltr'>offerret,</span> <span class='ocrx_word' id='word_1_444' title='bbox 2321 2568 2550 2615; x_wconf 90' lang='lat' dir='ltr'>coactus</span> <span class='ocrx_word' id='word_1_445' title='bbox 2581 2568 2663 2615; x_wconf 89' lang='lat' dir='ltr'>est</span> <span class='ocrx_word' id='word_1_446' title='bbox 2695 2562 2815 2630; x_wconf 88' lang='lat' dir='ltr'>jam</span> <span class='ocrx_word' id='word_1_447' title='bbox 2847 2577 2994 2631; x_wconf 90' lang='lat' dir='ltr'>pene</span> <span class='ocrx_word' id='word_1_448' title='bbox 3041 2563 3328 2615; x_wconf 89' lang='lat' dir='ltr'>emoriens</span> <span class='ocrx_word' id='word_1_449' title='bbox 3371 2561 3486 2615; x_wconf 90' lang='lat' dir='ltr'>suis</span> <span class='ocrx_word' id='word_1_450' title='bbox 3540 2562 3727 2615; x_wconf 91' lang='lat' dir='ltr'>mani-</span> 
     </span>
    </p>
   </div>
   <div class='ocr_carea' id='block_1_58' title="bbox 2032 2649 3727 2720">
    <p class='ocr_par' dir='ltr' id='par_1_58' title="bbox 2032 2649 3727 2720">
     <span class='ocr_line' id='line_1_58' title="bbox 2032 2649 3727 2720; baseline -0.001 -16"><span class='ocrx_word' id='word_1_451' title='bbox 2032 2652 2139 2704; x_wconf 89' lang='lat' dir='ltr'>bus</span> <span class='ocrx_word' id='word_1_452' title='bbox 2174 2651 2234 2704; x_wconf 91' lang='lat' dir='ltr'>in</span> <span class='ocrx_word' id='word_1_453' title='bbox 2274 2651 2568 2703; x_wconf 88' lang='lat' dir='ltr'>ﬂammam</span> <span class='ocrx_word' id='word_1_454' title='bbox 2626 2649 2924 2719; x_wconf 89' lang='lat' dir='ltr'>projicere,</span> <span class='ocrx_word' id='word_1_455' title='bbox 2986 2654 3155 2720; x_wconf 90' lang='lat' dir='ltr'>atque</span> <span class='ocrx_word' id='word_1_456' title='bbox 3197 2650 3457 2704; x_wconf 91' lang='lat' dir='ltr'>incendio</span> <span class='ocrx_word' id='word_1_457' title='bbox 3499 2666 3727 2704; x_wconf 90' lang='lat' dir='ltr'>concre-</span> 
     </span>
    </p>
   </div>
   <div class='ocr_carea' id='block_1_59' title="bbox 2033 2738 3731 2809">
    <p class='ocr_par' dir='ltr' id='par_1_59' title="bbox 2033 2738 3731 2809">
     <span class='ocr_line' id='line_1_59' title="bbox 2033 2738 3731 2809; baseline -0.001 -16"><span class='ocrx_word' id='word_1_458' title='bbox 2033 2756 2189 2793; x_wconf 88' lang='lat' dir='ltr'>mare</span> <span class='ocrx_word' id='word_1_459' title='bbox 2225 2756 2237 2793; x_wconf 94' lang='lat'>:</span> <span class='ocrx_word' id='word_1_460' title='bbox 2273 2755 2402 2792; x_wconf 91' lang='lat' dir='ltr'>cum</span> <span class='ocrx_word' id='word_1_461' title='bbox 2435 2754 2638 2792; x_wconf 89' lang='lat' dir='ltr'>omnes</span> <span class='ocrx_word' id='word_1_462' title='bbox 2667 2744 2819 2792; x_wconf 91' lang='lat' dir='ltr'>retro</span> <span class='ocrx_word' id='word_1_463' title='bbox 2849 2738 3102 2792; x_wconf 61' lang='lat' dir='ltr'>haeretici</span> <span class='ocrx_word' id='word_1_464' title='bbox 3140 2739 3348 2807; x_wconf 87' lang='lat' dir='ltr'>verbis,</span> <span class='ocrx_word' id='word_1_465' title='bbox 3384 2744 3439 2793; x_wconf 91' lang='lat' dir='ltr'>et</span> <span class='ocrx_word' id='word_1_466' title='bbox 3467 2739 3731 2809; x_wconf 87' lang='lat' dir='ltr'>disputa—</span> 
     </span>
    </p>
   </div>
   <div class='ocr_carea' id='block_1_60' title="bbox 2034 2826 3728 2897">
    <p class='ocr_par' dir='ltr' id='par_1_60' title="bbox 2034 2826 3728 2897">
     <span class='ocr_line' id='line_1_60' title="bbox 2034 2826 3728 2897; baseline -0.001 -17"><span class='ocrx_word' id='word_1_467' title='bbox 2034 2828 2283 2881; x_wconf 86' lang='lat' dir='ltr'>tionibus</span> <span class='ocrx_word' id='word_1_468' title='bbox 2316 2828 2465 2893; x_wconf 80' lang='lat' dir='ltr'>victi,</span> <span class='ocrx_word' id='word_1_469' title='bbox 2501 2833 2670 2897; x_wconf 90' lang='lat' dir='ltr'>atque</span> <span class='ocrx_word' id='word_1_470' title='bbox 2716 2828 2957 2881; x_wconf 89' lang='lat' dir='ltr'>convicti</span> <span class='ocrx_word' id='word_1_471' title='bbox 3004 2834 3152 2881; x_wconf 86' lang='lat' dir='ltr'>sunt.</span> <span class='ocrx_word' id='word_1_472' title='bbox 3196 2828 3260 2880; x_wconf 90' lang='lat' dir='ltr'>Et</span> <span class='ocrx_word' id='word_1_473' title='bbox 3318 2828 3395 2880; x_wconf 87' lang='lat' dir='ltr'>sic</span> <span class='ocrx_word' id='word_1_474' title='bbox 3455 2826 3728 2896; x_wconf 89' lang='lat' dir='ltr'>pravitas,</span> 
     </span>
    </p>
   </div>
   <div class='ocr_carea' id='block_1_61' title="bbox 223 2915 3730 2987">
    <p class='ocr_par' dir='ltr' id='par_1_61' title="bbox 223 2915 3730 2987">
     <span class='ocr_line' id='line_1_61' title="bbox 223 2915 3730 2987; baseline -0 -18"><span class='ocrx_word' id='word_1_475' title='bbox 223 2923 281 2971; x_wconf 90' lang='lat' dir='ltr'>et</span> <span class='ocrx_word' id='word_1_476' title='bbox 318 2917 507 2987; x_wconf 88' lang='lat' dir='ltr'>ipsum</span> <span class='ocrx_word' id='word_1_477' title='bbox 545 2917 711 2969; x_wconf 89' lang='lat' dir='ltr'>nobis</span> <span class='ocrx_word' id='word_1_478' title='bbox 741 2932 844 2987; x_wconf 91' lang='lat' dir='ltr'>per</span> <span class='ocrx_word' id='word_1_479' title='bbox 896 2915 997 2969; x_wconf 92' lang='lat' dir='ltr'>Dei</span> <span class='ocrx_word' id='word_1_480' title='bbox 1030 2916 1269 2985; x_wconf 82' lang='lat' dir='ltr'>gratiam</span> <span class='ocrx_word' id='word_1_481' title='bbox 1335 2917 1609 2970; x_wconf 77' lang='lat' dir='ltr'>excitatur</span> <span class='ocrx_word' id='word_1_482' title='bbox 1665 2918 1731 2970; x_wconf 91' lang='lat' dir='ltr'>ad</span> <span class='ocrx_word' id='word_1_483' title='bbox 1780 2918 1922 2971; x_wconf 83' lang='lat' dir='ltr'>bene</span> <span class='ocrx_word' id='word_1_484' title='bbox 1962 2919 2003 2975; x_wconf 90' lang='lat' dir='ltr'>C</span> <span class='ocrx_word' id='word_1_485' title='bbox 2040 2933 2168 2986; x_wconf 73' lang='lat' dir='ltr'>quae</span> <span class='ocrx_word' id='word_1_486' title='bbox 2199 2916 2501 2970; x_wconf 90' lang='lat' dir='ltr'>videbatur</span> <span class='ocrx_word' id='word_1_487' title='bbox 2548 2916 2819 2981; x_wconf 88' lang='lat' dir='ltr'>hominis,</span> <span class='ocrx_word' id='word_1_488' title='bbox 2854 2916 3025 2969; x_wconf 84' lang='lat' dir='ltr'>fuerit</span> <span class='ocrx_word' id='word_1_489' title='bbox 3073 2916 3407 2980; x_wconf 85' lang='lat' dir='ltr'>coercenda,</span> <span class='ocrx_word' id='word_1_490' title='bbox 3461 2922 3522 2968; x_wconf 92' lang='lat' dir='ltr'>ut</span> <span class='ocrx_word' id='word_1_491' title='bbox 3572 2915 3730 2968; x_wconf 83' lang='lat' dir='ltr'>nulla</span> 
     </span>
    </p>
   </div>
   <div class='ocr_carea' id='block_1_62' title="bbox 223 3005 1923 3075">
    <p class='ocr_par' dir='ltr' id='par_1_62' title="bbox 223 3005 1923 3075">
     <span class='ocr_line' id='line_1_62' title="bbox 223 3005 1923 3075; baseline 0 -16"><span class='ocrx_word' id='word_1_492' title='bbox 223 3006 539 3075; x_wconf 86' lang='lat' dir='ltr'>agendum,</span> <span class='ocrx_word' id='word_1_493' title='bbox 596 3010 657 3058; x_wconf 91' lang='lat' dir='ltr'>ut</span> <span class='ocrx_word' id='word_1_494' title='bbox 703 3010 761 3057; x_wconf 92' lang='lat' dir='ltr'>et</span> <span class='ocrx_word' id='word_1_495' title='bbox 802 3005 911 3074; x_wconf 90' lang='lat' dir='ltr'>ipsi</span> <span class='ocrx_word' id='word_1_496' title='bbox 964 3005 1220 3074; x_wconf 84' lang='lat' dir='ltr'>ejusdem</span> <span class='ocrx_word' id='word_1_497' title='bbox 1270 3005 1469 3075; x_wconf 82' lang='lat' dir='ltr'>gratiae</span> <span class='ocrx_word' id='word_1_498' title='bbox 1529 3011 1923 3075; x_wconf 87' lang='lat' dir='ltr'>cooperatores</span> 
     </span>
    </p>
   </div>
   <div class='ocr_carea' id='block_1_63' title="bbox 223 3093 1924 3164">
    <p class='ocr_par' dir='ltr' id='par_1_63' title="bbox 223 3093 1924 3164">
     <span class='ocr_line' id='line_1_63' title="bbox 223 3093 1924 3164; baseline 0.001 -17"><span class='ocrx_word' id='word_1_499' title='bbox 223 3094 423 3147; x_wconf 88' lang='lat' dir='ltr'>simus.</span> <span class='ocrx_word' id='word_1_500' title='bbox 464 3095 535 3147; x_wconf 92' lang='lat' dir='ltr'>De</span> <span class='ocrx_word' id='word_1_501' title='bbox 566 3110 678 3164; x_wconf 92' lang='lat' dir='ltr'>qua</span> <span class='ocrx_word' id='word_1_502' title='bbox 706 3110 788 3157; x_wconf 90' lang='lat' dir='ltr'>re,</span> <span class='ocrx_word' id='word_1_503' title='bbox 838 3093 884 3145; x_wconf 92' lang='lat' dir='ltr'>si</span> <span class='ocrx_word' id='word_1_504' title='bbox 918 3093 1021 3146; x_wconf 89' lang='lat' dir='ltr'>iste</span> <span class='ocrx_word' id='word_1_505' title='bbox 1050 3098 1168 3146; x_wconf 89' lang='lat' dir='ltr'>tam</span> <span class='ocrx_word' id='word_1_506' title='bbox 1202 3094 1445 3147; x_wconf 88' lang='lat' dir='ltr'>absurde</span> <span class='ocrx_word' id='word_1_507' title='bbox 1488 3099 1542 3147; x_wconf 88' lang='lat' dir='ltr'>et</span> <span class='ocrx_word' id='word_1_508' title='bbox 1586 3094 1924 3164; x_wconf 87' lang='lat' dir='ltr'>insipienter</span> 
     </span>
    </p>
   </div>
   <div class='ocr_carea' id='block_1_64' title="bbox 226 3181 1919 3251">
    <p class='ocr_par' dir='ltr' id='par_1_64' title="bbox 226 3181 1919 3251">
     <span class='ocr_line' id='line_1_64' title="bbox 226 3181 1919 3251; baseline 0.001 -17"><span class='ocrx_word' id='word_1_509' title='bbox 226 3183 459 3247; x_wconf 86' lang='lat' dir='ltr'>erravit,</span> <span class='ocrx_word' id='word_1_510' title='bbox 507 3181 805 3234; x_wconf 87' lang='lat' dir='ltr'>manifesta</span> <span class='ocrx_word' id='word_1_511' title='bbox 852 3186 939 3234; x_wconf 86' lang='lat' dir='ltr'>est</span> <span class='ocrx_word' id='word_1_512' title='bbox 987 3181 1242 3251; x_wconf 89' lang='lat' dir='ltr'>Apostoli</span> <span class='ocrx_word' id='word_1_513' title='bbox 1300 3182 1584 3236; x_wconf 88' lang='lat' dir='ltr'>sententia</span> <span class='ocrx_word' id='word_1_514' title='bbox 1636 3182 1919 3235; x_wconf 89' lang='lat' dir='ltr'>dicentis:</span> 
     </span>
    </p>
   </div>
   <div class='ocr_carea' id='block_1_65' title="bbox 226 3259 1923 3341">
    <p class='ocr_par' dir='ltr' id='par_1_65' title="bbox 226 3259 1923 3341">
     <span class='ocr_line' id='line_1_65' title="bbox 226 3259 1923 3341; baseline 0.004 -23"><span class='ocrx_word' id='word_1_515' title='bbox 226 3259 257 3319; x_wconf 72' lang='grc' dir='ltr'>ἱ(</span> <span class='ocrx_word' id='word_1_516' title='bbox 292 3270 534 3334; x_wconf 81' lang='lat' dir='ltr'>Fratres,</span> <span class='ocrx_word' id='word_1_517' title='bbox 568 3274 625 3322; x_wconf 91' lang='lat' dir='ltr'>et</span> <span class='ocrx_word' id='word_1_518' title='bbox 656 3269 702 3321; x_wconf 90' lang='lat' dir='ltr'>si</span> <span class='ocrx_word' id='word_1_519' title='bbox 750 3274 1184 3338; x_wconf 56' lang='lat' dir='ltr'>praeoccupatus</span> <span class='ocrx_word' id='word_1_520' title='bbox 1214 3268 1387 3322; x_wconf 90' lang='lat' dir='ltr'>fuerit</span> <span class='ocrx_word' id='word_1_521' title='bbox 1419 3269 1590 3322; x_wconf 91' lang='lat' dir='ltr'>homo</span> <span class='ocrx_word' id='word_1_522' title='bbox 1638 3269 1696 3322; x_wconf 93' lang='lat' dir='ltr'>in</span> <span class='ocrx_word' id='word_1_523' title='bbox 1732 3270 1923 3341; x_wconf 89' lang='lat' dir='ltr'>aliquo</span> 
     </span>
    </p>
   </div>
   <div class='ocr_carea' id='block_1_66' title="bbox 223 3358 1925 3428">
    <p class='ocr_par' dir='ltr' id='par_1_66' title="bbox 223 3358 1925 3428">
     <span class='ocr_line' id='line_1_66' title="bbox 223 3358 1925 3428; baseline 0.001 -16"><span class='ocrx_word' id='word_1_524' title='bbox 223 3359 457 3423; x_wconf 89' lang='lat' dir='ltr'>delicto,</span> <span class='ocrx_word' id='word_1_525' title='bbox 484 3375 583 3411; x_wconf 92' lang='lat' dir='ltr'>vos</span> <span class='ocrx_word' id='word_1_526' title='bbox 614 3358 712 3428; x_wconf 91' lang='lat' dir='ltr'>qui</span> <span class='ocrx_word' id='word_1_527' title='bbox 737 3358 1062 3427; x_wconf 88' lang='lat' dir='ltr'>spirituales</span> <span class='ocrx_word' id='word_1_528' title='bbox 1095 3358 1228 3411; x_wconf 73' lang='lat' dir='ltr'>estis”</span> <span class='ocrx_word' id='word_1_529' title='bbox 1270 3358 1605 3428; x_wconf 89' lang='lat' dir='ltr'>hujusmodi</span> <span class='ocrx_word' id='word_1_530' title='bbox 1655 3359 1925 3414; x_wconf 90' lang='lat' dir='ltr'>instruite</span> 
     </span>
    </p>
   </div>
   <div class='ocr_carea' id='block_1_67' title="bbox 222 3446 1923 3516">
    <p class='ocr_par' dir='ltr' id='par_1_67' title="bbox 222 3446 1923 3516">
     <span class='ocr_line' id='line_1_67' title="bbox 222 3446 1923 3516; baseline 0 -17"><span class='ocrx_word' id='word_1_531' title='bbox 222 3447 284 3499; x_wconf 90' lang='lat' dir='ltr'>in</span> <span class='ocrx_word' id='word_1_532' title='bbox 318 3447 521 3516; x_wconf 89' lang='lat' dir='ltr'>spiritu</span> <span class='ocrx_word' id='word_1_533' title='bbox 554 3447 821 3512; x_wconf 87' lang='lat' dir='ltr'>lenitatis,</span> <span class='ocrx_word' id='word_1_534' title='bbox 856 3446 1225 3499; x_wconf 86' lang='lat' dir='ltr'>considerans</span> <span class='ocrx_word' id='word_1_535' title='bbox 1252 3450 1307 3499; x_wconf 90' lang='lat' dir='ltr'>te</span> <span class='ocrx_word' id='word_1_536' title='bbox 1331 3446 1516 3515; x_wconf 87' lang='lat' dir='ltr'>ipsum</span> <span class='ocrx_word' id='word_1_537' title='bbox 1548 3463 1618 3499; x_wconf 86' lang='lat' dir='ltr'>ne</span> <span class='ocrx_word' id='word_1_538' title='bbox 1641 3450 1697 3500; x_wconf 93' lang='lat' dir='ltr'>et</span> <span class='ocrx_word' id='word_1_539' title='bbox 1717 3451 1780 3500; x_wconf 92' lang='lat' dir='ltr'>tu</span> <span class='ocrx_word' id='word_1_540' title='bbox 1801 3452 1923 3500; x_wconf 86' lang='lat' dir='ltr'>ten-</span> 
     </span>
    </p>
   </div>
   <div class='ocr_carea' id='block_1_68' title="bbox 223 3535 1926 3605">
    <p class='ocr_par' dir='ltr' id='par_1_68' title="bbox 223 3535 1926 3605">
     <span class='ocr_line' id='line_1_68' title="bbox 223 3535 1926 3605; baseline -0.001 -16"><span class='ocrx_word' id='word_1_541' title='bbox 223 3536 363 3589; x_wconf 88' lang='lat' dir='ltr'>teris</span> <span class='ocrx_word' id='word_1_542' title='bbox 393 3535 533 3605; x_wconf 83' lang='lat' dir='ltr'>(Gul.</span> <span class='ocrx_word' id='word_1_543' title='bbox 565 3552 640 3601; x_wconf 81' lang='lat' dir='ltr'>vi,</span> <span class='ocrx_word' id='word_1_544' title='bbox 674 3537 742 3604; x_wconf 86' lang='lat' dir='ltr'>l).</span> <span class='ocrx_word' id='word_1_545' title='bbox 779 3554 805 3584; x_wconf 84' lang='lat'><strong>»</strong></span> <span class='ocrx_word' id='word_1_546' title='bbox 832 3536 897 3588; x_wconf 89' lang='lat' dir='ltr'>Et</span> <span class='ocrx_word' id='word_1_547' title='bbox 922 3535 1255 3605; x_wconf 87' lang='lat' dir='ltr'>illiquidem</span> <span class='ocrx_word' id='word_1_548' title='bbox 1280 3540 1520 3605; x_wconf 88' lang='lat' dir='ltr'>propter</span> <span class='ocrx_word' id='word_1_549' title='bbox 1542 3535 1926 3605; x_wconf 86' lang='lat' dir='ltr'>intemperan-</span> 
     </span>
    </p>
   </div>
   <div class='ocr_carea' id='block_1_69' title="bbox 220 3623 1925 3693">
    <p class='ocr_par' dir='ltr' id='par_1_69' title="bbox 220 3623 1925 3693">
     <span class='ocr_line' id='line_1_69' title="bbox 220 3623 1925 3693; baseline -0.001 -15"><span class='ocrx_word' id='word_1_550' title='bbox 220 3626 387 3684; x_wconf 87' lang='lat' dir='ltr'>tiam,</span> <span class='ocrx_word' id='word_1_551' title='bbox 452 3623 974 3692; x_wconf 87' lang='lat' dir='ltr'>importunitatem,</span> <span class='ocrx_word' id='word_1_552' title='bbox 1026 3628 1197 3693; x_wconf 91' lang='lat' dir='ltr'>atque</span> <span class='ocrx_word' id='word_1_553' title='bbox 1255 3623 1652 3677; x_wconf 89' lang='lat' dir='ltr'>infrunitatem</span> <span class='ocrx_word' id='word_1_554' title='bbox 1710 3624 1925 3693; x_wconf 79' lang='lat' dir='ltr'>linguae</span> 
     </span>
    </p>
   </div>
   <div class='ocr_carea' id='block_1_70' title="bbox 221 3711 1925 3782">
    <p class='ocr_par' dir='ltr' id='par_1_70' title="bbox 221 3711 1925 3782">
     <span class='ocr_line' id='line_1_70' title="bbox 221 3711 1925 3782; baseline -0.001 -16"><span class='ocrx_word' id='word_1_555' title='bbox 221 3728 343 3766; x_wconf 83' lang='lat' dir='ltr'>suae</span> <span class='ocrx_word' id='word_1_556' title='bbox 375 3718 429 3765; x_wconf 92' lang='lat' dir='ltr'>et</span> <span class='ocrx_word' id='word_1_557' title='bbox 460 3711 775 3782; x_wconf 89' lang='lat' dir='ltr'>inquietam</span> <span class='ocrx_word' id='word_1_558' title='bbox 810 3711 1184 3765; x_wconf 88' lang='lat' dir='ltr'>mobilitatem</span> <span class='ocrx_word' id='word_1_559' title='bbox 1217 3712 1610 3766; x_wconf 84' lang='lat' dir='ltr'>instabilitatis</span> <span class='ocrx_word' id='word_1_560' title='bbox 1638 3729 1779 3772; x_wconf 85' lang='lat' dir='ltr'>suae,</span> <span class='ocrx_word' id='word_1_561' title='bbox 1812 3728 1925 3765; x_wconf 90' lang='lat' dir='ltr'>me-</span> 
     </span>
    </p>
   </div>
   <div class='ocr_carea' id='block_1_71' title="bbox 220 3798 1926 3869">
    <p class='ocr_par' dir='ltr' id='par_1_71' title="bbox 220 3798 1926 3869">
     <span class='ocr_line' id='line_1_71' title="bbox 220 3798 1926 3869; baseline -0.001 -17"><span class='ocrx_word' id='word_1_562' title='bbox 220 3799 340 3852; x_wconf 91' lang='lat' dir='ltr'>rito</span> <span class='ocrx_word' id='word_1_563' title='bbox 373 3798 610 3851; x_wconf 88' lang='lat' dir='ltr'>forsitan</span> <span class='ocrx_word' id='word_1_564' title='bbox 640 3798 864 3863; x_wconf 87' lang='lat' dir='ltr'>accidit,</span> <span class='ocrx_word' id='word_1_565' title='bbox 900 3798 1051 3869; x_wconf 91' lang='lat' dir='ltr'>quod</span> <span class='ocrx_word' id='word_1_566' title='bbox 1090 3798 1149 3851; x_wconf 93' lang='lat' dir='ltr'>in</span> <span class='ocrx_word' id='word_1_567' title='bbox 1182 3798 1487 3852; x_wconf 89' lang='lat' dir='ltr'>Salomone</span> <span class='ocrx_word' id='word_1_568' title='bbox 1536 3799 1766 3869; x_wconf 80' lang='lat' dir='ltr'>legitur,</span> <span class='ocrx_word' id='word_1_569' title='bbox 1800 3819 1827 3847; x_wconf 85' lang='lat'><strong>«</strong></span> <span class='ocrx_word' id='word_1_570' title='bbox 1864 3799 1926 3851; x_wconf 81' lang='lat' dir='ltr'>Et</span> 
     </span>
    </p>
   </div>
   <div class='ocr_carea' id='block_1_72' title="bbox 222 3883 1926 3956">
    <p class='ocr_par' dir='ltr' id='par_1_72' title="bbox 222 3883 1926 3956">
     <span class='ocr_line' id='line_1_72' title="bbox 222 3883 1926 3956; baseline 0.002 -21"><span class='ocrx_word' id='word_1_571' title='bbox 222 3883 326 3954; x_wconf 87' lang='lat' dir='ltr'>qui</span> <span class='ocrx_word' id='word_1_572' title='bbox 368 3884 823 3939; x_wconf 89' lang='lat' dir='ltr'>inconsideratus</span> <span class='ocrx_word' id='word_1_573' title='bbox 867 3890 950 3939; x_wconf 88' lang='lat' dir='ltr'>est</span> <span class='ocrx_word' id='word_1_574' title='bbox 993 3886 1065 3939; x_wconf 91' lang='lat' dir='ltr'>ad</span> <span class='ocrx_word' id='word_1_575' title='bbox 1112 3886 1470 3956; x_wconf 73' lang='lat' dir='ltr'>loquendum</span> <span class='ocrx_word' id='word_1_576' title='bbox 1518 3887 1727 3939; x_wconf 86' lang='lat' dir='ltr'>sentiet</span> <span class='ocrx_word' id='word_1_577' title='bbox 1776 3886 1926 3939; x_wconf 90' lang='lat' dir='ltr'>mala</span> 
     </span>
    </p>
   </div>
   <div class='ocr_carea' id='block_1_73' title="bbox 219 3974 1924 4043">
    <p class='ocr_par' dir='ltr' id='par_1_73' title="bbox 219 3974 1924 4043">
     <span class='ocr_line' id='line_1_73' title="bbox 219 3974 1924 4043; baseline 0.001 -18"><span class='ocrx_word' id='word_1_578' title='bbox 219 3974 407 4043; x_wconf 90' lang='lat' dir='ltr'>(Prov.</span> <span class='ocrx_word' id='word_1_579' title='bbox 440 3989 554 4040; x_wconf 85' lang='lat' dir='ltr'>xm,</span> <span class='ocrx_word' id='word_1_580' title='bbox 585 3977 649 4040; x_wconf 91' lang='lat'><strong>3;</strong></span> <span class='ocrx_word' id='word_1_581' title='bbox 687 3996 714 4023; x_wconf 92' lang='grc'><strong>››</strong></span> <span class='ocrx_word' id='word_1_582' title='bbox 762 3980 819 4028; x_wconf 86' lang='lat' dir='ltr'>et</span> <span class='ocrx_word' id='word_1_583' title='bbox 863 3975 1073 4027; x_wconf 88' lang='lat' dir='ltr'>iterum</span> <span class='ocrx_word' id='word_1_584' title='bbox 1100 3991 1111 4027; x_wconf 91' lang='lat'><strong>:</strong></span> <span class='ocrx_word' id='word_1_585' title='bbox 1169 3996 1195 4023; x_wconf 87' lang='grc'>‹‹</span> <span class='ocrx_word' id='word_1_586' title='bbox 1223 3974 1330 4038; x_wconf 90' lang='lat' dir='ltr'>Qui</span> <span class='ocrx_word' id='word_1_587' title='bbox 1362 3974 1610 4043; x_wconf 89' lang='lat' dir='ltr'>imponit</span> <span class='ocrx_word' id='word_1_588' title='bbox 1639 3975 1814 4027; x_wconf 91' lang='lat' dir='ltr'>stulto</span> <span class='ocrx_word' id='word_1_589' title='bbox 1845 3974 1924 4027; x_wconf 92' lang='lat' dir='ltr'>si-</span> 
     </span>
    </p>
   </div>
   <div class='ocr_carea' id='block_1_74' title="bbox 223 4061 1921 4133">
    <p class='ocr_par' dir='ltr' id='par_1_74' title="bbox 223 4061 1921 4133">
     <span class='ocr_line' id='line_1_74' title="bbox 223 4061 1921 4133; baseline 0.001 -18"><span class='ocrx_word' id='word_1_590' title='bbox 223 4061 498 4124; x_wconf 87' lang='lat' dir='ltr'>lentium,</span> <span class='ocrx_word' id='word_1_591' title='bbox 532 4061 643 4115; x_wconf 88' lang='lat' dir='ltr'>iras</span> <span class='ocrx_word' id='word_1_592' title='bbox 668 4062 893 4131; x_wconf 87' lang='lat' dir='ltr'>mitigat</span> <span class='ocrx_word' id='word_1_593' title='bbox 926 4063 1107 4128; x_wconf 83' lang='lat' dir='ltr'>(Prov.</span> <span class='ocrx_word' id='word_1_594' title='bbox 1138 4079 1285 4126; x_wconf 76' lang='lat' dir='ltr'>xxvx,</span> <span class='ocrx_word' id='word_1_595' title='bbox 1319 4065 1433 4133; x_wconf 85' lang='lat' dir='ltr'>l0);</span> <span class='ocrx_word' id='word_1_596' title='bbox 1460 4084 1488 4112; x_wconf 87' lang='grc'>››</span> <span class='ocrx_word' id='word_1_597' title='bbox 1522 4069 1578 4117; x_wconf 91' lang='lat' dir='ltr'>et</span> <span class='ocrx_word' id='word_1_598' title='bbox 1608 4064 1720 4117; x_wconf 89' lang='lat' dir='ltr'>alio</span> <span class='ocrx_word' id='word_1_599' title='bbox 1753 4065 1874 4117; x_wconf 88' lang='lat' dir='ltr'>loco</span> <span class='ocrx_word' id='word_1_600' title='bbox 1909 4079 1921 4116; x_wconf 91' lang='lat'><strong>:</strong></span> 
     </span>
    </p>
   </div>
   <div class='ocr_carea' id='block_1_75' title="bbox 229 4149 1925 4221">
    <p class='ocr_par' dir='ltr' id='par_1_75' title="bbox 229 4149 1925 4221">
     <span class='ocr_line' id='line_1_75' title="bbox 229 4149 1925 4221; baseline 0.002 -20"><span class='ocrx_word' id='word_1_601' title='bbox 229 4172 249 4195; x_wconf 78' lang='grc' dir='ltr'>ι</span> <span class='ocrx_word' id='word_1_602' title='bbox 290 4149 443 4218; x_wconf 78' lang='lat' dir='ltr'>Ejice</span> <span class='ocrx_word' id='word_1_603' title='bbox 475 4149 807 4218; x_wconf 90' lang='lat' dir='ltr'>derisorem,</span> <span class='ocrx_word' id='word_1_604' title='bbox 838 4157 895 4204; x_wconf 93' lang='lat' dir='ltr'>et</span> <span class='ocrx_word' id='word_1_605' title='bbox 923 4150 1100 4204; x_wconf 82' lang='lat' dir='ltr'>exibit</span> <span class='ocrx_word' id='word_1_606' title='bbox 1133 4167 1263 4204; x_wconf 88' lang='lat' dir='ltr'>cum</span> <span class='ocrx_word' id='word_1_607' title='bbox 1304 4167 1371 4204; x_wconf 90' lang='lat' dir='ltr'>eo</span> <span class='ocrx_word' id='word_1_608' title='bbox 1416 4151 1695 4221; x_wconf 90' lang='lat' dir='ltr'>jurgium,</span> <span class='ocrx_word' id='word_1_609' title='bbox 1748 4168 1925 4205; x_wconf 90' lang='lat' dir='ltr'>cessa-</span> 
     </span>
    </p>
   </div>
   <div class='ocr_carea' id='block_1_76' title="bbox 222 4238 1807 4311">
    <p class='ocr_par' dir='ltr' id='par_1_76' title="bbox 222 4238 1807 4311">
     <span class='ocr_line' id='line_1_76' title="bbox 222 4238 1807 4311; baseline 0.003 -20"><span class='ocrx_word' id='word_1_610' title='bbox 222 4238 486 4310; x_wconf 89' lang='lat' dir='ltr'>buntque</span> <span class='ocrx_word' id='word_1_611' title='bbox 517 4256 722 4305; x_wconf 72' lang='lat' dir='ltr'>causae,</span> <span class='ocrx_word' id='word_1_612' title='bbox 755 4246 811 4294; x_wconf 92' lang='lat' dir='ltr'>et</span> <span class='ocrx_word' id='word_1_613' title='bbox 839 4240 1201 4293; x_wconf 85' lang='lat' dir='ltr'>contumeliae</span> <span class='ocrx_word' id='word_1_614' title='bbox 1236 4240 1415 4309; x_wconf 85' lang='lat' dir='ltr'>(Prov.</span> <span class='ocrx_word' id='word_1_615' title='bbox 1455 4256 1590 4307; x_wconf 85' lang='lat' dir='ltr'>xxu,</span> <span class='ocrx_word' id='word_1_616' title='bbox 1638 4244 1745 4311; x_wconf 78' lang='grc'>10).</span> <span class='ocrx_word' id='word_1_617' title='bbox 1780 4262 1807 4288; x_wconf 87' lang='grc'><strong>››</strong></span> 
     </span>
    </p>
   </div>
   <div class='ocr_carea' id='block_1_77' title="bbox 869 4366 1280 4421">
    <p class='ocr_par' dir='ltr' id='par_1_77' title="bbox 869 4366 1280 4421">
     <span class='ocr_line' id='line_1_77' title="bbox 869 4366 1280 4421; baseline 0.002 -2"><span class='ocrx_word' id='word_1_618' title='bbox 869 4366 1093 4419; x_wconf 80' lang='lat' dir='ltr'>CAPUT</span> <span class='ocrx_word' id='word_1_619' title='bbox 1133 4366 1280 4421; x_wconf 80' lang='lat' dir='ltr'>XXV.</span> 
     </span>
    </p>
   </div>
   <div class='ocr_carea' id='block_1_78' title="bbox 296 4470 1767 4540">
    <p class='ocr_par' dir='ltr' id='par_1_78' title="bbox 296 4470 1767 4540">
     <span class='ocr_line' id='line_1_78' title="bbox 296 4470 1767 4540; baseline 0.001 -15"><span class='ocrx_word' id='word_1_620' title='bbox 296 4470 558 4525; x_wconf 80' lang='lat' dir='ltr'>Inaudita</span> <span class='ocrx_word' id='word_1_621' title='bbox 589 4474 647 4524; x_wconf 75' lang='lat' dir='ltr'>in</span> <span class='ocrx_word' id='word_1_622' title='bbox 674 4471 1097 4527; x_wconf 82' lang='lat' dir='ltr'>Gotteschalcum</span> <span class='ocrx_word' id='word_1_623' title='bbox 1128 4472 1469 4527; x_wconf 75' lang='lat' dir='ltr'>crudelitatis</span> <span class='ocrx_word' id='word_1_624' title='bbox 1500 4472 1767 4540; x_wconf 60' lang='lat' dir='ltr'>exempla.</span> 
     </span>
    </p>
   </div>
   <div class='ocr_carea' id='block_1_79' title="bbox 298 4594 1924 4665">
    <p class='ocr_par' dir='ltr' id='par_1_79' title="bbox 298 4594 1924 4665">
     <span class='ocr_line' id='line_1_79' title="bbox 298 4594 1924 4665; baseline 0.002 -18"><span class='ocrx_word' id='word_1_625' title='bbox 298 4595 514 4647; x_wconf 89' lang='lat' dir='ltr'>Tamen</span> <span class='ocrx_word' id='word_1_626' title='bbox 542 4595 759 4647; x_wconf 89' lang='lat' dir='ltr'>nullius</span> <span class='ocrx_word' id='word_1_627' title='bbox 789 4595 1041 4647; x_wconf 87' lang='lat' dir='ltr'>hominis</span> <span class='ocrx_word' id='word_1_628' title='bbox 1070 4594 1459 4665; x_wconf 81' lang='lat' dir='ltr'>improbitate,</span> <span class='ocrx_word' id='word_1_629' title='bbox 1494 4602 1547 4648; x_wconf 88' lang='lat' dir='ltr'>et</span> <span class='ocrx_word' id='word_1_630' title='bbox 1594 4595 1924 4650; x_wconf 84' lang='lat' dir='ltr'>iufrunitate</span> 
     </span>
    </p>
   </div>
   <div class='ocr_carea' id='block_1_80' title="bbox 218 4682 1923 4754">
    <p class='ocr_par' dir='ltr' id='par_1_80' title="bbox 218 4682 1923 4754">
     <span class='ocr_line' id='line_1_80' title="bbox 218 4682 1923 4754; baseline 0.001 -18"><span class='ocrx_word' id='word_1_631' title='bbox 218 4683 303 4737; x_wconf 90' lang='lat' dir='ltr'>ita</span> <span class='ocrx_word' id='word_1_632' title='bbox 332 4682 553 4736; x_wconf 87' lang='lat' dir='ltr'>moveri</span> <span class='ocrx_word' id='word_1_633' title='bbox 588 4682 879 4748; x_wconf 88' lang='lat' dir='ltr'>debemus,</span> <span class='ocrx_word' id='word_1_634' title='bbox 912 4686 976 4735; x_wconf 91' lang='lat' dir='ltr'>ut</span> <span class='ocrx_word' id='word_1_635' title='bbox 1018 4688 1470 4745; x_wconf 83' lang='lat' dir='ltr'>contemnamus,</span> <span class='ocrx_word' id='word_1_636' title='bbox 1507 4684 1594 4737; x_wconf 88' lang='lat' dir='ltr'>vel</span> <span class='ocrx_word' id='word_1_637' title='bbox 1626 4683 1923 4754; x_wconf 88' lang='lat' dir='ltr'>impugne-</span> 
     </span>
    </p>
   </div>
   <div class='ocr_carea' id='block_1_81' title="bbox 217 4771 1924 4839">
    <p class='ocr_par' dir='ltr' id='par_1_81' title="bbox 217 4771 1924 4839">
     <span class='ocr_line' id='line_1_81' title="bbox 217 4771 1924 4839; baseline 0.001 -14"><span class='ocrx_word' id='word_1_638' title='bbox 217 4788 378 4839; x_wconf 89' lang='lat' dir='ltr'>mus,</span> <span class='ocrx_word' id='word_1_639' title='bbox 411 4775 509 4823; x_wconf 86' lang='lat' dir='ltr'>aut</span> <span class='ocrx_word' id='word_1_640' title='bbox 540 4771 712 4824; x_wconf 88' lang='lat' dir='ltr'>etiam</span> <span class='ocrx_word' id='word_1_641' title='bbox 745 4772 1019 4824; x_wconf 89' lang='lat' dir='ltr'>damnare</span> <span class='ocrx_word' id='word_1_642' title='bbox 1053 4772 1365 4825; x_wconf 87' lang='lat' dir='ltr'>audeamus</span> <span class='ocrx_word' id='word_1_643' title='bbox 1412 4773 1666 4827; x_wconf 82' lang='lat' dir='ltr'>divinam</span> <span class='ocrx_word' id='word_1_644' title='bbox 1716 4774 1924 4827; x_wconf 90' lang='lat' dir='ltr'>verita-</span> 
     </span>
    </p>
   </div>
   <div class='ocr_carea' id='block_1_82' title="bbox 216 4859 1925 4929">
    <p class='ocr_par' dir='ltr' id='par_1_82' title="bbox 216 4859 1925 4929">
     <span class='ocr_line' id='line_1_82' title="bbox 216 4859 1925 4929; baseline 0.002 -16"><span class='ocrx_word' id='word_1_645' title='bbox 216 4864 363 4925; x_wconf 88' lang='lat' dir='ltr'>tem,</span> <span class='ocrx_word' id='word_1_646' title='bbox 394 4859 509 4913; x_wconf 88' lang='lat' dir='ltr'>sive</span> <span class='ocrx_word' id='word_1_647' title='bbox 542 4863 771 4929; x_wconf 90' lang='lat' dir='ltr'>patrum</span> <span class='ocrx_word' id='word_1_648' title='bbox 804 4862 1135 4913; x_wconf 87' lang='lat' dir='ltr'>nostrorum</span> <span class='ocrx_word' id='word_1_649' title='bbox 1170 4862 1558 4915; x_wconf 87' lang='lat' dir='ltr'>venerabilem</span> <span class='ocrx_word' id='word_1_650' title='bbox 1613 4863 1925 4917; x_wconf 84' lang='lat' dir='ltr'>auctorita-</span> 
     </span>
    </p>
   </div>
   <div class='ocr_carea' id='block_1_83' title="bbox 218 4949 1921 5021">
    <p class='ocr_par' dir='ltr' id='par_1_83' title="bbox 218 4949 1921 5021">
     <span class='ocr_line' id='line_1_83' title="bbox 218 4949 1921 5021; baseline 0.001 -17"><span class='ocrx_word' id='word_1_651' title='bbox 218 4953 362 5015; x_wconf 90' lang='lat' dir='ltr'>tem,</span> <span class='ocrx_word' id='word_1_652' title='bbox 399 4964 686 5002; x_wconf 89' lang='lat' dir='ltr'>memores</span> <span class='ocrx_word' id='word_1_653' title='bbox 717 4949 975 5019; x_wconf 85' lang='lat' dir='ltr'>Apostoli</span> <span class='ocrx_word' id='word_1_654' title='bbox 1016 4949 1300 5004; x_wconf 89' lang='lat' dir='ltr'>dicentis:</span> <span class='ocrx_word' id='word_1_655' title='bbox 1355 4972 1380 4999; x_wconf 87' lang='grc'><strong>‹‹</strong></span> <span class='ocrx_word' id='word_1_656' title='bbox 1415 4952 1539 5005; x_wconf 79' lang='lat' dir='ltr'>Non</span> <span class='ocrx_word' id='word_1_657' title='bbox 1585 4951 1741 5005; x_wconf 90' lang='lat' dir='ltr'>enim</span> <span class='ocrx_word' id='word_1_658' title='bbox 1790 4968 1921 5021; x_wconf 89' lang='lat' dir='ltr'>pos-</span> 
     </span>
    </p>
   </div>
   <div class='ocr_carea' id='block_1_84' title="bbox 220 5037 1922 5110">
    <p class='ocr_par' dir='ltr' id='par_1_84' title="bbox 220 5037 1922 5110">
     <span class='ocr_line' id='line_1_84' title="bbox 220 5037 1922 5110; baseline 0.003 -19"><span class='ocrx_word' id='word_1_659' title='bbox 220 5053 426 5092; x_wconf 88' lang='lat' dir='ltr'>sumus</span> <span class='ocrx_word' id='word_1_660' title='bbox 459 5037 675 5107; x_wconf 89' lang='lat' dir='ltr'>aliquid</span> <span class='ocrx_word' id='word_1_661' title='bbox 705 5038 974 5091; x_wconf 90' lang='lat' dir='ltr'>adversus</span> <span class='ocrx_word' id='word_1_662' title='bbox 1013 5039 1329 5106; x_wconf 89' lang='lat' dir='ltr'>veritatem,</span> <span class='ocrx_word' id='word_1_663' title='bbox 1380 5040 1480 5093; x_wconf 89' lang='lat' dir='ltr'>sed</span> <span class='ocrx_word' id='word_1_664' title='bbox 1530 5056 1637 5110; x_wconf 90' lang='lat' dir='ltr'>pro</span> <span class='ocrx_word' id='word_1_665' title='bbox 1684 5041 1922 5096; x_wconf 88' lang='lat' dir='ltr'>veritate</span> 
     </span>
    </p>
   </div>
   <div class='ocr_carea' id='block_1_85' title="bbox 2032 3003 3723 3073">
    <p class='ocr_par' dir='ltr' id='par_1_85' title="bbox 2032 3003 3723 3073">
     <span class='ocr_line' id='line_1_85' title="bbox 2032 3003 3723 3073; baseline -0.003 -14"><span class='ocrx_word' id='word_1_666' title='bbox 2032 3005 2239 3060; x_wconf 88' lang='lat' dir='ltr'>divinis</span> <span class='ocrx_word' id='word_1_667' title='bbox 2269 3005 2440 3058; x_wconf 90' lang='lat' dir='ltr'>rebus</span> <span class='ocrx_word' id='word_1_668' title='bbox 2462 3004 2773 3058; x_wconf 88' lang='lat' dir='ltr'>inferretur</span> <span class='ocrx_word' id='word_1_669' title='bbox 2804 3004 3037 3073; x_wconf 79' lang='lat' dir='ltr'>injuria.</span> <span class='ocrx_word' id='word_1_670' title='bbox 3069 3003 3308 3057; x_wconf 81' lang='lat' dir='ltr'>Maxime</span> <span class='ocrx_word' id='word_1_671' title='bbox 3330 3017 3460 3055; x_wconf 90' lang='lat' dir='ltr'>cum</span> <span class='ocrx_word' id='word_1_672' title='bbox 3485 3003 3567 3054; x_wconf 88' lang='lat' dir='ltr'>illi</span> <span class='ocrx_word' id='word_1_673' title='bbox 3598 3017 3723 3055; x_wconf 89' lang='lat' dir='ltr'>sen-</span> 
     </span>
    </p>
   </div>
   <div class='ocr_carea' id='block_1_86' title="bbox 2033 3089 3729 3163">
    <p class='ocr_par' dir='ltr' id='par_1_86' title="bbox 2033 3089 3729 3163">
     <span class='ocr_line' id='line_1_86' title="bbox 2033 3089 3729 3163; baseline -0.002 -17"><span class='ocrx_word' id='word_1_674' title='bbox 2033 3109 2179 3159; x_wconf 88' lang='lat' dir='ltr'>sum,</span> <span class='ocrx_word' id='word_1_675' title='bbox 2214 3093 2313 3163; x_wconf 91' lang='lat' dir='ltr'>qui</span> <span class='ocrx_word' id='word_1_676' title='bbox 2338 3094 2461 3163; x_wconf 91' lang='lat' dir='ltr'>ipso</span> <span class='ocrx_word' id='word_1_677' title='bbox 2493 3093 2934 3146; x_wconf 88' lang='lat' dir='ltr'>continebantur</span> <span class='ocrx_word' id='word_1_678' title='bbox 2970 3092 3185 3157; x_wconf 88' lang='lat' dir='ltr'>libello,</span> <span class='ocrx_word' id='word_1_679' title='bbox 3214 3095 3447 3160; x_wconf 83' lang='lat' dir='ltr'>excepto</span> <span class='ocrx_word' id='word_1_680' title='bbox 3481 3106 3595 3143; x_wconf 89' lang='lat' dir='ltr'>uno</span> <span class='ocrx_word' id='word_1_681' title='bbox 3628 3089 3729 3159; x_wconf 91' lang='lat' dir='ltr'>qui</span> 
     </span>
    </p>
   </div>
   <div class='ocr_carea' id='block_1_87' title="bbox 2034 3178 3724 3251">
    <p class='ocr_par' dir='ltr' id='par_1_87' title="bbox 2034 3178 3724 3251">
     <span class='ocr_line' id='line_1_87' title="bbox 2034 3178 3724 3251; baseline -0.002 -18"><span class='ocrx_word' id='word_1_682' title='bbox 2034 3186 2319 3236; x_wconf 86' lang='lat' dir='ltr'>extremus</span> <span class='ocrx_word' id='word_1_683' title='bbox 2353 3182 2603 3251; x_wconf 91' lang='lat' dir='ltr'>ponitur,</span> <span class='ocrx_word' id='word_1_684' title='bbox 2636 3198 2750 3233; x_wconf 89' lang='lat' dir='ltr'>non</span> <span class='ocrx_word' id='word_1_685' title='bbox 2782 3185 2973 3233; x_wconf 87' lang='lat' dir='ltr'>essent</span> <span class='ocrx_word' id='word_1_686' title='bbox 3021 3180 3126 3246; x_wconf 92' lang='lat' dir='ltr'>sui,</span> <span class='ocrx_word' id='word_1_687' title='bbox 3162 3180 3257 3233; x_wconf 89' lang='lat' dir='ltr'>sed</span> <span class='ocrx_word' id='word_1_688' title='bbox 3312 3178 3677 3232; x_wconf 89' lang='lat' dir='ltr'>ecclesiastici</span> <span class='ocrx_word' id='word_1_689' title='bbox 3711 3194 3724 3230; x_wconf 92' lang='lat'><strong>:</strong></span> 
     </span>
    </p>
   </div>
   <div class='ocr_carea' id='block_1_88' title="bbox 2034 3266 3727 3341">
    <p class='ocr_par' dir='ltr' id='par_1_88' title="bbox 2034 3266 3727 3341">
     <span class='ocr_line' id='line_1_88' title="bbox 2034 3266 3727 3341; baseline -0.004 -16"><span class='ocrx_word' id='word_1_690' title='bbox 2034 3287 2138 3325; x_wconf 91' lang='lat' dir='ltr'>nec</span> <span class='ocrx_word' id='word_1_691' title='bbox 2168 3271 2399 3341; x_wconf 89' lang='lat' dir='ltr'>ignibus</span> <span class='ocrx_word' id='word_1_692' title='bbox 2427 3270 2759 3335; x_wconf 78' lang='lat' dir='ltr'>damnandi,</span> <span class='ocrx_word' id='word_1_693' title='bbox 2794 3269 2890 3322; x_wconf 90' lang='lat' dir='ltr'>sed</span> <span class='ocrx_word' id='word_1_694' title='bbox 2930 3270 3021 3339; x_wconf 90' lang='lat' dir='ltr'>pia</span> <span class='ocrx_word' id='word_1_695' title='bbox 3053 3275 3109 3322; x_wconf 90' lang='lat' dir='ltr'>et</span> <span class='ocrx_word' id='word_1_696' title='bbox 3139 3267 3372 3338; x_wconf 86' lang='lat' dir='ltr'>paciﬁca</span> <span class='ocrx_word' id='word_1_697' title='bbox 3392 3267 3607 3320; x_wconf 87' lang='lat' dir='ltr'>fuerint</span> <span class='ocrx_word' id='word_1_698' title='bbox 3638 3266 3727 3319; x_wconf 85' lang='lat' dir='ltr'>in-</span> 
     </span>
    </p>
   </div>
   <div class='ocr_carea' id='block_1_89' title="bbox 2034 3353 3729 3430">
    <p class='ocr_par' dir='ltr' id='par_1_89' title="bbox 2034 3353 3729 3430">
     <span class='ocr_line' id='line_1_89' title="bbox 2034 3353 3729 3430; baseline -0.004 -17"><span class='ocrx_word' id='word_1_699' title='bbox 2034 3360 2343 3430; x_wconf 89' lang='lat' dir='ltr'>quisitione</span> <span class='ocrx_word' id='word_1_700' title='bbox 2389 3358 2688 3412; x_wconf 88' lang='lat' dir='ltr'>tractandi.</span> <span class='ocrx_word' id='word_1_701' title='bbox 2723 3358 2828 3412; x_wconf 92' lang='lat' dir='ltr'>Sed</span> <span class='ocrx_word' id='word_1_702' title='bbox 2879 3362 2935 3410; x_wconf 92' lang='lat' dir='ltr'>et</span> <span class='ocrx_word' id='word_1_703' title='bbox 2965 3357 3062 3410; x_wconf 90' lang='lat' dir='ltr'>illa</span> <span class='ocrx_word' id='word_1_704' title='bbox 3111 3356 3366 3425; x_wconf 86' lang='lat' dir='ltr'>ejusdem</span> <span class='ocrx_word' id='word_1_705' title='bbox 3419 3353 3729 3408; x_wconf 90' lang='lat' dir='ltr'>miserandi</span> 
     </span>
    </p>
   </div>
   <div class='ocr_carea' id='block_1_90' title="bbox 2034 3444 3731 3517">
    <p class='ocr_par' dir='ltr' id='par_1_90' title="bbox 2034 3444 3731 3517">
     <span class='ocr_line' id='line_1_90' title="bbox 2034 3444 3731 3517; baseline -0.003 -15"><span class='ocrx_word' id='word_1_706' title='bbox 2034 3448 2285 3502; x_wconf 89' lang='lat' dir='ltr'>hominis</span> <span class='ocrx_word' id='word_1_707' title='bbox 2307 3454 2423 3501; x_wconf 89' lang='lat' dir='ltr'>tam</span> <span class='ocrx_word' id='word_1_708' title='bbox 2454 3448 2645 3517; x_wconf 85' lang='lat' dir='ltr'>longa,</span> <span class='ocrx_word' id='word_1_709' title='bbox 2680 3452 2734 3501; x_wconf 90' lang='lat' dir='ltr'>et</span> <span class='ocrx_word' id='word_1_710' title='bbox 2760 3447 3080 3499; x_wconf 89' lang='lat' dir='ltr'>inhumana</span> <span class='ocrx_word' id='word_1_711' title='bbox 3128 3446 3185 3498; x_wconf 87' lang='lat' dir='ltr'>in</span> <span class='ocrx_word' id='word_1_712' title='bbox 3218 3444 3567 3514; x_wconf 86' lang='lat' dir='ltr'>ergastulum</span> <span class='ocrx_word' id='word_1_713' title='bbox 3624 3459 3731 3513; x_wconf 89' lang='lat' dir='ltr'>per</span> 
     </span>
    </p>
   </div>
   <div class='ocr_carea' id='block_1_91' title="bbox 2033 3533 3722 3606">
    <p class='ocr_par' dir='ltr' id='par_1_91' title="bbox 2033 3533 3722 3606">
     <span class='ocr_line' id='line_1_91' title="bbox 2033 3533 3722 3606; baseline -0.003 -16"><span class='ocrx_word' id='word_1_714' title='bbox 2033 3542 2119 3591; x_wconf 91' lang='lat' dir='ltr'>tot</span> <span class='ocrx_word' id='word_1_715' title='bbox 2147 3552 2330 3590; x_wconf 87' lang='lat' dir='ltr'>annos</span> <span class='ocrx_word' id='word_1_716' title='bbox 2355 3536 2665 3602; x_wconf 89' lang='lat' dir='ltr'>damnatio,</span> <span class='ocrx_word' id='word_1_717' title='bbox 2700 3537 2892 3606; x_wconf 88' lang='lat' dir='ltr'>aliqua</span> <span class='ocrx_word' id='word_1_718' title='bbox 2925 3541 2989 3588; x_wconf 92' lang='lat' dir='ltr'>ut</span> <span class='ocrx_word' id='word_1_719' title='bbox 3035 3534 3340 3595; x_wconf 81' lang='lat' dir='ltr'>credimus,</span> <span class='ocrx_word' id='word_1_720' title='bbox 3376 3533 3722 3602; x_wconf 88' lang='lat' dir='ltr'>compassio-</span> 
     </span>
    </p>
   </div>
   <div class='ocr_carea' id='block_1_92' title="bbox 2036 3621 3724 3694">
    <p class='ocr_par' dir='ltr' id='par_1_92' title="bbox 2036 3621 3724 3694">
     <span class='ocr_line' id='line_1_92' title="bbox 2036 3621 3724 3694; baseline -0.002 -17"><span class='ocrx_word' id='word_1_721' title='bbox 2036 3624 2125 3677; x_wconf 86' lang='lat' dir='ltr'>nis</span> <span class='ocrx_word' id='word_1_722' title='bbox 2165 3624 2540 3694; x_wconf 89' lang='lat' dir='ltr'>benignitate,</span> <span class='ocrx_word' id='word_1_723' title='bbox 2581 3630 2638 3676; x_wconf 90' lang='lat' dir='ltr'>et</span> <span class='ocrx_word' id='word_1_724' title='bbox 2668 3623 3056 3677; x_wconf 88' lang='lat' dir='ltr'>consolatione</span> <span class='ocrx_word' id='word_1_725' title='bbox 3106 3622 3291 3676; x_wconf 86' lang='lat' dir='ltr'>fuerat</span> <span class='ocrx_word' id='word_1_726' title='bbox 3330 3621 3724 3691; x_wconf 87' lang='lat' dir='ltr'>temperanda,</span> 
     </span>
    </p>
   </div>
   <div class='ocr_carea' id='block_1_93' title="bbox 2034 3710 3732 3781">
    <p class='ocr_par' dir='ltr' id='par_1_93' title="bbox 2034 3710 3732 3781">
     <span class='ocr_line' id='line_1_93' title="bbox 2034 3710 3732 3781; baseline 0 -18"><span class='ocrx_word' id='word_1_727' title='bbox 2034 3712 2120 3765; x_wconf 90' lang='lat' dir='ltr'>vel</span> <span class='ocrx_word' id='word_1_728' title='bbox 2153 3712 2326 3765; x_wconf 90' lang='lat' dir='ltr'>etiam</span> <span class='ocrx_word' id='word_1_729' title='bbox 2355 3712 2718 3777; x_wconf 88' lang='lat' dir='ltr'>removenda,</span> <span class='ocrx_word' id='word_1_730' title='bbox 2739 3718 2803 3765; x_wconf 90' lang='lat' dir='ltr'>ut</span> <span class='ocrx_word' id='word_1_731' title='bbox 2821 3713 2998 3765; x_wconf 83' lang='lat' dir='ltr'>frater</span> <span class='ocrx_word' id='word_1_732' title='bbox 3027 3728 3130 3781; x_wconf 91' lang='lat' dir='ltr'>pro</span> <span class='ocrx_word' id='word_1_733' title='bbox 3164 3726 3275 3780; x_wconf 90' lang='lat' dir='ltr'>quo</span> <span class='ocrx_word' id='word_1_734' title='bbox 3298 3710 3553 3763; x_wconf 83' lang='lat' dir='ltr'>Christus</span> <span class='ocrx_word' id='word_1_735' title='bbox 3583 3726 3732 3763; x_wconf 89' lang='lat' dir='ltr'>mor-</span> 
     </span>
    </p>
   </div>
   <div class='ocr_carea' id='block_1_94' title="bbox 2034 3800 3732 3870">
    <p class='ocr_par' dir='ltr' id='par_1_94' title="bbox 2034 3800 3732 3870">
     <span class='ocr_line' id='line_1_94' title="bbox 2034 3800 3732 3870; baseline 0 -17"><span class='ocrx_word' id='word_1_736' title='bbox 2034 3806 2167 3853; x_wconf 87' lang='lat' dir='ltr'>tuus</span> <span class='ocrx_word' id='word_1_737' title='bbox 2199 3806 2302 3863; x_wconf 85' lang='lat' dir='ltr'>est,</span> <span class='ocrx_word' id='word_1_738' title='bbox 2334 3816 2437 3870; x_wconf 91' lang='lat' dir='ltr'>per</span> <span class='ocrx_word' id='word_1_739' title='bbox 2465 3801 2820 3866; x_wconf 88' lang='lat' dir='ltr'>charitatem,</span> <span class='ocrx_word' id='word_1_740' title='bbox 2867 3806 2924 3853; x_wconf 92' lang='lat' dir='ltr'>et</span> <span class='ocrx_word' id='word_1_741' title='bbox 2965 3800 3228 3869; x_wconf 89' lang='lat' dir='ltr'>spiritum</span> <span class='ocrx_word' id='word_1_742' title='bbox 3278 3800 3732 3853; x_wconf 87' lang='lat' dir='ltr'>mansuetudinis</span> 
     </span>
    </p>
   </div>
   <div class='ocr_carea' id='block_1_95' title="bbox 2033 3887 3730 3957">
    <p class='ocr_par' dir='ltr' id='par_1_95' title="bbox 2033 3887 3730 3957">
     <span class='ocr_line' id='line_1_95' title="bbox 2033 3887 3730 3957; baseline 0.001 -18"><span class='ocrx_word' id='word_1_743' title='bbox 2033 3887 2229 3957; x_wconf 91' lang='lat' dir='ltr'>potius</span> <span class='ocrx_word' id='word_1_744' title='bbox 2258 3887 2595 3953; x_wconf 89' lang='lat' dir='ltr'>lucraretur,</span> <span class='ocrx_word' id='word_1_745' title='bbox 2627 3904 2796 3957; x_wconf 71' lang='lat' dir='ltr'>quam</span> <span class='ocrx_word' id='word_1_746' title='bbox 2829 3887 3236 3941; x_wconf 88' lang='lat' dir='ltr'>abundantiori</span> <span class='ocrx_word' id='word_1_747' title='bbox 3266 3887 3499 3941; x_wconf 88' lang='lat' dir='ltr'>tristitia</span> <span class='ocrx_word' id='word_1_748' title='bbox 3528 3887 3730 3940; x_wconf 87' lang='lat' dir='ltr'>absor-</span> 
     </span>
    </p>
   </div>
   <div class='ocr_carea' id='block_1_96' title="bbox 2034 3975 3730 4045">
    <p class='ocr_par' dir='ltr' id='par_1_96' title="bbox 2034 3975 3730 4045">
     <span class='ocr_line' id='line_1_96' title="bbox 2034 3975 3730 4045; baseline -0.001 -17"><span class='ocrx_word' id='word_1_749' title='bbox 2034 3976 2283 4029; x_wconf 90' lang='lat' dir='ltr'>beretur.</span> <span class='ocrx_word' id='word_1_750' title='bbox 2315 3976 2477 4039; x_wconf 92' lang='lat' dir='ltr'>Quod</span> <span class='ocrx_word' id='word_1_751' title='bbox 2511 3977 2665 4042; x_wconf 91' lang='lat' dir='ltr'>illuc,</span> <span class='ocrx_word' id='word_1_752' title='bbox 2698 3982 2762 4029; x_wconf 93' lang='lat' dir='ltr'>ut</span> <span class='ocrx_word' id='word_1_753' title='bbox 2805 3976 3078 4029; x_wconf 91' lang='lat' dir='ltr'>Dominus</span> <span class='ocrx_word' id='word_1_754' title='bbox 3128 3975 3309 4042; x_wconf 87' lang='lat' dir='ltr'>novit,</span> <span class='ocrx_word' id='word_1_755' title='bbox 3355 3976 3415 4029; x_wconf 91' lang='lat' dir='ltr'>in</span> <span class='ocrx_word' id='word_1_756' title='bbox 3449 3977 3730 4045; x_wconf 88' lang='lat' dir='ltr'>quantum</span> 
     </span>
    </p>
   </div>
   <div class='ocr_carea' id='block_1_97' title="bbox 2033 4063 3728 4134">
    <p class='ocr_par' dir='ltr' id='par_1_97' title="bbox 2033 4063 3728 4134">
     <span class='ocr_line' id='line_1_97' title="bbox 2033 4063 3728 4134; baseline -0.001 -18"><span class='ocrx_word' id='word_1_757' title='bbox 2033 4064 2155 4133; x_wconf 91' lang='lat' dir='ltr'>ipse</span> <span class='ocrx_word' id='word_1_758' title='bbox 2186 4064 2467 4133; x_wconf 90' lang='lat' dir='ltr'>inspicere</span> <span class='ocrx_word' id='word_1_759' title='bbox 2498 4064 2791 4134; x_wconf 87' lang='lat' dir='ltr'>dignatur,</span> <span class='ocrx_word' id='word_1_760' title='bbox 2828 4064 3190 4134; x_wconf 89' lang='lat' dir='ltr'>suggerimus</span> <span class='ocrx_word' id='word_1_761' title='bbox 3222 4063 3518 4131; x_wconf 79' lang='lat' dir='ltr'>cliaritate,</span> <span class='ocrx_word' id='word_1_762' title='bbox 3555 4078 3728 4134; x_wconf 91' lang='lat' dir='ltr'>quam</span> 
     </span>
    </p>
   </div>
   <div class='ocr_carea' id='block_1_98' title="bbox 2036 4153 3723 4222">
    <p class='ocr_par' dir='ltr' id='par_1_98' title="bbox 2036 4153 3723 4222">
     <span class='ocr_line' id='line_1_98' title="bbox 2036 4153 3723 4222; baseline -0.001 -17"><span class='ocrx_word' id='word_1_763' title='bbox 2036 4153 2199 4206; x_wconf 88' lang='lat' dir='ltr'>nobis</span> <span class='ocrx_word' id='word_1_764' title='bbox 2231 4153 2430 4207; x_wconf 88' lang='lat' dir='ltr'>beatus</span> <span class='ocrx_word' id='word_1_765' title='bbox 2457 4154 2702 4206; x_wconf 85' lang='lat' dir='ltr'>Joannes</span> <span class='ocrx_word' id='word_1_766' title='bbox 2729 4154 3019 4222; x_wconf 89' lang='lat' dir='ltr'>apostolus</span> <span class='ocrx_word' id='word_1_767' title='bbox 3053 4154 3431 4214; x_wconf 83' lang='lat' dir='ltr'>commendat,</span> <span class='ocrx_word' id='word_1_768' title='bbox 3483 4153 3676 4206; x_wconf 84' lang='lat' dir='ltr'>dicens</span> <span class='ocrx_word' id='word_1_769' title='bbox 3712 4167 3723 4203; x_wconf 96' lang='lat'>:</span> 
     </span>
    </p>
   </div>
   <div class='ocr_carea' id='block_1_99' title="bbox 1967 4220 3731 4312">
    <p class='ocr_par' dir='ltr' id='par_1_99' title="bbox 1967 4220 3731 4312">
     <span class='ocr_line' id='line_1_99' title="bbox 1967 4220 3731 4312; baseline 0.001 -21"><span class='ocrx_word' id='word_1_770' title='bbox 1967 4220 2009 4273; x_wconf 83' lang='grc' dir='ltr'>Ῑ)</span> <span class='ocrx_word' id='word_1_771' title='bbox 2041 4259 2066 4291; x_wconf 87' lang='grc'>‹‹</span> <span class='ocrx_word' id='word_1_772' title='bbox 2096 4243 2157 4295; x_wconf 93' lang='lat' dir='ltr'>In</span> <span class='ocrx_word' id='word_1_773' title='bbox 2193 4242 2300 4295; x_wconf 92' lang='lat' dir='ltr'>hoc</span> <span class='ocrx_word' id='word_1_774' title='bbox 2348 4243 2723 4312; x_wconf 84' lang='lat' dir='ltr'>cognovimus</span> <span class='ocrx_word' id='word_1_775' title='bbox 2750 4220 3088 4295; x_wconf 76' lang='lat' dir='ltr'>charitatem</span> <span class='ocrx_word' id='word_1_776' title='bbox 3128 4242 3250 4307; x_wconf 92' lang='lat' dir='ltr'>Dei,</span> <span class='ocrx_word' id='word_1_777' title='bbox 3287 4242 3443 4312; x_wconf 90' lang='lat' dir='ltr'>quod</span> <span class='ocrx_word' id='word_1_778' title='bbox 3476 4241 3574 4294; x_wconf 91' lang='lat' dir='ltr'>ille</span> <span class='ocrx_word' id='word_1_779' title='bbox 3628 4255 3731 4310; x_wconf 87' lang='lat' dir='ltr'>pro</span> 
     </span>
    </p>
   </div>
   <div class='ocr_carea' id='block_1_100' title="bbox 2038 4328 3727 4400">
    <p class='ocr_par' dir='ltr' id='par_1_100' title="bbox 2038 4328 3727 4400">
     <span class='ocr_line' id='line_1_100' title="bbox 2038 4328 3727 4400; baseline -0.001 -17"><span class='ocrx_word' id='word_1_780' title='bbox 2038 4330 2201 4384; x_wconf 91' lang='lat' dir='ltr'>nobis</span> <span class='ocrx_word' id='word_1_781' title='bbox 2234 4332 2485 4384; x_wconf 89' lang='lat' dir='ltr'>animam</span> <span class='ocrx_word' id='word_1_782' title='bbox 2509 4347 2667 4384; x_wconf 88' lang='lat' dir='ltr'>suam</span> <span class='ocrx_word' id='word_1_783' title='bbox 2702 4330 2912 4400; x_wconf 89' lang='lat' dir='ltr'>posuit,</span> <span class='ocrx_word' id='word_1_784' title='bbox 2936 4336 2989 4383; x_wconf 90' lang='lat' dir='ltr'>et</span> <span class='ocrx_word' id='word_1_785' title='bbox 3016 4347 3131 4384; x_wconf 92' lang='lat' dir='ltr'>non</span> <span class='ocrx_word' id='word_1_786' title='bbox 3176 4331 3449 4384; x_wconf 91' lang='lat' dir='ltr'>debemus</span> <span class='ocrx_word' id='word_1_787' title='bbox 3477 4344 3582 4400; x_wconf 88' lang='lat' dir='ltr'>pro</span> <span class='ocrx_word' id='word_1_788' title='bbox 3612 4328 3727 4382; x_wconf 90' lang='lat' dir='ltr'>fra-</span> 
     </span>
    </p>
   </div>
   <div class='ocr_carea' id='block_1_101' title="bbox 2035 4419 3243 4490">
    <p class='ocr_par' dir='ltr' id='par_1_101' title="bbox 2035 4419 3243 4490">
     <span class='ocr_line' id='line_1_101' title="bbox 2035 4419 3243 4490; baseline 0.002 -19"><span class='ocrx_word' id='word_1_789' title='bbox 2035 4419 2219 4473; x_wconf 89' lang='lat' dir='ltr'>tribus</span> <span class='ocrx_word' id='word_1_790' title='bbox 2252 4420 2471 4473; x_wconf 88' lang='lat' dir='ltr'>animas</span> <span class='ocrx_word' id='word_1_791' title='bbox 2494 4436 2709 4489; x_wconf 90' lang='lat' dir='ltr'>ponere</span> <span class='ocrx_word' id='word_1_792' title='bbox 2737 4420 2925 4489; x_wconf 82' lang='lat' dir='ltr'>(Joan.</span> <span class='ocrx_word' id='word_1_793' title='bbox 2954 4436 3034 4490; x_wconf 82' lang='grc' dir='ltr'>ιιι,</span> <span class='ocrx_word' id='word_1_794' title='bbox 3068 4419 3178 4485; x_wconf 82' lang='grc'>16).</span> <span class='ocrx_word' id='word_1_795' title='bbox 3218 4440 3243 4466; x_wconf 75' lang='grc' dir='ltr'>ι)</span> 
     </span>
    </p>
   </div>
   <div class='ocr_carea' id='block_1_102' title="bbox 2657 4543 3096 4597">
    <p class='ocr_par' dir='ltr' id='par_1_102' title="bbox 2657 4543 3096 4597">
     <span class='ocr_line' id='line_1_102' title="bbox 2657 4543 3096 4597; baseline 0 0"><span class='ocrx_word' id='word_1_796' title='bbox 2657 4544 2883 4597; x_wconf 82' lang='lat' dir='ltr'>CAPUT</span> <span class='ocrx_word' id='word_1_797' title='bbox 2920 4543 3096 4597; x_wconf 84' lang='lat' dir='ltr'>XXVI.</span> 
     </span>
    </p>
   </div>
   <div class='ocr_carea' id='block_1_103' title="bbox 2603 4645 3154 4700">
    <p class='ocr_par' dir='ltr' id='par_1_103' title="bbox 2603 4645 3154 4700">
     <span class='ocr_line' id='line_1_103' title="bbox 2603 4645 3154 4700; baseline -0.004 -1"><span class='ocrx_word' id='word_1_798' title='bbox 2603 4646 2684 4699; x_wconf 87' lang='lat' dir='ltr'>De</span> <span class='ocrx_word' id='word_1_799' title='bbox 2714 4647 2986 4700; x_wconf 80' lang='lat' dir='ltr'>voluntate</span> <span class='ocrx_word' id='word_1_800' title='bbox 3032 4645 3154 4700; x_wconf 75' lang='lat' dir='ltr'>Dei.</span> 
     </span>
    </p>
   </div>
   <div class='ocr_carea' id='block_1_104' title="bbox 2105 4770 3722 4840">
    <p class='ocr_par' dir='ltr' id='par_1_104' title="bbox 2105 4770 3722 4840">
     <span class='ocr_line' id='line_1_104' title="bbox 2105 4770 3722 4840; baseline -0.002 -12"><span class='ocrx_word' id='word_1_801' title='bbox 2105 4775 2237 4828; x_wconf 91' lang='lat' dir='ltr'>Post</span> <span class='ocrx_word' id='word_1_802' title='bbox 2261 4771 2690 4826; x_wconf 86' lang='lat' dir='ltr'>damnationem</span> <span class='ocrx_word' id='word_1_803' title='bbox 2722 4771 2892 4840; x_wconf 89' lang='lat' dir='ltr'>hujus</span> <span class='ocrx_word' id='word_1_804' title='bbox 2930 4770 3242 4825; x_wconf 89' lang='lat' dir='ltr'>miserandi</span> <span class='ocrx_word' id='word_1_805' title='bbox 3281 4771 3533 4825; x_wconf 88' lang='lat' dir='ltr'>hominis</span> <span class='ocrx_word' id='word_1_806' title='bbox 3583 4771 3722 4825; x_wconf 86' lang='lat' dir='ltr'>sub-</span> 
     </span>
    </p>
   </div>
   <div class='ocr_carea' id='block_1_105' title="bbox 2028 4859 3729 4933">
    <p class='ocr_par' dir='ltr' id='par_1_105' title="bbox 2028 4859 3729 4933">
     <span class='ocr_line' id='line_1_105' title="bbox 2028 4859 3729 4933; baseline -0.002 -17"><span class='ocrx_word' id='word_1_807' title='bbox 2028 4862 2220 4933; x_wconf 90' lang='lat' dir='ltr'>junxit</span> <span class='ocrx_word' id='word_1_808' title='bbox 2252 4862 2496 4930; x_wconf 91' lang='lat' dir='ltr'>scriptor</span> <span class='ocrx_word' id='word_1_809' title='bbox 2525 4860 2777 4930; x_wconf 66' lang='lat' dir='ltr'>epistola:</span> <span class='ocrx_word' id='word_1_810' title='bbox 2809 4859 2878 4913; x_wconf 90' lang='lat' dir='ltr'>ad</span> <span class='ocrx_word' id='word_1_811' title='bbox 2918 4860 3173 4930; x_wconf 87' lang='lat' dir='ltr'>singulas</span> <span class='ocrx_word' id='word_1_812' title='bbox 3204 4860 3355 4913; x_wconf 89' lang='lat' dir='ltr'>illius</span> <span class='ocrx_word' id='word_1_813' title='bbox 3386 4860 3729 4929; x_wconf 88' lang='lat' dir='ltr'>propositio-</span> 
     </span>
    </p>
   </div>
   <div class='ocr_carea' id='block_1_106' title="bbox 2035 4946 3727 5019">
    <p class='ocr_par' dir='ltr' id='par_1_106' title="bbox 2035 4946 3727 5019">
     <span class='ocr_line' id='line_1_106' title="bbox 2035 4946 3727 5019; baseline -0.002 -15"><span class='ocrx_word' id='word_1_814' title='bbox 2035 4968 2134 5004; x_wconf 88' lang='lat' dir='ltr'>nes</span> <span class='ocrx_word' id='word_1_815' title='bbox 2165 4967 2316 5017; x_wconf 89' lang='lat' dir='ltr'>suas,</span> <span class='ocrx_word' id='word_1_816' title='bbox 2348 4953 2404 5003; x_wconf 89' lang='lat' dir='ltr'>et</span> <span class='ocrx_word' id='word_1_817' title='bbox 2449 4948 2852 5019; x_wconf 88' lang='lat' dir='ltr'>quorumdam,</span> <span class='ocrx_word' id='word_1_818' title='bbox 2887 4948 2986 5018; x_wconf 90' lang='lat' dir='ltr'>qui</span> <span class='ocrx_word' id='word_1_819' title='bbox 3016 4964 3146 5001; x_wconf 90' lang='lat' dir='ltr'>cum</span> <span class='ocrx_word' id='word_1_820' title='bbox 3173 4963 3238 5000; x_wconf 92' lang='lat' dir='ltr'>eo</span> <span class='ocrx_word' id='word_1_821' title='bbox 3291 4946 3555 5000; x_wconf 88' lang='lat' dir='ltr'>similiter</span> <span class='ocrx_word' id='word_1_822' title='bbox 3593 4964 3727 5001; x_wconf 89' lang='lat' dir='ltr'>sen-</span> 
     </span>
    </p>
   </div>
   <div class='ocr_carea' id='block_1_107' title="bbox 2033 5034 3723 5107">
    <p class='ocr_par' dir='ltr' id='par_1_107' title="bbox 2033 5034 3723 5107">
     <span class='ocr_line' id='line_1_107' title="bbox 2033 5034 3723 5107; baseline -0.002 -15"><span class='ocrx_word' id='word_1_823' title='bbox 2033 5040 2203 5104; x_wconf 91' lang='lat' dir='ltr'>tiunt,</span> <span class='ocrx_word' id='word_1_824' title='bbox 2236 5037 2662 5107; x_wconf 90' lang='lat' dir='ltr'>responsiones,</span> <span class='ocrx_word' id='word_1_825' title='bbox 2694 5053 2837 5107; x_wconf 88' lang='lat' dir='ltr'>quas</span> <span class='ocrx_word' id='word_1_826' title='bbox 2867 5037 2959 5090; x_wconf 90' lang='lat' dir='ltr'>hic</span> <span class='ocrx_word' id='word_1_827' title='bbox 2989 5051 3217 5090; x_wconf 90' lang='lat' dir='ltr'>necesse</span> <span class='ocrx_word' id='word_1_828' title='bbox 3258 5040 3343 5087; x_wconf 91' lang='lat' dir='ltr'>est</span> <span class='ocrx_word' id='word_1_829' title='bbox 3370 5034 3429 5087; x_wconf 93' lang='lat' dir='ltr'>in</span> <span class='ocrx_word' id='word_1_830' title='bbox 3462 5035 3723 5090; x_wconf 90' lang='lat' dir='ltr'>ordinem</span> 
     </span>
    </p>
   </div>
   <div class='ocr_carea' id='block_1_108' title="bbox 1293 5161 2663 5220">
    <p class='ocr_par' dir='ltr' id='par_1_108' title="bbox 1293 5161 2663 5220">
     <span class='ocr_line' id='line_1_108' title="bbox 1293 5161 2663 5220; baseline -0.001 -4"><span class='ocrx_word' id='word_1_831' title='bbox 1293 5165 1490 5219; x_wconf 64' lang='lat' dir='ltr'>NOTAE</span> <span class='ocrx_word' id='word_1_832' title='bbox 1531 5162 1854 5219; x_wconf 81' lang='lat' dir='ltr'>DUVALLII</span> <span class='ocrx_word' id='word_1_833' title='bbox 1897 5162 2240 5220; x_wconf 75' lang='lat' dir='ltr'>DOCTORIS</span> <span class='ocrx_word' id='word_1_834' title='bbox 2281 5161 2663 5217; x_wconf 85' lang='lat' dir='ltr'>SORBONICI.</span> 
     </span>
    </p>
   </div>
   <div class='ocr_carea' id='block_1_109' title="bbox 294 5281 1927 5353">
    <p class='ocr_par' dir='ltr' id='par_1_109' title="bbox 294 5281 1927 5353">
     <span class='ocr_line' id='line_1_109' title="bbox 294 5281 1927 5353; baseline 0.003 -20"><span class='ocrx_word' id='word_1_835' title='bbox 294 5292 319 5317; x_wconf 76' lang='grc' dir='ltr'>ι</span> <span class='ocrx_word' id='word_1_836' title='bbox 349 5281 492 5335; x_wconf 87' lang='lat' dir='ltr'>Vide</span> <span class='ocrx_word' id='word_1_837' title='bbox 531 5283 883 5349; x_wconf 91' lang='lat' dir='ltr'>Gretserum,</span> <span class='ocrx_word' id='word_1_838' title='bbox 934 5283 1323 5353; x_wconf 91' lang='lat' dir='ltr'>disputatione</span> <span class='ocrx_word' id='word_1_839' title='bbox 1354 5283 1423 5337; x_wconf 91' lang='lat' dir='ltr'>de</span> <span class='ocrx_word' id='word_1_840' title='bbox 1457 5284 1588 5352; x_wconf 89' lang='lat' dir='ltr'>jure</span> <span class='ocrx_word' id='word_1_841' title='bbox 1642 5289 1698 5338; x_wconf 89' lang='lat' dir='ltr'>et</span> <span class='ocrx_word' id='word_1_842' title='bbox 1755 5284 1927 5338; x_wconf 92' lang='lat' dir='ltr'>modo</span> 
     </span>
    </p>
   </div>
   <div class='ocr_carea' id='block_1_110' title="bbox 218 5352 1929 5423">
    <p class='ocr_par' dir='ltr' id='par_1_110' title="bbox 218 5352 1929 5423">
     <span class='ocr_line' id='line_1_110' title="bbox 218 5352 1929 5423; baseline 0.002 -18"><span class='ocrx_word' id='word_1_843' title='bbox 218 5352 571 5423; x_wconf 88' lang='lat' dir='ltr'>prohibendi</span> <span class='ocrx_word' id='word_1_844' title='bbox 604 5353 783 5406; x_wconf 89' lang='lat' dir='ltr'>libros</span> <span class='ocrx_word' id='word_1_845' title='bbox 824 5352 1141 5418; x_wconf 66' lang='lat' dir='ltr'>haereticos,</span> <span class='ocrx_word' id='word_1_846' title='bbox 1176 5354 1273 5408; x_wconf 92' lang='lat' dir='ltr'>ubi</span> <span class='ocrx_word' id='word_1_847' title='bbox 1300 5354 1575 5423; x_wconf 84' lang='lat' dir='ltr'>exemplis</span> <span class='ocrx_word' id='word_1_848' title='bbox 1622 5356 1929 5409; x_wconf 88' lang='lat' dir='ltr'>Athenien-</span> 
     </span>
    </p>
   </div>
   <div class='ocr_carea' id='block_1_111' title="bbox 221 5424 1927 5496">
    <p class='ocr_par' dir='ltr' id='par_1_111' title="bbox 221 5424 1927 5496">
     <span class='ocr_line' id='line_1_111' title="bbox 221 5424 1927 5496; baseline 0.001 -19"><span class='ocrx_word' id='word_1_849' title='bbox 221 5424 374 5477; x_wconf 91' lang='lat' dir='ltr'>sium</span> <span class='ocrx_word' id='word_1_850' title='bbox 401 5428 461 5477; x_wconf 91' lang='lat' dir='ltr'>et</span> <span class='ocrx_word' id='word_1_851' title='bbox 492 5424 879 5496; x_wconf 82' lang='lat' dir='ltr'>Romanorum</span> <span class='ocrx_word' id='word_1_852' title='bbox 902 5426 1075 5479; x_wconf 90' lang='lat' dir='ltr'>libros</span> <span class='ocrx_word' id='word_1_853' title='bbox 1098 5426 1418 5496; x_wconf 67' lang='lat' dir='ltr'>depravatae</span> <span class='ocrx_word' id='word_1_854' title='bbox 1450 5425 1723 5478; x_wconf 63' lang='lat' dir='ltr'>doctrinas</span> <span class='ocrx_word' id='word_1_855' title='bbox 1753 5426 1927 5480; x_wconf 85' lang='lat' dir='ltr'>fuisse</span> 
     </span>
    </p>
   </div>
   <div class='ocr_carea' id='block_1_112' title="bbox 222 5495 1930 5565">
    <p class='ocr_par' dir='ltr' id='par_1_112' title="bbox 222 5495 1930 5565">
     <span class='ocr_line' id='line_1_112' title="bbox 222 5495 1930 5565; baseline 0.001 -17"><span class='ocrx_word' id='word_1_856' title='bbox 222 5500 459 5548; x_wconf 82' lang='lat' dir='ltr'>exustos</span> <span class='ocrx_word' id='word_1_857' title='bbox 491 5496 673 5559; x_wconf 89' lang='lat' dir='ltr'>docet,</span> <span class='ocrx_word' id='word_1_858' title='bbox 702 5495 875 5565; x_wconf 91' lang='lat' dir='ltr'>idque</span> <span class='ocrx_word' id='word_1_859' title='bbox 898 5512 1011 5549; x_wconf 92' lang='lat' dir='ltr'>non</span> <span class='ocrx_word' id='word_1_860' title='bbox 1040 5495 1262 5550; x_wconf 86' lang='lat' dir='ltr'>tantum</span> <span class='ocrx_word' id='word_1_861' title='bbox 1288 5496 1506 5550; x_wconf 91' lang='lat' dir='ltr'>lumine</span> <span class='ocrx_word' id='word_1_862' title='bbox 1540 5496 1694 5562; x_wconf 83' lang='lat' dir='ltr'>fidei,</span> <span class='ocrx_word' id='word_1_863' title='bbox 1730 5496 1827 5549; x_wconf 91' lang='lat' dir='ltr'>sed</span> <span class='ocrx_word' id='word_1_864' title='bbox 1870 5502 1930 5549; x_wconf 90' lang='lat' dir='ltr'>et</span> 
     </span>
    </p>
   </div>
   <div class='ocr_carea' id='block_1_113' title="bbox 2038 5280 3729 5351">
    <p class='ocr_par' dir='ltr' id='par_1_113' title="bbox 2038 5280 3729 5351">
     <span class='ocr_line' id='line_1_113' title="bbox 2038 5280 3729 5351; baseline -0.002 -11"><span class='ocrx_word' id='word_1_865' title='bbox 2038 5290 2256 5340; x_wconf 68' lang='lat' dir='ltr'>naturae</span> <span class='ocrx_word' id='word_1_866' title='bbox 2287 5288 2587 5343; x_wconf 71' lang='lat' dir='ltr'>constare:</span> <span class='ocrx_word' id='word_1_867' title='bbox 2633 5299 2703 5337; x_wconf 92' lang='lat' dir='ltr'>ne</span> <span class='ocrx_word' id='word_1_868' title='bbox 2760 5282 2839 5336; x_wconf 88' lang='lat' dir='ltr'>ita</span> <span class='ocrx_word' id='word_1_869' title='bbox 2869 5296 3018 5351; x_wconf 78' lang='lat' dir='ltr'>aegre</span> <span class='ocrx_word' id='word_1_870' title='bbox 3054 5280 3240 5334; x_wconf 87' lang='lat' dir='ltr'>ferant</span> <span class='ocrx_word' id='word_1_871' title='bbox 3275 5285 3577 5336; x_wconf 89' lang='lat' dir='ltr'>novatores</span> <span class='ocrx_word' id='word_1_872' title='bbox 3629 5298 3729 5337; x_wconf 90' lang='lat' dir='ltr'>no-</span> 
     </span>
    </p>
   </div>
   <div class='ocr_carea' id='block_1_114' title="bbox 2038 5352 3727 5426">
    <p class='ocr_par' dir='ltr' id='par_1_114' title="bbox 2038 5352 3727 5426">
     <span class='ocr_line' id='line_1_114' title="bbox 2038 5352 3727 5426; baseline -0.001 -17"><span class='ocrx_word' id='word_1_873' title='bbox 2038 5357 2158 5426; x_wconf 83' lang='lat' dir='ltr'>stri,</span> <span class='ocrx_word' id='word_1_874' title='bbox 2192 5356 2237 5409; x_wconf 90' lang='lat' dir='ltr'>si</span> <span class='ocrx_word' id='word_1_875' title='bbox 2270 5372 2411 5426; x_wconf 88' lang='lat' dir='ltr'>quos</span> <span class='ocrx_word' id='word_1_876' title='bbox 2447 5355 2507 5408; x_wconf 90' lang='lat' dir='ltr'>in</span> <span class='ocrx_word' id='word_1_877' title='bbox 2558 5354 2861 5426; x_wconf 81' lang='lat' dir='ltr'>Ecclesiam</span> <span class='ocrx_word' id='word_1_878' title='bbox 2912 5352 3085 5406; x_wconf 73' lang='lat' dir='ltr'>libros</span> <span class='ocrx_word' id='word_1_879' title='bbox 3135 5358 3427 5419; x_wconf 83' lang='lat' dir='ltr'>evomunt,</span> <span class='ocrx_word' id='word_1_880' title='bbox 3470 5354 3727 5422; x_wconf 85' lang='lat' dir='ltr'>generali</span> 
     </span>
    </p>
   </div>
   <div class='ocr_carea' id='block_1_115' title="bbox 2035 5424 2818 5481">
    <p class='ocr_par' dir='ltr' id='par_1_115' title="bbox 2035 5424 2818 5481">
     <span class='ocr_line' id='line_1_115' title="bbox 2035 5424 2818 5481; baseline -0.004 -3"><span class='ocrx_word' id='word_1_881' title='bbox 2035 5424 2305 5480; x_wconf 75' lang='lat' dir='ltr'>incendio</span> <span class='ocrx_word' id='word_1_882' title='bbox 2336 5427 2525 5481; x_wconf 83' lang='lat' dir='ltr'>deleat</span> <span class='ocrx_word' id='word_1_883' title='bbox 2557 5424 2818 5480; x_wconf 89' lang='lat' dir='ltr'>Ecclesia.</span> 
     </span>
    </p>
   </div>
  </div>
