4108 6190
462 189 591 243 1031

455 340 688 394 ponere,
724 328 781 377 et
810 322 945 393 quid
980 322 1144 375 nobis
1189 321 1258 375 de
1298 321 1387 374 his
1418 321 1680 375 videatur
1708 322 1954 375 breviter
2001 322 2149 376 desi-
2189 326 2234 376 A

457 429 655 483 gnare.
691 412 851 476 Quod
886 411 1014 463 licet
1034 425 1207 479 supra
1229 409 1621 479 multipliciter
1644 410 1763 479 jam
1791 411 2003 464 factum
2033 410 2139 476 sit;

453 509 648 555 tamen
671 515 858 570 neque
892 515 1046 552 nunc
1076 498 1543 568 praetereundum
1575 504 1863 568 putamus,
1900 516 1972 552 ne
2007 500 2145 569 quid

454 588 801 643 difﬁcultatis
840 592 897 640 et
936 586 1294 640 obscuritatis
1344 602 1412 640 ex
1446 588 1776 656 bujusmodi
1829 588 2148 657 responsio-

452 677 621 731 nibus
642 677 909 746 cuiquam
936 681 1260 746 generetur.
1292 674 1428 738 Qua:
1459 675 1726 730 videlicet
1746 676 2143 745 responsione.»

451 766 513 819 in
542 765 665 835 ipsa
696 765 938 835 epistola
968 764 1047 818 ita
1076 764 1361 834 incipiunt
1386 780 1399 817 :

1134 884 1460 923 HINCMARUS.

520 997 548 1026 c
585 975 786 1031 Dicunt
819 979 874 1030 et
902 974 1144 1028 ﬁrmiter
1190 976 1448 1041 credunt,
1495 974 1594 1045 qui
1628 974 1820 1029 sanius
1855 976 2009 1046 apud
2038 993 2143 1030 nos

446 1079 647 1134 sapere
670 1065 957 1127 videntur,
988 1063 1123 1133 quia
1152 1064 1423 1117 Dominus
1449 1081 1474 1114 α
1497 1079 1696 1117 omnes
1726 1064 1990 1118 homines
2022 1066 2143 1119 vult

446 1154 631 1207 salvos
665 1153 791 1207 ﬁeri
840 1152 896 1220 (I
954 1154 1085 1207 Tim.
1125 1168 1204 1217 ιιι,
1266 1153 1344 1221 4),
1376 1172 1402 1201 »
1454 1153 1745 1207 secundum
1799 1155 2137 1221 Apostolum,

446 1257 474 1292 σ
506 1241 605 1311 qui
640 1241 931 1293 neminem
964 1242 1085 1292 vult
1117 1240 1305 1309 perire
1332 1242 1404 1307 (II
1435 1242 1575 1293 Petr.
1602 1258 1681 1305 111,
1724 1243 1796 1308 9),
1836 1262 1855 1289 ›
1886 1243 2005 1296 licet
2037 1258 2139 1296 non

443 1344 619 1382 omnes
653 1330 964 1395 solventur;
1002 1344 1126 1382 nam
1158 1334 1208 1381 et
1259 1329 1352 1381 lum
1399 1331 1457 1381 in
1497 1329 1724 1382 tenebris
1756 1330 1891 1383 lucet
1923 1351 1949 1379 «
2009 1332 2140 1384 licet

444 1432 570 1471 eam
604 1418 853 1471 tenebrae
904 1434 1017 1470 non
1067 1418 1557 1486 comprehendant
1601 1420 1754 1472 Joan.
1808 1435 1844 1483 1,
1900 1419 1981 1487 6);
2028 1442 2051 1466 n
2084 1425 2138 1474 et

445 1526 472 1554 α
509 1506 766 1560 Christus
796 1522 900 1575 pro
932 1506 1199 1559 omnibus
1233 1522 1431 1574 passus
1466 1511 1548 1558 est
1580 1508 1657 1573 (ll
1686 1508 1813 1559 Cor.
1839 1524 1889 1573 v,
1924 1507 2027 1577 14),
2061 1524 2137 1561 se-

442 1594 676 1648 cundum
700 1594 940 1647 eumdem
980 1595 1299 1661 Apostolum
1330 1595 1646 1647 scribentem
1677 1595 1750 1648 ad
1780 1597 2131 1662 Timotheum,
2178 1622 2217 1673 Β

442 1700 470 1733 ‹‹
504 1682 599 1751 qui
633 1682 787 1735 dedit
814 1682 1182 1752 semetipsum
1220 1682 1675 1751 redemptionem
1710 1700 1813 1752 pro
1843 1685 2131 1749 omnibus,

439 1773 482 1839 (1
507 1773 640 1824 Tim.
672 1788 729 1835 ιι,
764 1770 837 1839 6),
874 1791 899 1818 >>
933 1770 1067 1823 licet
1089 1786 1199 1823 non
1228 1786 1427 1823 omnes
1454 1771 1731 1840 passionis
1764 1773 1885 1840 ejus
1918 1777 2128 1842 myste-

436 1860 521 1913 rio
552 1859 911 1912 redimantur
942 1875 954 1911 :
991 1858 1126 1928 quia
1153 1858 1353 1911 effusio
1394 1859 1534 1928 justi
1587 1860 1885 1929 sanguinis
1926 1860 2134 1915 Christi

439 1952 555 2001 tam
589 1949 744 2001 dives
779 1948 888 2000 fuit
922 1947 992 2000 ad
1038 1946 1286 2016 pretium
1338 1948 1562 2014 mundi,
1600 1952 1664 2001 ut
1712 1948 1757 2000 si
1789 1948 2131 2003 universitas

435 2037 786 2107 captivorum
821 2037 878 2089 in
905 2052 1041 2089 eum
1089 2036 1359 2096 crederet,
1397 2036 1590 2088 nullus
1639 2037 1742 2089 sub
1776 2038 1979 2090 mortis
2021 2038 2129 2091 im-

433 2126 596 2196 perio
640 2130 984 2179 remaneret.
1022 2125 1085 2177 Et
1113 2124 1251 2193 quia
1292 2140 1406 2176 non
1454 2140 1650 2176 omnes
1680 2130 1796 2177 tam
1848 2126 2129 2179 ditissimo

433 2215 620 2286 pretio
673 2215 1055 2277 redimuntur,
1104 2213 1174 2266 ad
1221 2212 1542 2266 inﬁdelium
1598 2214 1828 2284 respicit
1883 2221 2127 2285 partem,

434 2321 547 2358 non
582 2305 651 2358 ad
680 2304 931 2373 pretium
962 2301 1155 2356 saeculi
1184 2301 1502 2371 copiosum.
1530 2323 1555 2348 ››

1124 2441 1436 2479 RESPONSIO.

505 2536 569 2589 In
601 2532 809 2604 quibus
840 2531 1027 2585 verbis
1074 2531 1302 2584 videtur
1332 2531 1439 2584 sibi
1482 2531 1576 2584 ille
1606 2531 1704 2601 qui
1753 2531 1978 2602 scripsit
2003 2533 2129 2603 epi-

432 2620 657 2685 stolam,
700 2620 840 2672 duas
890 2619 1234 2688 quaestiones
1280 2618 1472 2685 simul,
1522 2618 1579 2671 id
1633 2623 1736 2684 est,
1776 2641 1796 2667 »
1860 2625 1909 2673 et
1972 2621 2127 2690 quod

433 2709 582 2763 Deus
621 2723 819 2761 omnes
851 2707 1113 2760 homines
1168 2706 1304 2760 velit
1356 2706 1540 2759 salvos
1594 2706 1740 2760 ﬁeri.
1781 2728 1801 2753 ι
1865 2712 1922 2761 et
1970 2710 2122 2779 quod

434 2821 459 2843 α
504 2797 781 2850 Dominus
828 2797 987 2850 Jesus
1044 2795 1297 2849 Christus
1362 2812 1466 2865 pro
1498 2796 1767 2848 omnibus
1815 2813 1838 2846 ι
1886 2798 2123 2851 omnino

1488 187 1546 242 S.
1589 184 1860 241 REMIGII
1902 186 2381 243 LUGDUNENSIS
2421 186 2737 244 EPISCOPI

3821 202 3945 253 £032

2865 351 3088 406 CAPUT
3147 354 3349 408 XXVII.

2543 468 2619 520 De
2639 471 2806 521 morte
2836 467 3068 521 Christi.
3097 468 3304 523 Omnes
3324 486 3422 540 pro
3451 474 3662 527 multis.

2325 589 2488 651 Quod
2520 594 2709 643 autem
2743 590 3045 644 Dominum
3085 597 3342 647 nostrum
3387 596 3560 650 etiam
3590 614 3695 667 pro
3759 600 3945 669 impiis

2254 677 2311 729 iu
2338 694 2441 730 sua
2470 678 2760 747 impietate
2790 680 3061 748 perituris
3095 697 3215 734 esse
3248 690 3541 738 mortuum
3574 702 3690 739 uno
3748 689 3938 741 simili-

2253 770 2341 819 ter
2373 766 2629 836 Apostoli
2662 767 2994 822 testimonio
3016 768 3355 824 conﬁrmare
3378 773 3619 839 videtur,
3658 791 3779 845 quo
3824 777 3899 829 ait
3930 794 3940 830 :

2255 872 2281 904 ‹‹
2307 854 2414 918 Qui
2448 855 2605 908 dedit
2634 857 3087 926 redemptionem
3120 860 3491 930 semetipsum
3522 878 3627 932 pro
3679 864 3943 918 omnibus

2252 942 2293 1011 (1
2346 945 2480 998 Tim.
2532 945 2667 1013 6),»
2711 945 2961 1013 profecto
3012 962 3130 999 non
3186 948 3441 1015 recoluit,
3504 966 3609 1003 nec
3639 951 3944 1021 diligenter

2250 1030 2652 1096 consideravit,
2686 1030 2765 1083 ita
2796 1031 2916 1084 haec
2945 1034 3203 1101 Apostoli
3245 1035 3414 1089 verba
3445 1052 3567 1090 esse
3620 1038 3944 1107 accipienda

2251 1123 2313 1170 ut
2344 1124 2659 1172 consonent
2690 1120 2916 1173 Domini
2946 1121 3155 1187 verbis,
3190 1124 3398 1193 quibus
3429 1142 3486 1178 se
3524 1126 3586 1179 in
3634 1127 3942 1197 Evangelio

2250 1207 2321 1261 ad
2353 1208 2462 1260 hoc
2494 1207 2716 1260 venisse
2748 1207 2922 1261 dicit:
2976 1231 2997 1257 ι
3047 1210 3115 1263 Ut
3144 1211 3397 1265 animam
3444 1230 3607 1267 suam
3656 1214 3827 1268 daret
3859 1233 3940 1268 re-

2247 1294 2640 1366 demptionem
2672 1312 2778 1366 pro
2834 1297 3031 1349 multis
3083 1300 3296 1365 (Matth.
3358 1316 3449 1364 xx,
3500 1302 3623 1370 29);
3680 1322 3709 1351 υ
3771 1307 3825 1356 et
3883 1305 3945 1357 de

2247 1387 2433 1455 pretio
2460 1385 2546 1438 sui
2577 1385 2870 1454 sanguinis
2893 1386 3159 1440 similiter
3190 1388 3268 1441 ait
3301 1405 3312 1441 :
3348 1410 3374 1435 ‹‹
3407 1388 3512 1452 Qui
3545 1406 3646 1460 pro
3668 1392 3861 1457 vobis,
3888 1400 3939 1446 et

2248 1488 2351 1540 pro
2393 1470 2583 1524 multis
2638 1471 2965 1524 eii‘undetur
3016 1474 3074 1525 in
3130 1475 3528 1529 remissionem
3576 1484 3937 1546 peccatorum

2246 1561 2459 1629 (Matth.
2505 1576 2649 1622 xxv1,
2699 1559 2811 1627 28).
2859 1580 2885 1610 ι)
2946 1562 3011 1613 Et
3058 1560 3187 1614 ideo
3237 1563 3314 1614 ita
3353 1580 3483 1616 vere
3539 1566 3938 1634 accipiendum

2245 1653 2347 1712 est,
2380 1648 2534 1718 quod
2571 1650 2879 1717 Apostolus
2924 1649 3038 1702 ait:
3076 1671 3095 1698 ι
3133 1649 3238 1713 Qui
3289 1651 3447 1705 dedit
3480 1653 3933 1723 redemptionem

2245 1738 2616 1805 semetipsum
2671 1753 2774 1806 pro
2808 1736 3079 1790 omnibus
3139 1740 3183 1804 (1
3222 1741 3358 1792 Tim.
3412 1757 3468 1805 ιι,
3524 1742 3603 1809 6),
3641 1762 3667 1791 n
3728 1748 3793 1795 ut
3845 1744 3935 1796 isti

2246 1846 2269 1874 ι
2303 1842 2503 1878 omnes
2533 1846 2559 1873 »
2594 1826 2995 1895 intelligantur
3036 1848 3063 1874 «
3098 1828 3261 1880 multi
3292 1849 3310 1875 ι
3348 1830 3493 1881 sicut
3522 1836 3578 1882 et
3608 1831 3749 1884 alibi
3784 1832 3930 1886 idem

2240 1915 2548 1983 Apostolus
2580 1914 2715 1967 dicit
2748 1930 2762 1966 :
2801 1933 2825 1965 α
2862 1915 2951 1968 Sic
2989 1920 3045 1968 et
3075 1915 3333 1969 Christus
3377 1918 3552 1971 semel
3585 1920 3816 1973 oblatus
3849 1927 3929 1974 est

2240 2004 2310 2055 ad
2342 2004 2655 2055 multorum
2701 2003 3087 2057 exhaurienda
3124 2010 3355 2073 peccata
3398 2006 3581 2075 (Hebr.
3628 2025 3705 2075 1x,
3758 2012 3871 2074 '28).
3902 2031 3928 2058 ιι

2242 2089 2351 2152 Qui
2383 2090 2556 2144 etiam
2607 2090 2721 2144 alio
2770 2091 2894 2144 loco
2938 2107 3082 2161 quos
3130 2092 3276 2145 dixit
3325 2109 3589 2148 «omnes
3623 2115 3649 2144 η
3697 2097 3925 2150 eosdem

2237 2179 2505 2232 continuo
2564 2180 2826 2249 exposuit
2884 2180 3284 2249 intelligendos
3336 2197 3459 2236 esse
3526 2202 3553 2233 α
3609 2186 3846 2239 multos.
3905 2209 3923 2231 ι

2239 2266 2379 2320 Cum
2415 2268 2569 2320 enim
2610 2268 2843 2321 dixisset
2897 2269 2967 2323 de
3018 2270 3277 2335 Domino,
3314 2271 3464 2341 quod
3519 2288 3547 2318 α
3602 2288 3709 2341 per
3762 2274 3924 2327 unius

2232 2355 2518 2425 justitiam
2550 2356 2608 2408 in
2649 2372 2849 2409 omnes
2870 2357 3134 2411 homines
3163 2358 3713 2427 injustiﬁcationem
3748 2362 3873 2415 vita:
3900 2386 3925 2409 μ

2236 2442 2428 2497 statim
2461 2444 2777 2510 subjunxit,
2803 2444 2935 2514 quia
2965 2451 3021 2498 et
3045 2461 3194 2514 «per
3221 2446 3605 2500 obedientiam
3635 2450 3809 2502 unius
3831 2450 3924 2503 ho-

2236 2532 2430 2600 minis,
2456 2551 2482 2582 «
2523 2532 2703 2602 ipsius
2732 2532 3006 2587 videlicet
3036 2534 3261 2587 Domini
3299 2535 3425 2588 Jesu
3477 2536 3713 2600 Christi,
3747 2560 3769 2585 ι
3796 2539 3928 2607 justi

2234 2620 2652 2673 constituentur
2700 2620 2867 2674 multi
2918 2620 3099 2690 (Rom.
3161 2638 3213 2687 v,
3271 2625 3356 2687 18,
3420 2626 3528 2692 19).
3583 2644 3611 2671 »
3670 2623 3817 2687 Quia
3867 2630 3926 2677 nt

2234 2708 2471 2761 omnino
2505 2708 2873 2762 manifestum
2905 2713 3010 2777 est,
3042 2708 3119 2762 ita
3148 2726 3253 2779 per
3283 2726 3414 2764 eum
3444 2731 3470 2761 (ι
3508 2727 3715 2765 omnes
3747 2713 3924 2766 homi-

2235 2813 2336 2850 nes
2376 2818 2402 2844 n
2463 2797 2793 2851 efﬁciuntur
2825 2797 2983 2866 justi,
3012 2802 3076 2850 ut
3130 2798 3241 2867 ipsi
3299 2799 3399 2869 qui
3445 2799 3504 2852 in
3553 2817 3657 2853 suo
3718 2817 3923 2870 genere

432 2906 459 2937 (ί
494 2885 823 2940 hominibus
874 2906 901 2934 ››
956 2885 1123 2938 etiam
1175 2884 1235 2937 in
1292 2900 1393 2938 suo
1459 2884 1798 2938 inﬁdelitate
1852 2886 2122 2955 perituris
2161 2918 2201 2973 Ο
2238 2907 2259 2933 ι
2290 2901 2486 2939 omnes
2532 2907 2552 2933 ι
2610 2890 2760 2952 sunt,
2814 2902 2879 2939 ex
2930 2888 3355 2956 comparatione
3410 2889 3646 2942 alterius
3700 2890 3923 2958 generis

428 2996 455 3026 «
491 2981 755 3029 mortuus
800 2974 892 3037 sit,
951 2994 978 3023 »
1025 2974 1248 3027 duobus
1323 2973 1669 3027 testimoniis
1723 2990 1790 3027 ex
1846 2976 2120 3045 Apostolo

425 3065 668 3135 sumptis
725 3062 1055 3133 plenissime
1120 3062 1427 3116 absolvisse
1486 3067 1657 3132 atque
1707 3062 1919 3117 ﬁnisse.
1979 3065 2120 3118 Nam

424 3154 581 3225 quod
633 3174 661 3201 ‹‹
718 3154 862 3206 Deus
915 3166 1114 3205 omnes
1164 3151 1428 3204 homines
1478 3151 1663 3205 salvos
1738 3150 1863 3205 ﬁeri
1901 3154 2117 3217 velit,»

422 3242 685 3315 producit
738 3241 1073 3311 Apostolum
1129 3244 1331 3293 testem
1387 3240 1749 3309 apertissime
1780 3242 1850 3294 de
1919 3242 2118 3296 eodem

422 3334 538 3387 Deo
585 3337 644 3386 et
675 3331 920 3384 Domino
969 3330 1251 3383 dicentem
1286 3345 1299 3382 :
1336 3329 1493 3392 «Qui
1525 3330 1645 3382 vult
1687 3345 1886 3383 omnes
1935 3330 2121 3385 homi-

421 3438 525 3476 nes
554 3422 737 3475 salvos
778 3419 904 3473 ﬁeri
946 3420 991 3485 (Ι
1036 3420 1171 3471 Tim.
1217 3434 1254 3470 ιι
1284 3416 1359 3487 4).
1406 3436 1433 3467 ››
1484 3418 1547 3470 Et
1587 3418 1709 3471 istis
1741 3418 1926 3472 verbis
1964 3421 2117 3487 Apo-

425 3510 558 3565 stoli
613 3508 876 3577 adjungit
925 3522 992 3560 ex
1046 3505 1231 3559 verbis
1292 3506 1638 3576 propheticis
1683 3507 1835 3561 velut
1884 3508 2117 3560 alterius

422 3597 738 3653 testimonii
768 3611 997 3649 sensum
1034 3595 1187 3665 quod
1238 3616 1265 3642 «
1296 3596 1445 3648 Deus
1493 3595 1785 3649 neminem
1822 3596 1953 3649 velit
1985 3612 2115 3666 per-

424 3685 582 3752 ire,»
640 3683 738 3755 qui
782 3684 981 3753 utique
1027 3683 1179 3752 apud
1236 3682 1591 3736 Ezechielem
1613 3684 1953 3754 prophetam
2030 3686 2114 3739 lo-

423 3773 654 3844 quitur:
689 3772 832 3836 Quia
858 3794 883 3820 ‹‹
915 3772 1050 3825 nolo
1100 3776 1344 3825 mortem
1387 3772 1716 3841 peccatoris,
1765 3772 1900 3825 dicit
1928 3772 2116 3826 Domi-

423 3878 546 3923 nus,
577 3862 675 3915 sed
707 3864 1168 3925 utconvertatur,
1202 3863 1258 3913 et
1285 3859 1435 3912 vivat
1466 3860 1685 3927 (Ezech.
1720 3876 1910 3927 xxxm,
1941 3864 2049 3928 11).
2084 3883 2111 3911 ›)

423 3953 603 4017 Quem
650 3967 877 4005 sensum
927 3950 1159 4003 illorum
1209 3949 1464 4019 Apostoli
1520 3949 1844 4003 verborum.
1906 3951 2114 4021 quibus

422 4042 521 4109 ait,
558 4060 585 4092 α
612 4041 712 4111 qui
761 4040 883 4093 vult
915 4055 1116 4092 omnes
1148 4038 1415 4092 homines
1468 4038 1650 4092 salvos
1703 4040 1848 4104 ﬁeri,
1884 4059 1912 4087 ι
1941 4039 2112 4092 etiam

421 4150 528 4187 nos
580 4130 842 4201 superius
891 4128 1489 4195 commemoravimus,
1552 4132 1608 4181 et
1649 4127 1895 4182 ﬁdeliter
1945 4145 2112 4198 posse

425 4221 599 4291 accipi
631 4220 911 4273 diximus:
946 4217 993 4270 si
1025 4223 1219 4269 tamen
1250 4221 1307 4269 et
1343 4216 1438 4269 ille
1482 4232 1682 4268 sensus
1726 4216 1877 4269 beati
1910 4220 2112 4287 Augu-

424 4310 557 4362 stini
588 4324 760 4378 quem
791 4307 885 4360 ille
913 4306 1076 4374 juxta
1124 4304 1357 4357 alterius
1407 4304 1616 4357 divinae
1664 4303 1971 4374 Scripturae
2012 4324 2112 4361 au-

425 4397 744 4451 ctoritatem
779 4396 1088 4464 diligenter
1114 4392 1379 4463 inquirit.
1413 4396 1468 4446 et
1503 4392 1699 4445 multis
1728 4409 1791 4446 ac
1819 4395 2111 4447 veracibus

422 4485 609 4540 modis
635 4483 885 4555 exponit,
918 4482 1136 4553 pariter
1168 4481 1475 4551 recipiatur
1503 4498 1515 4534 :
1543 4497 1646 4535 nec
1675 4487 1910 4552 propter
1937 4484 2112 4537 istum

420 4575 518 4629 ille
559 4574 879 4637 damnetur,
913 4572 1009 4626 sed
1049 4571 1240 4640 potius
1275 4592 1294 4618 ι
1331 4570 1562 4641 utrique
1594 4571 1785 4624 sensui
1814 4592 1841 4620 ››
1875 4577 2113 4641 propter

419 4678 678 4718 veracem
720 4666 775 4716 et
804 4661 961 4731 piam
992 4662 1224 4715 Patrum
1264 4660 1657 4712 auctoritatem
1700 4658 1945 4712 ﬁdeliter
1975 4660 2110 4713 obe-

420 4753 630 4808 diatur.
664 4751 808 4815 Quia
844 4749 1101 4815 omnino,
1130 4768 1159 4799 ι(
1194 4753 1251 4802 et
1297 4765 1439 4818 quos
1476 4764 1606 4802 vere
1644 4749 1764 4802 vult
1806 4749 1953 4801 Deus
2001 4749 2109 4802 sal-

418 4858 518 4897 vos
549 4842 694 4906 ﬁeri,
731 4862 751 4889 ν
782 4840 903 4893 sine
958 4839 1131 4893 dubio
1177 4839 1359 4892 salvos
1394 4838 1544 4899 facit,
1576 4837 1695 4908 qui,
1732 4842 1795 4890 ut
1824 4837 2113 4907 Scriptura

417 4936 681 4998 testatur,
731 4952 751 4977 α
815 4927 1009 4982 omnia
1070 4943 1433 4997 quiscunque
1499 4926 1679 4980 voluit
1751 4926 1885 4978 fecit
1939 4927 2107 4994 (Psal.

419 5036 570 5083 cxm,
621 5018 693 5088 3).
753 5036 780 5067 ι)
842 5018 905 5069 Et
956 5016 1001 5068 si
1030 5020 1266 5069 caeteros
1316 5017 1391 5068 ita
1441 5015 1560 5067 vult
1607 5014 1789 5066 salvos
1838 5013 1983 5079 ﬁeri,
2046 5018 2111 5067 ut

418 5114 612 5163 tamen
644 5121 761 5159 non
792 5121 885 5157 eos
916 5104 1097 5157 salvos
1138 5103 1325 5168 faciat,
1360 5104 1452 5156 sed
1487 5103 1723 5156 omnino
1754 5102 1942 5171 perire
1973 5118 2100 5173 per-

417 5197 629 5253 mittat.
674 5198 982 5261 utrumque
1030 5191 1122 5244 hic
1174 5192 1468 5245 evidenter
1525 5195 1808 5259 apparet:
1864 5195 1920 5242 et
1976 5206 2111 5260 erga

417 5290 736 5340 creaturam
797 5297 979 5347 suam,
1046 5280 1277 5346 scilicet,
1313 5299 1341 5330 ς(
1391 5279 1615 5332 bonitas
1648 5277 2002 5345 Creatoris,»
2055 5283 2111 5332 et

418 5391 553 5445 erga
594 5372 847 5443 ejusdem
896 5374 1172 5423 creaturae
1218 5368 1583 5439 iniquitatem
1634 5389 1655 5414 ι
1704 5366 1972 5421 severitas
2013 5368 2107 5437 ju-

419 5462 578 5515 dicis.
615 5482 642 5511 ι)
1765 5464 1769 5469 ’

2232 2990 2452 3040 eorum,
2487 2974 2587 3044 qui
2618 2978 2852 3044 propter
2903 2974 3303 3030 inﬁdelitatem
3344 2992 3505 3029 suam
3560 2993 3679 3030 non
3721 2978 3925 3046 justiﬁ-

2231 3068 2455 3129 cantur,
2508 3064 2695 3133 potius
2729 3083 2757 3114 α
2806 3063 2974 3117 multi
3007 3083 3034 3114 ››
3083 3063 3211 3117 sint.
3247 3065 3407 3127 Quod
3438 3071 3493 3117 et
3526 3065 3573 3118 si
3603 3067 3788 3135 aliqui
3822 3069 3921 3120 Pa-

2230 3156 2384 3205 trum
2422 3174 2443 3200 ι
2479 3168 2584 3221 pro
2606 3152 2869 3206 omnibus
2896 3152 3131 3206 omnino
3153 3151 3505 3206 hominibus.
3534 3174 3561 3201 ››
3614 3154 3920 3207 Dominum

2227 3256 2461 3309 passum
2519 3241 2944 3307 intellexerunt,
2989 3240 3327 3309 honoratur,
3352 3247 3408 3294 et
3459 3241 3567 3295 iste
3597 3244 3755 3296 velut
3798 3245 3921 3313 pius

2228 3346 2449 3395 sensus,
2483 3329 2792 3383 dummodo
2825 3329 2920 3382 ille
2964 3329 3142 3399 prior,
3194 3329 3294 3399 qui
3337 3335 3421 3383 est
3458 3330 3837 3395 certissimus,
3867 3336 3920 3384 et

2228 3418 2421 3472 divina
2477 3419 2710 3471 veritate
2765 3418 3026 3471 ﬁrmatus
3077 3419 3232 3472 nulla
3282 3419 3739 3489 prmsumptione
3796 3436 3918 3474 con-

2226 3512 2535 3574 temnatur,
2559 3509 2645 3561 vel
2674 3508 2827 3578 quod
2858 3512 2942 3561 est
2971 3508 3199 3579 gravius
3223 3508 3549 3562 damnetur.

2297 3598 2436 3650 Nam
2465 3602 2522 3651 et
2544 3597 2686 3650 illud
2717 3596 3111 3650 testimonium
3143 3597 3294 3649 velut
3321 3597 3392 3650 ad
3422 3596 3915 3651 conﬁrmationem

2226 3685 2397 3754 hujus
2429 3685 2510 3737 rei
2542 3701 2605 3739 ex
2637 3685 2943 3754 Evangelia
2974 3689 3291 3753 sumptum,
3324 3685 3378 3738 id
3412 3691 3515 3748 est,
3570 3708 3597 3734 ‹‹
3632 3687 3732 3739 lux
3774 3688 3914 3739 lucet

2224 3774 2283 3826 in
2317 3773 2588 3837 tenebris,
2619 3778 2675 3827 et
2712 3773 2963 3828 tenebras
3009 3789 3134 3827 eam
3177 3789 3293 3827 non
3350 3774 3911 3843 comprehenderunt

2226 3864 2417 3931 (Joan.
2449 3879 2487 3928 1,
2522 3865 2573 3930 5)
2608 3877 2620 3916 :
2660 3886 2683 3908 n
2720 3878 2837 3916 non
2869 3862 3031 3916 nobis
3056 3862 3283 3916 videtur
3302 3862 3434 3916 huic
3462 3879 3785 3933 congruum
3817 3879 3907 3916 as-

2223 3951 2461 4005 sertioni
2490 3967 2503 4004 :
2546 3950 2682 4022 quia
2714 3972 2741 4002 ι(
2768 3952 2861 4005 lux
2893 3973 2920 4001 ››
2979 3952 3077 4005 illa
3103 3952 3408 4021 prmsentia
3454 3954 3770 4021 majestatis
3795 3969 3902 4005 suae

2223 4039 2283 4093 in
2312 4040 2564 4094 tenebris
2597 4041 2808 4105 lucens,
2834 4040 2892 4094 id
2912 4045 2997 4094 est
3027 4040 3087 4093 in
3120 4040 3440 4093 inﬁdelium
3488 4041 3757 4094 cordibus
3788 4058 3903 4095 ma-

2216 4129 2421 4197 jestate
2480 4128 2795 4182 conditoris
2832 4145 2996 4182 suam
3036 4129 3398 4197 praesentiam
3432 4128 3729 4195 exhibens,
3780 4146 3901 4199 ope-

2152 4219 2196 4272 D
2226 4223 2385 4271 ratur
2403 4216 2620 4287 aliquid
2644 4218 2700 4270 in
2720 4217 2823 4285 eis,
2846 4223 2903 4271 et
2922 4219 2967 4270 si
2991 4233 3129 4285 non,
3152 4221 3215 4271 ut
3238 4217 3466 4271 videant
3490 4219 3696 4289 ipsam,
3720 4226 3904 4272 tamen

2226 4310 2285 4359 ut
2313 4306 2541 4359 videant
2566 4306 2784 4376 aliquid
2816 4322 2921 4375 per
2964 4306 3167 4376 ipsam,
3223 4305 3279 4359 id
3327 4311 3430 4370 est,
3466 4312 3529 4359 ut
3580 4308 3904 4377 intelligant

2221 4392 2373 4446 inter
2419 4392 2575 4461 justa
2636 4398 2693 4446 et
2756 4393 2988 4463 injusta,
3055 4393 3207 4445 inter
3274 4393 3489 4446 bonum
3555 4400 3611 4447 et
3671 4396 3897 4455 malum,

2220 4480 2375 4534 inter
2403 4481 2694 4550 agendum
2731 4487 2787 4535 et
2816 4498 2931 4535 non
2963 4482 3271 4553 agendum,
3304 4502 3331 4531 ‹‹
3370 4488 3437 4535 ut
3472 4482 3587 4535 sint
3616 4484 3904 4537 inxecusa-

2219 4569 2363 4623 biles
2381 4569 2560 4639 (Rom.
2588 4586 2624 4638 1,
2667 4571 2722 4636 ὅ)
2757 4592 2782 4619 ››
2820 4571 2879 4624 in
2908 4570 2998 4625 die
3033 4587 3146 4640 quo
3173 4571 3456 4641 judicabit
3513 4573 3661 4626 Deus
3693 4572 3901 4626 occulta

2219 4659 2710 4722 hominum.th
2754 4662 2946 4713 tamen
2988 4676 3102 4713 non
3132 4680 3157 4708 «
3198 4661 3292 4713 lux
3322 4679 3348 4710 ι)
3407 4678 3439 4713 a
3483 4660 3626 4714 facie
3673 4663 3784 4715 illis
3814 4677 3898 4714 re-

2219 4747 2500 4817 splendet,
2537 4747 2672 4816 quia
2702 4763 2816 4800 non
2866 4748 2935 4801 ad
2989 4764 3111 4801 eam
3164 4748 3483 4813 attendant,
3535 4750 3635 4803 sed
3686 4752 3829 4803 velut
3864 4764 3899 4799 a

2218 4840 2379 4906 tergo
2416 4835 2497 4890 eis
2529 4837 2780 4890 relucet:
2816 4836 2952 4907 quia
2979 4836 3127 4890 sicut
3158 4837 3434 4907 propheta
3476 4837 3635 4905 dicit,
3670 4859 3699 4887 ‹‹
3727 4842 3901 4891 verte-

2218 4930 2355 4977 runt
2394 4925 2463 4978 ad
2516 4940 2642 4977 eam
2692 4928 2938 4994 tergum,
2973 4930 3029 4979 et
3076 4941 3190 4979 non
3246 4925 3449 4979 faciem
3480 4928 3613 4994 (Jer.
3648 4944 3685 4991 1,
3733 4928 3833 4983 27).
3866 4944 3897 4971 ›

2219 5014 2281 5065 In
2314 5013 2419 5065 hac
2446 5018 2639 5066 autem
2680 5029 2761 5078 re,
2810 5030 2924 5084 qua
2970 5014 3203 5084 sanguis
3261 5015 3489 5069 Domini
3527 5016 3662 5068 Jesu
3706 5013 3900 5069 Christi

2218 5101 2389 5155 etiam
2441 5117 2546 5169 pro
2588 5102 2782 5171 impiis
2821 5102 2879 5153 in
2913 5118 3014 5155 suo
3064 5103 3359 5170 impietate
3412 5103 3689 5171 perituris
3745 5104 3896 5156 fusus

2217 5206 2337 5244 esse
2369 5188 2657 5254 asseritur,
2690 5187 2826 5258 quid
2856 5189 3119 5242 utilitatis
3145 5190 3204 5242 in
3246 5190 3325 5243 eis
3365 5192 3567 5259 egerit,
3603 5192 3742 5245 nihil
3773 5206 3896 5243 om-

2217 5278 2355 5331 nino
2390 5277 2700 5343 invenitur,
2739 5276 2850 5330 nisi
2883 5281 2943 5331 ut
2965 5277 3128 5347 juxta
3172 5277 3623 5347 disputationem
3662 5278 3898 5348 antiqui,

2217 5371 2272 5419 et
2304 5365 2617 5419 ﬁdelissimi
2665 5364 2910 5419 doctoris
2958 5366 3178 5436 (Ηὶιαγ.)
3227 5367 3388 5437 cujus
3427 5366 3601 5421 etiam
3631 5368 3899 5431 doctrina,

2218 5459 2275 5508 et
2331 5453 2615 5507 industria
2662 5453 2767 5508 toti
2815 5452 3011 5510 Galliae
3063 5455 3133 5509 ab
3193 5455 3559 5509 infcstatione
3612 5456 3899 5528 quondam
