4108 6190
189 244 325 296 1033

185 454 268 515 eis
303 478 421 513 non
457 461 514 513 in
554 460 897 526 remedium,
930 460 1027 513 sed
1060 461 1205 512 sicut
1246 460 1365 528 jam
1398 476 1571 529 supra
1612 460 1879 521 diximus,

183 549 245 601 in
276 549 514 601 exitium
563 552 946 623 convertatur.
996 548 1094 601 Ait
1132 564 1381 616 namque
1412 547 1497 599 vir
1538 548 1633 600 ille
1666 547 1867 600 doctis-

183 637 386 704 simus,
433 642 490 689 et
537 652 746 705 magna
792 637 1136 704 eloquentiae
1192 636 1457 689 facultate
1498 636 1692 702 fultus,
1750 651 1882 689 cum

183 730 501 795 exponeret
550 725 719 777 verba
766 724 1076 792 Evangelii,
1126 724 1184 776 in
1227 724 1435 793 quibus
1473 724 1651 777 Judaei
1702 723 1879 777 obsti-

182 820 318 866 nata
363 814 655 883 impietate
706 812 974 865 adversus
1022 814 1332 865 Dominum
1369 813 1572 866 dixisse
1614 813 1884 881 leguntur

184 901 241 973 [‹‹
274 902 520 972 Sanguis
568 904 690 970 ejus
738 918 910 969 super
959 917 1081 967 nos,
1129 906 1183 953 et
1244 917 1416 970 super
1459 901 1609 954 ﬁlios
1658 906 1882 954 nostros

183 989 410 1058 (Matth.
450 1006 616 1054 xxvu,
654 988 770 1059 l5):
807 1011 833 1037 »
868 991 981 1042 Hoc
1013 989 1119 1043 sibi
1147 990 1419 1043 Iudaicus
1451 991 1557 1042 hoc
1583 995 1743 1058 optat
1774 1005 1882 1058 po-

181 1079 357 1146 pulus
380 1078 732 1132 Christianus
763 1078 887 1147 pari
918 1077 1113 1145 verbo,
1147 1078 1362 1147 dispari
1404 1084 1549 1131 voto.
1589 1080 1678 1131 Est
1727 1076 1880 1130 enim

183 1183 360 1235 super
391 1183 515 1231 nos,
547 1173 628 1219 est
661 1173 715 1218 et
745 1182 918 1236 super
948 1166 1078 1219 illos
1106 1182 1118 1218 :
1151 1165 1197 1217 si
1220 1183 1394 1235 super
1414 1166 1661 1233 ﬁdelem,
1686 1172 1880 1236 prote-

183 1255 376 1325 git;si
407 1272 577 1325 super
607 1255 906 1308 inimicum
955 1254 1210 1324 ponitur,
1265 1255 1507 1324 premit:
1562 1254 1639 1307 sic
1688 1260 1882 1308 tamen

183 1344 338 1414 quod
368 1345 496 1397 illos
536 1344 639 1397 sibi
672 1343 932 1413 adjungit
965 1360 1105 1413 quos
1138 1342 1277 1413 tegit
1306 1360 1317 1396 :
1368 1344 1496 1396 illos
1540 1359 1651 1396 non
1703 1342 1884 1411 tangit

184 1450 334 1502 quos
392 1430 628 1504 gravat]
686 1432 795 1487 Sed
851 1432 1009 1484 illam
1066 1432 1216 1484 beati
1275 1432 1473 1484 Leonis
1538 1432 1883 1485 sententiam

184 1514 318 1575 licet
363 1538 430 1575 ex
490 1528 651 1591 parte
699 1521 824 1574 aliis
880 1521 1069 1574 verbis
1129 1526 1182 1573 et
1248 1520 1359 1573 alio
1426 1520 1664 1574 forsitan
1713 1535 1883 1573 sensu

181 1610 459 1678 positam,
490 1609 652 1679 quasi
677 1610 787 1663 hoc
817 1611 901 1661 vir
942 1610 1037 1662 ille
1087 1610 1349 1675 senserit,
1382 1611 1535 1679 quod
1578 1608 1751 1661 etiam
1779 1625 1882 1678 pro

1405 241 1611 296 LIBER
1653 242 1743 297 DE
1783 239 2035 297 TRIBUS
2076 240 2451 296 EPISTOLIS.

184 372 414 425 Arianae
449 371 759 441 impietatis
792 372 904 424 Deo
938 370 1245 424 auxiliante
1274 375 1403 424 ante
1450 371 1735 424 defensae:
1771 372 1875 424 hoc
1913 374 1959 425 A
1988 371 2208 423 caeteris
2290 371 2621 425 orthodoxis
2705 373 3057 427 concordans
3122 374 3398 443 Patribus,

3548 247 3683 301 1034-

3500 377 3639 432 dicit
3668 392 3679 433 :

1993 461 2135 530 [Non
2168 466 2250 515 est
2279 461 2726 531 praedestinatio,
2778 462 2888 515 nisi
2923 463 3077 532 quod
3124 464 3189 516 ad
3239 464 3457 517 donum
3507 466 3687 534 perti-

1991 554 2090 603 net
2118 552 2335 621 gratiae,
2362 557 2461 604 aut
2490 550 2559 604 ad
2593 551 3030 605 retributionem
3054 552 3338 623 justitiam]

2643 708 3019 748 RESPONSIO.

2065 815 2127 869 In
2159 815 2365 885 quibus
2398 815 2581 868 verbis
2628 817 2782 885 quod
2833 816 3060 883 dicitur,
3113 817 3248 887 quia
3280 837 3307 868 «
3358 819 3455 888 qui
3486 835 3686 873 omnes

1992 904 2113 956 vult
2142 905 2322 957 salvos
2345 904 2487 971 ﬁeri,
2530 926 2549 950 ιι
2587 909 2642 957 et
2682 925 2708 952 α
2742 906 3034 958 neminem
3065 908 3184 959 vult
3214 908 3423 975 perire,
3450 926 3475 956 »
3510 912 3565 961 et
3584 908 3685 978 qui

1990 1008 2097 1062 pro
2138 992 2408 1045 omnibus
2456 1008 2651 1061 passus
2698 998 2800 1056 est,
2854 993 3146 1046 neminem
3196 996 3687 1063 praedestinaverit

1992 1080 2061 1133 ad
2104 1081 2402 1133 interitum
2430 1082 2518 1133 vel
2564 1081 2757 1150 ignem
2806 1086 3105 1144 aeternum,
3162 1083 3516 1152 apertissime
3548 1100 3685 1137 con-

1993 1170 2231 1222 trarium
2263 1174 2346 1222 est
2372 1168 2535 1222 ﬁdei:
2600 1186 2712 1238 qua
2751 1186 2900 1231 vere,
2944 1174 3000 1222 et
3045 1170 3291 1223 ﬁdeliter
3329 1172 3602 1237 creditur,
3629 1178 3687 1225 et

1994 1257 2268 1310 deﬁnitur
2296 1258 2444 1327 quod
2486 1259 2853 1328 omnipotens
2903 1260 3051 1311 Deus
3099 1258 3293 1312 omnia
3341 1276 3517 1329 opera
3563 1276 3684 1326 sua,

1993 1362 2121 1413 quae
2153 1352 2275 1399 erat
2314 1346 2432 1416 ipse
2476 1346 2747 1413 facturus,
2798 1363 2925 1416 qua:
2980 1347 3180 1417 utique
3224 1364 3521 1417 nunquam
3567 1365 3685 1401 esse

1991 1438 2232 1503 possunt
2263 1434 2371 1486 nisi
2401 1434 2554 1503 justa
2585 1438 2640 1487 et
2680 1440 2850 1499 recta,
2888 1436 3033 1487 sicut
3066 1436 3125 1487 in
3174 1437 3400 1488 Psalmo
3434 1436 3686 1491 canitur:

1994 1523 2237 1574 «Justus
2270 1522 2546 1575 Dominus
2578 1521 2635 1573 in
2665 1522 2931 1575 omnibus
2964 1523 3092 1589 viis,
3124 1523 3258 1589 suis,
3293 1529 3347 1575 et
3378 1536 3604 1578 sanctus
3628 1526 3687 1578 in

1994 1609 2265 1663 omnibus
2340 1610 2608 1678 operibus
2649 1610 2763 1662 suis
2840 1610 3236 1679 (Psal.cxmv,
3308 1615 3423 1679 l7),
3486 1634 3513 1661 »
3556 1619 3687 1667 ante

181 1697 383 1768 impiis
408 1698 466 1750 in
497 1716 599 1751 sua
649 1699 945 1767 impietate
996 1698 1266 1768 perituris
1304 1698 1578 1751 Dominus
1629 1698 1884 1751 Christus
1924 1680 1963 1732 Β
1993 1700 2190 1750 omnia
2238 1699 2464 1763 saecula,
2523 1705 2579 1751 et
2634 1698 2929 1751 verissime
2988 1700 3304 1768 praescierit
3360 1702 3573 1768 futura,
3634 1708 3691 1756 et

180 1792 449 1843 mortuus
482 1788 573 1851 sit,
603 1786 903 1839 manifesta
942 1787 1149 1839 veritas
1194 1803 1306 1839 non
1338 1787 1415 1840 ita
1448 1787 1883 1856 intelligendam

183 1875 455 1929 ostendit.
483 1876 571 1929 Ait
619 1891 866 1944 namque
896 1874 1029 1927 ille:
1084 1875 1316 1944 [Ellusio
1362 1891 1467 1945 pro
1515 1876 1708 1928 multis
1754 1893 1883 1930 san-

182 1959 377 2027 guinis
402 1958 543 2027 justi
572 1964 688 2011 tam
738 1964 941 2026 potens
994 1957 1063 2010 ad
1112 1958 1499 2027 privilegium,
1557 1964 1671 2011 tam
1730 1960 1882 2012 dives

180 2049 295 2101 fuit
326 2047 395 2099 ad
426 2047 695 2117 pretium,
726 2052 787 2099 ut
814 2046 860 2098 si
892 2062 1088 2099 omnes
1120 2047 1180 2098 in
1221 2063 1353 2099 eum
1402 2048 1717 2113 crederent,
1754 2049 1880 2101 nul-

182 2136 304 2188 lum
337 2136 634 2204 tyrannica
673 2135 897 2187 vincula
947 2134 1304 2203 retinerent]
1366 2135 1501 2188 Vere
1547 2136 1698 2188 enim
1749 2152 1883 2206 pre-

179 2224 366 2276 tiosus
400 2223 631 2292 sanguis
668 2223 781 2289 ille,
814 2228 868 2276 et
907 2229 1111 2293 potens
1143 2224 1354 2275 exstitit
1388 2224 1457 2277 ad
1491 2224 1878 2293 privilegium,

182 2319 239 2368 ut
266 2330 469 2366 omnes
500 2320 692 2383 posset
723 2313 1001 2366 redimere
1028 2329 1040 2377 ;
1074 2317 1130 2364 et
1178 2312 1334 2365 dives
1391 2314 1459 2365 ad
1486 2313 1781 2381 pretium,
1821 2317 1883 2365 ut

183 2403 412 2455 nullum
436 2403 753 2472 tyrannica,
785 2402 842 2455 id
876 2407 961 2453 est
992 2401 1271 2453 diabolica
1296 2396 1520 2453 vincula
1547 2402 1879 2467 retinerent,

182 2490 295 2543 nisi
328 2492 429 2560 qui
462 2491 529 2543 ab
586 2492 707 2560 ejus
766 2491 874 2543 ﬁde
928 2489 1149 2543 alienus
1209 2491 1494 2543 existeret.
1557 2491 1617 2542 Et
1663 2488 1791 2543 ideo
1820 2490 1881 2541 in

180 2586 347 2633 tanta
369 2580 679 2650 quaestione
712 2596 825 2632 non
850 2584 981 2632 sunt
1002 2580 1369 2648 proponenda
1389 2580 1727 2647 incongrua,
1765 2595 1882 2631 non

181 2674 321 2721 sunt
367 2668 672 2722 asserenda
713 2668 1019 2737 superﬂua.
1070 2669 1140 2721 Ut
1172 2668 1230 2720 in
1265 2668 1628 2738 simplicitate
1679 2673 1736 2721 et
1765 2669 1878 2720 sin-

181 2758 419 2809 ceritate
452 2758 549 2809 Dei
599 2758 976 2823 instruantur,
1012 2761 1067 2809 et
1114 2772 1227 2808 non
1279 2756 1336 2811 in
1392 2756 1635 2810 vanitate
1683 2772 1882 2809 sensus

181 2847 388 2911 nostri,
422 2846 479 2899 bi
510 2846 611 2916 qui
641 2862 741 2899 nos
775 2846 1016 2898 audiunt
1043 2845 1377 2899 illudantur.

789 2969 1011 3023 CAPUT
1048 2970 1274 3023 XXVIII.

527 3078 598 3129 De
625 3075 1100 3143 prmdestinatione
1133 3075 1206 3127 ad
1237 3076 1537 3127 interitum.

255 3182 637 3252 Subjungitur
680 3180 740 3234 in
771 3181 969 3234 eadem
1001 3180 1241 3250 epistola
1282 3180 1350 3233 de
1384 3180 1511 3250 lege
1552 3180 1737 3249 prima
1766 3184 1879 3234 ter-

182 3272 260 3325 tia
313 3271 652 3342 quaestione,
721 3270 778 3324 id
836 3275 923 3324 est
974 3291 1002 3318 «
1056 3270 1553 3340 praedestinatione
1597 3269 1808 3335 divina,
1847 3288 1876 3321 π

181 3377 371 3413 sermo
403 3361 677 3429 prolixus,
711 3358 809 3428 qui
837 3374 953 3411 non
982 3362 1135 3411 totus
1177 3358 1368 3425 simul,
1418 3358 1516 3410 sed
1548 3373 1649 3426 per
1692 3362 1879 3427 partes

179 3448 487 3516 ponendus
537 3452 595 3500 et
640 3446 966 3500 tractandus
1020 3446 1186 3500 nobis
1226 3446 1468 3512 videtur,
1528 3446 1608 3498 ita
1658 3462 1718 3498 se
1777 3446 1878 3499 ha-

182 3536 347 3589 bens.

829 3637 1231 3678 HINCMARUS.

255 3750 284 3783 ς(
322 3731 545 3798 Dicunt,
578 3731 787 3802 inquit,
824 3730 959 3801 quia
993 3750 1019 3780 «
1069 3731 1167 3800 qui
1217 3747 1415 3783 omnes
1467 3729 1731 3783 homines
1760 3731 1879 3784 vult

178 3823 367 3875 salvos
399 3822 543 3887 ﬁeri,
580 3827 635 3873 et
664 3821 956 3874 neminem
998 3821 1116 3872 vult
1141 3820 1349 3889 perire,
1389 3825 1443 3871 et
1473 3819 1570 3888 qui
1603 3834 1705 3887 pro
1756 3835 1874 3871 om-

176 3912 353 3965 nibus
378 3927 576 3980 passus
615 3916 718 3975 est,
756 3930 778 3956 ι
810 3908 1100 3961 neminem
1134 3908 1561 3977 praedestinavit
1593 3907 1659 3960 ad
1694 3907 1877 3960 inter-

176 4001 329 4054 itum
385 4000 471 4052 vel
527 3999 721 4068 ignem
785 4003 1105 4053 aeternum:
1164 3998 1257 4050 sed
1315 4013 1379 4050 ex
1437 4013 1621 4049 massa
1664 3996 1877 4065 peccati

177 4090 486 4159 quosdam,
523 4088 669 4141 sicut
697 4086 1000 4156 praescivit,
1052 4086 1501 4153 praedestinavit,
1542 4086 1599 4139 id
1631 4091 1715 4139 est
1741 4101 1877 4155 gra—

178 4178 261 4230 tia
288 4177 629 4245 praeparavit
661 4176 729 4229 ad
779 4175 949 4227 vitam
983 4180 1037 4227 et
1066 4191 1328 4243 regnum,
1363 4179 1417 4227 et
1463 4174 1574 4227 illis
1605 4175 1779 4226 vitam
1815 4190 1878 4226 ac

175 4281 427 4334 regnum
459 4264 901 4334 praedestinavit,
937 4263 991 4316 id
1017 4267 1101 4315 est
1130 4264 1313 4331 gratia
1339 4262 1684 4333 praeparavit
1714 4267 1877 4315 (eter-

176 4369 353 4407 num:
393 4352 695 4422 Evangelio
732 4357 871 4405 teste
894 4352 992 4421 qui
1014 4351 1181 4404 dicit:
1215 4352 1478 4418 «Venite,
1513 4351 1818 4416 benedicti,
1844 4368 1872 4398 λ)

177 4442 239 4495 id
268 4448 355 4495 est
387 4442 455 4494 de
487 4442 670 4510 prima
704 4439 1104 4493 maledictione
1137 4440 1321 4507 gratia
1373 4440 1571 4509 erepti,
1605 4440 1789 4505 electi,
1812 4440 1880 4491 'et

175 4530 597 4602 praedestinati,
636 4548 661 4579 «
691 4529 964 4600 percipite
1008 4544 1271 4598 regnum,
1319 4529 1471 4597 quod
1505 4528 1663 4581 vobis
1706 4543 1879 4597 para-

176 4628 309 4675 tum
346 4624 449 4686 est,
481 4639 507 4669 »
540 4619 597 4672 id
622 4624 704 4671 est
736 4618 887 4688 quod
920 4617 1079 4671 vobis
1109 4617 1578 4686 praedestinatum
1615 4619 1715 4682 est,
1752 4636 1779 4666 «
1809 4616 1879 4671 ab

177 4709 411 4779 origine
459 4708 660 4761 mundi
694 4706 912 4777 (Matth.
956 4723 1083 4771 xxv,
1114 4706 1229 4775 34).
1274 4720 1299 4753 ι·
1332 4705 1615 4769 Quosdam
1663 4710 1877 4775 autem,

177 4799 332 4853 sicut
356 4796 658 4867 praescivit,
692 4812 807 4848 non
829 4796 898 4849 ad
931 4800 1172 4848 mortem
1202 4810 1388 4864 neque
1407 4794 1477 4848 ad
1508 4794 1702 4863 ignem
1734 4810 1877 4863 pra:-

178 4886 517 4949 destinavit,
550 4886 646 4938 sed
680 4884 739 4937 in
768 4900 953 4937 massa
996 4883 1213 4953 peccati
1258 4888 1314 4936 et
1350 4883 1692 4952 perditionis
1730 4883 1881 4950 juste

179 4974 460 5039 deseruit,
495 4990 527 5025 a
557 4990 671 5043 qua
709 4989 806 5026 eos
836 4971 1341 5042 praedestinatione
1382 4988 1504 5036 sua,
1541 4971 1595 5024 id
1630 4976 1714 5023 est
1744 4987 1881 5040 gra-

180 5065 282 5119 tiae
344 5062 786 5134 praeparatione,
821 5060 1062 5122 occulto,
1110 5060 1205 5113 sed
1255 5076 1368 5111 non
1414 5059 1625 5128 injuste
1664 5057 1880 5127 judicio

180 5168 555 5222 nequaquam
610 5150 840 5220 eripuit.
882 5149 1025 5213 Quia
1074 5148 1218 5200 sicut
1263 5148 1466 5200 beatus
1515 5147 1747 5216 exponit
1778 5150 1885 5201 Au-

183 5241 455 5312 gustinus
488 5240 575 5306 (de
609 5240 779 5293 Przd.
818 5244 1028 5303 sanct.,
1074 5253 1196 5305 cap.
1259 5236 1343 5303 10)
1375 5250 1387 5287 :
1435 5235 1884 5304 [Praedestinatio

184 5335 274 5385 est
304 5329 502 5399 gratim
538 5328 901 5398 praaparatio,
927 5326 1110 5397 gratia
1133 5331 1324 5378 autem
1351 5329 1434 5377 est
1469 5323 1596 5376 vitae
1628 5323 1882 5388 donatio,

184 5420 250 5474 id
278 5422 367 5471 est
424 5416 602 5487 ipsius
658 5414 1183 5485 praedestinationis
1239 5409 1521 5481 effectus]
1576 5412 1642 5465 Et
1691 5412 1888 5465 beatus

185 5510 460 5576 Prosper,
494 5505 556 5558 in
584 5504 688 5557 hac
720 5520 779 5557 re
832 5502 1009 5557 sancti
1048 5501 1352 5572 Augustini
1398 5499 1707 5570 expositor,
1758 5514 1887 5552 cum

515 5592 807 5653 PATROL.
854 5589 1080 5652 CXXI.

1991 1786 2369 1839 immobiliter
2439 1786 2949 1857 przedestinaverit,
3015 1788 3069 1841 id
3141 1794 3226 1841 est
3298 1790 3580 1854 statuerit,
3632 1797 3689 1844 et

1992 1875 2329 1944 praeﬁnierit
2370 1875 2645 1929 facienda.
2683 1877 2838 1929 Justa
2869 1876 3080 1946 quippe
3130 1877 3443 1946 impiorum
3490 1882 3545 1931 et
3573 1878 3685 1931 ini-

1994 1980 2238 2033 quorum
2290 1964 2350 2017 in
2399 1969 2613 2017 aeterna
2668 1970 2867 2028 morte,
2932 1970 3102 2035 atque
3166 1966 3223 2017 in
3278 1973 3491 2019 aeterno
3553 1965 3686 2036 igne

1992 2054 2303 2118 damnatio,
2354 2070 2498 2121 opus
2543 2060 2625 2105 est
2673 2054 2870 2123 procul
2923 2053 3096 2106 dubio
3135 2054 3274 2123 justi
3321 2055 3519 2124 judicii
3564 2058 3684 2122 Dei,

1994 2160 2021 2191 «
2054 2141 2152 2211 qui
2184 2141 2381 2194 reddet
2414 2141 2726 2210 unicuique
2774 2141 3086 2194 secundum
3121 2158 3293 2211 Opera
3351 2144 3472 2212 ejus
3507 2148 3682 2214 (Rom.

1993 2246 2051 2293 ιι,
2085 2230 2157 2297 6).
2194 2251 2220 2277 ››
2278 2231 2340 2282 Et
2386 2228 2594 2282 idcirco
2654 2245 2879 2298 semper
2937 2229 3087 2298 apud
3146 2247 3276 2283 eum
3328 2232 3562 2297 exstitit,
3625 2238 3682 2286 et

1989 2334 2119 2370 vere
2152 2318 2501 2387 prmscituni,
2544 2323 2599 2370 et
2649 2319 2799 2387 juste
2860 2318 3354 2387 praedestinatum,
3412 2321 3534 2389 qui,
3594 2327 3685 2374 at-

1988 2409 2231 2459 testante
2266 2408 2567 2476 prepheta,
2599 2429 2619 2453 ι
2655 2407 2784 2460 fecit
2816 2423 2944 2475 quae
2983 2406 3176 2459 futura
3218 2414 3351 2462 sunt
3377 2408 3513 2476 {Isa.
3548 2424 3681 2472 va,

1996 2497 2078 2559 ll,
2113 2510 2213 2547 sec.
2253 2496 2441 2562 LXX).
2481 2518 2507 2541 »
2554 2496 2693 2547 Nam
2733 2495 2778 2547 si
2836 2496 2943 2547 hoc
3001 2496 3062 2547 in
3118 2501 3329 2549 aeterna
3377 2499 3499 2567 ejus
3532 2514 3685 2567 prae-

1993 2579 2246 2645 scientia,
2300 2586 2357 2633 et
2402 2580 2901 2650 praedestinatione
2954 2597 3070 2633 non
3118 2582 3336 2647 fuisset,
3386 2600 3684 2653 nunquam

1991 2669 2114 2737 ejus
2145 2686 2287 2739 opus
2318 2675 2483 2735 esset,
2527 2685 2823 2738 nunquam
2874 2671 3270 2738 temporaliter
3317 2672 3438 2725 ﬁeri
3471 2674 3687 2742 potuis-

1992 2772 2094 2811 set.
2130 2757 2275 2820 Quia
2306 2774 2476 2810 omne
2510 2773 2655 2826 opus
2685 2773 2851 2810 suum
2904 2758 2995 2811 ille
3036 2761 3411 2827 priesciendo,
3455 2768 3506 2814 et
3538 2778 3684 2831 prae-

1992 2846 2333 2899 destinando
2362 2847 2675 2914 praevenit:
2712 2852 2767 2898 et
2813 2846 2942 2899 ideo
2990 2846 3130 2901 nihil
3173 2854 3255 2900 est
3296 2849 3355 2900 in
3388 2850 3509 2918 ejus
3541 2866 3684 2919 ope-

1991 2934 2147 2987 ribus
2178 2934 2459 2994 futurum,
2491 2933 2643 3002 quod
2680 2932 2799 3002 ipse
2826 2950 2945 2985 non
2988 2935 3323 3003 praescierit,
3358 2942 3414 2988 et
3458 2937 3680 3005 praede-

1991 3022 2288 3075 stinaverit
2318 3037 2376 3073 se
2429 3037 2548 3074 esse
2583 3021 2890 3074 facturum.
2941 3022 3156 3075 Deinde
3208 3025 3556 3077 contrarium
3600 3030 3684 3079 est

1989 3112 2160 3163 etiam
2194 3111 2487 3175 doctrinae,
2520 3115 2576 3163 et
2607 3110 3039 3163 deﬁnitionibus
3065 3116 3394 3164 sanctorum
3427 3114 3678 3166 Patrum.

1989 3199 2097 3262 Qui
2132 3199 2191 3252 in
2246 3204 2548 3268 utramque
2598 3205 2838 3268 partem,
2875 3204 2989 3252 tam
3046 3199 3306 3253 videlicet
3347 3201 3678 3268 electorum,

1988 3303 2161 3359 quam
2210 3287 2586 3358 reproborum
2635 3288 2799 3356 (quia
2847 3293 2902 3340 et
2961 3288 3189 3341 illorum
3240 3288 3578 3359 gloriﬁcatio
3625 3297 3683 3345 et

1986 3377 2225 3431 istorum
2258 3376 2653 3429 condemnatio
2677 3378 2897 3444 justum
2932 3376 3032 3430 Dei
3080 3394 3224 3446 opus
3273 3378 3378 3446 est)
3427 3378 3680 3432 divinam

1986 3465 2553 3537 praedestinationem
2608 3481 2823 3534 ponere
2874 3482 2983 3518 non
3023 3465 3305 3531 dubitant,
3359 3466 3525 3520 sicuti
3559 3470 3681 3537 jam

1987 3571 2161 3625 supra
2193 3554 2325 3607 satis
2367 3570 2399 3606 a
2428 3553 2593 3606 nobis
2641 3559 2932 3606 ostensum
2982 3559 3083 3607 est.
3137 3556 3202 3608 Et
3249 3555 3379 3609 ideo
3432 3556 3680 3609 multum

1986 3659 2215 3697 necesse
2257 3648 2435 3695 estut
2492 3646 2824 3711 agnoscant,
2881 3642 2980 3712 qui
3028 3643 3110 3697 ita
3162 3644 3439 3710 sentiunt,
3496 3644 3679 3697 mani-

1984 3733 2189 3787 festam
2232 3731 2365 3785 fidei
2411 3732 2707 3783 veritatem
2757 3736 2811 3784 et
2867 3732 3327 3785 fundatissimam
3376 3734 3676 3788 beatcrum

1988 3823 2221 3874 Patrum
2255 3820 2691 3884 auctoritatem;
2727 3824 2800 3885 et,
2832 3820 2983 3889 quod
3029 3820 3109 3873 eis
3140 3822 3469 3873 nullatenus
3503 3838 3678 3891 expe-

1986 3910 2086 3974 dit,
2114 3925 2232 3961 non
2280 3910 2554 3978 spernant
2583 3924 2769 3977 neque
2834 3907 3103 3977 abjiciant
3160 3908 3288 3961 illos
3345 3910 3414 3962 de
3472 3910 3678 3980 quibus

1991 3998 2264 4051 Dominus
2293 3998 2370 4050 ait
2398 4014 2409 4050 :
2445 4016 2471 4047 «
2508 3997 2615 4060 Qui
2663 4014 2758 4049 vos
2789 3998 2966 4062 audit,
3014 4014 3101 4050 me
3129 3999 3304 4064 audit,
3364 4004 3421 4051 et
3448 4000 3548 4069 qui
3580 4015 3678 4052 vos

1987 4086 2225 4157 spernit,
2262 4101 2351 4138 me
2385 4085 2623 4154 spernit.
2658 4084 2807 4153 (Luc.
2836 4101 2886 4151 Χ,
2928 4088 3038 4152 l6.)
3074 4106 3094 4132 υ

2057 4175 2213 4237 Quod
2246 4174 2293 4227 si
2332 4174 2460 4227 ideo
2494 4174 2574 4227 eis
2618 4174 2837 4226 videtur
2858 4173 3191 4240 absurdum,
3243 4174 3378 4243 quia
3411 4174 3678 4245 omnipo-

1921 4274 1962 4326 Ι)
1989 4267 2114 4317 tens
2147 4265 2293 4317 Deus
2328 4263 2600 4333 reprobos
2632 4261 3124 4331 praedestinaverit
3154 4262 3226 4315 ad
3276 4262 3575 4316 interitum
3623 4269 3679 4318 et

1988 4352 2059 4405 ad
2089 4352 2280 4422 ignem
2311 4356 2612 4412 aeternum,
2648 4351 2922 4420 quoniam
2970 4352 3123 4403 velut
3160 4351 3493 4406 incredibile
3524 4353 3677 4407 vide-

1988 4443 2100 4505 tur,
2128 4447 2189 4492 ut
2221 4461 2247 4488 «
2280 4441 2381 4509 qui
2432 4456 2631 4494 omnes
2666 4440 2785 4492 vult
2824 4440 3049 4504 salvari,
3084 4461 3103 4485 η
3142 4444 3197 4492 et
3227 4440 3325 4509 qui
3356 4457 3458 4510 pro
3489 4444 3678 4495 omni-

1986 4527 2092 4581 bus
2123 4533 2384 4581 mortuus
2415 4530 2681 4593 creditur,
2720 4528 2971 4596 aliquem
3003 4543 3200 4580 eorum
3234 4530 3679 4598 przedestinave-

1988 4615 2064 4669 rit
2097 4616 2164 4668 ad
2194 4614 2623 4668 damnationem
2652 4631 2663 4667 :
2702 4614 3017 4682 recogitent
3065 4616 3355 4682 attentius,
3408 4618 3542 4687 quia
3576 4619 3680 4671 etsi

1989 4705 2089 4759 illa
2136 4704 2301 4759 verba
2344 4703 2604 4774 Apostoli
2652 4703 2989 4772 simpliciter
3036 4704 3435 4776 intelligantur
3475 4708 3681 4777 quibus

1987 4795 2057 4849 de
2090 4795 2204 4848 Deo
2237 4794 2390 4859 dicit,
2427 4815 2453 4842 ‹‹
2484 4792 2725 4863 quivult
2755 4807 2956 4845 omnes
2978 4792 3239 4847 homines
3270 4795 3450 4847 salvos
3470 4795 3614 4861 ﬁeri,
3655 4816 3674 4841 ι

1990 4883 2213 4937 duobus
2274 4881 2457 4934 modis
2513 4884 2617 4935 hoc
2675 4884 2856 4937 Deum
2897 4897 3067 4951 agere
3122 4882 3506 4936 certissimum
3558 4888 3677 4937 est:

1994 4973 2131 5025 dum
2166 4969 2307 5022 alios
2328 4970 2408 5021 ita
2442 4990 2465 5017 «
2513 4970 2631 5022 vult
2666 4972 2844 5024 salvos
2878 4970 3023 5037 ﬁeri,
3080 4992 3106 5019 ››
3157 4976 3221 5023 ut
3268 4986 3362 5023 eos
3408 4972 3529 5040 ipse
3557 4988 3679 5025 om—

1993 5060 2132 5113 nino
2169 5058 2335 5111 faciat
2379 5057 2584 5123 salvos,
2649 5057 2793 5111 sicut
2839 5076 3037 5112 omnes
3080 5060 3320 5111 electos:
3357 5058 3498 5111 alios
3548 5074 3681 5112 vero

1994 5148 2074 5201 ita
2102 5148 2233 5200 velit
2261 5147 2443 5198 salvos
2474 5146 2620 5208 ﬁeri,
2658 5150 2719 5199 ut
2761 5163 2859 5199 eos
2916 5148 3153 5200 omnino
3198 5162 3312 5198 non
3359 5146 3554 5211 salvet,
3586 5146 3683 5200 sed

1994 5235 2056 5289 in
2089 5240 2366 5289 aeternum
2397 5235 2584 5303 perire
2626 5234 2939 5303 permittat,
2972 5236 3117 5288 sicut
3147 5234 3343 5303 utique
3371 5250 3571 5287 omnes
3599 5250 3685 5287 re-

1993 5324 2223 5395 probos,
2259 5337 2400 5393 quos
2433 5322 2598 5392 juxta
2652 5323 2803 5374 hunc
2857 5337 3111 5387 sensum,
3151 5328 3207 5375 et
3240 5342 3267 5372 ‹‹
3313 5326 3374 5375 ut
3403 5321 3686 5391 benignus

1997 5412 2233 5465 Creator
2265 5430 2290 5459 »
2326 5409 2529 5463 salvari
2559 5409 2757 5474 voluit,
2778 5413 2836 5462 et
2864 5428 2891 5459 α
2920 5409 3183 5478 utjustus
3202 5409 3381 5463 Judex
3410 5432 3428 5457 ι
3454 5416 3687 5465 aeternas

1997 5498 2304 5569 perditioni
2335 5498 2587 5551 tradidit.
2626 5497 2781 5551 Sicut
2820 5513 2956 5567 ergo
2988 5502 3043 5551 et
3080 5498 3390 5552 bonitatem
3436 5515 3597 5552 suam
3631 5500 3689 5554 in

3274 5589 3355 5646 33
