4108 6190
447 194 579 245 1035

1556 190 1609 240 S.
1655 185 1931 241 REMlGll
1975 183 2461 242 LUGDUNENSIS
2501 182 2819 239 EPISCOPI

3800 188 3926 239 tuan

444 328 524 380 eis
554 325 823 391 ostendit,
860 324 993 395 quia
1026 340 1123 376 eos
1153 322 1355 374 salvari
1397 320 1593 388 voluit,
1628 324 1682 373 et
1726 325 1917 372 tamen
1968 318 2131 371 boni-
2167 321 2212 371 A
2242 319 2438 387 gratim
2468 318 2907 388 praeparatione,
2943 317 3012 371 ab
3039 317 3136 371 illa
3166 317 3547 371 damnationis
3582 322 3637 370 et
3668 318 3929 386 perditio-

444 420 528 469 tas
585 415 709 483 ejus
763 431 875 467 non
928 408 1223 481 impedivit
1274 409 1630 462 severitatem
1682 409 1824 477 ejus,
1877 424 1990 477 qua
2042 423 2137 459 eos

435 504 588 573 juste
622 502 949 565 damnavit;
982 500 1060 553 ita
1114 500 1312 552 eadem
1360 498 1587 551 bonitas
1639 498 1760 567 ejus
1809 496 2135 549 nullatenus

442 590 741 660 impedivit
776 587 1335 658 prmdestinationem
1368 586 1490 655 ejus
1516 585 1777 654 justitiaz,
1811 586 1948 637 dum
1992 600 2135 654 quos

444 678 537 731 ille
569 677 748 729 salvos
774 675 898 728 ﬁeri
924 674 1119 740 voluit,
1154 679 1208 725 et
1235 673 1464 742 iniquos
1492 672 1714 725 futuros
1743 687 1969 740 semper
1999 687 2136 741 prae-

442 765 619 831 scivit,
672 769 727 818 et
782 764 841 815 in
896 762 1193 833 iniquitate
1248 777 1349 813 sua
1401 775 1824 829 permansuros,
1867 762 2016 829 juste
2065 759 2131 812 ad

440 852 734 906 interitum
769 849 1218 921 praedestinavit.
1254 850 1337 901 Ita
1376 852 1432 900 et
1463 848 1507 899 si
1540 863 1641 917 pro
1664 847 1930 900 omnibus
1959 847 2134 899 etiam

440 941 500 994 in
528 958 627 993 sua
661 939 953 1009 impietate
994 936 1263 1007 perituris
1307 936 1565 989 Christus
1602 940 1862 987 mortuus
1908 940 2010 1000 est,
2057 935 2134 987 sic

442 1030 524 1084 eis
555 1029 812 1083 exhibuit
851 1027 1160 1081 bonitatem
1208 1024 1489 1094 passionis
1534 1040 1671 1090 suae,
1709 1028 1768 1075 ut
1808 1028 1999 1075 tamen
2026 1021 2135 1073 hu-

434 1116 689 1188 jusmodi
716 1116 925 1184 impios
956 1116 1014 1167 in
1060 1129 1161 1166 sua
1192 1114 1487 1182 impietate
1537 1126 1940 1181 permansuros
1980 1110 2134 1178 justo

441 1221 543 1258 suo
569 1202 785 1273 judicio
815 1200 1298 1254 condemnaverit.
1334 1198 1489 1253 Sicut
1519 1198 1636 1267 ipse
1668 1197 1767 1261 ait,
1804 1216 1830 1247 ι(
1880 1196 1985 1259 Qui
2020 1211 2134 1249 non

440 1291 641 1353 credit,
667 1291 788 1359 jam
830 1288 1122 1358 judicatus
1171 1291 1255 1339 est.
1286 1288 1461 1355 (Idan.
1522 1302 1601 1351 ιιι,
1658 1285 1762 1353 18).
1828 1303 1854 1335 »
1914 1285 1978 1337 Et
2004 1284 2132 1336 ideo

438 1378 663 1431 bonitas
694 1378 837 1447 ejus,
901 1376 1036 1446 quia
1096 1374 1263 1427 etiam
1310 1389 1409 1443 pro
1459 1373 1666 1425 talibus
1716 1389 1913 1441 passus
1952 1371 2132 1425 credi-

441 1468 558 1532 tur,
592 1482 706 1517 non
739 1463 1029 1517 evacuavit
1058 1478 1195 1532 erga
1236 1478 1331 1514 eos
1367 1460 1925 1531 prmdestinationem
1972 1462 2130 1529 ejus:

442 1570 554 1624 qua
588 1570 681 1605 eos
712 1566 957 1620 semper,
1002 1554 1057 1603 et
1086 1550 1370 1619 praescivit
1402 1550 1461 1601 in
1510 1564 1610 1601 sua
1662 1548 1959 1617 impietate
1999 1564 2131 1617 per-

441 1657 758 1705 mansuros,
789 1644 844 1693 et
874 1638 1299 1708 praedestinavit
1319 1637 1471 1706 juste
1502 1637 1808 1707 perituros.
1894 1628 1900 1635 ’

511 1729 798 1799 Quidquid
829 1744 965 1798 ergo
990 1730 1119 1797 post
1136 1726 1312 1779 istain
1332 1726 1419 1778 his
1449 1724 1636 1778 verbis
1660 1726 1727 1778 de
1756 1731 1969 1777 aeterna
1986 1739 2132 1793 prae-

440 1816 823 1872 destinatione
854 1821 1178 1868 sanctorum
1212 1814 1420 1867 dicitur
1447 1813 1515 1866 ad
1539 1828 1779 1882 regnum
1795 1812 2033 1866 etvitam
2057 1827 2132 1865 ze-

436 1913 661 1960 ternam
690 1904 968 1959 catholica
1000 1908 1055 1957 et
1084 1903 1329 1956 ﬁdeliter
1360 1902 1600 1955 dicitur:
1647 1902 1783 1971 quia
1810 1901 1930 1954 sine
1961 1900 2134 1953 dubio

437 2000 552 2049 tam
586 1995 767 2064 pium,
802 1998 855 2046 et
890 1997 1005 2046 tam
1040 1992 1352 2063 gloriosum
1392 2007 1535 2060 opus
1574 2006 1762 2056 suum,
1799 1996 1853 2042 et
1893 1994 2133 2042 aeterna-

438 2084 568 2135 liter
612 2082 978 2151 omnipotens
1030 2080 1315 2150 praescivit
1358 2079 1637 2143 futurum,
1691 2083 1746 2131 et
1787 2078 2135 2131 aeternaliter

438 2171 863 2242 praedestinavit
894 2186 952 2222 se
984 2186 1106 2222 esse
1155 2169 1459 2222 facturum.
1520 2167 1665 2230 Quid
1711 2171 1901 2220 autem
1937 2166 2005 2219 de
2038 2182 2132 2218 re-

436 2260 634 2331 probis
666 2260 757 2313 hic
789 2259 1126 2323 afﬁrmatur,
1162 2258 1297 2328 quia
1326 2257 1556 2309 eosdem
1590 2256 1955 2325 omnipotens
1985 2256 2133 2308 Deus

438 2363 805 2417 nequaquam
838 2346 1327 2416 praedestinaverit
1357 2346 1425 2399 ad
1455 2350 1696 2398 mortem
1729 2345 1812 2397 vel
1839 2344 1906 2397 ad
1939 2345 2131 2414 ignem

440 2440 741 2499 internum,
778 2435 877 2487 sed
936 2434 1338 2487 tantummodo
1395 2434 1707 2503 praescierit
1761 2449 1858 2485 eos
1903 2438 2130 2485 aeternae

437 2524 607 2576 morti
655 2539 777 2576 esse
828 2523 1127 2575 tradendos
1175 2528 1231 2575 et
1279 2527 1557 2591 perpetuo
1612 2522 1732 2591 igni
1772 2520 2129 2586 cruciandos,

444 2611 771 2663 nullatenus
811 2615 895 2663 est
941 2610 1374 2679 recipiendum;
1423 2611 1557 2679 quia
1604 2610 1771 2675 (sicut
1819 2611 1940 2678 jam
1997 2610 2133 2661 satis

439 2714 613 2767 supra
659 2704 947 2751 ostensum
993 2699 1097 2767 est)
1150 2714 1293 2767 opus
1344 2714 1511 2750 suum
1562 2703 1678 2750 tam
1721 2699 1965 2765 justum,
2016 2701 2131 2749 tam

434 2802 733 2856 magnum,
771 2792 827 2840 et
858 2786 1130 2853 terribile,
1175 2802 1288 2856 quo
1326 2802 1523 2838 omnes
1572 2785 1781 2855 impios
1825 2785 2129 2838 damnatu-

2244 407 2331 459 nis
2362 422 2547 459 massa
2582 422 2946 477 nequaquam
2986 406 3216 475 eripuit.
3255 425 3279 456 ι
3332 412 3388 459 et
3436 423 3502 458 ex
3554 406 3742 458 verbis
3783 405 3927 457 beati

2244 494 2549 562 Augustini
2625 495 2911 548 afﬁrmare
2968 496 3322 560 conatur:[«
3381 493 3540 556 Quod
3601 514 3620 539 ι
3678 492 3930 546 videlicet

2247 602 2273 630 ‹‹
2300 582 2723 651 prmdestinatio
2757 598 2872 634 non
2900 582 2969 634 sit
3010 581 3183 643 aliud,
3231 580 3338 633 nisi
3372 580 3592 650 gratiae,
3644 596 3929 649 praepara-

2242 669 2343 735 tio,
2378 667 2432 739 n]
2458 674 2519 721 ut
2549 669 2708 739 quasi
2734 685 2797 722 ex
2827 670 2931 722 hoc
2954 670 3195 738 probare
3219 668 3497 732 videatur,
3524 669 3682 738 quod
3717 669 3927 737 praede-

2244 759 2478 811 stinatio
2510 758 2907 811 tantummodo
2936 758 2994 811 in
3025 762 3352 810 sanctorum
3385 757 3685 822 electione,
3730 757 3930 825 quibus

2245 847 2313 899 ab
2340 852 2556 899 esterno
2598 846 2962 916 omnipotens
2994 847 3141 899 Deus
3175 861 3335 898 suam
3367 845 3610 914 gratiam
3644 860 3928 914 prepara-

2242 935 2341 1002 vit,
2387 934 2632 1003 intelligi
2680 934 2922 999 debeat;
2978 934 3033 986 in
3081 933 3446 987 damnatione
3487 949 3622 986 vero
3670 933 3931 1003 reprobo.

2242 1039 2393 1087 rum,
2430 1024 2586 1075 nulla
2620 1024 2716 1076 Dei
2748 1023 3175 1092 praedestinatio
3200 1022 3526 1090 accipienda
3562 1021 3652 1087 sit,
3691 1037 3760 1073 eo
3788 1021 3931 1090 quod

2242 1112 2386 1165 nihil
2420 1112 2618 1181 gratiae
2646 1126 2761 1164 sua:
2802 1127 2869 1165 ex
2901 1116 3116 1164 aeterno
3149 1110 3260 1163 illis
3297 1110 3443 1162 Deus
3486 1110 3933 1178 prmdestinaveo

2244 1200 2336 1267 rit,
2372 1205 2427 1253 et
2458 1200 2895 1269 prmparaverit;
2944 1198 3181 1252 omnino
3228 1198 3562 1251 falsissimus
3604 1213 3809 1249 sensus
3838 1202 3931 1261 est,

2244 1295 2299 1341 et
2328 1289 2520 1341 sensui
2547 1288 2699 1341 beati
2727 1288 3033 1358 Augustini
3065 1293 3258 1357 aperte
3281 1287 3619 1340 contrarius.
3653 1286 3757 1338 Ille
3790 1286 3930 1337 enim

2241 1376 2321 1429 ita
2364 1376 2507 1429 dixit
2556 1376 2645 1444 (de
2692 1375 2943 1429 Prwdcst.
2999 1380 3168 1429 sanet.
3214 1391 3261 1427 c.
3304 1376 3431 1435 10):
3488 1372 3931 1439 iPrazdestinatio

2244 1469 2327 1518 est
2355 1464 2555 1534 gratiae
2590 1465 2935 1534 praeparatio
2963 1481 2974 1517 :
3012 1464 3202 1517 Gratia
3239 1479 3371 1517 vero
3403 1467 3489 1515 est
3522 1464 3642 1532 jam
3694 1462 3823 1532 ipsa
3852 1461 3933 1513 do-

2244 1553 2447 1621 natio.]
2474 1554 2539 1605 Et
2557 1557 2679 1623 post
2706 1554 2919 1623 aliqua,
2950 1558 3012 1605 ut
3043 1552 3425 1622 distingueret
3446 1552 3596 1604 inter
3619 1550 3793 1604 istam
3811 1566 3931 1620 pra}-

2174 1617 2212 1669 Β
2247 1617 2686 1695 destinationem
2714 1617 2933 1711 gratiae,
2969 1658 3118 1712 quae,
3144 1617 3375 1711 proprie
3407 1641 3721 1694 electorum
3748 1617 3854 1704 est,
3886 1646 3933 1690 et

2240 1730 2814 1800 praedestinationem
2842 1729 3225 1783 damnationis
3249 1735 3304 1782 et
3335 1728 3619 1795 vindictae,
3653 1744 3791 1797 qua:
3814 1743 3931 1795 pro-

2242 1820 2365 1889 prie
2426 1824 2510 1872 est
2562 1820 2964 1888 reproborum,
3025 1818 3317 1888 subjunxit
3368 1817 3563 1870 dicens
3605 1802 3756 1886 (cap'.
3823 1816 3931 1879 1οε]Δ

2244 1907 2696 1978 [Praedestinatio
2730 1908 2849 1973 Dei,
2892 1923 3019 1977 quae
3055 1907 3111 1958 in
3168 1908 3319 1960 bono
3354 1911 3453 1967 est,
3488 1905 3689 1974 gratim
3742 1908 3847 1969 est,
3879 1908 3931 1955 ut

2243 1997 2380 2062 dixi,
2408 1996 2751 2066 prmparatio
2778 2013 2790 2049 :
2842 1996 3024 2066 gratia
3057 2012 3188 2049 vero
3231 2001 3316 2048 est
3346 1994 3522 2065 ipsius
3565 1992 3931 2063 praedestina-

2242 2085 2412 2138 tionis
2452 2083 2723 2155 eﬁ'ectus.]
2763 2089 2945 2155 Atque
2994 2084 3073 2138 ita
3124 2085 3405 2137 luculente
3447 2082 3723 2146 ostendit,
3780 2082 3931 2134 aliter

2241 2174 2675 2244 intelligendam
2738 2190 2858 2227 esse
2906 2174 3470 2243 praxdestinatiouem
3526 2172 3642 2233 Dei,
3700 2186 3833 2239 qua:
3878 2170 3929 2221 in

2240 2261 2390 2313 bono
2423 2266 2508 2313 est
2540 2260 2723 2325 bonis,
2759 2260 2811 2312 id
2865 2266 2948 2311 est
2981 2258 3174 2312 electis
3224 2258 3318 2311 ubi
3369 2272 3496 2309 vere
3545 2256 3759 2309 divina!
3808 2270 3931 2323 erga

2240 2366 2335 2403 eos
2362 2350 2562 2420 gratim
2599 2355 2653 2403 et
2684 2349 3049 2419 prmparatio,
3086 2353 3142 2401 et
3192 2349 3365 2417 hujus
3405 2346 3931 2417 prmdestinalionis

2242 2439 2470 2493 effectus
2497 2445 2581 2492 est
2626 2439 2882 2509 ejusdem
2914 2438 3187 2491 divinitus
3218 2441 3552 2506 praeparatae
3584 2435 3787 2505 gratim
3822 2434 3929 2502 jam

2240 2528 2362 2597 ipsa
2393 2528 2663 2582 donatio:
2698 2533 2756 2580 et
2794 2528 2959 2580 aliter
3008 2525 3440 2594 intelligendam
3482 2522 3931 2594 praedestinatio-

2243 2633 2368 2670 nem
2424 2616 2541 2682 Dei,
2578 2632 2703 2686 qum
2751 2617 2809 2668 in
2844 2617 2994 2668 malo
3053 2618 3136 2667 est
3187 2614 3369 2679 malis,
3408 2613 3460 2665 id
3517 2619 3602 2665 est
3652 2610 3926 2681 reprobis,

2241 2722 2370 2775 qua;
2402 2722 2431 2757 e
2458 2705 2743 2757 contrario
2775 2704 2914 2757 nihil
2949 2708 3033 2756 est
3071 2702 3248 2767 aliud,
3296 2702 3403 2754 nisi
3448 2706 3677 2754 aeterna:
3716 2698 3928 2769 praede-

2241 2792 2565 2846 stinatiouis
2599 2794 2711 2861 [al.,
2743 2789 3157 2862 damnationis]
3193 2806 3393 2844 eorum
3426 2790 3775 2859 prmparatio
3804 2807 3818 2845 :
3845 2803 3928 2840 cu-

434 2891 564 2928 rum
595 2892 652 2928 se
701 2891 821 2928 esse
868 2874 1135 2941 decrevit,
1183 2879 1237 2927 et
1280 2879 1495 2927 aiterna
1541 2874 1777 2927 veritate
1828 2873 2128 2942 prmscivit,
2171 2882 2330 2966 ejus
2356 2882 2591 2935 omnino
2623 2882 2856 2935 effectus
2878 2881 3100 2948 esijam
3134 2880 3256 2949 ipsa
3287 2878 3600 2932 damnatio.

435 2968 491 3016 et
538 2966 753 3015 aeterna
800 2961 1025 3031 justitia
1076 2961 1501 3030 praeordinavit,
1573 2977 1636 3014 ac
1689 2960 2011 3030 prmtinivit.
2065 2962 2133 3014 Et

436 3051 648 3103 mirum
678 3050 837 3104 valde
890 3055 993 3116 est,
1028 3049 1316 3119 quomodo
1360 3066 1566 3119 negare
1606 3049 1962 3103 contendunt
1998 3064 2130 3102 eum

435 3145 707 3192 aeternam
741 3139 998 3209 ipsorum
1032 3138 1464 3191 damnationem
1499 3138 1953 3207 prmdestinasse,
1987 3154 2131 3207 quos

428 3229 547 3296 jam
582 3227 650 3279 ab
686 3227 811 3296 ipso
844 3227 1044 3280 mundi
1072 3226 1305 3280 exordio
1336 3242 1465 3279 cum
1503 3228 1718 3295 primus
1736 3226 1906 3279 homo
1933 3242 2129 3293 pecca-

439 3316 539 3383 vit,
571 3320 625 3369 et
655 3332 824 3369 omne
860 3316 1177 3368 humanum
1233 3331 1411 3383 genus
1458 3332 1522 3367 ex
1583 3332 1641 3368 se
1695 3308 2129 3385 propagandum

434 3418 609 3456 unam
651 3419 897 3456 massam
925 3403 1328 3466 damnationis,
1365 3408 1419 3455 et
1450 3403 1788 3472 perditionis
1820 3402 1974 3470 fecit,
2007 3418 2127 3454 ma-

438 3492 644 3544 nifeste
679 3491 869 3544 dicant
898 3492 958 3543 in
997 3491 1196 3543 eadem
1248 3490 1635 3543 damnationis
1690 3495 1745 3543 et
1791 3490 2130 3559 perditionis

434 3595 620 3632 massa
648 3580 802 3648 justo
836 3579 935 3631 Dei
970 3579 1190 3648 judicio
1224 3578 1527 3648 deputatos
1558 3585 1614 3632 et
1635 3579 1957 3632 derelictos.
1983 3577 2130 3641 Quid

440 3672 523 3720 est
549 3668 701 3721 enim
733 3683 917 3720 massa
966 3668 1351 3721 damnationis
1400 3674 1455 3721 et
1504 3668 1842 3739 perditionis
1867 3668 1935 3721 ab
1965 3666 2128 3719 initio

435 3755 637 3809 mundi
666 3755 858 3810 divino
884 3755 1101 3825 judicio
1154 3754 1372 3821 effecta,
1427 3756 1536 3808 nisi
1567 3756 1765 3809 eodem
1812 3756 2002 3809 divino
2026 3754 2127 3823 ju-

436 3843 582 3897 dicio
612 3850 841 3897 internae
865 3844 1226 3896 damnationi
1246 3848 1298 3897 et
1316 3843 1621 3912 perditioni
1648 3843 1930 3896 destinata
1948 3847 2127 3895 ettra-
2152 3856 2163 3871 ·

436 3933 550 3986 dita
577 3934 605 3986 ‘P
637 3933 693 3987 Si
727 3933 877 3985 enim
912 3932 1313 3986 tantummodo
1343 3931 1606 4001 przescita
1637 3936 1720 3985 est
1750 3932 1818 3985 ad
1851 3936 2125 3984 aaternam

436 4025 869 4078 damnationem
914 4030 969 4077 et
1016 4024 1417 4093 perditionem,
1463 4026 1684 4078 nullum
1717 4023 1795 4076 ibi
1827 4024 2014 4077 adhuc
2044 4026 2130 4075 est

433 4113 693 4166 divinum
714 4113 998 4181 judicium
1028 4130 1039 4165 ε
1078 4113 1143 4164 Et
1179 4114 1469 4182 quomodo
1503 4114 1643 4166 tales
1670 4112 1729 4165 in
1760 4128 1946 4165 massa
1974 4112 2129 4165 dam-

431 4295 657 4355 cuntur,
691 4290 736 4341 si
770 4290 827 4341 in
855 4288 959 4340 hac
991 4292 1148 4357 parte
1183 4288 1324 4340 nihil
1359 4288 1544 4341 adhuc
1575 4289 1642 4341 de
1682 4288 1794 4340 illis
1825 4287 2020 4341 divino
2043 4288 2129 4356 ju-

435 4377 581 4431 dicio
614 4383 700 4431 est
734 4377 1034 4430 deﬁnitum
1066 4376 1091 4428 ?
1125 4376 1223 4430 Sin
1250 4381 1465 4444 autem,
1497 4376 1643 4429 sicut
1675 4377 1909 4429 omnino
1954 4375 2124 4429 etiam

432 4482 630 4519 eorum
690 4481 971 4517 consensu
1000 4468 1053 4517 et
1118 4465 1471 4519 confessione
1556 4482 1755 4519 verum
1828 4470 1930 4532 est,
2005 4465 2128 4518 haec

430 4569 615 4606 massa
645 4569 759 4605 non
791 4554 973 4606 solum
1021 4552 1283 4621 prmscita
1332 4558 1434 4618 est,
1484 4553 1582 4607 sed
1621 4553 1793 4607 etiam
1838 4553 2119 4623 judicata,

430 4641 568 4713 quid
601 4641 754 4694 aliud
790 4642 1032 4711 intelligi
1068 4646 1269 4711 potest,
1307 4642 1415 4695 nisi
1467 4642 1703 4695 omnino
1748 4643 1818 4695 ad
1861 4643 2118 4695 eamdem

430 4730 883 4796 damnationem,
933 4736 989 4783 et
1029 4730 1411 4799 perditionem
1466 4731 1910 4800 praedestinata?
1962 4730 2124 4793 Quod

428 4820 582 4872 enim
630 4835 780 4885 vere,
832 4824 889 4871 et
941 4818 1136 4872 divina
1186 4820 1545 4887 prmscientiu
1594 4820 2031 4889 praecognitum,
2070 4823 2126 4872 et

425 4907 617 4962 divino
660 4906 874 4977 judicio
926 4910 1009 4958 est
1075 4906 1388 4971 decretum,
1457 4912 1677 4961 constat
1724 4906 1957 4960 omnino
2003 4922 2123 4959 esse

427 4995 922 5064 prmdestinatum.

1058 5114 1281 5170 CAPUT
1320 5114 1499 5169 XXIX.

678 5219 1089 5273 Praedestinatio
1128 5220 1203 5274 ad
1232 5222 1434 5274 malum
1466 5237 1571 5274 non
1601 5224 1869 5289 competit.

498 5346 658 5410 Quod
688 5359 820 5398 vero
848 5344 1146 5414 subjungit
1189 5345 1435 5415 scriptor
1467 5344 1747 5415 epistolae,
1783 5367 1804 5393 ι
1838 5346 1974 5414 quia
2005 5362 2118 5407 eos,

427 5435 525 5503 qui
557 5434 794 5503 perituri
826 5438 1007 5499 erant,
1041 5433 1544 5503 praedestinatione
1596 5451 1695 5487 sua
1732 5436 1899 5500 Deus,
1952 5435 2006 5488 id
2034 5440 2120 5488 est

2311 2971 2391 3023 Ita
2420 2970 2757 3023 venerabilis
2797 2971 2993 3023 doctor
3051 2974 3324 3021 aeternam
3367 2965 3929 3037 prmdestinationem

2243 3061 2340 3113 Dei
2372 3060 2431 3112 in
2467 3065 2773 3128 utrumque
2816 3058 3127 3124 distribuit,
3164 3064 3224 3110 ut
3269 3062 3324 3110 et
3355 3056 3413 3109 in
3453 3056 3607 3109 bono
3652 3055 3729 3107 sit
3778 3054 3930 3106 bonis

2240 3153 2294 3200 et
2324 3148 2385 3200 in
2416 3148 2568 3201 malo
2603 3147 2793 3200 malis:
2825 3147 2963 3201 dum
3008 3151 3064 3199 et
3112 3146 3223 3198 illis
3253 3161 3357 3214 per
3404 3160 3529 3197 eam
3564 3147 3785 3195 interna
3812 3157 3929 3211 gra-

2240 3235 2337 3299 tia,
2372 3239 2428 3288 et
2459 3235 2583 3288 istis
2615 3252 2716 3305 per
2748 3251 2873 3287 eam
2898 3239 3112 3288 mterno
3138 3233 3237 3287 Dei
3266 3233 3499 3285 consilio
3532 3237 3753 3284 interna
3786 3232 3931 3283 dam-

2238 3324 2394 3378 natio
2430 3328 2804 3393 przeparatur.
2844 3323 3003 3378 Unde
3052 3327 3110 3375 et
3152 3322 3299 3391 quod
3334 3321 3535 3373 beatus
3579 3321 3833 3388 Prosper
3867 3319 3932 3371 di-

2240 3412 2346 3465 cit:
2386 3412 2537 3480 [Non
2593 3416 2678 3464 est
2736 3410 3186 3479 prmdestinalio,
3238 3409 3348 3461 nisi
3404 3408 3557 3478 quod
3592 3409 3663 3461 ad
3718 3409 3927 3461 donum

2238 3499 2486 3568 pertinet
2516 3498 2733 3567 gratim,
2785 3502 2884 3550 aut
2927 3496 2998 3549 ad
3041 3496 3476 3550 retributionem
3524 3494 3811 3565 justitiam]
3861 3496 3929 3546 ita

2241 3588 2478 3640 omnino
2512 3586 2826 3639 rectissime
2858 3584 3294 3654 intelligendum
3326 3590 3429 3649 est,
3468 3588 3529 3636 ut
3561 3584 3758 3636 divina
3791 3570 3957 3653 prae?

2238 3674 2541 3729 destinatio
2568 3690 2683 3727 non
2716 3674 2795 3726 ita
2835 3672 3101 3726 credatur
3132 3673 3302 3726 alicui
3334 3688 3454 3725 esse
3500 3672 3558 3724 in
3604 3672 3845 3737 malum,
3877 3674 3930 3722 ut

2239 3779 2369 3817 eum
2416 3762 2629 3815 malum
2683 3778 2804 3815 esse
2849 3762 3177 3830 compellat,
3229 3761 3379 3830 quod
3429 3760 3596 3823 absit,
3644 3760 3745 3813 sed
3786 3758 3927 3829 quod

2237 3852 2525 3917 omnibus,
2558 3856 2612 3904 et
2651 3850 2841 3903 electis
2872 3854 2927 3903 et
2975 3850 3234 3918 reprohis
3266 3850 3353 3902 vel
3399 3849 3469 3901 ad
3520 3850 3741 3901 donum
3775 3847 3930 3917 perti-

2238 3946 2371 3995 neat
2389 3939 2607 4009 gratiae,
2642 3938 2727 4011 vel
2760 3938 2829 3991 ad
2864 3937 3302 3990 retributionem
3325 3936 3565 4007 justitia;
3588 3953 3600 3989 :
3623 3937 3691 3990 ad
3715 3937 3926 3989 donum

2238 4028 2435 4098 gratiae
2470 4026 2679 4092 electis,
2708 4031 2765 4079 et
2796 4026 2861 4079 ad
2896 4026 3330 4079 retributionem
3353 4024 3589 4095 justitia:
3633 4026 3921 4094 reprobis:

2239 4117 2375 4169 dum
2403 4120 2458 4169 et
2489 4115 2651 4169 electi
2678 4114 2861 4185 gratia
2892 4114 3203 4181 salvantur,
3238 4119 3294 4167 et
3325 4112 3551 4183 reprobi
3575 4113 3803 4181 justitia
3831 4130 3922 4183 pu-

340 4235 349 4239 -
434 4201 703 4265 nationis,
731 4205 786 4253 et
817 4200 1158 4269 perditionis
1201 4200 1393 4253 divino
1416 4201 1630 4269 judicio
1662 4199 1843 4253 relicti
1885 4215 2004 4253 esse
2038 4200 2122 4252 di-
2164 4206 2207 4259 D
2242 4206 2500 4258 niuntur.
2535 4204 2645 4257 Iste
2678 4208 2761 4255 est
2791 4202 2945 4256 enim
2977 4202 3347 4270 plenissimus
3379 4209 3433 4255 et
3482 4203 3815 4255 verissimus
3854 4201 3925 4254 di-

2235 4293 2380 4345 vinae
2426 4290 2947 4361 praedestinationis
2977 4290 3208 4344 effectus
3239 4308 3353 4343 non
3388 4290 3788 4343 tantummodo
3818 4291 3922 4342 ele-

2236 4387 2351 4434 ctos
2392 4380 2789 4450 prmordinans
2840 4379 2910 4432 ad
2958 4385 3231 4433 teternam
3283 4381 3566 4449 gloriam;
3620 4380 3717 4432 sed
3760 4380 3923 4431 etiam

2234 4468 2508 4537 reprobos
2553 4466 2947 4536 praeordinans
2988 4466 3056 4519 ad
3088 4472 3362 4520 aeternam
3409 4483 3661 4536 pienam.
3698 4466 3791 4519 Sic
3836 4467 3926 4518 ita-

2235 4572 2346 4626 que
2377 4556 2574 4609 beatus
2607 4558 2849 4625 Prosper
2881 4571 3009 4609 cum
3040 4557 3261 4608 caeteris
3308 4554 3638 4607 orthodoxis
3674 4553 3923 4607 Patribus

2234 4644 2444 4697 sensit:
2484 4645 2547 4696 Et
2594 4660 2721 4697 cum
2791 4644 2955 4697 beato
3006 4642 3218 4695 scilicet
3280 4643 3601 4711 Augustino
3651 4643 3815 4710 cujus
3861 4641 3922 4693 de

2233 4730 2735 4801 praedestinatioue
2795 4730 2987 4783 divina
3032 4746 3149 4782 non
3203 4730 3483 4783 fallaciter
3531 4729 3629 4782 sed
3683 4729 3923 4781 ﬁdeliter

2233 4818 2403 4871 verba
2434 4818 2598 4888 ponit
2638 4824 2806 4888 atque
2840 4817 3089 4888 exponit,
3143 4822 3197 4870 et
3244 4834 3372 4871 cum
3407 4817 3554 4881 aliis,
3591 4817 3691 4887 qui
3722 4818 3793 4870 de
3830 4832 3920 4869 ea-

2234 4908 2362 4960 dem
2396 4907 2506 4960 ﬁde
2538 4912 2705 4977 atque
2738 4907 2936 4960 eodem
2975 4922 3140 4959 sensu
3185 4906 3363 4975 ipsius
3393 4906 3601 4960 divinae
3632 4904 3919 4976 praedestio

2232 4995 2479 5048 nationis
2547 4994 2901 5049 immobilem
2965 4995 3283 5061 veritatem,
3341 5001 3395 5048 et
3454 4996 3787 5065 aequitatem
3866 4993 3919 5045 in

2232 5088 2534 5152 utramque
2579 5088 2822 5153 partem,
2855 5088 2911 5135 et
2942 5083 3257 5136 electorum
3302 5083 3585 5149 videlicet,
3640 5089 3695 5137 et
3726 5098 3919 5152 repro-

2228 5171 2437 5224 borum
2470 5171 2741 5224 veraciter
2783 5171 3210 5237 intellexerunt,
3246 5175 3302 5224 et
3338 5170 3668 5225 ﬁrmissime
3699 5171 3918 5226 deﬁnie-

2230 5264 2383 5312 runt.
2418 5259 2577 5322 Quod
2609 5259 2655 5312 si
2689 5260 2929 5329 scriptor
2958 5260 3219 5330 epistolae
3251 5276 3345 5313 eos
3377 5261 3777 5314 tantummodo
3817 5275 3917 5330 pu-

2228 5352 2310 5401 tat
2343 5348 2708 5413 orthodoxos,
2740 5347 2837 5419 qui
2886 5348 2947 5401 in
2993 5349 3359 5402 damnatione
3406 5350 3783 5419 reproborum
3836 5348 3915 5401 di-

2229 5436 2417 5489 vinam
2452 5436 2814 5490 solummodo
2846 5436 3289 5506 prmscientiam,
3322 5441 3377 5489 et
3422 5452 3538 5490 non
3569 5437 3738 5492 etiam
3774 5452 3915 5508 prie-
