4048 6170
163 213 301 265 1037

1389 204 1588 259 LIBER
1635 204 1724 259 DE
1765 200 2012 257 TRIBUS
2052 199 2427 258 EPISTOLIS.

3528 208 3660 260 1038

158 343 610 397 destinationem
647 340 887 394 credunt
918 357 930 393 :
966 356 1100 410 ergo
1124 343 1179 392 et
1202 339 1429 392 beatum
1452 337 1862 408 Augustinum,
1902 338 1948 388 Α
1979 342 2109 390 sunt
2141 337 2559 406 praedestinatas
2579 336 2605 389 7
2623 339 2686 390 Et
2710 336 2754 389 si
2775 342 2993 391 certum
3020 344 3105 391 est
3124 341 3275 408 apud
3298 342 3660 412 omnipoten-

158 436 218 485 et
250 432 485 485 beatum
534 430 919 499 Fulgentium,
973 434 1027 481 et
1059 428 1239 497 ipsam
1290 426 1421 480 fidei
1470 426 1859 479 ecclesiasticae

160 518 570 573 solidissimam
607 518 903 570 veritatem
951 516 1204 569 haeretici
1250 516 1459 568 erroris
1495 514 1860 568 denotatione

158 607 446 671 infamat;
478 609 533 657 et
579 604 645 657 ad
689 608 914 656 tantum
961 604 1174 655 malum
1211 602 1329 655 haec
1370 602 1681 671 pertinacia
1725 618 1860 654 con-

163 692 448 747 tentionis
480 691 757 761 perducta
785 696 887 756 est,
918 696 978 743 ut
1022 690 1191 760 (quod
1238 706 1407 742 nemo
1449 690 1620 760 digne
1673 690 1861 743 dolere

160 786 375 853 potest)
410 780 531 849 jam
564 778 713 848 apud
748 779 893 844 illos,
924 778 1021 849 qui
1043 794 1213 847 prave
1245 778 1516 842 sentiunt,
1540 777 1859 843 orthodoxi,

160 876 221 923 et
254 869 355 940 qui
384 868 695 922 orthodoxe
727 866 976 937 sapiunt,
1008 866 1258 919 haeretici
1285 866 1647 936 deputentur.
1699 865 1863 928 Quod

160 960 390 1012 malum
416 956 780 1010 vehementer
810 955 974 1009 nobis
1005 954 1316 1009 cavendum
1344 955 1623 1025 propheta
1645 954 1865 1007 denun-

160 1049 294 1113 tiat,
333 1048 525 1100 dicens
560 1062 571 1099 :
610 1068 628 1093 α
666 1046 758 1097 ναξ
792 1046 891 1115 qui
932 1044 1118 1097 dicitis
1163 1044 1377 1097 malum
1419 1044 1651 1105 bonum.
1693 1048 1746 1096 et
1772 1044 1867 1096 bo-

165 1152 314 1189 num
348 1135 583 1197 malum,
628 1139 906 1203 ponentes
936 1132 1200 1187 tenebras
1232 1132 1438 1198 lucem,
1482 1136 1534 1185 et
1576 1133 1759 1185 lucem
1797 1137 1868 1184 te-

164 1224 403 1287 nebras,
436 1228 713 1293 ponentes
744 1236 1002 1275 amarum
1035 1220 1093 1274 in
1118 1220 1311 1287 dulce;
1339 1225 1392 1273 et
1414 1220 1596 1286 dulce,
1631 1220 1688 1273 in
1711 1236 1866 1272 ama—

167 1329 303 1366 rum
340 1312 469 1382 (Isa.
506 1330 557 1378 γ,
583 1313 693 1381 20).
730 1333 755 1357 ››

814 1398 1038 1453 CAPUT
1082 1398 1225 1450 XXX.

323 1510 389 1562 Ut
419 1509 578 1561 malis
600 1506 1004 1575 predestinalz
1042 1519 1227 1572 pwnae,
1265 1506 1338 1557 sic
1368 1504 1501 1556 mali
1530 1505 1721 1572 pomis.

242 1614 515 1685 Sequitur
543 1615 673 1682 post.
696 1612 817 1665 haec
845 1611 907 1664 in
937 1610 1136 1663 eadem
1160 1609 1549 1679 responsione.

864 1733 1183 1770 HINCMARUS.

248 1849 277 1875 ‹‹
314 1827 436 1891 Qua
470 1825 538 1879 de
569 1840 630 1877 re
663 1823 958 1894 refugiunt
981 1822 1167 1876 dicere
1200 1821 1321 1892 qui,
1364 1825 1429 1874 ut
1469 1821 1733 1886 diximus,
1789 1837 1871 1873 sa-

168 1931 320 1969 num
349 1914 615 1967 videntur
642 1928 859 1983 sapere,
884 1910 1163 1982 quosdam
1204 1910 1638 1980 praedestinatos
1672 1926 1702 1962 a
1757 1910 1871 1962 Deo

172 2020 304 2056 esse
340 2004 407 2055 ad
440 2002 759 2067 interitum,
793 2002 890 2053 sed
923 1998 1323 2052 tantummodo
1374 1998 1664 2068 prrescitos
1698 2013 1710 2050 :
1758 1997 1872 2049 ele-

174 2096 302 2145 ctos
355 2096 569 2156 autem,
628 2096 679 2143 et
714 2088 1025 2159 praescitos,
1074 2092 1130 2140 et
1175 2087 1610 2155 praedestinatos
1650 2102 1768 2138 esse
1803 2086 1874 2138 ad

174 2196 450 2251 regnum,
483 2185 537 2232 et
569 2194 809 2247 regnum
853 2177 963 2229 illis
986 2178 1071 2245 (ut
1102 2175 1369 2243 diximus)
1409 2174 1873 2245 praedestinatum

176 2276 468 2323 aeternum
502 2268 570 2320 de
627 2266 835 2335 quibus
884 2265 1077 2317 nullus
1124 2268 1312 2332 potest
1365 2264 1572 2333 perire.
1618 2263 1684 2316 Et
1730 2262 1878 2316 sicut

177 2362 319 2411 sunt
342 2354 734 2427 prmdestinati
757 2354 940 2423 gratia
966 2352 1064 2406 Dei
1086 2353 1151 2405 ad
1180 2368 1440 2421 regnum.
1474 2352 1546 2404 ita
1577 2355 1708 2404 sunt
1731 2367 1875 2421 pras-

179 2445 456 2500 destinati
505 2443 814 2496 secundum
868 2442 1226 2510 Apostolum,
1267 2443 1325 2492 in
1371 2440 1639 2509 operibus
1689 2440 1874 2501 bonis,

178 2535 241 2587 in
271 2533 483 2604 quibus
514 2531 873 2584 ambularent
900 2530 1075 2598 (Eph.
1119 2545 1175 2591 ll,
1238 2528 1355 2595 10);
1408 2544 1509 2597 pro
1545 2527 1751 2597 quibus
1798 2528 1878 2579 eis

180 2638 305 2676 non
332 2620 517 2674 solum
549 2618 731 2689 gratia
758 2618 944 2680 detur,
984 2616 1080 2669 sed
1114 2622 1170 2668 et
1199 2616 1381 2685 gratia
1409 2632 1646 2685 regnum
1686 2616 1881 2669 redda-

178 2718 283 2765 tur
322 2714 623 2763 aeternum.
673 2708 905 2759 Posnam
937 2709 1127 2757 autem
1162 2704 1358 2757 dicunt
1408 2705 1465 2756 in
1522 2703 1877 2769 inﬁdelitate,

180 2801 272 2852 vel
310 2797 613 2868 iniquitate
647 2793 1142 2865 perseverantil‘ius
1191 2809 1220 2845 a
1253 2794 1366 2846 Deo
1418 2792 1879 2861 praedestinatum

182 2887 504 2941 secundum
562 2885 812 2939 divinam
846 2881 1314 2951 ‘praescientiam,
1401 2881 1543 2932 sicut
1604 2881 1878 2949 scriptum

183 2982 272 3030 est
302 2977 358 3028 in
392 2974 670 3045 propheta
703 2990 715 3026 :
768 2994 795 3021 ‹‹
845 2972 1169 3040 Praeparata
1225 2974 1307 3022 est
1347 2969 1416 3022 ab
1446 2968 1570 3021 heri
1625 2968 1885 3037 Tupheth

182 3067 330 3136 (Isa.
372 3080 503 3129 xxx,
537 3064 648 3131 33),
692 3084 710 3109 ι
763 3060 897 3130 quia
926 3060 1031 3113 hoc
1063 3058 1131 3112 ad
1182 3057 1618 3111 retributionem
1646 3056 1881 3126 justitiae

180 3155 465 3225 pertinet,
498 3152 640 3204 sicut
668 3150 919 3221 pertinet
939 3148 1007 3202 ad
1042 3147 1305 3218 gratiam,
1332 3151 1392 3199 ut
1422 3162 1485 3199 ex
1508 3162 1621 3198 una
1656 3146 1883 3199 eadem-

184 3258 303 3314 que
340 3258 525 3294 massa
556 3238 771 3310 peccati
818 3237 1000 3309 gratia
1061 3235 1226 3290 electi
1268 3235 1751 3304 prmdestinentur
1817 3235 1886 3288 ad

184 3333 388 3397 vitam,
448 3329 824 3383 concordante
870 3342 1001 3379 cum
1057 3326 1163 3379 hoc
1221 3324 1545 3394 evangelica
1601 3324 1883 3378 veritate:

189 3443 214 3470 ι
252 3422 356 3487 Ite,
388 3419 597 3490 inquit,
631 3416 938 3483 maledicti,
964 3415 1023 3468 in
1054 3414 1246 3485 ignem
1280 3417 1579 3478 mternum,
1635 3411 1735 3482 qui
1780 3427 1887 3480 pa-

186 3515 349 3563 ratus
381 3514 467 3563 est
492 3506 719 3562 diabolo
753 3509 807 3558 et
838 3504 1053 3574 angelis
1083 3502 1205 3572 ejus
1244 3501 1463 3571 (Matth.
1523 3516 1649 3567 xxv,
1709 3498 1822 3569 41).
1862 3519 1882 3546 ι

886 3625 1175 3663 RESPONSIO
1188 3650 1197 3659 .

265 3706 629 3769 Quaesumus,
669 3716 799 3772 qua:
833 3704 917 3753 est
948 3698 1057 3751 ista
1089 3714 1200 3762 res,
1235 3712 1365 3767 quae
1408 3712 1577 3749 causa
1600 3695 1687 3748 vel
1721 3694 1885 3759 ratio,

190 3812 297 3866 pro
343 3810 459 3864 qua
501 3792 592 3845 isti
642 3790 933 3860 refugiunt
962 3786 1529 3857 praedestinationem
1572 3784 1670 3838 Dei
1703 3783 1890 3837 dicere

190 3886 253 3938 in
286 3881 658 3937 damnatione
692 3874 1107 3948 reproborum?
1143 3874 1414 3944 Nunquid
1445 3875 1564 3927 haec
1606 3887 1740 3941 erga
1763 3871 1891 3924 illos

192 3973 390 4027 divina
424 3966 850 4040 praedestinatio
885 3980 998 4019 non
1037 3970 1122 4017 est
1154 3963 1329 4032 justa,
1363 3978 1513 4032 quae,
1558 3977 1701 4031 quos
1752 3976 1893 4030 pra}-

194 4061 361 4116 scivit
416 4060 477 4112 in
524 4055 927 4126 iniquitatibus
980 4068 1408 4123 permansuros,
1470 4049 1894 4120 praedestinavit

193 4148 429 4204 aeternis
461 4144 754 4216 suppliciis
785 4142 1093 4214 perituros.
1148 4139 1415 4210 Nunquid
1462 4154 1578 4192 non
1606 4143 1690 4192 est
1740 4154 1891 4201 vera,

192 4255 328 4311 quae
366 4236 476 4289 nisi
506 4236 841 4288 decerneret
880 4237 996 4284 tam
1017 4232 1238 4300 justum
1268 4244 1411 4297 opus
1447 4226 1544 4280 Dei
1585 4226 1642 4279 in
1674 4224 1893 4278 {eterni-
1935 4219 1977 4272 D

191 4334 344 4394 tate,
377 4340 670 4394 nunquam
704 4319 933 4390 impleri
963 4322 1152 4389 posset
1186 4317 1243 4369 in
1278 4314 1577 4384 tempore?
1626 4313 1894 4383 Nunquid

192 4432 319 4471 non
353 4418 437 4466 est
467 4430 498 4465 a
530 4410 735 4463 sanctis
790 4408 1048 4462 Patribus
1097 4405 1420 4475 prazdicata,
1456 4408 1510 4457 et
1553 4402 1623 4456 ab
1656 4401 1897 4454 Ecclesia

192 4501 483 4558 catholica
512 4500 772 4567 recepta?
818 4496 962 4559 Quid
1000 4511 1136 4565 ergo
1183 4510 1365 4547 causa:
1399 4497 1501 4558 est,
1540 4496 1600 4545 ut
1648 4490 1895 4559 refugia-

194 4607 335 4646 mus
368 4588 598 4642 credere
629 4584 783 4655 quod
806 4584 943 4636 ﬁdes
964 4586 1140 4648 tenet,
1165 4580 1516 4650 refugiamus
1540 4578 1726 4631 dicere
1746 4577 1901 4646 quod

195 4679 418 4733 veritas
448 4676 647 4730 docet?
677 4672 946 4742 Nunquid
978 4687 1093 4725 non
1123 4669 1295 4723 etiam
1327 4668 1457 4738 ipsi,
1479 4666 1578 4736 qui
1604 4666 1725 4719 haec
1755 4665 1903 4718 refu-

198 4768 398 4839 giuut,
425 4766 545 4832 jam
573 4779 771 4817 omnes
802 4760 1079 4829 reprobos
1102 4758 1170 4811 ab
1202 4758 1327 4827 ipso
1359 4755 1558 4809 mundi
1582 4753 1815 4808 exordio
1841 4752 1900 4805 in

199 4870 399 4909 massa
459 4849 842 4904 damnationis
893 4852 949 4899 et
992 4844 1327 4916 perditionis
1383 4847 1644 4897 asserunt
1702 4840 1904 4894 dereli-

199 4949 333 4997 ctos
354 4942 382 4995 ?
415 4940 572 5003 Quod
609 4937 746 5008 quid
778 4940 860 4990 est
891 4935 1043 4987 aliud
1075 4936 1161 5002 (ut
1183 4949 1354 5003 supra
1386 4930 1762 4995 ostendimus)
1797 4926 1907 4981 nisi

202 5038 443 5086 aeternae
476 5024 852 5091 damnationi,
870 5028 924 5076 et
944 5022 1250 5093 perditioni
1276 5016 1778 5091 praasdestinatos?
1798 5019 1910 5070 Aut

205 5136 329 5192 qua
365 5118 583 5171 ratione
615 5114 725 5168 dici
757 5118 944 5183 potest
974 5110 1123 5181 quod
1171 5109 1263 5162 isti
1304 5114 1421 5161 tam
1458 5106 1765 5176 multiplici
1796 5119 1910 5157 ser-

206 5222 390 5264 mone
438 5205 666 5258 ﬁrmare
699 5205 997 5266 conantur,
1053 5198 1267 5268 iniquis
1310 5201 1364 5249 et
1418 5196 1610 5264 impiis
1652 5194 1713 5247 in
1749 5194 1911 5247 malis

208 5296 335 5350 suis
366 5290 812 5363 perseveraturis
844 5304 1042 5359 poenas
1071 5302 1105 5339 a
1136 5287 1248 5339 Deo
1308 5300 1424 5338 esse
1455 5283 1907 5353 praedestinatas,

208 5386 375 5456 ipsos
402 5397 535 5435 vero
591 5396 706 5433 non
747 5395 869 5432 esse
896 5374 1333 5447 praedestinatos
1373 5372 1597 5443 pomis?
1626 5371 1765 5425 Cum
1799 5369 1910 5423 nti-

211 5489 333 5545 que
367 5487 485 5525 non
516 5468 633 5533 alii,
670 5468 767 5522 sed
787 5467 871 5521 illi
903 5464 1143 5519 omnino
1174 5480 1268 5517 eas
1294 5461 1515 5533 passuri
1545 5460 1679 5527 sint,
1708 5458 1916 5530 quibus

1971 430 2084 479 tem
2117 427 2316 494 Deum,
2352 426 2449 496 qui
2480 443 2572 479 eas
2605 426 2718 479 sint
2747 428 2992 496 passuri,
3016 427 3136 480 sine
3167 428 3342 484 dubio
3374 436 3430 484 et
3459 432 3659 487 decre-

1970 519 2092 567 tum
2126 519 2181 567 et
2213 515 2515 568 detinitum
2550 518 2620 568 sit
2651 514 2803 584 ipsos
2831 532 2949 568 esse
2984 532 3270 585 passuros.
3305 518 3457 572 Sicut
3506 520 3660 576 enim

1971 607 2152 655 certas
2176 619 2372 673 poenas
2398 603 2477 656 eis
2501 604 2600 673 qui
2629 603 2785 672 digni
2819 608 2953 656 sunt
2975 604 3418 674 praedestinavit,
3446 607 3527 661 ita
3549 626 3663 663 cer-

1971 688 2187 742 tissime
2218 690 2442 744 eosdem
2473 691 2607 761 quia
2637 691 2963 759 diguisunt,
2998 692 3134 761 ipsis
3155 693 3338 763 poenis
3368 696 3661 764 praedesti-

1972 777 2145 830 navit.
2183 778 2334 832 Sicut
2364 793 2492 832 vero
2534 779 2780 848 injustus
2810 796 2923 832 non
2952 785 3035 833 est
3065 780 3254 851 dignis
3284 786 3664 853 praeparando

1972 881 2188 933 poenas,
2205 866 2283 919 sic
2296 867 2495 936 procul
2510 866 2715 936 dubioj
2728 871 2884 920 ustus
2898 873 2981 921 est
2994 868 3197 937 dignos
3217 872 3661 939 prmordinando

1972 953 2181 1021 pi’enis.
2222 954 2537 1024 Utrumque
2561 970 2697 1022 ergo
2730 954 3080 1023 praescitum,
3106 962 3413 1027 utrumque
3446 958 3664 1028 praede-

1976 1041 2269 1107 stinatum,
2318 1042 2452 1112 quia
2499 1048 2809 1112 utrumque
2852 1043 3069 1112 justum
3117 1046 3415 1099 manifesta
3460 1047 3666 1100 veritas

1976 1127 2242 1182 declarat.
2295 1130 2405 1182 Nec
2457 1130 2853 1183 necessitatem
2904 1131 2983 1184 eis
3036 1132 3315 1200 pereundi
3369 1150 3470 1187 sua
3527 1150 3668 1205 prae-

1977 1216 2209 1271 scientia
2238 1218 2321 1270 vel
2356 1218 2858 1287 praedestinatione
2890 1218 3161 1290 imponit,
3194 1236 3335 1290 quos
3367 1227 3421 1275 et
3454 1223 3572 1287 diu,
3606 1227 3671 1275 ut

1977 1312 2467 1373 converterentur,
2509 1308 2851 1376 exspectavit
2890 1322 2900 1360 :
2937 1314 2993 1362 et
3020 1308 3157 1378 quia
3193 1309 3446 1363 converti
3477 1311 3670 1364 nolue-

1978 1398 2131 1459 runt,
2159 1394 2308 1462 justa
2342 1395 2559 1449 ultione
2593 1396 2902 1449 damnavit.

2602 1518 2823 1571 CAPUT
2860 1518 3049 1571 XXXI.

2194 1622 2278 1676 De
2302 1624 2565 1675 sententia
2606 1622 2672 1675 Β.
2711 1624 2857 1676 Petri
2888 1640 2899 1675 :
2936 1623 3098 1676 Novit
3148 1624 3315 1691 Deus,
3352 1632 3453 1678 etc.

2051 1726 2320 1797 Sequitur
2352 1727 2409 1780 in
2441 1727 2641 1780 eadem
2676 1727 3067 1796 responsione.

2664 1849 2989 1888 HINCMABUS.

2052 1957 2076 1989 α
2107 1938 2265 2002 Quod
2296 1944 2350 1992 et
2381 1939 2581 1993 beatus
2616 1941 2817 1993 Petrus
2850 1941 2908 1993 in
2962 1940 3209 2011 Epistola
3257 1957 3358 1995 sua
3411 1942 3674 1997 distincte

1984 2026 2244 2097 loquens,
2280 2028 2631 2082 demonstrat
2662 2044 2791 2081 cum
2828 2029 2963 2081 dicit
2994 2045 3005 2081 :
3066 2051 3091 2077 ‹‹
3130 2030 3297 2083 Novit
3357 2032 3502 2083 Deus
3549 2032 3675 2101 pios

1982 2116 2050 2168 de
2078 2116 2392 2170 tentatione
2430 2117 2673 2186 eripere,
2736 2116 2965 2188 iniquos
3014 2122 3206 2171 autem
3254 2119 3312 2171 in
3344 2119 3433 2172 die
3473 2120 3679 2189 judicii

1982 2205 2322 2258 cruciandos
2354 2221 2643 2259 reservare
2672 2204 2749 2274 (II
2800 2208 2943 2259 Petr.
2996 2222 3055 2273 ii,
3098 2206 3173 2272 9).
3212 2226 3238 2256 ι)
3274 2207 3439 2260 Novit
3494 2208 3670 2274 enim,

1985 2293 2229 2346 verbum
2261 2293 2635 2364 praescientize
2667 2293 2787 2361 Dei,
2822 2294 2890 2347 ad
2924 2294 3190 2347 universa
3238 2296 3357 2348 haec
3414 2295 3565 2361 facit,
3597 2298 3677 2349 vi-

1983 2381 2208 2447 delicet,
2245 2387 2300 2436 et
2330 2383 2398 2435 ad
2430 2382 2997 2451 praedestinationem
3048 2384 3297 2453 piorum,
3350 2401 3476 2454 quin
3508 2385 3680 2437 verbo

1988 2470 2301 2540 ereptionis
2357 2472 2637 2537 innuitur,
2709 2476 2765 2524 et
2818 2472 2890 2524 ad
2957 2472 3435 2541 significationem
3494 2489 3679 2543 paena:

1987 2558 2426 2628 priedestinatas,
2458 2575 2588 2612 cum
2621 2559 2680 2611 in
2724 2559 2840 2611 tine
2872 2560 3208 2613 cruciandos
3262 2561 3469 2630 impios
3496 2542 3680 2615 imon-v

1990 2652 2150 2711 strat,
2185 2648 2416 2717 quando
2466 2668 2493 2694 «
2546 2647 2746 2700 reddet
2795 2647 3105 2717 unicuique
3150 2650 3461 2703 secundum
3509 2666 3684 2719 opera

1990 2752 2091 2788 sua
2121 2737 2293 2800 (Rom.
2334 2751 2394 2802 ll,
2428 2738 2501 2804 6).
2537 2755 2563 2786 »ι
2608 2737 2672 2789 Et
2711 2736 2779 2789 ad
2815 2736 3239 2802 discretionem,
3273 2753 3403 2790 cum
3452 2738 3683 2808 iniquos

1993 2839 2105 2876 non
2136 2824 2274 2876 dicit
2326 2825 2628 2877 Dominum
2660 2824 2729 2877 ad
2780 2840 3079 2893 poenarum
3122 2825 3403 2878 cruciatus
3452 2827 3682 2895 praede-

1923 2926 1963 2980 ρ
1992 2910 2225 2977 stinare,
2260 2912 2353 2964 sed
2382 2912 2532 2980 juste
2576 2913 2834 2965 desertos
2883 2912 3217 2965 cruciandos
3268 2929 3573 2966 reservare.
3617 2913 3687 2967 Et

1993 3003 2186 3067 aperte
2238 3004 2588 3052 monstratur
2633 2998 2771 3068 quia
2821 3000 3179 3069 praescientia
3234 3000 3355 3054 sine
3401 2999 3687 3070 praedesti-

1997 3087 2226 3140 natione
2275 3104 2394 3141 esse
2423 3092 2632 3157 potest,
2670 3088 3092 3157 praedestinatio
3136 3094 3325 3141 autem
3374 3089 3495 3142 sine
3534 3106 3683 3159 prae-

1995 3175 2228 3229 scientia
2259 3191 2378 3229 esse
2421 3192 2534 3229 non
2568 3182 2773 3244 potest.
2831 3176 3108 3238 Quocirca
3159 3178 3278 3229 sola
3326 3176 3689 3246 praescientia

1993 3264 2146 3334 viget
2189 3264 2248 3317 in
2300 3263 2579 3334 reprobis,
2630 3264 2685 3316 in
2721 3264 2929 3333 quibus
2979 3263 3369 3333 misericordia
3410 3266 3563 3335 juste
3603 3264 3687 3318 nil

1996 3356 2266 3424 operatur
2317 3353 2387 3406 ad
2432 3352 2649 3406 donum
2698 3354 2932 3422 gratiae;
2988 3353 3345 3423 praescientia
3394 3359 3584 3407 autem
3633 3356 3689 3408 et

1996 3441 2441 3512 praedestinatio,
2474 3441 2531 3495 id
2581 3448 2666 3495 est
2693 3442 2890 3510 gratiae
2942 3442 3306 3511 praeparatio,
3358 3441 3686 3496 misericor-

1999 3532 2144 3585 diter
2186 3536 2500 3601 operantur
2558 3532 2613 3583 in
2666 3530 2880 3595 electis,
2935 3534 3034 3600 qui
3086 3530 3569 3600 praedestinantur
3619 3531 3688 3584 ad

2000 3636 2241 3687 regnum
2274 3625 2331 3672 et
2361 3620 2568 3689 quibus
2615 3635 2859 3688 regnum
2902 3620 3345 3688 prtedestinatur
3385 3622 3689 3685 aeternum,

1999 3708 2149 3778 quod
2183 3708 2249 3761 ad
2293 3708 2506 3761 donum
2565 3709 2815 3777 pertinet
2872 3708 3100 3775 gratiae;
3136 3712 3190 3759 et
3220 3707 3577 3776 prwscientia
3615 3708 3692 3760 si-

2001 3798 2119 3850 mul
2164 3802 2219 3849 et
2268 3794 2696 3865 praedestinatio
2746 3811 2908 3865 teque
2951 3794 3350 3863 acjustissime
3383 3800 3694 3864 operantur

2000 3884 2058 3936 in
2093 3882 2598 3953 praedestinatione
2633 3899 2817 3952 pasnaa
2854 3882 3254 3951 reproborum,
3288 3898 3415 3951 quas
3447 3884 3695 3951 pertinet

2001 3972 2071 4025 ad
2103 3972 2537 4025 retributionem
2566 3970 2825 4040 justitiae.
2864 3993 2883 4017 η

2690 4107 2996 4147 RESPONSIO.

2109 4203 2487 4257 Discutiuntur
2516 4202 2823 4254 testimonia
2863 4200 3086 4269 prolata
3133 4214 3199 4253 ea;
3240 4202 3530 4269 Apostoto.

2076 4312 2205 4363 Haec
2257 4307 2539 4363 sententia
2598 4307 2654 4360 Β.
2715 4306 2863 4360 Petri
2911 4306 3148 4376 apostoli
3178 4323 3298 4360 non
3351 4308 3581 4378 proprie
3631 4309 3700 4363 de

2004 4396 2363 4468 praescientia
2395 4409 2449 4449 et
2492 4394 2999 4465 praedestinatioue
3031 4394 3244 4462 divina,
3278 4396 3375 4449 sed
3420 4397 3702 4467 simplici-

2004 4490 2094 4540 ter
2124 4485 2290 4538 nobis
2345 4484 2675 4553 accipienda
2724 4483 2965 4536 videtur.
3029 4484 3120 4535 Ait
3150 4500 3434 4554 namque:
3473 4507 3499 4535 ‹‹
3538 4485 3706 4540 Novit

2010 4573 2288 4629 Dominus
2305 4572 2429 4642 pios
2460 4572 2528 4625 de
2556 4570 2870 4624 tentatione
2902 4571 3158 4640 eripere;
3187 4573 3394 4642 impios
3423 4579 3614 4628 autem
3643 4574 3704 4627 in

2012 4663 2104 4717 die
2131 4660 2334 4731 judicii
2364 4659 2700 4713 cruciandos
2730 4674 3039 4712 reservare.
3076 4680 3102 4708 ››
3144 4661 3205 4714 Id
3260 4666 3363 4728 est,
3399 4662 3557 4714 novit
3606 4662 3702 4715 ille

2012 4752 2127 4805 alta
2158 4755 2216 4803 et.
2242 4752 2455 4802 secreta
2507 4747 2885 4817 dispositione
2937 4747 3233 4817 sapientia:
3287 4766 3423 4810 sum.
3469 4754 3524 4802 et
3553 4749 3701 4819 pios,

2012 4840 2071 4892 in
2103 4837 2371 4909 praesenti
2402 4837 2516 4889 vita
2550 4835 2814 4905 periculis
2845 4841 2901 4889 et
2946 4837 3361 4890 tentationibus
3412 4837 3574 4906 plena
3628 4837 3707 4891 la-

2011 4928 2299 4995 borantes,
2349 4942 2450 4979 sua
2500 4925 2703 4995 gratia,
2754 4941 2853 4978 sua
2894 4925 3262 4996 protectione,
3313 4923 3566 4993 eripere;
3616 4926 3707 4980 cui

2015 5016 2273 5086 quotidie
2305 5014 2414 5083 ipsi
2448 5014 2681 5067 dicunt:
2723 5033 2750 5064 (ί
2784 5015 2861 5067 Ne
2894 5031 2998 5067 nos
3056 5013 3290 5065 inducas
3340 5011 3397 5064 in
3437 5014 3703 5066 tentatio-

2019 5120 2153 5158 nem
2179 5104 2410 5173 (Matth.
2448 5119 2522 5168 vi,
2560 5107 2666 5169 l3),
2700 5125 2725 5151 ››
2759 5120 2849 5167 ne,
2894 5109 2991 5155 aut
3020 5100 3496 5170 prosperitatibus
3538 5100 3709 5169 hujus

2019 5191 2212 5245 seaculi
2261 5191 2591 5257 illiciantur,
2628 5196 2725 5244 aut
2754 5188 3194 5244 adversitatibus
3240 5188 3597 5258 frangantur.
3645 5189 3710 5242 Et

2022 5297 2052 5335 e
2101 5279 2387 5334 contrario
2438 5279 2644 5349 impios
2693 5279 2749 5331 in
2794 5279 2900 5331 hoc
2946 5276 3154 5330 saeculo
3208 5276 3497 5339 ﬂorentes,
3554 5282 3609 5329 et
3652 5277 3708 5329 in

2024 5384 2122 5422 sua
2173 5368 2467 5437 impietate
2513 5368 2666 5420 velut
2712 5380 2980 5435 prospere
3034 5369 3285 5434 agentes,
3345 5380 3711 5434 nequaquam

2026 5456 2369 5525 suajustitia
2412 5455 2723 5524 negligere,
2771 5468 3135 5522 nequaquam
3164 5452 3473 5521 impunitos
3521 5454 3715 5507 dimit-
