4108 6190
414 238 549 290 1039

1522 228 1575 282 8.
1618 225 1899 281 REMIGII
1940 224 2422 280 LUGDUNENSIS
2462 223 2770 279 EPISCOPI

3770 220 3907 270 toto

408 377 549 437 tere,
580 368 677 423 sed
709 383 850 438 quos
879 365 1101 418 videtur
1131 362 1291 433 quasi
1321 361 1529 430 injuste
1560 359 1619 413 in
1668 359 1783 413 suis
1822 357 2100 428 cupidita-
2142 361 2185 411 Α
2216 356 2437 426 paravit
2462 356 2521 408 in
2555 355 2795 426 gloriam
2826 355 2999 425 (Rom.
3036 370 3111 419 ιι,
3142 352 3253 422 22).
3286 375 3310 398 η
3362 353 3494 407 Fere
3528 352 3743 406 etenim
3778 368 3910 405 vasa

410 459 563 513 tibus
593 462 647 511 et
686 452 1158 509 delectationibus
1206 449 1527 503 carnalibus
1561 464 1788 500 securos
1842 452 1897 500 et
1943 448 2101 499 lcetos

412 548 756 616 relinquere,
820 542 1045 595 eosdem
1104 540 1295 610 potius
1356 540 1546 591 futura
1618 553 1719 590 suo
1771 536 1988 606 judicio
2048 539 2102 587 et

412 634 640 688 aeternis
688 629 1029 684 cruciatibus
1068 642 1397 694 reservare;
1454 630 1518 678 ut
1565 628 1780 694 quanto
1835 622 1929 677 hic
1979 640 2101 677 am-

409 724 558 792 plius
591 725 645 773 et
674 718 935 771 licentius
992 720 1424 786 prosperantur,
1455 718 1611 767 tanto
1669 712 1749 766 ibi
1799 712 1999 766 durius
2046 717 2103 765 et

412 810 658 865 atrocius
692 807 1024 876 puniantur.
1078 806 1271 857 Potest
1300 808 1492 855 tamen
1529 802 1585 853 in
1627 802 1746 853 istis
1794 799 2101 870 postremis

407 898 615 963 verbis,
650 897 747 950 ubi
779 896 857 948 ait
895 909 908 943 :
942 913 969 944 ‹‹
1002 893 1212 961 lmpios
1246 907 1378 944 vero
1401 891 1460 943 in
1490 890 1578 943 die
1602 889 1803 957 judicii
1839 891 2101 943 crucian-

411 988 511 1041 dos
536 1000 848 1050 reservare,
880 1004 907 1031 »
937 980 1151 1051 aliquid
1184 979 1389 1033 divina
1432 978 1805 1048 praescientia».
1850 983 1907 1031 et
1952 993 2099 1047 prae-

410 1072 811 1127 destinationis
843 1086 979 1139 erga
1013 1068 1243 1122 eosdem
1288 1067 1497 1136 impios
1529 1067 1683 1119 velut
1713 1082 1778 1119 ex
1810 1067 1984 1119 latere
2022 1066 2103 1119 in-

410 1162 638 1231 telligi:
683 1160 819 1230 quia
869 1174 1010 1228 quos
1042 1156 1263 1210 occulto
1296 1162 1353 1209 et
1401 1158 1555 1224 justo
1606 1154 1821 1224 judicio
1879 1168 1980 1205 suo
2032 1151 2102 1204 ad

411 1255 651 1303 mternos
688 1250 937 1301 reservat
992 1245 1289 1308 cruciatus,
1348 1250 1402 1297 et
1446 1243 1730 1313 prmscivit
1762 1242 1887 1295 sine
1925 1240 2101 1294 dubio

412 1342 466 1391 et
527 1334 952 1407 prmdestinavit
986 1338 1266 1402 perpetuo
1307 1332 1670 1385 cruciandos.
1734 1331 1870 1394 Quae
1931 1328 2104 1382 verba

412 1424 656 1495 apostoli
704 1439 831 1477 cum
879 1423 959 1476 ita
1002 1427 1059 1475 et
1087 1421 1276 1473 verius
1324 1424 1379 1472 et
1424 1420 1629 1472 rectius
1681 1419 2100 1487 intelligantur,

409 1514 556 1568 nihil
614 1528 840 1566 necesse
894 1515 977 1563 est
1009 1511 1162 1563 velut
1218 1525 1284 1561 ex
1339 1524 1537 1562 eorum
1591 1508 1926 1561 auctoritate
1984 1512 2102 1560 tam

412 1600 805 1671 multipliciter
852 1598 920 1652 de
972 1614 1039 1651 ea
1068 1613 1130 1650 re
1177 1596 1359 1667 loqui,
1394 1612 1523 1666 quas
1582 1595 1754 1665 hujus
1806 1594 2103 1647 sententiae

2211 445 2332 511 irm,
2369 446 2426 498 id
2466 450 2550 497 est
2574 445 2740 513 justas
2769 444 3035 497 vindictae
3067 442 3182 506 Dei,
3218 458 3392 511 quam
3438 443 3647 495 meruit
3706 443 3914 509 prima:

2212 533 2680 604 transgressionis
2732 534 2917 601 culpa,
2958 547 3157 584 omnes
3197 530 3423 601 reprobi
3455 535 3631 583 sunt:
3694 531 3796 600 qui
3852 531 3911 582 in

2210 624 2324 676 ﬁne
2349 638 2463 675 non
2495 622 2843 690 ereptionem
2878 619 3306 683 misericordiae,
3338 619 3431 671 sed
3466 619 3607 671 iram
3661 618 3910 671 damna-

2210 711 2383 764 tionis
2411 710 2633 764 sensuri
2664 715 2814 762 sunt.
2857 711 2917 762 Et
2946 708 3064 761 haec
3090 724 3221 760 vasa
3262 708 3360 760 iraa
3393 723 3507 760 non
3556 707 3628 760 ad
3683 706 3911 759 miseri-

2211 799 2485 862 cordiam,
2520 797 2615 851 sed
2651 798 2717 850 ad
2745 796 3050 865 judicium,
3102 794 3485 865 przeordinata
3520 796 3639 864 jam
3690 802 3747 847 et
3808 810 3910 847 suo

2211 886 2415 939 merito
2450 892 2507 939 et
2531 886 2722 938 divino
2769 885 3009 954 judicio,
3043 890 3098 937 et
3127 889 3317 954 aptata
3366 890 3421 936 et
3462 884 3713 953 perfecta
3778 887 3912 936 sunt

2210 975 2527 1040 interitum,
2563 979 2627 1028 ut
2659 980 2715 1027 et
2754 988 2854 1026 suo
2903 974 3257 1042 praecedente
3303 971 3524 1037 merito,
3584 978 3641 1026 et
3698 972 3912 1025 divinas

2211 1062 2735 1133 praedestinationis
2781 1063 2932 1131 ju'sto
2962 1062 3319 1130 praecedente
3353 1061 3584 1130 judicio,
3631 1060 3769 1131 quia
3812 1076 3909 1114 no—

2210 1153 2443 1207 luerunt
2474 1151 2728 1206 converti
2761 1151 2829 1205 ad
2862 1151 3100 1215 bonum,
3132 1155 3411 1203 asternum
3452 1149 3745 1219 patiantur
3789 1165 3912 1202 ma-

2212 1242 2352 1295 lum.
2389 1242 2509 1295 Non
2540 1256 2675 1311 ergo
2712 1240 2844 1310 quia
2876 1255 2989 1293 non
3020 1245 3350 1309 potuerunt,
3386 1239 3481 1292 sed
3513 1238 3647 1309 quia
3700 1239 3908 1291 nolue-

2212 1336 2347 1383 runt
2372 1330 2441 1384 de
2468 1330 2619 1382 malo
2648 1328 2901 1382 converti
2944 1328 3012 1382 ad
3061 1328 3295 1390 bonum,
3336 1328 3556 1396 justum
3613 1329 3911 1396 patientur

2213 1418 2577 1488 supplicium.
2614 1417 2771 1471 Sicut
2801 1434 2830 1470 e
2863 1416 3149 1470 contrario
3178 1432 3309 1469 vere
3340 1432 3467 1467 vasa
3496 1415 3905 1469 misericordia:

2215 1512 2347 1560 sunt
2376 1521 2576 1559 omnes
2608 1505 2787 1565 electi,
2819 1505 2942 1575 qui,
2970 1506 3129 1558 nullo
3154 1520 3256 1558 suo
3285 1504 3642 1574 prwcedente
3678 1504 3906 1567 merito,

2216 1595 2313 1648 sed
2366 1595 2486 1647 sola
2530 1594 2629 1649 Dei
2686 1593 3074 1646 misericordia
3124 1609 3157 1644 a
3212 1608 3399 1645 massa
3432 1592 3775 1661 perditionis
3818 1591 3907 1644 di-

413 1656 776 1745 attestatione
808 1703 925 1741 non
950 1686 1099 1740 valet
1128 1656 1457 1755 approbari,
1504 1684 1602 1738 sed
1644 1656 1833 1753 potius
1876 1682 2019 1736 falsa
2050 1686 2105 1735 et
2143 1656 2184 1709 Β
2218 1684 2381 1736 screti
2423 1682 2614 1737 divina
2671 1680 3177 1751 praedestinatione
3225 1685 3356 1733 sunt
3402 1656 3533 1732 vasa
3587 1684 3909 1749 praeparata

412 1792 760 1847 supervacua
790 1773 1194 1830 demonstrari.

1031 1899 1256 1954 CAPUT
1282 1898 1482 1953 XXXII.

483 2008 756 2079 Sequitur
786 2006 845 2060 in
877 2006 1276 2075 responsione.

1089 2126 1416 2165 HINCMABUS.

487 2225 513 2252 ‹‹
546 2203 752 2273 Aliqua
790 2201 960 2254 etiam
992 2200 1255 2268 exempla
1285 2213 1412 2268 quae
1462 2197 1697 2250 illorum
1745 2195 1989 2250 stultitia
2035 2197 2109 2250 ad

412 2293 714 2346 munimen
746 2290 854 2355 sui,
888 2289 1087 2343 eadem
1139 2289 1287 2341 male
1349 2285 1727 2355 intelligendo
1786 2284 2105 2355 proferens,

412 2382 649 2452 profert,
693 2381 843 2434 sicut
898 2379 1070 2433 modo
1125 2378 1196 2432 ad
1252 2375 1588 2430 memoriam
1643 2380 1969 2439 occurrunt,
2029 2390 2110 2426 sa-

412 2470 648 2539 pientia:
674 2474 877 2522 vestras
910 2468 1115 2520 scribo.
1150 2464 1458 2519 Proferunt
1488 2480 1554 2517 ex
1585 2464 1888 2532 Apostolo:
1921 2485 1941 2510 α
1970 2463 2109 2515 Vasa

415 2557 513 2609 ira;
538 2562 731 2625 aptata
751 2555 836 2607 vel
866 2555 1115 2624 perfecta
1133 2553 1206 2607 ad
1228 2553 1544 2618 interitum,
1571 2572 1597 2603 »
1631 2552 1885 2605 dicentes
1921 2574 1947 2599 ‹‹
1978 2567 2110 2603 vasa

418 2659 537 2697 esse
566 2643 970 2713 prmdestinata
1002 2643 1069 2695 ad
1101 2640 1395 2693 interitum
1424 2640 1605 2707 (Rom.
1632 2656 1705 2704 Ix,
1730 2638 1819 2707 22)
1856 2658 1877 2685 ι
1905 2642 1961 2690 et
1990 2653 2112 2690 mu-

423 2733 529 2785 tari
558 2748 673 2785 non
710 2735 969 2801 possunt.
1002 2730 1111 2783 Sed
1143 2729 1310 2781 aliter
1342 2727 1437 2780 alii
1468 2726 1832 2795 intelligunt;
1866 2725 2111 2778 maxime

421 2837 551 2874 cum
583 2820 736 2874 idem
765 2820 915 2873 dicat
934 2818 1238 2888 Apostolus
1270 2817 1339 2870 de
1370 2816 1582 2869 eisdem
1614 2814 1763 2868 vasis
1797 2830 1810 2867 :
1843 2836 1864 2863 ι
1896 2813 1952 2867 Si
1984 2812 2111 2884 quis

421 2909 819 2963 emundaverit
850 2924 907 2961 se
948 2908 1017 2961 ab
1064 2906 1206 2969 istis,
1250 2928 1268 2953 ι
1326 2905 1590 2958 videlicet
1621 2920 1725 2973 pro
1774 2902 1984 2973 quibus
2016 2918 2110 2954 vas

419 2998 779 3051 contumelim
809 2997 1011 3063 fuerat,
1048 3017 1075 3044 α
1108 2994 1215 3049 erit
1259 3010 1354 3047 vas
1384 2994 1445 3046 in
1476 2994 1752 3046 honorem
1786 2993 1825 3061 (1
1861 2993 1997 3044 Tim.
2052 3007 2107 3056 ιι,

420 3089 512 3157 21)
542 3102 552 3142 ;
585 3108 610 3134 n
654 3086 956 3140 Proferunt
990 3102 1003 3138 :
1040 3107 1059 3133 ι
1106 3083 1215 3147 Qui
1270 3098 1385 3135 non
1444 3081 1621 3134 credit
1649 3081 1770 3149 jam
1822 3079 2112 3148 judicatus

422 3180 508 3228 est
555 3176 745 3243 (Joan.
780 3191 861 3241 ιιι,
898 3174 1005 3243 18),
1037 3194 1064 3221 ››
1099 3172 1153 3225 id
1207 3178 1293 3225 est
1322 3169 1824 3240 praedestinatione
1857 3167 1953 3221 Dei
1991 3168 2111 3238 jam

423 3264 727 3317 damnatus
758 3268 858 3315 est.
895 3283 922 3309 »
970 3264 1032 3315 Et
1083 3261 1435 3330 Augustinus
1492 3259 1553 3311 in
1606 3258 1752 3310 libro
1804 3257 1872 3309 de
1916 3260 2111 3325 Agone

424 3351 747 3407 Christiano
804 3350 985 3404 dicit:
1050 3347 1117 3420 [α
1158 3348 1265 3412 Qui
1311 3364 1428 3401 non
1457 3346 1636 3400 credit
1678 3347 1797 3415 jam
1828 3345 2114 3415 judicatus

424 3446 528 3505 est,
572 3462 598 3488 ››
649 3440 704 3494 id
736 3444 819 3492 est
842 3439 962 3508 jam
999 3438 1303 3490 damnatus
1347 3440 1431 3488 est
1461 3452 1472 3487 :
1524 3434 1882 3504 prmscientia
1917 3432 2112 3501 utique

425 3529 543 3595 Dei,
579 3528 680 3598 qui
710 3528 869 3580 novit
900 3526 1033 3596 quid
1070 3524 1371 3577 immineat
1400 3539 1515 3575 non
1548 3521 1932 3575 credentibus.
1965 3521 2115 3590 [Pro-

420 3616 658 3669 ferunt:
714 3637 741 3663 ‹‹
771 3614 1063 3668 Induravit
1106 3629 1203 3665 cor
1236 3612 1546 3666 Pharaonis
1603 3610 1801 3680 (Exod.
1852 3627 1924 3674 ιι,
1983 3610 2111 3677 12);

422 3703 657 3758 tradidit
709 3703 840 3756 illos
896 3702 953 3754 in
1014 3702 1321 3771 reprobum
1379 3716 1610 3753 sensum
1642 3700 1821 3769 (Rom.
1891 3715 1926 3759 ι,
1986 3700 2113 3766 28);

422 3792 693 3846 immittet
737 3792 815 3845 eis
837 3790 1101 3860 spiritum
1150 3789 1359 3843 erroris
1413 3790 1507 3855 (II
1538 3790 1716 3843 Thess.
1760 3805 1818 3855 ιι,
1880 3788 2003 3855 ιο);
2053 3792 2115 3839 tu

420 3898 555 3935 vero
600 3882 746 3935 Deus
804 3880 1046 3934 deduces
1077 3895 1172 3932 eos
1208 3879 1265 3931 in
1294 3882 1532 3947 puteum
1562 3877 1827 3931 interitus
1860 3878 1971 3944 (Ps.
2003 3891 2111 3942 LIV,

422 3971 544 4035 24);
620 3968 718 4039 qui
764 3967 1181 4038 transgreditur
1238 3984 1269 4020 a
1328 3966 1550 4036 justitia
1599 3966 1667 4019 ad
1726 3964 2111 4035 iniquitatem,

426 4059 573 4112 Deus
605 4057 827 4128 paravit
852 4056 1014 4109 illum
1037 4056 1107 4109 ad
1137 4055 1530 4124 rhomphaeam
1556 4056 1741 4121 (Eccli.
1776 4053 2054 4122 xxv1,27).
2084 4071 2112 4102 η

1110 4175 1424 4213 RESPONSIO.

497 4253 626 4305 Hec
657 4250 985 4303 testimonia
1033 4249 1477 4317 Scripturarum,
1528 4262 1655 4316 qum
1698 4247 1895 4299 abillo
1945 4246 2113 4299 mise-

424 4340 588 4393 rabili
622 4338 900 4391 monacho
931 4342 987 4391 et
1013 4338 1084 4390 ab
1113 4338 1259 4401 aliis,
1295 4338 1577 4389 nescimus
1609 4336 1817 4406 quibus
1849 4336 1948 4405 qui
1983 4352 2113 4389 cum

427 4444 494 4481 eo
525 4427 780 4480 sentiunt
801 4427 870 4479 ad
896 4424 1392 4479 conﬁrmationem
1418 4424 1623 4479 divinae
1656 4424 2029 4494 praescientiaa
2062 4430 2116 4478 et

424 4515 946 4585 prmdestinationis
994 4514 1261 4567 dicuntur
1308 4530 1430 4566 esse
1480 4514 1721 4582 prolata,
1757 4529 1871 4566 non
1928 4513 2113 4583 negli-

426 4608 627 4673 genter
678 4607 731 4655 et
799 4602 961 4672 quasi
1012 4607 1377 4655 transeunter
1404 4602 1741 4669 omittenda,
1781 4602 1877 4655 sed
1928 4602 2115 4670 potius

425 4692 729 4761 diligenter
750 4695 805 4743 et
832 4690 1081 4743 ﬁdeliter
1105 4690 1265 4759 juxta
1307 4690 1567 4758 regulam
1605 4690 1855 4742 veritatis
1912 4690 2115 4760 singil-

424 4781 584 4834 latim
616 4779 879 4833 videntur
910 4795 1031 4831 esse
1057 4778 1380 4843 tractanda;
1418 4794 1488 4830 ne
1522 4778 1663 4830 forte
1697 4794 1897 4847 parum
1936 4783 2116 4831 atten-

424 4868 689 4922 dentibus
716 4874 770 4921 et
802 4884 918 4921 non
950 4866 1405 4935 intelligentibus
1438 4867 1581 4919 nihil
1623 4866 1692 4919 ad
1748 4882 1865 4919 rem
1899 4867 1967 4919 de
2001 4882 2114 4935 qua

426 4958 615 5027 agitur
645 4957 929 5026 pertinere
958 4955 1296 5021 videantur;
1318 4958 1414 5007 aut
1439 4955 1592 5007 velut
1624 4956 1763 5007 levia
1795 4959 1851 5007 et
1900 4954 2115 5007 nullius

426 5045 705 5098 momenti
734 5044 943 5113 absque
970 5042 1224 5112 periculo
1256 5042 1540 5111 praeteriri
1582 5058 1746 5111 posse
1786 5042 2116 5095 existimen-

423 5138 535 5187 tur.
586 5133 679 5185 Est
723 5131 875 5184 enim
907 5122 1285 5183 certissimum
1316 5134 1370 5182 et
1413 5130 1943 5183 manifestissimum
2000 5130 2115 5183 hu-

420 5223 513 5291 jus
543 5220 625 5274 rei
659 5219 1056 5273 testimonium
1088 5236 1153 5272 ex
1191 5218 1462 5287 Apostolo
1496 5223 1811 5288 sumptum,
1846 5219 2000 5288 quia,
2058 5223 2117 5272 ut

424 5310 547 5380 ipse
581 5309 719 5364 dicit
753 5324 765 5361 :
814 5329 840 5357 ‹‹
881 5307 1164 5361 Sustinuit
1187 5307 1336 5360 Deus
1368 5306 1428 5359 in
1463 5307 1641 5359 multa
1672 5307 1949 5376 patientia
1988 5324 2119 5361 vasa

425 5399 525 5451 iraa
557 5403 745 5469 aptata
791 5396 875 5449 vel
907 5396 1157 5465 perfecta
1198 5396 1257 5448 in
1301 5394 1622 5461 interitum,
1671 5400 1733 5448 ut
1791 5396 2116 5449 ostenderet

424 5483 647 5537 divitias
678 5484 873 5549 gloria:
909 5499 1025 5537 suae
1068 5483 1129 5535 in
1157 5499 1289 5537 vasa
1319 5481 1745 5547 misericordiae,
1787 5498 1915 5552 qum
1964 5498 2113 5552 pra?-

2216 1773 2276 1825 in
2300 1770 2567 1842 gloriam.

2821 1840 3045 1893 CAPUT
3085 1838 3301 1892 XXXIII.

2364 1933 2511 1986 Vasa
2536 1932 2633 1983 ira?
2655 1944 2763 1982 non
2788 1933 3015 1997 possunt
3036 1929 3156 1995 ﬁeri
3198 1942 3332 1980 vasa
3361 1926 3769 1981 misericordiae.

2291 2036 2449 2090 Unde
2483 2039 2539 2088 et
2585 2035 2726 2089 illud
2788 2034 2942 2104 quod
2981 2032 3119 2086 alibi
3164 2032 3316 2085 idem
3376 2032 3509 2085 dicit
3558 2034 3907 2103 Apostolus:

2223 2143 2251 2175 «
2283 2124 2340 2179 Si
2371 2124 2500 2195 quis
2532 2128 2724 2176 autem
2752 2122 3151 2177 emundaverit
3180 2138 3237 2174 se
3288 2122 3357 2175 ab
3389 2122 3530 2187 istis,
3567 2123 3680 2175 erit
3729 2139 3823 2175 vas
3852 2123 3909 2175 in

2220 2213 2500 2267 honorem
2553 2212 2634 2282 (II
2668 2215 2798 2268 Tim.
2858 2229 2916 2277 ιι,
2954 2211 3063 2279 21),
3096 2234 3121 2259 ››
3176 2211 3335 2264 nullo
3396 2212 3565 2264 modo
3616 2211 3752 2264 huic
3800 2216 3909 2264 tam

2219 2301 2384 2355 clara)
2415 2305 2469 2354 et
2515 2301 2827 2353 manifestae
2869 2300 3091 2352 veritati
3143 2299 3349 2353 divina:
3392 2299 3911 2368 prazdestiuationis

2220 2389 2279 2442 in
2310 2395 2614 2459 utramque
2642 2394 2861 2459 partem
2896 2394 3010 2440 tam
3053 2389 3363 2441 electorum
3422 2388 3689 2441 videlicet
3747 2404 3911 2457 quam

2221 2478 2619 2546 reproborum,
2686 2477 2731 2529 si
2790 2476 3095 2545 diligenter
3150 2494 3215 2529 ex
3283 2476 3672 2546 superioribus
3734 2477 3912 2530 verbis

2221 2567 2475 2635 Apostoli
2506 2566 2916 2629 consideretur,
2952 2566 3325 2628 contrarium,
3368 2565 3464 2617 sed
3515 2565 3758 2617 omnino
3787 2580 3912 2616 cou-

2222 2670 2344 2707 cors
2382 2660 2437 2707 et
2467 2670 2786 2707 consonum
2820 2654 3127 2706 invenitur.
3172 2654 3265 2706 Ait
3296 2668 3542 2723 namque
3578 2669 3591 2705 :
3629 2678 3653 2699 u
3694 2654 3759 2706 In
3801 2668 3911 2703 ma-

2222 2759 2334 2813 gna
2364 2748 2554 2796 autem
2587 2742 2757 2796 domo
2792 2759 2905 2795 non
2937 2743 3120 2794 solum
3167 2748 3299 2795 sunt
3349 2758 3479 2793 vasa
3534 2758 3711 2793 aurea
3743 2746 3800 2793 et
3830 2757 3914 2792 ar-

2222 2838 2445 2903 gentea,
2478 2832 2573 2885 sed
2602 2836 2659 2884 et
2695 2832 2887 2899 lignea
2933 2836 2989 2883 et
3019 2830 3247 2895 ﬁctilia;
3276 2835 3331 2882 et
3362 2830 3623 2900 quaedam
3686 2830 3914 2899 quidem

2150 2935 2190 2989 (ι
2221 2922 2276 2974 in
2302 2922 2599 2985 honorem,
2634 2921 2897 2990 quaedam
2917 2926 3110 2973 autem
3141 2921 3199 2973 in
3231 2920 3639 2973 contumeliam
3664 2921 3747 2987 (II
3783 2922 3911 2973 Tim.

2222 3027 2280 3073 ιι,
2323 3010 2410 3078 20)
2444 3026 2456 3062 :
2495 3031 2515 3057 ι
2550 3015 2605 3063 et
2625 3010 2705 3062 ita
2735 3008 3031 3077 subjunxit
3060 3025 3071 3061 :
3099 3029 3126 3056 «
3161 3008 3218 3061 Si
3257 3008 3385 3079 quis
3416 3012 3609 3061 autem
3640 3007 3913 3061 emunda-

2222 3099 2367 3152 verit
2409 3115 2466 3151 se
2510 3098 2580 3151 ab
2623 3098 2763 3163 istis,
2824 3098 2935 3150 erit
2974 3114 3069 3150 vas
3126 3098 3185 3150 in
3243 3098 3540 3163 honorem,
3602 3097 3913 3149 sanctiﬁca-

2221 3193 2365 3255 tum,
2410 3193 2465 3241 et
2522 3188 2657 3241 utile
2707 3186 2945 3240 Domino
2992 3186 3181 3254 (lbid.,
3230 3188 3341 3251 21).
3390 3206 3414 3235 ι)
3464 3185 3913 3238 Manifestissime

2223 3273 2417 3345 itaque
2449 3279 2671 3328 constat
2698 3274 2851 3345 quod
2884 3291 3009 3345 quas
3037 3274 3096 3327 in
3117 3274 3230 3327 illis
3261 3274 3447 3327 verbis
3474 3274 3701 3327 dixerat
3738 3296 3755 3320 ι
3793 3288 3914 3325 vasa

2222 3363 2321 3416 ira!
2354 3368 2547 3433 aptata
2578 3364 2693 3417 sive
2748 3362 2999 3433 perfecta
3057 3363 3116 3415 in
3164 3362 3456 3416 interitum
3496 3378 3562 3413 n:
3608 3362 3673 3415 Et
3715 3378 3745 3413 e
3786 3377 3909 3413 con-

2222 3452 2442 3505 trario:
2515 3470 2541 3501 ι(
2610 3453 2751 3505 Vasa
2822 3452 3226 3504 misericordiae
3295 3456 3614 3520 praeparata
3674 3450 3737 3503 in
3805 3451 3913 3519 glo-

2221 3538 2388 3605 riam,
2423 3560 2449 3587 ››
2484 3556 2549 3593 ea
2579 3540 2816 3593 omnino
2852 3540 2990 3593 dicit
3018 3541 3109 3593 hic
3147 3563 3167 3587 ι
3206 3540 3468 3608 quaedam
3506 3540 3563 3591 in
3617 3539 3909 3600 honorem,

2223 3633 2279 3680 et
2309 3630 2571 3698 quadam
2626 3629 2682 3682 in
2731 3630 3137 3682 contumeliam
3169 3646 3187 3681 :
3218 3629 3275 3681 in
3337 3629 3618 3681 honorem
3651 3644 3784 3679 vasa
3814 3627 3910 3678 mi-

2224 3716 2567 3783 sericordias,
2601 3717 2660 3770 in
2691 3716 3101 3771 contumeliam
3134 3732 3267 3769 vasa
3308 3716 3428 3780 iraa,
3463 3734 3489 3765 η
3532 3715 3631 3767 sed
3678 3731 3808 3767 cum
3841 3714 3910 3766 ibi

2224 3805 2789 3875 prredestinationem
2822 3806 3219 3859 tantummodo
3279 3805 3576 3873 utriusque
3628 3805 3828 3874 partis,
3861 3802 3911 3855 id

2224 3901 2309 3948 est
2344 3895 2653 3949 electorum
2710 3900 2766 3948 et
2794 3896 3193 3965 reproborum,
3252 3893 3587 3963 simpliciter
3635 3907 3911 3945 commen-

2224 3982 2463 4049 daverit,
2519 3983 2612 4037 hic
2669 3983 2933 4053 adjuugit
2999 3984 3166 4037 etiam
3218 3982 3699 4047 exhortationem,
3748 3996 3909 4051 quam

2224 4076 2437 4125 attente
2466 4088 2596 4125 vasa
2650 4072 3055 4125 misericordiae
3107 4071 3351 4125 debeant
3407 4087 3464 4123 se
3524 4070 3807 4123 custodire
3860 4072 3907 4120 et

2223 4176 2524 4229 segregare
2556 4160 2627 4213 ab
2659 4161 3043 4214 immunditiis
3085 4176 3348 4213 vasorum
3383 4159 3506 4219 irae.
3558 4175 3687 4212 cum
3733 4157 3864 4211 dicit
3893 4173 3903 4207 :

2156 4250 2198 4303 D
2227 4271 2253 4298 «
2293 4248 2349 4303 Si
2377 4248 2504 4319 quis
2531 4254 2721 4303 autem
2750 4250 3149 4303 emundaverit
3179 4266 3235 4303 se
3277 4249 3349 4301 ab
3391 4248 3533 4311 istis,
3576 4248 3685 4301 erit
3711 4265 3805 4300 vas
3854 4248 3905 4298 in

2226 4338 2527 4405 honorem,
2562 4356 2590 4389 »
2619 4343 2754 4403 etc.;
2788 4339 2847 4391 id.
2879 4344 2981 4405 est,
3017 4338 3062 4391 si
3102 4339 3228 4408 quis
3275 4337 3674 4391 emundaverit
3731 4353 3787 4389 se
3844 4335 3905 4387 ab

2224 4425 2345 4478 istis
2400 4426 2544 4479 vasis
2575 4426 2693 4492 iraa,
2728 4427 2874 4480 vasis
2900 4428 2959 4480 in
2989 4427 3419 4494 contumeliam,
3462 4428 3544 4478 vel
3604 4426 3675 4479 ab
3720 4440 3903 4478 eorum

2223 4513 2627 4581 immunditiis,
2684 4516 2731 4567 si
2789 4516 3097 4585 aliquando
3158 4516 3214 4567 in
3275 4515 3357 4567 eis
3415 4514 3542 4579 fuit,
3576 4515 3815 4568 sollicite
3853 4528 3903 4563 se

2224 4604 2596 4668 extrahendo,
2628 4605 2715 4656 vel
2748 4608 3063 4674 ‘nunquam
3105 4604 3186 4656 eis
3216 4620 3271 4655 se
3304 4602 3695 4669 admiscendo,
3730 4608 3785 4655 et
3808 4603 3900 4653 im-

2225 4691 2571 4744 maculatum
2604 4707 2663 4743 se
2698 4692 2767 4744 ab
2815 4692 2923 4745 hoc
2955 4692 3161 4744 serculo
3208 4690 3602 4751 custodiendo,
3664 4691 3771 4743 erit
3820 4703 3903 4739 vas

2226 4778 2282 4831 in
2314 4779 2594 4832 honorem
2628 4779 3062 4843 sanctiﬁcatum,
3106 4779 3160 4832 id
3190 4784 3273 4831 est
3312 4779 3436 4848 ipso
3492 4776 3902 4831 emundationis

2226 4873 2281 4919 et
2341 4868 2805 4920 sanctiﬁcationis
2856 4886 2973 4921 sua!
3017 4868 3215 4921 eﬁ‘ectu
3276 4874 3449 4937 atque
3506 4867 3762 4937 profectu
3816 4866 3899 4918 dc-

2225 4954 2564 5008 monstrabit
2592 4973 2650 5008 se
2681 4957 2749 5009 ad
2782 4972 2913 5009 vasa
2940 4956 3366 5021 misericordiae,
3415 4963 3472 5009 et
3522 4956 3589 5010 ad
3626 4972 3755 5008 vasa
3806 4955 3900 5007 ho-

2226 5044 2399 5108 noris,
2430 5049 2485 5097 et
2516 5044 2713 5113 gloriae
2762 5045 3068 5114 pertinere.
3121 5044 3276 5098 Unde
3322 5060 3439 5097 non
3472 5044 3582 5097 hoc
3642 5042 3901 5112 signiﬁcat

2223 5130 2285 5184 in
2314 5131 2404 5184 his
2436 5132 2623 5184 verbis
2648 5134 2953 5200 Apostolus
3005 5132 3158 5202 quod
3190 5148 3319 5185 vasa
3368 5132 3466 5184 ira:
3508 5138 3565 5185 et
3621 5140 3899 5185 contume-

2224 5220 2337 5284 lia},
2365 5219 2419 5272 id
2442 5223 2525 5272 est
2562 5220 2754 5273 divino
2780 5220 2997 5289 judicio
3030 5221 3257 5290 reprobi
3289 5226 3344 5273 et
3380 5220 3673 5290 reprobati
3700 5219 3901 5289 possint

2225 5307 2372 5361 efﬁci
2407 5323 2536 5360 vasa
2584 5308 2993 5362 misericordia:
3024 5314 3080 5363 et
3132 5310 3366 5363 honoris
3395 5315 3451 5362 et
3484 5310 3705 5378 gloria,
3738 5308 3790 5361 id
3826 5308 3899 5358 est

2225 5395 2285 5448 in
2319 5401 2531 5448 sortem
2560 5398 2876 5449 electorum
2926 5396 3193 5463 transire,
3250 5397 3393 5450 sicut
3445 5398 3688 5467 scriptor
3746 5394 3899 5462 hujus

2225 5483 2481 5553 epistola:
2505 5483 2822 5539 intellexit:
2854 5485 2996 5539 Cum
3026 5486 3261 5539 omnino
3295 5485 3547 5555 reprobi,
3578 5484 3676 5555 qui
3707 5480 3894 5537 divini-
