4048 6170
156 324 287 373 1041

1380 321 1586 377 LIBER
1628 322 1716 376 DE
1756 323 2007 380 TRIBUS
2046 323 2416 379 EPISTOLIS.

3523 328 3656 381 1042

146 456 249 503 tus
278 447 529 519 praasciti
575 453 707 501 sunt
738 448 797 500 in
842 447 961 501 suis
1006 447 1405 518 iniquitatibus
1449 453 1847 520 permansnri;
1888 456 1929 507 Α
1964 452 2261 507 interitum
2295 454 2750 524 praedestinatos,
2786 470 2904 508 non
2933 455 3004 507 ad
3035 458 3207 508 vitam
3249 459 3522 509 aeternam
3570 455 3657 509 sui

148 539 488 591 nullatenus
520 536 739 606 possint
787 537 991 589 merito
1042 539 1601 606 perseverantissime
1648 541 1856 611 iniqui-

147 628 289 679 tatis
322 643 437 679 suae
472 626 527 678 in
562 625 871 679 electorum
904 626 1174 679 societate
1201 627 1442 691 censeri,
1484 628 1625 682 sicut
1657 631 1856 695 regula

146 716 455 768 catholicas
506 714 636 767 tidei
674 713 1068 767 indubitanter
1100 719 1274 781 tenet,
1309 722 1363 767 et
1410 717 1610 783 docet;
1665 719 1759 771 sed
1794 724 1856 771 ut

147 803 559 873 unusquisque
604 801 886 868 ﬁdelium,
950 802 1093 855 sicut
1137 802 1255 871 jam
1308 804 1521 857 dictum
1577 812 1679 869 est,
1731 808 1855 875 ipsa

145 890 289 944 ﬁdei
344 895 399 943 et
445 890 685 959 justitize
735 890 1182 943 sanctiﬁcatione
1224 892 1442 960 probet,
1502 898 1558 945 et
1608 895 1854 948 declaret

144 996 275 1032 sese
326 980 396 1033 ad
460 994 591 1032 vasa
638 978 1045 1031 misericordia:
1089 985 1145 1031 et
1192 981 1491 1033 electionis
1541 984 1848 1051 pertinere.

146 1070 277 1122 Duo
338 1084 587 1136 namque
623 1073 755 1119 sunt
806 1068 1014 1135 quibus
1054 1069 1208 1119 velut
1258 1070 1506 1137 quodam
1560 1071 1852 1138 signaculo

145 1157 497 1227 probantur,
531 1160 584 1208 et
621 1161 1009 1225 agnoscuntur
1055 1157 1217 1209 electi
1264 1157 1401 1210 Dei:
1439 1158 1649 1211 scilicet
1697 1166 1856 1213 mter-

143 1262 219 1297 na
254 1245 465 1297 divinas
497 1244 695 1312 gratia:
730 1243 1157 1312 pi'aeordinatio,
1192 1250 1250 1296 et
1280 1245 1374 1313 pia
1426 1246 1497 1299 ab
1551 1247 1711 1299 omni
1742 1247 1852 1299 ini-

145 1332 371 1402 quitate
415 1332 766 1385 inﬁdelitatis
801 1337 855 1383 et
904 1332 1201 1401 pravitatis
1249 1333 1621 1387 emundatio:
1675 1340 1739 1388 ut
1786 1351 1852 1387 ex

142 1422 457 1474 manifesta
492 1422 615 1473 luce
656 1422 895 1489 justitia:
929 1426 983 1473 et
1018 1421 1331 1474 sanctitatis
1365 1423 1765 1477 manifestetur
1794 1424 1852 1476 in

146 1512 231 1564 eis
270 1510 526 1563 veritatis
556 1509 766 1562 divina).
815 1508 1147 1575 electionis;
1179 1511 1325 1563 sicut
1373 1511 1494 1580 ipse
1548 1514 1852 1582 Apostolus

146 1600 330 1668 paulo
356 1600 617 1667 superius
660 1598 930 1665 ostendit,
979 1598 1206 1650 dicens:
1244 1619 1269 1646 ‹‹
1306 1598 1413 1652 Sed
1458 1600 1689 1653 ﬁrmum
1721 1602 1850 1654 fun-

143 1688 491 1741 damentum
551 1685 649 1739 Dei
697 1686 851 1739 stetit
892 1685 1106 1738 habens
1156 1686 1514 1755 signaculum
1563 1688 1696 1742 hoc:
1751 1690 1852 1743 Co-

142 1776 355 1845 gnovit
389 1775 664 1829 Dominus
699 1773 796 1843 qui
827 1779 960 1826 sunt
992 1774 1132 1843 ejus,
1166 1750 1235 1827 et
1253 1774 1507 1829 discedat
1533 1777 1603 1829 ah
1632 1776 1851 1846 iniqui-
1891 1750 1930 1804 Β

141 1868 265 1916 tate
301 1863 511 1926 omnis,
544 1862 641 1933 qui
681 1862 940 1914 nominat
986 1878 1199 1915 nomen
1235 1863 1465 1916 Domini
1498 1864 1575 1934 (II
1622 1867 1754 1919 Tim.
1789 1882 1847 1931 ιι,

148 1955 258 2018 19).
301 1972 328 2002 ››
357 1952 513 2015 Quod
551 1967 685 2019 ergo
721 1973 742 1999 ι
777 1950 1043 2021 cognovit
1075 1951 1351 2004 Dominus
1379 1954 1476 2022 qui
1503 1958 1634 2006 sunt
1666 1956 1787 2023 ejus
1820 1974 1847 2005 »

142 2046 367 2094 aeterna
399 2039 596 2092 electio
624 2045 749 2105 est;
799 2044 862 2092 ut
890 2045 1082 2093 autem
1131 2040 1384 2094 discedat
1423 2041 1494 2094 ab
1542 2041 1847 2111 iniquitate

143 2129 343 2183 omnis
416 2130 514 2199 qui
570 2128 829 2181 nominat
881 2144 1090 2181 nomen
1150 2129 1397 2194 Domini,
1460 2135 1614 2183 certa
1667 2131 1849 2200 ipsius

142 2217 443 2271 electionis
468 2217 730 2287 probatio
754 2222 856 2270 est.

213 2307 484 2361 Secundo
511 2307 632 2359 loco
671 2306 1062 2359 testimonium
1093 2304 1299 2359 divina;
1319 2304 1847 2375 prwdestinationis

144 2395 214 2448 de
257 2394 568 2463 Evangelio
598 2393 869 2463 ponitur:
909 2415 935 2441 ‹‹
971 2394 1077 2457 Qui
1111 2410 1225 2446 non
1259 2393 1441 2447 credit
1465 2396 1587 2463 jam
1616 2396 1847 2462 judica-

143 2488 237 2537 tus
284 2488 365 2536 est
411 2483 586 2551 (Joan.
622 2498 701 2541 iu,
738 2485 839 2551 l8).
875 2504 901 2531 ››
939 2482 1097 2545 Quod
1146 2482 1408 2536 videlicet
1439 2499 1637 2536 omnes
1682 2483 1847 2553 impii

146 2576 201 2623 et
232 2570 518 2623 increduli
545 2570 667 2638 jam
708 2576 841 2623 sunt
886 2569 1077 2622 divina
1127 2570 1631 2638 praedestinatione
1682 2572 1849 2624 dam-

146 2659 287 2711 nati.
318 2658 466 2721 Quia
493 2657 753 2710 videlicet
784 2657 829 2709 si
852 2673 1051 2709 eorum
1084 2656 1379 2711 damnatio
1418 2658 1637 2726 justum
1673 2658 1848 2711 divini

139 2745 347 2815 judicii
384 2762 526 2815 opus
558 2751 660 2810 est,
697 2746 817 2798 sine
852 2744 1025 2799 dubio
1052 2760 1195 2813 opus
1228 2760 1393 2797 suum
1424 2760 1650 2813 semper
1696 2745 1847 2814 apud

151 2836 334 2887 Deum
356 2839 414 2886 et
460 2833 779 2903 praescitum
820 2838 876 2885 et
918 2832 1382 2901 praedestinatum
1428 2838 1530 2885 est.
1564 2832 1667 2886 Sed
1702 2833 1846 2885 scri—

146 2928 281 2991 ptor
312 2922 569 2990 epistola:
606 2921 804 2973 nolens
844 2921 1274 2973 damnationem
1320 2920 1741 2973 incredulorum
1777 2920 1844 2973 ad

146 3010 405 3063 divinam
470 3008 1055 3078 prmdestinationem,
1132 3010 1226 3061 sed
1298 3008 1700 3061 tantummodo
1774 3009 1844 3062 ad
1886 3042 1926 3097 ο

144 3099 575 3169 praescientiam
606 3098 916 3167 pertinere,
975 3097 1270 3167 subjungit
1317 3098 1487 3150 verba
1542 3099 1600 3151 Β.
1649 3101 1846 3167 Augu-

147 3188 304 3247 stini,
360 3188 565 3257 quibus
597 3186 760 3257 quasi
800 3187 907 3239 hoc
956 3186 1198 3255 probare
1238 3186 1514 3239 videatur.
1558 3186 1653 3240 Ait
1693 3203 1847 3239 nam-

147 3293 260 3346 que
310 3276 408 3329 ille
456 3276 512 3328 in
554 3276 698 3329 libro
744 3275 813 3328 de
880 3279 1075 3343 Agone
1120 3274 1466 3339 Christiano,
1520 3291 1846 3355 memorans

148 3366 322 3418 verba
383 3362 706 3433 Evangelii:
747 3384 773 3410 ‹‹
829 3362 935 3426 Qui
994 3380 1107 3416 non
1165 3363 1343 3416 credit
1382 3363 1504 3432 jam
1557 3363 1846 3433 judicatus

148 3458 252 3519 est,
292 3475 313 3500 ι
352 3453 409 3506 id
459 3458 541 3505 est
578 3453 696 3521 jam
732 3452 1036 3505 damnatus
1085 3458 1191 3517 est,
1236 3451 1594 3521 praescientia
1646 3451 1845 3521 utique

150 3539 272 3607 Dei,
303 3540 404 3611 qui
454 3544 611 3593 novit
661 3540 796 3611 quid
848 3540 1149 3593 immineat
1189 3556 1301 3592 non
1340 3540 1723 3593 credentibus.
1774 3541 1847 3593 Eo

150 3630 305 3701 quod
339 3646 457 3683 non
488 3630 695 3683 dixerit
725 3637 954 3683 sanctus
1006 3629 1221 3694 doctor,
1260 3631 1379 3698 jam
1427 3630 1732 3683 damnatus
1763 3634 1847 3683 est

150 3718 661 3788 praedestinatione
696 3720 816 3783 Dei,
866 3719 958 3771 sed
990 3719 1349 3787 prwscientia
1384 3718 1500 3771 Dei.
1547 3719 1656 3771 Nec
1686 3718 1847 3772 dixe-

149 3808 244 3872 rit,
276 3806 379 3875 qui
410 3806 606 3859 statuit
635 3809 733 3859 aut
764 3805 1091 3875 praeﬁnivit,
1122 3805 1237 3859 sive
1273 3805 1712 3876 praedestinavit,
1749 3806 1846 3860 sed

150 3894 251 3965 qui
290 3894 473 3962 novit,
510 3894 717 3964 inquit,
769 3894 904 3964 quid
955 3894 1254 3947 immineat
1301 3910 1417 3947 nou
1464 3893 1845 3958 credentibus,

152 3984 317 4053 quasi
340 3983 711 4053 omnipotens
747 3984 894 4036 Deus
928 3982 1141 4053 aliquid
1174 3998 1414 4052 operum
1444 3997 1681 4035 suorum
1713 3998 1849 4051 pra:-

152 4072 348 4124 scierit
390 4072 669 4131 futurum,
723 4072 876 4141 quod
926 4087 1037 4123 non
1092 4070 1582 4139 prmdestinaverit
1630 4086 1687 4122 se
1726 4085 1847 4123 esse

152 4160 443 4213 facturum
464 4158 492 4211 ?
517 4161 628 4212 Aut
655 4175 783 4211 cum
816 4158 873 4210 in
906 4158 1176 4227 operibus
1210 4158 1444 4227 ponitur
1490 4157 1848 4228 prmscientia

155 4248 275 4314 Dei,
312 4264 428 4300 non
460 4247 650 4300 statim
683 4246 996 4300 certissime
1046 4246 1289 4316 intelligi
1337 4248 1560 4311 debeat,
1614 4252 1668 4300 et
1698 4263 1850 4317 prse-

1963 542 2260 611 sanguinis
2285 543 2472 612 pretio
2502 542 2901 613 comparatos.]
2938 544 3073 596 Ecce
3113 548 3168 596 et
3196 542 3256 596 in
3306 543 3418 596 illis
3472 544 3657 597 verbis

1964 630 2193 683 Domini
2219 631 2425 700 quibus
2455 630 2567 683 ait:
2605 651 2632 677 ‹‹
2677 630 2784 693 Qui
2815 646 2932 683 non
2977 630 3160 683 credit
3197 631 3317 699 jam
3368 631 3657 699 judicatus

1962 722 2045 769 est
2072 718 2243 786 (Joan.
2282 735 2361 783 Ill,
2402 720 2508 785 t8),
2548 739 2566 764 ι
2626 723 2681 770 et
2720 718 2778 770 in
2824 716 2944 771 istis
2990 718 3199 788 quibus
3250 717 3428 771 dixit:
3474 739 3501 766 ‹‹
3546 719 3657 773 Sed

1958 821 2058 857 vos
2086 822 2198 858 non
2252 806 2503 870 creditis,
2568 805 2705 875 quia
2763 821 2878 857 non
2936 806 3069 857 estis
3127 822 3189 857 ex
3250 806 3451 859 ovibus
3508 806 3648 858 meis

1966 894 2163 959 (Ibid,
2200 898 2329 961 26);
2362 917 2387 941 ››
2418 895 2727 964 utrobique
2765 894 3045 947 increduli
3095 900 3150 947 et
3198 894 3458 948 inﬁdeles
3511 895 3655 947 desi-

1961 984 2117 1050 gnati
2162 990 2294 1035 sunt
2346 989 2400 1037 et
2445 1000 2585 1053 quos
2629 984 2688 1035 in
2736 983 2834 1035 illa
2888 983 3166 1035 sententia
3206 987 3431 1036 sanctus
3461 984 3657 1036 doctor

1960 1069 2101 1122 dixit
2159 1070 2349 1124 divina
2420 1056 2781 1141 praescientia
2853 1071 2975 1140 jam
3050 1072 3369 1134 damnatos,
3428 1071 3489 1124 in
3549 1072 3656 1124 ista

1960 1160 2192 1213 eosdem
2224 1161 2364 1213 dixit
2394 1161 2466 1213 ad
2523 1166 2802 1213 internum
2851 1160 3147 1212 interitum
3202 1160 3649 1229 prasdestinatos.

1964 1248 2086 1300 Non
2116 1249 2251 1317 quia
2282 1249 2379 1302 alii
2406 1265 2473 1301 ex
2502 1248 2583 1301 eis
2614 1249 2805 1301 divina
2840 1248 3222 1316 praescientia,
3256 1253 3310 1301 et
3337 1248 3434 1301 alii
3465 1250 3655 1302 divina

1960 1337 2457 1405 praedestinatione
2490 1336 2744 1390 damnati
2776 1340 2928 1403 sunt,
2960 1336 3055 1388 sed
3088 1335 3222 1405 quia
3252 1336 3431 1389 divini
3454 1335 3656 1405 judicii

1964 1425 2187 1488 virtute,
2224 1443 2337 1496 qua
2368 1426 2507 1479 tales
2543 1426 2912 1490 damnantur,
2948 1424 3091 1477 sicut
3121 1430 3177 1476 et
3206 1424 3263 1476 in
3296 1423 3454 1495 omni
3485 1439 3655 1492 opere

1961 1514 2156 1567 divino
2209 1520 2517 1583 utrumque
2562 1513 2731 1565 simul
2784 1512 3220 1581 intelligendum
3262 1511 3356 1577 sit,
3399 1512 3504 1565 etsi
3538 1528 3653 1564 non

1958 1601 2192 1673 ubique,
2248 1602 2382 1671 quia
2432 1602 2589 1654 nulla
2646 1600 2821 1669 exigit
2867 1600 3192 1659 necessitas,
3249 1599 3418 1652 simul
3465 1600 3653 1653 dicen-

1963 1691 2121 1744 dum.

2027 1820 2215 1875 Tertio
2248 1820 2371 1873 loco
2411 1818 2810 1871 testimonium
2840 1818 2909 1871 de
2951 1818 3140 1871 Exodo
3181 1817 3452 1887 ponitur:
3490 1840 3517 1865 ‹‹
3550 1820 3646 1871 In-

1955 1909 2182 1964 duravit
2231 1908 2504 1961 Dominus
2553 1923 2650 1961 cor
2697 1907 3008 1961 Pharaonis
3058 1906 3259 1975 (Exod.
3312 1923 3387 1971 ix,
3453 1907 3645 1975 12):»

1954 1998 2117 2062 Quod
2167 1996 2461 2051 manifeste
2512 2012 2626 2049 non
2656 1995 2728 2048 ad
2761 1995 3194 2065 praescientiam,
3230 1993 3318 2047 vel
3347 1994 3647 2064 prmdesti—

1956 2086 2247 2139 nationem
2298 2084 2646 2149 futurorum,
2690 2084 2784 2137 sed
2836 2085 2902 2137 ad
2954 2099 3204 2153 prmsens
3238 2082 3646 2151 Deijudicium

1954 2174 2221 2246 pertinet,
2255 2173 2352 2243 qui
2387 2189 2519 2226 eum
2542 2189 2713 2242 quem
2747 2172 2846 2225 tali
2879 2188 3043 2242 poena
3075 2172 3316 2241 dignum
3341 2171 3643 2240 judicavit,

1947 2262 2345 2333 justojudicio
2385 2261 2690 2314 induravit.
2738 2260 3013 2315 Similiter
3062 2266 3119 2313 et
3165 2264 3433 2330 quartum
3482 2259 3646 2313 testi-

1957 2352 2217 2406 monium
2246 2350 2691 2419 intelligendum
2723 2354 2826 2412 est,
2858 2349 3071 2402 scilicet
3102 2365 3217 2401 non
3250 2348 3317 2401 de
3348 2347 3647 2418 praescien-

1954 2443 2035 2495 tia
2056 2447 2155 2495 aut
2200 2439 2726 2510 praedestinatione.
2780 2439 2876 2491 sed
2924 2436 3196 2506 praesenti
3240 2436 3393 2504 justo
3430 2434 3646 2503 judicio

1958 2529 2077 2596 Dei,
2112 2529 2269 2599 quod
2324 2528 2631 2597 Apostolus
2686 2527 2863 2580 dicit:
2917 2547 2943 2575 «
3004 2524 3261 2578 Tradidit
3316 2523 3442 2576 illos
3501 2523 3649 2575 Deus

1955 2616 2013 2670 in
2057 2617 2367 2687 reprobum
2436 2631 2665 2667 sensum
2718 2615 2891 2683 (Rom.
2949 2632 2985 2679 ι,
3036 2614 3147 2683 28).
3203 2634 3223 2659 ι
3281 2613 3343 2665 Et
3383 2611 3647 2680 quintum

1952 2705 2053 2765 ubi
2084 2704 2203 2757 ait:
2248 2726 2275 2752 ‹‹
2324 2704 2500 2757 Mittet
2550 2704 2629 2756 eis
2678 2705 2827 2756 Deus
2884 2702 3276 2771 operationem
3325 2700 3531 2751 erroris
3576 2700 3654 2765 (ΙΙ

1960 2793 2150 2846 Thess.
2187 2810 2247 2856 Il,
2298 2793 2401 2859 tO),
2439 2813 2465 2838 ››
2518 2792 2653 2860 quia
2698 2794 2785 2859 (ut
2841 2792 3053 2843 dictum
3103 2789 3208 2856 est)
3260 2804 3405 2857 quos
3447 2786 3649 2855 dignos

1954 2879 2053 2931 tali
2082 2894 2255 2947 poena
2286 2878 2583 2948 judicavit,
2626 2878 2709 2929 vel
2744 2896 2771 2926 «
2820 2878 2878 2928 in
2912 2875 3221 2944 reprobum
3270 2888 3501 2926 sensum
3528 2877 3645 2925 tra-

1954 2967 2118 3032 didit,
2153 2988 2178 3013 »
2214 2967 2297 3018 vel
2357 2967 2437 3018 eis
2468 2982 2570 3017 suo
2617 2966 2774 3033 justo
2807 2964 3025 3034 judicio
3061 2986 3085 3011 ‹‹
3122 2962 3515 3032 operationem
3556 2976 3644 3012 er-

1955 3055 2099 3109 roris
2130 3053 2389 3107 immisit.
2425 3077 2451 3100 ‹‹
2505 3053 2779 3107 Similiter
2827 3056 2881 3104 et
2930 3056 3153 3104 sextum
3208 3048 3641 3118 accipiendum:

1957 3166 1982 3193 ‹‹
2019 3145 2102 3197 Tu
2156 3159 2290 3195 vero
2348 3144 2489 3195 Deus
2548 3141 2793 3195 deduces
2844 3157 2942 3193 eos
2990 3140 3046 3192 in
3098 3144 3337 3209 puteum
3377 3136 3645 3190 interitus

1957 3232 2132 3301 (Psal.
2177 3246 2283 3296 Liv,
2332 3231 2443 3297 24).
2496 3248 2523 3278 ι)
2572 3230 2781 3281 Puteus
2830 3242 3077 3296 namque
3128 3226 3394 3279 interitus
3436 3229 3540 3287 est,
3587 3228 3648 3276 ut
3696 3220 3697 3223 “

1953 3318 2155 3372 beatus
2186 3319 2536 3387 Augustinus
2566 3317 2817 3387 exponit,
2850 3315 3100 3368 tenebrae
3130 3313 3358 3379 erroris,
3392 3312 3646 3365 tenebras

1956 3407 2387 3462 submersionis.
2425 3406 2659 3459 Deducit
2704 3421 2836 3458 vero
2883 3405 3029 3458 Deus
3075 3402 3347 3472 reprobos
3395 3400 3456 3454 in
3492 3401 3647 3454 hunc

1954 3503 2219 3567 puteum,
2260 3512 2376 3549 non
2422 3495 2572 3565 quod
2614 3495 2733 3564 ipse
2766 3494 2837 3546 sit
2888 3498 3083 3546 auctor
3122 3491 3307 3560 culpas
3366 3490 3644 3558 ipsorum,

1956 3586 2056 3639 sed
2107 3585 2260 3656 quod
2308 3584 2429 3654 ipse
2490 3585 2561 3637 sit
2612 3583 2785 3652 judex
2844 3581 3166 3650 iniquitatis
3215 3594 3437 3632 eorum.
3486 3577 3649 3640 Quod

1956 3675 2127 3729 etiam
2163 3674 2208 3726 si
2242 3674 2368 3743 quis
2400 3673 2469 3725 de
2488 3676 2657 3742 puteo
2681 3672 2975 3724 infernalis
3006 3668 3393 3722 damnationis
3424 3672 3480 3720 et
3508 3666 3649 3720 sub-

1957 3763 2261 3817 mersionis
2289 3761 2486 3814 eodem
2519 3776 2688 3813 sensu
2734 3759 2869 3812 velit
2917 3756 3203 3827 intelligi:
3258 3762 3315 3809 et
3360 3755 3649 3824 pertinere

1957 3857 2143 3922 potest
2175 3850 2242 3903 ad
2270 3850 2482 3918 justam
2530 3846 3087 3918 praedestinationem
3142 3844 3404 3897 interitus
3457 3858 3649 3912 repro-

1957 3940 2181 3999 borum,
2216 3943 2270 3990 et
2302 3953 2415 3989 non
2446 3942 2531 3989 est
2560 3935 2909 3989 contrarium
2941 3932 3181 3985 veritati.

2029 4071 2188 4137 Quod
2248 4074 2441 4123 autem
2508 4067 2748 4138 septimo
2811 4066 2937 4118 loco
2999 4063 3280 4133 ponitur:
3324 4081 3351 4112 α
3420 4063 3485 4114 Et
3549 4059 3649 4131 qui

1958 4159 2375 4231 transgreditur
2404 4176 2435 4211 a
2455 4156 2678 4228 justitia
2708 4154 2779 4208 ad
2824 4153 3202 4223 iniquitatem,
3246 4152 3393 4205 Deus
3430 4150 3653 4220 paravit

1957 4252 2122 4306 illum
2168 4251 2237 4303 ad
2285 4248 2675 4317 rhomphaaam
2719 4245 2903 4314 (Eccti.
2955 4258 3078 4296 xxvx
3128 4241 3242 4309 27),
3276 4261 3304 4291 η
3356 4239 3653 4293 manifeste

153 4337 463 4390 destinatio
498 4336 615 4390 Dei-
647 4336 787 4399 Qnia
821 4336 965 4389 sicut
997 4335 1140 4388 nihil
1173 4352 1414 4403 operum
1440 4352 1672 4389 suorum
1704 4352 1848 4405 praa-
1889 4342 2168 4412 Djustam
2209 4336 2773 4408 praedestinationem
2812 4332 3189 4403 reproborum
3239 4329 3307 4383 ad
3352 4328 3651 4381 interitum

154 4425 483 4485 destinavit,
516 4423 666 4494 quod
701 4439 817 4476 non
847 4422 1177 4493 praescierit,
1221 4422 1299 4475 ita
1334 4423 1615 4493 quidquid
1648 4439 1849 4476 eorum

156 4510 462 4581 praescivit,
491 4512 612 4564 sine
644 4510 818 4564 dubio
842 4510 1016 4564 etiam
1039 4510 1479 4581 praedestinavit.
1512 4511 1661 4564 Nihil
1696 4511 1851 4565 enim

155 4602 210 4654 in
247 4600 521 4671 operibus
553 4601 674 4671 ejus
697 4605 780 4652 est
808 4600 1109 4669 injustum,
1144 4605 1242 4653 aut
1272 4600 1559 4669 iniquum,
1591 4605 1651 4653 ut
1681 4600 1852 4670 digne

155 4689 562 4743 tantummodo
614 4688 977 4759 praesciretur
1033 4693 1089 4741 et
1142 4705 1257 4742 non
1307 4689 1848 4758 praedestinaretur;

155 4780 253 4831 sed
283 4778 422 4848 quia
452 4782 629 4830 totum
663 4782 750 4830 est
773 4778 993 4846 justum
1038 4781 1094 4829 et
1119 4782 1359 4839 rectum,
1392 4782 1575 4830 totum
1607 4782 1692 4829 est
1737 4792 1856 4829 om-

156 4868 297 4920 nino
363 4866 713 4935 praescitum,
789 4869 976 4918 totum
1056 4865 1293 4918 omnino
1363 4866 1850 4935 praedestinatum.

160 4956 323 5010 Unde
354 4955 508 5008 idem
544 4954 745 5009 beatus
784 4953 1161 5025 Augustinus,
1200 4954 1299 5024 qui
1332 4953 1390 5007 in
1422 4954 1527 5007 hoc
1557 4955 1681 5007 loco
1720 4952 1857 5007 dicit

158 5044 483 5098 incredulos
531 5044 651 5113 jam
697 5043 891 5098 divina
948 5042 1308 5114 praescientia
1348 5043 1668 5109 damnatos,
1721 5041 1858 5095 alibi

160 5150 287 5188 cum
342 5137 613 5186 tractaret
660 5133 833 5187 verba
886 5131 1112 5187 Domini
1142 5132 1383 5185 dicentis
1430 5132 1499 5184 ad
1548 5132 1852 5201 quosdam:

165 5244 189 5269 ι(
222 5221 329 5275 Sed
363 5237 461 5274 vos
493 5237 605 5273 non
636 5220 868 5273 creditis
899 5220 1033 5290 quia
1065 5236 1180 5273 non
1220 5220 1355 5273 estis
1382 5236 1447 5272 ex
1487 5220 1685 5273 ovibus
1715 5219 1858 5272 meis

166 5313 343 5380 (Joan.
388 5326 445 5375 x,
497 5311 613 5378 26).
661 5330 689 5357 »
722 5310 965 5362 Eosdem
1012 5313 1252 5362 testatur
1298 5309 1491 5362 divino
1530 5308 1749 5379 judicio
1785 5307 1856 5362 ad

164 5406 435 5453 eternam
471 5403 709 5451 mortem
745 5397 1198 5467 praedestinatos,
1234 5397 1312 5451 ita
1344 5397 1539 5451 dicens
1587 5398 1664 5465 (in
1692 5400 1855 5452 Joan.

167 5493 331 5540 tract.
368 5489 494 5555 48):
556 5484 871 5557 [Quomodo
921 5501 1056 5555 ergo
1098 5486 1219 5539 istis
1262 5485 1437 5539 dixit:
1475 5507 1501 5533 «
1554 5486 1676 5538 Non
1725 5486 1860 5539 estis

171 5591 233 5628 ex
263 5576 465 5629 ovibus
519 5574 680 5637 meis,
712 5593 738 5623 »
780 5574 917 5643 quia
951 5573 1177 5627 videbat
1216 5590 1311 5627 eos
1341 5574 1407 5627 ad
1441 5575 1860 5645 sempiternum

1960 4433 2144 4492 sonat,
2178 4433 2240 4479 ut
2268 4426 2366 4496 qui
2393 4442 2494 4478 suo
2523 4424 2661 4476 vitio
2690 4427 2746 4475 et
2776 4438 2878 4475 suo
2909 4436 3177 4490 perverso
3230 4417 3467 4472 arbitrio
3500 4434 3528 4469 a
3555 4418 3657 4487 ju-

1962 4518 2117 4573 stitia
2148 4515 2439 4569 declinans
2485 4510 2904 4580 transgreditur
2952 4509 3021 4561 ad
3072 4507 3462 4576 iniquitatem,
3511 4505 3657 4574 juste

1963 4604 2139 4661 divini
2184 4601 2384 4672 judicii
2429 4599 2934 4670 prmdestinatione
2975 4602 3336 4667 prmparetur
3373 4594 3442 4647 ad
3467 4595 3658 4646 rhom-

1963 4696 2211 4766 phaoam,
2244 4690 2298 4743 id
2331 4694 2416 4742 est
2441 4689 2508 4741 ad
2537 4694 2769 4741 aeternae
2801 4684 3003 4739 mortis
3034 4685 3360 4739 vindictam.
3400 4685 3477 4737 De
3508 4697 3655 4750 qua-

1965 4783 2115 4837 libus
2165 4779 2335 4833 etiam
2385 4776 2523 4829 alibi
2570 4776 2844 4845 scriptum
2893 4779 2998 4840 est,
3049 4773 3201 4845 quod
3226 4794 3252 4820 «
3300 4772 3345 4824 si
3393 4766 3659 4822 averterit

1966 4887 2023 4925 se
2040 4872 2226 4940 justus
2252 4884 2285 4919 a
2314 4865 2533 4937 justitia
2559 4881 2679 4929 sua,
2712 4868 2769 4917 et
2798 4863 2996 4917 fecerit
3026 4861 3411 4933 iniquitatem,
3446 4855 3657 4909 morie-

1966 4963 2061 5013 tur
2088 4958 2150 5011 in
2176 4972 2242 5009 ea
2289 4955 2504 5020 (Ezech.
2556 4970 2712 5020 xviii,
2768 4955 2875 5012 24).
2910 4974 2935 5001 ››
2985 4952 3110 5005 Jam
3154 4952 3358 5002 caetera
3397 4944 3657 5013 Scriptu-

1968 5062 2161 5100 rarum
2211 5043 2543 5097 testimonia
2590 5059 2718 5113 qua:
2766 5044 3107 5112 sequuntur,
3172 5037 3317 5089 sicut
3365 5034 3539 5087 etiam
3593 5033 3661 5086 de

1969 5134 2315 5204 quibusdam
2344 5133 2463 5201 jam
2517 5131 2782 5201 superius
2814 5130 3029 5185 dictum
3078 5129 3183 5189 est,
3234 5139 3351 5176 non
3399 5121 3467 5175 ad
3517 5136 3659 5191 prae-

1968 5221 2265 5276 scientiam
2314 5221 2399 5273 vel
2454 5218 3012 5290 praedestinationem
3062 5212 3414 5275 futurorum,
3458 5210 3554 5262 sed
3594 5209 3661 5261 ad

1969 5325 2219 5381 praesens
2253 5308 2352 5363 Dei
2376 5308 2658 5379 judicium
2690 5304 2977 5377 pertinere
2998 5300 3408 5353 existimamus.
3444 5297 3508 5349 Et
3536 5296 3663 5349 ideo

1970 5398 2375 5470 praetermissis
2406 5398 2494 5453 his
2522 5413 2649 5468 quae
2682 5394 2750 5447 ad
2789 5396 3128 5463 praesentem
3158 5385 3533 5458 quaestionem
3565 5383 3667 5437 mi-

1973 5485 2128 5539 nime
2175 5485 2490 5555 pertinent,
2548 5482 2621 5536 ad
2675 5497 2742 5535 ea
2798 5495 2927 5549 qua:
2985 5480 3203 5531 restant
3257 5472 3667 5527 consideranda

1970 5578 2353 5629 transeamus.
