4108 6190
418 365 555 422 1043

1019 498 1242 554 CAPUT
1294 498 1504 553 XXXIV.

646 642 726 693 De
754 640 1231 710 praedestinati'onc
1257 641 1315 691 in
1343 644 1629 707 utramque
1653 644 1887 707 partem.

492 762 764 835 Sequitur
796 763 988 834 itaque
1019 762 1077 816 in
1106 761 1495 833 responsione.

1074 936 1464 976 HINCMARUS.

498 1063 517 1088 α
555 1040 661 1095 Sed
696 1039 788 1093 isti
836 1038 1089 1093 malivoli
1118 1056 1234 1093 non
1286 1039 1670 1108 intelligentes
1705 1056 1831 1110 quae
1858 1040 2115 1110 loquun-

421 1133 539 1195 tur,
566 1129 654 1182 vel
684 1129 752 1183 de
784 1128 992 1199 quibus
1026 1128 1344 1195 afﬁrmant,
1397 1128 1754 1182 confundunt
1806 1129 2115 1199 prasscien-

419 1216 564 1271 tiam
595 1221 650 1270 et
679 1216 1282 1285 praedestinationem;
1318 1221 1373 1269 et
1403 1216 1547 1269 sicut
1595 1216 1741 1269 male
1783 1216 2117 1285 intelligunt

421 1305 781 1360 authenticas
816 1304 1171 1374 Scripturas;
1207 1305 1285 1358 ita
1317 1310 1373 1357 et
1420 1305 1665 1374 pessime
1716 1306 1888 1358 verba
1937 1305 2116 1359 sancti

422 1393 728 1463 Augustini
761 1393 820 1446 in
848 1394 1190 1463 quibusdam
1224 1393 1383 1457 locis,
1432 1395 1573 1446 sicut
1618 1394 1674 1446 in
1726 1393 2115 1463 Enchiridion,

423 1487 481 1537 et
510 1482 570 1535 in
598 1482 756 1536 libris
807 1482 874 1535 de
906 1480 1141 1536 Civitate
1175 1481 1291 1548 Dei,
1336 1485 1393 1536 et
1422 1482 1552 1536 alibi
1603 1482 1776 1537 etiam
1826 1482 2119 1553 praedesti-

423 1576 586 1626 natos
617 1571 686 1625 ad
722 1570 1040 1636 interitum,
1077 1575 1132 1624 et
1177 1571 1454 1641 populum
1501 1578 1698 1625 natum
1741 1572 1811 1625 ad
1850 1571 1995 1624 iram
2023 1572 2116 1625 di-

422 1660 528 1714 cit:
570 1660 718 1714 unde
757 1659 929 1713 etiam
977 1664 1280 1730 postquam
1325 1660 1393 1713 de
1447 1659 1628 1714 libero
1676 1660 1911 1715 arbitrio
1960 1666 2015 1714 et
2047 1660 2116 1713 de

422 1748 779 1817 correptione
838 1752 894 1802 et
948 1749 1154 1818 gratia,
1234 1754 1291 1802 et
1344 1748 1413 1802 de
1471 1748 1822 1818 perfectione
1882 1750 2116 1819 justitiae

421 1836 692 1902 hominis,
740 1840 797 1890 et
860 1836 929 1889 de
962 1835 1463 1906 praedestinatione
1509 1842 1838 1891 sanctorum
1886 1838 1955 1891 ad
1989 1839 2118 1892 Pro-

424 1941 655 1996 sperum
707 1929 761 1978 et
812 1924 1111 1990 Hilarium,
1156 1925 1254 1978 ubi
1306 1925 1449 1978 nihil
1496 1926 1565 1979 de
1614 1926 2116 1997 praedestinatione

422 2014 823 2084 reproborum,
896 2013 993 2067 sed
1063 2014 1132 2067 de
1204 2014 1706 2083 praedestinatione
1787 2022 2117 2069 sanctorum

420 2102 601 2168 dixit;
638 2102 831 2155 multis
871 2101 1291 2171 postulantibus
1340 2102 1643 2172 scripserat
1693 2104 1903 2157 librum
1938 2107 2119 2174 Hypo-

421 2191 765 2244 mnesticum
798 2190 1066 2243 adversus
1093 2191 1417 2245 leestium
1442 2196 1498 2244 et
1527 2192 1820 2261 Pelagium
1847 2208 1860 2257 ;
1894 2193 2121 2263 scripsit

423 2278 493 2332 de
525 2279 783 2349 quinque
832 2278 1262 2348 questionibus,
1306 2283 1361 2333 et
1419 2280 1564 2333 hanc
1619 2285 1833 2334 sextam
1887 2282 2009 2335 loco
2041 2298 2122 2336 re-

422 2367 776 2420 tractationis
808 2366 1202 2436 superaddidit
1245 2367 1314 2421 de
1348 2368 1844 2438 praedestinatione
1870 2386 1882 2435 ;
1912 2370 2011 2424 ubi
2060 2387 2117 2424 se

422 2458 651 2507 excusat
676 2471 791 2508 non
818 2471 886 2508 eo
917 2471 1086 2508 sensu
1126 2455 1335 2509 dixisse
1374 2473 1477 2509 nec
1505 2457 1751 2527 intelligi
1798 2459 1938 2512 velle
1968 2475 2117 2527 prae-

426 2542 738 2596 destinatos
769 2543 837 2596 ad
866 2543 1184 2610 interitum,
1217 2545 1313 2597 sed
1346 2544 1405 2598 in
1434 2544 1740 2616 iniquitate
1788 2548 1874 2600 vel
1905 2548 2118 2617 impie-

425 2634 538 2684 tate
594 2631 1096 2700 perseverantibus
1158 2647 1385 2700 pmnam
1452 2649 1573 2687 esse
1635 2635 2113 2704 praedestinatam.

426 2719 681 2783 Quarum
713 2718 1097 2790 quasstionum
1129 2724 1185 2772 et
1208 2720 1635 2775 absolutionum
1667 2724 2017 2778 mentionem
2058 2726 2117 2779 in

426 2808 571 2860 libro
624 2823 798 2878 quem
863 2806 1090 2877 scripsit
1138 2813 1337 2862 contra
1402 2810 1736 2866 Manichazos
1793 2828 1859 2866 ex
1916 2813 2117 2868 Genesi

422 2895 574 2951 facit.
599 2916 627 2945 ››

1081 3037 1458 3078 RESPONSIO.

499 3144 813 3213 Propterea
866 3144 1190 3212 malivolos,
1243 3147 1299 3201 id
1362 3151 1445 3200 est
1506 3147 1667 3202 illum
1725 3148 2113 3206 miserabilem

426 3232 794 3297 monachum,
848 3238 905 3287 et
938 3234 1039 3303 qui
1088 3250 1215 3288 cum
1268 3251 1334 3289 eo
1383 3236 1623 3289 forsitan
1667 3238 1938 3306 sentiunt,
1986 3256 2118 3293 con-

423 3321 665 3375 fundere
710 3322 1131 3392 praescientiam
1162 3330 1218 3377 et
1250 3324 1813 3394 prmdestinationem
1860 3326 2115 3382 divinam

424 3411 631 3480 arguit,
678 3409 815 3480 quia
869 3410 1015 3464 sicut
1071 3413 1129 3465 in
1190 3417 1309 3466 tota
1369 3412 1474 3466 ista
1532 3415 1903 3484 responsione
1955 3418 2114 3471 labo-

424 3498 589 3563 ravit,
654 3514 771 3551 non
824 3501 943 3551 vult
1020 3500 1265 3571 intelligi
1340 3502 1925 3571 praedestinationem,
2003 3506 2116 3560 nisi

426 3585 485 3638 in
515 3585 649 3638 solis
694 3586 925 3639 electis:
976 3586 1038 3640 in
1089 3588 1347 3657 reprobis
1401 3604 1535 3644 vero
1583 3591 1764 3645 solam
1815 3593 2118 3661 praescion-

422 3671 562 3725 tiam
614 3673 822 3728 debere
871 3675 1108 3743 sentiri;
1160 3676 1218 3730 in
1268 3694 1383 3748 qua
1439 3680 1751 3734 assertione
1798 3697 1915 3736 non
1964 3683 2117 3738 solos

423 3762 581 3827 istos,
636 3779 779 3833 quos
846 3769 1005 3818 vocat
1063 3766 1379 3834 malivolos,
1454 3769 1551 3823 sed
1622 3774 1846 3823 sanctos
1922 3772 2116 3827 Patres

424 3854 481 3904 et
534 3852 792 3906 doctores
866 3853 1144 3920 Ecclesiae,
1224 3855 1322 3925 qui
1406 3856 1967 3924 praadestinationem
2022 3859 2116 3913 di-

422 3939 613 3992 vinam
642 3940 700 3993 in
742 3945 1047 4013 utramque
1094 3948 1316 4012 partem
1365 3948 1420 3997 et
1458 3944 1863 4001 intellexerunt
1912 3952 1967 4001 et
2010 3949 2113 4002 do-

426 4034 688 4097 cuerunt,
720 4046 777 4082 se
817 4031 1131 4100 culpandos
1182 4032 1468 4086 afﬁrmare
1517 4050 1879 4105 nequaquam
1926 4037 2113 4090 consi-

424 4116 601 4171 derat.
636 4118 795 4181 Quod
828 4134 960 4172 vero
992 4121 1237 4189 pessime
1279 4120 1415 4174 dicit
1448 4120 1691 4192 intelligi
1736 4122 1909 4175 verba
1937 4122 2116 4175 sancti

424 4206 728 4276 Augustini
760 4207 829 4272 (si
867 4207 994 4277 quis
1027 4207 1085 4260 in
1115 4208 1262 4261 libro
1298 4209 1688 4274 Enchiridion,
1741 4214 1796 4263 et
1849 4210 1907 4263 in
1955 4210 2115 4264 libris

425 4293 492 4347 de
524 4294 758 4348 Civitate
810 4295 909 4348 Dei
967 4300 1023 4348 et
1070 4295 1127 4349 in
1190 4297 1521 4350 tractatibus
1568 4298 1855 4368 Evangelii
1914 4315 2112 4352 secun-

426 4380 563 4434 dum
610 4382 912 4447 Joannem,
965 4384 1044 4436 ita
1090 4384 1373 4455 intelligat
1420 4386 1982 4456 prmdestinationem
2028 4404 2116 4441 re-

422 4468 735 4539 proborum
782 4470 849 4523 ad
902 4470 1219 4538 interitum,
1279 4473 1425 4528 sicut
1481 4490 1606 4528 eam
1648 4474 1744 4528 ille
1794 4480 1849 4529 et
1892 4475 2115 4547 scriptis

426 4556 543 4611 suis
572 4574 676 4626 per
706 4574 905 4613 omnes
946 4561 1231 4629 ecclesias,
1278 4568 1333 4616 et
1373 4562 1559 4617 verbis
1608 4563 1777 4617 etiam
1830 4564 2118 4633 praesenti-

424 4646 532 4699 bus
578 4646 803 4716 populis
853 4648 1190 4720 simpliciter
1237 4655 1292 4703 et
1340 4652 1616 4706 veraciter
1661 4652 2009 4722 prmdicavit)
2047 4657 2117 4705 at-

424 4751 537 4805 que
569 4735 647 4788 ita
685 4742 927 4791 conatur
983 4738 1298 4793 beatissimi
1347 4741 1591 4794 doctoris
1642 4740 2027 4805 manifestum,
2063 4745 2118 4795 et

428 4839 685 4877 veracem
737 4840 966 4878 sensum
1016 4827 1323 4891 (nescimus
1374 4828 1435 4881 in
1480 4829 1621 4899 quid
1669 4829 1843 4897 aliud)
1896 4845 2118 4900 perver-

425 4915 544 4965 tere
574 4916 630 4966 et
670 4912 1030 4983 detorquere,
1084 4919 1313 4984 quantas
1361 4916 1749 4983 absurditatis,
1797 4917 1914 4971 imo
1948 4934 2117 4989 quam

425 4999 619 5069 impiae
654 4999 1119 5070 praesumptionis
1155 5001 1245 5063 sit,
1282 5002 1411 5072 quis
1441 5004 1618 5072 possit
1655 5004 1983 5074 explicare?
2012 5006 2118 5058 Per

424 5087 534 5142 hoc
584 5088 739 5141 enim
783 5105 895 5141 non
946 5090 1131 5143 solum
1181 5105 1412 5144 sensum
1459 5092 1967 5147 ecclesiasticorum
2016 5094 2117 5147 Pa-

425 5183 599 5241 trum,
657 5176 754 5230 sed
809 5177 980 5230 etiam
1042 5178 1212 5232 ﬁdem
1267 5179 1545 5246 Ecclesiae,
1598 5186 1655 5234 et
1718 5182 2115 5235 auctoritatem

424 5264 734 5335 Scriptura:
781 5263 987 5319 divinae
1034 5282 1066 5318 a
1114 5272 1272 5337 parte
1341 5283 1613 5323 evacuare
1676 5268 1984 5323 invenitur.
2034 5271 2118 5323 Ita

426 5368 676 5423 namque
711 5352 905 5407 Patres
936 5354 1295 5422 docuerunt;
1332 5356 1410 5409 ita
1450 5357 1696 5410 Ecclesia
1744 5357 1991 5413 ﬁdeliter
2038 5361 2119 5411 te-

426 5439 661 5504 net;ita
693 5440 984 5512 Scriptura
1032 5443 1285 5497 veritatis
1324 5444 1608 5499 veraciter
1664 5446 1972 5500 tenendum
2016 5446 2115 5500 de-

426 5532 745 5581 monstrat:
780 5530 924 5584 sicut
949 5530 1071 5600 jam
1112 5532 1396 5601 superius,
1447 5538 1621 5603 prout
1654 5534 1928 5589 Dominus
1979 5534 2116 5590 dare

426 5612 694 5684 dignatus
723 5622 827 5685 est,
859 5618 994 5672 satis
1022 5620 1409 5689 probavimus.

1547 364 1602 417 S.
1646 362 1915 418 REMIGII
1944 357 2431 417 LUGDUNENSIS
2469 358 2779 415 EPISCOPI

3784 356 3917 409 Νήέὶ

2837 495 3062 549 CAPUT
3103 495 3289 549 XXXV.

2223 639 2295 690 De
2336 637 2473 690 libro
2526 638 2980 704 Hypognosticon.
3029 666 3099 677 —
3152 640 3223 691 De
3264 638 3457 704 primis
3495 638 3918 707 Pelagiamrum

2392 708 2661 776 reliquiis.
2692 736 2764 748 —
2792 711 2863 761 De
2886 707 3362 776 przdestinatione
3396 708 3751 777 reproborum

2294 848 2571 918 Adjungit
2604 849 2773 902 etiam
2812 866 2927 902 rem
2959 865 3182 915 novam,
3215 854 3263 902 et
3299 865 3482 920 neque
3531 866 3598 902 ex
3650 849 3917 913 lectione,

2224 952 2410 1007 neque
2461 953 2524 990 ex
2577 938 2759 990 veraci
2819 955 3009 1007 adqui
3063 937 3370 990 traditione
3423 938 3586 991 nobis
3638 939 3921 991 hactenus

2224 1032 2597 1096 compertam.
2646 1028 2763 1090 Quo
2814 1027 3047 1085 scilicet,
3125 1025 3325 1079 beatus
3364 1026 3743 1095 Augustinus,
3796 1032 3921 1095 post

2226 1130 2424 1167 omnes
2484 1114 2660 1167 libros
2718 1130 2875 1182 suos,
2945 1113 3233 1183 scripserit
3298 1115 3607 1184 quemdam
3658 1113 3919 1166 libellum

2226 1218 2400 1272 quem
2449 1203 2641 1256 Graeco
2703 1203 2976 1255 vocabulo
3044 1202 3522 1272 Hypomnesticon
3587 1201 3919 1262 nominant,

2226 1291 2378 1361 quod
2405 1290 2598 1344 Latine
2644 1293 3077 1344 memoratorium
3126 1292 3554 1359 interpretatur,
3592 1290 3651 1343 in
3705 1306 3823 1360 quo
3855 1291 3923 1343 de

2226 1380 2480 1450 quinque
2515 1379 2924 1450 quaestionibus
2950 1385 3145 1433 contra
3173 1380 3467 1449 Pelagium
3502 1385 3557 1432 et
3588 1379 3920 1433 Calestium

2226 1468 2618 1538 disputaverit.
2656 1469 2718 1521 Et
2748 1468 3031 1539 quidquid
3071 1468 3131 1521 in
3174 1467 3629 1538 praesidentibus
3657 1467 3825 1520 libris
3856 1468 3921 1520 de

2226 1556 2733 1626 przedestinatione
2766 1555 2959 1609 divina
2993 1572 3128 1626 erga
3168 1556 3596 1609 damnationem
3643 1556 3920 1624 reprobo-

2227 1661 2353 1698 rum
2412 1645 2650 1710 dixerat,
2706 1660 2823 1697 non
2886 1644 2961 1697 ita
3006 1660 3065 1697 se
3127 1644 3349 1711 dixisse,
3397 1650 3461 1697 ut
3517 1645 3587 1697 ab
3650 1645 3923 1698 omnibus

2228 1732 2435 1785 dixisse
2466 1733 2852 1802 cognoscitur,
2889 1738 2946 1786 et
3002 1732 3385 1802 intelligitur:
3419 1733 3515 1786 sed
3566 1732 3681 1785 alio
3716 1733 3924 1786 absur-

2226 1820 2484 1886 dissimo,
2538 1826 2593 1874 et
2659 1820 3263 1874 inconvenientissimo
3314 1836 3484 1874 sensu
3548 1825 3611 1873 ut
3664 1837 3773 1891 per
3823 1822 3923 1874 hoc

2226 1910 2377 1981 quod
2409 1910 2551 1963 dixit
2603 1910 2812 1980 impios
2862 1911 2933 1965 ad
2990 1911 3285 1964 interitum
3328 1910 3790 1979 praedestinatos,
3821 1927 3923 1963 no-

2226 1997 2397 2052 luerit
2427 1998 2673 2069 intelligi
2714 1998 2867 2067 ipsos
2903 1998 3110 2069 impios
3141 2000 3211 2052 ad
3258 1998 3556 2051 interitum
3617 2000 3923 2067 praedesti-

2227 2092 2409 2152 natos,
2440 2086 2533 2139 sed
2572 2086 2744 2156 (quod
2792 2103 2960 2140 nemo
2992 2088 3222 2140 credere
3265 2091 3363 2140 aut
3395 2087 3674 2156 suspicari
3709 2093 3920 2157 posset)

2226 2191 2456 2244 poenam
2515 2175 2596 2229 eis
2645 2175 2891 2244 intelligi
2950 2176 3197 2229 voluerit
3252 2191 3374 2228 esse
3430 2176 3916 2244 praedestinatam.

2225 2263 2358 2326 Quis
2390 2279 2645 2333 unquam
2678 2264 2896 2317 audivit
2936 2268 3051 2317 tam
3084 2264 3429 2333 pertinacem
3464 2264 3794 2330 audaciam,
3838 2267 3919 2316 vel

2228 2357 2344 2405 tam
2378 2352 2648 2405 audacem
2698 2353 3099 2421 pertinaciam,
3133 2357 3197 2406 ut
3246 2353 3671 2406 sanctissimum
3722 2360 3781 2407 et
3825 2370 3917 2406 ve-

2228 2440 2583 2494 racissimum
2616 2441 2905 2495 doctorem
2939 2441 3128 2511 ipsum
3160 2441 3229 2495 de
3274 2457 3332 2494 se
3364 2441 3529 2494 fateri
3568 2442 3914 2507 compellat:

2228 2528 2361 2599 quia
2388 2529 2537 2599 quod
2570 2528 2713 2582 dixit
2744 2529 2953 2599 impios
2997 2529 3055 2582 in
3088 2546 3189 2582 sua
3237 2529 3530 2597 impietate
3582 2545 3916 2598 permansu-

2227 2634 2321 2671 ros
2349 2617 2784 2687 prasdestinasse
2826 2618 2895 2671 ad
2939 2618 3258 2682 interitum,
3311 2634 3425 2671 non
3472 2617 3614 2671 dixit
3662 2618 3801 2688 quia
3837 2635 3917 2671 ve-

2226 2706 2434 2759 raciter
2473 2706 2553 2759 ita
2590 2705 2681 2768 sit,
2734 2706 2830 2760 sed
2870 2706 3023 2777 quod
3073 2705 3134 2759 in
3181 2705 3303 2774 ejus
3351 2705 3537 2758 verbis
3587 2708 3914 2759 nullatenus

2227 2800 2409 2861 sonat,
2443 2811 2671 2865 poenam
2713 2794 2771 2848 in
2813 2796 2893 2848 eis
2926 2794 3170 2865 intelligi
3203 2795 3440 2847 voluerit
3484 2795 3918 2865 praeparatam?

2226 2884 2361 2946 Quis
2392 2884 2560 2937 talem
2592 2884 3019 2949 absurditatem,
3056 2882 3172 2936 imo
3207 2883 3487 2936 insaniam
3513 2884 3661 2935 ferre
3697 2883 3918 2953 possit?

2225 2972 2334 3023 Nos
2377 2971 2530 3024 enim
2599 2971 2895 3024 manifeste
2946 2970 3230 3035 novimus,
3276 2970 3410 3040 quia
3467 2970 3703 3040 quando
3752 2971 3919 3023 libros

2181 3090 2196 3127 ε
2226 3058 2709 3111 Retractationum
2737 3058 2856 3127 jam
2892 3074 3060 3111 senex
3092 3062 3146 3111 et
3186 3059 3356 3111 morti
3396 3058 3616 3111 vicinus
3670 3058 3913 3125 scripsit,

2223 3145 2284 3199 in
2311 3145 2518 3215 quibus
2557 3159 2756 3198 omnes
2786 3144 3173 3215 przecedentes
3213 3144 3384 3197 libros
3430 3160 3563 3198 suos
3615 3144 3918 3214 diligenter

2224 3240 2281 3286 et
2336 3233 2583 3286 ﬁdeliter
2640 3233 2982 3299 retractavit,
3057 3249 3419 3303 nequaquam
3483 3233 3670 3286 adhuc
3750 3234 3915 3287 istum

2224 3321 2481 3375 libellum
2513 3321 2832 3392 scripserat.
2872 3322 3014 3386 Quia
3044 3321 3090 3374 si
3137 3321 3475 3391 scripsisset,
3527 3322 3729 3391 utique
3774 3325 3917 3374 inter

2224 3411 2367 3463 alios
2426 3410 2595 3463 etiam
2651 3411 2773 3480 ejus
2850 3409 3203 3463 mentionem
3262 3410 3502 3463 fecisset.
3557 3411 3912 3463 Manifestum

2224 3500 2397 3555 etiam
2432 3499 2677 3565 videtur,
2713 3498 2850 3569 quia
2881 3504 3011 3569 post
3041 3500 3161 3568 ejus
3191 3499 3433 3564 obitum,
3476 3499 3713 3569 quando
3747 3500 3913 3551 vitam

2223 3586 2404 3658 ipsius
2438 3592 2501 3657 et
2536 3587 2858 3657 catalogum
2906 3603 3017 3640 non
3084 3587 3267 3640 solum
3323 3586 3601 3640 librorum
3652 3588 3774 3657 ejus
3824 3586 3911 3640 sed

2225 3675 2397 3729 etiam
2428 3678 2774 3729 tractatuum
2806 3675 2873 3728 ad
2906 3676 3204 3746 populum,
3237 3680 3292 3728 et
3321 3676 3693 3745 epistolarum
3731 3676 3797 3729 ad
3833 3675 3912 3729 di-

2223 3779 2411 3818 versos
2456 3764 2690 3835 quidam
2739 3768 2965 3816 sanctus
3009 3763 3311 3834 episcopus
3359 3769 3418 3818 et
3484 3765 3754 3817 alumnus
3800 3766 3913 3833 ejus

2225 3853 2663 3923 diligentissime
2711 3852 2999 3906 recensuit
3029 3858 3083 3906 et
3116 3853 3435 3923 descripsit,
3470 3853 3718 3906 necdum
3750 3854 3911 3905 istum

2224 3942 2480 3996 libellum
2514 3943 2816 4012 scripserat
2843 3941 3043 3995 beatus
3076 3941 3459 4011 Augustinus:
3495 3941 3541 3994 si
3576 3942 3733 3995 enim
3783 3941 3909 3994 scri-

2224 4029 2450 4099 psisset,
2504 4029 2701 4099 utique
2752 4034 3028 4100 tanquam
3075 4030 3363 4099 praecipue
3410 4030 3727 4083 necessaria
3774 4030 3911 4083 inter

2224 4118 2365 4171 alios
2396 4118 2763 4171 annumerari
2787 4123 2841 4172 et
2873 4118 3164 4171 memorias
3187 4117 3583 4172 commendari
3616 4119 3905 4187 potuisset.

2224 4206 2382 4270 Quod
2416 4206 2464 4258 si
2496 4206 2699 4277 aliquis
2729 4222 2795 4259 ex
2829 4206 3085 4260 Ecclesia:
3128 4206 3459 4272 rectoribus,
3496 4206 3597 4277 qui
3637 4213 3767 4276 post
3796 4205 3906 4275 ejus

2225 4295 2443 4349 obitum
2488 4295 2841 4361 exstiterunt,
2894 4295 3229 4365 simpliciter
3274 4311 3406 4349 eum
3439 4311 3505 4348 ex
3548 4295 3717 4348 titulo
3760 4296 3908 4363 quia

2158 4384 2401 4438 Dsancti
2447 4383 2748 4453 Augustini
2796 4384 3029 4436 nomine
3076 4383 3383 4454 inscriptus
3426 4388 3529 4444 est,
3574 4398 3693 4435 non
3737 4381 3905 4435 consi-

2224 4473 2417 4527 derat-ii
2454 4472 2785 4542 diligentius
2818 4477 3058 4537 ratione,
3095 4489 3198 4526 nec
3229 4472 3421 4542 aliqua
3466 4472 3821 4529 necessitate,
3853 4474 3905 4521 ut

2225 4562 2279 4616 id
2323 4562 2546 4621 faceret,
2601 4560 3003 4630 compellente,
3063 4560 3241 4631 ipsius
3301 4576 3433 4613 eum
3488 4576 3611 4612 esse
3657 4559 3899 4620 credidit,

2226 4652 2387 4720 cujus
2419 4651 2479 4704 in
2510 4651 2692 4704 fronte
2734 4666 2941 4702 nomen
2980 4650 3193 4702 invenit
3221 4666 3232 4715 ;
3264 4649 3400 4720 quid
3440 4649 3547 4701 lioc
3577 4648 3903 4718 prmjudicat

2227 4738 2473 4805 veritati,
2509 4755 2637 4809 quas
2669 4738 2975 4808 diligenter
3005 4738 3291 4808 inquisita,
3332 4742 3385 4791 et
3430 4736 3667 4791 inventa
3696 4737 3901 4791 nullum

2227 4842 2398 4897 super
2428 4826 2530 4879 hac
2556 4841 2617 4877 re
2647 4840 2835 4878 errare
2870 4825 3167 4893 permittit.

2296 4913 2512 4968 Accidit
2542 4912 2644 4965 hoc
2695 4913 2864 4965 etiam
2914 4916 2968 4965 et
3018 4911 3471 4983 praeclarissimis
3506 4912 3771 4965 Ecclesia:
3805 4927 3901 4963 ma-

2226 5002 2415 5073 gistris
2447 5006 2509 5054 ut
2538 5001 2750 5054 scilicet
2782 5000 2897 5054 sive
2930 5017 2991 5054 ex
3024 5001 3188 5054 titulo
3217 5001 3372 5067 libri,
3418 5001 3534 5053 sive
3576 5017 3643 5053 ex
3690 5000 3901 5053 alterius

2228 5090 2555 5145 narratione
2610 5089 2827 5142 inducti
2882 5089 3223 5159 putaverint,
3276 5095 3330 5143 et
3406 5090 3743 5160 scripserint
3796 5090 3899 5156 ejus

2226 5180 2473 5234 auctoris
2514 5179 2746 5248 aliquod
2785 5194 2906 5233 esse
2961 5180 3321 5248 opusculum,
3364 5178 3527 5247 cujus
3572 5184 3774 5247 postea
3802 5190 3900 5229 non

2226 5285 2365 5335 esse,
2401 5273 2458 5321 et
2487 5267 2762 5321 veraciter
2786 5267 3198 5336 probaverunt,
3244 5272 3299 5319 et
3329 5266 3630 5319 humiliter
3675 5262 3897 5318 confessi

2226 5363 2375 5412 sunt.
2406 5357 2563 5412 Sicut
2614 5355 2812 5409 beatus
2848 5356 3229 5426 Hieronymus
3279 5354 3338 5408 in
3398 5354 3561 5408 libris
3608 5360 3802 5408 contra
3829 5366 3899 5405 ca-

2229 5446 2632 5500 lumniatorem
2672 5459 2838 5497 suum
2888 5443 2957 5497 de
3015 5444 3181 5509 libro,
3227 5459 3399 5513 quem
3442 5458 3508 5496 ex
3559 5442 3702 5497 falso
3751 5440 3894 5495 titulo

2225 5534 2541 5589 crediderat
2566 5531 2721 5586 beati
2760 5531 3057 5601 Pamphyli
3109 5530 3392 5600 martyris,
3446 5534 3501 5583 et
3542 5535 3741 5600 postea
3771 5530 3895 5580 inve-

2226 5621 2313 5674 nit
2372 5619 2598 5674 Eusebii
2651 5636 2773 5672 esse
2822 5619 3205 5683 Cassariensis,
3266 5618 3567 5672 manifeste
3626 5617 3889 5671 declirat:
