4048 6170
154 390 216 440 Η]
233 390 291 439 i5

1365 390 1573 447 LIBER
1615 393 1703 448 DE
1746 394 1999 448 TRIBUS
2044 395 2410 450 EPISTOLIS.

3520 408 3655 460 10"}6

144 524 212 576 Et
246 523 451 577 beatus
477 524 829 594 Augustinus
856 525 916 578 in
946 525 1105 579 libris
1128 527 1860 582 Retractationumeviden-
1896 531 1943 582 A
1970 534 2025 581 et
2054 530 2481 599 perturbatione
2512 547 2879 601 magnorum,
2909 539 2965 587 et
2993 539 3319 590 sanctorum
3346 538 3499 608 apud
3527 538 3655 593 Gal-

143 616 236 664 ter
275 618 692 665 commemorat
739 619 793 666 ct
848 614 1100 683 corrigit,
1146 616 1295 685 quod
1344 617 1505 684 juxta
1557 617 1849 685 cujusdam

142 701 384 771 scripta,
420 701 731 754 sententias
763 702 1034 771 quasdam
1063 704 1130 756 de
1155 703 1335 756 libero
1369 703 1625 767 arbitrio,
1678 708 1732 756 et
1781 704 1850 756 de

140 790 337 858 gratia
399 790 496 842 Dei
561 790 641 842 sic
698 789 976 843 intellexit
1052 797 1109 843 et
1187 792 1512 861 exposuerit
1578 799 1848 861 tanquam

139 878 463 931 beatissimi
523 877 659 932 Xisti
716 879 990 931 Romanae
1048 879 1202 933 urbis
1244 880 1530 949 pontificis
1588 887 1642 933 et
1695 896 1849 933 mar—

139 967 313 1036 tyris,
346 981 475 1020 cum
507 981 536 1019 e
581 967 865 1018 contrario
927 972 1122 1035 postea
1179 968 1457 1022 invenerit
1513 968 1725 1022 ethnici
1757 985 1849 1022 eas

139 1071 268 1107 esse
300 1052 651 1124 philQSOphi,
688 1053 743 1107 id
773 1060 856 1106 est
887 1054 1041 1107 Sexti
1070 1056 1402 1125 Pyhagorei.

216 1142 361 1194 Nam
397 1146 452 1193 et
488 1142 604 1210 ipse
638 1157 811 1211 supra
844 1147 1193 1194 memoratus
1225 1143 1448 1195 libellus
1497 1142 1847 1195 manifestis-

138 1228 307 1281 simis
354 1229 580 1282 iudiciis
629 1245 748 1281 non
780 1246 836 1281 se
877 1230 1056 1282 sancti
1114 1230 1413 1299 Augustini
1475 1246 1594 1283 esse
1652 1238 1846 1298 aperte

139 1319 424 1385 ostendit,
467 1319 602 1389 quia
656 1336 761 1372 nec
810 1319 1208 1389 praefationem
1258 1319 1509 1389 aliquam
1571 1319 1631 1371 in
1684 1319 1845 1372 initio

139 1407 230 1459 sui
266 1407 439 1475 gerit,
474 1408 569 1460 ubi
600 1424 656 1460 se
696 1408 765 1461 ab
798 1408 1083 1477 aliquibus
1133 1412 1421 1478 rogatum,
1469 1409 1552 1460 vel
1597 1408 1704 1461 sibi
1753 1424 1847 1461 ue-

136 1496 394 1548 cessario
428 1495 631 1561 visum,
668 1503 729 1549 ut
760 1496 827 1550 de
858 1496 957 1549 tali
996 1512 1077 1561 re,
1112 1495 1169 1548 id
1201 1503 1285 1549 est
1331 1496 1845 1565 praedestinationis

136 1583 343 1651 verbo,
399 1582 459 1636 in
509 1584 625 1637 suis
657 1584 816 1638 libris
868 1583 1231 1653 corrigendo,
1297 1585 1413 1637 sive
1466 1586 1629 1638 aliter
1671 1602 1842 1655 expo-

137 1672 337 1725 nendo
363 1672 589 1743 aliquod
643 1689 858 1726 novum
891 1690 1032 1741 opus
1064 1673 1354 1739 scriberet,
1392 1679 1446 1727 et
1494 1673 1843 1743 signiﬁcasse

136 1759 491 1815 inveniatur.
551 1762 659 1815 Nec
713 1761 828 1814 ulla
884 1761 1010 1814 talis
1068 1761 1373 1815 necessitas
1422 1762 1702 1816 exstitisse
1750 1780 1839 1816 co-

138 1849 463 1920 gnoscitur,
544 1855 605 1903 ut
671 1850 739 1903 de
797 1850 911 1903 illis
974 1850 1230 1920 quinque
1283 1851 1718 1920 quaestionibus,
1775 1853 1843 1906 de

136 1939 358 2009 quibus
407 1945 522 1991 tam
580 1939 779 2001 multa,
841 1942 896 1992 et
949 1944 1064 1992 tam
1119 1939 1512 2008 multipliciter
1570 1941 1629 1993 in
1685 1942 1844 1995 libris

140 2025 603 2095 praecedentibus
634 2026 1041 2095 disputaverat,
1098 2025 1306 2080 iterum
1339 2044 1487 2081 novo
1536 2044 1707 2098 opere
1750 2029 1841 2083 di-

138 2120 379 2183 sputare
436 2119 750 2182 cogeretur.
814 2114 917 2168 Sed
972 2120 1029 2167 et
1075 2114 1194 2184 ipse
1250 2131 1437 2168 sermo
1491 2116 1560 2169 ab
1613 2118 1841 2188 eloquio

136 2202 326 2256 sancti
376 2202 679 2272 Augustini
738 2204 985 2256 multum
1030 2203 1355 2273 discrepat:
1416 2209 1470 2257 et
1516 2221 1713 2258 sensus
1771 2207 1840 2259 ab

135 2292 300 2345 illius
330 2308 501 2345 sensu
534 2308 648 2344 non
696 2308 898 2362 parum
948 2292 1187 2345 inferior
1238 2292 1508 2359 habetur;
1544 2300 1599 2346 et
1652 2295 1842 2348 mode-

136 2381 251 2433 stia
280 2386 452 2450 atque
498 2380 796 2433 humilitas
826 2396 1051 2433 morum
1094 2385 1149 2433 et
1180 2396 1508 2434 sermonum
1551 2382 1672 2451 ejus
1725 2400 1839 2437 non

136 2468 220 2522 ibi
268 2474 562 2533 servatur;
596 2472 651 2521 et
692 2470 1008 2521 testimoniis
1039 2484 1105 2521 ex
1154 2468 1419 2521 Hebraica
1464 2472 1835 2536 translatione,

135 2572 318 2629 quam
355 2557 554 2609 beatus
584 2556 967 2626 Hieronymus
1000 2556 1197 2624 edidit,
1226 2562 1434 2622 praeter
1455 2558 1577 2627 ejus
1604 2576 1839 2613 consue-

138 2646 405 2699 tudinem
436 2651 635 2698 contra
677 2645 804 2697 illos
851 2644 1150 2697 haereticus
1205 2646 1403 2698 utitur.
1440 2646 1600 2709 Quod
1642 2647 1735 2700 ille
1771 2664 1840 2702 ex

137 2735 383 2804 antiqua
407 2733 601 2803 potius
642 2734 890 2787 editione
917 2733 1100 2786 facere
1149 2734 1455 2787 consuevit.
1512 2736 1575 2787 Et
1606 2752 1839 2805 prorsus

138 2823 209 2875 de
245 2828 406 2875 tanto
437 2822 556 2874 viro
603 2822 813 2874 sentire
846 2821 1145 2891 indignum
1178 2826 1280 2886 est,
1314 2822 1568 2888 verbum,
1605 2829 1661 2876 et
1708 2841 1835 2876 sen-

136 2927 268 2965 sum
325 2910 864 2979 praadestinationis,
918 2926 1089 2979 quem
1121 2910 1277 2963 omni
1322 2916 1578 2980 tempore
1612 2911 1669 2963 in
1723 2913 1835 2964 suis

133 2999 368 3067 scriptis
400 3004 456 3051 et
497 2998 1001 3068 praedicationibus
1050 2999 1237 3052 tenuit
1284 3004 1338 3051 et
1394 3000 1833 3067 commendavit,

132 3094 192 3141 et
220 3102 397 3157 quem
432 3086 491 3138 in
536 3086 694 3139 libris
716 3084 1206 3139 Retractationum
1241 3101 1600 3156 nequaquam
1636 3103 1832 3156 repre-

128 3174 445 3229 hendendo
482 3174 677 3244 utique
705 3173 1061 3244 approbavit,
1094 3174 1151 3226 in
1180 3174 1289 3227 hoc
1338 3174 1531 3228 libello
1563 3192 1834 3229 evacuare

132 3271 193 3319 et
221 3265 519 3317 destruere
549 3263 895 3329 inveniatur,
932 3268 991 3315 ut
1014 3264 1132 3331 jam
1182 3279 1249 3315 ex
1300 3264 1629 3333 hujusmodi
1681 3281 1835 3317 occa-

135 3352 321 3417 sione,
370 3366 475 3403 nec
520 3350 1018 3404 retractationibus
1051 3350 1174 3420 ejus
1206 3350 1345 3404 lides
1371 3350 1698 3405 adhibenda
1747 3351 1830 3405 vi-

130 3440 363 3494 deatur.

208 3527 373 3581 Unde
405 3526 589 3595 magis
620 3526 889 3580 credibile
920 3531 1022 3592 est,
1059 3528 1211 3597 quod
1266 3544 1384 3580 non
1413 3544 1587 3598 parvo
1649 3528 1832 3598 spatio

132 3620 266 3685 post
291 3616 417 3685 ejus
450 3615 669 3668 obitum
705 3632 735 3667 a
757 3616 1006 3685 quodam
1038 3616 1149 3669 alio
1182 3616 1427 3685 scriptus
1475 3617 1565 3682 sit,
1609 3622 1664 3670 et
1711 3633 1832 3670 ma-

129 3720 249 3774 gna
277 3719 346 3756 ex
398 3708 557 3772 parte
608 3703 772 3772 juxta
830 3703 1087 3768 modum,
1148 3709 1204 3756 et
1264 3703 1506 3756 formam
1562 3721 1830 3759 sensuum

130 3792 279 3861 ejus,
332 3796 533 3844 contra
594 3791 949 3859 Pelagianos,
1003 3797 1056 3845 et
1116 3792 1483 3845 leestianos
1532 3792 1830 3847 haareticos

127 3880 198 3932 de
233 3879 349 3932 illis
381 3878 635 3949 quinque
666 3877 1170 3948 periculosioribus
1191 3895 1391 3932 eorum
1418 3880 1828 3949 quaestionibus

128 3968 382 4021 breviter
437 3968 703 4020 collectus
767 3971 936 4037 atque
990 3967 1271 4036 digestus;
1333 3974 1388 4021 et
1446 3968 1580 4038 quia
1640 3974 1829 4023 auctor

131 4059 275 4125 ejus,
308 4056 489 4126 ipsius
523 4056 675 4109 beati
717 4056 1021 4126 Augustini
1065 4072 1261 4110 sensus
1314 4057 1471 4109 brevi
1526 4056 1634 4110 isto
1689 4074 1829 4128 Opu-

125 4147 287 4199 sculo
315 4144 473 4197 velut
502 4144 557 4197 in
591 4160 771 4197 unum
797 4144 1091 4214 collegisse
1122 4150 1178 4198 et
1223 4145 1555 4214 explicuisse
1585 4145 1825 4212 videtur,

124 4235 261 4288 ideo
290 4233 403 4303 ipsi
430 4234 701 4303 opusculo
742 4248 953 4286 nomen
993 4233 1171 4285 sancti
1202 4232 1508 4301 Augustini
1557 4234 1615 4286 in
1662 4235 1827 4288 titulo

124 4322 406 4392 praeferre
442 4320 678 4374 voluerit
709 4336 722 4372 :
756 4337 870 4374 non
900 4320 1053 4391 quod
1105 4335 1233 4372 vere
1260 4320 1329 4372 ab
1376 4319 1476 4372 illo
1521 4320 1594 4373 sit
1641 4322 1827 4375 editus

1960 617 2063 669 lias
2112 618 2385 687 virorum,
2455 620 2551 689 qui
2629 621 2752 689 ejus
2829 622 3310 691 disputationibus
3368 626 3655 681 intantum

1959 706 2203 774 permoti
2237 707 2486 772 fuerunt,
2521 712 2573 761 et
2619 709 2867 778 quodam
2914 711 3082 764 tzedio
3136 712 3339 779 affecti,
3399 718 3457 768 ut
3508 732 3652 785 prm-

1958 793 2355 847 destinationis
2414 812 2665 860 sensum,
2720 797 2821 866 qui
2878 799 2947 851 ab
2994 815 3059 852 eo
3105 806 3431 854 constanter
3477 808 3534 855 et
3577 803 3656 856 in-

1960 886 2173 934 stanter
2231 883 2666 952 praedicabatur,
2722 885 2809 937 vel
2857 887 3015 955 quasi
3059 887 3284 953 falsum,
3346 891 3429 942 vel
3491 892 3653 961 quasi

1960 969 2116 1022 valde
2154 970 2537 1039 periculosum
2567 972 2756 1041 potius
2788 975 3092 1028 tacendum
3129 993 3248 1029 esse
3303 978 3649 1046 judicarent.

1957 1056 2062 1110 Sed
2098 1073 2199 1110 nec
2231 1063 2387 1111 tanta
2414 1060 2867 1127 perturbatione,
2895 1068 2951 1115 et
2988 1064 3345 1131 permotione
3372 1065 3650 1130 fidelium,

1956 1144 2024 1197 ab
2076 1144 2392 1199 intentione
2439 1147 2816 1201 veracissimae
2870 1154 2925 1201 et
2974 1150 3317 1205 iidelissimze
3375 1154 3651 1207 doctrinae

1956 1248 2071 1286 suae
2105 1233 2293 1303 frangi
2332 1236 2541 1304 potuit,
2588 1241 2686 1289 aut
2734 1237 3005 1290 revocari.
3068 1238 3177 1292 Sed
3237 1240 3418 1308 magis
3471 1257 3565 1293 eos
3597 1247 3653 1295 et

1956 1320 2177 1391 scriptis
2211 1322 2324 1374 suis
2374 1323 2719 1392 inquantum
2770 1326 2957 1393 potuit
2995 1327 3297 1379 admonuit
3341 1333 3397 1381 et
3446 1328 3653 1382 instru-

1953 1410 2052 1476 xit,
2086 1417 2144 1463 et
2173 1411 2525 1464 orationibus
2568 1413 2717 1481 apud
2758 1415 2933 1466 Deum
2987 1415 3234 1483 profusis
3264 1415 3510 1469 ﬁdeliter
3552 1417 3650 1470 ad-

1950 1499 2118 1571 juvit,
2178 1504 2239 1551 ut
2278 1499 2666 1569 intelligerent
2708 1506 2765 1554 et
2812 1509 3185 1571 agnoscerent
3236 1520 3407 1573 quam
3456 1521 3649 1559 neces-

1954 1586 2121 1647 sario,
2150 1592 2205 1639 et
2236 1604 2406 1657 quam
2455 1588 2760 1641 salubriter
2807 1595 3043 1660 propter
3091 1592 3659 1648 commendationem

1956 1676 2161 1728 divinae
2196 1676 2392 1744 gratim
2423 1677 2677 1746 ejusdem
2709 1679 3226 1748 prtedestinationis
3266 1681 3472 1733 veritas
3516 1698 3648 1735 om-

1954 1764 2090 1817 nino
2122 1770 2177 1818 et
2207 1766 2493 1819 credenda
2523 1770 2578 1820 et
2608 1768 2970 1837 praedicanda
3000 1773 3162 1821 esset.

2028 1852 2313 1923 Pelagiani
2333 1870 2464 1906 vero
2489 1855 2742 1909 haeretici
2764 1872 3059 1926 nunquam
3085 1856 3647 1925 praedestinationem

1952 1942 2009 1993 in
2038 1947 2198 2010 parte
2230 1943 2626 2012 reproborum,
2663 1943 2799 2013 quia
2834 1948 2919 2013 (ut
2949 1947 3238 2014 putamus)
3272 1950 3327 1998 et
3357 1961 3546 1999 veram
3594 1952 3651 1999 et

1945 2029 2161 2099 justam
2218 2047 2339 2083 esse
2395 2032 2821 2097 intellexerunt,
2874 2033 2933 2085 in
2984 2034 3104 2102 ejus
3164 2034 3647 2103 disputationibus

1951 2118 2387 2188 reprehendisse
2418 2119 2793 2173 inveniuntur
2825 2136 2836 2173 :
2870 2122 2965 2174 sed
3004 2122 3403 2175 tantummodo
3432 2122 3490 2175 in
3527 2124 3643 2176 elc-

1951 2212 2170 2262 ctorum
2202 2214 2267 2262 ut
2297 2208 2547 2262 divinam
2590 2210 2833 2278 gratiam
2868 2211 3248 2276 destruerent,
3294 2217 3348 2265 et
3399 2212 3646 2265 liberum

1949 2298 2252 2351 arbitrium
2305 2297 2553 2349 hominis
2587 2298 2847 2351 sufﬁcere
2881 2300 3310 2363 conﬁrmarent,
3362 2316 3487 2353 eam
3539 2317 3641 2352 ne-

1950 2390 2255 2457 gaverunt;
2289 2385 2424 2455 quia
2473 2385 2753 2453 videlicet,
2807 2387 2851 2439 si
2899 2387 3266 2456 omnipotens
3313 2390 3461 2441 Deus
3515 2393 3645 2441 ante

1949 2474 2151 2527 mundi
2181 2474 2670 2541 constitutionem,
2721 2491 2862 2544 quos
2895 2476 3211 2529 salvaturus
3260 2481 3407 2529 esset
3449 2477 3642 2545 elegit,

1949 2566 2006 2615 et
2037 2562 2185 2615 dona
2227 2578 2347 2623 sua,
2382 2578 2510 2630 quae
2543 2562 2623 2615 eis
2663 2563 2973 2631 largiturus
3023 2563 3230 2629 fuerat,
3265 2564 3646 2633 praedestina-

1947 2650 2044 2715 vit,
2076 2653 2256 2702 cessat
2302 2649 2393 2702 hic
2438 2650 2625 2702 omnis
2672 2651 2911 2703 humani
2966 2651 3188 2704 arbitrii
3245 2653 3645 2722 prmsumptio,

1948 2741 2003 2789 et
2031 2736 2149 2788 sola
2183 2735 2282 2789 Dei
2312 2736 2493 2803 gratia
2540 2737 2963 2789 evidentissima
3012 2744 3067 2790 et
3120 2738 3448 2791 ﬁrmissime
3496 2755 3646 2791 com-

1946 2824 2272 2888 mendatur,
2307 2840 2410 2892 per
2459 2841 2628 2892 quam
2665 2826 2852 2894 ipsum
2904 2826 3073 2877 etiam
3122 2826 3441 2879 humanum
3486 2827 3646 2879 arbi-

1945 2912 2145 2971 trium,
2192 2915 2246 2963 et
2301 2928 2331 2963 a
2391 2912 2664 2965 servitute
2719 2913 2931 2981 peccati
2990 2913 3279 2977 liberatur,
3335 2920 3392 2965 et
3437 2913 3644 2966 divinis

1943 2998 2276 3051 muneribus
2314 2997 2651 3052 illustratur.
2706 3004 2887 3067 Atque
2938 2999 3012 3050 ita
3046 2999 3295 3051 evidenti
3328 3005 3384 3051 et
3428 3000 3640 3052 invicta

1942 3087 2185 3153 ratione,
2258 3091 2442 3139 totum
2511 3102 2707 3138 eorum
2768 3087 3202 3156 Pelagianorum
3291 3087 3520 3152 falsum,
3585 3094 3640 3140 et

1940 3174 2109 3227 fallax
2139 3174 2348 3241 dogma
2379 3174 2709 3227 destruitur.

2014 3264 2134 3315 Non
2166 3278 2300 3331 ergo
2334 3267 2525 3315 tantus
2556 3263 2757 3315 doctor
2788 3278 2976 3315 veram
3018 3263 3195 3316 divini
3240 3262 3445 3332 judicii
3487 3279 3634 3332 pras-

1943 3351 2385 3404 destiuationem
2431 3350 2499 3403 de
2558 3349 2924 3402 damnatione
2976 3349 3354 3418 reproborum
3414 3350 3472 3402 in
3535 3350 3633 3402 illo

1943 3439 2421 3509 Hypomnesticon
2454 3438 2647 3492 libello
2676 3438 2920 3507 negavit,
2960 3454 3132 3508 quam
3164 3438 3378 3508 ubique
3410 3437 3468 3490 in
3518 3438 3635 3491 suis

1942 3527 2166 3596 scriptis
2221 3527 2509 3579 asseruit:
2572 3528 2669 3580 sed
2724 3528 2865 3578 alius
2914 3526 3167 3596 quidam,
3220 3532 3285 3579 ut
3343 3530 3630 3595 putamus,

1940 3631 2090 3668 nova
2120 3615 2483 3683 postmodum
2516 3615 2767 3683 ipsorum
2812 3613 3253 3682 Pelagianorum
3300 3613 3634 3683 insurgente

1941 3703 2226 3757 calumnia
2258 3703 2411 3755 velut
2459 3718 2561 3771 per
2618 3702 2773 3754 illam
2823 3702 3391 3769 praedestinationem
3442 3719 3633 3773 repro-

1940 3790 2143 3845 borum
2210 3790 2279 3843 ad
2338 3790 2633 3842 interitum
2691 3789 2798 3840 hoc
2864 3790 3095 3842 doceret
3140 3790 3423 3856 Ecclesia;
3468 3790 3633 3861 quasi

1942 3880 2088 3932 Deus
2157 3892 2259 3929 sua
2321 3876 2822 3944 praedestinatione
2876 3876 3267 3929 necessitatem
3302 3876 3631 3944 imponeret

1937 3965 2289 4031 hominibus,
2324 3970 2379 4017 et
2409 3964 2465 4016 in
2497 3964 2613 4016 suis
2643 3962 3032 4031 impietatibus
3062 3964 3454 4032 permanendi,
3486 3967 3539 4017 et
3570 3963 3629 4017 iu

1937 4060 2216 4110 internum
2276 4052 2577 4123 pereundi,
2630 4052 2909 4104 subtraxit
2960 4052 3195 4105 verbum
3252 4052 3628 4121 praedestina-

1935 4143 2108 4198 tionis
2141 4142 2198 4195 in
2229 4146 2387 4211 parte
2427 4139 2798 4209 reproborum
2833 4155 2845 4192 :
2876 4139 3029 4209 quod
3074 4138 3267 4208 potius
3315 4140 3628 4193 secundum

1935 4232 2233 4286 veritatem
2257 4229 2432 4283 divini
2458 4228 2683 4298 judicii,
2717 4232 2774 4281 et
2799 4227 3107 4297 diligenter
3130 4228 3362 4297 exponi,
3394 4233 3450 4281 et
3479 4244 3630 4281 com-

1938 4319 2195 4374 mendari
2230 4321 2593 4389 oportuerat:
2644 4322 2700 4369 et
2747 4318 2928 4369 solam
2984 4321 3294 4370 electorum
3338 4317 3631 4387 praedesti-

122 4411 226 4465 sed
261 4425 392 4462 vere
419 4409 501 4476 (in
530 4414 811 4478 quantum
852 4413 1048 4461 auctor
1095 4409 1215 4475 ejus
1262 4408 1469 4477 potuit)
1515 4408 1676 4477 juxta
1718 4410 1825 4462 for-
1864 4406 1908 4459 D
1937 4409 2224 4462 nationem
2255 4411 2491 4460 conatus
2534 4410 2617 4459 est
2658 4421 2941 4471 asserere;
2973 4412 3143 4475 atque
3192 4405 3270 4459 ita
3318 4406 3456 4459 dum
3510 4407 3631 4459 vult

122 4514 283 4552 mam
321 4497 778 4566 disputationum
810 4497 931 4566 ejus
960 4496 1212 4566 digestus
1236 4501 1407 4566 atque
1451 4497 1821 4565 compositus.

123 4586 325 4653 (Velut
350 4586 398 4637 si
428 4584 694 4638 eumdem
743 4572 1022 4655 libellum)
1059 4584 1252 4639 Latine
1286 4605 1312 4632 ››
1366 4585 1825 4639 Memoratorium

120 4674 314 4727 sancti
344 4672 646 4742 Augustini
677 4694 703 4721 ››
738 4673 1026 4743 appellare
1072 4672 1362 4739 voluisset,
1426 4672 1567 4726 nihil
1630 4674 1823 4743 utique

120 4763 286 4818 aliud
316 4760 757 4831 intelligeretur,
792 4762 899 4815 nisi
931 4761 1066 4832 quia
1108 4762 1247 4816 illud
1280 4762 1433 4833 quod
1464 4762 1531 4815 ab
1568 4778 1632 4815 eo
1665 4779 1823 4833 spar-

119 4852 257 4916 sim,
293 4854 351 4903 et
380 4848 776 4919 multipliciter
819 4849 1004 4903 fuerat
1047 4850 1423 4921 disputatum,
1470 4850 1717 4904 breviter
1768 4854 1826 4904 et

119 4941 283 4994 velut
332 4938 436 4991 sub
486 4954 597 4991 uno
628 4944 860 5008 aspectu
902 4939 1156 5008 positum
1195 4939 1489 4993 memoriae
1538 4954 1825 4993 commen-

118 5029 307 5083 daret.
362 5028 501 5080 Nam
559 5026 607 5078 si
653 5027 855 5080 beatus
910 5028 1261 5098 Augustinus
1304 5027 1825 5097 praedestinationis

120 5116 371 5170 verbum
405 5116 461 5167 in
512 5120 673 5187 parte
720 5116 1117 5186 reproborum,
1170 5120 1232 5169 ut
1262 5116 1470 5170 durum
1519 5121 1573 5169 et
1616 5116 1822 5169 incon-

120 5220 372 5276 gruum;
404 5204 492 5258 vel
546 5204 720 5258 etiam
750 5204 955 5257 falsum
1004 5204 1062 5257 in
1094 5203 1209 5257 suis
1266 5203 1491 5272 scriptis
1520 5204 1823 5274 repudiare

120 5300 181 5350 et
207 5294 486 5347 damnare
521 5293 807 5358 voluisset,
852 5293 1031 5345 multo
1077 5292 1259 5362 major
1290 5296 1347 5345 et
1399 5291 1825 5346 formidolosior

122 5381 345 5435 exstitit
397 5382 639 5447 occasio;
690 5384 750 5436 ut
796 5382 903 5435 hoc
947 5381 1007 5434 in
1051 5380 1230 5445 libris,
1271 5396 1436 5450 quos,
1487 5380 1555 5434 de
1605 5380 1822 5450 praede-

123 5469 441 5524 stinatione
508 5473 833 5524 sanctorum
891 5474 946 5522 et
1016 5469 1170 5523 dono
1244 5469 1681 5539 perseverantia!
1752 5468 1822 5522 ad

122 5561 479 5627 Prosperum
530 5562 585 5610 et
638 5558 915 5612 Hilarium
975 5557 1216 5625 scripsit,
1281 5557 1462 5610 facere
1502 5562 1820 5626 cogeretur,

123 5646 508 5715 compelleute
536 5644 747 5698 scilicet
773 5650 929 5699 tanta
947 5661 1119 5714 super
1140 5645 1243 5698 hac
1265 5644 1334 5698 de
1366 5660 1425 5697 rc
1463 5645 1825 5714 querimonia

1934 4498 2091 4550 illam
2152 4496 2415 4558 refutare,
2467 4498 2522 4546 et
2579 4509 2870 4547 removere
2926 4494 3296 4561 calumniam,
3360 4508 3628 4563 magnam

1933 4584 2144 4638 erroris
2176 4583 2532 4636 occasionem
2582 4580 2757 4646 dedit,
2807 4586 2869 4633 ut
2925 4582 3185 4634 eamdem
3228 4588 3343 4635 tam
3409 4598 3540 4635 vera
3574 4587 3629 4635 et

1934 4670 2234 4726 manifesta
2264 4672 2321 4723 in
2373 4668 2743 4723 damnatione
2788 4670 3163 4737 reproborum
3188 4670 3383 4724 divina
3418 4669 3627 4740 prande-

1934 4761 2164 4815 stinatio
2191 4759 2350 4811 nulla
2379 4772 2501 4810 esse
2532 4756 2880 4825 crederetur,
2915 4762 2971 4810 et
3013 4763 3288 4829 tanquam
3340 4759 3497 4811 nulla
3529 4757 3622 4821 sit,

1935 4855 2260 4919 negaretur.
2314 4848 2675 4917 Quapropter
2721 4846 3026 4917 diligenter
3075 4848 3360 4918 inquisita,
3403 4852 3457 4899 et
3508 4846 3623 4899 evi-

1932 4939 2134 4993 denter
2192 4936 2385 5007 agnita
2436 4935 2691 4995 veritate,
2753 4941 2901 4989 esset
2958 4936 3246 4989 contentio
3293 4939 3350 4988 et
3394 4934 3625 4988 animo-

1933 5027 2069 5081 sitas
2099 5025 2327 5089 erroris,
2374 5028 2429 5078 et
2471 5023 2813 5094 suscipiatur
2854 5024 3091 5078 libenter
3141 5028 3310 5092 atque
3359 5022 3626 5076 obedien-

1933 5121 2020 5169 ter
2079 5114 2460 5167 manifestatio
2514 5113 2787 5167 veritatis.
2842 5113 2911 5167 Ut
2960 5117 3149 5165 autem
3196 5110 3467 5189 quinque.
3498 5112 3623 5163 illas

1934 5202 2295 5275 quazstiones,
2330 5202 2445 5255 sive
2467 5201 2855 5271 oppositiones
2881 5199 3317 5268 Pelagianorum
3342 5200 3400 5252 in
3439 5196 3619 5265 libris,

1933 5307 2076 5362 quos
2107 5290 2174 5343 de
2207 5288 2564 5359 expositione
2607 5290 2860 5356 Genesis,
2897 5288 3049 5340 idem
3096 5288 3293 5341 beatus
3352 5287 3619 5357 Augusti-

1931 5394 2041 5433 nus
2083 5384 2277 5432 contra
2356 5394 2577 5432 errores
2650 5383 2704 5431 et
2770 5375 3123 5446 blasphemia
3184 5375 3621 5428 Manichaeorum

1933 5466 2162 5537 scripsit
2193 5470 2689 5533 commemoraret,
2721 5482 2823 5519 nec
2869 5466 2927 5518 in
2974 5464 3186 5518 nostris
3214 5463 3505 5518 codicibus
3535 5464 3623 5516 in-

1932 5553 2176 5621 venitur,
2214 5571 2315 5608 nec
2358 5555 2472 5607 ulla
2517 5554 2659 5607 ratio
2692 5569 2810 5606 esse
2866 5553 3090 5607 videtur
3126 5569 3137 5605 :
3190 5552 3325 5621 quia
3378 5551 3625 5605 manife-

1935 5649 2086 5698 stum
2118 5644 2355 5698 omnino
2385 5648 2486 5708 est,
2514 5642 2740 5713 quando
2770 5642 2996 5695 eosdem
3029 5640 3207 5695 libros
3236 5640 3392 5695 idem
3432 5645 3628 5695 auctor
