4108 6190
486 353 506 403 t
517 351 620 402 047

1614 346 1668 399 S.
1712 346 1981 401 REMIGII
2016 346 2496 401 LUGDUNENSIS
2535 345 2843 402 EPISCOPI

3826 348 3941 401 1048

483 484 839 555 conscripsit,
880 484 1084 555 primis
1127 484 1246 536 fere
1298 483 1482 536 adhuc
1528 483 1885 552 temporibus
1943 498 2173 536 conver-
2214 484 2260 535 Α
2291 481 2445 536 tione
2477 483 2694 536 occulte
2717 482 2973 552 quidem,
3007 481 3105 535 sed
3145 482 3298 551 juste
3334 481 3388 535 id
3412 480 3727 551 judicavit:
3773 500 3798 530 α
3836 482 3944 535 Non

483 573 687 641 sionis,
722 573 837 626 sive
895 572 1235 642 presbyterii
1286 572 1393 638 sui,
1456 572 1695 624 necdum
1740 578 1875 624 tunc
1922 571 2175 641 Pelagia-

483 679 686 716 norum
720 677 931 715 nomen
966 666 1064 714 aut
1087 661 1350 714 haeresim
1386 661 1700 727 exstitisse;
1728 661 1823 714 sed
1844 662 2017 729 longo
2051 664 2181 730 post

480 755 763 820 tempore,
820 756 877 803 et
950 749 1142 802 multis
1173 749 1661 801 intercedentibus
1724 750 1887 801 annis
1979 765 2176 801 eorum

480 839 763 891 insaniam
819 844 989 907 atque.
1056 838 1554 907 impugnationem
1624 844 1820 890 contra
1874 838 2178 890 Ecclesiam

481 927 807 980 surrexisse.
851 928 917 979 Et
954 926 1080 978 ideo
1112 927 1267 995 quod
1299 942 1484 995 neque
1516 927 1584 979 ad
1624 926 1957 979 Manichaeos
1994 926 2177 978 haere-

479 1015 619 1067 ticos
659 1014 1006 1084 pertinebat,
1069 1030 1255 1083 neque
1293 1031 1322 1066 a
1380 1015 1721 1084 Pelagianis,
1780 1014 1879 1084 qui
1934 1014 2176 1067 necdum

479 1104 658 1156 exorti
713 1105 961 1164 fuerant,
1029 1102 1356 1155 nullatenus
1400 1094 1619 1172 “opponi
1680 1110 1963 1173 potuerat,
2021 1104 2177 1159 nulla

480 1208 714 1263 prorsus
753 1191 896 1244 ratio
930 1190 1233 1260 permittit,
1278 1196 1342 1243 ut
1386 1191 1538 1260 quod
1592 1192 1774 1245 adhuc
1819 1194 2049 1263 penitus
2088 1195 2175 1247 fu-

476 1278 1095 1348 turumignorabatur,
1137 1278 1195 1330 in
1245 1279 1356 1331 illis
1405 1278 1563 1332 libris
1613 1281 1769 1333 velut
1826 1288 2173 1335 transactum

481 1372 1051 1421 commemoraretur.
1109 1368 1250 1419 Sunt
1298 1367 1529 1435 quidem
1575 1367 1723 1420 circa
1781 1369 1950 1421 tinem
2004 1371 2174 1423 libro-

478 1471 606 1510 rum
657 1456 991 1509 eorumdem
1043 1454 1289 1507 breviter
1332 1460 1529 1507 contra
1576 1456 1911 1509 Manichaeos
1965 1475 2173 1527 propo-

480 1544 623 1610 sitas,
656 1550 826 1614 atque
876 1543 1149 1613 expositae
1185 1544 1449 1613 quadam
1482 1544 1736 1614 quinque
1795 1546 2168 1615 quaestiones;

478 1634 575 1686 sed
606 1633 674 1686 ad
710 1633 1045 1701 Pelagianos
1092 1631 1236 1684 nihil
1287 1634 1659 1701 pertinentes,
1695 1638 1751 1686 et
1794 1651 1991 1687 eorum
2037 1636 2172 1689 nul-

480 1720 595 1774 lam
628 1720 964 1773 memoriam
994 1719 1284 1773 facientes.

1079 1842 1307 1896 CAPUT
1348 1844 1569 1897 XXXVI.

619 1952 694 2003 De
714 1949 871 2002 libris
899 1950 1203 2016 Augustini
1226 1949 1299 2001 ad
1328 1951 1647 2017 Prosperum
1669 1954 1719 2003 et
1734 1951 2028 2005 Hilarium.

550 2072 697 2125 Illud
721 2087 953 2142 quoque
987 2072 1141 2141 quod
1199 2070 1341 2125 dixit
1379 2072 1616 2141 scriptor
1648 2073 1909 2143 Epistolas
1940 2091 1952 2128 :
2010 2075 2173 2145 [Quia

478 2161 538 2214 in
573 2161 732 2213 libris
766 2161 835 2214 ad
865 2162 1209 2229 Prosperum
1255 2165 1311 2213 et
1342 2162 1620 2215 Hilarium
1654 2162 1875 2233 scriptis
1906 2164 1975 2216 de
2022 2182 2170 2234 pra:-

476 2249 852 2303 destinatione
939 2249 1303 2315 Sanctorum,
1389 2254 1443 2302 et
1503 2250 1651 2303 dono
1709 2254 2167 2321 perseverantiae,

476 2338 621 2391 nihil
670 2338 823 2391 idem
860 2338 1059 2391 doctor
1091 2337 1296 2391 dixerit
1328 2337 1396 2391 de
1435 2339 1937 2407 praedestinatione
1970 2357 2169 2413 repro-

477 2426 679 2479 borum
712 2427 780 2479 ad
817 2424 1160 2497 interitum]
1202 2426 1535 2479 Nullatenus
1564 2443 1759 2480 verum
1804 2444 1923 2481 esse
1956 2446 2169 2499 cogno-

476 2514 712 2581 scimus;
744 2514 1077 2583 frequeuter
1108 2514 1261 2567 enim
1292 2515 1351 2567 in
1386 2515 1597 2569 eisdem
1640 2516 1798 2569 libris
1846 2518 1915 2571 de
1956 2520 2168 2571 utrius-

478 2618 589 2671 que
631 2601 827 2670 partis,
881 2602 936 2655 id
989 2608 1073 2655 est
1128 2602 1439 2655 electorum
1502 2609 1557 2657 et
1603 2606 1979 2673 reproborum
2031 2623 2171 2677 pra!-

476 2686 855 2741 destiuatione
889 2705 1042 2742 nunc
1082 2690 1273 2752 simul,
1310 2707 1463 2744 nunc
1504 2692 1765 2745 distincte
1797 2694 2069 2764 disputat.
2106 2697 2170 2749 Et

476 2774 608 2828 ideo
640 2776 785 2829 liber
816 2778 910 2830 ille
958 2777 1026 2831 de
1080 2779 1583 2833 Praedestinatione
1643 2788 1971 2836 sanctorum
2030 2784 2165 2837 titu-

474 2864 646 2930 latur,
683 2881 797 2917 non
833 2866 967 2936 quia
1012 2870 1066 2918 et
1113 2867 1181 2919 de
1228 2867 1732 2936 praedestinattone
1791 2871 2165 2939 reproborum

475 2953 616 3006 nihil
650 2954 730 3006 ibi
764 2954 991 3020 dicitur,
1046 2955 1139 3008 sed
1193 2956 1327 3025 quia
1359 2973 1421 3009 ex
1456 2958 1676 3010 meliori
1733 2964 1893 3028 parte
1958 2976 2165 3014 nomen

2290 571 2443 623 enim
2502 574 2585 623 est
2641 571 2912 640 iniquitas
2990 570 3141 639 apud
3204 571 3403 635 Deum,
3464 569 3554 622 sed
3588 568 3948 622 inscrutabilia

2289 665 2423 711 sunt
2453 659 2661 727 judicia
2694 660 2836 727 ejus,
2896 662 2951 711 et
3000 658 3427 727 investigabiles
3479 659 3580 710 viae
3625 658 3744 726 ejus
3792 660 3942 726 (Rom.

2288 764 2340 809 ιι,
2378 750 2481 807 33).
2522 746 2575 818 η]
2610 749 2749 800 Item
2783 747 2859 799 ibi
2892 752 3016 815 post
3060 748 3356 817 paululum
3386 746 3568 814 (ibid)
3605 762 3617 797 :
3669 744 3945 817 [Duorum,

2288 835 2493 905 inquit,
2553 836 2914 905 geminorum
2978 851 3224 904 quorum
3269 851 3418 887 unus
3476 836 3801 895 assumitur,
3853 850 3948 885 una

2286 924 2656 994 relinquitur,
2687 925 2877 993 dispar
2920 936 2999 975 ut
3032 923 3235 981 exitus.
3269 923 3473 975 merita
3516 922 3851 975 comm'inia.
3896 924 3947 976 In

2286 1013 2495 1083 quibus
2535 1020 2728 1066 tamen
2762 1014 2839 1066 sic
2871 1014 3013 1065 alter
3044 1028 3251 1081 magna
3275 1012 3370 1065 Dei
3393 1012 3642 1065 bonitate
3676 1012 3944 1067 liberatur.

2288 1107 2347 1155 ut
2376 1104 2518 1155 alter
2548 1103 2707 1155 nulla
2739 1102 2858 1170 ejus
2899 1101 3198 1172 iniquitate
3244 1101 3549 1153 damnetur
3580 1117 3592 1152 :
3647 1122 3667 1147 ι
3708 1101 3947 1169 Nunquid

2285 1192 2435 1244 enim
2470 1196 2553 1244 est
2581 1190 2853 1260 iniquitas
2876 1191 3023 1261 apud
3052 1191 3250 1255 Deum,
3275 1189 3422 1242 absit
3448 1190 3619 1259 (Rom.
3674 1206 3747 1251 ix,
3784 1189 3859 1253 ti)
3888 1205 3897 1241 :
3928 1210 3943 1233 ι

2284 1280 2380 1333 sed
2417 1300 2443 1327 α
2481 1280 2902 1349 investigabiles
2932 1284 3069 1331 sunt
3110 1278 3215 1331 via:
3262 1277 3461 1347 ipsius.
3493 1297 3519 1327 ii
3554 1278 3753 1346 Itaque
3798 1278 3947 1329 mise-

2283 1368 2587 1420 ricordiam
2620 1369 2740 1436 ejus
2782 1368 2840 1419 in
2867 1366 2956 1419 his
2989 1366 3085 1436 qui
3117 1366 3451 1430 liberantur,
3487 1372 3543 1418 et
3586 1365 3870 1418 veritatem
3901 1365 3945 1416 in

2281 1455 2369 1507 his
2391 1455 2490 1525 qui
2522 1455 2843 1525 puniuntur
2875 1454 2998 1506 sine
3024 1454 3376 1507 dubitatione
3412 1454 3733 1507 credamus.
3782 1454 3947 1522 Neque

2280 1544 2673 1597 inscrutabilia
2732 1542 2995 1609 scrutari,
3058 1547 3157 1595 aut
3214 1542 3638 1612 investigabilia
3694 1542 3943 1611 vestigare

2281 1633 2600 1702 conemur.]
2636 1634 2698 1685 Et
2725 1633 2834 1684 alio
2865 1632 2987 1683 loco
3023 1633 3163 1699 (cap.
3209 1630 3293 1697 14)
3332 1646 3342 1684 :
3381 1631 3535 1699 [Haec
3559 1636 3646 1683 est
3676 1630 3943 1700 praedesti-

2282 1722 2435 1775 natio
2480 1727 2806 1773 sanctorum
2866 1720 3011 1773 nihil
3049 1720 3203 1773 aliud
3255 1720 3634 1789 praescientia,
3689 1720 3885 1772 scilicet
3905 1722 3949 1771 et

2281 1809 2627 1880 praeparatio
2653 1810 3065 1863 beneﬁciorum
3101 1808 3220 1877 Dei,
3258 1808 3463 1879 quibus
3494 1808 3805 1861 certissime
3837 1807 3950 1859 libe-

2281 1904 2502 1965 rantur,
2557 1898 2925 1968 quidcunque
2981 1897 3313 1951 liberantur.
3378 1897 3583 1950 Caeteri
3636 1902 3821 1949 autem
3870 1895 3948 1947 ubi

2281 1987 2391 2041 nisi
2422 1987 2481 2040 in
2528 2003 2710 2040 massa
2740 1986 3080 2056 perditionis
3130 1986 3287 2055 justo
3324 1986 3513 2037 divino
3553 1985 3773 2053 judicio
3803 1984 3947 2036 retin-

2282 2082 2554 2145 quuntur.
2617 2077 2680 2129 Et
2747 2076 3004 2129 iterum:
3068 2073 3178 2146 [An
3237 2075 3384 2127 forte
3441 2090 3544 2127 nec
3598 2075 3723 2144 ipsa
3780 2073 3948 2126 dicunt

2282 2164 2687 2235 praedestinata
2718 2181 2730 2217 :
2767 2180 2904 2233 ergo
2935 2180 3037 2217 nec
3065 2164 3276 2217 dantur
3296 2180 3329 2215 a
3357 2164 3494 2229 Deo,
3525 2168 3626 2215 aut
3674 2179 3741 2216 ea
3773 2180 3825 2214 se
3864 2162 3942 2213 da-

2282 2257 2473 2305 turum
2520 2269 2640 2305 esse
2682 2253 2933 2306 nescivit.
2992 2252 3152 2315 Quod
3199 2251 3245 2302 si
3299 2258 3355 2304 et
3402 2253 3631 2315 dantur,
3694 2256 3746 2302 et
3800 2266 3861 2302 ea
3900 2264 3945 2300 se

2281 2340 2547 2394 daturum
2582 2357 2702 2394 esse
2745 2340 3047 2410 praescivit,
3082 2340 3335 2409 profecto
3384 2338 3846 2409 praedestinavit]
3896 2338 3947 2389 Et

2281 2428 2535 2482 iterum:
2574 2428 2761 2501 [Nulla
2793 2446 2892 2482 sua
2931 2430 3121 2482 futura
3167 2429 3317 2481 dona
3363 2433 3418 2481 et
3462 2444 3594 2498 quas.
3656 2429 3833 2482 danda
3879 2443 3945 2477 es-

2280 2523 2424 2582 sent,
2475 2523 2531 2572 et
2583 2518 2789 2587 quibus
2829 2518 3016 2569 danda
3054 2522 3242 2569 essent
3307 2517 3486 2569 Deum
3540 2532 3663 2568 non
3715 2515 3943 2585 praescire

2283 2606 2538 2675 potuisse
2575 2624 2586 2660 :
2618 2622 2680 2659 ac
2712 2606 2818 2659 hoc
2864 2621 2967 2675 per
2997 2606 3101 2658 hoc
3134 2605 3567 2674 praedestinatos
3600 2605 3673 2658 ab
3705 2606 3797 2657 illo
3827 2618 3941 2665 esse,

2280 2711 2423 2764 quos
2456 2696 2657 2748 liberat
2700 2700 2757 2748 et
2786 2693 3064 2763 coronat]
3112 2695 3249 2746 Item
3308 2693 3489 2746 alibi:
3542 2693 3701 2763 [Sine
3752 2691 3943 2745 dubita-

2278 2784 2433 2837 tione
2465 2786 2619 2837 enim
2658 2783 2961 2851 praéscivit,
3014 2784 3057 2834 si
3088 2782 3544 2852 praedestinavit;
3604 2782 3706 2835 sed
3752 2782 3934 2851 praede-

2278 2874 2537 2940 stinasse,
2570 2878 2653 2926 est
2682 2873 2787 2925 hoc
2830 2873 3117 2942 praescisse
3171 2872 3323 2941 quod
3379 2872 3564 2925 fuerat
3624 2872 3743 2941 ipse
3790 2871 3939 2923 factu-

2277 2961 2421 3033 rus]
2456 2963 2583 3015 Ha>c
2605 2978 2672 3015 ex
2704 2978 2875 3031 supra
2920 2962 3248 3014 memoratis
3277 2961 3427 3014 beati
3458 2960 3763 3029 Augustini
3812 2958 3943 3012 libris

475 3042 710 3111 accepit,
757 3043 904 3095 sicut
927 3047 982 3095 et
1014 3044 1070 3095 in
1102 3043 1263 3097 libris
1293 3045 1363 3097 de
1423 3045 1662 3099 Civitate
1716 3047 1835 3111 Dei,
1868 3047 2063 3118 utique
2097 3050 2166 3102 de
2206 3071 2247 3126 ρ
2276 3049 2525 3103 breviter
2550 3050 2958 3103 consideranda
3008 3050 3426 3120 proposuimus,
3476 3054 3537 3101 ut
3587 3050 3792 3101 divine
3835 3063 3943 3116 prae-

473 3130 775 3201 utriusque
806 3131 1147 3197 civitatibus,
1182 3137 1237 3184 et
1272 3133 1389 3197 Dei,
1433 3134 1665 3199 scilicet,
1695 3140 1750 3186 et
1790 3134 2005 3188 diaboli
2060 3153 2165 3205 pa-

473 3218 610 3270 riter
640 3222 696 3270 et
744 3220 1137 3288 multipliciter
1182 3220 1459 3290 disputat;
1504 3226 1557 3274 et
1615 3226 1805 3275 tamen
1837 3240 1900 3275 ex
1943 3225 2166 3279 meliori

472 3311 637 3375 parte
668 3307 845 3360 libros
876 3308 945 3360 de
981 3309 1217 3362 Civitate
1263 3309 1365 3362 Dei
1416 3310 1597 3363 voluit
1657 3313 1965 3381 appellare.
2026 3314 2169 3377 Quia

472 3411 608 3464 ergo
666 3396 913 3449 multum
971 3397 1041 3450 ad
1106 3403 1441 3465 praesentem
1494 3400 1891 3469 quaestionem,
1954 3402 2050 3455 ubi
2098 3404 2168 3456 de

473 3484 665 3537 divina
693 3484 1199 3554 praedestinatione
1233 3487 1439 3557 agitur,
1490 3490 1871 3543 necessarium
1920 3491 2163 3560 videtur,

473 3577 795 3641 opportune
829 3578 1000 3642 atque
1026 3574 1247 3627 utiliter
1278 3576 1401 3629 ﬁeri
1425 3576 1839 3645 existimamus,
1881 3583 1943 3631 ut
1976 3580 2169 3650 aliqua

473 3675 542 3713 ex
572 3660 786 3714 eisdem
818 3661 979 3714 libris
1010 3662 1082 3715 ad
1112 3663 1256 3716 hanc
1287 3680 1404 3716 rem
1430 3664 1773 3733 pertinentia
1807 3669 2168 3737 agnoscenda

473 3754 529 3801 et
546 3750 791 3803 tenenda
814 3751 1137 3819 legentibus
1157 3769 1561 3822 proponamus.
1595 3754 1691 3807 Ait
1721 3754 1896 3825 igitur
1917 3758 2165 3827 quodam

472 3838 592 3890 loco
624 3838 985 3909 distinguens
1029 3847 1330 3911 utramque
1378 3843 1969 3912 praedestinationem,
2023 3846 2166 3899 sicut

464 3926 583 3996 jam
635 3928 898 3995 superius
946 3930 1392 3984 memoravimus
1442 3931 1531 4000 (de
1576 3933 1830 3985 Praidest.
1875 3938 2072 4002 sanct.,
2115 3952 2160 3989 c.

474 4012 607 4082 10):
662 4011 1116 4085 [Praedestinatio
1166 4018 1266 4070 Dei
1312 4035 1442 4087 quae
1496 4020 1554 4071 in
1598 4020 1751 4073 bono
1808 4026 1909 4086 est,
1967 4023 2164 4093 gratias

469 4105 553 4153 est
617 4103 991 4171 praeparatio;
1056 4105 1240 4173 gratia
1293 4121 1425 4158 vero
1498 4112 1583 4159 est
1638 4108 1815 4177 ipsius
1872 4111 2164 4178 praedesti-

468 4187 716 4240 nationis
791 4190 1065 4258 eﬁ'ectus.]
1133 4192 1271 4244 Item
1338 4192 1474 4245 alibi
1529 4194 1677 4262 (cap.
1759 4196 1892 4265 20):
1967 4197 2163 4266 [Tanta

467 4275 685 4343 quippe
740 4277 810 4330 ab
868 4277 1117 4329 inimicis
1171 4279 1385 4332 Judaais
1441 4296 1645 4334 manus
1701 4282 1803 4335 Dei
1858 4291 1910 4337 et
1968 4286 2162 4339 consi-

466 4362 608 4414 lium
637 4364 1063 4431 praadestinavit
1100 4366 1247 4430 ﬁeri,
1307 4372 1522 4437 quanta
1570 4372 1886 4425 necessaria
1933 4372 2162 4428 fuerant

466 4450 773 4521 Evangelio
822 4458 1063 4523 propter
1092 4470 1214 4507 nos.
1250 4456 1380 4525 Agit
1410 4457 1623 4526 quippe
1656 4459 1803 4512 Deus
1835 4462 1986 4530 quod
2038 4464 2160 4516 vult

463 4537 525 4591 in
556 4540 825 4593 cordibus
857 4541 1154 4595 hominum
1188 4545 1273 4597 vel
1306 4544 1649 4615 adjuvando,
1696 4550 1779 4601 vel
1822 4550 2153 4618 judicando,

462 4630 527 4680 ut
564 4627 736 4681 etiam
768 4644 872 4698 per
901 4646 996 4682 eos
1022 4630 1327 4700 impleatur
1347 4633 1498 4702 quod
1534 4650 1737 4689 manus
1760 4637 1861 4690 Dei
1893 4643 1948 4691 et
1976 4640 2157 4692 consi-

461 4715 605 4769 lium
662 4718 1091 4786 praedestinavit
1138 4719 1312 4791 tieri._]
1373 4722 1436 4774 Et
1487 4723 1599 4776 alio
1675 4724 1799 4778 loco
1856 4728 1948 4791 (De
2016 4728 2154 4782 dono

460 4804 703 4870 Persem,
736 4821 858 4876 cap.
900 4806 983 4876 t8)
1020 4823 1031 4859 :
1067 4808 1216 4877 [llch
1267 4809 1413 4862 Deus
1442 4810 1725 4865 facturum
1769 4830 1826 4866 se
1854 4830 1974 4868 esse
2005 4833 2151 4886 pra:-

459 4892 640 4947 scivit.
693 4894 821 4963 Ipsa
873 4900 954 4948 est
1028 4896 1458 4964 przedestiuatio
1517 4906 1859 4964 sanctorum,
1921 4922 1948 4953 ς(
2007 4920 2151 4973 quos

458 4979 632 5049 elegit
652 4981 711 5034 in
744 4981 967 5035 Christo
1000 4988 1128 5036 ante
1165 4985 1631 5041 constitutionem
1663 4991 1865 5044 mundi
1890 4991 2038 5061 (Act.
2073 5009 2147 5061 iv,

460 5070 571 5137 t8).
604 5067 657 5139 η]
688 5070 750 5122 Et
781 5069 990 5124 iterum
1022 5074 1163 5139 (cap.
1202 5071 1288 5141 tt)
1316 5090 1327 5125 :
1366 5072 1448 5145 [Et
1470 5077 1742 5143 parvulis,
1775 5078 1983 5149 inquit,
2020 5081 2148 5150 qui-

452 5154 561 5209 bus
592 5157 732 5223 vult,
786 5157 959 5211 etiam
1004 5175 1118 5213 non
1173 5162 1495 5216 volentibus
1550 5181 1734 5236 neque
1788 5170 2148 5223 currentibus

453 5244 750 5309 subvenit;
785 5261 929 5315 quos
958 5252 1088 5300 ante
1136 5250 1598 5304 constitutionem
1629 5255 1827 5308 mundi
1882 5257 2056 5328 elegit
2086 5258 2147 5312 in

452 5333 677 5387 Christo
721 5334 960 5388 daturus
1014 5336 1095 5390 eis
1139 5338 1382 5406 gratiam
1446 5341 1651 5404 gratis:
1690 5347 1747 5395 et
1806 5344 2140 5414 majoribus,

451 5422 627 5476 etiam
689 5423 779 5476 his
828 5440 971 5493 quos
1023 5426 1285 5494 praevidit
1332 5429 1374 5480 si
1407 5430 1561 5498 apud
1594 5446 1691 5483 eos
1735 5432 1880 5485 facta
1931 5440 2139 5502 essent,

450 5508 569 5560 suis
629 5510 919 5564 miraculis
963 5513 1300 5578 credituros,
1333 5516 1542 5584 quibus
1591 5534 1705 5571 non
1770 5521 1886 5573 vult
1936 5522 2140 5576 subve-

450 5593 575 5648 nire
631 5612 746 5649 non
776 5599 1059 5654 subvenit.
1123 5602 1200 5654 De
1227 5603 1436 5671 quibus
1492 5605 1552 5659 in
1609 5623 1707 5660 sua
1760 5609 2135 5677 praedestina-

2276 3139 2527 3192 scientite
2556 3144 2611 3191 et
2638 3139 3160 3209 praadestinationis
3206 3144 3479 3192 mternam
3513 3143 3570 3191 et
3615 3137 3939 3190 immobilem

2271 3228 2566 3280 veritatem
2626 3227 2923 3297 perspicue
2984 3244 3117 3280 eum
3184 3227 3462 3293 docuisse,
3537 3233 3593 3280 et
3652 3225 3939 3296 legentibus

2273 3316 2704 3370 commendasse
2734 3316 3047 3371 certissime
3076 3331 3504 3385 cognoscamus.

2866 3423 3089 3477 CAPUT
3127 3422 3373 3476 XXXVII.

2699 3531 2772 3582 De
2800 3532 2985 3596 gratia
3014 3534 3063 3582 et
3092 3529 3258 3583 libero
3288 3528 3540 3581 arbitrio.

2344 3634 2614 3705 Sequitur
2640 3638 2828 3688 autem
2865 3635 2924 3687 iu
2956 3634 3190 3703 praefata
3219 3634 3612 3703 responsione.

2945 3756 3269 3793 HINCMARUS.

2346 3866 2372 3896 ‹‹
2401 3846 2506 3901 Sed
2542 3851 2599 3899 et
2622 3847 2827 3916 gratia,
2860 3846 2949 3899 vel
2994 3846 3173 3899 libero
3212 3845 3447 3899 arbitrio
3495 3845 3596 3914 qui
3653 3846 3846 3899 melius
3872 3861 3937 3896 sa-

2271 3934 2458 4005 piunt,
2519 3934 2598 3987 ita
2650 3934 2911 3999 credunt,
2968 3940 3024 3987 et
3089 3935 3171 3987 ita
3230 3934 3590 4004 loquuntur:
3656 3933 3935 3988 Arbitrium

2269 4022 2511 4075 liberum
2546 4021 2605 4074 in
2636 4022 2823 4091 primo
2856 4021 3091 4075 homine
3142 4037 3259 4075 non
3309 4022 3418 4074 fuit
3468 4027 3819 4085 emortuum,
3861 4018 3936 4071 sed

2268 4110 2550 4177 vitiatum,
2593 4110 2651 4163 in
2684 4111 2850 4165 nobis
2888 4116 3077 4164 autem
3110 4111 3175 4164 ad
3228 4111 3442 4163 malum
3483 4111 3774 4180 agendum
3821 4108 3937 4159 arbio

2270 4199 2444 4253 trium
2479 4200 2625 4252 malc
2651 4204 2734 4252 est
2764 4200 3043 4263 liberum;
3075 4199 3211 4270 quia
3248 4216 3281 4252 a
3310 4199 3493 4268 gratia
3524 4215 3644 4252 non
3701 4199 3931 4257 liberato,

2270 4287 2367 4340 sed
2400 4286 2546 4339 male
2577 4285 2754 4339 libero
2779 4286 3015 4339 arbitrio
3059 4286 3142 4339 usi
3202 4286 3485 4339 efﬁcimur
3532 4288 3681 4339 servi
3727 4282 3931 4357 peccati.

2201 4371 2241 4423 D
2268 4375 2347 4427 Ad
2380 4375 2525 4427 bene
2552 4374 2836 4445 agendum
2867 4380 3079 4436 autem,
3117 4374 3233 4428 imo
3261 4378 3315 4427 et
3345 4375 3414 4428 ab
3446 4374 3591 4428 bene.
3657 4372 3931 4426 volendum

2267 4466 2402 4515 tunc
2429 4479 2558 4515 vere
2581 4467 2663 4516 est
2694 4466 2953 4515 nostrum
2976 4462 3277 4516 arbitrium
3326 4463 3589 4515 liberum.
3630 4479 3760 4515 cum
3788 4460 3931 4514 fuerit

2266 4551 2448 4621 gratia
2484 4551 2811 4615 liberatum,
2845 4552 2997 4621 quod
3044 4567 3160 4604 non
3216 4556 3301 4604 est
3350 4552 3774 4617 resuscitatum,
3819 4549 3929 4619 quia

2265 4654 2381 4692 non
2416 4640 2522 4693 fuit
2553 4645 2881 4693 emortuum
2918 4657 2930 4706 ;
2965 4640 3061 4693 sed
3119 4640 3304 4711 gratia
3342 4645 3427 4692 est
3482 4647 3780 4702 sanatum;
3818 4637 3926 4707 quia

2264 4727 2400 4780 vitio
2432 4728 2540 4780 fuit
2569 4734 2925 4797 corruptum.
2966 4729 3031 4781 Et
3068 4728 3295 4797 reprobi
3345 4727 3553 4781 idcirco
3591 4738 3927 4797 nequaquam

2263 4816 2504 4869 caelestis
2534 4817 2736 4885 patria:
2782 4817 3017 4884 prtemia
3058 4822 3273 4870 (eterna
3318 4816 3659 4886 percipient,
3715 4816 3839 4886 quia
3875 4829 3926 4864 ea

2261 4921 2432 4971 nunc,
2487 4905 2623 4957 dum
2674 4904 2993 4974 promereri
3042 4909 3329 4975 poterant,
3383 4920 3447 4957 ex
3479 4905 3664 4958 libero
3695 4901 3923 4963 arbitria,

2259 4999 2751 5062 comtempserunt
2784 5009 2797 5045 ς
2830 4994 2978 5063 quod
3007 4993 3533 5047 videlicetliberum
3568 4994 3857 5047 arbitrium
3880 4990 3924 5042 in

2258 5082 2412 5135 bono
2442 5082 2722 5135 formatur
2751 5082 2967 5146 electis,
2999 5084 3138 5136 cum
3187 5098 3383 5135 eorum
3437 5098 3597 5134 mens
3626 5099 3660 5135 a
3710 5079 3923 5134 terrenis

2257 5170 2549 5224 desideriis
2626 5171 2809 5240 gratia
2892 5171 3179 5241 aspirante
3249 5172 3634 5240 suspenditur.
3732 5170 3922 5222 Bonum

2255 5258 2493 5328 quippe,
2518 5260 2670 5328 quod
2704 5259 2948 5327 agimus,
2975 5265 3027 5311 et
3076 5259 3176 5312 Dei
3210 5264 3316 5324 est,
3372 5263 3427 5311 et
3479 5265 3740 5311 nostrum
3774 5275 3787 5310 :
3839 5252 3921 5307 Dei

2253 5362 2360 5417 per
2386 5348 2832 5416 praevenientem
2868 5348 3150 5417 gratiam;
3196 5354 3456 5401 nostrum
3490 5364 3591 5418 per
3622 5348 3920 5417 obsequen-

2252 5441 2367 5489 tem
2401 5436 2638 5490 liberam
2663 5436 3052 5501 voluntatem;
3088 5436 3135 5489 si
3166 5437 3319 5490 enim
3370 5436 3471 5490 Dei
3511 5452 3628 5490 non
3655 5441 3760 5501 est,
3792 5431 3919 5485 unde

2250 5523 2304 5577 ei
2335 5523 2393 5576 in
2426 5530 2704 5577 aeternum
2740 5524 2954 5593 gratias
2982 5524 3246 5594 agimus?
3295 5525 3539 5577 Rursum
3603 5524 3645 5576 si
3680 5528 3917 5576 nostrum

2251 5628 2367 5665 non
2420 5618 2523 5678 est,
2580 5614 2729 5666 unde
2800 5612 2964 5665 nobis
3023 5613 3268 5667 retribui
3314 5614 3553 5683 praemia
3605 5607 3919 5681 speramus?
