4108 6190
273 362 403 414 1049

1480 360 1689 416 LIBER
1730 361 1821 416 DE
1860 360 2113 417 TRIBUS
2152 361 2516 417 EPISTOIJS.

3624 362 3756 417 1050

263 496 409 560 Quia
468 511 603 565 ergo
652 511 766 550 non
823 495 1113 549 immerito
1162 495 1375 567 gratias
1446 497 1694 567 agimus,
1747 498 1957 551 scimus
1988 500 2035 551 Α
2064 498 2267 551 vitium
2316 498 2510 569 itaque
2553 497 2865 553 aversionis
2906 515 2938 551 a
2978 498 3092 552 Deo
3125 513 3277 551 mors
3319 496 3527 551 animae
3570 501 3672 563 est,
3702 502 3760 551 et

263 586 415 655 quod
441 586 563 655 ejus
597 601 831 638 munere
874 584 1277 654 prazvenimur.
1317 587 1382 638 Et
1413 602 1639 638 rursum
1673 586 1806 657 quia
1840 602 1957 639 non

262 674 555 726 immerito
577 674 1013 726 retributionem
1039 675 1373 743 quaerimus,
1408 675 1618 726 scimus
1650 675 1797 744 quod
1831 674 1958 728 sub-

261 767 537 831 sequente
568 762 747 814 libero
784 762 1020 813 arbitrio
1052 762 1198 814 bona
1240 762 1539 831 elegimus,
1581 779 1710 833 qua:
1754 779 1954 831 agere-

261 867 411 902 mus.
464 851 619 903 Unde
674 852 817 903 sicut
857 855 1049 902 sancta
1102 850 1391 919 Scriptura
1441 851 1733 915 docemur,
1776 852 1958 921 gratia

261 939 667 1007 prrevenimur,
719 944 777 991 ut
824 939 967 991 bene
1017 940 1294 992 velimus:
1353 956 1457 1009 per
1502 940 1749 992 liberum
1798 940 1957 993 arbi-

262 1028 439 1079 trium
473 1028 713 1095 gratiam
751 1026 1169 1097 subsequimur,
1210 1034 1271 1080 ut
1298 1029 1442 1081 bene
1470 1044 1739 1098 agamus;
1776 1030 1958 1098 gratia

266 1116 625 1184 adjuvamur,
662 1122 721 1169 ut
761 1116 904 1168 bene
960 1132 1125 1184 agere
1176 1116 1483 1186 possimus,
1520 1118 1673 1186 quod
1722 1118 1956 1171 arbitrio

262 1204 559 1268 volumus;
594 1210 650 1256 et
681 1204 863 1271 gratia
908 1204 1366 1266 corroboramur,
1420 1211 1481 1258 ut
1510 1206 1567 1257 in
1600 1205 1771 1272 bono,
1806 1205 1957 1276 quod

262 1308 367 1362 per
408 1293 652 1344 liberum
701 1292 1001 1345 arbitrium
1050 1293 1452 1362 subsequendo
1504 1295 1805 1363 coepimus,
1839 1311 1960 1364 per-

262 1396 622 1432 severemus:
682 1384 738 1432 et
810 1380 992 1449 gratia
1049 1381 1471 1451 subsequimur,
1542 1388 1602 1435 ut
1668 1387 1722 1435 et
1777 1384 1959 1453 gratia

257 1470 443 1524 beatae
477 1470 864 1524 retributionis
893 1486 997 1540 pro
1029 1471 1212 1540 gratia
1246 1472 1413 1524 bona:
1447 1471 1800 1541 operationis
1830 1489 1959 1543 gra-

264 1558 408 1612 tuita
437 1558 621 1625 gratia
666 1574 1119 1611 remuneremur.
1158 1581 1177 1605 ι
1232 1560 1297 1611 Et
1327 1559 1717 1612 misericordia
1750 1561 1892 1629 ejus,
1927 1580 1955 1612 ››

263 1647 478 1717 inquit,
514 1647 568 1698 id
604 1652 686 1699 est
709 1646 892 1714 gratia
914 1667 939 1692 ‹‹
971 1646 1280 1714 praeveniet
1304 1662 1396 1700 me
1419 1649 1585 1713 (Psal.
1621 1664 1768 1714 Lvm,
1798 1649 1901 1719 ll).
1929 1670 1955 1697 ))

260 1738 403 1789 Item
431 1753 443 1789 :
472 1757 498 1783 ‹‹
526 1737 587 1788 Et
619 1734 1009 1788 misericordia
1040 1736 1162 1804 ejus
1218 1735 1585 1805 subsequitur
1634 1752 1725 1789 me
1778 1737 1961 1790 omni-

260 1825 369 1877 bus
400 1825 602 1878 diebus
656 1823 781 1877 vitae
839 1840 983 1877 meas
1040 1824 1206 1892 (Psal.
1260 1840 1394 1889 χχιι,
1451 1826 1526 1893 6).
1564 1846 1583 1871 ι
1644 1825 1740 1877 Et:
1780 1844 1805 1875 ι(
1853 1826 1959 1889 Qui

260 1919 505 1966 coronat
538 1919 591 1965 te
625 1913 684 1965 in
733 1912 1125 1966 misericordia
1172 1916 1228 1965 et
1276 1911 1741 1966 miserationibus
1773 1914 1952 1983 (Psal.

258 2017 352 2065 cn,
388 2000 461 2069 4).
498 2022 524 2048 ››

927 2104 1301 2144 RESPONSIO.

331 2186 356 2209 “
384 2178 445 2231 In
477 2176 565 2230 his
616 2176 800 2230 verbis
851 2182 1001 2248 quod
1049 2178 1264 2233 dictum
1310 2182 1428 2232 est:
1468 2202 1487 2226 σ
1539 2178 1856 2233 Arbitrium
1886 2178 1954 2232 1i-

257 2267 465 2321 berum
504 2268 559 2319 in
591 2267 778 2336 primo
811 2266 1046 2320 homine
1085 2283 1197 2319 non
1229 2266 1337 2320 fuit
1370 2272 1719 2333 emortuum,
1754 2268 1850 2321 sed
1882 2267 1959 2320 vi-

258 2356 507 2409 tiatum:
543 2377 569 2405 ))
606 2360 658 2408 et
690 2356 842 2426 quod
875 2356 1046 2425 paulo
1083 2360 1211 2425 post
1249 2356 1317 2408 de
1359 2356 1561 2408 eodem
1592 2356 1769 2409 libero
1800 2356 1956 2408 arbi-

260 2444 375 2496 trio
401 2444 770 2513 subjungitur
798 2459 809 2495 :
846 2466 871 2491 ‹‹
908 2444 1068 2506 Quod
1102 2460 1219 2496 non
1251 2448 1334 2496 est
1364 2444 1786 2513 resuscitatum,
1819 2445 1956 2515 quia

260 2549 383 2585 non
436 2532 541 2585 fuit
587 2538 939 2596 emortuum,
989 2532 1085 2584 sed
1135 2532 1317 2602 gratia
1368 2537 1452 2585 est
1495 2540 1779 2599 sanatum,
1823 2534 1958 2603 quia

256 2622 404 2675 vitio
434 2622 540 2674 fuit
565 2627 916 2690 corruptum,
950 2643 976 2669 »
1014 2621 1261 2674 multum
1290 2622 1569 2674 miramur
1599 2639 1711 2692 qua
1737 2622 1956 2677 ratione

260 2711 342 2765 ita
397 2711 591 2763 sentiri
640 2715 695 2764 et
737 2710 847 2763 dici
888 2710 1157 2780 potuerit.
1209 2710 1478 2780 Nunquid
1528 2712 1680 2764 enim
1738 2712 1957 2781 primus

259 2800 437 2853 homo
468 2799 754 2869 peccando
800 2800 860 2851 in
913 2799 1103 2852 anima
1154 2806 1415 2853 mortuus
1464 2816 1580 2853 non
1629 2806 1710 2854 est
1740 2803 1766 2854 ?
1812 2801 1958 2854 sicut

264 2889 558 2957 Scriptura
591 2887 882 2940 verissime
934 2887 1107 2941 dicit:
1142 2909 1169 2936 ‹‹
1219 2888 1424 2942 Anima
1470 2905 1597 2958 quas
1642 2890 1958 2958 peccaverit

260 2976 386 3044 ipsa
419 2976 696 3029 morietur
737 2976 958 3043 (Ezech.
1006 2992 1156 3042 xviii,
1202 2978 1280 3045 ιι).
1314 2996 1341 3022 η
1394 2977 1458 3029 Et
1508 2976 1643 3046 quid
1693 2983 1779 3030 est
1827 2992 1953 3029 vere

260 3066 509 3118 liberum
540 3065 842 3118 arbitrium
872 3065 1101 3131 animos,
1136 3064 1245 3117 nisi
1290 3064 1468 3118 libera
1516 3065 1725 3118 animus
1758 3066 1955 3118 volun-

256 3161 344 3206 tas
364 3156 392 3205 ?
418 3153 561 3216 Quid
585 3158 670 3206 est
691 3159 879 3206 autem
903 3154 1081 3207 libera
1099 3154 1307 3207 animas
1335 3155 1620 3220 voluntas,
1644 3154 1753 3206 nisi
1776 3153 1955 3207 libera

259 3242 529 3307 cbaritas,
565 3258 677 3311 qua
718 3247 918 3312 sponte
966 3248 1017 3295 et
1061 3240 1380 3295 voluntarie
1430 3246 1484 3293 et
1525 3241 1770 3311 perfecte
1826 3246 1955 3295 ante

259 3336 554 3402 peccatum
580 3332 691 3383 Deo
714 3330 1046 3383 adhazrebat
1071 3330 1283 3395 anima,
1300 3334 1437 3382 etex
1460 3346 1527 3382 eo
1548 3329 1895 3383 viviticabatu
1907 3347 1950 3392 r,

258 3426 537 3490 tanquam
566 3436 633 3471 ex
663 3419 816 3472 fonte
838 3419 964 3471 vitae
992 3426 1158 3478 :etex
1180 3419 1303 3487 ipso
1329 3418 1784 3483 illuminabatur,
1810 3419 1957 3473 sicut

259 3526 323 3562 ex
356 3525 488 3562 vero
521 3508 778 3573 lumine;
813 3508 902 3560 cui
933 3507 1179 3561 fideliter
1198 3507 1383 3561 dicere
1401 3508 1712 3561 debemus:
1750 3529 1776 3557 ‹‹
1811 3508 1957 3572 Quo-

255 3597 414 3649 niam
449 3598 602 3666 apud
633 3602 687 3650 te
716 3601 795 3649 est
831 3596 954 3649 fons
979 3596 1129 3661 vitaz,
1168 3602 1223 3650 et
1257 3596 1316 3649 in
1361 3596 1573 3649 lumine
1609 3601 1705 3649 tuo
1742 3597 1952 3650 videbi-

257 3702 387 3739 mus
428 3687 621 3739 lumen
678 3686 847 3753 (Psal.
904 3701 1063 3751 xxxv,
1128 3686 1294 3752 10).»
1348 3687 1568 3739 Mortua
1622 3691 1705 3739 est
1761 3686 1953 3755 itaque

256 3776 515 3828 humana
545 3775 737 3827 anima
777 3791 879 3845 per
917 3779 1236 3844 peccatum,
1279 3791 1392 3827 non
1437 3775 1753 3829 amittendo
1787 3776 1954 3844 (sicut

250 3866 374 3935 jam
407 3865 668 3935 superius
701 3863 968 3933 diximus)
994 3868 1260 3917 naturam
1294 3880 1488 3930 suam;
1520 3864 1615 3916 sed
1639 3864 1951 3917 amittendo

254 3968 453 4005 veram
502 3953 674 4005 vitam
707 3969 890 4018 suam,
954 3969 1083 4022 qua:
1137 3952 1223 4005 illi
1278 3954 1424 4005 Deus
1485 3956 1609 4005 est:
1674 3953 1827 4005 unde
1881 3953 1950 4006 ad

260 4043 443 4095 Deum
483 4057 758 4095 conversa
802 4042 1138 4107 viviﬁcatur,
1186 4046 1241 4094 et
1277 4042 1412 4093 vivit
1455 4043 1605 4094 Deo:
1646 4058 1679 4094 a
1712 4043 1825 4095 Deo
1859 4058 1954 4095 au-

256 4134 372 4183 tem
407 4146 601 4182 aversa
641 4131 884 4183 moritur
941 4132 1053 4183 Deo
1112 4134 1169 4183 et
1226 4129 1356 4183 vivit
1414 4136 1664 4200 peccato,
1721 4136 1776 4184 et
1830 4131 1953 4185 sine

259 4219 436 4273 dubio
460 4220 748 4272 voluntate
779 4220 1055 4273 avertitur
1106 4236 1139 4272 a
1177 4220 1289 4272 Deo
1323 4224 1384 4272 ut
1433 4220 1734 4283 moriatur,
1764 4226 1822 4273 et
1864 4237 1955 4273 vo-

259 4309 480 4361 luntate
513 4309 864 4361 convertitur
896 4308 959 4361 ad
1004 4310 1179 4361 Deum
1213 4311 1275 4359 ut
1317 4307 1649 4360 viviﬁcetur.
1683 4308 1954 4361 Voluntas

259 4411 400 4465 ergo
461 4394 667 4448 animae
718 4396 787 4449 ad
848 4396 1025 4448 Deum
1084 4411 1355 4448 conversa
1407 4394 1471 4448 ﬁt
1528 4396 1721 4459 bona;
1765 4412 1797 4448 a
1838 4398 1952 4450 Deo

258 4499 459 4537 aversa
504 4483 565 4536 fit
626 4484 815 4549 mala;
870 4484 941 4537 ad
995 4484 1171 4536 Deum
1218 4497 1492 4537 conversa
1538 4483 1890 4550 viviﬁcatur;
1924 4500 1957 4536 a

262 4573 380 4626 Deo
406 4589 601 4625 aversa
654 4572 915 4639 moritur,
970 4572 1113 4625 sicut
1153 4572 1301 4624 acies
1358 4572 1652 4624 oculorum
1693 4587 1955 4642 corpora-

256 4660 427 4723 lium,
461 4676 493 4712 a
524 4660 646 4713 luce
679 4676 874 4712 aversa
915 4659 1257 4713 tenebrescit
1285 4676 1299 4725 ;
1347 4658 1418 4712 ad
1467 4660 1647 4712 lucem
1683 4676 1955 4713 conversa

255 4748 537 4801 clarescit.
569 4747 713 4810 Quid
748 4752 831 4801 est
858 4748 1060 4801 vitium
1092 4748 1322 4809 animm,
1352 4746 1461 4799 nisi
1487 4746 1703 4800 aversio
1733 4764 1766 4799 a
1802 4749 1952 4801 Deo?

254 4842 316 4890 et
344 4835 484 4906 quid
525 4841 606 4889 est
636 4836 813 4889 virtus
845 4836 1073 4897 animae,
1118 4835 1230 4888 nisi
1270 4835 1567 4889 conversio
1604 4835 1672 4888 ad
1722 4836 1901 4889 Deum
1926 4838 1952 4889 ?

2063 587 2239 640 virtus
2292 587 2676 640 conversionis
2728 587 2797 641 ad
2860 588 3038 640 Deum
3098 586 3213 639 vita
3270 586 3478 639 anima:
3529 592 3632 639 est.
3695 587 3761 640 Et

2066 677 2201 745 quia
2256 676 2421 742 (sicut
2471 678 2590 745 jam
2649 676 2862 728 dictum
2917 682 3020 739 est)
3076 677 3366 728 voluntate
3419 676 3758 728 avertitura

2068 766 2202 832 Deo,
2234 771 2292 819 et
2333 766 2622 818 voluntate
2679 765 3026 817 convertitur
3079 765 3145 817 ad
3203 765 3401 829 Deum,
3453 764 3575 833 ipsa
3606 780 3757 817 aver-

2066 852 2225 905 sione
2258 854 2343 905 vel
2374 854 2743 906 conversione
2775 854 3032 906 voluntas
3078 854 3304 918 animae,
3360 870 3487 922 quae
3536 859 3759 906 natura-

2066 941 2197 993 liter
2242 958 2370 995 cum
2412 943 2535 1012 ipsa
2584 948 2639 994 et
2685 942 2742 994 in
2790 942 2913 1009 ipsa
2961 946 3064 1004 est,
3098 958 3226 993 cum
3258 943 3383 1010 ipsa
3438 946 3493 993 et
3536 941 3593 993 in
3634 941 3758 1010 ipsa

2064 1028 2280 1098 pariter
2307 1032 2404 1081 aut
2464 1029 2708 1082 moritur
2755 1035 2853 1081 aut
2885 1028 3218 1081 viviﬁcatur.
3257 1031 3317 1081 Et
3349 1028 3475 1081 ideo
3519 1029 3759 1082 nullate-

2067 1135 2175 1171 nus
2208 1118 2557 1171 credendum
2589 1123 2671 1170 est
2720 1118 2868 1187 quod
2918 1117 2979 1169 in
3029 1117 3214 1185 primo
3258 1117 3491 1169 homine
3531 1122 3758 1170 mortua

2066 1208 2260 1260 anima
2290 1223 2393 1276 per
2423 1213 2740 1275 peccatum,
2771 1223 2887 1260 non
2917 1205 3088 1259 fuerit
3117 1206 3374 1257 voluntas
3417 1206 3563 1258 bona
3611 1222 3757 1258 mor-

2066 1298 2164 1347 tua
2191 1295 2389 1348 eodem
2421 1300 2673 1365 peccato.

2642 1436 2868 1490 CAPUT
2907 1436 3187 1491 XXXVIII.

2066 1544 2215 1597 Bona
2268 1544 2517 1597 voluntas
2585 1559 2681 1611 per
2747 1545 2987 1608 gratiam
3048 1547 3264 1594 creatur
3325 1545 3375 1593 et
3442 1543 3752 1595 innovatur.

2476 1617 2639 1667 Deum
2670 1617 2888 1683 operari
2911 1615 3042 1666 velle
3072 1613 3207 1679 quid
3234 1614 3325 1665 sit.

2139 1739 2275 1791 Tota
2304 1754 2554 1808 namque
2586 1738 2776 1791 anima
2818 1753 2947 1790 cum
2986 1737 3273 1789 voluntate
3318 1750 3439 1802 sua,
3475 1739 3572 1787 aut
3598 1734 3757 1800 vivit,

2070 1833 2166 1880 aut
2206 1827 2485 1893 moritur;
2519 1833 2572 1879 et
2606 1826 2733 1879 ideo
2782 1842 2886 1879 nec
2925 1825 3046 1877 sine
3098 1826 3387 1877 voluntate
3437 1840 3539 1875 sua
3569 1823 3761 1891 potuit

2070 1916 2185 1969 Deo
2218 1916 2445 1969 vivere:
2480 1931 2583 1968 nec
2614 1915 2735 1967 sine
2769 1916 3052 1967 voluntate
3088 1931 3186 1965 sua
3216 1912 3403 1982 potuit
3435 1913 3547 1965 Deo
3589 1910 3756 1963 mori.

2070 2005 2183 2057 Nec
2215 2004 2338 2057 sine
2370 2004 2657 2057 voluntate
2689 2019 2791 2056 sua
2825 2002 3018 2055 vitiata
3049 2006 3133 2053 est
3174 2005 3404 2070 peccato
3437 1998 3755 2057 mortifero,

2067 2109 2171 2146 nec
2197 2093 2318 2145 sine
2352 2094 2644 2146 voluntate
2677 2107 2779 2144 sua
2818 2097 3048 2143 sanatur
3078 2106 3111 2142 a
3156 2094 3388 2158 peccato
3440 2086 3755 2140 mortifero.

2068 2182 2209 2241 Nam
2259 2181 2303 2232 si
2357 2181 2414 2233 in
2464 2180 2650 2251 primo
2700 2180 2936 2232 homine
2983 2182 3249 2248 peccante
3297 2176 3558 2229 voluntas
3608 2174 3760 2228 bona

2068 2286 2181 2322 non
2229 2278 2312 2324 est
2363 2275 2612 2335 mortua,
2669 2269 2961 2340 quomodo
3030 2283 3181 2319 nunc
3230 2282 3329 2336 per
3377 2264 3760 2317 viviﬁcantem

2068 2358 2313 2427 gratiam
2346 2363 2401 2411 et
2433 2363 2677 2423 creatur,
2730 2363 2785 2411 et
2818 2358 3141 2420 innovatur,
3173 2360 3229 2407 et
3271 2355 3414 2407 Deus
3464 2368 3588 2405 eam
3618 2366 3757 2420 ope-

2067 2450 2225 2499 ratur
2254 2447 2312 2499 in
2344 2446 2620 2500 homine?
2654 2447 2809 2500 Unde
2832 2445 2913 2499 ait
2939 2445 3260 2514 Apostolus.
3297 2464 3323 2490 ‹‹
3375 2442 3558 2511 Ipsius
3601 2439 3758 2493 enim

2068 2551 2266 2587 sumus
2292 2535 2655 2604 figmentum,
2689 2535 2861 2587 creati
2888 2534 2947 2586 in
2980 2533 3199 2586 Christo
3223 2533 3353 2585 Jesu
3384 2531 3440 2583 in
3489 2529 3759 2599 operibus

2066 2622 2233 2676 bonis
2273 2622 2396 2693 (Ep.
2434 2641 2492 2690 ιι,
2542 2624 2670 2691 10);
2724 2644 2750 2671 »
2784 2623 2879 2676 sed
2923 2628 2986 2675 ut
3019 2622 3198 2673 simus
3229 2620 3401 2672 creati
3448 2619 3505 2670 in
3537 2618 3758 2670 Christo

2064 2712 2199 2764 Jesu
2228 2712 2289 2763 in
2324 2711 2595 2780 operibus
2624 2710 2808 2774 bonis,
2842 2709 2980 2762 illud
3034 2724 3259 2759 necesse
3318 2711 3401 2759 est
3449 2710 3514 2758 ut
3559 2704 3659 2758 tiat
3698 2703 3760 2756 in

2068 2798 2232 2853 nobis
2264 2800 2417 2868 quod
2453 2799 2751 2852 Psalmista
2803 2798 2919 2851 ait:
2976 2820 3001 2843 ‹‹
3042 2798 3150 2849 Cor
3192 2794 3471 2849 mundum
3523 2808 3651 2844 crea
3700 2791 3760 2843 in

2065 2903 2178 2954 me,
2212 2888 2379 2947 Deus.
2413 2890 2469 2939 et
2505 2886 2772 2954 spiritum
2823 2891 3039 2938 rectum
3089 2884 3295 2935 innova
3344 2882 3404 2934 in
3452 2880 3759 2933 visceribus

2066 2975 2209 3027 meis
2240 2974 2409 3044 (Psal.
2447 2990 2495 3039 L,
2536 2973 2641 3043 12).
2682 2995 2700 3019 ι
2738 2974 2803 3025 Et
2835 2991 2846 3024 :
2884 2994 2911 3020 «
2947 2973 3093 3025 Deus
3140 2975 3223 3023 est
3268 2969 3444 3031 enim,
3478 2967 3578 3037 qui
3627 2982 3759 3036 ope-

2066 3068 2223 3116 ratur
2251 3064 2309 3115 in
2334 3062 2494 3115 vobis
2523 3066 2579 3115 et
2626 3062 2767 3114 velle
2800 3061 2964 3130 (Phil.
3003 3077 3061 3120 ιι,
3112 3062 3218 3131 13).
3253 3080 3279 3107 ››
3314 3057 3458 3121 Quid
3490 3062 3574 3109 est
3603 3055 3758 3108 enim

2065 3168 2161 3204 cor
2208 3152 2507 3216 mundum,
2556 3150 2666 3204 nisi
2726 3150 2939 3203 munda
3008 3146 3357 3202 conscientia
3422 3162 3454 3198 a
3511 3142 3757 3214 peccatis

2063 3242 2233 3295 corde
2266 3240 2557 3306 mundata,
2589 3246 2643 3293 et
2684 3240 2834 3292 bona
2860 3238 3152 3291 voluntate
3197 3236 3439 3306 praedita
3466 3234 3492 3285 ?
3528 3234 3589 3286 Et
3618 3231 3758 3302 quid

2065 3338 2149 3384 est
2207 3330 2440 3400 spiritus
2500 3334 2684 3383 rectus
2750 3328 2860 3380 nisi
2904 3327 3061 3379 nulla
3106 3326 3258 3378 mala
3314 3324 3605 3375 voluntate
3658 3321 3758 3373 de-

2064 3419 2383 3489 pravatus?
2422 3419 2485 3471 Et
2518 3417 2654 3488 quid
2701 3421 2785 3469 est
2841 3435 2869 3466 α
2932 3414 3157 3483 operari
3204 3413 3263 3465 in
3315 3411 3478 3464 nobis
3528 3410 3689 3475 velle,
3722 3429 3752 3457 ››

2064 3508 2174 3562 nisi
2203 3507 2503 3577 inspirare,
2546 3512 2603 3560 et
2634 3505 2831 3575 largiri
2862 3504 3027 3557 nobis
3058 3504 3275 3557 bonum
3308 3500 3450 3553 velle
3481 3516 3492 3552 :
3529 3502 3758 3551 mortua

2062 3604 2147 3653 est
2175 3599 2367 3667 itaque
2399 3596 2686 3665 peccando
2730 3596 2982 3648 humana
3030 3592 3241 3654 anima,
3292 3594 3347 3643 et
3378 3590 3633 3642 humana
3660 3601 3755 3638 vo-

2060 3687 2250 3740 luntas
2276 3704 2308 3739 a
2337 3686 2450 3739 vita
2477 3686 2595 3739 Dei.
2642 3685 2926 3737 Mortuum
2971 3688 3056 3736 est
3095 3682 3234 3734 illud
3290 3679 3442 3749 quod
3476 3681 3597 3730 erat
3626 3680 3755 3728 ante

2062 3781 2356 3839 peccatum
2391 3789 2521 3827 vere
2552 3773 2799 3826 liberum
2841 3770 3166 3833 arbitrium,
3201 3782 3315 3837 quo
3365 3766 3544 3818 libera
3574 3762 3758 3815 homi-

2061 3865 2151 3919 nis
2181 3864 2467 3929 voluntas,
2502 3862 2556 3915 id
2587 3866 2670 3914 est
2699 3859 2881 3914 libera
2924 3857 3173 3912 hominis
3222 3854 3464 3907 charitas
3494 3852 3753 3904 volunta-

2062 3953 2145 4006 rie
2171 3957 2227 4004 et
2252 3952 2431 4004 libere
2464 3950 2754 4019 diligendo
2799 3946 3123 4001 adhaerebat
3176 3946 3309 3997 Deo.
3347 3944 3409 3995 Et
3450 3956 3578 3993 vere
3611 3954 3757 3991 mor-

2063 4044 2225 4095 tuum
2271 4044 2357 4092 est
2383 4037 2716 4107 hujusmodi
2762 4036 3008 4090 liberum
3041 4032 3342 4088 arbitrium
3385 4028 3635 4083 hominis
3666 4042 3757 4079 ne-

2063 4128 2333 4199 gligendo
2368 4129 2547 4181 Deum
2580 4132 2639 4179 et
2690 4124 3003 4183 recedendo
3036 4139 3068 4175 a
3113 4123 3248 4187 Deo,
3282 4124 3337 4172 et
3376 4118 3445 4171 ab
3476 4134 3539 4170 ea
3573 4120 3755 4169 morte

2063 4234 2177 4288 qua
2237 4217 2427 4270 amisit
2474 4215 2807 4269 charitatem
2864 4212 2966 4266 Dei
3008 4209 3397 4271 resuscitator,
3431 4211 3485 4259 et
3513 4204 3757 4257 vivitica-

2062 4312 2156 4360 tur
2186 4322 2291 4376 per
2316 4304 2575 4359 eamdem
2607 4303 2848 4375 gratiam
2879 4298 3171 4354 charitatis
3205 4297 3323 4351 Dei.
3354 4294 3515 4359 Quod
3560 4297 3755 4361 aperte

1996 4411 2039 4463 ι)
2062 4395 2259 4448 beatus
2287 4396 2533 4448 Joannes
2579 4393 2873 4462 apostolus
2920 4391 3104 4453 docet,
3155 4387 3348 4441 dicens
3382 4401 3395 4437 :
3429 4405 3455 4432 ‹‹
3510 4384 3618 4435 Nos
3649 4380 3756 4434 sci-

2065 4499 2193 4536 mus
2228 4482 2503 4552 quoniam
2551 4480 2810 4533 translati
2856 4495 3055 4532 sumus
3092 4476 3161 4529 de
3208 4479 3390 4527 morte
3439 4472 3509 4525 ad
3541 4471 3749 4534 vitam;

2066 4570 2340 4640 quoniam
2384 4568 2674 4637 diligimus
2716 4567 2934 4619 fratres.
2970 4566 3078 4629 Qui
3111 4581 3226 4617 non
3259 4560 3447 4631 diligit
3477 4563 3667 4612 manet
3696 4557 3757 4610 in

2064 4668 2249 4711 morte
2280 4659 2330 4712 (Ι
2362 4660 2519 4712 Joan.
2580 4672 2659 4719 ιιι,
2710 4656 2817 4722 14).
2871 4676 2899 4701 ››
2947 4653 3068 4705 Vita
3112 4653 3300 4721 itaque
3350 4650 3617 4701 humana:
3648 4645 3759 4698 ani-

2063 4763 2193 4812 mas,
2230 4752 2285 4799 et
2316 4746 2587 4799 humanae
2619 4742 2925 4796 voluntatis
2974 4741 3092 4806 Dei,
3149 4746 3203 4792 et
3248 4738 3494 4809 proximi
3524 4734 3754 4789 dilectio

2063 4841 2166 4902 est,
2204 4851 2317 4905 qua
2368 4835 2541 4887 homo
2589 4839 2723 4886 ante
2792 4836 3085 4902 peccatum
3142 4828 3439 4882 fruebatur
3491 4826 3624 4889 Deo,
3699 4828 3757 4876 et

1322 4959 1520 5013 ΝΟΤᾸΞ
1563 4958 1885 5013 DUVALLII
1926 4957 2268 5013 DOCTORIS
2307 4956 2688 5012 SORBONICI.

328 5056 618 5119 aQuando
667 5056 858 5125 arguit
912 5054 1173 5108 Ecclesiae
1231 5055 1629 5125 Lugdunensis
1696 5056 1954 5108 Hincma-

253 5143 385 5181 rum
418 5127 571 5196 quod
620 5126 825 5179 dixerit
875 5127 1121 5179 liberum
1167 5125 1467 5178 arbitrium
1511 5142 1613 5195 per
1656 5133 1950 5195 peccatum

253 5214 374 5250 non
411 5202 757 5262 emortuum,
792 5198 885 5249 sed
921 5197 1205 5261 vitiatum,
1238 5200 1293 5248 et
1321 5212 1353 5247 a
1384 5197 1605 5248 Christo
1635 5212 1745 5249 non
1779 5197 1951 5249 fuisse

250 5268 611 5333 suscitatum,
646 5270 742 5321 sed
775 5274 1060 5333 sanatum,
1104 5266 1309 5336 accipit
1356 5266 1598 5319 liberum
1651 5268 1946 5320 arbitrium

249 5355 358 5408 pro
390 5338 538 5390 bona
571 5347 627 5391 et
657 5346 809 5392 recta
841 5340 1133 5391 voluntate
1166 5354 1281 5408 qua
1322 5338 1436 5389 Deo
1482 5354 1583 5405 per
1612 5338 1945 5390 charitatem

249 5410 631 5461 adtiaaremus.
693 5409 815 5472 Quo
873 5425 1042 5461 sensu
1100 5416 1316 5461 certum
1389 5414 1474 5459 est
1520 5409 1661 5461 illud
1712 5409 1948 5461 omnino

247 5478 425 5532 fuisse
456 5485 783 5531 emortuum
815 5496 918 5532 nec
964 5485 1188 5533 tantum
1224 5479 1520 5531 vitiatum:
1576 5484 1767 5531 tamen
1814 5479 1948 5547 quia

247 5550 526 5603 remansit
555 5550 616 5602 in
649 5566 716 5602 eo
742 5556 945 5602 natura
975 5550 1364 5603 conversionis
1393 5565 1585 5619 capax,
1622 5549 1701 5602 ita
1729 5555 1789 5601 ut
1820 5565 1945 5602 eam

246 5636 354 5690 per
378 5636 693 5689 congruam
724 5625 780 5673 et
817 5620 1105 5673 efﬁcacem
1146 5620 1387 5691 gratiam
1434 5620 1611 5689 possit
1660 5620 1939 5685 obtinere,

2062 5054 2190 5107 ideo
2217 5054 2320 5107 hac
2353 5053 2409 5105 in
2443 5059 2602 5122 parte
2638 5052 2809 5125 verba
2838 5048 3213 5125 Gotteschalci
3240 5046 3496 5125 benigne
3519 5049 3751 5125 possent

2062 5125 2352 5193 explicari,
2388 5118 2515 5177 licet
2550 5124 2753 5176 merito
2778 5140 2811 5175 a
2837 5122 3097 5175 Patribus
3127 5124 3249 5172 tum
3279 5118 3500 5193 concilii
3526 5118 3752 5193 Mogun-

2060 5186 2479 5255 tiuensis.'tum
2528 5193 2870 5248 Senonensis
2925 5193 3227 5245 damnatus
3258 5190 3348 5253 sit,
3400 5187 3553 5257 quod
3596 5186 3750 5237 illius

2060 5268 2228 5319 verba
2257 5266 2605 5319 contrarium
2638 5270 2928 5325 sonarent,
2972 5276 3177 5329 nempe
3206 5260 3417 5313 bonam
3451 5264 3508 5310 et
3538 5260 3747 5334 rectam

2056 5340 2409 5389 voluntatem
2471 5338 2529 5388 in
2593 5336 2821 5388 homine
2868 5339 2996 5403 post
3032 5338 3336 5405 Apeiccatum
3380 5342 3745 5405 ‘remanmsse,

2058 5407 2155 5459 Vel
2188 5407 2359 5460 dicito
2393 5407 2639 5459 liberum
2675 5400 2973 5457 arbitri—um
2996 5400 3066 5455 ab
3099 5402 3340 5455 Ecclesia
3379 5400 3745 5469 Lugdunensi

2056 5478 2233 5547 accipi
2267 5494 2368 5546 pro
2400 5484 2525 5529 actu
2575 5474 2894 5530 dilectionis
2952 5474 3053 5528 Dei
3097 5489 3269 5547 super
3311 5472 3524 5547 omnia,
3572 5483 3744 5541 quem

2052 5542 2281 5602 certiim‘
2306 5553 2389 5600 est
2428 5549 2665 5601 omnino
2694 5562 2800 5616 per
2829 5551 3125 5615 peccatum
3157 5542 3415 5614 deperdi.
