4108 6190
372 351 499 402 1051

1495 348 1547 399 S.
1592 343 1865 399 REMlGll
1908 342 2383 399 LUGDUNENSIS
2413 342 2727 398 EPISCOPI

3729 343 3861 392 1052

367 481 664 537 fruebatur
689 482 948 552 proximo
978 480 1036 533 in
1068 480 1220 544 Deo;
1252 478 1324 533 ab
1353 479 1457 532 hac
1488 479 1603 532 vita
1643 495 1743 531 sua
1789 483 2051 532 mortuus
2089 482 2135 533 A
2166 478 2372 548 quibus
2412 478 2524 531 dici
2551 482 2828 549 oporteat,
2873 478 2967 532 sed
3006 478 3127 547 ipsa
3160 477 3387 531 silentio
3421 478 3849 548 praetereunda.

369 574 473 633 est,
504 568 844 640 negligenda
880 570 1079 633 Deum,
1115 567 1463 637 negligendo
1496 567 1746 636 seipsum
1780 573 1834 620 et
1860 568 2055 637 proxi-

370 672 562 711 mum:
599 680 618 705 ‹
652 657 931 720 Quoniam
966 655 1064 725 qui
1091 672 1203 709 non
1236 656 1442 725 diligit,
1478 662 1672 709 manet
1700 655 1756 708 in
1792 660 1994 709 morte.
2030 679 2055 703 ››

369 743 576 798 Anima
633 743 825 813 itaque
881 744 1152 807 humana,
1205 746 1261 796 et
1302 743 1552 795 humana
1602 744 1881 803 voluntas,
1915 742 2060 795 sicut

368 845 496 882 vere
528 836 721 883 manet
766 830 825 883 in
858 836 1044 883 morte
1093 846 1206 883 non
1238 830 1552 899 diligendo,
1603 831 1684 887 ita
1712 847 1841 884 vere
1877 836 2058 883 trans-

370 917 546 971 fertur
593 918 662 971 de
706 924 891 972 morte
933 920 994 971 in
1045 919 1215 971 vitam
1265 918 1577 986 diligendo.
1632 920 1695 971 Et
1738 919 1883 971 sicut
1929 935 2061 971 vera

365 1022 514 1058 mors
545 1007 664 1076 ejus
698 1014 782 1060 est
829 1024 942 1060 non
976 1007 1235 1075 diligere,
1285 1006 1364 1059 ita
1396 1010 1450 1059 et
1501 1024 1632 1059 vera
1667 1008 1781 1060 vita
1825 1008 1947 1077 ejus
1977 1012 2062 1060 est

368 1094 625 1163 diligere.
675 1096 786 1148 Hac
838 1096 1139 1149 dilectione
1171 1111 1285 1148 non
1333 1095 1397 1148 ﬁt
1442 1112 1574 1148 vere
1616 1096 1855 1148 liberum
1903 1095 2061 1148 arbi-

366 1182 565 1249 trium,
601 1183 659 1236 id
692 1189 777 1235 est
802 1200 932 1237 vere
964 1185 1141 1237 libera
1172 1185 1457 1248 voluntas,
1494 1184 1601 1237 nisi
1634 1184 1730 1237 illo
1761 1185 2057 1251 liberante,

368 1271 425 1324 id
456 1276 540 1323 est
567 1270 882 1323 libertatem
919 1272 1196 1341 largiente
1229 1272 1328 1342 qui
1359 1273 1466 1325 ait:
1501 1294 1527 1321 ‹‹
1562 1272 1618 1325 Si
1651 1290 1747 1325 vos
1786 1273 1956 1325 Filius
1984 1270 2060 1324 li-

370 1359 673 1424 beraverit,
699 1364 831 1412 tunc
853 1376 981 1413 vere
1012 1360 1173 1414 liberi
1206 1361 1362 1414 eritis
1398 1363 1588 1431 (Joan.
1625 1378 1741 1426 vm,
1793 1363 1902 1431 36),
1928 1381 1954 1411 n
2006 1365 2063 1414 et

372 1447 482 1501 nisi
510 1447 604 1499 illo
635 1462 874 1501 munere
900 1448 1145 1517 Spiritus
1178 1449 1275 1502 Dei
1309 1450 1376 1503 de
1413 1466 1524 1519 quo
1558 1449 1693 1502 dicit
1722 1450 2057 1519 Apostolus:

375 1553 404 1586 (ί
441 1534 545 1588 Ubi
575 1542 766 1589 autem
817 1536 1058 1606 Spiritus
1113 1537 1364 1603 Domini,
1414 1538 1491 1591 ibi
1547 1539 1774 1591 libertas
1823 1538 1896 1609 (II
1938 1539 2056 1595 Cor.

376 1638 452 1690 III,
484 1626 586 1690 t7).
625 1645 644 1669 »

2169 568 2309 623 Cum
2344 584 2480 637 ergo
2510 568 2580 621 de
2613 566 2864 637 praefatis
2899 564 3332 637 quaestionibus,
3366 570 3416 618 et
3446 564 3531 617 illi
3583 563 3684 634 qui
3715 564 3865 617 hanc

2170 655 2479 709 secundam
2512 655 2741 724 scripsit
2770 653 3072 724 epistolam
3108 653 3357 706 breviter
3387 653 3712 722 signiﬁcare
3746 652 3866 704 vel—

2171 744 2247 797 let
2274 749 2553 814 quantum
2589 743 2739 813 apud
2783 759 2877 796 eos
2922 746 3068 795 esset
3124 741 3449 811 inquirendi
3502 740 3782 806 studium,
3815 744 3869 791 et

2171 836 2381 902 quanta
2432 832 2782 885 dissonantia
2827 830 3261 894 sententiarum,
3314 834 3644 899 quantaque
3679 827 3868 881 avidi-

2171 926 2286 975 tate
2316 920 2758 985 desideraretur,
2783 925 2845 973 ut
2871 919 2939 973 de
2974 919 3064 971 his
3086 919 3254 971 rebus
3280 917 3499 988 aliquid
3532 922 3778 979 certum,
3817 920 3871 969 et

2173 1009 2383 1079 absque
2425 1007 2797 1077 ambiguitate
2845 1007 3203 1078 sequendum
3253 1006 3493 1059 inveniri
3545 1011 3602 1058 et
3642 1005 3871 1058 ostendi

2171 1102 2381 1167 posset,
2408 1097 2488 1151 ita
2519 1097 2596 1149 ait
2625 1113 2638 1149 :

2834 1181 3191 1221 PARDULU$

2246 1294 2271 1322 «
2301 1275 2498 1327 Plures
2524 1273 2657 1326 inde
2697 1272 2851 1341 apud
2890 1287 2994 1325 nos
3046 1270 3410 1341 scripserunt.
3444 1271 3511 1323 Et
3540 1286 3671 1322 cum
3699 1271 3868 1341 quin-

2173 1378 2281 1433 que
2314 1378 2378 1415 ex
2411 1362 2489 1415 eis
2516 1361 2886 1425 nominasset,
2920 1360 3068 1412 inter
3104 1375 3248 1429 quos
3295 1360 3464 1411 etiam
3511 1360 3869 1412 Amalarium

2172 1451 2458 1521 scripsisse
2490 1449 2843 1510 memoravit,
2892 1448 3186 1517 subjunxit
3226 1448 3455 1501 dicens:
3494 1469 3520 1495 ‹‹
3571 1447 3681 1501 Sed
3732 1447 3872 1516 quia

2171 1539 2292 1592 haec
2319 1539 2470 1592 inter
2500 1555 2556 1590 se
2589 1538 2746 1591 valde
2791 1536 3222 1601 dissentiebant,
3281 1536 3509 1589 Scotum
3558 1535 3723 1587 illum
3772 1536 3870 1605 qui

2174 1628 2344 1681 estin
2377 1628 2588 1697 palatio
2630 1626 2800 1695 regis,
2844 1627 3123 1679 Joannem
3160 1624 3393 1677 nomine
3437 1624 3687 1677 scribere
3733 1641 3872 1677 coe-

444 1713 548 1766 Sed
580 1718 634 1766 et
682 1714 823 1767 illud
875 1714 1023 1785 quod
1072 1714 1133 1768 in
1173 1714 1296 1768 istis
1339 1714 1524 1768 verbis
1570 1714 1812 1769 dicitur:
1850 1738 1875 1764 ‹‹
1919 1715 2062 1779 Quia
2102 1746 2141 1799 Β
2171 1716 2380 1787 gimus.
2412 1735 2438 1767 »
2472 1718 2537 1769 Et
2566 1716 2735 1785 paulo
2765 1719 2920 1784 post:
2961 1734 2988 1761 ‹‹
3019 1713 3154 1777 Qum
3197 1718 3389 1767 autem
3438 1713 3592 1766 inter
3638 1718 3873 1765 nostros

372 1801 586 1855 bonum
615 1803 769 1871 quod
818 1803 1065 1873 agimus,
1115 1808 1169 1856 et
1207 1804 1305 1857 Dei
1360 1809 1445 1856 est
1493 1810 1549 1857 et
1592 1810 1892 1858 nostrum:
1929 1804 2063 1875 quia

373 1890 481 1943 nisi
502 1895 648 1943 esset
689 1891 808 1959 Dei,
853 1906 970 1945 non
1005 1891 1055 1944 ei
1099 1908 1202 1961 pro
1249 1892 1448 1944 eodem
1496 1892 1644 1945 bono
1693 1893 1748 1945 in
1782 1897 2062 1946 internum

373 1979 582 2048 gratias
613 1995 914 2049 ageremus
946 1997 959 2046 ;
992 1985 1049 2033 et
1079 1980 1187 2033 nisi
1229 1986 1375 2033 esset
1412 1985 1691 2047 nostrum,
1728 1998 1842 2034 non
1896 1982 1965 2035 ab
1996 1998 2063 2035 eo

372 2083 475 2136 pro
503 2070 703 2122 eodem
738 2070 889 2123 bono
914 2069 1066 2138 juste
1106 2069 1340 2139 praemia
1386 2075 1860 2137 exspectaremus.
1900 2088 1924 2121 in
1961 2071 2063 2123 Ne-

373 2155 581 2209 scimus
612 2157 750 2227 quid
793 2156 1107 2223 divisionis,
1170 2157 1256 2209 vel
1299 2157 1592 2226 cujusdam
1641 2157 2063 2210 distributionis

372 2244 563 2312 unius,
599 2251 767 2316 atque
793 2245 1051 2315 ejusdem
1092 2245 1225 2299 boni
1256 2247 1405 2298 inter
1454 2246 1630 2298 Deum
1682 2249 1737 2298 et
1766 2246 2064 2299 hominem

372 2338 554 2387 sonat.
586 2334 757 2398 Quasi
789 2350 852 2387 ex
887 2339 1048 2404 parte
1082 2333 1152 2387 sit
1185 2334 1301 2399 Dei,
1340 2339 1395 2387 et
1418 2322 1503 2386 'ex
1553 2338 1717 2403 parte
1776 2339 2057 2401 nostrum,

372 2418 517 2473 sicut
556 2426 677 2474 toto
720 2421 828 2475 isto
896 2438 1159 2476 sermone
1222 2439 1473 2476 asserere
1543 2423 1767 2476 videtur
1818 2422 2063 2491 scriptor

371 2508 647 2577 epistolas,
675 2514 738 2562 ut
764 2510 928 2579 quasi
958 2510 1186 2564 initium
1222 2512 1357 2564 boni
1399 2512 1577 2564 nostri
1623 2512 1695 2564 sit
1730 2512 1895 2573 Deus,
1928 2510 2061 2563 effe-

371 2599 495 2648 ctus
528 2611 658 2649 vero
692 2597 854 2650 liberi
880 2597 1119 2651 humani
1163 2598 1424 2651 arbitrii:
1479 2599 1606 2650 licet
1664 2599 1815 2651 hunc
1852 2618 1879 2646 «
1915 2614 2063 2650 erro-

372 2699 492 2737 rem
522 2685 677 2737 velut
706 2686 904 2754 gratiae
936 2686 1322 2756 adjunctione,
1360 2702 1473 2739 non
1506 2686 1675 2739 etiam
1704 2686 2062 2755 plenitudine

368 2776 689 2841 temperare
720 2778 980 2840 conetur,
1016 2795 1036 2821 ι
1074 2790 1202 2827 cum
1244 2790 1374 2828 vere
1408 2778 1591 2827 totum
1642 2774 1716 2827 sit
1755 2774 1874 2841 Dei,
1918 2774 2064 2828 sicut

368 2858 493 2927 ipsa
520 2859 735 2913 Veritas
766 2858 939 2914 dicit:
976 2880 1003 2911 ‹‹
1035 2860 1166 2915 Sine
1211 2877 1302 2914 me
1331 2860 1474 2914 nihil
1506 2861 1743 2931 potestis
1776 2860 2000 2914 facere?
2032 2880 2059 2911 »

370 2947 545 3017 (Joan.
581 2963 672 3012 xv,
728 2949 804 3015 5.)
848 2950 910 3001 Et
964 2950 1363 3019 Apostolusm
1426 2949 1569 3012 Quid
1625 2948 1803 3013 enim,
1849 2950 2061 3019 inquit,

369 3036 546 3089 habes
597 3036 748 3105 quod
796 3053 908 3089 non
960 3038 1283 3107 accepisti?
1320 3060 1337 3083 ιι
1379 3038 1438 3101 (I
1487 3039 1613 3092 Cor.
1664 3053 1734 3104 1v,
1786 3038 1867 3104 '7.)
1902 3038 2062 3090 Unde

372 3125 576 3177 Beatus
607 3129 663 3176 et
689 3125 971 3194 gloriosus
1014 3130 1229 3195 martyr
1278 3125 1590 3195 Cyprianus
1622 3126 1700 3177 ita
1730 3125 1947 3191 deﬁnit,
1979 3125 2065 3179 di-

370 3228 535 3266 cens:
576 3211 655 3283 [In
706 3214 861 3267 nullo
909 3214 1272 3285 gloriandum
1321 3215 1550 3283 quando
1607 3213 1751 3266 nihil
1802 3219 2060 3267 nostrum

370 3300 487 3371 sit]
522 3301 742 3354 Bonum
772 3301 965 3372 itaque
1017 3308 1275 3355 nostrum
1320 3306 1504 3355 totum
1540 3302 1636 3355 Dei
1669 3306 1770 3367 est,
1805 3302 1939 3372 quia
1968 3307 2057 3356 to-

370 3394 492 3443 tum
525 3406 589 3443 ex
624 3392 736 3444 Deo
792 3396 919 3457 est;
967 3395 1023 3444 et
1067 3391 1206 3443 nihil
1248 3390 1385 3444 boni
1431 3390 1609 3443 nostri
1660 3394 1922 3443 nostrum
1956 3395 2060 3459 est,

372 3478 509 3548 quia
546 3478 688 3531 nihil
717 3479 855 3532 boui
884 3478 1063 3532 nostri
1094 3496 1158 3532 ex
1196 3479 1359 3532 nobis
1390 3482 1491 3532 est.
1528 3480 1594 3531 Et
1635 3478 1765 3533 ideo
1812 3479 2062 3532 manife-

373 3570 477 3630 ste,
507 3571 572 3618 ut
593 3567 757 3636 juxta
784 3567 1025 3620 formam
1061 3571 1313 3636 paternas
1342 3567 1619 3620 doctrinas
1642 3567 1832 3636 potius
1858 3567 2063 3638 loqua-

373 3668 519 3717 mur,
556 3669 725 3707 omne
775 3654 990 3708 bonum
1025 3659 1301 3721 nostrum,
1356 3660 1413 3708 et
1461 3660 1644 3708 totum
1680 3656 1776 3709 Dei
1831 3662 1916 3709 est
1966 3657 2063 3711 do-

374 3741 602 3808 nando;
634 3747 690 3795 et
720 3747 903 3796 totum
946 3747 1202 3796 nostrum
1246 3744 1309 3797 ﬁt
1340 3744 1690 3813 accipiendo.
1729 3745 1884 3799 Unde
1916 3750 1972 3798 et
2002 3745 2063 3799 in

374 3829 667 3882 Dominica
717 3830 975 3884 oratione
1039 3830 1295 3901 quotidie
1342 3833 1716 3901 postulamus,
1765 3832 2059 3886 dicentes:

374 3938 401 3964 ‹‹
435 3918 643 3971 Panem
678 3924 937 3971 nostrum
962 3919 1443 3987 quotidianumda
1466 3920 1629 3973 nobis
1651 3921 1818 3973 hodie
1838 3921 2058 3985 (Matth.

373 4022 446 4071 v1,
498 4006 602 4076 11).
638 4025 665 4056 ››
700 4008 811 4061 Cur
840 4007 994 4060 enim
1026 4024 1227 4076 panem
1268 4013 1527 4061 nostrum
1561 4008 1727 4061 nobis
1774 4009 2063 4078 poscimus

374 4111 402 4147 a
434 4096 549 4148 Deo
580 4094 723 4161 dari,
758 4096 866 4149 nisi
897 4096 1034 4166 quia
1066 4098 1152 4164 (ut
1183 4097 1452 4166 diximus)
1488 4096 1631 4150 sicut
1680 4112 1812 4149 vere
1846 4104 1931 4149 est
1962 4097 2064 4149 Dei

374 4182 692 4252 largiendo,
720 4185 796 4237 ita
826 4184 999 4238 etiam
1032 4189 1290 4237 nostrum
1323 4185 1392 4237 sit
1422 4185 1774 4253 accipiendo.
1809 4185 1965 4239 Unde
1998 4186 2057 4239 Β.

374 4272 524 4338 Papa
555 4272 888 4326 Coelestinus
921 4271 1091 4340 (sicut
1125 4274 1242 4340 jam
1288 4272 1551 4340 superius
1599 4272 1722 4341 ejus
1771 4273 1943 4326 verba
1968 4289 2062 4341 po-

2172 1806 2302 1860 inde
2336 1805 2408 1858 sit
2438 1805 2685 1858 maxima
2711 1802 3003 1857 contentio
3038 1803 3197 1856 vobis
3225 1802 3527 1872 signiﬁco.)

2245 1893 2548 1957 «Quidam
2595 1891 2837 1946 dicimus
2884 1890 3275 1959 Augustinum
3331 1889 3579 1943 edidisse
3610 1888 3873 1942 libellum

2172 1998 2344 2052 quem
2387 1980 2848 2052 Hypognosticon
2882 1978 3337 2049 praeintitulavit.
3384 1979 3445 2031 Et
3485 1978 3726 2048 quidam
3770 1994 3871 2030 no-

2173 2075 2421 2123 strorum
2457 2069 2671 2135 dicunt,
2703 2084 2821 2121 non
2848 2085 2879 2121 a
2906 2067 3144 2137 praefato
3171 2067 3291 2119 viro
3310 2066 3578 2119 eumdem
3609 2067 3871 2118 libellum

2173 2174 2293 2212 esse
2324 2158 2541 2211 editum
2568 2173 2579 2210 :
2618 2157 2770 2227 quod
2804 2156 3165 2209 mendacium
3196 2171 3316 2207 esse
3346 2154 3455 2208 cito
3487 2153 3737 2223 probare
3769 2171 3871 2223 po-

2171 2247 2324 2313 terit,
2359 2246 2460 2318 qui
2490 2246 2803 2300 secundum
2838 2245 3093 2299 libellum
3124 2243 3424 2313 Augustini
3459 2258 3634 2312 quem
3664 2244 3726 2294 in
3759 2244 3871 2297 Ge-

2173 2335 2356 2389 nesim
2390 2339 2586 2388 contra
2617 2333 2954 2387 Manichazos
2984 2326 3159 2385 edidit
3191 2332 3261 2384 ad
3310 2330 3485 2383 ﬁnem
3519 2346 3706 2400 usque
3736 2346 3871 2398 per-

2171 2422 2391 2492 legerit,
2437 2421 2531 2474 ubi
2572 2420 2928 2474 demonstrat
2967 2434 3025 2472 se
3082 2419 3263 2489 ipsam
3314 2419 3695 2488 quaestionem
3737 2434 3870 2471 cum

2172 2511 2297 2565 aliis
2325 2511 2579 2581 quinque
2619 2515 2818 2563 contra
2849 2508 3063 2562 rabiem
3106 2508 3543 2563 Manichaeorum
3583 2508 3865 2571 edidisse;

2171 2604 2228 2652 et
2252 2604 2556 2668 propterea
2608 2596 2667 2649 in
2727 2595 3128 2649 retractatione
3158 2594 3302 2647 nihil
3334 2595 3469 2648 inde
3511 2610 3869 2647 commemo—

2172 2690 2279 2752 rat,
2311 2686 2445 2756 quia
2492 2700 2849 2754 quascunque
2903 2683 3173 2735 aliorsum
3233 2682 3302 2735 de
3361 2682 3869 2751 praedestinatione

2170 2773 2407 2834 dixerat,
2438 2773 2496 2825 in
2555 2772 2757 2825 eodem
2814 2770 3007 2824 libello
3053 2770 3336 2840 corrigere
3384 2770 3628 2823 videtur.
3684 2770 3869 2823 Simili

2170 2863 2341 2916 modo
2374 2862 2542 2915 etiam
2577 2860 2808 2931 quidam
2853 2859 3092 2913 dicimus
3130 2860 3204 2912 De
3257 2858 3629 2911 iuduratione
3681 2858 3869 2911 cordis

2172 2953 2486 3006 Pharaonis
2528 2951 2788 3004 libellum
2835 2966 2864 3001 a
2915 2950 3080 3002 beato
3130 2949 3473 3017 Hieronymo
3523 2948 3761 3001 editum.
3805 2948 3870 3001 Et

2102 3037 2142 3091 C
2169 3045 2493 3094 nostrorum
2528 3039 2758 3108 quidam
2796 3054 2907 3089 non
2959 3036 3029 3089 ab
3072 3053 3161 3103 eo,
3203 3036 3295 3089 sed
3340 3036 3408 3089 ab
3455 3036 3569 3089 alio
3604 3034 3869 3105 quolibet

2171 3129 2441 3182 mendose
2471 3127 2701 3180 factum.
2737 3126 2892 3189 Quod
2930 3126 3101 3178 etiam
3135 3125 3498 3177 mendacium
3540 3124 3660 3177 fore
3709 3125 3867 3177 inve-

2172 3217 2358 3280 nietis,
2394 3217 2440 3269 si
2471 3216 2779 3284 septimum
2825 3213 3111 3267 decimum
3160 3214 3369 3266 librum
3416 3212 3645 3282 praefati
3676 3213 3869 3265 Hiero-

2170 3304 2330 3375 nymi
2358 3304 2416 3357 in
2447 3303 2651 3357 Isaiam
2678 3301 2951 3373 legeritis,
2995 3301 3093 3357 ubi
3125 3301 3473 3354 mentionem
3509 3300 3766 3370 ejusdem
3796 3299 3864 3352 li-

2169 3392 2304 3446 belli
2326 3392 2477 3446 facit.
2510 3411 2535 3442 »

2832 3474 3204 3514 RESPONSIO.

2242 3569 2339 3625 His
2366 3568 2551 3622 verbis
2585 3567 2723 3637 quid
2754 3567 2908 3621 aliud
2936 3566 2995 3619 in
3027 3565 3229 3634 primis
3273 3566 3621 3635 respondere
3668 3579 3859 3635 possu-

2171 3674 2300 3712 mus
2326 3675 2338 3712 :
2369 3657 2476 3711 nisi
2514 3657 2648 3727 quia
2673 3656 2741 3709 de
2774 3657 2862 3709 his
2894 3655 3063 3709 rebus
3094 3654 3409 3708 auxiliante
3440 3659 3495 3707 et
3525 3657 3863 3723 protegente

2172 3747 2364 3801 divina
2408 3744 2816 3810 misericordia,
2864 3744 3051 3796 nullus
3103 3743 3281 3809 labor,
3344 3743 3503 3795 nulla
3561 3742 3864 3795 necessitas

2170 3847 2316 3885 nova
2363 3829 2715 3899 inquirendi,
2769 3833 2825 3882 et
2869 3827 3223 3893 inveniendi,
3266 3832 3324 3880 et
3370 3826 3682 3893 scribendi,
3718 3825 3864 3895 apud

2171 3936 2269 3972 eos
2315 3918 2665 3972 exstitisset:
2722 3933 2823 3970 nec
2890 3922 3047 3969 tanta
3098 3915 3378 3969 dissensio
3443 3920 3499 3967 et
3572 3914 3864 3969 contentio

2171 4007 2383 4062 exoriri
2412 4007 2709 4077 potuisset,
2751 4006 2796 4058 si
2829 4009 3047 4058 remoto
3099 4003 3258 4057 omni
3295 4003 3761 4073 praesumptionis
3791 4007 3865 4055 at-

2172 4113 2282 4167 que
2311 4096 2691 4149 animositatis
2717 4094 2931 4162 studio,
2954 4093 3073 4146 sola
3091 4094 3238 4162 apud
3263 4092 3391 4145 illos
3424 4092 3629 4145 veritas
3657 4092 3715 4144 in
3748 4106 3865 4143 san-

2170 4191 2391 4239 ctorum
2442 4185 2675 4237 Patrum
2713 4182 3079 4252 dogmatibus
3117 4186 3173 4234 et
3218 4179 3612 4234 ecclesiasticis
3669 4178 3865 4233 deﬁni-

2171 4272 2425 4326 tionibus
2452 4272 2726 4342 (quorum
2758 4270 3130 4324 rectissimam
3173 4269 3347 4323 ﬁdem
3392 4272 3449 4322 et
3474 4267 3864 4321 ﬁdelissimam

374 4358 614 4427 suimus)
665 4359 743 4412 ait
780 4375 793 4411 :
832 4358 1033 4428 [Tanta
1072 4359 1223 4413 enim
1273 4366 1355 4412 est
1384 4375 1519 4425 erga
1567 4376 1767 4414 omnes
1799 4362 2063 4415 homines
2102 4371 2145 4424 1)
2177 4361 2492 4414 doctrinam
2525 4375 2751 4428 semper
2783 4358 3193 4412 honorabiliter
3223 4361 3278 4411 et
3307 4356 3552 4410 ﬁdeliter
3582 4363 3641 4409 et
3679 4358 3865 4408 secuta

371 4445 599 4499 bonitas
651 4446 768 4512 Dei,
815 4451 878 4500 ut
923 4451 1114 4501 nostra
1152 4447 1287 4500 velit
1319 4464 1439 4501 esse
1487 4449 1713 4515 merita,
1760 4466 1889 4520 quas
1930 4454 2063 4503 sunt

372 4533 550 4603 ipsius
607 4534 797 4606 dona.]
855 4536 1053 4588 Totum
1114 4536 1307 4606 itaque
1368 4535 1585 4590 bonum
1649 4542 1907 4590 nostrum
1948 4540 2059 4592 Deo

374 4620 650 4689 dandum,
683 4622 794 4675 Deo
822 4628 906 4675 est
939 4622 1326 4689 tribuendum,
1361 4623 1497 4693 quia
1526 4628 1707 4678 totum
1739 4640 1801 4677 ex
1826 4624 1924 4677 illo
1954 4628 2059 4689 est,

373 4726 489 4764 non
520 4727 587 4764 ex
641 4710 828 4777 nobis,
886 4711 1023 4765 dum
1075 4717 1257 4764 totum
1294 4717 1350 4765 et
1389 4712 1459 4764 ab
1507 4712 1604 4765 illo
1648 4713 1963 4776 inchoatur,
2000 4728 2063 4766 ac

374 4799 445 4851 ab
476 4799 577 4853 illo
610 4800 819 4869 agitur,
848 4815 912 4853 ac
959 4800 1251 4869 peragitur
1282 4800 1337 4852 in
1369 4799 1573 4864 nobis;
1630 4800 1766 4870 quia
1818 4816 1933 4853 non
1964 4801 2063 4871 qui

375 4903 499 4952 suo,
534 4887 632 4940 sed
660 4909 681 4936 ι
718 4888 1044 4957 quicunque
1062 4886 1267 4957 spiritu
1298 4888 1394 4941 Dei
1412 4894 1680 4958 aguntur,
1718 4888 1774 4941 hi
1804 4888 1910 4942 ﬁlii
1932 4895 2065 4944 sunt

379 4974 476 5028 Dei
508 4975 678 5044 (Rom.
731 4992 844 5039 Vlll,
906 4976 1005 5036 14).
1043 4994 1069 5026 ››
1108 4978 1234 5030 Haec
1282 4976 1350 5029 de
1397 4977 1584 5047 prima
1638 4978 1897 5048 epistola,
1931 4978 2065 5047 quia

375 5063 571 5117 multis
629 5068 686 5117 et
724 5063 1010 5134 perplexis
1044 5064 1453 5133 quaestionibus
1494 5066 1659 5134 plena
1707 5071 1846 5127 erat,
1898 5068 2066 5134 prout

380 5153 656 5207 Dominus
707 5153 919 5206 donare
968 5153 1235 5223 dignatus
1279 5158 1383 5221 est,
1436 5154 1558 5224 ipsa
1606 5154 1938 5207 necessitate
1977 5168 2068 5207 co-

376 5247 545 5313 gente
575 5241 854 5312 prolixius
886 5241 1152 5296 diximus.
1668 5250 1677 5253 '

978 5381 1205 5436 CAPUT
1255 5381 1463 5435 XXXIX.

626 5489 702 5540 De
732 5487 984 5554 secunda,
1030 5502 1148 5554 qua
1185 5493 1263 5540 est
1300 5486 1548 5553 Parduli,
1582 5487 1829 5554 epistola.

454 5594 515 5642 In
547 5592 794 5643 secunda
843 5598 1033 5646 autem
1066 5591 1308 5662 epistola
1350 5608 1531 5663 pauca
1571 5592 1801 5662 quidem
1836 5597 1969 5646 sunt
2000 5593 2067 5647 de

2172 4454 2257 4503 est
2287 4454 2342 4502 et
2371 4448 2652 4519 sequitur,
2689 4453 2745 4501 et
2783 4454 3055 4518 sequetur
3082 4446 3357 4516 Ecclesia)
3419 4445 3775 4498 unanimiter
3813 4447 3864 4497 et

2174 4536 2490 4602 humiliter,
2546 4541 2715 4605 atque
2764 4534 3098 4588 obedienter
3145 4534 3562 4603 inquireretur,
3608 4537 3665 4584 et
3714 4529 3862 4601 quod

2175 4626 2471 4679 inventum
2500 4630 2667 4690 esset,
2700 4624 2934 4692 paciﬁca
2952 4629 3009 4677 et
3035 4623 3344 4692 tranquilla
3367 4622 3578 4691 pietate
3596 4619 3862 4673 omnibus
3898 4618 3901 4619 ⁷

2169 4714 2526 4784 sequendum
2575 4718 3014 4782 proponeretur,
3079 4716 3135 4765 et
3180 4710 3706 4764 commendaretur.
3759 4709 3862 4762 Nec

2175 4822 2201 4848 ‹‹
2238 4804 2475 4869 propter
2507 4814 2685 4851 unum
2708 4798 2963 4851 libellum
3000 4817 3026 4849 ››
3051 4813 3231 4866 usque
3258 4796 3425 4850 hodie
3446 4796 3650 4849 incerti
3686 4799 3863 4849 aucto-

2173 4888 2272 4953 ris,
2306 4892 2358 4940 et
2396 4886 2658 4940 inusitati
2700 4903 2803 4940 nec
2852 4887 3136 4939 ullatenus
3178 4884 3489 4953 recipiendi
3520 4900 3745 4948 sensus,
3798 4886 3861 4936 de

2174 4976 2489 5047 quaestione
2519 4974 2895 5045 praescientiee
2944 4979 3001 5028 et
3031 4973 3545 5043 praedestinationis
3598 4974 3720 5040 Dei,
3751 4978 3860 5024 tam

2174 5064 2359 5130 claris,
2394 5070 2451 5118 et
2479 5068 2637 5117 tanta
2666 5063 2940 5116 ﬁrmitate
2993 5062 3246 5116 solidatis
3296 5060 3693 5115 ecclesiastica:
3721 5058 3861 5113 veri-

2176 5153 2307 5207 tatis
2341 5151 2801 5207 institutionibus
2830 5151 3101 5221 praaferre
3145 5149 3496 5204 maluissent.
3528 5149 3677 5212 Quid
3716 5148 3862 5201 enim

2175 5256 2363 5295 causa),
2395 5240 2627 5305 exstitit,
2666 5245 2726 5293 ut
2754 5240 2852 5293 illa
2884 5238 3077 5293 omnia
3110 5242 3613 5307 postponerentur,
3655 5241 3713 5289 et
3734 5234 3864 5289 Scri-

2178 5334 2360 5398 ptura:
2404 5332 2611 5382 sanctae
2643 5328 2850 5382 veritas
2882 5328 3074 5381 minus
3123 5327 3371 5381 discussa
3415 5332 3469 5378 et
3510 5324 3864 5378 considerata

2180 5417 2607 5486 negligeretur?
2643 5418 2706 5470 Et
2733 5417 2820 5470 his
2865 5415 3151 5481 omnibus,
3186 5414 3333 5485 quod
3380 5413 3538 5466 nullo
3579 5420 3736 5466 certo
3766 5427 3862 5465 au—

2178 5510 2352 5570 ctore,
2378 5505 2535 5558 nulla
2564 5520 2697 5557 vera
2730 5505 2952 5558 ratione
2995 5504 3202 5557 fultum
3251 5506 3352 5567 est,
3385 5501 3741 5571 sequendum
3775 5514 3863 5568 po-

2178 5593 2291 5646 tius
2314 5593 2687 5663 judicaretur,
2722 5592 2831 5645 nisi
2862 5609 2896 5646 a
2924 5597 3086 5662 parte
3120 5591 3309 5660 ipsum
3340 5587 3728 5643 contentionis
3757 5600 3862 5640 ma-
