4048 6170
190 380 325 430 1053

1412 374 1617 429 LIBER
1658 372 1748 428 DE
1790 372 2034 429 TRIBUS
2075 369 2451 427 EPISTOLIS.

3548 366 3678 421 1054

181 506 329 570 lum,
361 520 474 575 quo
522 504 696 558 semel
745 508 1095 573 praesumpta
1139 503 1421 557 sententia
1458 508 1514 557 et
1552 519 1748 557 sensus
1791 482 1873 557 in-
1912 508 1957 560 A
1988 518 2173 556 manae
2206 500 2558 555 inﬁrmitatis
2590 504 2692 555 est.
2718 500 2877 564 Quod
2899 504 3090 553 autem
3117 498 3365 552 afﬁrmat
3380 495 3678 550 hominem

182 594 541 648 considerate
593 594 848 663 prolatus
888 592 1166 645 obstinate
1222 592 1413 662 potius
1464 592 1874 659 defendendus,

183 698 358 753 quam
390 682 695 735 salubriter
728 686 959 751 putatus
990 686 1071 733 est
1104 681 1494 749 corrigendus.
1524 681 1679 734 Unde
1704 681 1878 734 etiam

181 771 321 823 satis
355 770 550 823 mirari
576 786 689 822 non
723 784 1026 839 possumus
1048 770 1337 839 quomodo
1370 769 1484 823 illa).
1516 769 1771 839 quinque
1792 770 1879 822 vel

178 875 274 912 sex
310 860 658 929 qumstiones
689 874 718 910 a
753 857 916 910 beato
960 857 1278 927 Augustino
1311 864 1509 911 contra
1536 857 1871 910 Manichaeo-

180 963 314 1001 rum
344 948 563 1001 rabiem
594 947 831 1013 prolatae
866 962 986 999 esse
1018 946 1172 1000 credi
1212 946 1523 1015 potuerint,
1558 961 1687 999 cum
1728 946 1875 999 sicut

181 1042 237 1090 et
268 1036 613 1106 multiplices
640 1035 772 1089 libri
797 1035 1051 1104 ejusdem
1090 1035 1269 1089 sancti
1299 1035 1544 1089 doctoris
1574 1039 1875 1098 testantur,

181 1131 237 1178 et
289 1126 411 1195 ipse
460 1127 908 1193 Hypomncsticon
954 1124 1164 1177 libellus
1213 1123 1511 1177 manifeste
1564 1123 1816 1177 ostendit
1846 1139 1879 1176 a

182 1214 508 1283 Pelagianis
537 1214 788 1283 primum
828 1212 1109 1266 haereticis
1153 1218 1349 1265 contra
1397 1212 1570 1265 ﬁdem
1624 1211 1878 1265 Ecclesiae

181 1302 295 1355 sint
322 1303 583 1371 objectze,
621 1308 675 1355 et
713 1302 782 1354 ad
814 1317 1013 1354 eorum
1045 1300 1498 1355 confutationem
1546 1302 1879 1371 diligentius

179 1391 296 1444 sint
348 1396 622 1445 tractatae.
678 1390 1000 1444 Certissime
1070 1394 1261 1443 autem
1310 1390 1480 1460 (sicut
1530 1391 1651 1460 jam
1706 1406 1879 1460 supra

179 1479 454 1547 diximus)
503 1478 729 1548 quando
770 1477 899 1530 illos
946 1478 1120 1531 libros
1164 1478 1364 1531 beatus
1412 1478 1759 1547 Augustinus
1808 1479 1877 1532 de

179 1568 536 1637 expositione
567 1567 798 1621 Genesis
827 1573 1023 1621 contra
1070 1566 1404 1620 Manichazos
1451 1567 1693 1636 scripsit,
1744 1582 1876 1622 nec-

176 1656 317 1709 dum
348 1655 639 1724 Pelagiani
668 1656 843 1709 auditi
866 1660 964 1708 aut
980 1656 1154 1709 exorti
1174 1654 1385 1708 fuerint
1408 1672 1419 1709 :
1446 1656 1541 1709 sed
1560 1656 1733 1725 longo
1751 1661 1877 1727 post

175 1748 444 1813 tempore
493 1742 792 1796 Ecclesiam
858 1742 957 1796 Dei
1022 1743 1299 1813 coeperint
1367 1742 1746 1813 impugnare:
1807 1743 1875 1797 de

176 1831 442 1901 ipsorum
475 1832 684 1898 libello,
735 1831 835 1901 qui
870 1831 1040 1901 hujus
1079 1832 1289 1885 erroris
1319 1836 1376 1885 et
1421 1831 1876 1885 conturbationis

179 1920 540 1973 occasionem
572 1919 747 1986 dedit,
775 1920 910 1989 quia
932 1919 1055 1989 jam
1105 1919 1367 1989 superius
1414 1920 1551 1974 satis
1605 1919 1875 1985 diximus,

176 2008 268 2061 hic
302 2007 447 2060 nihil
474 2006 721 2075 amplius
752 2008 1057 2061 dicendum
1088 2014 1379 2078 putamus.

252 2097 535 2151 Libellum
586 2113 719 2150 vero
774 2098 848 2151 De
897 2097 1264 2150 iuduratione
1310 2096 1497 2150 cordis
1544 2097 1871 2163 Pharaonis,

179 2186 279 2255 qui
309 2202 345 2238 a
379 2185 544 2238 beato
582 2185 927 2255 Hieronymo
969 2186 1211 2256 scriptus
1237 2190 1475 2256 putatur
1506 2202 1607 2240 nec
1634 2186 1693 2239 in
1729 2187 1875 2241 libro

177 2273 246 2327 de
275 2273 427 2326 Viris
455 2273 777 2327 illustribus
804 2290 908 2327 nec
935 2273 995 2327 in
1024 2274 1336 2329 venerabili
1366 2275 1493 2328 vitae
1530 2276 1652 2345 ejus
1698 2275 1878 2330 histo-

179 2358 284 2425 ria,
316 2362 471 2414 inter
502 2361 625 2431 ejus
658 2362 930 2430 opuscula
974 2362 1230 2415 invenire
1278 2362 1596 2431 potuimus.
1634 2364 1697 2416 In
1733 2363 1876 2417 libro

178 2453 376 2502 tamen
410 2451 654 2519 septimo
688 2449 908 2502 decimo
944 2450 1419 2520 Explanationum
1451 2452 1611 2504 lsaiae
1639 2453 1878 2522 prophe-

178 2541 249 2590 tae
284 2536 509 2607 aliquid
556 2537 665 2589 tale
716 2536 1005 2606 scripsisse
1056 2543 1482 2605 commemorat,
1536 2554 1639 2592 nec
1682 2544 1877 2594 tamen

178 2625 505 2695 specialiter
542 2626 612 2679 de
656 2624 1028 2679 Induratione
1076 2626 1263 2679 cordis
1313 2627 1644 2695 Pharaonis,
1680 2628 1777 2681 sed
1807 2628 1877 2682 de

178 2718 295 2767 tota
325 2714 426 2767 illa
458 2714 525 2767 ad
568 2714 854 2767 Romanos
904 2713 1241 2767 difﬁcillima
1279 2715 1521 2785 apostoli
1560 2716 1876 2786 quaestione

176 2800 433 2856 breviter
461 2801 860 2869 perstrinxisse
891 2802 1167 2872 designat.
1217 2802 1321 2857 Sed
1355 2803 1489 2873 quia
1534 2820 1636 2857 nos
1669 2803 1874 2873 hujus-

180 2890 338 2943 modi
385 2889 638 2942 libellum
698 2905 995 2960 nunquam
1055 2888 1321 2955 vidimus,
1388 2895 1579 2944 utrum
1631 2892 1725 2943 ille
1774 2890 1875 2960 qui

178 2977 335 3046 apud
370 2977 503 3030 istos
530 2978 837 3043 invenitur,
873 2982 932 3031 et
962 2978 1091 3048 styli
1125 2979 1422 3048 gravitate,
1474 2984 1529 3032 et
1573 2979 1708 3033 ﬁdei
1756 2980 1872 3031 sin-

1988 609 2153 662 posse
2201 607 2316 645 non
2368 606 2618 661 peccare,
2668 590 2775 643 hoc
2824 605 2953 643 vere
2997 589 3175 642 divini
3224 595 3305 641 est
3340 588 3518 657 (sicut
3557 587 3679 656 ipse

1989 684 2249 747 testatur)
2284 679 2503 744 auxilii,
2535 684 2596 731 ut
2640 679 2813 749 possit
2844 695 2963 732 esse
3015 678 3178 731 liberi
3231 678 3467 731 humani
3524 678 3679 729 arbi-

1987 768 2099 820 trii.
2137 768 2284 821 Dixit
2315 768 2483 820 etiam
2523 767 2772 837 quodam
2826 768 2948 819 loco
2996 766 3147 819 idem
3203 766 3399 817 beatus
3439 764 3674 817 doctor:

1988 854 2194 928 [Liberi
2225 856 2445 909 arbitrii
2477 872 2578 909 nos
2620 855 2877 909 condidit
2919 856 3083 919 Deus,
3121 871 3223 906 nec
3259 854 3331 907 ad
3381 853 3676 917 virtutem,

1988 960 2093 997 nec
2126 944 2198 997 ad
2229 944 2363 1003 vitia
2396 944 2726 997 necessitate
2775 944 3071 997 trahimur.
3120 943 3387 1012 Alioquin
3430 942 3529 994 ubi
3578 956 3677 993 ne-

1988 1033 2240 1100 cessitas,
2275 1049 2379 1085 nec
2405 1049 2615 1086 corona
2646 1031 2768 1103 est.]
2806 1034 2943 1096 Quae
2997 1032 3169 1084 verba
3213 1032 3334 1099 ejus
3376 1048 3407 1083 a
3454 1029 3679 1099 Pelagio

1988 1122 2145 1175 velut
2172 1127 2369 1175 contra
2400 1123 2645 1193 gratiam
2698 1123 2797 1176 Dei
2846 1122 3129 1191 opposita,
3179 1121 3375 1173 beatus
3417 1119 3680 1188 Augusti-

1988 1227 2099 1264 nus
2154 1212 2214 1264 in
2263 1211 2408 1264 libro
2456 1212 2524 1265 de
2577 1212 2790 1264 Natura
2839 1217 2893 1264 et
2934 1210 3127 1265 Gratia
3166 1214 3309 1278 (cap.
3350 1211 3437 1275 623,
3482 1211 3565 1275 66)
3601 1208 3679 1261 ita

1989 1298 2242 1368 exponit,
2278 1304 2333 1352 et
2361 1299 2633 1365 defendit,
2669 1298 2859 1352 dicens
2888 1298 3039 1368 quod
3074 1298 3153 1350 ait
3183 1314 3215 1349 a
3245 1301 3559 1349 memorato
3592 1294 3679 1348 di-

1988 1392 2142 1440 ctum
2170 1403 2291 1441 esse
2332 1388 2696 1458 presbytero:
2749 1386 2962 1458 [Liberi
3007 1386 3226 1439 arbitrii
3280 1401 3384 1437 nos
3428 1382 3682 1436 condidit

1990 1477 2136 1529 Deus
2167 1491 2271 1529 nec
2305 1476 2371 1529 ad
2424 1476 2718 1541 virtutem,
2764 1491 2867 1528 nec
2914 1474 2981 1527 ad
3025 1474 3160 1525 vitia
3190 1472 3525 1525 necessitate
3575 1476 3682 1523 tra-

1988 1563 2214 1617 himur:
2242 1564 2512 1634 Alioquin
2544 1564 2641 1617 ubi
2675 1563 2993 1626 necessitas,
3030 1577 3129 1613 nec
3168 1576 3378 1613 corona
3409 1564 3512 1612 est.
3546 1558 3682 1623 Quis

1987 1669 2101 1705 non
2149 1657 2438 1722 agnoscat,
2479 1652 2606 1722 quis
2648 1668 2765 1705 non
2812 1655 2931 1705 toto
2984 1650 3151 1704 corde
3216 1648 3507 1717 suscipiat,
3554 1646 3682 1716 quis

1988 1740 2153 1794 aliter
2182 1741 2473 1795 conditam
2502 1742 2816 1794 humanam
2855 1745 3029 1809 neget
3068 1754 3189 1793 esse
3234 1737 3543 1791 naturam?
3573 1736 3681 1789 Sed

1989 1830 2048 1882 in
2076 1834 2226 1884 recte
2250 1829 2534 1897 faciendo,
2565 1829 2693 1883 ideo
2728 1829 2948 1882 nullum
2982 1834 3067 1882 est
3112 1828 3403 1880 vinculum
3434 1823 3678 1878 necessi-

1986 1918 2136 1985 tatis,
2174 1918 2311 1988 quia
2340 1918 2572 1972 libertas
2612 1923 2698 1971 est
2724 1917 3033 1971 charitatis.
3069 1916 3228 1980 Quod
3262 1920 3454 1968 autem
3508 1930 3575 1966 ex
3605 1911 3679 1965 vi-

1988 2006 2079 2059 tiis
2113 2013 2358 2074 naturae,
2392 2022 2505 2060 non
2535 2024 2602 2060 ex
2634 2006 2962 2060 conditione
3019 2012 3260 2068 naturae,
3308 2003 3381 2056 sit
3412 2000 3679 2073 quaedam

1987 2094 2259 2165 peccandi
2287 2095 2608 2161 necessitas,
2661 2095 2854 2148 audiat
2895 2095 3087 2160 homo,
3139 2098 3329 2162 atque,
3383 2096 3442 2143 ut
3480 2088 3679 2142 eadem

1988 2184 2292 2237 necessitas
2322 2199 2438 2236 non
2470 2183 2559 2251 sit,
2586 2183 2763 2237 discat
2793 2185 2904 2236 Deo
2956 2181 3180 2235 dicere:
3219 2201 3245 2227 ι(
3300 2180 3377 2233 De
3428 2174 3679 2229 necessi-

1988 2271 2197 2325 tatibus
2229 2272 2369 2325 meis
2400 2272 2544 2326 educ
2576 2288 2686 2325 me.
2723 2292 2744 2320 ι
2780 2271 2868 2325 Sic
2920 2286 3165 2340 namque
3197 2267 3514 2337 opitulante
3547 2279 3677 2333 gra-

1986 2360 2065 2413 tia
2094 2377 2198 2430 per
2234 2361 2538 2414 Dominum
2583 2365 2846 2414 nostrum
2874 2361 3065 2413 Jesum
3099 2357 3405 2419 Christum,
3438 2359 3493 2406 et
3528 2352 3680 2406 mala

1986 2450 2288 2503 necessitas
2337 2449 2741 2515 removebitur,
2790 2452 2847 2502 et
2878 2448 3108 2502 libertas
3143 2447 3313 2515 plena
3345 2439 3677 2508 tribuetur.]

1987 2539 2115 2592 Haec
2142 2538 2341 2592 beatus
2367 2538 2737 2607 Augustinus.

2656 2661 2880 2715 CAPUT
2918 2661 3025 2714 XL.

2211 2773 2279 2824 De
2309 2770 2594 2823 Amalario
2614 2786 2635 2829 ;
2666 2767 2730 2821 de
2758 2770 2979 2835 scriptis
3018 2766 3240 2820 Joannis
3272 2765 3437 2819 Secti.

2055 2893 2212 2958 Quod
2249 2897 2439 2945 autem
2470 2892 2618 2944 inter
2646 2896 2902 2957 caeteros,
2941 2890 3039 2958 qui
3067 2890 3134 2942 de
3155 2892 3311 2942 tanta
3341 2887 3673 2957 quaestione,

1985 2982 2193 3037 divinae
2215 2979 2477 3033 videlicet
2503 2979 2876 3048 praescientiae
2899 2984 2953 3031 et
2979 2976 3499 3047 praedestinationis
3526 2973 3677 3044 apud

176 3068 417 3120 ceritate
449 3067 570 3135 ejus
598 3082 719 3119 esse
753 3066 1071 3120 credendus
1105 3067 1197 3132 sit,
1239 3072 1515 3138 tanquam
1564 3068 1631 3122 de
1674 3068 1872 3137 ignoto
1913 3099 1952 3153 ρ
1983 3087 2077 3123 eos
2110 3069 2400 3138 scripsisse
2441 3070 2852 3133 memorantur,
2908 3066 3080 3119 etiam
3129 3064 3449 3117 Amalarius
3501 3061 3675 3131 poni—

169 3154 438 3225 judicare
503 3170 618 3206 non
664 3170 986 3222 possumus.
1064 3154 1209 3218 Quid
1259 3159 1450 3208 tamen
1509 3155 1602 3210 ille
1647 3161 1872 3209 sanctus

178 3244 385 3297 doctor
431 3244 596 3311 juxta
650 3243 783 3297 ﬁdei
850 3243 1145 3297 catholicas
1212 3244 1508 3297 veritatem
1565 3244 1632 3297 de
1691 3244 1875 3297 libero

176 3331 419 3384 arbitrio
494 3332 758 3400 senserit,
834 3336 889 3385 et
964 3331 1176 3402 dialogi
1250 3332 1449 3401 ipsius,
1526 3349 1670 3404 quos
1770 3332 1875 3386 sub

178 3419 416 3473 nomine
464 3419 636 3473 Attici
685 3424 740 3473 et
782 3420 1072 3475 Cretobuli
1115 3426 1310 3474 contra
1359 3421 1690 3490 Pelagianos
1737 3420 1878 3474 scri-

174 3508 313 3577 psit,
351 3508 811 3562 manifestissime
847 3512 1146 3562 testantur.
1200 3510 1267 3561 Et
1314 3508 1449 3563 ﬁdei
1485 3508 1607 3579 ejus
1658 3509 1873 3579 profes-

174 3596 282 3664 sio,
319 3613 494 3665 quam
525 3597 855 3666 plenissime
895 3602 953 3650 et
990 3597 1403 3667 perfectissime
1455 3603 1651 3651 contra
1702 3614 1871 3668 quos-

177 3685 311 3739 dam
364 3686 807 3739 calumniatores
856 3686 927 3739 ad
980 3686 1312 3740 Pontiﬁcem
1353 3686 1501 3740 sedis
1553 3686 1874 3756 apostolicae

174 3774 232 3828 in
266 3774 664 3829 defensionem
696 3774 783 3828 sui
814 3774 1012 3835 edidit,
1045 3774 1177 3827 satis
1225 3775 1507 3840 ostendit;
1543 3774 1639 3826 ubi
1689 3774 1757 3827 de
1785 3790 1876 3827 eo-

176 3864 313 3917 dem
346 3863 527 3917 libero
558 3863 791 3917 arbitrio
823 3862 902 3917 ita
934 3864 1191 3933 loquitur
1219 3871 1243 3896 ι
1270 3879 1282 3916 :
1320 3862 1605 3933 [Liberum
1636 3862 1713 3915 sic
1739 3879 1871 3916 con-

176 3953 415 4005 titemur
444 3952 762 4018 arbitrium,
797 3956 861 4005 ut
889 3952 1143 4006 dicamus
1192 3969 1296 4005 nos
1328 3968 1552 4021 semper
1584 3950 1684 4005 Dei
1724 3950 1871 4004 indi-

176 4057 316 4112 gere
356 4040 603 4094 auxilio:
630 4046 687 4094 et
720 4046 832 4094 tam
881 4040 1009 4094 illos
1039 4057 1229 4094 errare
1274 4041 1373 4111 qui
1402 4057 1530 4095 cum
1565 4040 1872 4095 Manichaee

175 4130 379 4183 dicunt
408 4128 702 4183 hominem
740 4135 1037 4200 peccatum
1084 4129 1262 4182 vitare
1299 4145 1413 4182 non
1462 4145 1649 4199 posse,
1697 4145 1867 4200 quam

176 4219 305 4271 illos
339 4217 439 4287 qui
465 4233 595 4270 cum
616 4217 913 4271 Joviniano
945 4222 1208 4271 asserunt
1237 4218 1531 4271 hominem
1564 4233 1677 4270 non
1708 4233 1870 4287 posse

173 4322 449 4376 peccare:
479 4312 716 4375 uterque
746 4306 899 4359 enim
933 4306 1083 4360 tollit
1111 4305 1333 4359 arbitrii
1376 4306 1721 4359 libertatem.
1761 4307 1871 4359 Nos

175 4412 315 4448 vero
356 4394 602 4447 dicimus
644 4394 940 4448 hominem
988 4410 1215 4463 semper
1254 4399 1311 4448 et
1354 4411 1604 4464 peccare,
1655 4399 1709 4447 et
1759 4410 1872 4447 non
1914 4380 1955 4432 θ

171 4498 415 4553 peccare
448 4498 612 4553 posse
644 4488 707 4536 ut
740 4499 967 4552 semper
996 4499 1098 4536 nos
1144 4482 1309 4537 liberi
1340 4483 1722 4536 conﬁteantur
1750 4499 1871 4535 esse

174 4570 448 4639 arbitrii.]
482 4572 545 4624 In
576 4570 783 4641 quibus
816 4571 969 4625 beati
1017 4570 1262 4624 doctoris
1310 4570 1495 4624 verbis
1543 4571 1694 4641 quod
1724 4570 1873 4623 afﬁr-
1904 4640 1907 4641 ν

170 4666 295 4714 mat
336 4659 634 4713 hominem
676 4676 901 4730 semper
950 4676 1180 4730 peccare
1225 4676 1393 4730 posse
1442 4660 1736 4713 manifeste
1766 4659 1871 4713 hu-

1983 3163 2096 3222 tur,
2133 3164 2188 3211 et
2219 3158 2420 3212 Scotus
2452 3156 2698 3209 Joannes
2745 3155 2814 3208 ab
2863 3154 2943 3208 eis
2992 3154 3062 3206 ad
3107 3152 3475 3206 scribendum
3523 3165 3674 3203 com-

1984 3245 2182 3316 pulsus
2229 3259 2350 3297 esse
2413 3242 2676 3306 refertur,
2727 3242 2972 3295 multum
3023 3241 3259 3292 moleste
3309 3245 3365 3291 et.
3415 3238 3675 3292 dolenter

1986 3333 2315 3403 accipimus,
2349 3338 2411 3385 ut.
2449 3330 2813 3384 ecclesiastici
2843 3335 2898 3382 et
2947 3330 3255 3399 prudentes
3303 3328 3408 3380 viri
3457 3330 3673 3379 tantam

1983 3422 2256 3492 injuriam
2306 3419 2678 3490 sibimetipsis
2724 3418 2981 3483 fecerint,
3031 3423 3093 3471 ut
3134 3419 3159 3459 Ι)
3207 3415 3561 3470 Amalarium
3604 3413 3674 3466 de

1984 3510 2119 3565 ﬁdei
2151 3510 2371 3564 ratione
2404 3509 2785 3575 consulerent,
2820 3507 2919 3578 qui
2949 3512 3004 3560 et
3032 3505 3235 3568 verbis,
3272 3510 3327 3559 et
3351 3503 3512 3556 libris
3558 3501 3674 3555 suis

1984 3599 2314 3665 mendaciis,
2345 3603 2400 3651 et
2428 3597 2742 3663 erroribus,
2779 3601 2834 3650 et
2881 3595 3248 3666 phantasticis
3294 3598 3461 3663 atque
3492 3591 3673 3645 haere-

1982 3689 2105 3742 ticis
2136 3686 2614 3757 disputationibus
2650 3686 2832 3755 plenis
2863 3701 3063 3737 omnes
3112 3700 3258 3753 pene
3304 3681 3457 3752 apud
3510 3682 3677 3734 Fran-

1982 3778 2129 3831 ciam
2180 3775 2461 3843 ecclesias,
2516 3780 2571 3828 et
2616 3774 2925 3828 nonnullas
2980 3772 3149 3826 etiam
3194 3772 3437 3825 aliarum
3486 3770 3673 3839 regio-

1985 3880 2140 3926 num,
2170 3868 2452 3933 quantum
2483 3861 2545 3915 in
2571 3878 2628 3915 se
2658 3860 2767 3915 fuit
2814 3860 3030 3927 infecit,
3082 3865 3253 3929 atque
3284 3858 3541 3926 corrupit
3568 3873 3579 3910 :
3614 3860 3676 3909 ut

1982 3970 2095 4006 non
2122 3957 2237 4005 tam
2281 3951 2402 4020 ipse
2434 3950 2503 4004 de
2547 3949 2659 4004 ﬁde
2692 3948 3053 4019 interrogari,
3090 3963 3261 4017 quam
3303 3946 3496 3999 omnia
3540 3944 3675 3996 scri-

1981 4046 2079 4112 pta
2107 4042 2228 4110 ejus
2275 4040 2473 4093 saltem
2525 4044 2654 4109 post
2688 4042 2932 4090 mortem
2982 4036 3164 4106 ipsius
3208 4034 3514 4089 debuerint
3543 4033 3675 4103 igne

1981 4128 2261 4193 consumi,
2296 4143 2367 4181 ne
2394 4126 2771 4198 simpliciores
2801 4125 3035 4195 quique,
3058 4124 3276 4193 quieos
3310 4122 3555 4175 multum
3582 4121 3674 4174 di-

1982 4217 2182 4288 ligere,
2218 4221 2274 4271 et
2312 4216 2554 4286 legendo
2602 4214 2966 4284 frequentare
3016 4213 3303 4277 dicuntur,
3350 4227 3549 4265 eorum
3596 4211 3675 4263 le-

1981 4307 2167 4361 ctione
2199 4309 2254 4359 et
2284 4305 2531 4359 inaniter
2563 4306 2999 4374 occuparentur,
3047 4308 3103 4356 et
3148 4300 3467 4371 perniciose
3514 4299 3672 4353 falle-

1980 4401 2179 4448 rentur
2208 4411 2271 4448 ac
2305 4394 2747 4462 deciperentur;
2778 4398 2852 4459 et,
2904 4392 3057 4461 quod
3109 4390 3340 4461 majoris
3394 4394 3479 4441 est
3520 4388 3679 4457 igno-

1982 4482 2174 4535 miniae
2206 4489 2377 4551 atque
2402 4480 2697 4550 opprobrii
2725 4480 2957 4534 Scotum
2988 4479 3149 4532 illum
3195 4479 3264 4532 ad
3309 4477 3677 4531 scribendum

1982 4570 2409 4639 compellerent.
2461 4568 2567 4631 Qui
2614 4568 2760 4622 sicut
2812 4584 2874 4621 ex
2941 4568 3064 4637 ejus
3110 4568 3333 4636 scriptis
3388 4565 3676 4619 verissime

1983 4660 2388 4727 comperimus,
2440 4673 2543 4710 nec
2594 4656 2717 4726 ipsa
2785 4656 2955 4710 verba
3008 4656 3433 4726 Scripturarum
3493 4654 3677 4708 adhuc

1242 4788 1440 4843 ΝΟΤᾸΕ
1482 4788 1803 4843 DUVALLII
1844 4785 2188 4842 DOCTOBIS
2231 4785 2618 4841 SORBONICI.

245 4918 269 4940 ³
309 4909 437 4961 Haec
468 4907 600 4960 ﬁdei
632 4907 909 4976 professio
939 4925 1057 4962 non
1088 4909 1140 4963 S.
1179 4908 1505 4978 Hieronymi
1550 4909 1617 4961 ad
1673 4909 1875 4961 Dama-

170 4994 324 5049 sum,
357 4978 668 5049 sedipsius
704 4980 918 5049 Pelagii
948 4981 1017 5033 ad
1052 4980 1447 5033 Innocentium
1487 4980 1586 5031 PP.

246 5053 269 5092 b
303 5048 587 5117 Suggillat
622 5055 677 5101 et
708 5048 896 5117 arguit
927 5050 1279 5103 Amalarium
1323 5049 1719 5109 Lugdunensis
1768 5051 1874 5103 Ec-

173 5119 349 5174 clesia
414 5125 689 5189 tamquam
753 5121 1011 5174 omnium
1060 5121 1358 5173 beereseon
1404 5120 1557 5173 illius
1601 5120 1875 5190 temporis

174 5196 475 5244 auctorem
506 5197 563 5242 et
594 5198 998 5260 promotorem.
1034 5191 1170 5255 Quis
1212 5196 1403 5244 autem
1453 5191 1645 5253 fuerit,
1694 5191 1875 5259 magis

175 5262 484 5329 ignoratur
513 5276 687 5330 quam
731 5264 923 5315 scitur.
967 5262 1158 5316 Solum
1204 5263 1393 5331 accipe
1434 5278 1498 5314 ex
1546 5262 1874 5315 doctissimo

176 5333 300 5384 viro
349 5332 579 5383 Nicolao
635 5331 834 5397 Fabro,
889 5332 1083 5385 sedulo
1128 5333 1489 5402 antiquitatis
1524 5333 1870 5401 pervestiga-

175 5408 322 5467 tore,
378 5403 610 5455 Florum
670 5406 1027 5472 magistrum.
1097 5418 1267 5472 quem
1315 5405 1651 5456 Trecensem
1709 5403 1873 5456 illum

175 5474 514 5544 episcopum
548 5472 911 5535 arbitramur,
945 5474 1043 5544 qui
1082 5480 1279 5526 contra
1314 5475 1593 5526 Joannem
1641 5474 1872 5544 Scotum

176 5551 234 5597 et
274 5543 731 5597 Gotteschalcum
786 5543 1012 5613 scripsit
1058 5544 1506 5614 quamplurima,
1554 5546 1653 5596 sed
1702 5544 1761 5596 in
1806 5543 1875 5595 iis

176 5614 449 5686 quaedam
517 5614 1012 5669 animadversione
1079 5615 1447 5684 dignissima;
1506 5614 1597 5668 hic
1637 5615 1872 5685 inquam

1991 4908 2189 4961 Florus
2229 4907 2288 4958 in
2339 4923 2419 4975 ps.
2474 4921 2634 4969 Lxxx,
2669 4905 2939 4959 adversus
2981 4904 3333 4975 Amalariurm
3384 4901 3670 4975 scribens:

1988 5000 2015 5027 ‹‹
2050 4978 2160 5043 Vis,
2214 4973 2421 5047 inquit,
2496 4977 2796 5029 comedere
2864 4977 3051 5046 ipsum
3122 4974 3431 5047 Dominum
3497 4973 3673 5047 Deum

1985 5042 2194 5103 tuum"?
2223 5042 2371 5102 Audi
2402 5042 2536 5117 quid
2570 5047 2752 5101 dicat:
2788 5068 2814 5095 ‹‹
2848 5042 3026 5100 Dilata
3055 5061 3116 5098 os
3148 5050 3388 5117 tuumﬁet
3420 5042 3672 5117 implebo

1992 5142 2011 5167 ι
2048 5120 2207 5173 illud.
2248 5141 2267 5166 ι
2308 5112 2541 5171 Dim-tate
2591 5134 2692 5171 ora
2736 5125 2944 5183 vestra,
2987 5116 3108 5183 ipse
3159 5122 3243 5168 est
3300 5112 3573 5168 Dominus
3618 5116 3674 5164 et

1985 5190 2171 5260 panis,
2207 5190 2325 5259 ipse
2360 5191 2619 5242 hortatur
2650 5206 2752 5242 nos
2788 5194 2849 5241 ut
2880 5186 3282 5260 comedamus:
3316 5191 3371 5236 at
3405 5185 3524 5252 ipse
3574 5199 3671 5260 no_-

1986 5252 2100 5313 ster
2146 5252 2469 5313 est-cibus:
2531 5266 2809 5319 quantum
2862 5256 3204 5319 dilataveris,
3259 5260 3481 5308 tantum
3534 5252 3671 5305 acci-

1985 5330 2131 5399 pies.
2175 5350 2202 5377 ››
2237 5331 2365 5383 Ηᾶιε
2396 5330 2508 5383 ille.
2546 5324 2617 5382 Ex
2646 5344 2759 5398 quo
2785 5329 3129 5398 conjecturae
3149 5327 3302 5399 locus
3325 5324 3673 5399 relinquitur

1983 5395 2335 5454 Amalarium
2369 5400 2529 5453 illum
2566 5395 2681 5452 una
2707 5416 2834 5452 cum
2880 5395 3098 5452 Joanne
3146 5398 3306 5450 Scoto
3355 5395 3527 5448 fuisse
3577 5396 3673 5448 Be-

1985 5471 2236 5541 rengarii
2269 5486 2648 5541 praecursores
2670 5477 2727 5541 et
2758 5470 2926 5522 veluti
2953 5469 3394 5541 antesignanos;
3428 5481 3673 5541 quorum

1984 5536 2237 5595 errorem
2269 5536 2443 5595 nostri
2497 5540 3095 5608 Eucharistomastiges
3132 5536 3476 5605 jamdudum
3526 5536 3675 5606 sapi-

1985 5619 2107 5667 tum
2141 5620 2197 5667 et
2225 5612 2559 5666 exstinctum
2589 5612 2659 5664 ab
2690 5626 2819 5664 orco
2847 5610 3215 5663 suscitarunt.
