4108 6190
409 325 540 377 1055

1532 322 1589 375 S.
1634 318 1900 375 REMIGII
1942 319 2416 375 LUGDUNENSIS
2456 319 2771 375 EPISCOPI

3765 320 3895 372 1056

402 457 577 512 habet
604 456 847 527 cognita.
891 455 957 508 Et
999 453 1079 517 ita
1121 452 1465 525 quibusdam
1505 451 1879 523 phantasticis
1928 452 2063 505 adin
2121 453 2166 505 A
2198 456 2369 521 atque
2401 451 2665 505 interitus
2703 466 2873 505 causa
2911 449 3001 517 sit,
3063 449 3160 504 sed
3216 448 3532 504 multorum
3592 449 3759 519 origo
3817 465 3897 502 sa-

404 545 765 599 ventionibus
798 549 852 596 et
883 542 1177 596 erroribus
1208 543 1410 611 plenus
1437 547 1539 607 est,
1567 548 1631 594 ut
1659 557 1776 593 non
1806 541 1991 593 solum
2026 540 2094 593 de

404 634 537 689 ﬁdei
572 633 803 686 veritate
826 631 1157 684 nullatenus
1202 631 1274 683 sit
1323 631 1726 694 consulendus,
1779 629 1872 682 sed
1920 629 2094 681 etiam

404 739 533 776 cum
565 722 700 791 ipsis
726 720 883 773 omni
912 720 1173 773 irrisione
1219 724 1274 773 et
1322 720 1684 788 despectione
1732 718 1920 787 dignis
1952 718 2095 770 scri-

401 808 516 877 ptis
564 808 701 874 suis,
752 808 862 861 nisi
919 808 1203 878 corrigere
1247 814 1304 861 et
1350 808 1655 861 emendare
1707 808 1969 859 festinet:
2009 806 2093 859 vel

404 895 547 949 sicut
611 897 847 950 demens
895 896 967 949 sit
1024 897 1398 964 miserandus,
1461 898 1548 949 vel
1597 897 1741 950 sicut
1790 896 2094 949 haereticus

403 984 988 1039 anathematizandus.
1766 996 1769 997 ⁷

1051 1127 1273 1181 CAPUT
1312 1127 1452 1180 XLI.

705 1235 776 1285 De
805 1235 985 1297 tertia,
1020 1248 1136 1299 qua
1165 1237 1242 1285 est
1271 1233 1511 1292 Rabam‘,
1540 1233 1786 1300 epistola.

474 1356 662 1410 Tertia
695 1356 955 1425 epistola,
982 1373 1110 1426 quae
1133 1372 1250 1409 non
1272 1356 1342 1409 ad
1369 1356 1673 1409 Ecclesiam
1694 1361 1972 1421 nostram,
1996 1356 2092 1409 sed

407 1446 475 1499 ad
508 1446 815 1515 quemdam
846 1445 1092 1498 amicum
1124 1444 1435 1497 venerabili
1457 1444 1725 1514 episcopo
1749 1445 1959 1513 scripta
1989 1448 2090 1512 est,

405 1535 642 1587 assumit
674 1538 953 1604 quantum
984 1533 1148 1586 nobis
1165 1534 1408 1597 videtur,
1432 1549 1547 1585 non
1572 1533 1969 1598 necessariam,
1990 1549 2094 1586 nec

406 1623 687 1675 ullatenus
718 1622 785 1675 ad
817 1638 937 1674 rem
969 1622 1037 1674 de
1068 1638 1182 1692 qua
1228 1623 1522 1691 quaeritur,
1559 1623 1962 1691 pertinentem,
2000 1622 2093 1674 di-

403 1710 807 1780 sputationem.
845 1710 1135 1773 Quaeritur
1162 1726 1409 1781 namque
1428 1711 1487 1763 in
1513 1712 1782 1781 praesenti
1813 1711 2091 1780 discepta-

401 1798 573 1865 tione,
626 1800 771 1852 sicut
812 1800 933 1869 jam
971 1800 1303 1869 frequenter
1348 1804 1403 1852 et
1455 1799 1853 1869 multipliciter
1918 1815 2093 1868 supra

402 1886 673 1954 diximus,
707 1904 825 1941 non
856 1888 1021 1954 illud,
1075 1894 1266 1940 utrum
1318 1887 1527 1956 impios
1564 1888 1708 1941 Deus
1755 1892 1811 1940 et
1864 1887 2093 1957 iniquos

399 1976 894 2046 prmdestinaverit
921 1976 989 2029 ad
1017 1976 1199 2045 ipsam
1236 1976 1591 2045 impietatem
1619 1981 1674 2028 et
1704 1976 2089 2045 iniquitatem,

400 2064 458 2118 id
486 2069 588 2128 est,
626 2070 686 2116 ut
716 2064 879 2134 impii
916 2070 974 2117 et
1005 2064 1191 2134 iniqui
1239 2070 1445 2129 essent,
1498 2071 1554 2117 et
1594 2065 1746 2118 aliud
1803 2080 1922 2117 esse
1977 2080 2094 2117 non

400 2158 671 2222 possent;
699 2154 850 2223 quod
884 2153 1077 2206 nullus
1107 2154 1342 2211 omnino
1389 2154 1666 2205 moderno
1702 2159 1960 2222 tempore
2006 2154 2091 2206 di-

400 2256 526 2294 cere
556 2243 640 2294 vel
674 2242 878 2295 dixisse
908 2241 1219 2295 invenitur.
1254 2242 1416 2305 Quod
1465 2249 1548 2295 est
1597 2242 1793 2312 utique
1824 2242 2093 2295 immanis

400 2334 456 2383 et
487 2330 835 2384 detestabilis
874 2330 1247 2401 blasphemia,
1284 2336 1345 2383 ut
1385 2332 1531 2384 Deus
1584 2347 1687 2384 sua
1720 2331 2090 2401 prmdestina-

398 2418 555 2472 tione
602 2419 765 2488 quasi
810 2425 1005 2473 auctor
1050 2419 1122 2472 sit
1178 2420 1541 2489 impietatum
1590 2424 1645 2472 et
1692 2420 2088 2489 iniquitatum,

400 2506 621 2575 aliquos
650 2507 860 2576 impios
909 2512 966 2560 et
1013 2506 1242 2576 iniquos
1287 2524 1409 2560 esse
1462 2508 1750 2576 coegerit;
1807 2508 1904 2561 sed
1948 2508 2090 2561 illud

399 2593 591 2663 potius
638 2593 913 2663 quaeritur
956 2599 1145 2647 utrum
1193 2610 1289 2646 eos
1336 2611 1481 2664 quos
1525 2596 1801 2648 veraciter
1852 2596 2091 2648 omnino

399 2681 701 2751 praescivit,
733 2681 969 2750 proprio
1004 2681 1137 2734 vitio
1167 2682 1375 2751 impios
1406 2688 1462 2735 et
1488 2683 1716 2752 iniquos
1758 2683 2002 2749 futuros,
2038 2688 2093 2736 et

400 2768 461 2821 in
510 2768 626 2820 suis
671 2768 1062 2837 impietatibus
1104 2775 1277 2839 atque
1343 2768 1747 2838 iniquitatibus
1793 2787 1971 2840 usque
2021 2771 2091 2824 ad

400 2861 643 2909 mortem
692 2864 1156 2927 perseveraturos
1194 2859 1349 2926 justo
1385 2858 1603 2927 judicio
1655 2874 1757 2912 suo
1808 2860 2094 2929 praedesti-

402 2945 624 2999 naverit
660 2952 875 2999 aeterno
927 2946 1210 3016 supplicio
1278 2947 1637 3016 puniendos;
1707 2952 1905 3001 auctor
1957 2964 2090 3001 vero

2204 539 2357 593 Iutis.
2394 560 2420 587 υ

2859 660 3234 700 RESPONSIO.

2274 756 2336 808 In
2376 754 2584 825 quibus
2642 752 2831 808 verbis
2887 753 3141 823 primum
3191 752 3451 806 haeresim
3499 756 3555 805 et
3594 752 3898 806 haereticos

2203 843 2477 906 nominat,
2510 842 2609 913 qui
2657 843 2724 896 de
2756 842 2950 895 divina
2988 842 3488 911 prardestinatione
3519 842 3597 894 ita
3643 842 3897 910 sapiunt,

2202 938 2268 987 ut
2314 932 2476 1002 juxta
2531 931 2930 984 auctoritatem
2984 931 3408 998 Scripturarum
3469 936 3525 982 et
3567 936 3899 983 sanctorum

2206 1022 2437 1074 Patrum
2471 1035 2597 1071 eam
2629 1019 2687 1071 in
2725 1025 3026 1087 utramque
3075 1024 3293 1088 partem
3327 1022 3381 1070 et
3410 1019 3722 1071 electorum
3756 1018 3900 1071 scili-

2203 1114 2292 1162 cet
2323 1114 2377 1161 et
2405 1108 2782 1177 reproborum
2812 1107 3057 1160 ﬁdeliter
3086 1107 3324 1160 credant
3350 1111 3413 1159 ut
3442 1111 3497 1158 et
3525 1106 3657 1159 illos
3709 1106 3897 1159 omni-

2202 1202 2405 1266 potens
2440 1199 2585 1250 Deus
2616 1212 2826 1266 magna
2858 1196 3114 1249 bonitate
3162 1212 3263 1248 sua
3292 1195 3639 1248 aeternaliter
3668 1195 3899 1263 praede-

2204 1286 2499 1339 stinaverit
2537 1284 2606 1338 ad
2651 1284 2922 1354 gloriam;
2966 1288 3023 1337 et
3072 1284 3208 1336 istos
3248 1299 3457 1353 magna
3503 1284 3779 1353 aequitate
3814 1282 3902 1351 ju-

2203 1375 2335 1428 dicii
2384 1374 2473 1426 sui
2526 1373 3013 1443 prmdestinaverit
3050 1372 3118 1425 ad
3160 1387 3418 1442 poenam:
3459 1375 3515 1423 et
3568 1370 3701 1422 ideo
3743 1384 3900 1439 pror-

2202 1479 2296 1515 sus
2336 1467 2418 1515 est
2457 1461 2851 1516 admonendus
2889 1465 2945 1513 et
2982 1461 3051 1513 ad
3100 1460 3325 1530 pietatis
3376 1457 3898 1512 considerationem

2205 1552 2558 1606 revocandus
2597 1567 2667 1604 ne
2721 1551 2824 1603 sub
2873 1550 3111 1603 istorum
3158 1565 3420 1618 persona,
3474 1564 3620 1618 quos
3665 1551 3784 1599 tam
3824 1545 3900 1598 fa-

2202 1641 2309 1694 cile
2349 1640 2648 1693 haareticos
2696 1644 2876 1702 vocat,
2931 1644 3156 1690 sanctos
3204 1637 3392 1706 potius
3443 1642 3495 1689 et
3544 1636 3899 1688 venerabiles

2133 1750 2172 1803 Β
2203 1730 2421 1796 Patres,
2469 1727 2571 1798 qui
2606 1728 2685 1781 ita
2734 1727 3053 1781 docuerunt
3095 1731 3152 1779 et
3197 1725 3570 1789 deﬁnierunt,
3617 1724 3900 1778 damnare

2199 1817 2544 1872 inveniatur.

2832 1921 3058 1976 CAPUT
3102 1920 3253 1975 XLII.

2204 2046 2619 2100 Przdestinatio
2648 2048 2787 2112 facit
2833 2052 2893 2099 ut
2941 2046 3097 2101 electi
3140 2061 3246 2099 non
3298 2047 3508 2114 possint
3544 2046 3749 2112 perire.
3782 2046 3901 2099 Non

2270 2122 2487 2171 econtra
2516 2118 2581 2170 de
2610 2118 2871 2185 reprobis.
2909 2120 3047 2171 Deus
3084 2132 3188 2170 non
3215 2120 3293 2169 est
3330 2121 3517 2169 auctor
3545 2116 3896 2182 perditionis.

2270 2191 2407 2241 Deus
2445 2190 2647 2241 nemini
2676 2191 2907 2256 imponit
2935 2190 3302 2242 necessitatem
3326 2186 3606 2255 peccandi.

2271 2312 2429 2376 Quod
2465 2316 2655 2365 autem
2690 2313 2840 2375 dicit,
2884 2312 2953 2364 de
3010 2312 3125 2365 illis
3172 2327 3317 2382 quos
3364 2310 3662 2364 haereticos
3712 2315 3897 2379 putat,

2204 2424 2231 2450 ‹‹
2260 2403 2396 2472 quia
2424 2400 2493 2454 de
2527 2402 2640 2453 Deo
2670 2400 2821 2453 bono
2854 2403 2909 2453 et
2935 2402 3088 2469 justo
3138 2405 3255 2453 tam
3303 2399 3568 2469 nequiter
3615 2399 3895 2460 sentiunt,

2200 2495 2265 2544 ut
2314 2490 2505 2544 dicant
2552 2490 2675 2559 ejus
2724 2489 3282 2559 praedestinationem
3335 2489 3539 2555 facere,
3589 2488 3745 2557 quod
3796 2504 3898 2541 nec

2199 2580 2372 2632 homo
2422 2579 2488 2633 ad
2542 2579 2715 2632 vitam
2782 2578 3221 2648 praedestinatus
3298 2577 3477 2647 possit
3530 2577 3589 2629 in
3645 2582 3895 2629 mortem

2198 2668 2468 2735 incidere,
2503 2683 2605 2721 nec
2640 2667 2710 2720 ad
2757 2674 2997 2720 mortem
3054 2666 3495 2736 praedestinatus
3555 2667 3671 2719 ullo
3719 2666 3893 2718 modo

2200 2773 2258 2809 se
2313 2756 2487 2827 possit
2537 2756 2605 2809 ad
2656 2756 2829 2808 vitam
2888 2772 3246 2825 recuperare,
3297 2774 3323 2804 η
3382 2754 3750 2807 manifestum
3810 2758 3896 2807 est

2202 2846 2358 2898 nullo
2386 2844 2557 2897 modo
2607 2860 2726 2896 esse
2776 2843 3160 2909 mendacium,
3203 2843 3298 2896 sed
3333 2842 3710 2895 certissimam
3752 2841 3897 2895 veri-

2201 2936 2400 2999 tatem,
2457 2949 2628 3003 quam
2661 2948 2859 2985 omnes
2908 2932 3103 2984 ﬁdeles
3152 2930 3409 2995 credunt,
3442 2936 3497 2983 et
3525 2930 3894 2995 conﬁtentur,

399 3034 580 3104 ipsius
612 3035 864 3104 epistola?
897 3035 1094 3088 relicta
1142 3036 1247 3088 hac
1296 3035 1545 3089 secunda
1584 3036 1926 3105 quaestione,
1959 3052 2089 3105 qua:
2129 3046 2168 3101 ρ
2199 3022 2350 3090 (ἰυοά
2392 3021 2637 3085 bonitas:
2694 3026 2750 3072 et
2781 3020 2965 3090 ενειὶδ
3005 3020 3211 3072 (“Vina
3255 3018 3772 3090 P1'33d95ﬁ03ti0m5
3808 3019 3894 3071 ἴδ’

398 3123 457 3175 in
489 3123 757 3192 praesenti
806 3124 959 3192 apud
1010 3124 1215 3177 multus
1261 3130 1538 3188 versatur,
1588 3131 1788 3177 contra
1835 3125 2085 3193 priorem

398 3211 589 3281 potius
620 3212 858 3281 impiam
891 3212 1221 3281 opinionem
1254 3212 1497 3278 laborat,
1541 3218 1596 3266 et
1627 3220 1812 3267 totum
1844 3213 2091 3283 disputa-

396 3299 571 3353 tionis
609 3316 727 3352 sua:
756 3316 1080 3353 sermonem
1120 3300 1188 3352 ad
1224 3300 1329 3353 hoc
1370 3300 1569 3370 dirigit
1617 3302 1765 3370 quod
1814 3301 1961 3353 Deus
1989 3300 2087 3354 ho-

400 3404 507 3441 nus
530 3393 586 3441 et
628 3388 817 3456 justus
868 3404 1162 3458 nunquam
1212 3388 1380 3441 alicui
1436 3404 1554 3441 esse
1603 3389 1857 3457 potuerit
1900 3406 2088 3456 causa,

398 3478 484 3529 vel
535 3478 718 3547 origo,
784 3477 868 3529 vel
920 3483 1118 3529 auctor
1164 3477 1379 3545 peccati
1428 3482 1484 3529 et
1529 3476 1888 3546 iniquitatis:
1939 3478 2091 3547 quod

400 3580 598 3617 omnes
628 3567 709 3632 (ut
738 3564 951 3617 dictum
985 3566 1091 3633 est)
1124 3564 1321 3618 ﬁdeles
1339 3565 1586 3618 fideliter
1615 3570 1669 3619 et
1698 3566 2093 3619 indubitanter

399 3651 685 3704 fatentur:
728 3653 944 3705 nullam
993 3658 1187 3706 tamen
1236 3669 1355 3706 esse
1403 3654 1656 3707 divinam
1714 3654 2085 3725 praedestina-

398 3739 618 3793 tionem
649 3755 784 3810 erga
810 3742 1025 3809 justam
1045 3741 1475 3795 damnationem
1517 3744 1852 3795 eorumdem
1894 3743 2094 3812 impio-

399 3843 529 3881 rum
560 3834 615 3882 et
648 3828 1004 3899 iniquorum,
1041 3835 1097 3883 et
1129 3831 1521 3883 tantummodo
1552 3831 1610 3883 in
1667 3836 1826 3900 parte
1877 3833 2091 3885 electo-

399 3933 529 3970 rum
560 3933 680 3971 esse
712 3918 1080 3983 credendam,
1114 3920 1300 3973 verbis
1342 3920 1562 3989 przefati
1597 3920 1795 3986 libelli,
1838 3921 1937 3990 qni
1966 3921 2093 3989 Hy-

394 4009 747 4076 pognosticon
804 4007 1028 4070 dicitur,
1090 4006 1381 4061 afﬁrmare
1448 4008 1760 4062 contendit.
1824 4009 1977 4063 Unde
2036 4015 2093 4063 et

399 4094 536 4163 quia
564 4095 683 4164 ipse
714 4102 845 4148 ante
866 4112 1065 4148 omnes
1086 4096 1185 4166 qui
1214 4095 1492 4149 moderno
1521 4102 1779 4166 tempore
1801 4098 2091 4167 scripsisse

398 4183 728 4236 referuntur
757 4184 826 4237 de
858 4184 963 4237 hac
995 4200 1057 4238 re
1087 4184 1335 4253 scripsit,
1379 4184 1501 4253 ejus
1546 4184 1652 4237 sibi
1694 4184 2091 4238 auctoritatem

399 4273 563 4341 sequi
592 4273 859 4325 videntur
900 4272 997 4342 qui
1047 4272 1311 4324 similiter
1352 4272 1419 4324 de
1468 4273 1668 4325 eadem
1718 4271 1911 4325 divina
1944 4288 2090 4342 prae-

399 4360 780 4414 destinatione
841 4361 1094 4413 sentiunt
1143 4365 1199 4413 et
1242 4359 1574 4413 defendunt.
1639 4360 1785 4413 Dicit
1844 4376 2093 4431 namque

399 4448 521 4519 ipse
550 4448 742 4501 statim
774 4448 833 4501 in
863 4448 1199 4518 praefatione
1231 4447 1410 4517 ipsius
1443 4448 1697 4517 epistola!
1726 4448 1805 4501 ita
1837 4465 1849 4501 :

1090 4588 1409 4626 BABANUS.

474 4714 503 4745 ‹‹
538 4695 615 4749 De
642 4694 866 4761 haeresi,
888 4712 1059 4766 quam
1089 4696 1324 4766 quidam
1356 4697 1425 4750 de
1457 4696 1960 4766 praedestinatione
1995 4697 2095 4751 Dei

399 4783 589 4854 iniqui
635 4784 889 4838 condunt
932 4790 1208 4852 errantes,
1260 4792 1315 4837 et
1362 4785 1504 4837 alios
1550 4786 1608 4838 in
1661 4802 1914 4839 errorem
1970 4786 2097 4839 mit-

401 4878 605 4939 tentes,
650 4873 917 4927 convenit
949 4874 1099 4927 inter
1129 4890 1249 4939 nos,
1300 4880 1361 4927 ut
1409 4874 1479 4926 de
1525 4874 1729 4927 divinis
1768 4875 2093 4945 Scripturis,

402 4967 459 5015 et
484 4963 552 5015 de
599 4962 1049 5015 orthodoxorum
1091 4963 1319 5015 Patrum
1356 4962 1654 5016 sententiis
1688 4963 1919 5034 aliquod
1951 4979 2095 5033 opu-

403 5051 625 5104 sculum
666 5050 1027 5115 conﬁcerem,
1084 5050 1153 5103 ad
1210 5050 1661 5104 convincendum
1709 5067 1961 5105 errorem
2008 5067 2098 5104 eo-

402 5156 533 5193 rum
562 5138 660 5209 qui
691 5140 759 5191 de
790 5140 902 5193 Deo
936 5139 1085 5192 bono
1117 5143 1172 5191 et
1197 5138 1351 5207 justo
1378 5143 1492 5191 tam
1525 5139 1791 5209 nequiter
1820 5139 2093 5205 sentiunt,

402 5234 467 5281 ut
498 5228 689 5282 dicant
741 5228 863 5297 ejus
911 5228 1478 5297 praedestinationem
1524 5228 1728 5295 facere,
1785 5228 1939 5298 quod
1992 5244 2094 5297 nec

402 5317 576 5371 homo
609 5316 677 5371 ad
708 5317 879 5369 vitam
912 5316 1348 5386 praedestinatus
1382 5316 1562 5385 possit
1609 5316 1667 5368 in
1719 5323 1958 5370 mortem
2002 5317 2095 5369 in—

403 5404 611 5465 cidere.
656 5421 759 5459 nec
815 5405 885 5458 ad
944 5411 1184 5458 mortem
1244 5405 1701 5474 praedestinatus,
1756 5404 1873 5457 ullo
1925 5405 2096 5458 modo

407 5507 464 5543 se
492 5493 669 5559 possit
699 5494 769 5546 ad
813 5494 987 5546 vitam
1019 5508 1377 5563 recuperare.
1413 5493 1553 5547 Cum
1597 5497 1790 5545 auctor
1837 5493 2095 5546 omnium

408 5595 597 5632 rerum
663 5582 921 5634 conditor
978 5582 1126 5635 Deus
1208 5587 1543 5635 naturarum
1622 5580 1836 5635 nullius
1917 5583 2096 5635 ruinae

2200 3110 2309 3163 ciat
2342 3114 2405 3162 ut
2434 3125 2501 3161 ex
2534 3109 2621 3161 his
2653 3108 2752 3178 qui
2797 3108 3190 3178 praedestinati
3237 3113 3371 3160 sunt
3421 3106 3491 3159 ad
3528 3107 3700 3159 vitam
3732 3112 3899 3159 aiter—

2198 3214 2351 3261 nam,
2388 3214 2555 3250 nemo
2586 3198 2765 3266 possit
2792 3196 3038 3249 incidere
3065 3196 3123 3248 in
3151 3200 3391 3249 mortem
3422 3199 3720 3248 aeternam.
3741 3197 3897 3249 Hanc

2200 3286 2355 3340 enim
2385 3284 2817 3355 perseverantiae
2841 3284 3206 3337 stabilitatem
3224 3290 3279 3337 et
3304 3283 3633 3337 ﬁrmitatem
3660 3284 3720 3336 in
3744 3284 3897 3336 bono

2199 3374 2270 3428 ab
2327 3390 2393 3428 eo
2433 3379 2792 3443 acceperunt,
2836 3374 2935 3443 qui
2975 3372 3215 3442 rogavit,
3258 3378 3315 3426 et
3354 3376 3517 3441 rogat
3553 3388 3657 3441 pro
3696 3372 3778 3423 eis
3825 3389 3896 3426 ne

2201 3462 2429 3516 deﬁciat
2458 3463 2595 3515 ﬁdes
2635 3462 2893 3530 ipsorum
2937 3462 3079 3514 sicut
3113 3461 3232 3531 ipse
3280 3461 3347 3515 ad
3387 3460 3618 3514 beatum
3659 3462 3892 3514 Petrum

2200 3550 2371 3604 dicit:
2405 3551 2573 3619 «Ego
2615 3556 2805 3603 autem
2849 3552 3042 3619 rogavi
3097 3566 3199 3619 pro
3252 3554 3327 3615 te,
3390 3554 3451 3601 ut
3512 3566 3621 3602 non
3667 3550 3895 3602 deﬁciat

2199 3638 2342 3693 ﬁdes
2372 3643 2472 3692 tua
2502 3640 2655 3706 (Luc.
2690 3654 2823 3703 xxu,
2865 3638 2977 3709 32).
3012 3659 3039 3685 ››
3076 3640 3139 3691 Et
3177 3638 3289 3690 alio
3323 3638 3445 3690 loco
3498 3637 3789 3705 Evangelii
3825 3637 3895 3689 de

2200 3728 2413 3782 eisdem
2449 3727 2639 3780 electis
2670 3728 2786 3779 suis
2818 3727 2986 3780 dicit:
3022 3750 3047 3774 ‹‹
3084 3728 3147 3779 Et
3178 3742 3284 3796 ego
3314 3726 3482 3778 vitam
3514 3730 3789 3778 aeternam
3821 3724 3893 3777 do

2200 3816 2301 3882 eis,
2346 3821 2402 3869 et
2446 3832 2562 3869 non
2615 3816 2885 3884 peribunt
2942 3816 2999 3868 in
3048 3820 3327 3868 atternum
3384 3815 3563 3881 (Joan.
3606 3830 3658 3879 κ,
3726 3814 3831 3881 l8).
3867 3833 3893 3859 ››

2200 3905 2361 3969 Quod
2393 3911 2584 3958 autem
2625 3905 2824 3957 eadem
2864 3904 3053 3958 divina
3092 3903 3516 3973 praedestinatio
3557 3905 3666 3956 hoc
3706 3903 3768 3955 in
3808 3919 3891 3954 re-

2201 3994 2397 4063 prohis
2426 3997 2558 4063 agat
2580 3998 2639 4045 ut
2671 4010 2728 4045 se
2760 3993 2826 4047 ad
2860 3994 3038 4047 Deum
3067 3992 3469 4057 convertendo,
3500 3996 3558 4044 et
3587 3992 3648 4044 in
3692 3991 3894 4043 melius

2198 4081 2607 4135 commutando
2656 4098 2825 4134 nemo
2864 4098 3065 4134 eorum
3106 4081 3281 4151 possit
3318 4097 3376 4133 se
3423 4080 3489 4133 ad
3534 4080 3705 4133 vitam
3748 4095 3896 4131 recu-

2202 4186 2421 4242 perare,
2451 4170 2614 4239 quasi
2648 4170 3012 4240 omnipotens
3046 4171 3193 4223 Deus
3225 4169 3399 4240 (quod
3423 4168 3593 4231 absit)
3630 4184 3729 4220 sua
3760 4184 3894 4238 prae.-

2201 4258 2581 4312 destinatione
2604 4258 2684 4311 eis
2705 4257 3047 4327 imposuerit
3067 4258 3460 4311 necessitatem
3491 4257 3640 4309 male
3663 4256 3893 4325 agendi,

2132 4339 2175 4392 D
2203 4353 2261 4400 et
2289 4347 2349 4400 in
2375 4347 2491 4399 suis
2519 4347 2682 4400 malis
2718 4348 3142 4417 perseverandi,
3191 4348 3296 4400 hoc
3327 4346 3566 4399 omnino
3610 4346 3807 4398 nullus
3836 4344 3895 4397 ﬁ-

2202 4436 2417 4491 delium
2454 4435 2627 4488 dicit:
2659 4436 2794 4505 quia
2839 4440 3129 4489 auctorem
3180 4451 3420 4505 operum
3470 4440 3525 4487 et
3558 4433 3894 4487 meritorum

2202 4525 2491 4578 malorum
2533 4525 2713 4577 Deum
2757 4540 2877 4576 esse
2910 4540 3027 4577 non
3057 4524 3252 4577 credit.
3286 4523 3445 4586 Quod
3486 4523 3643 4576 enim
3689 4522 3896 4591 impius

2204 4616 2261 4665 et
2286 4612 2521 4681 iniquus
2572 4612 2724 4664 mala
2772 4626 2874 4663 sua
2912 4611 3251 4681 corrigendo
3298 4618 3354 4663 et
3402 4610 3655 4664 divinam
3691 4608 3897 4661 miseri-

2204 4700 2456 4753 cordiam
2500 4699 2864 4769 implorando
2917 4715 3252 4769 recuperare
3292 4716 3350 4752 se
3398 4698 3576 4768 possit
3604 4698 3675 4751 ad
3727 4699 3894 4750 vitam

2203 4792 2445 4843 testatur
2501 4789 2623 4859 ipse
2708 4788 2986 4842 Dominus
3046 4804 3150 4858 per
3226 4788 3588 4858 prophetam,
3666 4786 3891 4839 dicens:

2208 4896 2235 4926 (ι
2268 4877 2429 4941 Quod
2462 4876 2509 4929 si
2544 4876 2815 4929 averterit
2858 4892 2917 4929 se
2969 4876 3180 4947 impius
3218 4876 3286 4928 ab
3341 4876 3638 4946 impietate
3690 4891 3809 4935 sua,
3837 4877 3894 4925 et

2203 4966 2401 5019 fecerit
2459 4964 2742 5034 judicium
2793 4968 2849 5018 et
2899 4964 3207 5034 justitiam,
3258 4964 3379 5035 ipse
3423 4964 3680 5017 animam
3741 4976 3894 5015 suam

2205 5053 2511 5108 vivificabit
2560 5054 2770 5123 (Ezech.
2827 5068 2981 5117 XVIII,
3034 5052 3149 5123 27.)
3199 5074 3227 5101 »
3290 5052 3569 5106 Similiter
3621 5056 3680 5104 et
3731 5051 3789 5103 in
3830 5063 3897 5100 eo

2204 5141 2357 5212 quod
2380 5141 2601 5195 addidit
2632 5161 2657 5203 ς(
2685 5142 2821 5211 quia
2845 5143 2990 5195 Deus
3013 5142 3225 5195 nullius
3238 5142 3418 5195 ruinae
3445 5147 3614 5209 atque
3632 5139 3896 5193 interitus

2205 5244 2375 5282 causa
2407 5229 2498 5282 sit.
2536 5248 2563 5279 »
2597 5229 2796 5282 Nullus
2825 5230 3059 5282 omnino
3089 5229 3345 5283 ﬁdelium
3373 5227 3736 5291 contradicit,
3769 5224 3899 5295 quia

2204 5334 2375 5371 nemo
2407 5319 2585 5371 Deum
2610 5322 2897 5371 auctorem
2922 5318 3105 5371 ruinm
3129 5324 3183 5371 et
3205 5318 3542 5388 perditionis
3563 5317 3892 5385 impiorum,

2206 5406 2301 5459 sed
2330 5406 2722 5458 tantummodo
2748 5405 2920 5474 justas
2956 5421 3157 5459 eorum
3187 5404 3592 5471 damnationis,
3630 5409 3690 5455 et
3731 5399 3895 5471 puni-

2205 5492 2377 5546 tionis
2412 5498 2700 5546 auctorem
2732 5493 2931 5546 credit.
2968 5494 3099 5546 Tale
3135 5498 3218 5546 est
3243 5499 3301 5547 et
3344 5493 3483 5547 illud
3518 5491 3674 5562 quod
3708 5490 3764 5543 in
3794 5487 3896 5540 ini-

2205 5582 2285 5635 tio
2314 5581 2505 5635 statim
2537 5581 2798 5649 epistolae
2827 5580 2994 5650 ponit
3023 5585 3079 5635 et
3107 5580 3278 5635 dicit:
