4108 6190
200 270 340 321 1057

892 415 1207 455 RABANUS.

271 512 297 537 «
336 492 420 544 Ita
450 495 513 543 ut
545 489 777 560 quidam
810 504 1011 542 eorum
1035 488 1372 558 perditionis
1405 505 1519 543 suae
1542 489 1894 543 conditorem

196 595 365 633 suum
392 582 648 632 asserant
680 582 989 640 auctorem,
1022 577 1275 631 dicentes
1304 578 1480 648 quod,
1514 578 1658 631 sicut
1690 576 1748 630 hi
1797 575 1895 646 qui

193 668 555 740 praescientia
596 667 698 721 Dei
748 684 811 720 ac
858 666 1361 737 praedestinatione
1417 666 1713 720 convocati
1765 669 1897 718 sunt

193 760 265 812 ad
295 756 725 828 percipiendam
750 755 993 825 gloriam
1025 760 1252 809 aeternae
1285 756 1433 822 vitae,
1468 756 1545 808 ita
1577 760 1631 808 et
1671 754 1752 807 illi
1797 754 1897 825 qui

195 846 268 900 ad
296 851 579 899 aeternum
627 844 923 897 interitum
976 844 1211 912 vadunt,
1244 844 1748 914 praedestinatione
1796 842 1895 896 Dei

194 939 497 1005 cogantur,
532 948 647 986 non
680 949 844 1003 posse
884 933 1123 986 evadere
1158 933 1477 986 interitum.
1512 952 1538 983 )›

859 1053 1238 1094 RESPONSIO.

266 1127 431 1191 Quod
461 1126 666 1197 utique
698 1144 871 1181 nemo
904 1128 1037 1181 dicit
1063 1144 1074 1181 :
1110 1127 1253 1190 Quia
1282 1143 1479 1182 omnes
1508 1126 1671 1197 impii
1703 1131 1757 1181 et
1785 1127 1894 1181 ini-

196 1216 301 1287 qui
325 1232 432 1285 pro
464 1216 583 1269 suis
612 1216 1003 1287 impietatibus
1040 1220 1096 1269 et
1128 1215 1525 1285 iniquitatibus
1568 1218 1721 1285 juste
1765 1232 1895 1287 per-

197 1310 424 1369 euntes,
458 1321 569 1359 non
604 1304 817 1360 habent
850 1308 1029 1359 Deum
1061 1309 1350 1358 auctorem
1389 1304 1725 1375 perditionis
1756 1322 1894 1373 suae,

197 1393 340 1463 quia
384 1394 494 1464 ipsi
550 1410 651 1447 suo
704 1393 910 1447 merito
966 1394 1286 1463 perierunt,
1345 1394 1443 1446 sed
1501 1394 1895 1448 tantummodo

200 1487 493 1536 auctorem
537 1499 720 1552 poenae
770 1489 826 1535 et
870 1482 1270 1547 damnationis,
1316 1498 1489 1552 quam
1530 1482 1683 1551 juste
1728 1498 1896 1535 exce-

197 1575 435 1639 perunt.
467 1572 548 1624 Ita
598 1574 653 1623 et
703 1569 856 1641 quod
888 1569 986 1634 ait,
1019 1570 1150 1623 illos
1188 1586 1332 1640 quos
1388 1575 1548 1640 putat
1596 1570 1897 1624 haereticos

197 1658 409 1713 dicere.

894 1762 1213 1801 RABANUS.

274 1856 303 1885 «
345 1836 489 1899 Quia
521 1835 602 1889 illi
628 1835 727 1905 qui
758 1836 827 1890 ad
855 1840 1137 1889 internum
1166 1835 1462 1889 interitum
1494 1835 1724 1903 vadunt,
1757 1852 1900 1905 prae-

199 1924 587 1979 destinatione
614 1924 714 1978 Dei
743 1928 1023 1993 cogantur
1054 1939 1173 1977 non
1201 1939 1369 1994 posse
1417 1924 1651 1979 evadere
1694 1924 1899 1978 interi-

198 2018 345 2067 tum.
379 2032 407 2063 ››

864 2116 1237 2156 RESPONSIO.

274 2208 454 2260 Nemo
487 2206 724 2259 omnino
757 2206 893 2260 dicit
924 2207 1060 2277 quia
1090 2206 1247 2277 quod
1294 2205 1457 2276 impii
1484 2207 1553 2259 ad
1600 2205 1897 2259 interitum

200 2296 438 2360 vadunt,
472 2296 771 2364 proprium
807 2296 1066 2365 ipsorum
1116 2301 1202 2349 est
1252 2295 1475 2359 vitium,
1524 2310 1636 2347 non
1688 2294 1899 2347 divinas

198 2383 720 2453 praedestinationis
763 2383 1186 2453 praajudicium,
1221 2400 1325 2436 nec
1374 2384 1569 2436 eadem
1600 2383 1700 2437 Dei
1742 2399 1898 2453 prte-

198 2469 586 2523 destinatione
632 2476 920 2540 coguntur
952 2487 1067 2524 non
1100 2488 1264 2541 posse
1324 2472 1583 2537 evadere,
1641 2472 1742 2524 sed
1798 2488 1898 2523 sua

198 2559 765 2629 perseverantissima
815 2559 1119 2630 iniquitate
1191 2576 1363 2630 quam
1419 2561 1739 2631 relinquere
1801 2578 1899 2613 no-

198 2647 456 2715 luerunt,
490 2648 694 2702 merito
720 2655 1011 2719 coguntur
1049 2649 1255 2719 perire.
1302 2649 1571 2719 Sequitur
1602 2651 1660 2702 in
1696 2650 1893 2703 eadem

200 2737 464 2807 epistola.
830 2758 833 2765 ·

900 2841 1216 2881 RABANUS.

270 2953 299 2979 «
331 2931 478 2995 Quia
508 2933 664 2986 nullo
697 2933 865 2986 modo
896 2934 992 2986 ille
1019 2934 1117 3003 qui
1144 2938 1350 2986 cuncta
1380 2933 1529 2987 bona
1568 2932 1799 2997 creavit,
1845 2936 1901 2985 et

198 3020 484 3073 sanabiles
516 3020 649 3074 fecit
693 3022 951 3074 nationes
980 3022 1135 3075 orbis
1191 3027 1495 3081 terrarum,
1549 3026 1721 3091 atque
1778 3021 1900 3074 vult
1937 3008 1977 3062 Ο

196 3125 401 3162 omnes
435 3110 696 3162 homines
727 3111 910 3163 salvos
935 3110 1078 3170 ﬁeri,
1114 3117 1170 3164 et
1195 3110 1265 3163 ad
1299 3109 1655 3180 agnitionem
1688 3110 1893 3164 verita-

195 3198 270 3250 tis
305 3197 521 3265 venire,
556 3198 807 3267 aliquem
837 3198 988 3266 cogit
1017 3199 1274 3252 interire.
1308 3220 1337 3248 ››

866 3319 1243 3359 RESPONSIO.

275 3411 342 3463 Et
373 3410 483 3463 hoc
513 3410 748 3464 omnino
778 3427 975 3464 verum
1000 3415 1101 3476 est,
1130 3411 1264 3481 quia
1296 3411 1512 3465 nemini
1538 3412 1687 3465 Deus
1712 3410 1899 3480 impo-

201 3500 289 3552 nit
316 3499 714 3552 necessitatem
747 3500 1046 3569 pereundi,
1081 3500 1226 3553 sicut
1264 3500 1483 3553 nemini
1514 3499 1762 3569 imponit
1808 3515 1903 3553 ne-

202 3586 522 3640 cessitatem
584 3588 731 3640 male
800 3587 1036 3658 agendi;
1098 3588 1493 3658 unusquisque
1570 3588 1722 3641 enim
1796 3587 1903 3641 sibi

202 3682 405 3729 auctor
432 3682 517 3730 est
549 3676 864 3747 iniquitatis
886 3693 1019 3740 sure,
1057 3681 1256 3730 auctor
1283 3683 1366 3730 est
1392 3677 1731 3745 perditionis
1760 3693 1899 3743 suae,

203 3766 262 3814 et
294 3762 498 3830 Deum,
536 3779 703 3833 quem
740 3778 853 3814 non
888 3762 1057 3815 habet
1091 3769 1379 3817 auctorem
1408 3765 1589 3835 culpa:
1630 3780 1768 3831 suae,
1803 3764 1899 3817 lia-

200 3851 300 3906 bet
327 3857 619 3905 auctorem
644 3852 973 3922 justissimaa
1004 3868 1188 3921 punice
1221 3869 1354 3906 suae.
1384 3854 1522 3906 Item
1553 3853 1649 3907 ibi.

897 3973 1211 4013 BABANUS.

280 4085 307 4115 α
350 4064 410 4119 Si
450 4063 626 4132 enim,
658 4063 970 4118 secundum
1000 4064 1151 4134 ipsos
1199 4064 1298 4135 qui
1324 4064 1457 4118 talia
1489 4064 1762 4131 sentiunt,
1806 4064 1903 4119 Dei

204 4153 633 4225 pradestinatio
684 4153 929 4206 invitum
976 4152 1269 4206 hominem
1314 4170 1569 4223 peccare,
1618 4154 1903 4224 quomodo

196 4245 356 4313 justo
381 4242 599 4311 judicio
634 4243 780 4295 Deus
821 4242 1056 4295 damnat
1086 4248 1439 4310 peccantem,
1472 4259 1599 4297 cum
1653 4243 1747 4296 ille
1782 4259 1901 4297 non

202 4332 521 4395 voluntate,
556 4331 649 4385 sed
684 4331 1017 4384 necessitate
1044 4332 1379 4401 peccaverit.
1421 4352 1442 4381 ι

868 4454 1245 4494 RESPONSIO.

279 4549 343 4601 Et
371 4548 498 4613 hoc,
528 4547 673 4601 sicut
704 4547 873 4600 etiam
904 4548 1021 4613 illa,
1053 4564 1178 4618 qum
1207 4564 1377 4617 supra
1408 4548 1556 4602 dicta
1581 4551 1730 4614 sunt,
1760 4548 1905 4601 nihil

206 4636 275 4689 ad
308 4641 651 4705 prasentem
680 4636 926 4706 pertinet
968 4637 1342 4706 quaestionem
1375 4652 1386 4690 :
1424 4639 1598 4690 Nemo
1629 4636 1780 4689 cnim
1828 4637 1906 4689 ita

208 4725 388 4778 sentit
415 4729 511 4777 aut
540 4724 678 4777 dicit
707 4725 860 4794 quod
896 4726 994 4778 Dei
1026 4724 1455 4795 praedestinatio
1484 4728 1733 4795 aliquem
1760 4725 1904 4778 invi-

203 4818 328 4867 tum
366 4812 536 4865 faciat
582 4829 835 4881 peccare,
870 4819 935 4866 ut
972 4814 1090 4883 jam
1136 4829 1252 4866 non
1302 4814 1554 4883 propriae
1595 4812 1904 4867 voluntatis

202 4901 603 4971 perversitate,
636 4902 733 4954 sed
775 4902 983 4955 divinae
1019 4902 1541 4971 prmdestinationis
1572 4903 1905 4956 necessitate

202 5006 440 5061 peccare
470 4989 752 5043 videatur.
786 4990 891 5044 Sed
920 4992 1026 5043 hoc
1074 4991 1190 5060 agit
1221 4990 1411 5044 divina
1454 4990 1902 5060 praedestinatio,

201 5082 267 5131 ut
288 5078 392 5147 qui
424 5078 616 5131 volens
668 5084 884 5147 peccat,
917 5084 975 5131 et
1011 5080 1206 5132 volens
1248 5078 1307 5131 in
1339 5078 1582 5147 peccatis
1629 5078 1744 5131 suis
1775 5093 1903 5147 per-

199 5171 448 5232 severat,
504 5167 705 5220 nolens
752 5167 910 5236 justo
963 5168 1178 5236 judicio
1241 5168 1534 5238 puniatur.
1597 5170 1735 5222 Item
1780 5172 1907 5237 post

203 5256 503 5326 aliquanta
534 5257 813 5326 sequitur,
847 5260 903 5310 et
933 5256 1086 5310 dicit.

898 5377 1217 5417 RABANUS.

279 5471 307 5501 α
344 5450 876 5505 Praedestinationis
906 5457 1098 5505 autem
1126 5451 1287 5517 ﬁdes,
1322 5449 1653 5505 ﬁrmissima
1681 5455 1907 5505 sancta-

202 5555 335 5593 rum
371 5539 710 5593 auctoritate
743 5539 1166 5609 Scripturarum
1193 5539 1415 5593 munita
1455 5545 1559 5606 est,
1593 5540 1684 5593 cui
1739 5539 1903 5593 nullo

1420 269 1618 325 LIBER
1665 270 1749 323 DE
1791 269 2042 325 TRIBUS
2083 271 2452 326 EPISTOLIS.

3561 280 3694 333 1058

1930 410 1975 459 Α
2009 401 2177 456 modo
2216 404 2298 456 fas
2330 409 2413 456 est
2443 419 2529 469 ea,
2566 420 2694 473 qua:
2729 405 2800 457 ab
2849 404 3175 459 hominibus
3226 408 3372 461 male
3426 414 3695 479 aguntur,

2008 491 2231 545 ascribi.
2267 512 2295 542 ι)

2667 597 3039 639 RESPONSIO.

2079 670 2143 723 Et
2172 670 2279 723 hoc
2310 685 2479 723 nemo
2497 670 2755 723 fidelium
2786 671 2937 724 facit.
2964 673 3140 725 Nemo
3172 673 3325 726 enim
3356 690 3457 744 per
3478 675 3697 744 praede-

2006 757 2331 812 stinationis
2363 758 2573 811 divina:
2610 774 2746 827 erga
2789 760 3063 828 reprobos
3092 762 3392 815 veritatem
3447 764 3693 831 ascribit,

2008 849 2061 897 et
2092 845 2328 915 deputat
2362 846 2474 898 Deo
2506 846 2654 897 male
2685 846 2978 915 agentium
3019 847 3402 917 iniquitatem,
3436 851 3531 903 sed
3578 855 3699 903 tan-

2006 934 2306 987 tummodo
2370 933 2707 987 eorumdem
2780 935 3175 1003 reproborum,
3246 941 3302 991 et
3360 939 3694 993 eorumdem

2008 1023 2155 1076 male
2186 1022 2478 1093 agentium
2503 1024 2719 1093 justam
2752 1022 3197 1078 damnationem.

2620 1149 2843 1202 CAPUT
2891 1149 3081 1203 XLIII.

2010 1255 2200 1308 Utrum
2247 1259 2471 1323 peccata
2530 1260 2655 1323 post
2734 1255 3061 1323 baptismum
3113 1258 3343 1309 remissa
3403 1260 3453 1309 et
3525 1258 3699 1311 deleta

2076 1326 2299 1379 redeant
2342 1331 2392 1380 et
2443 1328 2780 1395 imputantur
2839 1327 2912 1379 ad
2962 1342 3182 1394 poenam
3231 1329 3281 1380 si
3338 1328 3488 1380 homo
3540 1328 3697 1381 dam-

2077 1418 2258 1468 natur.

2078 1522 2351 1592 Sequitur
2375 1521 2434 1575 in
2470 1521 2672 1575 eadem
2701 1521 2959 1591 epistola.

2696 1642 3015 1681 RABANUS.

2085 1740 2105 1767 ι
2149 1717 2253 1781 Qui
2286 1716 2441 1770 enim
2472 1716 2685 1770 recedit
2724 1733 2755 1769 a
2801 1716 3024 1769 Christo
3060 1719 3115 1769 et
3163 1714 3383 1768 alienus
3433 1732 3466 1767 a
3518 1717 3704 1785 gratia

2009 1807 2136 1861 ﬁnit
2160 1807 2307 1860 hanc
2337 1806 2532 1872 vitam,
2567 1806 2703 1876 quid
2736 1805 2845 1858 nisi
2874 1805 2934 1858 in
2965 1804 3347 1875 perditionem
3376 1803 3563 1857 cadit?
3594 1804 3702 1859 Sed

2009 1913 2124 1950 non
2158 1896 2216 1949 in
2248 1896 2401 1965 quod
2451 1896 2757 1949 remissum
2792 1899 2876 1947 est
2904 1894 3113 1960 reddit,
3168 1910 3269 1946 nec
3326 1895 3382 1945 in
3434 1892 3701 1963 originali

2010 1989 2238 2056 peccato
2285 1984 2686 2050 damnabitur;
2746 1983 2844 2053 qui
2874 1988 3068 2036 tamen
3130 1988 3363 2053 propter
3412 1987 3703 2052 postrema

2008 2074 2251 2129 crimina
2283 2091 2349 2128 ea
2379 2078 2560 2127 morte
2596 2072 2896 2138 afﬁcietur,
2931 2088 3059 2143 qua:
3090 2073 3141 2125 ei
3177 2077 3417 2142 propter
3444 2072 3543 2124 illa
3573 2086 3701 2141 quae

2010 2162 2247 2215 remissa
2276 2166 2410 2214 sunt
2429 2160 2763 2213 debebatur.
2798 2178 2825 2209 »

2669 2278 3042 2319 RESPONSIO.

2081 2358 2140 2410 In
2173 2356 2379 2427 quibus
2412 2354 2598 2407 verbis
2638 2354 2788 2424 quod
2824 2353 3038 2406 dictum
3072 2357 3155 2405 est
3189 2352 3256 2405 de
3283 2351 3379 2405 illo
3410 2353 3509 2422 qui
3540 2367 3701 2406 rece-

2010 2446 2093 2500 dit
2122 2462 2151 2499 a
2182 2444 2425 2508 Christo,
2460 2448 2515 2496 et
2547 2443 2791 2513 gratiam
2831 2443 2953 2511 ejus
2999 2443 3055 2495 in
3091 2457 3148 2494 se
3183 2457 3418 2494 vacuam
3464 2441 3595 2494 fecit
3625 2446 3703 2493 at-

2009 2551 2119 2606 que
2160 2533 2237 2586 ita
2288 2532 2418 2585 ﬁnit
2464 2532 2611 2585 hanc
2658 2531 2854 2596 vitam,
2913 2546 3277 2600 nequaquam
3330 2530 3381 2582 ei
3432 2529 3705 2599 imputari

2010 2642 2113 2679 nec
2143 2622 2447 2694 originalia
2477 2638 2581 2674 nec
2612 2620 2857 2674 actualia
2899 2626 3153 2690 peccata,
3182 2636 3310 2691 quas
3354 2620 3437 2672 illi
3478 2636 3608 2673 vere
3645 2620 3705 2672 in

2009 2713 2295 2784 baptismo
2345 2712 2573 2764 fuerant
2624 2709 2882 2773 remissa,
2946 2708 3040 2762 sed
3106 2725 3170 2761 ea
3228 2710 3346 2761 sola
3394 2724 3522 2777 quae
3576 2712 3706 2777 post

2008 2801 2358 2872 baptismum
2393 2798 2635 2868 gratiam
2671 2797 2771 2851 Dei
2815 2795 3130 2849 amittendo
3165 2794 3468 2862 commisit,
3505 2810 3707 2863 magna

2009 2889 2175 2943 nobis
2210 2890 2431 2955 questio
2474 2886 2715 2949 videtur,
2770 2900 2873 2937 nec
2923 2890 3121 2937 nostro
3179 2900 3305 2936 eam
3358 2900 3548 2950 sensu,
3608 2884 3703 2936 sed

2011 2983 2336 3031 sanctorum
2386 2977 2619 3027 Patrum
2669 2972 3021 3037 auctoritate,
3057 2978 3225 3042 prout
3284 2976 3422 3027 Deus
3462 2972 3699 3037 dederit,

2010 3066 2334 3119 solvendam
2388 3062 2692 3116 credimus.
2747 3062 2887 3114 Nam
2947 3062 3143 3113 beatus
3187 3063 3532 3127 Augustinus
3573 3076 3702 3113 cum

2012 3156 2321 3218 exponeret
2348 3150 2517 3202 verba
2548 3149 2757 3202 Psalmi
2784 3148 2882 3202 ubi
2916 3150 2973 3202 in
3017 3150 3509 3203 m‘aledictionibus
3542 3150 3701 3203 Iudae

2009 3238 2314 3307 proditoris
2349 3238 2499 3291 inter
2544 3242 2751 3291 caetera
2804 3239 3012 3291 dicitur
3043 3241 3265 3307 (Expos.
3318 3239 3467 3292 Psal.
3521 3254 3701 3303 cxvui,

2015 3327 2141 3396 14):
2178 3344 2206 3376 (ι
2249 3328 2308 3379 In
2345 3328 2684 3380 memoriam
2731 3328 2922 3381 redeat
2975 3327 3248 3397 iniquitas
3299 3332 3525 3397 patrum
3581 3327 3704 3397 ejus

2010 3415 2070 3468 in
2104 3421 2405 3485 conspectu
2450 3416 2694 3482 Domini,
2741 3421 2795 3468 et
2843 3421 3136 3486 peccatum
3173 3415 3369 3468 matris
3420 3415 3544 3485 ejus
3591 3430 3705 3468 non

2012 3504 2338 3557 deleatur.»
2369 3506 2449 3558 Ita
2473 3506 2529 3557 in
2554 3504 2740 3575 ipsum
2772 3506 2976 3558 Judam
3008 3504 3115 3557 hoc
3140 3504 3505 3557 maledictum
3532 3504 3707 3557 adim-

2010 3593 2229 3664 pletum
2288 3610 2408 3647 esse
2476 3594 2726 3663 exponit,
2811 3594 3048 3647 dicens:
3119 3591 3195 3664 [Si
3270 3593 3440 3647 Judas
3488 3596 3709 3647 teneret

2010 3682 2149 3736 illud
2184 3682 2252 3735 ad
2290 3682 2445 3752 quod
2479 3688 2706 3735 vocatus
2757 3686 2860 3749 est,
2900 3682 3057 3735 nullo
3089 3682 3261 3735 modo
3311 3682 3380 3735 ad
3432 3698 3564 3735 eum
3618 3681 3707 3733 vel

2013 3789 2113 3824 sua
2172 3771 2482 3840 praeterita,
2552 3771 2637 3824 vel
2687 3776 2992 3839 parentum
3051 3770 3322 3840 iniquitas
3366 3771 3703 3838 pertineret.

2011 3861 2157 3925 Quia
2187 3876 2323 3931 ergo
2356 3877 2470 3913 non
2500 3860 2683 3912 tenuit
2712 3859 3076 3928 adoptionem
3110 3858 3167 3911 in
3196 3858 3411 3911 familia
3455 3857 3577 3922 Dei,
3610 3857 3707 3910 sed

2013 3950 2378 4020 iniquitatem
2412 3949 2615 4001 vetusti
2673 3949 2899 4017 generis
2953 3947 3142 4017 potius
3202 3945 3394 4014 elegit,
3457 3966 3483 3992 «
3536 3944 3708 3997 rediit

2014 4038 2285 4108 iniquitas
2316 4043 2544 4106 patrum
2572 4037 2695 4105 ejus
2730 4036 2787 4088 iu
2827 4040 3133 4105 conspectu
3177 4032 3426 4098 Domini,
3460 4050 3484 4085 ι
3530 4037 3595 4086 ut
3646 4033 3707 4086 in

2013 4144 2081 4180 ea
2110 4127 2281 4179 etiam
2314 4126 2433 4196 ipse
2458 4126 2778 4195 puniretur.
2816 4126 2880 4178 Et
2905 4130 3197 4193 peccatum
3234 4122 3426 4176 matris
3451 4122 3573 4191 ejus
3591 4137 3706 4174 non

2014 4221 2096 4269 est
2156 4214 2215 4267 in
2263 4232 2329 4267 eo
2377 4212 2671 4285 deletum.]
2738 4213 3011 4283 Sequitur
3070 4218 3257 4265 autem
3313 4209 3587 4264 continuo
3645 4209 3705 4264 in

1940 4305 1983 4357 D
2015 4306 2260 4359 Psalmo.
2298 4325 2325 4355 α
2362 4304 2526 4357 Fiant
2573 4308 2765 4356 contra
2811 4303 3117 4355 Dominum
3172 4316 3417 4370 semper,
3452 4320 3479 4350 »
3513 4300 3568 4353 id
3624 4304 3709 4353 est

2014 4394 2291 4463 iniquitas
2338 4399 2567 4462 patrum
2628 4394 2773 4463 ejus,
2823 4397 2875 4445 et
2928 4397 3221 4461 peccatum
3285 4388 3482 4442 matris
3533 4389 3702 4458 ejus:

2015 4482 2170 4543 Quod
2216 4482 2367 4535 idem
2418 4482 2611 4535 doctor
2652 4480 2729 4533 ita
2777 4481 3012 4550 exponit
3054 4478 3169 4548 (Id.
3213 4479 3349 4531 ibid.
3418 4480 3503 4545 14,
3570 4479 3653 4547 15)
3693 4493 3704 4531 :

2016 4570 2063 4639 [ι
2102 4570 2262 4622 Fiant
2313 4576 2513 4621 contra
2560 4570 2866 4622 Dominum
2906 4583 3151 4636 semper,
3186 4587 3214 4615 ιδ
3251 4583 3366 4619 non
3415 4572 3479 4620 ut
3524 4582 3557 4619 a
3590 4568 3707 4619 Do-

2016 4657 2174 4710 mino
2206 4656 2663 4722 adverterentur;
2699 4658 2793 4709 sed
2849 4661 2909 4708 ut
2956 4656 3158 4708 merita
3213 4671 3413 4708 eorum
3463 4654 3709 4724 pessima

2014 4761 2129 4798 non
2174 4743 2541 4797 obliviscatur
2572 4745 2631 4796 in
2672 4744 2780 4796 isto
2830 4742 3126 4809 Dominus,
3171 4758 3301 4796 cum
3333 4741 3415 4795 illi
3467 4746 3522 4794 et
3580 4740 3705 4810 ipsa

2016 4833 2326 4897 retribuet;
2386 4837 2582 4884 contra
2634 4830 2939 4884 Dominum
2990 4830 3143 4883 enim
3202 4830 3344 4884 dixit
3390 4852 3409 4877 α
3457 4829 3515 4881 in
3564 4844 3706 4881 con-

2015 4926 2207 4990 spectu
2258 4919 2503 4973 Domini.
2562 4918 2609 4990 ››]
2672 4920 2805 4971 Ecce
2855 4918 3213 4987 apertissime
3263 4918 3463 4970 beatus
3512 4916 3709 4969 doctor

2008 5010 2171 5078 juxta
2202 5023 2432 5061 sensum
2464 5006 2782 5075 prophetiae
2815 5023 2942 5077 quae
2974 5006 3034 5059 in
3064 5005 3172 5058 hoc
3216 5004 3434 5074 psalmo
3484 5002 3554 5055 de
3607 5001 3705 5053 illo

2015 5096 2237 5167 perdito
2273 5095 2507 5149 homine
2543 5095 2932 5159 continentur,
2973 5093 3327 5163 apertissime
3359 5090 3525 5145 docet
3554 5088 3707 5159 quod

2017 5200 2119 5237 nec
2149 5200 2250 5236 sua
2277 5198 2381 5236 nec
2413 5188 2715 5252 parentum
2747 5187 2977 5252 peccata
2999 5183 3121 5250 jam
3153 5180 3221 5232 ad
3254 5196 3386 5232 eum
3420 5180 3707 5248 pertinere

2014 5272 2363 5341 potuissent,
2422 5271 2469 5323 si
2518 5270 2577 5323 in
2609 5271 2707 5323 illa
2756 5268 2939 5339 gratia
2978 5273 3033 5320 et
3089 5267 3399 5336 adoptione
3459 5264 3708 5317 ﬁliorum

2016 5360 2139 5425 Dei,
2200 5360 2269 5412 ad
2320 5375 2495 5430 quam
2558 5362 2782 5411 vocatus
2838 5357 3046 5422 fuerat,
3104 5370 3443 5426 permanere
3489 5350 3708 5405 voluis-

2016 5453 2120 5502 set.
2180 5447 2287 5502 Sed
2339 5448 2475 5518 quia
2537 5464 2655 5502 non
2710 5445 3045 5517 permansit,
3103 5450 3159 5498 et
3211 5444 3280 5498 ad
3338 5441 3703 5512 iniquitatem

2014 5541 2251 5591 vetusta:
2322 5553 2391 5589 ex
2449 5536 2632 5591 Adam
2707 5532 3098 5606 generationis
3173 5530 3548 5602 apostatando
3614 5544 3707 5583 re-
