4048 6170
449 194 582 244 10239

1587 186 1641 240 S.
1688 184 1949 240 REMIGII
1991 185 2467 243 LUGDUNENSIS
2505 184 2825 242 EPISCOPI

3799 198 3814 246 l
3827 196 3915 247 060

448 322 573 388 diit,
609 321 780 374 etiam
810 322 939 389 post
986 315 1252 386 baptismi
1297 316 1559 385 gratiam,
1610 332 1780 386 quam
1835 317 1894 369 in
1953 334 2009 370 se
2055 318 2131 370 ir-
2171 323 2217 374 A
2247 333 2373 370 sum
2405 316 2568 387 panis
2595 317 2725 371 vita:
2761 321 2938 386 (Joan.
2974 334 3047 385 v1,
3082 319 3189 388 48).
3224 340 3251 367 ››
3290 341 3318 368 ‹‹
3360 322 3552 375 Patres
3579 321 3773 392 itaque
3838 342 3916 376 co~

444 410 616 464 ritam
657 409 805 473 fecit,
850 406 1021 460 rediit
1054 406 1123 457 ad
1179 418 1380 470 eum,al
1437 420 1555 457 non
1615 406 1797 457 solum
1848 422 1971 472 sua,
2035 406 2131 459 sed

445 501 616 554 etiam
657 496 931 566 iniquitas
987 500 1217 563 patrum
1271 493 1411 561 ejus,
1471 496 1528 545 et
1580 499 1877 563 peccatum
1939 494 2134 548 matris

445 590 567 659 ejus
600 602 717 640 non
759 589 861 649 est,
912 583 970 636 in
1015 599 1080 636 eo
1128 582 1398 646 deletum,
1432 587 1494 635 ut
1552 582 1612 634 in
1651 582 1731 634 eis
1786 581 1957 636 etiam
2013 583 2133 653 ipse

442 678 760 748 puniretur,
788 672 1083 743 judicante
1121 669 1219 724 illo
1268 676 1323 724 et
1360 672 1691 736 damnante,
1735 693 1761 719 «
1794 671 1901 734 Qui
1947 672 2125 725 reddit

440 765 803 834 iniquitatem
837 766 1063 829 patrum
1118 759 1175 812 in
1206 758 1338 811 ﬁliis
1388 758 1445 811 in
1476 760 1722 812 tertiam.
1759 765 1816 812 et
1870 766 2130 830 quartam

438 853 777 923 progeniem
810 848 1006 919 (Exod.
1041 864 1223 914 xxxrv,
1263 847 1338 915 7).
1378 866 1403 897 »
1469 848 1621 901 Unde
1672 848 1841 900 etiam
1874 849 2131 902 additum

437 946 523 996 est
576 943 636 995 in
682 939 1033 1011 prophetia:
1084 960 1103 986 α
1159 937 1320 990 Fiant
1367 943 1561 990 contra
1594 938 1904 990 Dominum
1963 940 2127 1005 (Psal.

438 1046 589 1097 cvm,
633 1030 738 1098 15),
790 1050 816 1076 ››
880 1027 936 1080 id
991 1030 1073 1079 est
1125 1025 1184 1077 in
1238 1031 1545 1095 conspectu
1603 1026 1828 1078 Domini
1884 1042 2126 1096 semper,

436 1119 650 1173 scilicet
699 1120 928 1187 peccata
983 1119 1037 1167 et
1087 1114 1416 1183 iniquitates
1459 1120 1687 1183 patrum
1728 1115 1849 1182 ejus
1902 1130 1966 1167 ac
2009 1130 2129 1169 ma-

434 1207 535 1261 tris
566 1223 578 1259 :
615 1211 677 1258 ut
710 1204 912 1257 merita
952 1218 1148 1255 eorum
1210 1202 1459 1270 pessima
1512 1218 1625 1254 non
1675 1202 2040 1255 obliviscatur
2069 1201 2127 1254 in

434 1298 542 1349 isto
579 1295 873 1358 Dominus,
904 1307 1031 1344 cum
1066 1291 1147 1342 illi
1175 1296 1230 1343 et
1260 1291 1382 1359 ipsa
1415 1289 1681 1344 restituit.

506 1392 663 1454 Quod
699 1406 834 1460 ergo
865 1390 923 1442 in
977 1389 1084 1441 isto
1131 1393 1388 1457 apostata
1429 1393 1484 1441 et
1532 1393 1949 1457 transgressore
1996 1404 2126 1458 gra-

434 1477 529 1531 tiae
563 1478 682 1543 Dei,
714 1478 811 1547 qui
840 1476 1190 1529 vocationem
1225 1481 1280 1528 et
1316 1474 1684 1545 adoptionem
1714 1476 1963 1529 filiorum
2027 1475 2125 1529 Dei

434 1566 707 1632 deseruit,
751 1570 805 1618 et
845 1565 1028 1633 magis
1057 1564 1420 1634 iniquitatem
1459 1569 1692 1617 vetusta:
1741 1565 2125 1634 generationis

432 1671 603 1725 quam
632 1653 1098 1723 justilicationem
1143 1668 1302 1705 novre
1352 1653 1803 1722 regenerationis
1843 1653 2035 1722 elegit,
2072 1658 2127 1705 et

432 1743 628 1797 divina
683 1741 939 1805 veritate,
1002 1746 1059 1794 et
1111 1740 1261 1793 beati
1312 1741 1492 1795 Patris
1537 1741 1841 1794 manifesta
1902 1741 2124 1810 exposi-

431 1832 588 1885 tione
647 1830 857 1884 factum
911 1829 1333 1898 cognoscimus;
1386 1830 1494 1882 hoc
1550 1828 1721 1882 etiam
1783 1829 1852 1882 de
1906 1830 2125 1883 caeteris

429 1920 686 1989 ejusdem
718 1918 917 1989 gratia:
948 1917 1469 1986 transgressoribus
1500 1917 1625 1969 iieri
1670 1922 1887 1970 certum
1928 1922 2121 1972 tenere

430 2009 703 2062 debemus
750 2013 810 2059 ut
855 2007 1156 2059 recedente
1202 2006 1273 2058 ab
1324 2004 1434 2057 illis
1468 2022 1615 2058 nova
1670 2005 1876 2075 gratia,
1929 2006 2125 2060 redeat

430 2097 497 2149 ad
531 2113 633 2149 eos
661 2095 935 2163 iniquitas
966 2094 1223 2164 antiqua,
1254 2111 1368 2147 non
1414 2095 1599 2147 solum
1633 2111 1752 2161 sua,
1802 2095 1897 2148 sed
1951 2096 2122 2148 etiam

426 2189 667 2253 paterna
701 2201 713 2237 :
752 2189 943 2237 utrum
1003 2188 1193 2235 autem
1250 2188 1305 2234 et
1346 2182 1641 2252 originalis
1685 2184 1899 2253 peccati
1930 2188 2121 2237 reatus

425 2289 530 2343 per
578 2272 847 2342 baptismi
878 2271 1121 2341 gratiam
1175 2270 1394 2324 deletus
1428 2270 1495 2322 ad
1538 2287 1671 2323 eum
1730 2272 1914 2324 redire
1955 2272 2121 2341 eique

425 2360 702 2430 imputari
754 2359 1164 2429 intelligendus
1215 2359 1288 2410 sit
1320 2358 1378 2411 in
1410 2358 1496 2411 his
1537 2358 1720 2412 verbis
1773 2359 2121 2429 propheticis

428 2449 635 2519 quibus
667 2449 876 2503 dicitur
917 2467 932 2500 :
969 2471 989 2497 ι
1026 2448 1088 2501 In
1122 2448 1459 2501 memoriam
1496 2448 1687 2511 redeat
1714 2448 1987 2518 iniquitas
2018 2465 2117 2518 pa-

427 2541 581 2590 trum
613 2539 735 2607 ejus
763 2538 821 2590 in
856 2540 1163 2605 conspectu
1201 2534 1421 2589 Domini
1450 2536 1630 2603 (Psal.
1668 2552 1819 2599 cvm,
1854 2537 1961 2603 14),
2002 2558 2022 2583 ι
2063 2542 2122 2589 ut

429 2642 545 2678 non
560 2626 680 2678 solu
693 2641 744 2677 m
764 2626 993 2678 illorum
1009 2628 1309 2693 parentum
1340 2629 1395 2676 et
1412 2624 1846 2693 progenitorum
1861 2625 2005 2693 ejus,
2022 2626 2121 2694 qui

427 2712 613 2766 vicino
640 2718 898 2782 tempore
926 2728 1047 2765 esse
1078 2715 1410 2781 potuerunt,
1444 2712 1540 2764 sed
1563 2710 1764 2782 {etiam
1798 2713 2120 2782 primorum

431 2807 654 2872 patrum
689 2806 744 2853 et
771 2800 1087 2871 primorum
1147 2805 1453 2870 parentum
1510 2800 1608 2869 qui
1648 2800 1820 2869 primi
1862 2800 1920 2853 in
1954 2818 2117 2871 para-

427 2891 549 2944 diso
583 2890 972 2959 deliquerunt,
1015 2888 1310 2959 iniquitas,
1346 2894 1409 2941 ut
1438 2888 1652 2941 dictum
1686 2894 1786 2951 est,
1826 2888 1878 2941 ei
1929 2890 2118 2960 impu-

425 2984 612 3042 tetur;
672 2993 775 3031 nec
816 2977 875 3030 in
932 2977 1119 3031 verbis
1177 2977 1356 3029 sancti
1404 2977 1655 3030 doctoris
1710 2978 1860 3030 clare
1915 2978 2118 3045 elucet,

424 3083 528 3122 nec
560 3084 592 3121 a
620 3066 784 3120 nobis
815 3072 1028 3119 temere
1068 3067 1534 3136 priesumendum
1566 3070 1666 3119 est.
1698 3067 1958 3137 Legimus
1993 3067 2118 3137 qui-

424 3156 554 3210 dem
606 3156 755 3226 apud
799 3155 1105 3208 Jeremiam
1156 3155 1536 3224 prophetam:
1576 3176 1602 3203 α
1659 3156 1718 3209 In
1763 3156 1960 3209 diebus
2009 3156 2119 3208 illis

424 3260 539 3298 non
570 3244 757 3297 dicent
784 3244 953 3307 ultra,
984 3248 1172 3312 patres
1217 3242 1581 3296 comederent
1627 3258 1791 3295 uvam
1826 3243 2118 3297 accerbam

424 3338 481 3386 et
510 3333 706 3385 dentes
733 3332 982 3383 filiorum
1012 3329 1434 3400 obstupuerunt
1458 3347 1469 3382 :
1497 3330 1590 3383 sed
1638 3332 2033 3402 unusquisque
2060 3332 2119 3384 in

423 3420 726 3490 iniquitate
761 3434 862 3471 sua
922 3420 1162 3471 moritur
1186 3421 1308 3486 (Jer.
1358 3434 1503 3483 xxxr,
1538 3421 1626 3485 29,
1660 3420 1778 3488 30).
1824 3440 1850 3467 ››
1886 3419 1949 3472 In
1991 3420 2118 3489 qui-

422 3508 530 3562 bus
558 3508 745 3561 verbis
794 3507 1092 3559 manifeste
1150 3507 1291 3559 Novi
1347 3507 1692 3559 Testamenti
1752 3507 1954 3576 gratia,
2017 3524 2117 3578 per

424 3612 597 3667 quam
630 3596 1063 3664 regeneratione
1096 3595 1364 3664 baptismi
1406 3595 1684 3664 originale
1721 3600 2016 3664 peccatum
2050 3613 2114 3649 cx

422 3685 610 3756 prima
637 3684 1087 3755 transgressione
1123 3689 1480 3737 contractum
1521 3683 1761 3737 solvitur
1808 3689 1863 3737 et
1899 3685 2118 3738 deletur

421 3773 803 3843 praenuntiata
834 3780 938 3840 est,
973 3777 1035 3825 ut
1066 3772 1189 3841 jam
1234 3773 1627 3842 unusquisque
1686 3773 1782 3825 illa
1822 3788 2119 3842 regenera—

419 3864 578 3917 tione
634 3867 927 3933 purgatus,
980 3866 1034 3913 et
1088 3878 1118 3913 a
1163 3860 1388 3913 vinculo
1432 3860 1682 3931 antiquas
1731 3861 2116 3914 damnationis

418 3953 732 4018 absolutus,
766 3966 1129 4021 nequaquam
1163 3950 1220 4003 in
1253 3949 1568 4020 primorum
1622 3956 1923 4020 parentum
1981 3966 2115 4019 pec-

418 4046 563 4101 cato,
612 4041 766 4111 quod
822 4040 992 4092 etiam
1046 4038 1347 4092 dimissum
1399 4043 1511 4104 est;
1546 4039 1643 4091 sed
1675 4039 1721 4091 si
1779 4039 2022 4109 peccatis
2062 4042 2118 4090 et

418 4128 753 4181 criminibus
779 4128 1039 4181 servierit
1069 4128 1125 4180 in
1176 4144 1276 4180 sua
1308 4126 1610 4196 iniquitate
1648 4128 1945 4180 moriatur.
2007 4127 2113 4178 Ini-

416 4216 607 4285 quitas
667 4232 916 4285 namque
980 4216 1101 4285 ipsa
1185 4219 1270 4267 est
1315 4230 1421 4267 uva
1470 4215 1705 4279 acerba,
1766 4216 2107 4281 immatura,

418 4319 617 4372 aspera
662 4309 718 4356 et
771 4304 958 4367 noxia,
1017 4318 1145 4373 quae
1203 4307 1465 4371 agentem
1501 4303 1663 4371 quasi
1716 4302 2109 4357 comedentem

416 4391 575 4445 nulla
612 4408 741 4445 vera
794 4391 1067 4444 suavitate
1118 4391 1318 4457 reﬁcit,
1349 4392 1446 4444 sed
1505 4392 1768 4445 virtutem
1828 4397 1885 4445 et
1937 4392 2110 4446 robur

416 4481 639 4543 animae,
671 4480 823 4533 velut
853 4481 1076 4549 dentes,
1114 4479 1190 4533 ita
1222 4480 1481 4533 debilitat
1505 4484 1560 4533 et
1590 4480 1765 4547 laedit,
1826 4486 1889 4533 ut
1915 4481 2105 4535 cibum

414 4570 545 4624 vita:
602 4569 897 4639 percipere
949 4585 1063 4622 non
1106 4569 1307 4639 possit,
1364 4569 1431 4622 de
1481 4586 1593 4640 quo
1643 4570 1917 4640 scriptum
1974 4576 2101 4623 est:

416 4679 445 4710 ‹‹
486 4659 713 4713 Gustate
758 4662 816 4711 et
874 4657 1057 4711 videte
1120 4658 1391 4728 quoniam
1445 4657 1631 4711 suavis
1688 4664 1771 4711 est
1834 4658 2108 4723 Dominus

412 4748 583 4819 (Psal.
612 4763 802 4811 χχχιιι,
860 4746 933 4813 9),
978 4767 999 4793 ι
1032 4747 1130 4815 qui
1180 4747 1352 4801 etiam
1411 4747 1478 4801 de
1536 4747 1720 4817 seipso
1771 4747 1896 4800 ait:
1935 4747 2109 4817 «Ego

2247 405 2551 459 mederunt
2581 422 2749 459 uvam
2784 407 3067 473 acerbam,
3104 429 3130 455 n
3190 408 3289 478 qui
3334 410 3511 479 primi
3568 410 3631 463 in
3681 412 3917 480 paradiso

2245 492 2603 564 iniquitatem
2637 494 3071 561 commiserunt,
3104 498 3161 550 et
3208 496 3408 550 dentes
3437 498 3696 552 tiliorum
3748 499 3917 552 obstu-

2243 588 2516 653 puerunt,
2548 604 2573 631 ››
2625 584 2760 654 quia
2793 600 2906 636 non
2936 584 3119 637 solum
3154 585 3390 654 seipsos,
3447 587 3545 640 sed
3605 593 3668 640 et
3713 603 3919 640 omnem

2244 673 2580 742 progeniem
2634 689 2794 726 suam
2848 674 3135 742 peccando
3187 673 3478 729 laeserunt.
3530 675 3642 729 Sed
3674 676 3771 729 illo
3810 693 3919 746 pec-

2242 766 2365 814 cato
2398 761 2757 831 originaliter
2787 767 2965 815 tracto
2997 778 3127 816 cum
3159 779 3358 818 omnes
3391 764 3489 835 qui
3536 765 3610 818 ad
3644 766 3815 818 tidem
3843 782 3920 817 ve-

2240 850 2410 903 niunt
2443 867 2547 918 per
2574 852 2857 903 lavacrum
2892 852 3344 921 regenerationis
3391 854 3793 919 absolvuntur,
3818 855 3921 923 jam

2240 954 2354 992 non
2378 938 2435 991 in
2469 938 2566 992 illa
2613 940 2850 1009 antiqua
2873 946 3099 1009 patrum
3133 940 3458 1011 iniquitate,
3496 943 3593 996 sed
3631 943 3921 1013 unusquis-

2240 1043 2350 1097 que
2409 1043 2607 1080 eorum
2658 1028 2716 1080 in
2763 1044 2865 1081 sua
2918 1028 3221 1098 iniquitate
3271 1030 3572 1084 morietur.
3628 1030 3757 1084 Sive
3806 1048 3921 1099 ergo

2237 1121 2365 1185 post
2394 1115 2743 1185 baptismum
2793 1117 3188 1186 pecccantibus
3241 1117 3340 1171 illa
3370 1124 3605 1188 peccata
3638 1135 3770 1188 quas
3794 1127 3923 1189 post-

2238 1204 2471 1257 modum
2504 1206 2917 1258 commiserunt
2943 1205 3303 1274 imputentur
3335 1207 3449 1260 sive
3480 1207 3659 1260 etiam
3692 1208 3791 1260 illa
3811 1224 3921 1276 quae

2238 1296 2370 1345 ante
2434 1291 2781 1361 baptismum
2843 1294 3277 1359 commiserunt,
3330 1300 3570 1363 propter
3621 1300 3919 1365 transgres-

2238 1381 2657 1443 sionemvtantaz
2690 1382 2889 1451 gratiae
2922 1383 3454 1452 superadjiciantur,
3489 1385 3697 1454 utique
3748 1385 3806 1437 in
3838 1402 3920 1438 sua

2238 1469 2561 1539 iniquitate,
2619 1486 2791 1540 quam
2837 1472 2923 1524 vel
2964 1477 3095 1524 ante
3146 1472 3228 1525 vel
3282 1479 3481 1543 postea
3530 1473 3921 1527 commiserant

2237 1559 2583 1613 moriuntur.
2618 1559 2675 1613 Si
2706 1575 2841 1629 ergo
2874 1560 2954 1613 eis
2997 1560 3293 1631 originalis
3334 1569 3523 1615 reatus
3564 1569 3701 1632 post
3754 1563 3921 1633 bapti-

2238 1664 2425 1701 smum
2455 1650 2567 1717 jam
2619 1648 2950 1701 nullatenus
2994 1650 3319 1719 deputatur,
3358 1651 3663 1704 manifeste
3720 1651 3779 1704 in
3835 1668 3919 1704 suo

2236 1740 2459 1788 tantum
2492 1741 2721 1804 peccato
2749 1740 2805 1789 et
2831 1736 2889 1789 in
2922 1753 3023 1789 sua
3060 1737 3363 1807 iniquitate
3391 1739 3640 1809 quisque
3674 1740 3915 1804 moritur,

2236 1823 2281 1876 si
2311 1828 2501 1876 autem
2535 1823 2687 1876 inter
2720 1830 2925 1877 cmtera
2955 1830 3184 1894 peccata
3214 1826 3386 1878 etiam
3421 1827 3517 1879 ille
3566 1832 3765 1880 reatus
3823 1829 3917 1881 im-

2233 1917 2488 1982 putatur,
2526 1913 2699 1966 etiam
2741 1913 2817 1965 sic
2849 1914 2905 1966 in
2932 1929 3034 1966 suo
3070 1919 3299 1983 peccato
3346 1915 3752 1986 unusquisque
3809 1933 3913 1969 mo-

2234 2000 2396 2065 ritur,
2427 2001 2562 2053 dum
2588 2001 2709 2069 jam
2737 2003 2788 2054 ei
2822 2002 3096 2070 originale
3144 2008 3443 2071 peccatum
3482 2020 3601 2056 non
3654 2004 3781 2058 ideo
3826 2005 3916 2057 im-

2234 2093 2490 2157 putatur,
2535 2091 2670 2159 quia
2710 2090 2847 2143 illud
2907 2106 2971 2143 ex
3011 2090 3233 2161 origine
3283 2092 3475 2149 traxit,
3512 2091 3617 2145 sed
3650 2093 3787 2162 quia
3816 2108 3917 2145 me-

2232 2177 2343 2229 rito
2376 2179 2623 2246 propriae
2658 2178 2980 2249 iniquitatis
3032 2179 3174 2233 illud
3234 2180 3340 2233 sibi
3392 2180 3606 2234 iterum
3662 2182 3919 2250 imputari

2232 2266 2461 2320 meruit.

2863 2392 3087 2447 CAPUT
3122 2392 3293 2446 XLIV.

2232 2498 2321 2551 An
2371 2497 2642 2565 baptizati
2674 2499 2891 2566 reprobi
2937 2502 3147 2564 fuerint
3177 2516 3211 2553 a
3258 2466 3439 2553 mussri
3484 2502 3819 2569 perditionis
3847 2505 3920 2557 di-

2302 2571 2480 2645 screti.
2530 2569 2871 2645 Afﬁrmatur
2910 2570 3167 2645 discretos
3218 2574 3409 2636 fuisse.
3466 2574 3758 2627 Peccatum
3815 2583 3920 2645 post

2295 2640 2741 2707 justiﬁcationem
2763 2656 2869 2693 non
2898 2642 3135 2709 amplius
3166 2657 3380 2695 manere
3418 2646 3711 2697 asseritur.

2305 2745 2575 2816 Sequitur
2612 2747 2885 2816 posthaec
2924 2747 2983 2799 in
3018 2748 3218 2802 eadem
3251 2720 3509 2819 epistola.

2916 2888 3227 2928 RABANUS.

2304 3017 2331 3045 ‹‹
2357 2996 2517 3060 Quod
2551 2996 2685 3067 quia
2702 2996 3227 3067 Deipraescientiam
3256 3012 3357 3049 nec
3378 2997 3551 3050 latuit
3572 3013 3680 3051 nec
3710 2998 3918 3064 fefellit,

2229 3083 2539 3137 sinedubio
2567 3085 2741 3137 talem
2769 3100 3067 3153 nunquam
3087 3085 3279 3153 elegit,
3306 3101 3606 3154 nunquam
3634 3087 3917 3156 praedesti-

2228 3173 2402 3238 navit,
2437 3176 2491 3225 et
2528 3172 2851 3242 periturum
2896 3189 3195 3242 nunquam
3228 3173 3301 3226 ah
3328 3178 3542 3227 aeterna
3600 3176 3917 3245 perditione

2228 3261 2505 3315 discrevit.
2537 3262 2723 3331 Atque
2769 3262 2840 3314 ob
2873 3262 2981 3315 hoc
3025 3261 3353 3332 quicunque
3385 3264 3524 3316 tales
3580 3270 3739 3330 sunt,
3802 3265 3917 3318 licet

2226 3349 2438 3403 fuerint
2504 3350 2706 3418 renati,
2781 3350 2995 3404 fuerint
3069 3350 3378 3419 justiticati,
3458 3352 3529 3405 ab
3582 3368 3651 3406 eo
3739 3358 3915 3407 tamen

2228 3436 2327 3508 qui
2355 3437 2483 3491 illos
2515 3437 2655 3491 tales
2685 3437 2990 3508 praescivit,
3023 3454 3142 3491 non
3172 3442 3303 3491 sunt
3349 3439 3773 3509 praedestinati,
3804 3460 3829 3491 β

2886 3575 3251 3617 RESPONSIO.

2297 3686 2361 3739 In
2394 3684 2603 3755 quibus
2645 3684 2833 3739 verbis
2872 3684 3011 3738 illud
3044 3685 3299 3755 primum
3330 3685 3819 3741 considerandum
3846 3694 3915 3742 est

2226 3773 2360 3844 quia
2392 3774 2557 3827 illum
2590 3774 2741 3843 quia
2767 3772 2985 3827 Christo
3012 3774 3228 3827 recedit
3248 3780 3303 3827 et
3329 3775 3400 3828 ab
3432 3774 3555 3843 ejus
3579 3778 3771 3845 gratia
3798 3778 3917 3831 alie-

2224 3878 2335 3915 nus
2367 3862 2630 3923 efficitur,
2665 3867 2836 3932 atque
2867 3862 2927 3915 in
2953 3863 3052 3916 tali
3084 3862 3375 3932 impietate
3411 3879 3599 3934 usque
3630 3869 3704 3919 ad
3757 3866 3914 3919 ﬁnem

2224 3951 2517 4021 perdurat,
2552 3950 2826 4021 quoniam
2858 3967 2990 4005 eum
3023 3952 3171 4004 Deus
3206 3953 3376 4005 talem
3413 3952 3677 4007 futurum
3711 3955 3917 4008 verissi~

2225 4055 2316 4093 me
2345 4039 2648 4109 praescivit,
2678 4039 2928 4093 afﬁrmat
2957 4040 3199 4110 scriptor
3222 4041 3474 4111 epistolae
3518 4058 3828 4113 nunquam
3856 4043 3915 4095 ab

2224 4146 2291 4182 eo
2323 4129 2567 4182 electum
2600 4144 2786 4199 neque
2829 4129 3298 4198 praedestinatum
3354 4131 3423 4183 ad
3454 4129 3656 4195 vitam,
3703 4139 3761 4185 et
3790 4132 3918 4201 peri-

2221 4221 2414 4271 turum
2472 4233 2772 4293 nunquam
2825 4218 2895 4270 ab
2947 4220 3165 4271 mterna
3220 4217 3543 4287 perditione
3580 4220 3913 4277 discretum;

2218 4305 2318 4372 ita,
2349 4305 2449 4375 qui
2482 4304 3056 4374 praedestinationem
3109 4305 3284 4359 divini
3326 4306 3529 4375 judicii
3576 4307 3645 4361 ad
3704 4310 3915 4378 justum

2217 4394 2595 4464 reproborum
2656 4393 2954 4447 interitum
3007 4398 3243 4463 negant,
3290 4395 3408 4463 jam
3451 4396 3609 4464 ipsos
3648 4397 3916 4466 reprobos

2219 4482 2421 4535 eodem
2447 4482 2603 4550 justo
2656 4481 2754 4534 Dei
2806 4481 3022 4551 judicio
3064 4482 3381 4545 damnatos,
3440 4489 3494 4535 et
3528 4499 3834 4555 nunquam
3888 4500 3915 4535 a

2215 4569 2557 4640 perditionis
2589 4586 2772 4623 massa
2816 4570 3086 4625 discretos
3132 4587 3250 4623 esse
3304 4570 3673 4626 conﬁrmant.
3710 4574 3913 4627 Deinde

2218 4658 2513 4711 sollicitius
2547 4663 2600 4711 et
2638 4658 2970 4727 diligentius
3002 4664 3083 4712 est
3143 4660 3515 4729 quaerendum
3580 4662 3631 4714 si
3690 4662 3911 4731 refrobi

2223 4763 2518 4817 nunquam
2559 4752 2692 4800 sunt
2723 4764 2755 4800 a
2810 4747 3153 4817 perditionis
3194 4752 3250 4801 et
3303 4750 3701 4804 damnationis
3742 4764 3913 4804 massa

1475 4871 1674 4926 ΝΟΤᾸΞ
1716 4870 2039 4926 DUVALLII
2081 4869 2421 4925 DOCTORIS
2462 4869 2891 4930 SORBONICI...

482 4995 506 5020 ⁸
546 4986 751 5040 Contra
783 4988 840 5040 D.
877 4986 1123 5039 Thomas
1154 4988 1355 5053 quaest.
1390 4986 1456 5037 88
1515 5002 1571 5038 ιιι
1621 4985 1817 5055 partis,
1859 4985 2017 5037 artic.
2055 4988 2102 5048 l,

411 5063 469 5111 et
500 5073 627 5109 cum
680 5074 744 5110 eo
788 5056 993 5126 reliqui
1039 5055 1360 5109 scholastici
1392 5056 1449 5107 in
1481 5057 1532 5119 4,
1586 5056 1716 5109 dist.
1749 5058 1837 5115 2‘2,
1874 5062 2103 5126 peccata

410 5130 585 5181 semel
618 5128 853 5180 remissa
884 5143 1179 5197 nunquam
1211 5126 1447 5179 redeunt
1482 5128 1678 5180 eadem
1708 5143 1971 5187 numero,
2000 5142 2105 5180 nec

412 5199 679 5253 similiter
726 5199 974 5267 amplius
1027 5199 1389 5267 imputantur
1433 5214 1464 5249 a
1495 5198 1610 5249 Deo
1643 5214 1709 5251 eo
1757 5198 1927 5251 modo
1964 5214 2028 5250 ac
2058 5199 2105 5251 si

412 5286 529 5322 non
562 5278 751 5323 essent
781 5270 1035 5334 dimissa,
1072 5270 1205 5338 quia
1257 5268 1323 5321 ad
1358 5268 1519 5320 Rom.
1556 5284 1609 5320 χι
1641 5284 1654 5321 :
1690 5289 1717 5315 ‹‹
1759 5268 1891 5322 Sine
1929 5270 2103 5338 poeni-

412 5340 591 5408 tentia
619 5346 750 5393 sunt
768 5341 913 5392 dona
934 5340 1052 5391 Dei.
1085 5360 1103 5385 ι
1126 5340 1345 5392 Nahum
1376 5356 1390 5391 ι
1417 5354 1429 5391 :
1459 5357 1485 5388 ‹‹
1522 5339 1666 5391 Deus
1697 5356 1813 5392 non
1836 5340 2000 5408 punit
2019 5339 2106 5392 bis

414 5407 474 5459 in
504 5408 779 5477 idipsum;
816 5430 843 5458 »
877 5416 931 5463 et
962 5410 1267 5463 Ezechielis
1294 5426 1425 5463 xvm
1462 5425 1473 5463 :
1506 5428 1533 5458 (ι
1566 5408 1624 5462 Si
1674 5407 1889 5478 impius
1922 5411 2106 5479 egerit

412 5478 829 5547 penitentiam,
860 5482 1122 5534 omnium
1150 5480 1520 5551 iniquitatum
1552 5480 1675 5549 ejus
1706 5497 1819 5534 non
1852 5478 2105 5535 recorda-

2217 4984 2339 5039 bor.
2378 5007 2396 5034 ι
2451 4984 2716 5038 Redeunt
2746 4988 2939 5037 tamen
2971 4999 3073 5053 per
3124 4983 3449 5050 subsequens
3502 4992 3787 5051 peccatum
3836 5000 3915 5037 m-

2215 5058 2357 5109 tione
2385 5056 2832 5124 ingratitudinis,
2868 5070 2994 5124 quae
3020 5054 3159 5107 illud
3188 5060 3367 5107 multo
3392 5056 3625 5123 gravius
3652 5061 3714 5109 et
3737 5058 3915 5125 culpa-

2213 5125 2387 5180 bilius
2418 5127 2622 5179 reddit.
2660 5126 2725 5178 Et
2753 5126 2833 5179 ita
2884 5129 3220 5194 exponenda
3268 5133 3400 5177 sunt
3434 5127 3610 5179 verba
3665 5128 3914 5180 Ecclesiae

2217 5197 2630 5267 Lugdunensis,
2677 5212 2805 5265 quae
2828 5196 3009 5267 etiam
3040 5195 3405 5264 reperiuntur
3434 5198 3585 5266 apud
3622 5198 3916 5267 Hugonem

2220 5265 2574 5320 Victorinum
2606 5267 2780 5338 lib.in
2810 5265 2899 5338 de
2922 5267 3159 5338 sanctis,
3200 5272 3361 5334 parte
3392 5265 3502 5332 xxv,
3531 5283 3657 5338 cap.
3693 5265 3913 5327 ultimo,

2218 5343 2274 5391 et
2300 5340 2546 5407 glossam
2580 5336 2834 5391 Gratiani
2871 5336 2939 5389 de
2970 5337 3333 5403 Poenitentia,
3368 5338 3504 5390 dist.
3557 5336 3614 5405 4;
3678 5353 3911 5393 canone.

2216 5410 2319 5473 Qui
2342 5408 2565 5462 recedit.
