4048 6170
184 217 316 267 mut

1408 212 1612 267 LIBER
1658 212 1745 267 DE
1785 213 2040 269 TRIBUS
2079 213 2434 269 EPISTOLIS

3554 224 3688 276 £062

178 353 438 411 discreti.
472 350 784 421 quomodo,
837 349 980 402 sicut
1026 348 1118 401 hic
1158 347 1385 412 dicitur,
1421 351 1535 400 tam
1588 348 1752 401 multi
1822 364 1885 401 ex
1925 349 2059 404 Ain
2117 354 2275 418 parte
2320 351 2630 404 electorum
2682 368 2908 420 semper
2960 352 3376 423 accipiendam;
3417 357 3474 411 in
3525 364 3685 428 parte

180 443 267 496 eis
302 442 359 495 in
399 440 640 494 Ecclesia
680 455 783 509 per
834 437 1077 507 gratiam
1126 436 1397 507 baptismi
1438 440 1571 489 sunt
1619 438 1801 490 renati
1832 441 1889 490 et

172 528 531 601 justiﬁcati?
578 528 624 581 si
678 528 851 591 enim,
901 532 967 580 ut
1015 526 1232 579 dictum
1269 531 1369 591 est,
1411 541 1706 595 nunquam
1755 531 1889 578 sunt

181 635 217 671 a
266 634 454 671 massa
501 615 884 671 damnationis
935 621 989 668 et
1036 614 1374 684 perditionis
1424 614 1670 679 discreti,
1736 629 1885 683 quo-

180 707 361 760 modo
422 705 483 758 in
540 703 783 757 Ecclesia
836 719 968 755 vere
1030 707 1163 755 sunt
1215 702 1395 754 renati
1443 705 1499 755 et
1536 702 1885 771 justiticati?

180 795 335 860 Quid
367 794 521 847 enim
563 797 693 846 sunt
723 793 927 854 renati,
979 791 1087 844 nisi
1140 791 1571 861 regeneratione
1618 791 1887 862 baptismi

180 881 446 936 innovati
470 880 497 934 ‘?
530 883 594 934 Et
624 881 758 951 quid
792 885 922 933 sunt
960 879 1276 950 justiticati,
1327 879 1435 931 nisi
1481 894 1584 949 per
1631 893 1761 932 eum
1790 878 1887 950 qui

171 971 460 1041 justiﬁcat
488 970 753 1039 impium,
788 986 819 1022 a
852 984 953 1022 sua
986 966 1279 1037 impietate
1320 968 1598 1020 mundati.

258 1058 559 1123 Quomodo
609 1072 746 1127 ergo
817 1057 875 1109 in
924 1056 1006 1109 eis
1054 1055 1366 1125 perficitur,
1409 1055 1542 1109 dum
1597 1055 1657 1108 in
1704 1060 1887 1109 morte

179 1148 402 1203 Christi
438 1147 820 1217 baptizantur,
855 1150 911 1199 et
958 1146 1018 1198 in
1067 1145 1188 1214 ejus
1236 1144 1516 1214 sanguine
1569 1161 1599 1197 a
1645 1144 1888 1214 peccatis

180 1238 506 1290 abluuntur
536 1252 668 1289 vera
699 1235 990 1289 innovatio
1024 1241 1081 1287 et
1110 1250 1241 1287 vera
1272 1233 1590 1300 mundatio,
1627 1234 1673 1286 si
1704 1234 1888 1287 adhuc

178 1326 243 1378 in
278 1324 668 1377 damnationis
694 1328 753 1377 et
782 1323 1124 1392 perditionis
1153 1338 1339 1376 massa
1379 1321 1650 1387 concreti,
1684 1326 1740 1375 et
1767 1337 1886 1375 non

180 1413 420 1467 discreti
449 1410 829 1466 detinentur?
859 1411 1167 1481 Apostolus
1204 1430 1231 1459 «
1273 1426 1499 1464 ramum
1536 1410 1823 1479 sylvestris
1856 1430 1882 1461 ››

181 1507 241 1556 et
274 1502 475 1554 inculti
516 1522 535 1548 α
573 1500 804 1554 oleastri
836 1498 1005 1568 (Rom.
1043 1515 1118 1563 χι,
1152 1500 1239 1568 l7)
1272 1521 1296 1545 n
1331 1498 1488 1569 prius
1538 1498 1607 1551 de
1638 1498 1887 1551 naturali

182 1591 437 1643 oleastro
470 1589 607 1643 dicit
647 1587 920 1655 excisum,
965 1591 1020 1640 et
1062 1591 1265 1656 postea
1309 1587 1369 1640 in
1416 1585 1627 1639 bonam
1676 1585 1884 1639 olivam

181 1677 493 1743 insertum,
542 1680 714 1747 atque
763 1676 840 1729 ita
896 1675 1110 1728 socium
1162 1674 1367 1728 radicis
1417 1679 1473 1727 et
1513 1673 1885 1743 pinguedinis

180 1768 330 1821 olere
355 1766 644 1832 effectum,
679 1781 850 1835 quem
888 1768 1079 1818 tamen
1123 1769 1321 1833 postea
1371 1764 1744 1817 vehementer
1792 1764 1886 1817 ad-

176 1861 387 1910 monet
417 1862 474 1909 et
501 1859 696 1919 terret,
729 1854 958 1908 dicens:
989 1876 1009 1901 ι
1046 1853 1184 1907 Vide
1211 1869 1347 1923 ergo
1371 1853 1682 1907 bonitatem
1718 1857 1774 1905 et
1793 1868 1887 1905 se-

178 1946 486 1999 veritatem
525 1944 641 2010 Dei,
672 1943 729 1996 in
776 1959 870 1997 eos
902 1942 1137 2012 quidem
1176 1942 1275 2012 qui
1309 1942 1636 1995 ceciderunt
1675 1941 1883 1994 severi-

177 2039 390 2098 tatem,
420 2033 479 2085 in
516 2038 570 2085 te
602 2036 794 2085 autem
844 2032 1156 2085 bonitatem
1192 2031 1235 2082 si
1270 2029 1654 2100 permanseris
1687 2030 1745 2082 in
1777 2030 1883 2083 bo-

178 2125 404 2183 nitate;
440 2117 700 2188 alioquin
729 2122 785 2171 et
832 2122 896 2171 tu
945 2116 1222 2170 excideris
1253 2117 1424 2187 (Ibid.
1478 2116 1590 2185 22).
1655 2137 1682 2165 »
1724 2116 1886 2181 Quod

180 2208 327 2279 quid
360 2212 446 2260 est
472 2206 627 2260 aliud
660 2206 768 2259 nisi
801 2210 863 2259 ut
905 2206 1124 2259 excisus
1153 2222 1186 2257 a
1217 2206 1365 2259 bona
1396 2205 1543 2258 oliva
1573 2205 1667 2259 cui
1710 2205 1886 2258 inser-

179 2304 281 2351 tus
312 2296 524 2357 fueras,
552 2311 679 2348 cum
713 2295 955 2348 silvestri
983 2299 1035 2347 et
1067 2294 1187 2348 fero
1220 2300 1389 2364 atque
1411 2310 1606 2347 amaro
1638 2295 1882 2347 oleastro

178 2385 422 2454 ignibus
453 2382 764 2453 deputeris.
797 2383 967 2436 Juxta
998 2398 1169 2452 quam
1215 2382 1651 2437 similitudinem
1683 2381 1885 2434 melius

179 2472 447 2526 fortassis
478 2470 725 2524 creditur
754 2476 810 2524 et
841 2471 1051 2525 dicitur
1079 2470 1233 2540 quod
1269 2471 1367 2540 qui
1399 2486 1525 2523 vere
1562 2470 1631 2523 ad
1681 2470 1886 2524 Christi

177 2562 364 2615 fidem
396 2561 695 2627 accedunt,
729 2565 785 2613 et
822 2576 952 2613 vere
1002 2560 1061 2612 in
1094 2560 1379 2629 baptismo
1428 2560 1551 2628 ejus
1583 2559 1767 2629 gratia
1796 2575 1882 2611 re—

180 2654 568 2720 generantur,
601 2653 656 2702 et
687 2665 813 2702 vere
859 2648 1148 2718 accipiunt
1190 2649 1605 2718 indulgentiam
1634 2654 1750 2702 tam
1779 2647 1888 2701 ori—

181 2738 476 2809 ginalium
504 2753 677 2807 quam
710 2737 1018 2790 actualium
1053 2740 1415 2807 peccatorum
1446 2752 1575 2790 vere
1624 2753 1726 2807 per
1765 2737 1887 2790 haec

182 2832 243 2881 et
274 2842 307 2878 a
346 2825 597 2879 naturali
641 2826 882 2878 oleastro
928 2825 1197 2878 credendi
1237 2830 1369 2877 sunt
1415 2824 1602 2892 excisi,
1652 2825 1708 2878 id
1742 2828 1825 2877 est
1855 2840 1887 2877 a

179 2913 539 2985 perditionis
570 2917 625 2965 et
649 2912 1031 2966 damnationis
1061 2929 1248 2965 massa
1297 2912 1543 2979 discreti,
1591 2915 1647 2965 et
1677 2912 1734 2964 in
1778 2912 1887 2965 bo-

184 3018 327 3055 nam
353 3002 565 3054 olivam
601 3002 821 3067 inserti,
860 3002 916 3055 id
968 3008 1053 3055 est
1102 3000 1360 3055 Ecclesia:
1410 3000 1803 3069 incorporati;
1834 3005 1890 3053 et

181 3095 386 3144 tamen
441 3090 487 3142 si
535 3090 705 3160 digna
754 3091 1037 3144 excisione
1088 3088 1497 3151 commiserint,
1544 3089 1713 3141 etiam
1762 3093 1891 3157 post

182 3180 297 3232 ista
331 3179 530 3232 omnia
562 3180 630 3232 ab
662 3178 757 3231 illa
799 3179 947 3231 oliva
972 3178 1326 3245 excidantur,
1362 3183 1570 3231 etcum
1601 3178 1697 3230 illa
1729 3178 1885 3231 dam—

180 3266 442 3320 nationis
492 3271 549 3319 et
592 3266 928 3336 perditionis
980 3284 1183 3332 massa,
1238 3283 1270 3319 a
1329 3283 1442 3337 qua
1497 3267 1725 3320 fuerant
1774 3265 1891 3319 ori-

182 3355 399 3426 ginalis
424 3359 482 3407 et
512 3356 749 3408 actualis
783 3356 995 3425 peccati
1044 3355 1403 3425 indulgentia
1434 3355 1682 3421 discreti,
1734 3355 1893 3408 velut

180 3460 320 3498 cum
374 3444 618 3496 naturali
675 3444 920 3497 oleastro
972 3449 1200 3498 internas
1253 3444 1464 3497 ustioni
1520 3443 1885 3512 dcputentur.

187 3532 357 3587 Unde
391 3548 643 3602 namque
674 3532 771 3585 illa
793 3532 1178 3586 damnationis
1209 3538 1264 3584 et
1302 3532 1643 3601 perditionis
1682 3548 1886 3600 massa,

182 3620 631 3689 nisioriginalis
663 3622 875 3690 peccati
926 3626 1083 3674 reatu
1137 3626 1193 3674 et
1238 3622 1639 3690 conspersione
1695 3622 1893 3675 effecta

184 3714 275 3763 est
296 3710 324 3763 εἰ
362 3710 504 3763 Cum
536 3726 671 3780 ergo
702 3710 761 3762 in
803 3710 1060 3780 quolibet
1089 3709 1333 3763 ﬁdeliter
1378 3710 1666 3775 credente,
1709 3714 1761 3762 et
1792 3724 1891 3762 ve-

182 3798 404 3851 raciter
450 3802 650 3850 renato
693 3800 863 3868 atque
916 3797 1161 3868 expiato,
1204 3813 1333 3850 vera
1368 3796 1443 3850 sit
1473 3798 1725 3865 ejusdem
1760 3812 1891 3866 pec-

185 3887 301 3939 cati
330 3886 628 3956 originalis
654 3886 936 3951 remissio,
981 3888 1270 3956 quomodo
1300 3885 1421 3955 ipse
1469 3886 1530 3938 in
1562 3901 1747 3938 massa
1786 3885 1894 3938 ori-

186 3974 408 4045 ginalis
457 3975 671 4044 peccati
717 3980 999 4041 remanet,
1045 3974 1143 4044 qui
1192 3975 1331 4028 inde
1372 3974 1626 4043 eju'sdem
1676 3975 1893 4043 peccati

184 4063 534 4117 remissione
566 4063 842 4133 probatur
871 4080 990 4116 esse
1025 4063 1302 4116 discretus
1324 4064 1353 4116 ?
1385 4063 1542 4126 Quod
1596 4068 1785 4116 autem
1834 4063 1893 4116 in

186 4152 385 4206 verbis
417 4158 745 4205 sanctorum
794 4153 1023 4205 Patrum
1076 4152 1411 4221 frequenter
1458 4151 1687 4221 legitur,
1741 4151 1891 4222 quod

188 4241 361 4305 tales,
395 4239 450 4292 id
479 4244 563 4292 est
606 4240 850 4309 gratiam
893 4240 1099 4295 Christi
1134 4241 1190 4292 in
1236 4257 1292 4293 se
1337 4239 1559 4293 irritam
1598 4239 1888 4299 facientes,

185 4332 249 4380 et
283 4328 365 4379 ita
390 4333 701 4396 pereuntes
731 4344 1026 4398 nunquam
1052 4327 1120 4380 ab
1154 4327 1247 4380 illa
1282 4344 1466 4381 massa
1498 4328 1727 4381 discreti
1758 4328 1887 4395 sint,

186 4416 264 4470 ad
300 4415 401 4469 Dei
434 4415 848 4485 praescientiam
882 4416 1159 4486 pertinet:
1217 4416 1315 4486 qui
1356 4416 1487 4469 licet
1521 4416 1589 4470 ad
1638 4432 1892 4485 praesens

185 4505 253 4559 in
290 4503 539 4557 Ecclesia
569 4520 931 4557 communem
957 4504 1039 4557 eis
1061 4521 1188 4557 cum
1223 4505 1413 4558 electis
1439 4504 1892 4575 regenerationis

186 4591 443 4663 gratiam
474 4592 707 4659 tribuat,
746 4593 820 4645 ibi
848 4599 1039 4647 tamen
1072 4610 1167 4647 eos
1206 4593 1727 4662 prmdestinatinnis
1774 4609 1892 4647 suae

179 4680 414 4751 judicio
444 4682 562 4749 jam
596 4682 853 4750 deputat,
886 4682 983 4735 ubi
1023 4681 1505 4752 praevaricationis
1540 4700 1655 4736 suae
1687 4683 1891 4736 merito

187 4770 558 4824 damnandos
589 4770 760 4823 videt.

840 4894 1066 4948 CAPUT
1104 4895 1250 4948 XLV.

609 4999 873 5068 Sequitur
902 5000 967 5054 de
990 5000 1487 5069 przdestinatione.

267 5125 399 5177 Post
429 5123 550 5176 hzec
581 5123 825 5192 scriptor
862 5122 1143 5194 epistolae,
1190 5122 1545 5193 interpositis
1596 5121 1895 5193 perpaucis

190 5212 387 5267 verbis
419 5212 557 5278 suis,
591 5212 760 5265 tacito
791 5215 1022 5267 nomine
1055 5213 1233 5268 libelli
1262 5213 1736 5284 Hypomnesticon
1770 5211 1897 5264 sub-

179 5300 383 5372 jungit
427 5305 484 5354 et
528 5300 793 5371 adiungit
831 5302 951 5371 ejus
990 5303 1163 5356 verba
1192 5319 1206 5361 :
1240 5307 1297 5357 et
1344 5318 1544 5355 sensus
1586 5302 1740 5354 velut
1781 5316 1895 5354 uno

187 5396 396 5443 tenore
444 5393 502 5442 et
549 5388 751 5442 ordine
808 5390 1090 5443 sermonis
1134 5390 1250 5455 sui;
1285 5406 1351 5443 ex
1401 5389 1610 5461 quibus
1654 5389 1894 5459 probare

189 5482 436 5532 conatur
490 5477 742 5531 divinam
796 5477 1354 5547 prmdestinationem
1400 5478 1801 5534 tantummodo
1843 5481 1899 5532 et

1998 454 2128 492 vero
2158 439 2469 508 reprobum
2500 440 2717 493 nullam
2746 439 2981 494 omnino
3014 457 3153 497 esse.
3192 445 3275 498 Ita
3307 444 3507 516 incipit
3538 463 3549 499 :

2676 544 2995 583 RABANUS.

2071 638 2093 665 ι
2131 616 2292 669 Prius
2322 632 2459 685 ergo
2508 616 2693 686 ipsum
2737 634 2947 671 nomen
2996 620 3514 688 praedestinationis
3549 623 3689 694 quid

1996 704 2210 758 indicet
2239 720 2592 774 exponamus
2616 722 2627 759 :
2653 705 2858 759 deinde
2883 722 3003 759 esse
3027 708 3175 777 apud
3204 709 3400 775 Deum,
3436 711 3535 779 qui
3567 712 3688 764 sine

1995 792 2320 863 acceptione
2350 808 2727 861 personarum
2764 800 2866 855 est,
2918 795 3500 864 praedestinationem,
3547 798 3691 853 di'vi-

1998 898 2199 935 narum
2238 881 2661 951 Scripturarum
2694 883 3048 946 auctoritate,
3082 885 3409 952 probemus.
3461 888 3685 941 Praede-

1995 970 2226 1023 stinatio
2275 970 2488 1040 quippe
2541 987 2572 1023 a
2601 969 2967 1040 prmvidendo
3023 976 3076 1024 et
3114 973 3541 1042 praeveniendo,
3597 974 3687 1028 vel

1995 1059 2437 1129 pratordinando
2464 1058 2722 1111 futurum
2756 1059 2974 1129 aliquid
3006 1060 3228 1114 dicitur.
3269 1063 3335 1115 Et
3363 1062 3491 1115 ideo
3515 1063 3685 1125 Deus,

1997 1147 2087 1201 cui
2118 1146 2477 1217 prmscientia
2506 1164 2619 1199 non
2653 1147 2915 1201 accidens
2964 1154 3065 1215 est,
3118 1150 3210 1202 sed
3263 1152 3526 1218 essentia,
3581 1150 3690 1205 fuit

1996 1251 2224 1305 semper
2259 1240 2316 1288 et
2360 1239 2461 1301 est,
2497 1251 2667 1288 omne
2724 1236 2875 1304 quod
2934 1242 3238 1306 antequam
3299 1238 3389 1303 sit,
3438 1238 3685 1308 praescit,

1994 1323 2365 1393 praedestinat
2418 1330 2473 1375 et
2520 1329 2824 1393 propterea
2884 1325 3273 1395 prcedestinat,
3332 1326 3466 1396 quia
3522 1328 3689 1397 quale

1995 1413 2251 1466 futurum
2285 1412 2357 1465 sit
2386 1411 2630 1482 praescit.
2676 1413 2738 1465 Et
2768 1412 2897 1465 ideo
2958 1414 3282 1482 Apostolus.
3322 1434 3348 1463 «
3375 1416 3514 1468 Nam
3547 1432 3691 1485 quos

1997 1501 2298 1571 prazscivit,
2364 1520 2391 1551 »
2464 1500 2672 1571 inquit,
2755 1524 2773 1548 ι
2841 1502 3269 1570 ρνωάρδῐὶηενὶῑ
3336 1505 3505 1571 (Rom.
3572 1520 3690 1572 vm,

1994 1590 2105 1655 29),
2166 1589 2260 1643 sed
2322 1605 2439 1642 non
2519 1605 2688 1642 omne
2763 1589 2914 1659 quod
2982 1590 3209 1659 praescit
3294 1591 3687 1660 praedestinat,

1996 1678 2145 1730 mala
2178 1676 2330 1731 enim
2366 1682 2586 1730 tantum
2629 1679 2853 1748 praescit
2883 1682 2939 1731 ct
2968 1694 3083 1731 non
3114 1679 3503 1748 praedestinat,
3539 1680 3691 1733 bona

1994 1781 2128 1819 vero
2160 1770 2217 1819 et
2263 1766 2489 1834 praescit
2543 1770 2601 1819 et
2651 1766 3041 1835 praedestinat.
3077 1767 3235 1831 Quod
3281 1784 3417 1837 ergo
3467 1768 3687 1822 bonum

1994 1853 2357 1924 praescientia
2430 1854 2820 1923 prmdestinat,
2881 1854 2939 1908 id
3013 1861 3095 1908 est
3152 1856 3312 1924 prius
3373 1872 3543 1926 quam
3619 1855 3690 1908 sit

1995 1942 2054 1995 in
2094 1958 2152 1996 se
2206 1943 2557 2012 praaordinat
2593 1959 2605 1996 :
2639 1943 2746 1996 hoc
2798 1960 2928 1997 cum
2980 1960 3045 1996 ex
3098 1944 3222 2013 ipso
3278 1950 3508 1997 auctore
3566 1960 3686 1997 esse

1994 2030 2244 2100 coeperit,
2305 2035 2489 2095 vocat,
2559 2031 2788 2083 ordinat
2844 2037 2898 2084 et
2959 2031 3227 2100 disponit.
3294 2033 3449 2085 Unde
3488 2036 3545 2085 et
3600 2048 3686 2085 se-

1996 2119 2191 2189 quitur
2225 2135 2237 2172 :
2276 2140 2301 2167 ‹‹
2334 2118 2483 2182 Quos
2506 2118 2951 2189 praedestinavit,
2988 2120 3090 2173 hos
3108 2127 3164 2173 et
3185 2121 3431 2185 vocavit;
3459 2124 3514 2173 et
3543 2136 3687 2191 quos

1993 2206 2229 2273 vocavit,
2283 2206 2411 2260 illos
2467 2212 2523 2260 et
2566 2206 2940 2277 justiﬁcavit:
2992 2224 3133 2278 quos
3171 2212 3359 2262 autem
3408 2209 3686 2278 justitica-

1993 2296 2094 2361 vit,
2152 2295 2281 2349 illos
2339 2300 2394 2348 et
2442 2296 2782 2365 gloriﬁcavit
2834 2296 3029 2362 (Ibid.,
3090 2298 3198 2365 30).
3238 2320 3263 2345 ››
3334 2298 3456 2350 Jam
3511 2297 3687 2366 igitur

1993 2384 2248 2454 apertius
2290 2383 2634 2437 disseramus
2674 2385 2826 2454 quod
2870 2385 3180 2455 loquimur,
3234 2386 3522 2454 quomodo
3572 2385 3687 2439 hu-

1998 2489 2167 2527 mano
2196 2488 2405 2541 genere
2421 2472 2778 2542 praescientia
2805 2490 2907 2526 sua
2931 2474 3502 2543 etpraedestinatione
3518 2475 3683 2539 Deus,

1995 2562 2053 2616 in
2078 2578 2191 2632 quo
2222 2577 2338 2614 non
2370 2566 2457 2614 est
2482 2560 2777 2631 iniquitas,
2828 2566 3041 2615 utatur.
3123 2563 3298 2615 Massa
3344 2564 3535 2633 itaque
3584 2562 3688 2615 hu-

1996 2649 2153 2704 mani
2181 2649 2427 2717 generis,
2466 2664 2595 2718 qua'.
2638 2649 2694 2702 in
2750 2649 2929 2702 Adam
2961 2653 3018 2702 et
3048 2650 3171 2703 Evze
3222 2650 3689 2719 praevaricatione

1996 2737 2337 2791 damnabilis
2367 2738 2737 2808 mortalisque
2771 2738 2915 2792 facta
2937 2743 3039 2801 est,
3066 2755 3177 2792 non
3210 2740 3691 2793 condemnatione

1998 2826 2189 2878 divina
2226 2827 2590 2895 generaliter,
2627 2826 2722 2879 sed
2757 2843 2817 2879 ex
2843 2826 3030 2881 debito
3053 2843 3241 2895 poena,
3291 2828 3691 2898 cruciatusque

1927 2939 1966 2992 Ο
1997 2913 2274 2983 gehennae
2304 2914 2559 2967 debetur.
2595 2914 2769 2966 Venia
2802 2930 2956 2975 vero,
2992 2930 3107 2966 non
3156 2915 3384 2979 merito,
3438 2915 3536 2968 sed
3589 2915 3690 2968 Dei

1990 3001 2369 3070 justijudicis
2401 3001 2805 3055 misericordia:
2858 3002 3115 3071 largitate
3172 3003 3485 3056 confertur.
3545 3002 3691 3065 Quia

1997 3105 2130 3142 vero
2156 3089 2344 3159 justus
2377 3094 2432 3143 et
2462 3088 2783 3142 misericors
2817 3092 2963 3144 Deus
2994 3090 3377 3160 praesciusque
3408 3096 3491 3143 est
3533 3091 3688 3143 futu-

1996 3194 2195 3231 rorum
2230 3182 2286 3231 et
2316 3194 2380 3231 ex
2413 3178 2516 3231 hac
2547 3178 2863 3231 damnabili
2894 3195 3098 3239 massa,
3134 3186 3265 3232 “non
3314 3194 3690 3247 personarum

1999 3266 2345 3335 acceptione,
2389 3267 2484 3320 sed
2520 3266 2741 3335 judicio
2790 3268 3079 3337 aequitatis
3112 3283 3229 3320 suae
3274 3267 3690 3337 irreprehensi-

1998 3355 2122 3415 bili,
2156 3370 2297 3424 quos
2326 3354 2551 3425 praescit
2585 3355 2973 3409 misericordia
3003 3356 3249 3425 gratuita
3280 3360 3585 3426 prmparat,
3633 3356 3691 3410 id

2004 3447 2082 3495 est
2114 3442 2484 3512 praedestinat
2514 3442 2581 3495 ad
2624 3443 2796 3496 vitam
2844 3447 3136 3497 aeternam.
3191 3444 3437 3498 Caeteros
3496 3446 3693 3498 autem

2000 3536 2065 3586 ut
2086 3530 2348 3601 prazdixit
2376 3531 2565 3585 debite
2594 3532 2760 3602 punit
2792 3551 2807 3585 :
2842 3547 2987 3602 quos
3013 3532 3140 3585 ideo
3167 3532 3353 3602 punit,
3390 3532 3525 3602 quia
3556 3532 3693 3603 quid

2000 3625 2190 3674 essent
2218 3620 2395 3674 futuri
2431 3621 2747 3691 praescivit;
2804 3637 2919 3674 non
2950 3626 3141 3675 tamen
3194 3621 3517 3691 puniendos
3573 3621 3695 3692 ipse

2000 3710 2148 3772 fecit,
2172 3710 2260 3762 vel
2287 3708 2730 3779 praedestinavit,
2755 3710 2854 3763 sed
2886 3714 3109 3763 tantum
3145 3710 3230 3779 (ut
3274 3710 3410 3777 dixi)
3446 3710 3505 3763 in
3535 3711 3695 3765 dam-

2000 3797 2179 3851 nabili
2208 3813 2391 3850 massa
2441 3798 2739 3867 prcescivit.
2774 3798 2933 3861 Quod
2985 3798 3091 3850 sia
3151 3814 3239 3850 me
3274 3798 3481 3868 quaeris
3529 3798 3692 3864 scire,

2000 3903 2101 3940 cur
2129 3886 2241 3939 duo
2277 3886 2383 3939 ista
2414 3886 2742 3940 ditferenter
2775 3888 2920 3939 Deus
2968 3886 3153 3947 faciat,
3210 3886 3257 3938 si
3314 3901 3695 3955 personarum

2001 3985 2267 4044 acceptor
2290 3990 2407 4027 non
2434 3979 2512 4028 est
2540 3991 2551 4027 :
2596 3975 2730 4044 quia
2763 3974 3106 4043 generaliter
3151 3979 3246 4027 aut
3273 3973 3481 4042 punire
3529 3973 3695 4027 debet

1996 4062 2221 4133 justitia
2282 4069 2381 4115 aut
2442 4062 2832 4117 misericordia
2908 4063 3169 4128 liberare,
3228 4062 3508 4115 contende
3564 4077 3695 4115 cum

2006 4151 2213 4215 Paulo;
2246 4150 2384 4217 imo,
2417 4150 2463 4203 si
2493 4150 2687 4215 audes,
2714 4166 2890 4221 argue
2921 4151 3159 4205 Paulum
3200 4150 3299 4220 qui
3333 4149 3491 4213 dixit,
3528 4150 3695 4204 Chri-

1935 4238 1977 4290 D
2009 4245 2093 4293 sto
2120 4239 2177 4292 in
2209 4255 2266 4292 se
2300 4240 2571 4309 loquente
2608 4255 2619 4292 :
2659 4260 2685 4285 ‹‹
2707 4240 2748 4293 Ο
2772 4240 2968 4304 homo,
2992 4244 3054 4291 tu
3083 4237 3211 4308 quis
3244 4254 3303 4290 es
3333 4237 3433 4308 qui
3465 4253 3698 4307 respon-

2005 4329 2139 4382 deas
2175 4329 2327 4381 Deo?
2358 4328 2627 4399 Nunquid
2660 4328 2797 4381 dicit
2820 4328 3161 4397 figmentum
3185 4326 3237 4379 ei
3268 4325 3369 4397 qui
3397 4343 3456 4379 se
3491 4325 3653 4380 ﬁnxit
3682 4342 3694 4379 ε

2006 4416 2216 4486 thuid
2276 4432 2364 4468 me
2421 4417 2500 4469 sic
2550 4416 2770 4469 fecisti?
2831 4420 2914 4469 An
2966 4431 3079 4468 non
3130 4414 3301 4467 habet
3358 4418 3698 4484 potestatem

2002 4504 2213 4573 ﬁgulus
2263 4504 2367 4557 luti
2409 4521 2471 4557 ex
2515 4504 2714 4557 eadem
2770 4520 2954 4556 massa
3007 4503 3192 4556 facere
3246 4502 3402 4556 aliud
3463 4503 3699 4574 quidem

2003 4609 2098 4646 vas
2142 4592 2199 4645 in
2248 4592 2550 4656 honorem,
2598 4591 2751 4644 aliud
2790 4607 2922 4643 vero
2958 4591 3015 4643 in
3064 4591 3469 4644 contumeliam
3522 4592 3694 4660 (Rom.

2005 4698 2079 4741 ix,
2110 4683 2199 4746 20,
2239 4680 2348 4749 2t).
2384 4702 2409 4727 ››
2464 4681 2578 4749 Ego
2619 4685 2811 4733 autem
2869 4680 2974 4732 hoc
3004 4679 3128 4733 dico
3162 4680 3317 4749 quod
3368 4679 3504 4746 dixi,
3563 4678 3698 4749 quia

2004 4770 2286 4841 quidquid
2319 4771 2464 4823 Deus
2496 4768 2631 4839 agit,
2667 4768 3130 4836 misericorditer,
3176 4770 3347 4839 juste,
3391 4773 3697 4837 sancteque

2001 4857 2176 4912 facit:
2226 4857 2361 4928 quia
2402 4858 2554 4910 solus
2606 4857 2725 4927 ipse
2774 4857 3127 4927 praesciendo
3177 4857 3280 4909 scit
3336 4855 3489 4926 quod
3525 4855 3696 4907 homo

2003 4946 2308 5000 nesciendo
2341 4945 2538 4999 nescit.
2594 4965 2621 4995 (ι
2653 4945 2788 5009 Quis
2819 4947 2972 4999 enim
3022 4946 3290 5015 cognovit
3322 4958 3551 4996 sensum
3588 4944 3695 4995 Do-

2004 5034 2187 5088 mini?
2219 5040 2318 5089 aut
2348 5034 2476 5105 quis
2507 5034 2867 5088 consiliarius
2900 5035 3022 5104 ejus
3052 5033 3193 5086 fuit?
3236 5036 3347 5085 Aut
3378 5031 3505 5103 quis
3540 5032 3698 5102 prior

2004 5124 2159 5178 dedit
2214 5124 2318 5191 illi,
2381 5128 2436 5176 et
2494 5122 2840 5177 retribuetur
2896 5122 3044 5175 ei?»
3110 5119 3289 5186 (Rom.
3338 5138 3409 5187 x1,
3446 5121 3531 5187 34,
3579 5122 3693 5190 35.)

2002 5214 2115 5265 Aut
2140 5211 2269 5281 quis
2298 5210 2437 5265 dicit
2468 5209 2520 5263 ei
2554 5226 2565 5262 :
2623 5209 2767 5273 Quid
2800 5207 3017 5262 fecisti?
3068 5207 3189 5260 Non
3232 5212 3417 5276 potest
3467 5212 3693 5260 tantum

1999 5301 2187 5370 justus
2214 5300 2325 5353 dici
2360 5300 2527 5362 Deus,
2560 5304 2658 5352 aut
2694 5299 2876 5351 solum
2910 5295 3250 5361 misericors,
3289 5297 3389 5351 sed
3416 5297 3602 5365 justus
3643 5300 3699 5350 et

2005 5388 2343 5443 misericors.
2409 5388 2498 5442 Sic
2551 5387 2811 5451 dicimus,
2873 5384 2952 5437 sic
3028 5383 3331 5437 credimus.
3388 5386 3698 5455 Propterea

2006 5477 2237 5548 quando
2266 5476 2348 5531 illi
2389 5492 2518 5531 cum
2562 5474 2735 5529 David
2773 5494 2800 5521 «
2832 5471 3281 5527 misericordiam
3310 5476 3363 5527 et
3413 5472 3696 5543 judicium
