4108 6190
418 234 552 286 1063

415 368 709 419 cantamus
740 365 916 437 (Psal.
952 381 998 429 c,
1056 364 1125 433 1),
1162 385 1188 411 ››

415 471 564 522 mus,
592 471 719 525 quae
746 454 817 507 sit
849 454 1105 507 voluntas
1136 451 1257 521 ejus
1297 450 1355 504 in
1376 450 1598 521 judicio
1631 456 1686 503 et
1716 450 2106 504 misericordia

414 542 905 612 conquiescentes.
940 559 966 590 ι)

1070 640 1443 681 RESPONSIO.

486 738 613 790 Haec
660 733 837 805 igitur
904 732 1098 786 omnia
1155 733 1307 803 quia,
1372 738 1434 785 ut
1491 730 1759 797 diximus,
1814 746 1926 783 non
1976 738 2107 783 sunt

411 823 582 877 verba
611 824 750 892 ejus,
784 822 881 875 sed
926 822 1222 875 manifeste
1254 837 1318 874 ex
1357 822 1477 891 jam
1524 820 1671 874 dicto
1718 819 1906 872 libello
1949 834 2104 871 sum-

410 916 508 982 pta
540 916 948 982 agnoscuntur,
985 910 1053 964 de
1097 926 1211 980 quo
1243 909 1380 980 quid
1437 908 1599 961 nobis
1648 907 1929 968 videatur,
1985 907 2106 976 jam

410 1016 582 1070 supra
611 1000 745 1053 satis
776 1004 1069 1053 ostensum
1094 1002 1197 1063 est,
1232 997 1430 1050 relicta
1463 996 1520 1048 in
1563 995 1753 1049 medio
1787 996 2009 1065 prolixa
2050 1000 2109 1049 et

411 1088 506 1160 pia
537 1088 947 1154 exhortatione,
1001 1102 1113 1156 qua
1168 1102 1367 1139 omnes
1412 1086 1609 1139 ﬁdeles
1640 1084 1861 1138 omissis
1901 1085 2106 1154 hujus-

411 1178 634 1232 cemodi
665 1177 916 1230 obscuris
938 1180 993 1229 et
1023 1174 1375 1229 difﬁcillimis
1407 1176 1819 1245 quaestionibus
1862 1174 1929 1227 ad
1962 1175 2106 1228 bene

410 1267 717 1320 vivendum
758 1270 812 1318 et
858 1264 1004 1317 bene
1053 1264 1340 1331 agendum
1402 1262 1647 1316 ﬁdeliter
1700 1269 1756 1315 et
1804 1262 2108 1316 salubriter

412 1356 760 1419 cohortatur,
806 1370 870 1405 ex
925 1353 1131 1405 divinis
1179 1352 1486 1421 Scripturis
1512 1351 1582 1405 ad
1615 1353 1760 1404 hanc
1810 1368 1931 1405 rem
1978 1368 2105 1422 per-

412 1444 657 1497 tinentes
690 1442 999 1495 sententias
1057 1442 1263 1493 multas
1311 1446 1366 1493 et
1414 1440 1811 1510 multipliciter
1853 1456 2102 1493 sumens.

412 1536 768 1585 transeamus
798 1529 866 1583 ad
906 1530 1029 1599 ejus
1080 1530 1253 1582 verba
1302 1529 1509 1598 quibus
1557 1530 1703 1581 circa
1754 1529 1928 1581 tinem
1980 1529 2105 1599 epi-

413 1621 572 1673 stola:
604 1620 682 1673 ita
712 1618 867 1673 dicit.

1030 1705 1254 1761 CAPUT
1304 1706 1481 1759 XLVI.

483 1813 634 1879 Quod
658 1829 823 1882 opera
857 1813 993 1867 bona
1016 1817 1251 1881 prosunt
1279 1819 1327 1865 et
1356 1828 1476 1866 vere
1504 1813 1767 1866 hominem
1798 1812 2031 1867 salvam.

1102 1934 1416 1975 RABANUS.

482 2048 509 2075 «
564 2025 859 2089 Quomodo
909 2025 1003 2079 isti
1050 2026 1340 2096 vaniloqui
1398 2024 1678 2095 garriunt,
1741 2024 1893 2095 quod
1962 2023 2109 2077 nihil

409 2114 592 2187 prosit
619 2113 839 2168 homini
869 2120 1021 2168 recta
1052 2114 1192 2167 ﬁdes
1224 2120 1279 2167 et
1319 2114 1466 2167 bona
1496 2113 1781 2183 operatio;
1831 2113 2107 2183 quoniam

411 2203 522 2256 nisi
551 2203 992 2273 prazdestinatus
1015 2203 1086 2255 sit
1118 2203 1266 2272 quis,
1296 2219 1407 2255 non
1431 2203 1618 2255 veniat
1644 2204 1713 2255 ad
1746 2202 1943 2268 vitam,
1977 2217 2107 2255 cum

411 2291 839 2361 praedestinatio
874 2291 1016 2344 nihil
1072 2291 1224 2346 aliud
1279 2292 1351 2344 sit
1383 2291 1491 2343 nisi
1540 2290 1667 2344 vitae
1700 2290 1953 2356 donatio,
1995 2307 2106 2343 non

412 2380 754 2450 perditionis
785 2379 1076 2433 damnatio
1100 2380 1127 2433 ?
1153 2380 1308 2433 Unde
1350 2379 1647 2432 manifeste
1678 2378 1969 2448 Scriptura
2018 2379 2105 2432 di-

414 2469 489 2521 cit
520 2485 533 2521 :
574 2490 595 2517 ι
636 2470 782 2521 Deus
810 2474 1056 2521 mortem
1098 2483 1214 2520 non
1244 2468 1392 2533 fecit,
1434 2484 1533 2521 nec
1579 2469 1804 2521 laetatur
1832 2468 1890 2520 in
1922 2468 2109 2537 perdi-

412 2558 567 2610 tione
609 2558 885 2611 vivorum.
948 2558 1170 2610 Creavit
1224 2557 1376 2610 enim
1434 2562 1500 2609 ut
1558 2562 1745 2610 essent
1793 2557 2003 2620 omnia,
2053 2560 2110 2610 et

413 2644 699 2698 sanabiles
734 2645 869 2697 fecit
914 2645 1172 2697 nationes
1214 2644 1368 2698 orbis
1402 2648 1681 2697 terrarum
1714 2644 1861 2713 (Sap.
1919 2662 1954 2711 ι,
2021 2646 2103 2710 13,

418 2734 528 2801 14),
563 2754 590 2782 ››
624 2739 680 2786 et
712 2750 815 2803 per
858 2733 1195 2803 prophetam
1230 2734 1349 2802 ipse
1401 2734 1675 2787 Dominus
1723 2733 1800 2785 ait
1832 2750 1842 2785 :
1908 2754 1936 2781 «
1969 2734 2108 2787 Nolo

415 2828 657 2876 mortem
728 2822 1061 2893 peccatoris,
1132 2822 1229 2875 sed
1290 2826 1351 2875 ut
1430 2826 1794 2875 convertatur
1850 2827 1905 2875 et
1960 2822 2109 2875 vivat

414 2912 628 2980 (Ezech.
691 2927 882 2978 xxxui,
959 2912 1062 2977 11).
1119 2932 1145 2958 ››
1208 2911 1266 2965 Si
1335 2916 1526 2964 autem
1594 2927 1710 2964 non
1785 2912 1904 2964 vult
1959 2912 2108 2964 Deus

411 3007 657 3053 mortem
692 3000 855 3069 impii
886 3006 942 3052 et
970 2999 1299 3069 peccatoris,
1357 3000 1642 3070 quomodo
1680 2999 2108 3069 praedestinavit

411 3104 543 3142 eum
560 3088 631 3142 ad
655 3087 936 3141 mortem?
965 3090 1103 3141 Cum
1137 3088 1281 3141 nihil
1313 3088 1467 3141 aliud
1498 3089 1622 3157 ejus
1652 3088 1725 3140 sit
1758 3089 1900 3141 velle
1931 3105 2105 3159 quam

408 3179 842 3248 praedestinare,
877 3194 1043 3231 causa
1084 3178 1237 3230 enim
1281 3178 1540 3231 omnium
1601 3194 1791 3231 rerum
1847 3179 2107 3231 voluntas

411 3272 497 3321 est
540 3267 640 3320 Dei
672 3268 911 3337 ejusque
958 3266 1140 3319 facere
1188 3267 1327 3319 velle
1361 3272 1465 3332 est,
1499 3282 1603 3318 nec
1628 3266 1871 3335 simplex
1902 3271 2107 3320 natura

410 3356 662 3426 aliquam
694 3354 1155 3408 contrarietatem
1190 3355 1247 3407 in
1299 3370 1356 3406 se
1390 3355 1579 3419 habet,
1620 3354 1714 3407 sed
1749 3354 1954 3407 «idem
1990 3355 2107 3408 Do—

411 3446 601 3498 minus
646 3444 907 3497 omnium
939 3442 1094 3496 dives
1127 3447 1232 3509 est,
1281 3442 1338 3494 in
1372 3442 1639 3495 omnibus
1692 3443 1791 3512 qui
1841 3443 2108 3497 invocant

410 3532 575 3585 illum
609 3532 779 3599 (Rom.
830 3547 884 3597 x,
924 3531 1025 3599 12).
1061 3550 1087 3577 ››
1141 3529 1335 3598 Itaque
1390 3529 1816 3598 praedestinatio
1849 3530 1909 3583 in
1956 3531 2105 3585 bono

410 3619 642 3689 legitur,
686 3634 799 3670 non
831 3617 891 3669 in
920 3617 1090 3671 malo.
1130 3616 1285 3670 Unde
1327 3616 1465 3670 dicit
1500 3618 1838 3687 Apostolus:
1898 3639 1925 3666 ‹‹
1958 3618 2106 3682 Quos

408 3707 714 3778 prtescivit,
750 3712 806 3759 et
861 3705 1291 3776 praedestinavit
1344 3706 1672 3760 conformes
1726 3708 1851 3761 ﬁeri
1899 3708 2104 3779 imagi-

411 3796 499 3850 nis
536 3796 661 3849 Filii
704 3795 810 3861 sui,
854 3800 913 3847 ut
947 3795 1017 3847 sit
1047 3794 1167 3863 ipse
1200 3794 1614 3864 primogenitus
1662 3795 1721 3848 in
1762 3797 1958 3849 multis
1992 3796 2103 3849 fra-

410 3885 613 3939 tribus.
667 3885 817 3947 Quos
875 3888 1062 3937 autem
1115 3883 1553 3953 prmdestinavit,
1615 3885 1719 3937 hos
1766 3890 1821 3938 et
1859 3886 2101 3948 vocavit,

412 3978 469 4028 et
525 3990 667 4044 quos
716 3973 956 4039 vocavit,
1008 3972 1137 4025 illos
1189 3976 1245 4024 et
1292 3972 1653 4041 justiﬁcavit;
1718 3989 1857 4044 quos
1912 3984 2103 4027 autem

403 4063 759 4133 justiﬁcavit,
819 4063 945 4115 illos
1024 4066 1081 4114 et
1165 4061 1508 4131 gloriﬁcavit
1568 4064 1736 4130 (Rom.
1816 4079 1932 4123 vui,
2013 4065 2102 4127 29,

412 4151 521 4222 30).
559 4174 584 4200 υ
628 4152 771 4204 Nota
818 4150 971 4221 quod
1004 4149 1183 4203 dicit:
1222 4172 1240 4195 α
1295 4150 1447 4213 Quos
1505 4150 1947 4219 prwdestinaxiit,
2003 4150 2105 4203 hos

412 4243 468 4292 et
494 4239 743 4304 vocavit;
781 4258 808 4287 ιι
842 4254 956 4291 non
989 4254 1136 4307 quos
1182 4238 1627 4307 praedestinavit,
1666 4237 1790 4291 illos
1838 4244 1891 4291 et
1936 4238 2103 4291 dam-

412 4328 601 4392 navit;
645 4326 857 4380 amavit
903 4326 1057 4378 enim
1104 4326 1289 4379 bonus
1318 4326 1497 4379 factor
1552 4333 1869 4380 creaturam
1919 4344 2102 4396 suam,

411 4430 516 4467 nec
547 4415 834 4468 immerito
861 4414 1109 4484 aliquam
1135 4414 1386 4468 damnat.
1415 4416 1489 4468 De
1521 4432 1633 4485 quo
1662 4416 1798 4469 alibi
1829 4416 2105 4487 scriptum

413 4507 541 4557 est:
581 4524 602 4551 α
641 4502 924 4558 Misereris
966 4502 1245 4568 omnium,
1295 4503 1551 4569 Domine,
1604 4508 1659 4556 et
1712 4503 1856 4556 nihil
1934 4502 2105 4557 odisti

413 4607 613 4646 eorum
658 4606 786 4662 qum
844 4590 1045 4655 fecisti,
1100 4590 1466 4645 dissimulans
1518 4595 1746 4661 peccata
1802 4591 2103 4645 hominum

412 4688 647 4753 propter
698 4680 1114 4750 paenitentiam,
1166 4685 1222 4733 et
1279 4696 1517 4750 parcens
1570 4681 1668 4749 eis,
1725 4681 1860 4751 quia
1923 4686 1982 4734 tu
2047 4696 2106 4733 es

413 4770 563 4823 Deus
595 4768 997 4823 universorum
1028 4768 1182 4837 (Sap.
1215 4784 1289 4835 χι,
1332 4770 1421 4835 24,
1450 4770 1558 4839 25).
1600 4792 1627 4819 ››

1070 4890 1446 4929 RESPONSIO.

485 4966 563 5020 De
600 4965 687 5019 his
736 4963 1021 5030 omnibus,
1065 4962 1199 5034 quia
1232 4964 1411 5015 multa
1461 4964 1580 5033 jam
1635 4962 1897 5034 superius
1956 4963 2107 5018 dicta

413 5060 563 5121 sunt,
599 5070 713 5107 non
738 5059 823 5107 est
852 5052 1067 5106 diutius
1107 5052 1506 5115 laborandum,
1538 5052 1635 5105 sed
1666 5057 1890 5105 tantum
1925 5069 2107 5121 pauca

414 5160 483 5199 ex
513 5143 594 5197 eis
644 5158 774 5212 quae
822 5139 1285 5193 consideratione
1335 5140 1599 5209 indigent
1649 5140 1896 5193 breviter
1953 5141 2102 5194 desi-

413 5232 662 5305 gnanda.
708 5231 905 5301 Itaque
952 5229 1009 5282 in
1037 5244 1104 5281 eo
1139 5228 1293 5298 quod
1337 5228 1416 5280 ait
1452 5250 1471 5274 ι
1515 5228 1855 5298 vaniloquos
1917 5230 2105 5283 dicere

414 5322 565 5392 quod
599 5319 741 5373 nihil
773 5317 955 5388 prosit
982 5316 1207 5370 homini
1243 5321 1395 5369 recta
1429 5316 1568 5369 ﬁdes
1600 5322 1654 5369 et
1694 5317 1845 5371 bona
1900 5334 2104 5387 opera-

414 5409 523 5474 tio;
557 5407 851 5478 quoniam,
882 5406 994 5459 nisi
1023 5405 1463 5475 praedestinatus
1487 5404 1560 5457 sit
1587 5404 1737 5475 quis,
1771 5420 1884 5457 non
1914 5406 2107 5459 veniat

417 5494 487 5547 ad
514 5495 707 5561 vitam,
734 5518 761 5544 »
794 5509 991 5549 verum
1004 5498 1087 5547 est
1108 5491 1344 5546 omnino
1362 5490 1515 5561 quod
1539 5490 1643 5544 soli
1674 5491 1758 5545 illi
1782 5492 2019 5546 veniunt
2036 5493 2105 5547 ad

1547 228 1599 281 S.
1646 225 1915 280 REMIGII
1950 224 2432 282 LUGDUNENSIS
2462 223 2773 281 EPISCOPI

3771 228 3907 278 1064

1240 366 1558 415 metuentes
1612 378 1727 414 non
1784 361 2103 431 interroga-
2146 367 2191 414 A
2214 360 2389 414 vitam
2420 361 2517 431 qui
2552 360 2824 414 divinitus
2850 360 3015 414 electi
3052 364 3183 414 sunt
3213 366 3270 413 et
3302 360 3715 430 praedestinati.
3751 364 3911 417 Sicut

2217 456 2410 519 aperte
2452 450 2723 519 praedicat
2786 452 2841 502 et
2904 448 3208 503 conﬁrmat
3265 450 3590 518 Apostolus,
3666 452 3905 506 dicens:

2220 562 2241 587 (
2272 539 2418 602 Quia
2448 555 2591 609 quos
2624 538 2928 608 praescivit,
2963 543 3019 591 et
3052 537 3513 608 praedestinavit;
3548 554 3689 608 quos
3711 544 3906 591 autem

2213 628 2660 697 praedestinavit,
2704 629 2807 681 hos
2838 633 2892 679 et
2940 627 3181 680 vocavit.
3224 627 3289 679 Et
3334 643 3477 697 quos
3526 628 3762 687 vocavit,
3809 628 3911 679 hos

2214 717 2655 785 ctjustiﬁcavit;
2689 733 2832 786 quos
2864 722 3058 769 autem
3101 715 3449 785 justiﬁcavit,
3503 716 3634 769 illos
3689 722 3747 768 et
3783 733 3907 769 ma-

2214 804 2521 873 gniticavit.
2566 827 2585 851 ι
2628 804 2694 859 Hi
2742 809 2875 857 sunt
2905 805 3003 875 qui
3051 804 3289 857 omnino
3323 804 3559 857 veniunt
3605 804 3677 857 ad
3710 806 3907 857 vitam.

2217 891 2292 944 De
2324 891 2530 961 quibus
2560 889 2679 960 ipse
2717 890 2991 943 Dominus
3032 890 3335 959 promittit,
3374 890 3605 943 dicens:
3642 913 3670 938 ‹‹
3706 892 3771 943 Et
3803 906 3911 959 ego

2214 980 2387 1032 vitam
2422 985 2694 1031 mternam
2725 978 2795 1031 do
2828 979 2926 1045 eis,
2959 984 3015 1031 et
3043 994 3163 1031 non
3214 979 3485 1047 peribunt
3514 978 3575 1031 in
3622 984 3909 1032 aeternum

2215 1068 2389 1138 (Joan.
2425 1084 2479 1133 x,
2510 1068 2622 1135 28).
2654 1088 2681 1115 ››
2718 1068 2891 1120 Recta
2936 1070 3127 1120 autem
3159 1066 3302 1120 ﬁdes
3349 1071 3403 1119 et
3450 1066 3599 1119 bona
3648 1069 3912 1136 operatio

2215 1158 2378 1221 absit,
2413 1161 2474 1211 ut
2505 1157 2808 1227 quisquam
2837 1155 3096 1210 ﬁdelium
3122 1156 3289 1220 dicat,
3310 1156 3443 1226 quia
3466 1156 3607 1209 nihil
3640 1156 3867 1226 prosint
3897 1174 3908 1209 :

2214 1262 2347 1300 vere
2378 1246 2588 1299 etenim
2619 1250 2859 1315 prosunt
2888 1250 2944 1299 et
2971 1261 3098 1298 vere
3128 1244 3419 1298 hominem
3445 1246 3667 1298 salvant
3692 1246 3739 1297 si
3768 1246 3913 1298 illud

2216 1336 2296 1389 eis
2328 1335 2675 1404 adjungatur
2704 1334 2855 1404 quod
2890 1334 3167 1387 Dominus
3207 1334 3377 1387 dicit:
3414 1356 3440 1381 ι(
3487 1334 3593 1397 Qui
3636 1350 3913 1403 perseve-

2218 1424 2429 1477 raverit
2455 1439 2633 1492 usque
2663 1422 2721 1475 in
2770 1422 2966 1487 ﬁnem,
3002 1422 3093 1475 hic
3139 1422 3327 1475 salvus
3366 1423 3473 1475 erit
3503 1424 3725 1491 (Matth.
3761 1440 3910 1485 niv,

2220 1516 2327 1581 13).
2364 1534 2382 1559 ι
2419 1512 2659 1566 Securus
2706 1511 2898 1581 itaque
2948 1511 3130 1564 ﬁdelis
3181 1512 3371 1576 homo,
3426 1516 3483 1564 et
3517 1516 3670 1564 recte
3717 1512 3912 1565 credat

2217 1610 2273 1654 et
2299 1601 2449 1655 bene
2502 1605 2788 1670 operetur,
2832 1599 2967 1668 quia
2998 1598 3044 1651 si
3078 1599 3133 1651 in
3164 1598 3252 1651 his
3288 1599 3531 1651 ﬁdeliter
3576 1615 3913 1668 persevera-

2216 1687 2380 1753 verit,
2414 1687 2536 1739 sine
2568 1686 2741 1739 dubio
2774 1687 2961 1739 salvus
2989 1684 3115 1751 erit,
3159 1690 3215 1739 et
3241 1686 3311 1739 ad
3352 1686 3665 1740 electorum
3714 1703 3914 1740 nume—

2216 1792 2343 1829 rum
2387 1774 2715 1845 pertinebit.
2764 1774 2921 1838 Quod
2954 1791 3081 1827 vero
3128 1774 3220 1827 hic
3270 1775 3517 1844 positum
3566 1780 3670 1837 est,
3710 1776 3915 1838 «Quia

2216 1863 2643 1933 praedestinatio
2676 1862 2820 1915 nihil
2854 1863 3007 1916 aliud
3040 1863 3114 1916 sit
3160 1863 3268 1916 nisi
3321 1863 3446 1915 vitae
3482 1863 3743 1929 donatio,
3796 1880 3912 1916 non

2218 1952 2559 2023 perditionis
2591 1952 2904 2004 damnatio.
2943 1972 2969 2001 ι)
3001 1951 3234 2005 Videtur
3263 1953 3425 2005 nobis
3459 1969 3576 2005 non
3610 1953 3690 2005 ita
3720 1969 3753 2004 a
3779 1969 3915 2005 san-—

2216 2046 2305 2094 cto
2339 2040 2652 2111 Augustino
2686 2040 2901 2093 dictum
2932 2043 3013 2093 vel
3047 2041 3383 2105 deﬁnitum;
3420 2043 3517 2111 qui
3551 2042 3913 2111 distinguens

2217 2129 2366 2182 inter
2394 2129 2961 2199 przedestinationem
3004 2135 3061 2182 et
3090 2130 3354 2198 gratiam,
3390 2129 3467 2182 ita
3497 2130 3593 2193 ait,
3630 2130 3719 2199 (de
3762 2132 3913 2183 Pre-

2217 2218 2352 2271 dest.
2385 2224 2581 2283 sanct.,
2617 2235 2741 2287 cap.
2782 2220 2863 2285 10)
2890 2234 2903 2271 :
2940 2216 3398 2288 [Praedestinatio
3426 2222 3509 2271 est
3544 2224 3747 2287 gratias
3779 2234 3916 2287 prae-

2216 2307 2477 2377 paratio;
2513 2307 2693 2375 gratia
2737 2323 2867 2359 vero
2910 2312 2993 2359 est
3036 2308 3157 2376 jam
3204 2306 3326 2373 ipsa
3374 2305 3645 2377 donatio]
3693 2307 3757 2359 Et
3790 2312 3913 2376 post

2215 2411 2393 2465 pauca
2445 2411 2569 2464 quae
2622 2395 2983 2464 interposuit,
3036 2396 3293 2449 eamdem
3343 2394 3913 2465 przedestinationem

2218 2482 2472 2535 divinam
2522 2482 2824 2553 dupliciter
2870 2484 3256 2553 accipiendam
3310 2499 3451 2548 esse,
3502 2482 3558 2536 id
3610 2489 3697 2535 est
3742 2487 3799 2535 et
3858 2482 3915 2533 in

2216 2572 2368 2624 bono
2396 2573 2579 2637 electi,
2614 2572 2713 2641 qui
2758 2573 2932 2641 gratis
2975 2572 3365 2641 praedestinati
3409 2577 3542 2624 sunt
3590 2571 3659 2623 ad
3696 2571 3911 2631 vitam;

2217 2665 2273 2713 et
2303 2659 2363 2713 in
2417 2662 2565 2713 malo
2615 2661 2845 2730 reprobi
2896 2660 2996 2730 qui
3039 2660 3195 2730 juste
3243 2660 3634 2730 praedestinati
3687 2666 3821 2712 sunt
3844 2660 3913 2713 ad

2215 2764 2468 2818 poenam,
2500 2749 2580 2802 ita
2611 2749 2745 2803 dicit
2790 2749 2994 2818 (Ibid.)
3031 2764 3044 2802 :
3097 2748 3550 2817 [Praedestinaﬁo
3587 2748 3767 2818 igitur
3817 2749 3912 2802 Dei

2218 2853 2346 2907 quae
2368 2838 2423 2890 in
2458 2839 2608 2891 bono
2641 2843 2744 2905 est,
2779 2838 2979 2907 gratiae
3007 2841 3108 2903 est,
3144 2842 3205 2891 ut
3235 2838 3349 2892 dixi
3378 2838 3767 2907 praeparatio.)

2147 2940 2187 2994 ί]
2290 2926 2430 2979 Item
2465 2925 2619 2995 quod
2650 2925 2924 2996 proponit
2953 2932 3009 2978 et
3039 2926 3213 2979 dicit:
3249 2949 3275 2975 ‹‹
3307 2926 3363 2980 Si
3404 2933 3597 2979 autem
3647 2943 3761 2979 non
3796 2927 3914 2980 vult

2220 3015 2364 3068 Deus
2400 3020 2642 3067 mortem
2674 3013 2839 3084 impii
2888 3020 2945 3067 et
2990 3014 3319 3083 peccatoris,
3367 3014 3658 3084 quomodo
3688 3015 3914 3083 praede-

2217 3102 2391 3155 stinat
2416 3119 2549 3155 eum
2582 3102 2651 3156 ad
2683 3109 2946 3156 mortem.
2980 3123 3006 3153 ››
3050 3104 3339 3167 Quantum
3386 3104 3671 3173 pusillitas
3715 3110 3912 3156 nostra

2215 3191 2422 3261 potuit,
2452 3193 2571 3261 jam
2606 3193 2871 3261 superius
2897 3197 2980 3246 est
3012 3197 3315 3245 tractatum
3342 3208 3355 3257 ;
3392 3197 3444 3246 et
3473 3209 3624 3245 nunc
3663 3191 3911 3245 breviter

2217 3280 2494 3334 dicimus:
2554 3283 2689 3351 quia
2740 3282 2881 3335 illud
2926 3297 3041 3334 non
3098 3282 3218 3334 vult
3248 3303 3275 3329 ‹‹
3321 3282 3572 3334 bonitate
3631 3281 3909 3334 Condito—

2214 3369 2366 3437 ris,»
2422 3369 2572 3423 istud
2615 3373 2807 3423 autem
2860 3369 2992 3423 facit
3023 3391 3049 3418 ‹‹
3093 3370 3309 3439 judicis
3348 3370 3641 3439 aequitate,
3680 3389 3707 3418 ιι
3763 3376 3825 3423 ut
3856 3374 3909 3423 et

2216 3458 2432 3511 salvare
2456 3457 2591 3511 velit
2620 3458 2773 3528 quod
2804 3458 3034 3524 creavit,
3069 3464 3124 3511 et
3150 3463 3342 3512 tamen
3382 3465 3657 3512 creatura:
3706 3459 3907 3511 vitium

2216 3562 2333 3600 non
2365 3546 2653 3617 relinquat
2699 3548 3075 3617 impunitum.
3123 3547 3283 3611 Quod
3333 3564 3465 3601 vero
3512 3548 3812 3617 subjungit
3857 3554 3909 3601 et

2216 3636 2389 3689 dicit:
2427 3655 2454 3686 «
2490 3637 2685 3706 Itaque
2718 3636 3149 3706 praedestinatio
3181 3637 3238 3689 in
3262 3638 3409 3691 bono
3438 3636 3667 3706 legitur,
3702 3653 3818 3689 non
3853 3637 3909 3688 in

2215 3726 2403 3789 malo;
2442 3747 2461 3771 ι
2495 3725 2646 3778 unde
2678 3725 2813 3778 dicit
2866 3727 3208 3795 Apostolus:
3246 3748 3273 3774 ‹‹
3306 3727 3455 3789 Quos
3508 3726 3814 3795 prmscivit,
3855 3731 3909 3778 et

2216 3813 2644 3882 praedestinavit
2687 3814 3007 3868 conformes
3073 3815 3199 3867 ﬁeri
3247 3814 3515 3883 imaginis
3565 3814 3691 3867 Filii
3741 3815 3845 3867 sui.
3883 3830 3904 3865 ι

2215 3902 2547 3956 Consideret
2578 3903 2884 3972 diligenter
2920 3904 3083 3971 (sicut
3130 3904 3251 3973 jam
3298 3921 3467 3974 supra
3518 3904 3908 3974 multipliciter

2215 3990 2378 4044 nobis
2401 3990 2681 4045 offensum
2708 3993 2830 4059 est),
2865 3992 3001 4061 quia
3025 3992 3080 4044 in
3112 3992 3318 4045 divinis
3341 3992 3647 4061 Scripturis
3682 4009 3795 4045 non
3828 3998 3905 4045 est

2216 4079 2563 4149 exigendum
2596 4088 2659 4134 ut
2685 4081 3012 4151 ubicunque
3063 4098 3152 4135 res
3204 4080 3729 4151 praedestinationis
3781 4082 3905 4134 dici-

2213 4172 2324 4233 tur,
2362 4169 2535 4222 etiam
2576 4170 2763 4238 ipsum
2801 4186 3012 4222 nomen
3042 4170 3559 4239 praedestinationis
3594 4171 3821 4239 proprie
3851 4174 3903 4219 et

2144 4255 2186 4308 D
2218 4273 2479 4326 expresse
2538 4258 2788 4328 positum
2844 4260 3105 4328 legatur;
3147 4258 3243 4311 sed
3290 4259 3619 4329 ubicunque
3666 4274 3759 4311 res
3790 4259 3901 4328 ipsa

2215 4345 2529 4398 certissime
2560 4346 2739 4415 posita
2770 4345 3077 4412 invenitur,
3108 4346 3449 4416 regulariter
3470 4346 3897 4409 observandum,

2216 4434 2365 4503 quod
2418 4434 2589 4487 etiam
2639 4434 2808 4487 tacito
2856 4435 3375 4503 praedestinationis
3425 4437 3658 4488 nomine
3706 4436 3900 4488 rectis-

2215 4522 2357 4575 sime
2397 4522 2822 4591 prazdestinatio
2860 4523 3233 4592 intelligatur.
3272 4525 3412 4577 Nam
3447 4540 3491 4576 ει
3536 4524 3726 4593 ipsum
3760 4539 3899 4593 prte-

2216 4610 2615 4664 destinationis
2646 4628 2858 4665 nomen
2890 4613 3122 4682 proprie
3170 4613 3421 4682 positum
3461 4613 3763 4678 exigimus,
3806 4628 3900 4663 nec

2216 4699 2275 4753 in
2305 4699 2417 4752 illis
2447 4700 2790 4753 testimoniis
2839 4701 3210 4770 propheticis.
3240 4718 3302 4755 ex
3351 4702 3558 4771 quibus
3606 4702 3899 4772 Apostolus

2216 4788 2783 4858 praedestinationem
2830 4789 3080 4842 divinam
3137 4795 3193 4842 et
3235 4805 3369 4859 erga
3420 4791 3633 4844 electos
3676 4796 3731 4842 et
3776 4803 3899 4856 erga

2219 4876 2495 4945 reprobos
2544 4877 2845 4946 approbat,
2899 4878 3051 4930 istud
3102 4894 3312 4931 nomen
3364 4878 3652 4931 ullatenus
3691 4879 3897 4931 inveni-

2219 4981 2381 5032 mus;
2418 4971 2473 5019 et
2518 4970 2709 5019 tamen
2767 4966 2923 5036 quod
2967 4966 3283 5019 clarissima
3327 4983 3521 5020 rerum
3575 4966 3900 5021 certitudine

2215 5054 2514 5125 approbat,
2550 5054 2799 5108 ﬁdeliter
2829 5055 3059 5107 credere
3092 5071 3209 5107 non
3249 5055 3598 5109 dubitamus.

2828 5096 3059 5197 ἔᾹὲὗὶ
3089 5096 3598 5198 ἓὶἶίιῖ.“”““’“”’
3695 5096 3822 5203 ίιῗ

2639 5232 2850 5299 Septem
2891 5232 3106 5285 Rabanz‘
3145 5232 3481 5299 objecti'ones.

2287 5318 2560 5389 Sequitur
2590 5326 2719 5389 post
2747 5319 2869 5372 haec
2899 5320 3094 5373 omnia
3119 5320 3178 5371 in
3209 5321 3324 5374 ﬁne
3355 5320 3644 5390 epistolas:

2904 5422 3222 5463 RABANUS.

2294 5516 2317 5544 ι
2354 5495 2652 5566 Multiplici
2683 5512 2818 5568 ergo
2852 5503 3017 5551 reatu
3048 5498 3153 5551 iste
3184 5496 3617 5568 constringitur,
3650 5495 3745 5567 qui
3773 5510 3900 5565 pra:-
