4108 6190
224 264 362 339 mes

1438 290 1643 346 LIBER
1686 292 1774 346 DF.
1815 292 2064 349 TRIBUS
2104 293 2478 349 EPISTOHS.

3588 301 3723 353 1066

220 418 619 471 destinationis
646 419 859 472 bonum
914 418 968 471 in
1018 435 1254 488 pravum
1306 437 1534 473 sensum
1586 429 1920 476 convertens
1959 432 2002 481 A
2036 442 2139 478 nec
2163 425 2372 477 frustra
2404 430 2457 477 et
2489 425 2611 477 sine
2641 442 2809 478 causa
2849 425 2942 478 ille
2970 441 3113 495 Opus
3155 442 3319 480 suum
3354 427 3605 481 decernit
3633 430 3722 483 in-

220 507 484 559 nefandis
512 509 869 560 sermonibus
894 509 1293 577 blaspliemare
1322 512 1637 579 praesumit.

295 614 324 645 α
370 596 578 659 Primo,
626 597 776 665 quod
824 598 1158 650 Creatorum
1214 614 1400 662 suum,
1444 599 1544 667 qui
1576 604 1660 652 est
1699 616 1922 654 summe

222 684 431 747 bonus,
483 685 812 738 malivolum
865 702 1031 738 ausus
1067 691 1150 738 est
1198 686 1404 751 dicere,
1462 703 1527 739 eo
1576 688 1728 757 quod
1782 705 1923 758 opus

221 787 391 823 suam
424 772 634 825 frustra
667 777 721 823 et
752 773 871 825 sine
903 789 1072 825 causa
1098 775 1362 826 decernat
1394 775 1651 827 interire.

294 882 322 908 ‹‹
356 860 639 927 Secundo,
676 863 828 932 quod
862 862 1045 931 ipsam
1078 863 1374 915 veritatem
1416 863 1671 916 fallacem
1720 864 1924 917 nititur

220 965 499 1014 asserere,
548 966 675 1020 quas
706 966 809 1020 per
850 950 1167 1021 Scripturas
1213 967 1397 1003 sacras
1448 957 1598 1005 recte
1633 952 1921 1006 credenti-

219 1038 329 1091 bus
362 1042 417 1091 et
444 1038 590 1091 bene
622 1038 994 1108 operantibus
1035 1044 1266 1093 aeterna:
1314 1041 1443 1092 vitae
1478 1040 1724 1109 spondet
1772 1056 1918 1109 pra:-

221 1126 339 1180 mia
367 1144 379 1192 ;
406 1132 464 1180 et
483 1128 848 1195 peccantibus
889 1134 1060 1198 atque
1096 1144 1208 1182 non
1257 1129 1666 1198 pcenitentibus
1719 1128 1921 1181 mortis

219 1214 487 1285 priedicit
516 1230 731 1284 pmnas.

296 1303 566 1367 «Tertio,
630 1304 780 1373 quod
826 1304 1045 1373 justum
1103 1304 1358 1373 judicem
1404 1305 1504 1373 qui
1547 1305 1605 1357 in
1651 1305 1919 1374 aequitate

216 1391 579 1459 judicaturus
610 1396 692 1443 est
722 1391 875 1443 vivos
908 1407 971 1444 ac
1010 1396 1265 1444 mortuos
1313 1393 1583 1462 praedicat
1617 1392 1911 1461 injustum,

221 1480 456 1548 quando
491 1479 634 1532 bene
686 1480 986 1549 agentibus
1036 1481 1273 1549 praemia
1320 1486 1376 1533 et
1420 1482 1566 1533 male
1617 1481 1920 1550 agentibus

220 1550 511 1621 tormenta
538 1584 667 1621 eum
699 1584 815 1620 non
846 1569 1085 1623 reddere
1116 1570 1384 1622 affirmat.

296 1675 323 1703 ι(
360 1654 598 1720 Quarto,
631 1657 783 1725 quod
825 1657 1263 1725 Redemptorem
1309 1657 1506 1710 mundi
1545 1658 1753 1709 frustra
1782 1671 1918 1708 san-—

220 1743 461 1813 guinem
494 1760 660 1797 suum
701 1744 909 1797 fudisse
947 1761 1062 1798 non
1109 1746 1275 1798 timet
1310 1763 1410 1815 per
1444 1761 1699 1797 errorem
1751 1761 1916 1797 suum

222 1832 463 1902 ﬁngere,
534 1833 764 1903 quando
811 1833 871 1885 in
920 1850 977 1886 se
1034 1834 1395 1887 credentibus
1451 1840 1507 1887 et
1554 1834 1917 1903 sperantibus

219 1927 464 1990 propter
529 1922 1048 1990 praedestinationis
1105 1922 1498 1976 necessitatem
1569 1938 1683 1975 non
1743 1922 1917 1991 possit

220 2009 552 2062 subvenire.

298 2118 325 2146 α
362 2098 595 2163 Quinto,
626 2098 779 2167 quod
812 2097 1029 2151 invidet
1057 2097 1223 2151 bonis
1247 2099 1465 2167 angelis
1488 2114 1686 2151 eorum
1722 2113 1919 2151 nume-

220 2202 377 2251 rum,
415 2202 586 2256 quem
622 2186 882 2240 diabolus
912 2203 1013 2256 per
1043 2187 1369 2255 superbiam
1393 2203 1664 2240 corruens
1688 2186 1916 2252 minuit,

220 2275 575 2331 Salvatorem
633 2280 889 2329 nostrum
968 2291 1070 2347 per
1140 2276 1440 2329 hominum
1528 2275 1916 2330 conditionem

218 2364 561 2434 adimplere.

298 2475 325 2502 ‹‹
360 2453 550 2521 Sexto,
587 2452 742 2521 quod
793 2451 976 2522 magis
1027 2452 1177 2506 favet
1225 2468 1325 2505 sua
1375 2452 1645 2523 opinione
1691 2451 1919 2506 diabolo

222 2558 400 2613 quam
436 2544 574 2606 Deo,
610 2557 740 2595 cum
770 2542 838 2595 ad
868 2543 989 2610 ejus
1020 2541 1357 2611 perditionis
1388 2546 1599 2594 sortem
1628 2541 1798 2594 tradit
1826 2557 1921 2593 eos

221 2630 536 2701 pertinere,
592 2647 735 2700 quos
786 2630 977 2683 divina
1025 2630 1210 2700 gratia
1261 2628 1510 2683 decrevit
1562 2630 1629 2683 ad
1679 2630 1919 2682 salutem

221 2724 503 2774 aeternam
536 2719 882 2790 pertingere.

300 2831 327 2857 ‹‹
364 2808 637 2877 Septimo,
687 2808 839 2877 quod
871 2806 1047 2860 totius
1098 2806 1337 2860 humani
1389 2806 1614 2875 generis
1652 2806 1921 2859 inimicus

224 2899 299 2949 sit
333 2897 687 2963 manifestus,
720 2912 848 2949 cum
885 2896 1026 2949 illud
1065 2895 1203 2949 dicit
1254 2912 1358 2964 per
1401 2894 1609 2947 Christi
1663 2894 1836 2947 ﬁdem
1868 2898 1921 2947 et

2032 512 2225 577 terire,
2265 514 2358 567 sed
2404 529 2548 583 quos
2590 514 2885 567 verissime
2924 516 3207 584 prmscivit
3257 515 3467 584 impios
3516 523 3572 571 et
3622 519 3725 571 ini-

2031 616 2175 670 quos
2210 602 2449 665 futuros,
2483 605 2538 653 et
2569 601 2625 653 in
2677 618 2777 654 sua
2823 602 3115 671 impietate
3160 608 3215 655 et
3248 603 3549 674 iniquitate
3588 622 3722 675 per-

2034 705 2333 742 mansuros
2380 689 2551 759 justis
2601 696 2656 743 et
2718 691 3047 744 rectissimis
3112 692 3290 744 causis
3356 693 3605 747 decrevit
3669 700 3725 748 et

2032 778 2248 844 statuit,
2304 783 2358 831 et
2409 777 2829 847 praedestinavit
2877 780 3181 847 perituros.
3236 780 3391 833 Sicut
3440 781 3559 850 ipse
3606 784 3719 836 ait:

2032 888 2057 913 ‹‹
2104 866 2213 929 Qui
2260 866 2575 935 peccaverit
2628 866 2791 932 mihi,
2841 866 3041 920 delebo
3094 884 3225 921 eum
3276 869 3343 921 de
3392 869 3541 922 libro
3595 886 3722 924 meo

2032 955 2241 1023 (Exod.
2272 970 2444 1019 xxxu,
2482 957 2587 1021 33).
2629 976 2648 1001 ι

2098 1042 2195 1096 Ad
2224 1044 2530 1096 secundum.
2572 1074 2638 1081 —-
2684 1044 2793 1095 Nec
2824 1042 2925 1112 qui
2971 1043 3536 1112 praedestinationem
3570 1046 3722 1101 divi-

2029 1146 2163 1183 nam
2208 1130 2267 1183 in
2298 1136 2604 1201 utramque
2637 1135 2881 1199 partem,
2916 1130 2972 1184 id
3005 1135 3089 1183 est
3128 1136 3182 1183 et
3207 1133 3519 1187 electorum
3548 1138 3602 1187 et
3634 1151 3721 1189 re-

2028 1218 2363 1287 proborum,
2408 1218 2653 1272 ﬁdeliter
2696 1218 2874 1272 credit
2904 1222 2959 1271 et
2998 1218 3320 1284 conﬁtetur,
3366 1221 3549 1290 ipsam
3584 1224 3724 1277 veri-

2028 1310 2204 1360 tatem
2236 1308 2495 1360 fallacem
2536 1306 2741 1360 nititur
2788 1308 3126 1361 ostendere:
3172 1310 3267 1361 sed
3302 1309 3538 1363 omnino
3565 1326 3721 1365 vera-

2030 1410 2150 1448 cem
2181 1399 2236 1447 et
2282 1396 2511 1448 fidelem
2559 1395 2617 1447 in
2666 1395 2931 1448 omnibus
2978 1395 3164 1449 verbis
3205 1396 3343 1463 suis,
3378 1402 3435 1450 et
3472 1403 3723 1451 sanctam

2029 1484 2088 1535 in
2118 1484 2380 1536 omnibus
2414 1484 2684 1553 operibus
2716 1483 2830 1536 suis
2859 1504 2873 1549 ;
2905 1484 3037 1553 quia
3072 1485 3284 1548 electis,
3315 1485 3458 1538 sicut
3498 1487 3725 1555 prinde—

2029 1572 2280 1636 stinavit,
2322 1577 2550 1625 acterna:
2576 1570 2704 1624 vitae
2738 1572 2971 1640 praemia
2999 1572 3243 1640 spondet
3273 1578 3329 1623 et
3358 1573 3563 1625 reddit.
3602 1575 3665 1627 Et
3693 1589 3723 1626 e

2030 1659 2317 1712 contrario
2368 1658 2627 1728 reprobis
2687 1659 3075 1728 peccantibus,
3137 1674 3239 1711 nec
3286 1660 3717 1728 paenitentibus,

2031 1749 2175 1801 sicut
2203 1749 2652 1817 praedestinavit,
2695 1749 2848 1817 justo
2885 1764 2987 1800 suo
3015 1747 3231 1817 judicio
3283 1752 3523 1801 aeternas
3556 1750 3721 1802 retri-

2027 1836 2151 1889 buit
2177 1853 2397 1907 pinnas.

2099 1926 2191 1979 Ad
2246 1928 2480 1978 tertiam.
2534 1956 2600 1964 —
2645 1925 2756 1977 Nec
2795 1925 3014 1994 justum
3060 1924 3313 1993 judicem
3364 1924 3471 1977 ista
3516 1924 3721 1978 divinae

2028 2012 2547 2082 przedestinationis
2614 2013 2818 2081 veritas
2878 2013 3033 2065 velut
3080 2012 3356 2081 injustum
3407 2013 3715 2082 praedicat:

2031 2102 2164 2172 quia
2210 2102 2520 2155 secundum
2575 2117 2700 2154 eam
2750 2107 2807 2154 et
2870 2101 3014 2154 bene
3063 2102 3387 2169 agentibus,
3438 2107 3611 2171 atque
3659 2102 3719 2154 in

2029 2192 2182 2245 bono
2212 2190 2710 2259 perseverantibus
2761 2189 2993 2259 praemia
3041 2190 3453 2255 restituuntur;
3488 2194 3543 2243 et
3575 2191 3720 2243 male

2008 2279 2329 2357 .agentibus
2378 2283 2549 2347 atque
2606 2280 2662 2330 in
2712 2277 2862 2331 malo
2906 2278 3376 2347 permanantibus
3405 2279 3557 2348 juste
3596 2284 3719 2334 tor-

2033 2372 2223 2420 menta
2254 2365 2595 2419 inferuntur.

2101 2455 2194 2509 Ad
2223 2458 2496 2522 quartam.
2540 2485 2606 2491 —
2646 2454 2755 2506 Nec
2798 2453 3245 2523 Redemptorem
3298 2455 3499 2507 mundi
3530 2455 3722 2525 aliqua

2028 2542 2555 2615 prsedestinationis
2617 2557 2732 2594 suae
2796 2543 3100 2595 necessitas
3165 2542 3477 2611 compellit,
3530 2549 3591 2596 ut
3620 2559 3724 2613 per

2031 2633 2344 2702 gloriosum
2378 2630 2674 2699 sanguinis
2698 2630 2784 2682 sui
2821 2631 3071 2699 pretium
3098 2630 3157 2683 in
3188 2646 3246 2682 se
3276 2630 3637 2684 credentibus
3668 2636 3726 2685 et

2032 2720 2391 2790 sperantibus
2437 2718 2740 2772 subvenire
2791 2734 2905 2771 non
2932 2719 3147 2787 possit:
3186 2718 3322 2788 quia
3351 2724 3403 2773 et
3456 2719 3725 2773 omnibus

2032 2806 2224 2859 electis
2252 2805 2370 2858 suis
2399 2804 2496 2857 illo
2528 2805 2711 2874 pretio
2742 2804 2801 2857 in
2832 2811 3112 2857 aeternum
3158 2806 3441 2859 subvenit.
3479 2807 3542 2859 Et
3571 2807 3726 2877 quod

2032 2895 2294 2962 reprobis
2314 2908 2429 2946 non
2456 2893 2736 2959 subvenit,
2760 2894 2866 2962 ipsi
2890 2910 2992 2963 per
3029 2892 3407 2962 impietatem,
3441 2896 3498 2947 et
3518 2894 3726 2964 iniqui-

220 2986 497 3055 baptismi
530 2989 947 3038 sacramentum
989 3001 1018 3037 a
1052 2984 1223 3054 primi
1271 2984 1526 3054 parentis
1574 2983 1756 3053 lapsu,
1790 2999 1920 3052 pro-
1964 2988 2003 3039 C
2031 2986 2206 3035 tatem
2238 2996 2398 3035 suam
2449 2981 2699 3048 pretium
2732 2982 2855 3049 ejus
2906 2982 3227 3051 repellunt:
3258 2998 3400 3052 quos
3432 2988 3488 3035 et
3536 2983 3581 3035 si
3612 2999 3725 3052 po-

220 3073 604 3143 priorumque
646 3074 925 3126 scelerum
959 3078 1141 3139 reatu,
1185 3089 1289 3126 nec
1318 3088 1435 3126 non
1468 3081 1520 3127 et
1568 3072 1637 3125 ab
1668 3072 1920 3125 hostium

222 3166 509 3230 potestate
540 3178 655 3215 non
681 3178 848 3231 posse
880 3161 1024 3225 erui,
1082 3161 1178 3215 sed
1213 3161 1529 3231 obligatum
1580 3160 1750 3213 noxia
1798 3160 1923 3230 opi-

223 3247 351 3301 ﬁcis
385 3247 469 3300 sui
510 3247 1015 3318 prmdestinatione
1046 3247 1105 3300 in
1136 3251 1416 3301 tartarum
1439 3246 1717 3317 demergi.
1751 3265 1779 3293 »

892 3350 1257 3390 RESPONSIO.

300 3423 529 3493 Septem
580 3424 667 3478 his
716 3423 902 3477 verbis
966 3424 1315 3493 objectiones
1378 3423 1492 3477 sive
1563 3422 1925 3477 deﬁnitiones

224 3512 415 3582 ponit,
449 3512 660 3582 quibus
693 3528 831 3577 non,
864 3516 929 3565 ut
966 3511 1088 3582 ipse
1137 3511 1289 3578 dicit,
1347 3511 1813 3582 blasphemantes
1864 3510 1923 3563 in

228 3602 432 3667 Deum,
475 3601 572 3655 sed
617 3601 866 3656 ﬁdeliter
917 3601 1214 3655 credentes
1258 3602 1390 3667 Deo,
1441 3606 1497 3654 et
1548 3600 1827 3654 veraciter
1864 3599 1925 3652 in

226 3687 542 3741 electorum
590 3688 928 3742 liberatione
991 3693 1046 3741 et
1090 3688 1473 3757 reproborum
1557 3688 1926 3742 damnatione

224 3776 681 3831 misericordiam
729 3777 851 3847 ejus
903 3782 959 3830 et
1016 3776 1296 3846 judicium
1369 3778 1706 3830 conﬁtentes
1755 3783 1925 3847 atque

223 3864 547 3930 laudantes,
590 3865 850 3919 falsitatis
895 3871 953 3919 et
1001 3866 1208 3919 erroris
1252 3870 1471 3935 arguat.
1520 3867 1583 3918 Et
1612 3868 1802 3919 tamen
1838 3865 1924 3917 ni-

224 3952 310 4007 hil
340 3969 407 4005 ex
436 3953 526 4006 his
564 3970 693 4023 quae
752 3956 808 4007 in
854 3955 990 4024 ipsis
1048 3960 1266 4023 septem
1324 3953 1754 4007 deﬁnitionibus
1812 3954 1927 4007 suis

225 4042 429 4112 objicit
456 4059 673 4108 verum,
709 4048 807 4095 aut
834 4044 1172 4095 rationabile
1217 4043 1365 4096 valet
1392 4043 1709 4096 ostendere.

300 4130 394 4185 Ad
422 4133 655 4199 primum
678 4132 1041 4198 objectionem.
1074 4160 1143 4169 —-
1194 4132 1370 4184 Nemo
1414 4132 1565 4184 enim
1601 4132 1927 4185 Creatorem

230 4234 404 4272 suum
449 4234 672 4272 summe
700 4219 916 4272 bonum
952 4219 1298 4272 ‘malivolum
1353 4219 1509 4285 dicit,
1560 4220 1715 4289 quod
1759 4219 1925 4284 absit,

2032 3074 2141 3122 test
2172 3071 2265 3121 ille
2296 3070 2531 3133 salvare,
2565 3069 2685 3121 vult
2716 3073 2907 3121 tamen
2936 3069 3159 3139 aliquos
3190 3069 3262 3123 ad
3304 3072 3725 3125 ostendendum

2030 3162 2308 3211 terrorem
2343 3156 2660 3210 severitatis
2689 3172 2827 3222 suae,
2860 3158 3014 3226 justa
3040 3158 3261 3211 ultione
3293 3160 3587 3213 damnare.

2103 3246 2195 3301 Ad
2223 3248 2491 3315 quintam.
2526 3275 2587 3285 —
2622 3246 2735 3299 Nec
2764 3246 2981 3299 invidet
3009 3247 3212 3300 eadem
3258 3247 3465 3300 divinae
3503 3249 3724 3318 praede-

2033 3335 2356 3389 stinationis
2386 3335 2653 3388 severitas
2685 3334 2847 3388 bonis
2892 3334 3132 3402 angelis,
3166 3351 3236 3388 ne
3266 3344 3503 3406 propter
3529 3338 3724 3391 multi-

2032 3424 2291 3478 tudinem
2314 3423 2694 3493 reproborum
2727 3422 2984 3492 quotidie
3012 3424 3379 3492 pereuntium
3400 3440 3518 3477 non
3546 3425 3728 3495 possit

2034 3512 2354 3582 adimpleri,
2411 3516 2468 3565 et
2515 3510 2825 3564 instaurari
2886 3526 3087 3564 eorum
3134 3526 3431 3577 numerus,
3484 3514 3584 3582 qui
3623 3529 3729 3583 per

2034 3602 2265 3655 ruinam
2313 3599 2526 3654 diaboli
2558 3605 2613 3652 et
2653 3599 2993 3665 angelorum
3039 3600 3161 3669 ejus
3209 3604 3294 3654 est
3345 3600 3727 3656 imminutus:

2035 3689 2171 3760 quia
2199 3687 2511 3741 certissime
2555 3687 2710 3740 novit
2749 3687 2890 3739 ﬁdes
2939 3686 3195 3741 ﬁdelium
3228 3693 3414 3742 tantos
3442 3690 3579 3744 illuc
3608 3691 3730 3745 ele-

2034 3780 2151 3830 ctos
2182 3791 2247 3828 ex
2278 3776 2530 3828 humano
2573 3790 2784 3844 genere
2816 3789 3144 3827 assensuros
3175 3781 3420 3844 quantos
3452 3776 3569 3829 illic
3594 3786 3730 3831 con-

2036 3869 2147 3918 stat
2189 3864 2397 3917 electos
2439 3863 2670 3931 angelos
2718 3862 3095 3915 remansisse:
3147 3868 3388 3917 testante
3436 3864 3730 3935 Scriptura

2037 3970 2165 4023 qum
2197 3952 2369 4006 dicit:
2408 3972 2434 4001 «
2468 3950 2674 4005 Statuit
2716 3950 2993 4003 terminos
3034 3951 3292 4020 gentium
3329 3952 3494 4021 juxta
3524 3969 3729 4006 nume-

2038 4059 2165 4096 rum
2198 4042 2531 4111 angelorum
2566 4040 2664 4092 Dei
2695 4040 2880 4108 (Deut.
2914 4056 3084 4104 xxxn,
3117 4041 3191 4109 8).
3224 4060 3251 4090 υ

2109 4131 2196 4185 Ad
2226 4137 2455 4184 sextam.
2485 4160 2553 4167 —
2589 4128 2699 4182 Nec
2737 4129 2920 4196 magis
2954 4129 3101 4182 favet
3130 4130 3253 4182 haec
3301 4130 3729 4200 praedestinatio

2039 4219 2266 4273 diabolo
2301 4233 2472 4287 quam
2508 4218 2641 4283 Deo,
2693 4218 2826 4287 quia
2860 4222 2915 4269 et
2963 4217 3253 4270 diabolum
3284 4218 3544 4288 quotidie
3571 4235 3731 4273 com-

232 4306 400 4378 quasi
435 4308 598 4361 mala:
630 4307 939 4361 voluntatis
964 4308 1036 4360 sit
1066 4323 1201 4377 erga
1227 4312 1544 4360 creaturam
1575 4324 1758 4373 suam,
1794 4308 1928 4377 quia
1971 4296 2011 4348 Ῑ)
2041 4309 2204 4377 pellit
2235 4308 2517 4371 amittere,
2552 4323 2696 4376 quos
2728 4305 2919 4359 divina
2970 4306 3152 4373 gratia
3200 4307 3400 4360 eadem
3435 4309 3733 4378 praedesti-

233 4411 466 4465 semper
495 4397 618 4465 ejus
646 4397 906 4450 voluntas
936 4395 1085 4450 bona
1117 4401 1201 4449 est
1229 4396 1424 4461 bonis;
1459 4411 1588 4465 quae
1620 4400 1677 4449 et
1705 4396 1751 4447 si
1782 4397 1931 4449 mala

233 4485 465 4539 videtur
490 4485 673 4550 malis,
706 4500 934 4555 semper
982 4490 1176 4538 tamen
1205 4484 1358 4553 justa
1393 4488 1498 4550 est,
1528 4488 1586 4537 et
1622 4483 1749 4537 ideo
1783 4485 1933 4537 mala

236 4590 360 4627 esse
395 4589 511 4626 non
554 4578 774 4643 potest;
813 4574 961 4627 unde
1010 4578 1065 4626 et
1112 4573 1404 4642 Scriptura
1455 4572 1524 4625 ad
1574 4587 1706 4625 eum
1756 4571 1929 4625 dicit:

238 4681 267 4714 α
301 4664 449 4717 Cum
481 4667 673 4717 sancto
713 4668 937 4716 sanctus
983 4662 1115 4730 eris,
1148 4666 1203 4715 et
1247 4677 1378 4715 cum
1428 4661 1730 4715 innocente
1776 4661 1936 4715 inno-

238 4767 375 4805 cens
420 4750 547 4804 eris.
598 4751 664 4804 Et
701 4766 831 4803 cum
879 4750 1058 4803 electo
1107 4750 1320 4803 electus
1370 4749 1500 4811 eris,
1553 4754 1774 4802 etcum
1806 4764 1934 4818 per-

239 4855 410 4893 verso
436 4840 783 4908 perverteris
814 4838 990 4908 (Psal.
1040 4854 1174 4905 xvn,
1222 4841 1308 4901 26,
1355 4841 1466 4905 27).
1514 4858 1541 4885 »
1602 4838 1681 4890 De
1727 4837 1938 4907 quibus

241 4925 434 4980 verbis
455 4926 654 4979 beatus
676 4926 1031 4994 Augustinus
1053 4930 1303 4979 tractans
1326 4924 1557 4995 (inpsal.
1586 4926 1748 4994 xvu.)
1772 4940 1785 4977 :
1819 4925 1937 4988 Est,

243 5015 464 5085 inquit,
514 5015 735 5067 occulta
798 5014 1180 5083 profunditas,
1255 5030 1368 5084 qua
1425 5013 1763 5083 intelligeris
1810 5028 1938 5066 cum

245 5107 442 5157 sancto
474 5108 722 5167 sanctus,
758 5103 894 5173 quia
918 5109 980 5156 tu
1029 5102 1375 5155 sanctiﬁcas:
1413 5107 1469 5155 et
1497 5118 1625 5155 cum
1681 5102 1798 5153 viro
1851 5102 1941 5153 in-

248 5197 493 5246 nocente
544 5192 842 5258 innocens,
901 5191 1035 5261 quia
1080 5190 1222 5244 nulli
1275 5206 1464 5258 noces,
1514 5191 1610 5243 sed
1656 5190 1943 5243 criniculis

248 5285 615 5352 peccatorum
644 5296 879 5333 suorum
911 5280 1306 5349 unusquisque
1335 5278 1769 5348 constringitur,
1790 5282 1846 5331 et
1872 5278 1942 5332 ab

251 5385 320 5422 eo
353 5356 525 5438 quem
560 5367 721 5436 eligis
743 5366 991 5435 eligeris,
1021 5371 1077 5419 et
1104 5381 1233 5419 cum
1266 5379 1530 5435 perverso
1563 5364 1773 5417 videris
1816 5379 1944 5433 per-

250 5472 488 5521 versus;
522 5455 801 5525 quoniam
834 5454 1066 5507 dicunt:
1102 5473 1129 5502 «
1164 5454 1286 5507 Non
1316 5456 1400 5505 est
1429 5458 1581 5506 recta
1610 5452 1700 5505 via
1747 5452 1948 5505 Domi-

254 5544 339 5613 ni,
367 5548 425 5597 et
451 5543 710 5614 ipsorum
736 5542 828 5596 via
856 5558 973 5595 non
1005 5546 1091 5595 est
1122 5546 1276 5596 recta
1324 5541 1542 5609 (Ezech.
1581 5556 1735 5603 xvui,
1764 5540 1887 5610 25);
1922 5557 1945 5581 η

612 5634 890 5698 PATROL.
943 5632 1146 5698 CXXI.

2041 4393 2274 4446 natione
2306 4392 2551 4445 decrevit
2579 4391 2649 4444 ad
2694 4392 2935 4443 salutem
2973 4395 3245 4444 aeternam
3291 4393 3634 4463 pertingere.
3672 4396 3737 4448 Et

2044 4480 2278 4533 omnino
2310 4480 2536 4532 nullum
2561 4495 2627 4531 ex
2662 4478 2854 4533 electis
2878 4479 2980 4532 Dei
3001 4479 3071 4532 ad
3092 4480 3271 4548 ipsius
3290 4480 3502 4536 diaboli
3524 4487 3733 4536 sortem

2043 4583 2207 4639 posse
2238 4568 2524 4637 pertinere
2555 4568 2873 4620 conﬁrmat.

2116 4656 2208 4710 Ad
2237 4657 2540 4724 septimam.
2574 4684 2636 4694 —
2668 4656 2778 4708 Nec
2803 4655 3099 4724 compellit
3118 4655 3370 4726 aliquem
3396 4656 3569 4728 hujus
3587 4676 3727 4730 prae-

2047 4743 2443 4799 destinationis
2473 4743 2635 4810 ﬁdes,
2668 4743 2832 4813 quasi
2876 4759 2977 4813 per
3024 4743 3196 4797 ﬁdem
3227 4745 3433 4799 Christi
3466 4753 3520 4801 et
3547 4764 3736 4801 sacra-

2048 4837 2307 4887 mentum
2336 4831 2608 4901 baptismi
2646 4848 2679 4884 a
2711 4832 2885 4900 primi
2918 4833 3173 4900 parentis
3221 4834 3406 4903 lapsu,
3451 4842 3505 4887 et
3537 4852 3567 4888 a
3606 4852 3734 4889 suo-

2048 4938 2177 4976 rum
2246 4921 2525 4974 scelerum
2591 4924 2771 4985 reatu,
2823 4919 2939 4973 sive
2996 4920 3245 4973 hostium
3292 4927 3574 4990 potestate
3620 4940 3738 4978 non

2050 5026 2215 5081 posse
2264 5009 2425 5062 erui:
2461 5008 2555 5061 sed
2604 5008 2896 5062 verissime
2936 5013 3169 5077 praastat
3212 5010 3479 5062 omnibus
3524 5013 3738 5082 electis,

2054 5120 2082 5148 ‹‹
2126 5100 2195 5152 Ut
2219 5099 2333 5151 sint
2372 5101 2603 5167 agentes
2654 5112 2880 5166 semper
2908 5097 3121 5167 gratias
3153 5098 3287 5160 Deo,
3343 5105 3400 5151 et
3438 5100 3608 5166 Patri,
3641 5103 3741 5171 qui

2054 5188 2259 5258 dignos
2291 5202 2387 5239 eos
2417 5184 2550 5238 fecit
2579 5185 2637 5238 in
2688 5192 2908 5255 partem
2955 5188 3126 5239 sortis
3172 5192 3496 5241 sanctorum
3538 5189 3597 5242 in
3648 5192 3740 5243 lu-

2056 5279 2230 5330 mine.
2263 5306 2331 5313 —
2362 5273 2471 5338 Qui
2517 5274 2730 5344 eripuit
2770 5275 2897 5327 illos
2934 5274 3004 5327 de
3038 5279 3311 5343 potestate
3351 5277 3742 5348 tenebrarum,

2058 5370 2113 5418 et
2142 5362 2431 5417 transtulit
2458 5362 2518 5414 in
2573 5378 2813 5431 regnum
2853 5362 2976 5414 Filii
3015 5363 3336 5416 dilectionis
3385 5381 3499 5419 sum
3532 5366 3661 5436 (Col.
3704 5384 3741 5434 ι,

2064 5457 2146 5517 l2,
2176 5454 2260 5520 l3)
2294 5468 2306 5503 :
2342 5470 2368 5503 »
2408 5451 2520 5503 Nec
2557 5450 2817 5520 reprobis
2856 5450 3026 5503 noxia
3067 5456 3149 5504 est
3181 5452 3399 5521 opiﬁcis
3430 5454 3539 5521 sui,
3576 5455 3629 5509 id
3661 5461 3748 5510 est

2063 5538 2160 5592 Dei
2192 5537 2641 5608 praedestinatio,
2703 5552 2827 5608 quae
2874 5547 3335 5607 perseverantem
3384 5546 3439 5594 et
3486 5542 3745 5598 indoma-

3358 5636 3441 5695 34
