4096 6186
438 255 572 308 1067

1564 250 1617 302 S.
1664 249 1942 305 REMIGII
1986 247 2466 303 LUGDUNENSIS
2507 246 2818 302 EPISCOPI

3808 248 3935 299 1068

433 391 610 445 bilem
657 388 1019 459 iniquitatem
1072 386 1331 455 ipsorum
1373 385 1686 455 justissime
1738 385 1919 455 punit,
1964 385 2125 453 cujus
2164 390 2209 440 A
2310 385 2616 438 Conclusio.
2666 412 2732 422 —-
2782 382 2920 445 Qua:
2989 398 3119 435 cum
3169 382 3245 435 ita
3288 383 3421 448 sint,
3472 382 3738 452 deposita
3784 382 3935 434 omni

439 497 594 534 more
626 484 681 533 et
730 476 1061 548 gravissimo
1112 491 1281 527 onere
1332 473 1589 543 oppressi
1625 474 2039 543 demerguntur
2071 473 2131 525 in

435 573 737 634 tartarum,
771 564 1176 619 descendentes
1206 563 1265 615 in
1298 562 1650 632 profundum
1685 562 1847 633 quasi
1881 562 2043 631 lapis,
2079 566 2135 614 et

436 654 717 710 submersi
772 652 935 722 quasi
992 652 1287 720 plumbum
1338 650 1397 702 in
1450 652 1611 720 aquis
1668 650 2125 703 vehementibus.

436 740 598 803 Quod
648 740 817 793 etiam
868 738 1012 791 liber
1050 737 1420 807 Apocalypsis
1450 738 1518 790 de
1544 743 1661 791 tota
1691 738 1916 790 civitate
1950 738 2119 806 hujus

434 829 647 893 seaculi,
680 827 733 880 id
767 832 849 879 est
877 827 1137 879 universa
1169 826 1536 879 multitudine
1573 826 1972 878 damnatorum
2002 831 2123 878 ter-

434 916 674 970 ribiliter
700 921 954 969 extremo
981 915 1199 984 judicio
1234 916 1488 967 futurum
1513 914 1796 983 significat
1822 918 1878 966 et
1909 913 2127 967 denun-

434 1005 557 1070 tiat,
586 1004 780 1058 dicens
807 1021 819 1056 :
857 1025 884 1051 ‹‹
919 1005 981 1056 Et
1004 1003 1233 1055 sustulit
1255 1019 1403 1056 unus
1424 1004 1663 1071 angelus
1686 1002 1844 1055 fortis
1877 1002 2127 1070 lapidem

435 1093 600 1164 quasi
633 1093 910 1146 molarem
944 1108 1240 1160 magnum,
1267 1097 1324 1145 et
1367 1091 1522 1145 misit
1569 1090 1626 1144 in
1678 1106 1854 1156 mare,
1890 1090 2122 1144 dicens:

436 1185 551 1236 Hoc
596 1181 818 1252 impetu
854 1180 1113 1233 mittetur
1147 1180 1399 1248 Babylon
1441 1195 1648 1249 magna
1681 1179 1780 1232 illa
1822 1179 2040 1246 civitas,
2073 1186 2129 1234 et

436 1272 585 1325 ultra
606 1271 727 1340 jam
747 1286 859 1323 non
892 1268 1221 1322 invenietur
1242 1268 1433 1337 (Apoc.
1464 1285 1618 1335 xviii,
1650 1267 1773 1336 2.)»

2244 472 2627 525 contentionis
2675 470 3056 534 animositate,
3105 470 3362 539 deposita
3421 471 3741 524 novitatum
3795 485 3936 538 prae-

2245 560 2596 630 sumptione,
2624 575 3000 628 agnoscamus
3027 558 3271 611 fideliter
3314 558 3567 612 divinam
3620 558 3932 622 veritatem,

2243 664 2551 719 sequamur
2630 646 2966 700 obedienter
3027 652 3325 715 paternam
3387 646 3818 710 auctoritatem,
3866 662 3935 697 ca-

2245 753 2475 790 veamus
2508 736 2811 806 vigilanter
2853 734 3060 787 erroris
3102 740 3156 787 et
3196 736 3479 789 mendacii
3513 734 3934 788 fallacissimam

2244 826 2591 891 vanitatem;
2621 829 2909 877 servantes
2960 824 3072 876 Deo
3126 824 3434 877 auxiliante
3475 822 3655 877 semel
3692 844 3720 870 ι(
3770 822 3935 892 depo-

2242 916 2413 968 situm
2442 936 2470 963 »
2509 914 2676 968 nobis
2709 930 2852 965 verae
2898 912 3033 966 ﬁdei
3085 913 3424 966 inviolatum
3472 914 3817 966 thesaurum
3846 931 3860 974 ;
3888 917 3937 964 et

2243 1024 2269 1054 «
2302 1004 2585 1074 fugientes
2635 1002 2903 1073 profanas
2946 1017 3147 1054 vocum
3199 1002 3473 1054 novitates
3507 1006 3683 1071 atque
3715 999 3937 1070 opposi-

2240 1092 2427 1145 tiones
2456 1091 2583 1144 falsi
2628 1090 2877 1144 nominis
2920 1090 3193 1157 scientiaa,
3223 1106 3395 1160 quam
3428 1089 3664 1159 quidam
3698 1088 3937 1158 promit-

2239 1186 2424 1235 tentes
2455 1181 2603 1234 circa
2654 1180 2825 1233 tidem
2883 1179 3219 1232 exciderunt
3274 1181 3432 1245 (Tim.
3490 1194 3565 1243 γι,
3626 1179 3718 1244 20,
3768 1180 3875 1244 2t).
3910 1202 3932 1225 υ

1408 1571 2077 1695 SANCTI
2189 1568 2943 1693 BEMIGII

1768 1790 2249 1847 LUGDUNENSIS
2289 1789 2605 1845 EPISCOPI

996 1956 1210 2027 SUB
1296 1953 1767 2026 NOMINE
1846 1952 2440 2025 ECCLESI/E
2529 1950 3374 2022 LUGDUNENSIS

1264 2147 1817 2260 ABSOLUTIO
1881 2146 2411 2259 GUJUSDAM
2472 2145 3117 2272 QUESTIONIS

652 2379 734 2419 DE
776 2375 1101 2419 GENERALI
1149 2374 1274 2415 PER
1317 2374 1496 2415 ADAM
1543 2370 1981 2414 DAMNA'I‘IONE
2023 2370 2300 2412 OMNIUM
2348 2370 2427 2409 ET
2472 2367 2764 2411 SPECIALI
2813 2369 2940 2410 PER
2981 2367 3331 2411 CHRISTUM
3378 2369 3459 2409 EX
3506 2369 3735 2410 EADEM

1772 2449 2143 2493 EREPTIONE
2184 2448 2529 2492 ELECTORU
2538 2450 2587 2489 M

504 2704 697 2772 Nuper
722 2700 962 2771 questio
992 2698 1186 2753 habita
1218 2703 1303 2751 est
1332 2697 1621 2767 quomodo
1654 2702 1803 2749 recte
1845 2701 1902 2749 et
1938 2696 2121 2749 tideli-
2164 2700 2203 2752 Β
2236 2697 2366 2750 dam
2402 2695 2714 2749 bonitatem
2756 2694 2892 2749 Dei?
2936 2695 3096 2760 Quod
3145 2701 3335 2750 tamen
3387 2701 3709 2768 utrumque
3742 2698 3926 2759 simul,

434 2795 522 2844 ter
548 2789 729 2860 possit
761 2788 1043 2857 intelligi:
1086 2788 1225 2840 Tota
1255 2785 1492 2839 humani
1526 2784 1752 2854 generis
1782 2800 1969 2837 massa
1998 2801 2125 2838 me-

437 2880 544 2932 rito
597 2878 800 2948 prima:
860 2874 1327 2947 transgressionis
1384 2874 1453 2927 ad
1502 2879 1778 2927 aeternum
1828 2873 2125 2927 interitum

434 2968 751 3021 damnata?
786 2982 915 3019 cum
943 2965 1143 3034 procul
1174 2963 1349 3017 dubio
1373 2963 1632 3015 omnium
1663 2962 1976 3015 electorum
2009 2977 2127 3015 nu-

434 3072 626 3110 merus
658 3072 724 3109 ex
750 3055 873 3125 ipsa
902 3058 1048 3107 esset
1082 3051 1455 3106 assumendus
1503 3050 1697 3105 divina
1750 3049 2126 3119 praedestina-

433 3146 606 3209 tione,
661 3161 724 3198 ac
778 3141 1132 3212 praescientia
1188 3140 1539 3194 mternaliter
1602 3139 2010 3208 praecognitus,
2072 3142 2127 3191 et

433 3232 853 3303 praeordinatus
899 3231 968 3284 ad
1019 3230 1189 3283 vitam
1240 3234 1552 3282 aeternam:
1594 3228 1641 3280 si
1673 3228 1827 3280 enim
1859 3227 1963 3279 iste
1993 3227 2123 3279 bea-

434 3327 646 3387 torum,
674 3324 729 3372 et
760 3322 1088 3372 sanctorum
1139 3332 1413 3370 numerus
1444 3316 1503 3369 iu
1535 3315 1630 3368 illa
1661 3320 1785 3368 erat
1824 3315 1892 3367 ad
1926 3313 2125 3367 interi-

436 3412 556 3463 tum
589 3407 784 3461 divino
809 3406 1029 3476 judicio
1056 3405 1489 3465 condemnatus,
1514 3404 1802 3473 quomodo
1838 3403 1945 3457 erit
1974 3403 2128 3457 velut

435 3513 465 3549 e
491 3495 775 3548 contrario
815 3494 1024 3548 divinas
1074 3492 1480 3546 misericordia:
1522 3492 1797 3545 beneficio
1850 3492 1920 3544 ad
1952 3491 2125 3544 vitam

435 3581 913 3652 praedestinatus?
947 3583 1013 3634 Et
1044 3586 1351 3651 utrumque
1394 3580 1595 3650 utique
1636 3579 2004 3645 aaternaliter,
2049 3584 2127 3632 at-

436 3688 550 3741 que
582 3669 957 3723 immobiliter
1007 3670 1065 3723 in
1114 3669 1237 3739 ejus
1294 3672 1506 3731 aeterno
1561 3673 1616 3721 et
1667 3668 2127 3721 incommutabili

435 3757 694 3823 consilio,
719 3758 816 3828 qui
835 3758 996 3827 juxta
1013 3757 1351 3827 prophetam
1380 3774 1391 3811 :
1415 3757 1606 3810 «Fecit
1634 3773 1761 3827 quas
1788 3758 1980 3810 futura
1994 3760 2129 3809 sunt

436 3848 563 3913 (Isa.
596 3863 703 3912 κω,
739 3849 822 3913 ll,
858 3862 959 3901 sec.
994 3848 1179 3914 LXX).
1218 3867 1244 3893 ››
1297 3847 1492 3916 Neque
1540 3846 1695 3899 enim
1722 3845 1884 3914 juxta
1925 3844 2129 3898 catho--

434 3934 557 3989 lica:
586 3936 841 3989 veritatis
875 3936 1131 4006 regulam
1161 3935 1346 3989 dicere
1376 3950 1681 4004 possumus
1721 3950 1889 3988 omne
1920 3934 2124 3986 huma-

436 4040 574 4077 num
615 4040 796 4093 genus
839 4025 992 4077 illitis
1040 4024 1526 4094 praevaricationis
1570 4024 1772 4077 merito
1815 4023 1884 4076 ad
1918 4022 2126 4076 interi-

435 4117 556 4166 tum
578 4111 753 4166 fuisse
797 4113 1150 4177 damnatum,
1188 4112 1283 4165 sed
1336 4128 1701 4182 nequaquam
1752 4112 1821 4165 ad
1856 4112 2123 4165 eumdem

435 4201 731 4254 interitum
792 4202 1310 4270 przedestinatum:
1371 4216 1501 4253 cum
1553 4200 1965 4269 omnipotentis
2026 4200 2124 4252 Dei

430 4288 587 4355 justo
620 4294 676 4341 et
701 4288 1143 4355 aeternojudicio
1182 4288 1324 4341 nihil
1356 4288 1607 4357 potuerit
1636 4287 1979 4340 aaternaliter
2003 4303 2123 4340 esse

435 4373 790 4441 damnatum,
822 4376 972 4445 quod
1000 4392 1115 4428 non
1156 4375 1233 4428 ita
1267 4375 1614 4444 praescitum,
1666 4380 1722 4428 et
1771 4375 2123 4445 praefinitum

435 4461 509 4514 sit
537 4461 709 4515 fuisse
758 4463 1170 4517 damnandum.
1224 4463 1431 4517 Omnia
1472 4479 1722 4534 namque
1778 4479 1952 4533 opera
1999 4480 2119 4530 sua,

435 4556 710 4621 tanquam
739 4569 867 4605 vere
908 4554 1063 4622 justa
1092 4559 1149 4607 et
1202 4558 1353 4607 recta
1394 4559 1449 4607 et
1490 4552 1774 4623 praescivit
1807 4554 2018 4619 futura,
2069 4559 2126 4608 et

432 4639 859 4710 praadestinavit
928 4642 1050 4695 sine
1109 4641 1283 4695 dubio
1352 4642 1629 4695 facienda.
1688 4642 2125 4696 Prmdestinavit

432 4730 625 4799 itaque
670 4733 726 4782 et
773 4730 919 4781 hanc
966 4730 1204 4783 humani
1234 4731 1460 4800 generis
1509 4731 1724 4799 justam
1780 4746 1842 4782 ac
1873 4730 2122 4783 debitam

433 4817 882 4883 damnationem,
939 4816 1028 4869 cui
1086 4820 1142 4869 et
1199 4817 1544 4885 generaliter
1603 4834 1664 4871 ex
1716 4817 1869 4870 illius
1901 4818 2123 4887 justitia

432 4920 630 4957 omnes
660 4907 848 4956 essent
877 4902 1144 4955 obnoxii:
1179 4908 1233 4954 et
1271 4919 1336 4955 ex
1369 4920 1480 4973 qua
1512 4904 1831 4972 specialiter
1862 4921 1927 4957 ex
1969 4905 2123 4958 illius

431 4991 821 5044 misericordia
872 4990 1351 5057 discernerentur,
1395 4996 1451 5043 et
1512 4993 1869 5045 salvarentur
1933 4994 2114 5057 electi,

429 5085 698 5133 manente
729 5080 943 5133 scilicet
975 5079 1306 5132 inconvulsa
1332 5079 1714 5133 damnationis
1742 5081 2119 5150 praedestina-

427 5164 584 5223 tione
608 5169 666 5221 in
712 5168 1004 5238 reprobis;
1056 5174 1111 5222 et
1160 5172 1427 5221 manente
1474 5168 1734 5222 similiter
1791 5170 2119 5224 inconvulsa

2238 2786 2315 2838 ita
2362 2800 2588 2855 semper
2628 2785 2687 2837 in
2730 2790 2946 2837 aeterno
2990 2786 3087 2839 Dei
3139 2785 3373 2838 consilio
3410 2785 3602 2838 fuerat
3641 2787 3923 2856 praedesti-

2239 2881 2436 2927 natum
2461 2890 2473 2927 :
2503 2878 2564 2925 ut
2594 2872 2673 2926 sic
2713 2888 2893 2926 unum
2944 2873 3346 2927 decerneretur
3384 2873 3592 2943 judicii
3639 2876 3925 2945 (equitate,

2236 2966 2292 3014 et
2317 2966 2596 3031 quantum
2632 2961 2702 3014 ad
2733 2960 2885 3014 illius
2922 2977 3121 3014 massae
3167 2961 3448 3014 damnatas
3480 2962 3759 3016 meritum
3807 2980 3925 3031 per-

2237 3050 2379 3103 tinet
2407 3049 2688 3103 immobili
2720 3050 3017 3103 severitate
3052 3067 3063 3103 :
3101 3055 3383 3120 quatenus
3421 3056 3479 3103 et
3521 3053 3774 3105 alterum
3807 3054 3924 3120 glo-

2237 3138 2544 3191 riosissime
2613 3138 2952 3207 impleretur
3017 3138 3197 3191 divini
3256 3138 3477 3192 arbitrii
3525 3144 3835 3209 potestate,
3879 3147 3925 3192 et

2237 3226 2758 3280 misericordissimi
2788 3227 3105 3281 Conditoris
3132 3226 3381 3297 gratuita
3412 3227 3691 3281 bonitate.

2306 3316 2665 3385 Quapropter
2704 3316 2865 3385 juxta
2917 3316 3287 3386 pusillitatem
3339 3332 3537 3370 sensus
3587 3318 3774 3370 nostri
3820 3317 3926 3370 ubi-

2236 3420 2463 3473 cunque
2503 3404 2769 3474 legimus,
2824 3404 2940 3458 sive
2992 3404 3051 3457 in
3096 3404 3303 3458 divinis
3342 3404 3675 3474 Scripturis,
3729 3406 3843 3459 sive
3873 3408 3920 3459 in

2235 3492 2601 3563 dogmatibus
2623 3494 2854 3547 Patrum
2903 3496 3084 3546 totam
3125 3493 3365 3546 humani
3410 3494 3640 3563 generis
3683 3511 3919 3548 massam

2236 3580 2295 3634 in
2321 3582 2530 3651 primo,
2563 3585 2619 3634 et
2652 3597 2753 3651 per
2801 3582 3054 3651 primum
3099 3582 3397 3636 hominem
3437 3588 3772 3651 peccantem
3812 3597 3919 3635 esse

2237 3669 2587 3736 damnatam,
2623 3670 2764 3723 nihil
2814 3670 2968 3723 aliud
3022 3670 3461 3741 intelligendum
3513 3673 3785 3737 occurrit,
3821 3670 3920 3723 nisi

2236 3774 2362 3811 eam
2403 3758 2556 3827 justo
2589 3758 2689 3811 Dei
2735 3758 2971 3828 judicio,
3024 3759 3229 3812 merito
3289 3759 3460 3829 primi
3509 3759 3668 3813 illius
3718 3758 3919 3829 peccati

2236 3852 2467 3899 aeternae
2498 3846 2851 3900 damnationi
2910 3847 3220 3900 traditam:
3260 3848 3335 3901 De
3392 3864 3503 3917 qua
3561 3848 3920 3901 damnatione

2238 3950 2335 4003 per
2365 3950 2546 3987 unum
2578 3934 2874 3989 hominem
2906 3935 2963 3987 in
2997 3936 3280 3989 mundum
3326 3936 3583 4006 ingressa
3631 3937 3919 3989 manifeste

2237 4022 2373 4075 dicit
2397 4024 2732 4093 Apostolus:
2769 4044 2796 4071 ‹‹
2829 4023 2965 4076 Nam
3004 4023 3284 4091 judicium
3317 4041 3383 4078 ex
3415 4041 3531 4078 uno
3563 4025 3625 4078 in
3656 4024 3918 4078 condem-

2236 4111 2529 4163 nationem
2582 4110 2751 4180 (Rom.
2806 4126 2857 4174 ν,
2912 4110 3013 4178 16).
3064 4130 3090 4161 n
3144 4112 3279 4174 Quae
3333 4112 3549 4181 utique,
3605 4112 3755 4165 sicut
3808 4112 3917 4180 jam

2235 4199 2449 4253 dictum
2493 4204 2596 4263 est,
2642 4214 2753 4251 non
2797 4203 2983 4267 potest
3032 4204 3179 4252 recte
3237 4199 3483 4269 intelligi
3528 4200 3643 4252 nisi
3692 4206 3915 4253 aeterna.

2235 4288 2291 4341 Si
2322 4304 2455 4357 ergo
2506 4292 2657 4340 recte
2705 4286 3063 4356 intelligitur,
3107 4293 3224 4340 tota
3253 4287 3374 4357 ipsa
3419 4289 3661 4355 humani
3703 4288 3919 4358 generis

2235 4393 2419 4430 massa
2452 4377 2742 4441 damnata,
2786 4380 3012 4429 (eterna?
3054 4376 3363 4445 perditioni
3401 4378 3636 4444 tradita,
3676 4377 3819 4447 quid
3847 4380 3920 4428 est

2234 4465 2343 4519 hoc
2372 4466 2549 4533 aliud,
2583 4465 2691 4517 nisi
2745 4465 2930 4517 eidem
2979 4469 3208 4517 aeterna!
3260 4464 3572 4534 perditioni
3626 4466 3917 4527 destinata,

2234 4554 2351 4607 sive
2383 4554 2806 4623 praedestinata,
2841 4559 2903 4606 ut
2933 4558 3209 4623 quantum
3256 4554 3506 4624 pertinet
3547 4555 3619 4607 ad
3658 4556 3918 4609 meritum

2233 4643 2414 4711 culpae
2463 4658 2600 4707 suae,
2646 4642 2800 4695 illius
2852 4640 3107 4695 videlicet
3154 4642 3355 4710 primie
3414 4642 3916 4710 praevaricationis,

2232 4735 2377 4783 esset
2403 4731 2553 4799 juste
2579 4730 2835 4796 omnino,
2866 4734 2920 4783 et
2959 4735 3097 4797 tota,
3133 4736 3186 4783 et
3233 4730 3405 4783 simul
3436 4735 3654 4784 aeterna
3700 4736 3916 4785 senten-

2232 4819 2311 4871 tia
2336 4819 2733 4872 condemnata.
2769 4819 3057 4882 Quantum
3090 4834 3222 4871 vero
3248 4819 3453 4872 attinet
3499 4819 3568 4872 ad
3610 4820 3919 4873 bonitatem

2231 4911 2288 4960 et
2314 4898 2764 4961 misericordiam
2805 4906 3128 4961 Conditoris
3168 4906 3286 4977 (qui
3319 4907 3428 4961 sibi
3471 4923 3578 4961 nec
3617 4908 3919 4961 necessita-

2230 5000 2346 5049 tem
2380 4996 2671 5065 imposuit,
2724 5012 2827 5049 nec
2872 5000 3215 5066 potestatem
3256 4996 3510 5065 abstulit)
3556 5002 3623 5049 ut
3669 4996 3743 5051 de
3776 5011 3919 5050 creas

2228 5089 2351 5137 tura
2384 5101 2505 5150 sua,
2531 5086 2687 5154 justa
2720 5086 2983 5153 exigente
3015 5083 3314 5137 severitate
3355 5083 3692 5154 judicando,
3738 5088 3918 5155 posset

2228 5172 2361 5226 inde
2419 5173 2633 5225 salvare
2696 5178 2975 5242 quantum
3029 5172 3115 5225 illi
3144 5172 3396 5241 placeret
3448 5188 3548 5242 per
3607 5173 3915 5225 indebitam

428 5256 738 5326 ereptionis
769 5256 1268 5325 prmdestinatione
1290 5256 1348 5308 in
1380 5256 1610 5322 electis;
1643 5257 1780 5311 dum
1802 5259 2117 5326 justissima
2157 5292 2201 5345 Β
2229 5261 2492 5331 gratiam,
2527 5262 2677 5331 quod
2708 5262 2859 5331 juste
2890 5267 2945 5313 et
2992 5260 3341 5314 aeternaliter
3365 5260 3552 5314 fuerat
3582 5261 3914 5314 damnatum

429 5348 483 5395 et
513 5345 838 5399 admirabili
884 5345 1084 5398 ordine
1130 5346 1340 5399 divinae
1395 5345 1681 5415 aequitatis
1713 5352 1769 5400 et
1802 5347 2118 5401 misericor-

430 5429 559 5493 dim,
629 5438 685 5486 et
736 5433 875 5487 illud
930 5435 1183 5504 oportuit
1235 5435 1395 5504 prius
1445 5434 1569 5487 fieri
1602 5434 1669 5487 ad
1707 5436 2115 5489 ostendendam

430 5517 786 5573 severitatem
816 5521 933 5586 Dei,
976 5527 1033 5575 et
1081 5522 1228 5577 istud
1278 5522 1646 5593 postmodum
1695 5522 1761 5576 ad
1812 5524 2113 5577 ostenden-

2227 5365 2330 5419 per
2358 5350 2606 5419 culpam,
2642 5354 2910 5403 manente
2950 5349 3164 5403 scilicet
3197 5350 3585 5403 damnationis
3616 5348 3911 5407 sententia,

2226 5438 2285 5490 in
2334 5438 2541 5508 quibus
2589 5442 2891 5507 permanet
2937 5441 2993 5490 et
3036 5442 3249 5503 reatus,
3282 5443 3339 5491 et
3386 5437 3572 5491 soluta
3614 5438 3672 5491 in
3714 5438 3822 5498 his,
3854 5436 3911 5488 in

2228 5524 2435 5595 quibus
2465 5525 2619 5585 idem
2658 5534 2847 5579 reatus
2878 5541 2984 5596 per
3029 5525 3238 5579 Christi
3281 5526 3621 5596 sanguinem
3660 5532 3749 5579 est
3777 5524 3909 5577 solu-
