4108 6190
258 296 393 349 1069

1285 298 1369 349 DE
1412 297 1772 353 GENERALI
1821 300 1949 354 PER
1990 298 2179 353 ADAM
2227 297 2709 356 DAMNATIONE.

3619 290 3755 360 uno

257 436 389 483 tus:
427 436 596 501 atque
621 431 699 484 ita
731 430 1155 501 pradestinatio
1182 433 1438 485 omnium
1473 434 1785 487 electorum
1832 435 1949 499 Dei,
1993 437 2036 491 Ο
2068 436 2370 505 Evangelio
2406 453 2417 489 :
2463 456 2491 486 «
2539 437 2681 491 Cum
2729 436 2908 503 fortis,
2958 438 3164 507 inquit,
3211 444 3463 493 armatus
3512 444 3755 497 custodit

254 520 335 571 ita
368 521 489 589 ejus
528 526 743 572 alerna
775 519 1143 588 dispositione
1172 527 1320 573 esset
1353 523 1754 590 praeordinata,
1796 528 1857 575 ut
1888 540 1949 575 ex

255 613 411 661 sorte
444 615 675 662 aeterna
719 607 1106 661 damnationis
1152 612 1602 663 transferrentur
1644 611 1700 663 in
1740 616 1952 665 sortem

254 702 486 750 aterna
516 696 713 749 salutis
745 701 801 749 et
846 696 1196 749 liberationis
1230 714 1241 749 :
1280 704 1339 749 ut
1384 704 1437 750 et
1469 698 1547 750 ibi
1578 699 1751 751 fuerit
1781 699 1952 752 etiam

256 801 387 854 pars
447 786 552 838 ista
606 801 735 838 vere
785 784 1077 837 communi
1118 786 1398 839 sententia
1449 787 1847 852 condemnata,
1898 792 1953 841 et

254 874 345 926 his
396 890 525 926 vere
573 874 690 927 sola
738 874 836 926 Dei
882 874 1065 942 gratia
1126 875 1395 943 liberata;
1464 880 1735 944 tantoque
1794 878 1954 930 ﬁeret

254 962 478 1031 gratior
536 969 593 1015 et
648 962 900 1016 devotior
956 962 1243 1023 liberanti,
1311 970 1525 1033 quanto
1586 981 1642 1017 se
1697 966 1954 1034 agnoscit

255 1051 447 1103 verius
477 1066 606 1104 vere
634 1050 939 1103 obnoxiam
970 1051 1141 1104 fuisse
1173 1056 1398 1104 aterna
1431 1053 1805 1105 damnationi.

328 1141 488 1193 Hanc
546 1154 792 1208 namque
854 1138 1167 1191 electorum
1221 1140 1655 1193 translationem
1714 1158 1744 1193 a
1802 1146 1951 1194 sorte

254 1227 413 1281 illius
456 1226 842 1281 damnationis
882 1227 940 1279 in
972 1232 1181 1280 sortem
1233 1227 1588 1281 liberationis
1628 1228 1953 1281 sublimiter

255 1321 311 1368 et
342 1314 724 1367 attentissime
751 1316 1116 1368 commendat
1145 1317 1455 1385 Apostolus
1486 1317 1751 1370 ﬁdelibus
1781 1333 1951 1387 agno-

254 1402 548 1467 scendam,
582 1408 792 1455 etcum
840 1401 1001 1455 omni
1054 1402 1371 1472 gratiarum
1417 1405 1638 1457 actione
1688 1406 1948 1458 recolen-

253 1491 407 1557 dam,
444 1491 522 1544 ita
553 1490 744 1543 dicens
778 1508 790 1544 :
828 1513 855 1538 ι(
905 1492 1122 1544 Gratias
1154 1498 1386 1561 agentes
1420 1494 1534 1546 Deo
1568 1499 1621 1545 et
1672 1493 1819 1546 Patri
1852 1493 1951 1563 qui

255 1578 461 1648 dignos
484 1594 585 1631 nos
618 1578 750 1631 fecit
780 1578 835 1631 in
869 1582 1031 1648 parte
1062 1580 1227 1633 sortis
1255 1585 1580 1634 sanctorum
1620 1580 1679 1634 in
1707 1580 1946 1634 lumine.

253 1666 363 1730 Qui
384 1666 596 1737 eripuit
630 1683 732 1719 nos
760 1650 827 1720 de
861 1672 1138 1736 potestate
1160 1669 1551 1735 tenebrarum,
1589 1674 1643 1721 et
1664 1670 1950 1723 transtulit

255 1755 316 1808 in
349 1770 593 1825 regnum
626 1755 751 1808 Filii
782 1755 1104 1809 dilectionis
1137 1773 1253 1809 sua
1288 1758 1421 1827 (Col.
1456 1775 1493 1821 1,
1545 1760 1625 1824 1‘2,
1659 1759 1749 1823 13)
1783 1775 1796 1811 :
1833 1780 1859 1806 ››
1894 1763 1950 1811 et

254 1843 405 1896 hanc
455 1843 597 1897 iram
648 1848 876 1897 aeterna
925 1844 1191 1898 vindicta
1253 1863 1315 1898 ac
1361 1846 1769 1913 damnationis,
1822 1864 1951 1917 qua

255 1931 417 1984 omni
445 1932 531 1983 illi
562 1948 760 1985 massa
792 1932 1090 2002 aequaliter
1119 1933 1456 2000 debebatur,
1482 1935 1677 1988 ﬁdeles
1706 1951 1809 2005 per
1844 1937 1950 1988 Do-

258 2020 403 2073 mini
447 2020 653 2074 Christi
698 2020 1021 2089 passionem
1065 2026 1122 2075 et
1169 2026 1412 2075 mortem
1460 2023 1722 2077 evasisse.
1772 2024 1951 2087 Quam

257 2108 462 2178 utique
511 2124 624 2161 non
690 2108 961 2160 veraciter
1012 2108 1251 2162 evasisse
1317 2110 1662 2176 dicerentur,
1726 2111 1835 2165 nisi
1900 2112 1953 2165 ei

258 2198 434 2251 etiam
493 2197 767 2250 veraciter
793 2197 1027 2249 obnoxii
1087 2198 1454 2265 exstitissent,
1515 2200 1592 2252 ita
1634 2201 1955 2270 gratulatur

259 2290 433 2354 atque
476 2286 841 2338 commendat
896 2284 1134 2339 dicens:
1194 2307 1219 2335 <<
1255 2286 1310 2339 Si
1355 2287 1528 2352 enim,
1565 2304 1693 2340 cum
1734 2288 1955 2341 inimici

257 2388 534 2436 essemus,
587 2372 939 2426 reconciliati
981 2389 1179 2428 sumus
1232 2376 1344 2428 Deo
1387 2391 1491 2443 per
1530 2380 1774 2429 mortem
1827 2377 1954 2430 Filii

256 2461 405 2530 ejus,
466 2462 646 2515 multo
706 2463 888 2532 magis
935 2479 1088 2516 nunc
1145 2464 1493 2517 reconciliati
1554 2464 1613 2516 in
1674 2466 1953 2535 sanguine

254 2550 441 2620 ipsius
482 2550 624 2603 salvi
656 2550 869 2603 erimus
901 2551 970 2604 ab
1009 2550 1094 2604 ira
1124 2568 1229 2621 per
1258 2552 1443 2620 ipsum
1479 2552 1651 2622 (Rom.
1686 2569 1740 2619 v,
1786 2553 1893 2624 10).
1924 2575 1951 2602 n

256 2640 325 2691 Et
348 2638 559 2691 iterum
588 2654 600 2691 :
643 2661 665 2687 ι
703 2639 985 2702 Quoniam
1019 2656 1131 2693 non
1160 2641 1349 2709 posuit
1381 2656 1483 2693 nos
1516 2642 1662 2694 Deus
1696 2642 1755 2695 in
1784 2642 1950 2710 iram,

254 2726 357 2779 sed
392 2726 453 2779 in
492 2726 924 2796 acquisitionem
969 2728 1167 2781 salutis
1211 2745 1315 2798 per
1349 2728 1655 2782 Dominum
1692 2735 1953 2785 nostrum

252 2816 470 2881 Iesum,
505 2815 603 2884 qui
646 2819 906 2868 mortuus
933 2821 1016 2868 est
1042 2832 1144 2885 pro
1178 2816 1360 2882 nobis,
1385 2824 1447 2869 ut
1481 2817 1596 2869 sive
1629 2818 1952 2888 vigilemus,

256 2904 373 2956 sive
417 2904 788 2969 dormiamus,
838 2904 1007 2957 simul
1051 2921 1180 2957 cum
1226 2905 1324 2959 illo
1368 2906 1621 2959 vivamus
1667 2907 1713 2977 (1
1766 2909 1951 2961 Thess.

255 3008 309 3058 v,
365 2992 416 3057 9,
459 2993 617 3058 10).»
677 2992 740 3045 Et
785 2991 895 3044 alio
927 2993 1088 3045 loco:
1131 3014 1157 3040 «
1192 2993 1259 3046 Et
1311 2994 1601 3064 quomodo
1660 2994 1952 3061 conversi,

256 3079 396 3133 estis
426 3096 458 3132 a
489 3080 809 3133 simulacris
842 3081 1052 3134 servire
1086 3082 1199 3135 Deo
1233 3081 1357 3134 vivo
1392 3087 1447 3135 et
1475 3098 1625 3145 vero,
1672 3089 1727 3135 et
1754 3099 1951 3152 exspe-

255 3172 413 3220 ctare
459 3167 665 3221 Filium
715 3169 838 3237 ejus
886 3169 955 3222 de
1003 3169 1156 3223 catis
1202 3170 1415 3235 Jesum,
1467 3170 1566 3240 qui
1598 3170 1810 3239 eripuit
1852 3187 1955 3224 nos

258 3256 330 3311 ab
361 3256 448 3309 ira
476 3261 719 3310 ventura
745 3257 799 3325 (Ι
850 3258 1030 3311 Thess.
1056 3274 1092 3323 ι,
1118 3260 1166 3322 9,
1224 3260 1286 3311 10
1323 3278 1370 3312 ››.
1425 3258 1543 3311 Hoc
1584 3258 1757 3312 etiam
1799 3260 1951 3312 Psal-

258 3344 433 3397 mista
479 3361 579 3415 per
622 3348 929 3399 adventum
964 3346 1191 3399 Domini
1220 3346 1523 3400 Salvatoris
1573 3347 1854 3416 futurum,
1897 3348 1954 3401 id

257 3439 347 3486 est
380 3435 679 3504 antiquam
728 3435 883 3488 illam
932 3436 1078 3488 iram
1112 3434 1213 3488 Dei
1273 3435 1607 3490 omnimodo
1650 3436 1711 3489 in
1762 3436 1954 3490 electis

259 3522 639 3592 mitigandam
698 3528 869 3594 atque
919 3524 1306 3590 avertendam,
1357 3525 1520 3594 quasi
1564 3526 1684 3594 jam
1741 3526 1953 3579 factum

257 3610 415 3663 canit
445 3615 501 3664 et
529 3612 773 3665 exsultat
802 3612 994 3666 dicens
1021 3629 1032 3665 :
1068 3634 1087 3661 α
1118 3612 1405 3666 Remisisti
1440 3612 1806 3682 iniquitatem
1832 3615 1953 3683 ple-

254 3699 349 3752 bis
402 3702 533 3765 tua,
573 3701 851 3769 operuisti
899 3700 1094 3755 omnia
1130 3706 1361 3771 peccata
1396 3718 1627 3767 eorum;
1680 3700 1955 3771 mitigasti

258 3804 493 3841 omnem
518 3788 663 3842 iram
695 3794 874 3857 tuam,
908 3790 1158 3843 avertisti
1190 3792 1260 3844 ab
1289 3792 1373 3843 ira
1406 3790 1819 3860 indignationis
1842 3797 1953 3843 tua

259 3876 431 3945 (Psal.
487 3892 702 3945 LXXXIV,
765 3880 814 3943 3,
877 3879 947 3943 4).
982 3900 1009 3927 ››
1070 3878 1127 3931 Si
1174 3879 1327 3931 enim
1378 3895 1509 3931 vere
1566 3894 1679 3931 non
1719 3878 1956 3931 fuerunt

258 3980 463 4017 omnes
503 3965 685 4032 electi,
732 3970 787 4017 et
817 3966 1205 4034 praedestinati
1247 3967 1313 4020 ad
1347 3967 1521 4019 vitam
1574 3967 1631 4019 in
1680 3982 1792 4019 una
1825 3983 1951 4020 cum

260 4050 489 4104 cateris
520 4068 705 4105 massa
730 4053 1115 4107 damnationis
1142 4061 1196 4108 et
1224 4055 1585 4124 perditionis,
1634 4056 1789 4109 unde
1820 4071 1956 4125 ergo

260 4145 398 4194 sunt
429 4142 593 4194 electi
632 4146 689 4194 et
736 4142 986 4207 discreti,
1023 4143 1172 4196 unde
1224 4144 1526 4213 redempti,
1565 4145 1713 4198 unde
1758 4143 1957 4197 salvati

263 4234 323 4281 et
352 4229 621 4283 liberati?
661 4231 771 4284 Cur
819 4231 941 4300 ipsa
984 4231 1195 4283 Veritas
1244 4232 1313 4285 de
1368 4232 1449 4284 eis
1497 4232 1633 4286 dicit
1669 4249 1681 4286 :
1736 4232 1958 4285 «Venit

2063 525 2268 576 atrium
2303 541 2492 589 suum,
2541 526 2599 577 in
2656 542 2792 594 pace
2826 531 2956 578 sunt
3009 542 3074 579 ea
3132 544 3259 596 qua
3322 529 3607 597 possidet;
3666 530 3753 583 sin

2062 618 2252 665 autem
2288 613 2486 665 fortior
2509 613 2604 665 illo
2638 614 3041 682 superveniens
3071 614 3271 668 vicerit
3304 633 3457 682 eum,
3495 619 3757 673 universa

2062 714 2218 752 arma
2268 701 2409 769 ejus,
2459 700 2516 752 in
2570 701 2778 770 quibus
2824 702 3162 769 conﬁdebat,
3212 705 3413 769 aufert,
3467 710 3520 758 et
3569 706 3754 775 spolia

2062 787 2183 856 ejus
2229 788 2521 841 distribuit
2568 792 2717 853 (Luc.
2771 805 2844 855 X1,
2889 793 2979 853 21,
3030 794 3141 859 22).
3198 813 3223 838 ››
3272 793 3336 844 Et
3389 793 3502 845 alio
3571 794 3695 846 loco
3736 808 3747 847 :

2067 897 2085 921 α
2124 876 2283 928 Nunc
2324 876 2607 945 judicium
2658 882 2741 930 est
2799 879 3018 944 mundi,
3074 895 3225 932 nunc
3269 880 3532 950 princeps
3582 882 3753 950 hujus

2061 963 2262 1016 mundi
2314 965 2572 1033 ejicietur
2626 965 2796 1017 foras.
2838 966 2899 1017 Et
2948 982 3052 1035 ego
3111 966 3155 1020 si
3207 968 3478 1021 cxaltatus
3511 968 3669 1022 fuero
3722 986 3755 1023 a

2062 1056 2234 1117 terra,
2270 1052 2464 1105 omnia
2493 1053 2715 1106 traham
2747 1053 2813 1106 ad
2846 1069 2937 1106 me
2959 1054 3135 1123 (Joan.
3172 1073 3265 1119 vn,
3300 1060 3384 1123 31,
3421 1057 3529 1128 32).
3570 1080 3595 1105 ››

2137 1140 2289 1193 Unde
2320 1146 2597 1209 quantum
2631 1142 2744 1195 Deo
2786 1142 3097 1196 auxiliante
3130 1143 3522 1215 intelligimus,
3559 1148 3752 1200 nulla-

2062 1231 2227 1280 tenus
2264 1234 2491 1297 oportet
2539 1230 2686 1282 hanc
2725 1230 3031 1284 novitatem
3088 1231 3383 1284 divisionis
3434 1233 3646 1302 induci,
3695 1239 3757 1289 ut

2061 1314 2159 1367 illa
2192 1315 2366 1368 totius
2398 1316 2639 1370 humani
2687 1318 2912 1387 generis
2966 1334 3151 1371 massa
3192 1317 3359 1388 (sicut
3402 1336 3600 1374 omnes
3652 1322 3755 1375 do-

2063 1406 2246 1455 ctores
2277 1403 2540 1457 Ecclesia
2576 1405 2853 1471 sentiunt,
2897 1410 3074 1459 totam
3109 1407 3278 1475 primi
3326 1412 3383 1461 et
3426 1424 3529 1477 per
3581 1409 3755 1478 primi

2062 1489 2309 1543 hominis
2342 1494 2884 1562 transgresstionem
2916 1495 3199 1563 punitam)
3233 1512 3384 1548 nunc
3416 1514 3445 1548 a
3488 1498 3652 1549 nobis
3692 1513 3756 1549 ex

2061 1582 2222 1647 parte
2249 1578 2472 1632 dicatur
2501 1580 2769 1633 damnata
2801 1587 2858 1633 et
2888 1597 2951 1634 ex
2986 1587 3141 1650 parte
3174 1598 3291 1634 non
3333 1584 3603 1637 damnata
3645 1600 3658 1636 :
3691 1600 3754 1637 ex

2063 1670 2221 1735 parte
2251 1673 2465 1720 aterno
2498 1668 2755 1721 interitui
2788 1670 3091 1735 destinata,
3122 1675 3176 1723 et
3207 1686 3270 1722 ex
3312 1677 3471 1739 parte
3506 1688 3621 1725 non
3651 1674 3756 1725 de-

2062 1754 2286 1808 stinata.
2323 1757 2437 1809 Hoc
2467 1772 2712 1827 namque
2743 1758 2910 1811 modo
2946 1758 3005 1810 in
3033 1758 3226 1811 electis
3266 1759 3424 1812 illam
3471 1762 3756 1829 quodam-

2061 1844 2233 1896 modo
2264 1844 2532 1913 levigare,
2569 1851 2740 1915 atque
2790 1851 3097 1899 extenuare
3126 1846 3373 1915 primam
3426 1853 3482 1900 et
3525 1864 3757 1917 genera-

2062 1932 2174 1984 lem
2209 1932 2663 2001 damnationem,
2698 1934 2841 1987 nihil
2866 1939 2948 1987 est
2978 1935 3134 1988 aliud
3164 1950 3336 2005 quam
3359 1935 3563 1989 divina
3589 1936 3754 1989 boni-

2063 2019 2196 2072 tatis
2227 2027 2282 2073 et
2313 2021 2718 2075 misericordia
2750 2038 2883 2091 erga
2926 2038 3020 2075 eos
3066 2023 3523 2091 magnitudinem
3568 2025 3754 2076 mino-

2062 2126 2189 2163 rare
2247 2115 2304 2162 et
2376 2114 2790 2179 coangustare:
2852 2126 2952 2163 nec
3000 2111 3314 2181 quidquam
3390 2112 3756 2181 omnipotens

2063 2204 2261 2250 contra
2316 2197 2877 2267 pradestinationem
2935 2214 3116 2266 suam,
3188 2215 3301 2269 qua
3357 2205 3534 2253 totam
3595 2200 3754 2253 illam

2061 2301 2249 2339 massa
2284 2286 2439 2355 justa
2481 2286 2845 2339 damnatione
2890 2286 3077 2356 perire
3110 2288 3329 2355 statuit,
3374 2289 3581 2341 electos
3625 2304 3757 2341 suos

2065 2374 2193 2427 inde
2245 2374 2515 2427 salvando
2556 2374 2733 2427 fecit:
2787 2374 2923 2444 quia
2971 2375 3049 2428 sic
3098 2376 3239 2429 illud
3298 2377 3497 2429 statuit
3550 2376 3755 2430 merito

2062 2463 2267 2531 culpa,
2304 2467 2359 2514 et
2388 2462 2687 2515 severitate
2715 2462 2976 2530 justitia,
3014 2469 3074 2516 ut
3118 2471 3173 2516 et
3204 2464 3313 2517 hoc
3362 2465 3469 2517 sibi
3516 2465 3758 2519 serviret

2062 2550 2317 2604 bonitate
2368 2550 2805 2616 misericordia;
2843 2556 2897 2604 et
2944 2574 2964 2599 ι
3009 2552 3265 2618 haberet,
3304 2552 3469 2621 juxta
3512 2555 3756 2623 Aposto-

2064 2640 2183 2692 lum
2215 2643 2557 2709 potestatem
2587 2639 2798 2708 ﬁgulus
2833 2639 2933 2692 luti
2988 2656 3050 2692 ex
3083 2640 3281 2693 eadem
3311 2657 3495 2694 massa
3526 2658 3553 2693 ι)
3587 2640 3759 2694 simul

2065 2734 2121 2782 et
2146 2733 2265 2781 tota
2290 2728 2610 2783 damnataa
2650 2728 2834 2781 facere
2864 2728 3021 2782 aliud
3053 2745 3149 2782 vas
3179 2728 3236 2781 in
3279 2729 3560 2783 honorem
3599 2750 3620 2778 ι
3656 2746 3761 2800 per

2066 2815 2515 2869 misericordiam
2546 2832 2729 2881 suam,
2766 2837 2793 2863 «
2827 2821 2883 2869 et
2906 2816 3061 2869 aliud
3088 2816 3145 2869 in
3169 2818 3575 2871 contumeliam
3604 2841 3626 2867 ι
3656 2834 3760 2888 per

2058 2902 2340 2972 justitiam
2374 2919 2536 2955 suam
2570 2904 2751 2967 (Rom.
2796 2904 2903 2971 1x);
2954 2908 3125 2973 atque
3172 2904 3250 2957 ita
3299 2905 3523 2971 ﬁerent,
3557 2910 3620 2959 ut
3669 2906 3756 2960 di-

1995 2999 2035 3054 C.
2070 2997 2223 3043 ctum
2273 2994 2375 3055 est,
2428 3010 2454 3036 ι(
2500 2990 2579 3042 Ex
2613 3006 2725 3043 una
2776 2994 2946 3059 atque
2996 2990 3192 3043 eadem
3240 3008 3424 3045 massa
3472 2994 3579 3046 alia
3624 3010 3757 3047 vasa

2065 3079 2184 3144 ira,
2209 3083 2265 3131 et
2289 3077 2399 3130 alia
2428 3093 2560 3130 vasa
2591 3078 2997 3131 misericordia
3025 3094 3037 3132 :
3068 3079 3164 3132 illa
3205 3080 3454 3149 perfecta
3501 3083 3561 3135 in
3608 3083 3755 3136 inte-

2063 3168 2257 3231 ritum,
2294 3169 2400 3219 ista
2432 3166 2491 3219 in
2524 3167 2765 3236 gloriam
2790 3172 3113 3237 praparata
3139 3168 3324 3237 (ibid)
3360 3191 3387 3217 ››
3438 3176 3502 3223 ut
3543 3170 3603 3224 in
3633 3171 3756 3240 ejus

2062 3256 2329 3309 laudibus
2362 3255 2534 3324 digne
2576 3261 2630 3308 et
2674 3258 2947 3309 veraciter
2993 3256 3319 3311 diceretur:
3364 3280 3385 3305 ι
3436 3258 3756 3313 Misericor-

2064 3342 2217 3397 diam
2249 3348 2305 3396 et
2329 3341 2611 3412 judicium
2636 3344 2876 3397 cantabo
2904 3344 3027 3411 tibi,
3063 3345 3303 3398 Domine
3336 3347 3501 3415 (Psal.
3531 3364 3578 3411 c,
3615 3348 3662 3415 1)
3688 3363 3700 3401 :
3724 3368 3752 3395 ››

2063 3437 2118 3484 et
2166 3453 2194 3479 ‹‹
2240 3431 2520 3485 universa
2569 3431 2675 3484 via
2721 3433 2947 3486 Domini
2996 3433 3391 3488 misericordia
3439 3440 3496 3488 et
3544 3436 3752 3491 veritas

2063 3518 2228 3590 (Psal.
2280 3536 2430 3587 xxrv,
2467 3520 2572 3588 10).
2602 3542 2629 3570 »
2665 3520 2846 3584 Quam
2904 3538 3027 3575 rem
3069 3522 3509 3592 diligentissime
3542 3529 3597 3578 et
3623 3524 3752 3580 bre-

2062 3610 2204 3662 viter
2238 3608 2349 3662 alio
2380 3609 2503 3662 loco
2547 3610 2853 3678 Apostolus
2893 3612 3259 3666 commendat
3300 3612 3493 3666 dicens
3521 3629 3533 3666 :
3568 3634 3595 3663 α
3620 3614 3751 3668 Era-

2061 3713 2189 3751 mus
2218 3702 2424 3750 natura
2453 3697 2557 3750 ﬁlii
2588 3698 2706 3763 ira,
2760 3698 2905 3751 sicut
2934 3700 3123 3753 caeteri
3160 3716 3173 3753 :
3217 3702 3366 3754 Deus
3406 3706 3620 3768 autem,
3649 3703 3750 3772 qui

2062 3786 2216 3839 dives
2248 3791 2334 3839 est
2364 3785 2422 3838 in
2454 3786 2845 3838 misericordia
2874 3791 3108 3856 propter
3147 3788 3384 3842 nimiam
3414 3789 3750 3843 charitatem

2063 3890 2244 3935 suam,
2289 3890 2399 3943 qua
2429 3873 2622 3927 dilexit
2666 3889 2789 3937 nos,
2825 3880 2880 3927 et
2913 3890 3041 3928 cum
3071 3891 3322 3930 essemus
3365 3877 3574 3930 mortui
3612 3892 3752 3947 pec-

2064 3962 2222 4029 catis,
2254 3961 2667 4015 conviviﬁcavit
2712 3978 2815 4014 nos
2847 3962 3069 4017 Christo
3117 3964 3278 4032 (Eph.
3314 3982 3369 4031 ιι,
3415 3968 3464 4031 3,
3497 3966 3549 4032 4,
3582 3969 3655 4032 5).
3722 3984 3751 4017 »

2066 4051 2226 4106 Certe
2250 4051 2354 4103 hoc
2381 4066 2443 4103 ex
2488 4065 2732 4119 persona
2782 4067 2882 4103 sua
2913 4055 2969 4103 et
3015 4057 3351 4105 caterorum
3384 4053 3638 4107 ﬁdelium
3669 4058 3754 4107 at-

2066 4155 2176 4209 que
2220 4140 2530 4192 electorum
2563 4139 2835 4208 loquitur,
2888 4145 2942 4191 et
2975 4145 3165 4192 tamen
3213 4146 3269 4194 et
3312 4156 3369 4195 se
3420 4147 3476 4195 et
3520 4148 3755 4196 cateros

2068 4227 2205 4280 vitio
2238 4228 2520 4281 damnata
2552 4242 2615 4279 ex
2654 4226 2831 4278 Adam
2865 4227 3251 4295 generationis
3292 4233 3531 4283 testatur
3561 4230 3754 4297 fuisse,

263 4317 421 4370 enim
458 4318 628 4371 Filius
652 4318 903 4371 hominis
932 4335 1208 4389 quarere,
1234 4324 1289 4371 et
1327 4321 1541 4372 salvum
1587 4321 1770 4374 facere
1803 4320 1957 4390 quod
1999 4303 2040 4356 D
2071 4320 2375 4385 antequam
2405 4330 2508 4384 per
2551 4313 2758 4368 Christi
2807 4313 3051 4383 gratiam
3092 4316 3491 4383 liberarentur,
3523 4323 3759 4372 natura-

262 4406 517 4475 perierat
547 4408 694 4476 (Luc.
732 4423 841 4473 xxx,
880 4407 984 4475 10).
1014 4428 1034 4453 ι
1080 4408 1219 4461 Cum
1258 4407 1378 4478 ipse
1428 4409 1732 4478 Apostolus
1777 4408 1959 4461 mani-

264 4494 569 4547 festissime
600 4495 704 4548 hoc
750 4496 921 4549 etiam
956 4496 1011 4548 in
1045 4496 1278 4549 Actibus
1329 4498 1721 4565 apostolorum
1770 4512 1961 4549 coram

261 4597 424 4652 rege,
461 4588 515 4635 et
541 4583 901 4653 principibus
932 4584 1110 4638 libere
1137 4584 1338 4638 Christi
1375 4585 1712 4655 mysterium
1752 4585 1959 4654 pradi-

263 4687 405 4724 cans
442 4674 741 4725 attestetur
787 4678 845 4726 et
885 4672 1148 4737 declaret,
1182 4673 1435 4727 referens
1484 4674 1731 4743 qualiter
1770 4673 1877 4727 sibi
1933 4690 1965 4726 a

264 4757 517 4812 Domino
538 4759 753 4813 dictum
786 4761 857 4813 sit
888 4761 945 4814 in
967 4762 1156 4831 prima
1188 4762 1380 4815 statim
1411 4762 1707 4816 vocatione
1739 4767 1795 4815 et
1837 4778 1968 4815 con-

266 4847 533 4901 versione
566 4866 685 4903 sua.
735 4850 826 4903 Ait
860 4866 1109 4920 namque
1158 4851 1236 4903 ita
1267 4850 1374 4904 sibi
1404 4850 1623 4905 coalitus
1663 4850 1731 4903 ab
1764 4867 1830 4903 eo
1880 4850 1965 4904 di-

266 4940 428 4988 ctum
464 4952 476 4988 :
512 4957 535 4983 (ι
563 4937 645 4989 Ad
691 4936 797 4991 hoc
828 4939 980 4992 enim
1014 4938 1256 5009 apparui
1294 4938 1421 5004 tibi,
1457 4942 1519 4990 ut
1547 4936 1891 4990 constituam
1912 4941 1969 4990 te

269 5023 623 5088 ministrum,
656 5030 711 5078 et
741 5030 942 5079 testem
976 5041 1177 5079 eorum
1199 5041 1322 5095 qua
1344 5025 1555 5090 vidisti,
1590 5030 1643 5078 et
1674 5025 1733 5079 in
1762 5025 1970 5094 quibus

272 5112 565 5181 apparebo
624 5114 726 5167 tibi
762 5131 774 5167 :
803 5114 1054 5184 eripiens
1077 5119 1130 5167 te
1161 5114 1228 5167 de
1251 5114 1464 5182 populo
1494 5118 1549 5166 ct
1589 5114 1876 5183 gentibus,
1910 5113 1971 5166 in

273 5201 489 5271 quibus
524 5217 675 5255 nunc
709 5219 815 5273 ego
849 5203 1012 5256 mitto
1043 5206 1115 5269 te,
1154 5201 1377 5272 aperire
1410 5202 1602 5255 oculos
1644 5218 1863 5267 eorum,
1911 5204 1974 5254 ut

274 5294 688 5343 convertantur
727 5308 758 5344 a
798 5291 1048 5344 tenebris
1100 5291 1166 5344 ad
1220 5291 1426 5355 lucem,
1480 5296 1535 5343 et
1582 5291 1651 5343 de
1695 5293 1973 5360 potestate

275 5378 501 5431 Satana
533 5379 597 5431 ad
636 5380 835 5444 Deum,
860 5384 923 5432 ut
947 5379 1233 5447 accipiant
1260 5377 1660 5432 remissionem
1709 5383 1971 5447 peccato-

274 5481 432 5531 rum,
466 5469 523 5519 et
561 5472 769 5520 sortem
800 5468 950 5521 inter
988 5471 1235 5535 sanctos,
1284 5483 1387 5536 per
1433 5466 1609 5519 ﬁdem
1649 5481 1772 5535 qua
1803 5468 1887 5518 est
1917 5463 1977 5517 in

278 5570 370 5609 me
429 5554 570 5619 (Act.
633 5571 778 5621 xxw,
844 5559 926 5623 16,
976 5559 1058 5610 17.
1114 5556 1220 5624 18).
1277 5576 1303 5603 »
1335 5556 1401 5608 Et
1446 5553 1716 5609 dominus
1747 5553 1866 5623 ipse
1918 5552 1975 5605 in

2068 4403 2200 4456 liter
2240 4402 2386 4456 ﬁlios
2417 4403 2537 4456 ira.
2581 4402 2742 4466 Quod
2791 4403 2927 4472 quid
2977 4414 3062 4456 est
3110 4404 3287 4471 aliud,
3339 4421 3514 4474 quam
3574 4427 3593 4454 ι
3628 4422 3762 4459 vasa

2069 4491 2190 4556 ira,
2226 4511 2253 4543 ››
2286 4506 2415 4544 vasa
2462 4491 2749 4555 vindicta,
2797 4508 2928 4544 vasa
2962 4492 3345 4546 damnationis
3391 4494 3662 4550 aeterna?
3694 4496 3761 4549 Et

2070 4579 2179 4631 hoc
2204 4593 2321 4631 non
2355 4578 2539 4644 aliter,
2578 4580 2671 4632 sed
2710 4600 2735 4625 α
2769 4580 2914 4632 sicut
2969 4584 3025 4632 et
3070 4580 3280 4647 caeteri,
3321 4603 3341 4629 ι
3377 4583 3504 4652 pari
3549 4585 3763 4638 scilicet

2069 4670 2252 4733 reatu,
2302 4665 2425 4737 pari
2466 4666 2810 4733 conditione,
2860 4667 2984 4737 pari
3037 4670 3337 4723 sententia
3373 4672 3759 4738 damnatione,

2074 4771 2203 4826 qua
2233 4756 2428 4825 procul
2459 4755 2633 4809 dubio
2665 4755 2747 4808 eis
2772 4771 2901 4808 cum
2925 4758 3144 4810 cateris
3162 4759 3430 4813 omnibus
3459 4765 3576 4812 erat
3607 4776 3759 4813 com—

2074 4843 2285 4897 munis.
2332 4844 2401 4896 Ex
2451 4859 2565 4912 qua
2625 4859 2681 4895 se
2740 4849 2796 4896 et
2858 4844 2985 4897 illos
3035 4851 3229 4915 aperte
3287 4847 3448 4900 docet
3498 4847 3764 4901 liberatos

2079 4952 2106 4983 «
2146 4947 2248 5002 per
2278 4931 2502 4985 divitias
2538 4931 2946 4986 misericordia
2998 4935 3092 4986 Dei
3132 4940 3188 4987 et
3224 4933 3459 4988 nimiam
3521 4936 3763 4990 Charita-

2074 5024 2190 5075 tem
2222 5020 2344 5089 ejus
2373 5024 2415 5069 »'
2438 5036 2550 5089 qua
2584 5020 2757 5074 etiam
2788 5022 2996 5075 talibus
3030 5023 3314 5088 subvenit,
3351 5028 3408 5077 et
3438 5024 3580 5077 tales
3632 5024 3768 5078 dili-

2078 5126 2211 5180 gere
2243 5110 2510 5177 dignatus
2561 5114 2662 5173 est,
2702 5114 2764 5162 ut
2817 5115 3078 5163 mortuos
3125 5118 3357 5180 peccato
3411 5128 3529 5166 non
3582 5113 3768 5167 solum

2079 5198 2408 5262 viviﬁcaret,
2440 5197 2538 5251 sed
2569 5198 2742 5251 etiam
2766 5214 2893 5252 eam
2914 5200 3332 5253 conviviﬁcaret
3364 5201 3606 5264 Christo,
3639 5217 3769 5254 cum

2080 5286 2202 5356 ipso
2243 5302 2338 5339 eos
2383 5302 2414 5339 a
2466 5287 2710 5340 mortuis
2766 5287 3207 5354 ressuscitando,
3267 5293 3321 5342 et
3370 5290 3439 5344 ad
3480 5290 3771 5343 dexteram

2081 5390 2242 5428 suam
2274 5375 2333 5427 in
2356 5375 2682 5437 calestibus
2712 5375 3133 5429 constituendo.

2155 5465 2268 5517 Hoc
2302 5464 2473 5517 etiam
2508 5463 2619 5517 alio
2658 5464 2776 5516 loco
2818 5463 3163 5529 sublimiter,
3197 5469 3251 5517 et
3281 5464 3453 5518 nimis
3483 5467 3777 5536 granditer

2084 5553 2449 5606 commendat
2482 5552 2675 5607 dicens
2705 5551 2774 5605 de
2820 5551 2944 5622 ipso
2979 5554 3216 5606 Domino
3260 5560 3314 5606 et
3345 5554 3632 5609 Salvatore
3679 5574 3779 5610 no-
