4108 6190
392 270 515 320 1071

1517 265 1569 317 S.
1615 263 1887 319 REMIGII
1928 262 2397 320 LUGDUNENSIS
2440 264 2743 320 EPISCOPI

3744 276 3760 325 1
3774 275 3873 325 072

384 403 531 464 stro;
554 415 578 449 α
607 397 806 451 Delens
825 396 976 463 quod
1002 396 1301 448 adversum
1327 410 1430 447 nos
1466 400 1590 449 erat
1623 395 2072 465 chirographum
2111 402 2154 452 A
2186 395 2309 462 ejus
2340 400 2395 446 et
2423 394 2565 448 iram
2600 412 2713 465 qua
2761 396 3061 450 adversum
3098 412 3198 450 vos
3231 398 3502 452 excitatus
3544 399 3735 453 delere
3781 417 3876 454 vos

383 486 612 552 decreti,
647 487 797 556 quod
833 490 954 537 erat
992 483 1343 537 contrarium
1394 485 1579 549 nobis,
1625 491 1682 537 et
1713 485 1903 554 ipsum
1945 486 2077 537 tulit

382 576 451 628 de
498 575 684 627 medio
731 573 991 642 affligens
1038 572 1181 625 illud
1217 573 1370 625 cruci
1408 590 1419 625 :
1466 574 1789 642 exspolians
1821 590 1879 625 se
1906 589 2072 625 carne

381 663 733 732 principatus
763 666 817 714 et
847 666 1151 730 potestates
1185 661 1437 714 traduxit
1467 661 1678 731 palam,
1714 661 2073 731 triumphans

380 752 509 804 illos
560 750 617 802 in
677 751 983 818 semetipso
1036 751 1162 817 (Col.
1216 766 1274 815 II,
1338 750 1419 814 14,
1470 750 1576 819 15).
1630 770 1657 797 ››
1697 751 1863 803 Juxta
1919 750 2073 802 hunc

378 855 628 909 namque
667 838 1052 892 venerabilem
1083 842 1137 890 et
1179 837 1501 890 mirabilem
1549 838 1809 907 Apostoli
1840 853 2070 891 sensum

375 928 497 997 ipse
543 928 818 981 Dominus
869 932 923 980 et
980 928 1255 992 Salvator,
1315 926 1535 996 antiqui
1581 927 1814 991 decreti,
1870 926 1924 980 id
1990 931 2072 979 est

376 1017 628 1087 antiquas
661 1014 1046 1069 damnationis
1074 1020 1127 1067 et
1149 1014 1570 1084 praetinitionis,
1592 1032 1703 1085 qua
1738 1016 1795 1068 in
1826 1020 2069 1068 mortem

374 1107 645 1158 aeternam
672 1104 895 1170 merito,
921 1119 986 1156 ac
1009 1104 1164 1173 juste
1195 1103 1719 1173 prmeipitabamur,
1756 1106 2071 1173 chyrogra—

372 1192 574 1261 phum,
609 1192 760 1263 quod
792 1192 1000 1244 nostris
1032 1191 1302 1260 operibus
1338 1196 1612 1261 tanquam
1649 1193 1898 1261 propriis
1949 1208 2069 1245 ma-

372 1280 544 1333 nibus
564 1296 695 1333 cum
721 1279 947 1333 diabolo
970 1280 1308 1344 feceramus,
1340 1301 1368 1328 «
1397 1280 1613 1333 venditi
1632 1281 1738 1333 sub
1764 1285 2014 1349 peccato,
2039 1300 2066 1328 »

375 1372 433 1422 et
464 1369 585 1437 ejus
636 1384 739 1421 nos
765 1368 1021 1421 servituti
1061 1369 1347 1421 tradentes
1387 1385 1490 1421 suo
1530 1369 1809 1439 sanguine
1840 1369 2067 1423 delevit.

372 1456 517 1520 Quia
551 1478 571 1503 c
608 1456 726 1526 ipse
767 1460 851 1509 est
879 1472 1059 1526 agnus
1112 1456 1209 1509 Dei
1253 1457 1351 1526 qui
1400 1456 1547 1510 tollit
1588 1464 1818 1526 peccata
1869 1457 2069 1511 mundi

375 1547 552 1615 (Joan.
590 1562 625 1609 ι,
660 1547 791 1614 29);
825 1565 850 1591 ››
886 1550 1167 1614 quatenus
1207 1561 1307 1614 per
1341 1546 1449 1598 tale
1470 1563 1533 1598 ac
1562 1550 1787 1599 tantum
1822 1546 2068 1615 pretium

375 1635 561 1686 soluto
592 1648 656 1685 ac
702 1632 887 1686 deleto
934 1633 1331 1703 chyrographo
1378 1634 1617 1703 peccati,
1666 1635 1980 1688 solveretur
2012 1640 2067 1688 et

2184 484 2362 535 voluit
2389 484 2567 551 (Deut.
2603 500 2674 549 IX,
2720 486 2829 552 19).
2870 505 2888 530 ι)
2928 485 2989 536 Et
3022 492 3147 553 post
3175 485 3368 555 aliqua
3404 504 3531 540 cum
3590 470 3877 559 supplica—

2180 571 2352 623 tionis
2382 588 2518 633 suae,
2548 587 2720 640 quam
2768 588 2871 641 pro
2917 572 3069 624 illius
3130 572 3463 627 offensionis
3515 575 3878 645 indulgentia

2182 660 2331 728 apud
2372 660 2550 712 Deum
2582 660 2807 713 fuderat
2836 661 3218 714 humilitatem
3255 667 3310 714 et
3339 663 3670 716 instantiam
3720 679 3877 717 com-

2182 748 2529 815 mendasset,
2568 749 2862 818 subjunxit
2901 754 3071 818 atque
3113 750 3194 802 ait
3227 767 3239 802 :
3290 770 3316 799 a
3353 752 3414 803 Et
3461 752 3745 804 exaudivit
3790 768 3878 805 me

2180 837 2458 891 Dominus
2489 837 2661 891 etiam
2686 838 2788 890 hac
2817 839 2955 903 vice,
2981 844 3035 890 et
3051 843 3106 891 te
3126 839 3363 907 perdere
3388 841 3572 892 noluit
3605 839 3815 910 (ibid.).
3853 862 3877 892 ι

2180 925 2317 978 Ecce
2350 926 2629 995 populum
2661 931 3059 979 contumacem
3104 931 3160 980 et
3210 928 3479 981 rebellem
3508 930 3878 999 omnipotens

2180 1012 2329 1063 Deus
2364 1012 2522 1081 justa
2576 1011 2972 1082 indignatione
3036 1018 3358 1066 commotus
3404 1014 3592 1068 delere
3646 1016 3876 1069 voluit:

2179 1099 2330 1168 quod
2363 1098 2562 1169 utique
2596 1116 2729 1153 eum
2767 1100 3013 1153 voluisse
3046 1117 3180 1169 non,
3211 1102 3359 1172 quod
3394 1102 3560 1163 absit,
3599 1103 3880 1157 fallaciter

2178 1188 2278 1240 sed
2344 1188 2620 1241 veraciter
2679 1188 2973 1258 Scriptura
3026 1190 3207 1243 dicit:
3263 1191 3326 1243 Et
3377 1194 3571 1243 tamen
3621 1192 3878 1260 idipsum

2177 1280 2374 1344 postea
2406 1275 2589 1330 ﬁdelis
2617 1276 2820 1331 famuli
2852 1293 3017 1346 prece
3043 1283 3101 1331 et
3140 1279 3554 1348 supplicatione
3592 1280 3875 1349 placatus,

2179 1364 2357 1417 libera
2382 1365 2658 1432 bonitate,
2691 1372 2747 1420 et
2777 1366 3169 1421 misericordia
3192 1383 3296 1421 sua
3326 1368 3529 1422 noluit.
3571 1371 3695 1422 Non
3722 1370 3877 1440 quod

2178 1453 2237 1505 in
2271 1454 2391 1522 ejus
2416 1456 2708 1508 voluntate
2743 1456 2858 1509 ulla
2887 1456 2961 1510 sit
2990 1456 3296 1524 mobilitas,
3350 1479 3375 1505 ‹‹
3411 1459 3562 1527 apud
3615 1475 3815 1528 quem,
3849 1478 3874 1507 ιι

2174 1542 2335 1610 juxta
2366 1544 2762 1611 apostolum,«
2797 1561 2909 1598 non
2936 1550 3020 1598 est
3072 1545 3498 1613 transmutatio,
3550 1563 3655 1599 nec
3702 1548 3877 1600 vicis—

2179 1630 2442 1684 situdinis
2491 1631 2853 1685 obumbratio
2899 1634 3032 1703 (Jac.
3073 1650 3110 1698 ι,
3162 1635 3300 1701 17);)
3352 1656 3379 1683 ››
3412 1636 3509 1688 sed
3536 1637 3671 1705 quia
3699 1636 3778 1688 ita
3818 1635 3880 1687 il-

368 1721 656 1774 vinculum
692 1721 922 1787 decreti,
958 1697 1312 1791 quodvno-bis
1340 1697 1419 1775 ita
1450 1727 1572 1776 erat
1602 1697 1978 1789 contrarium,
2011 1729 2063 1777 et
2106 1697 2145 1749 Β
2178 1718 2279 1772 lud
2314 1720 2467 1787 justa
2515 1719 2815 1775 severitate
2865 1697 3233 1785 decreverat,’
3260 1697 3330 1776 ut
3382 1722 3433 1776 id
3486 1697 3685 1792 postea
3731 1723 3879 1776 mira

369 1810 448 1863 ita
487 1826 587 1863 nos
635 1810 845 1863 fecerat
895 1809 1193 1877 obnoxios,
1241 1816 1297 1863 et
1348 1810 1606 1864 subditos
1667 1811 1949 1878 servituti,
2007 1817 2070 1865 ut

367 1915 535 1974 nemo
558 1904 818 1952 nostrum
850 1904 1020 1969 caput
1052 1904 1243 1969 posset
1274 1899 1515 1969 erigere.
1568 1900 1632 1954 Et
1685 1901 1876 1971 ipsum
1938 1902 2069 1955 tulit

371 1988 439 2040 de
471 1987 684 2053 medio,
738 2003 807 2041 ne
847 1992 993 2041 esset
1018 1988 1139 2057 jam
1187 1988 1566 2056 obstacnlum,
1627 1992 1684 2042 et
1735 1989 2065 2043 interclusio

367 2074 520 2128 inter
551 2092 651 2128 nos
683 2080 741 2128 et
768 2076 983 2144 Deum;
1010 2076 1175 2145 juxta
1196 2076 1345 2145 quod
1374 2076 1657 2146 propheta
1686 2076 1821 2129 dicit
1848 2093 1859 2129 :
1903 2097 1930 2124 ‹‹
1960 2076 2066 2131 Sed

367 2162 699 2233 iniquitates
728 2167 931 2217 vestrae
972 2162 1289 2217 diviserunt
1322 2164 1473 2217 inter
1518 2180 1615 2218 vos
1654 2168 1709 2217 et
1759 2166 1935 2218 Deum
1974 2181 2065 2218 ve-

368 2256 548 2304 strum
579 2254 711 2320 (Isa.
744 2267 850 2317 LIX,
885 2250 962 2321 2),
988 2273 1014 2299 ››
1048 2252 1143 2304 sed
1187 2256 1409 2321 pateret
1447 2252 1668 2305 homini
1698 2252 1842 2305 liber
1884 2254 2065 2307 aditus

369 2345 425 2393 et
468 2356 762 2409 regressus
809 2340 880 2393 ad
914 2340 1279 2395 Conditorem
1333 2358 1520 2395 suum.
1578 2362 1596 2389 ι
1633 2342 1885 2411 Aftigens
1924 2342 2063 2396 illud

368 2428 542 2496 cruci,
580 2452 599 2476 ι»
647 2429 784 2482 dum
817 2429 1071 2499 ejusdem
1112 2430 1329 2499 peccati
1361 2430 1564 2497 nostri,
1607 2446 1735 2500 quae
1767 2429 1930 2484 nobis
1960 2431 2065 2484 de-

366 2516 633 2585 bebatur,
672 2533 903 2586 pmnam
955 2538 981 2565 ‹‹
1015 2517 1073 2569 in
1116 2533 1304 2583 carne,
1342 2539 1369 2565 ››
1428 2534 1602 2587 quam
1660 2520 1907 2589 suscepit
1962 2535 2065 2588 pro

370 2605 555 2670 nobis,
589 2622 655 2658 ex
689 2607 856 2659 nobis
887 2606 1009 2675 ipse
1044 2606 1335 2669 sustinuit,
1367 2611 1668 2660 attestante
1714 2608 1883 2660 etiam
1931 2624 2061 2676 pro-

369 2694 562 2763 pheta,
599 2694 697 2763 qui
720 2694 836 2747 ait:
867 2712 894 2743 «
928 2695 1067 2747 Vere
1096 2694 1406 2763 languores
1433 2700 1656 2748 nostros
1674 2695 1794 2764 ipse
1826 2696 1979 2761 tulit,
2009 2701 2065 2749 et

373 2781 603 2834 dolores
661 2785 887 2834 nostros
938 2781 1058 2852 ipse
1103 2782 1351 2852 portavit
1405 2783 1536 2853 (Isa.
1610 2798 1724 2851 LIII,
1780 2784 1854 2854 4).
1913 2806 1934 2833 ι
1995 2816 2062 2823 -

371 2893 396 2917 ‹‹
432 2869 767 2939 Exspolians
815 2886 875 2923 se
906 2885 1098 2935 carne,
1136 2870 1195 2923 id
1229 2875 1314 2923 est
1344 2870 1747 2925 indumentum
1788 2872 2061 2942 corporis,

370 2959 600 3029 quando
631 2958 829 3023 voluit,
856 2975 957 3011 sua
1003 2962 1224 3028 sponte,
1269 2975 1369 3011 sua
1419 2963 1699 3028 potestate
1747 2960 2058 3029 deponens.

373 3068 399 3091 ‹‹
433 3047 573 3101 Cum
616 3048 768 3099 enim
818 3047 1126 3116 accepisset
1166 3052 1410 3113 acetum,
1445 3069 1472 3095 »
1522 3048 1669 3101 sicut
1703 3048 1781 3101 ait
1822 3064 2063 3119 evange-

368 3135 514 3201 lista,
546 3158 573 3182 ‹‹
605 3136 781 3189 dixit:
820 3138 1292 3189 Consummatum
1326 3140 1427 3201 cst,
1462 3141 1520 3189 et
1560 3135 1832 3190 inclinato
1881 3139 2063 3208 capite

368 3224 608 3277 tradidit
651 3223 918 3293 spiritum
978 3225 1155 3291 (Joan.
1187 3240 1303 3290 xux,
1358 3226 1469 3290 30),
1507 3242 1532 3275 ι
1580 3226 1679 3294 qui
1708 3226 1883 3279 etiam
1933 3230 2063 3280 ante

368 3312 586 3366 dixerat
618 3336 627 3365 :
664 3314 1008 3365 Potestatcm
1055 3313 1235 3365 habeo
1280 3312 1534 3381 ponendi
1566 3313 1817 3366 animam
1854 3329 2061 3380 meam,

368 3404 424 3453 et
475 3404 817 3469 potestatem
872 3401 1054 3453 habeo
1105 3400 1314 3453 iterum
1367 3401 1634 3455 sumendi
1684 3418 1851 3455 eam:
1894 3419 2062 3457 nemo

366 3490 517 3543 tollit
545 3505 671 3542 eam
702 3505 734 3542 a
766 3505 878 3555 me,
913 3489 1009 3542 sed
1038 3504 1144 3558 ego
1176 3504 1326 3558 pono
1359 3504 1483 3542 eam
1517 3506 1548 3541 a
1581 3490 1799 3559 meipso
1851 3494 1914 3543 ut
1958 3491 2061 3545 ite-

369 3593 497 3631 rum
533 3593 757 3630 sumam
787 3593 912 3630 eam
945 3576 1131 3646 (Joan.
1156 3595 1207 3643 x,
1235 3577 1341 3647 l7).
1374 3599 1401 3626 »
1433 3606 1503 3618 -
1539 3596 1565 3629 ‹‹
1607 3578 1964 3648 Principatus
2009 3586 2065 3634 et

368 3669 682 3735 potestates
728 3665 983 3718 traduxit
1031 3665 1240 3735 palam.
1301 3666 1655 3736 Principatus
1698 3667 1960 3722 videlicet
2007 3673 2061 3722 et

369 3758 677 3823 potestates
706 3753 1015 3823 spirituum
1051 3754 1439 3823 malignorum
1479 3755 1693 3809 diaboli
1721 3760 1776 3809 et
1823 3757 2063 3826 angelo-

369 3858 498 3895 rum
530 3842 672 3913 ejus,
698 3842 798 3913 qui
831 3846 961 3895 ante
988 3842 1048 3895 in
1079 3858 1289 3912 genere
1311 3844 1565 3898 humano
1600 3860 1632 3897 a
1658 3860 1715 3898 se
1744 3844 1978 3914 decepto
2006 3850 2064 3898 et

368 3931 649 4000 captivato
680 3931 836 3983 velut
886 3930 1067 3984 libere
1123 3930 1595 3999 dominabantur,
1649 3933 2060 3999 dehonestavit,

367 4020 715 4073 contumelia
766 4024 821 4072 et
873 4019 1193 4088 ignominia
1237 4021 1548 4085 denotavit,
1581 4027 1751 4091 atque
1800 4022 2060 4076 omnium

368 4108 749 4173 credentium,
779 4113 834 4160 et
862 4108 1309 4178 intclligentium
1334 4110 1514 4163 oculis
1538 4110 1908 4164 manifestum
1940 4127 2061 4164 esse

366 4196 519 4249 fecit.
562 4218 589 4246 α
619 4195 1005 4265 Triumphans
1057 4196 1184 4248 illos
1231 4197 1291 4249 in
1346 4197 1724 4266 semetipso,»
1767 4197 1904 4251 dum
1954 4215 2059 4251 suo

2178 1807 2390 1876 pietate
2426 1812 2481 1861 et
2518 1808 2673 1877 justa
2728 1809 3148 1864 interveniente
3189 1827 3358 1863 causa
3401 1811 3695 1865 relaxarat.
3745 1812 3879 1864 Tale

2179 1898 2262 1949 est
2295 1895 2437 1949 illud
2468 1897 2621 1967 quod
2653 1901 2708 1950 et
2736 1897 2793 1951 in
2825 1899 3025 1952 eodem
3058 1899 3362 1967 Scriptura:
3404 1899 3529 1953 loco
3558 1900 3627 1953 de
3683 1902 3875 1953 Aaron

2177 1983 2488 2050 sacerdote,
2521 1984 2621 2055 qui
2642 1985 2938 2056 sacrilegio
2964 1987 3185 2056 populi,
3210 1987 3269 2039 in
3300 1988 3461 2039 vituli
3494 1987 3873 2041 fabricatione

2178 2078 2234 2126 et
2282 2071 2611 2127 celebritate
2650 2074 2783 2127 licet
2824 2074 3035 2127 invitus
3089 2079 3354 2143 cesserat,
3386 2074 3596 2128 dicitur
3628 2091 3639 2127 :
3708 2095 3735 2125 ι(
3770 2076 3875 2130 Ad-

2176 2177 2371 2215 versus
2402 2164 2588 2216 Aaron
2628 2179 2858 2233 quoque
2889 2164 3259 2216 vehementer
3292 2163 3471 2216 iratus
3502 2164 3685 2216 voluit
3735 2181 3870 2219 eum

2175 2254 2489 2303 conterere.
2550 2252 2613 2304 Et
2668 2267 2772 2319 pro
2841 2251 2937 2304 illo
2992 2251 3258 2304 similiter
3328 2252 3668 2321 deprecatus
3745 2270 3873 2307 sum

2174 2336 2347 2407 (Deut.
2383 2354 2455 2404 ix,
2482 2338 2590 2409 20),
2628 2360 2656 2388 ››
2688 2338 2842 2392 Sicut
2872 2355 3008 2409 ergo
3040 2338 3100 2391 in
3140 2338 3229 2392 his
3273 2339 3630 2393 evidentibus
3675 2341 3869 2405 rebus,

2174 2432 2231 2479 et
2262 2426 2414 2481 aliud
2451 2427 2675 2496 justitia
2710 2428 2976 2495 decrevit,
3011 2430 3085 2494 iet
3115 2427 3271 2481 aliud
3298 2428 3550 2481 bonitate
3581 2428 3741 2495 fecit,
3769 2446 3873 2482 nec

2174 2514 2283 2567 sibi
2305 2515 2495 2583 justus
2527 2520 2583 2569 et
2608 2516 2925 2570 misericors
2946 2517 3161 2586 aliquid
3197 2518 3547 2571 contrarium
3578 2518 3715 2587 egit,
3734 2518 3871 2571 dum

2174 2606 2230 2655 et
2264 2602 2344 2655 ibi
2388 2603 2692 2673 justitiam,
2732 2609 2787 2658 et
2831 2605 2924 2658 hic
2971 2605 3421 2658 misericordiam
3467 2606 3867 2660 conservavit:

2176 2690 2255 2744 ita
2327 2693 2580 2762 profecto
2639 2698 2694 2745 et
2751 2693 2810 2746 in
2864 2694 2959 2747 illa
3014 2693 3394 2747 destinatione
3445 2694 3621 2747 totius
3670 2710 3873 2747 massaa

2172 2779 2455 2835 damnatas
2490 2782 2559 2835 ad
2590 2781 2906 2844 interitum,
2941 2782 3089 2851 quod
3116 2782 3268 2851 jnsta
3301 2782 3599 2836 severitate
3632 2799 3873 2851 genera-

2173 2869 2305 2922 liter
2331 2870 2529 2923 statuit
2557 2869 2880 2939 specialiter
2908 2870 3040 2924 inde
3078 2887 3221 2940 quos
3251 2871 3430 2923 voluit
3456 2870 3725 2941 eligendo
3761 2871 3869 2923 mi-

2103 2982 2142 3035 ρ
2176 2958 2356 3011 serico
2366 2958 2539 3012 rditer
2551 2959 2909 3027 temperavit.
2933 2959 3055 3012 Non
3076 2959 3414 3029 cujusquam
3428 2960 3868 3030 supplicatione,

2174 3045 2273 3099 sed
2312 3046 2463 3115 quod
2497 3050 2581 3098 est
2626 3045 2995 3099 ineffabiliter
3024 3046 3243 3115 gratius
3291 3050 3345 3099 et
3385 3045 3869 3116 magnificentius,

2173 3136 2295 3187 solo
2329 3134 2601 3187 bonitatis
2630 3150 2748 3187 suae
2773 3134 3106 3203 dignatione
3137 3140 3192 3187 et
3243 3134 3609 3187 miseratione
3642 3139 3865 3187 utrum-

2171 3240 2284 3294 que
2331 3228 2522 3276 tamen
2581 3223 2749 3276 simul
2798 3223 2857 3276 in
2910 3227 3124 3276 interno
3186 3223 3286 3276 Dei
3345 3222 3580 3276 consilio
3636 3238 3871 3292 semper

2171 3311 2345 3365 fuisse
2396 3311 2542 3365 nulli
2594 3311 2851 3365 ﬁdelium
2892 3311 3158 3366 dubitare
3216 3312 3364 3365 licet.
3419 3312 3560 3374 Quia
3602 3313 3869 3382 quamvis

2164 3402 2328 3470 juxta
2360 3400 2617 3454 ordinem
2656 3416 2847 3454 rerum
2884 3401 3289 3471 temporalium
3324 3401 3606 3471 praecedat
3654 3400 3715 3453 in
3764 3417 3865 3470 ge-

2172 3506 2306 3543 nere
2332 3489 2759 3558 humanojusta
2791 3490 2886 3543 illa
2922 3490 3231 3553 damnatio,
3266 3495 3322 3543 et
3360 3489 3740 3559 subsequatur
3764 3490 3869 3543 illa

2171 3578 2491 3632 misericors
2543 3578 2745 3632 exinde
2792 3578 3077 3644 liberatio,
3136 3579 3288 3648 apud
3346 3582 3617 3631 aeternam
3665 3583 3867 3632 tamen

2171 3672 2345 3737 atque
2367 3666 2901 3721 incommutabilem
2931 3668 3252 3733 veritatem,
3289 3667 3385 3721 ubi
3423 3666 3563 3719 nihil
3592 3672 3675 3720 est
3707 3672 3864 3731 ante,

2169 3754 2313 3808 nihil
2362 3761 2596 3825 postea,
2670 3756 2767 3809 sed
2829 3756 3023 3809 omnia
3091 3759 3148 3809 et
3202 3756 3504 3826 aequaliter
3555 3760 3612 3808 et
3666 3756 3864 3822 simul,

2168 3848 2286 3897 tam
2314 3845 2695 3913 praecedentia
2739 3844 2953 3898 scilicet
2984 3861 3153 3915 quam
3194 3844 3621 3914 subsequentia,
3665 3844 3731 3896 in
3773 3860 3863 3897 re-

2170 3932 2276 3986 bus
2317 3933 2689 3987 mutabilibus
2735 3950 2851 3987 uno
2883 3940 3197 3987 cernuntur
3226 3933 3460 3999 intuitu,
3511 3949 3627 3986 uno
3667 3933 3863 4000 dispo—

2168 4025 2390 4074 nuntur
2418 4027 2591 4088 nutu;
2636 4028 2947 4093 utrumque
2997 4024 3084 4093 (ut
3122 4022 3338 4075 dictum
3386 4024 3493 4090 est)
3547 4027 3603 4075 et
3646 4022 3861 4090 sempi-

2167 4114 2331 4162 terna
2344 4111 2703 4179 praescientia
2723 4112 3162 4181 prae-cognitum,
3184 4116 3240 4164 et
3262 4110 3615 4179 sempiterna
3626 4108 3865 4179 disposi-

2166 4197 2323 4250 tione
2353 4203 2575 4253 constat
2604 4215 2723 4253 esse
2752 4198 3052 4269 praefixum
3079 4214 3143 4252 ac
3176 4198 3551 4267 praeﬁnitum.

366 4284 618 4353 pretioso
658 4283 937 4352 sanguine
984 4288 1215 4353 peccata
1260 4284 1458 4338 mundi
1491 4285 1718 4339 delevit.
1758 4288 1940 4356 Atque
1980 4286 2058 4340 ita
2098 4303 2140 4356 D
2245 4286 2320 4339 De
2341 4285 2446 4339 hac
2474 4286 2793 4355 justissima
2822 4292 2878 4340 et
2908 4287 3163 4358 generali
3194 4287 3365 4340 totius
3405 4287 3646 4341 humani
3685 4302 3859 4357 gene-

367 4388 564 4425 causas
600 4372 682 4424 eis
727 4372 975 4441 antiquae
1027 4371 1411 4426 damnationis
1461 4378 1515 4426 et
1556 4374 1912 4444 principatus
1959 4375 2056 4428 ab-

365 4459 541 4521 stulit,
578 4464 632 4512 et
664 4474 767 4529 per
796 4458 1061 4528 simplam
1098 4464 1340 4513 mortem
1374 4460 1557 4513 carnis
1599 4478 1737 4528 suae,
1772 4462 2058 4533 duplicem

366 4552 609 4601 mortem
634 4550 894 4601 omnium
926 4549 1237 4602 electorum
1287 4565 1520 4603 suorum
1573 4551 1863 4612 destruxit,
1908 4551 2057 4605 libe-

365 4652 496 4691 rans
526 4652 622 4691 eos
647 4641 703 4690 et
740 4653 770 4689 a
803 4642 981 4690 morte
1014 4637 1219 4691 animm
1249 4654 1352 4709 per
1380 4639 1803 4709 indulgentiam
1853 4657 2053 4710 pecca-

364 4730 573 4793 torum,
627 4730 684 4779 et
734 4742 768 4779 a
823 4730 1002 4779 morte
1056 4726 1311 4796 corporis
1360 4743 1463 4796 per
1522 4728 1957 4782 resurrectionis
2002 4734 2059 4782 et

364 4813 815 4868 immortalitatis
846 4819 1150 4884 tropmum.

434 4904 489 4957 Si
521 4908 709 4956 autem
735 4908 789 4955 et
832 4903 938 4955 hoc
973 4904 1232 4971 erigitur,
1281 4908 1344 4956 ut
1373 4903 1441 4956 de
1480 4903 1787 4972 Scripturis
1821 4905 2057 4975 aliquod

360 4991 757 5045 testimonium
783 4991 1163 5059 proferamus,
1189 4990 1285 5042 ubi
1308 4990 1493 5044 simile
1516 4992 1733 5061 aliquid
1763 4994 1821 5045 in
1850 4993 2056 5047 divinis

361 5079 627 5150 operibus
650 5083 871 5148 gestum
905 5078 1135 5148 legitur,
1171 5078 1388 5131 scilicet
1428 5083 1489 5132 ut
1532 5081 1683 5149 quod
1722 5081 1923 5149 judicii
1968 5082 2056 5134 sui

362 5168 633 5238 aequitate
665 5172 720 5219 et
748 5169 1047 5220 severitate
1072 5167 1341 5232 decrevit,
1365 5167 1634 5221 bonitatis
1656 5174 1711 5222 et
1734 5169 2055 5223 misericor-

358 5257 467 5310 diae
496 5272 612 5309 sua:
646 5259 922 5324 potestate
947 5254 1271 5320 indulserit,
1308 5261 1476 5325 atque
1508 5256 1564 5309 in
1590 5257 1803 5311 bonum
1826 5274 2057 5312 conver-

358 5346 510 5407 terit,
539 5344 680 5397 illud
713 5343 771 5395 in
814 5344 1081 5413 praesenti
1126 5345 1374 5397 occurrit
1403 5346 1556 5414 quod
1605 5345 1805 5398 beatus
1841 5346 2056 5417 Moyses

356 5432 589 5498 populo,
623 5430 714 5485 cui
740 5431 991 5501 regendo
1015 5436 1072 5485 et
1094 5431 1427 5486 deducendo
1449 5438 1715 5502 prmerat,
1752 5434 1821 5487 de
1851 5436 2054 5490 eodem

357 5518 749 5587 omnipotente
779 5521 892 5574 Deo
923 5520 1095 5574 dicit:
1135 5542 1154 5567 α
1186 5521 1371 5575 Timui
1401 5522 1557 5575 enim
1586 5522 2049 5592 indignationem

2167 4372 2245 4426 ris
2272 4389 2377 4443 per
2408 4374 2592 4430 Adam
2628 4376 3018 4441 damnatione,
3064 4381 3122 4429 et
3164 4392 3267 4447 per
3316 4376 3550 4430 unicum
3583 4376 3861 4429 mediato-

2168 4476 2289 4513 rem
2331 4477 2394 4539 ac
2432 4462 2922 4517 reconciliatorem
2969 4464 3069 4517 Dei
3111 4471 3168 4517 et
3211 4464 3517 4518 hominum
3551 4464 3861 4518 Dominum

2168 4554 2428 4603 nostrum
2443 4552 2470 4604 J
2476 4567 2634 4604 esum
2653 4552 2938 4605 Christum
2952 4552 3487 4607 misericordissima
3500 4564 3556 4607 et
3567 4553 3675 4607 ben
3687 4553 3861 4623 ignis-

2169 4638 2313 4691 sima
2342 4639 2637 4693 ablutione
2669 4641 2839 4710 plena
2868 4646 2953 4695 est
2998 4642 3287 4711 Scriptura
3319 4647 3533 4708 sancta,
3572 4644 3718 4695 sicut
3740 4642 3861 4711 jam

2168 4742 2339 4795 supra
2371 4727 2619 4782 breviter
2649 4733 2938 4783 ostensum
2973 4734 3085 4795 est;
3136 4730 3288 4799 pleni
3327 4736 3456 4783 sunt
3509 4731 3683 4784 etiam
3729 4730 3865 4783 libri

2168 4815 2465 4868 beatorum
2499 4817 2756 4877 Patrum,
2803 4833 2866 4870 ex
2899 4833 3145 4887 quorum
3187 4819 3353 4872 dictis
3398 4819 3468 4871 ad
3526 4818 3862 4873 adiﬁcatio-

2168 4920 2300 4957 nem
2323 4908 2378 4957 et
2398 4905 2893 4959 confirmationem
2922 4908 3236 4976 legentium
3265 4907 3357 4960 hic
3388 4908 3580 4977 aliqua
3616 4908 3863 4977 subjuno

2168 5006 2301 5059 gere
2335 4997 2391 5045 et
2419 4998 2645 5062 gratum
2669 4998 2723 5046 et
2756 4994 3136 5047 necessarium
3166 4996 3403 5048 omnino
3437 4996 3724 5049 duximus.

2242 5082 2442 5134 Beatus
2503 5082 2694 5152 itaque
2729 5083 2973 5137 Hilarius
3007 5100 3297 5153 exponens
3332 5085 3505 5138 verba
3581 5086 3857 5155 Apostoli,

2167 5186 2295 5241 quas
2326 5170 2587 5240 superius
2609 5171 2928 5240 posuimus,
2957 5172 3009 5225 id
3062 5178 3163 5235 est,
3199 5173 3296 5227 ubi
3348 5174 3417 5226 de
3452 5174 3695 5228 Domino
3726 5174 3804 5226 ait
3845 5189 3859 5224 :

2168 5278 2196 5309 «
2231 5260 2435 5312 Delens
2465 5260 2619 5329 quod
2652 5260 2951 5314 adversum
2984 5278 3089 5314 nos
3120 5267 3241 5314 erat
3273 5261 3717 5333 chirographum
3756 5262 3861 5315 de-

2165 5347 2302 5401 creti
2336 5348 2467 5418 (Col.
2504 5365 2567 5413 ιι,
2599 5350 2702 5418 14),
2742 5371 2762 5396 ι
2796 5354 2851 5402 et
2880 5354 3084 5403 caetera
3117 5351 3183 5404 de
3209 5350 3314 5404 hac
3345 5365 3405 5405 re
3450 5352 3529 5405 ita
3560 5351 3811 5422 loquitur
3842 5367 3857 5404 :

2168 5436 2435 5509 [Carnem
2474 5436 2627 5490 enim
2676 5438 2893 5507 peccati
2947 5439 3180 5508 recepit,
3228 5445 3295 5493 ut
3349 5440 3409 5493 in
3467 5440 3859 5510 assumptione

2163 5525 2347 5578 carnis
2374 5530 2586 5579 nostras
2618 5526 2859 5582 deliccta
2877 5527 3139 5594 donaret,
3166 5528 3302 5581 dum
3334 5528 3459 5598 ejus
3485 5529 3550 5583 ﬁt
3568 5529 3857 5598 particeps
