4108 6190
264 313 404 366 1073

1304 312 1391 365 DE
1433 312 1785 367 GENERALI
1832 312 1963 368 PER
2006 313 2197 367 ADAM
2246 311 2716 366 DAMNATIONE.

3632 313 3769 365 1074

260 440 657 512 assumptione
683 457 797 495 non
828 441 1088 507 crimine,
1111 442 1305 495 delens
1328 457 1429 512 per
1458 449 1703 496 mortem
1726 448 1955 497 seuten-
1994 446 2040 497 A
2072 442 2382 497 resurrexit
2413 457 2446 494 a
2491 442 2752 509 mortuis,
2798 443 2921 512 jam
2968 458 3081 495 non
3121 441 3402 496 morietur
3456 443 3631 511 (Rom.
3690 461 3763 511 vx,

260 531 403 585 tiam
433 532 655 597 mortis,
690 536 752 583 ut
786 546 932 583 nova
974 531 1031 583 in
1072 547 1131 583 se
1162 532 1341 583 nostri
1393 532 1619 600 generis
1671 531 1960 586 creatione

260 619 730 673 constitutionem
764 618 973 673 decreti
1024 620 1332 672 anterioris
1376 620 1650 686 aboleret,
1701 621 1854 673 cruci
1900 637 1958 674 se

262 708 605 777 permittens
635 706 759 776 ﬁgi,
792 712 853 760 ut
898 707 1201 760 maledicto
1235 708 1417 760 crucis
1449 708 1747 760 obliterata
1779 714 1955 761 terre-

264 812 355 849 nae
401 795 787 849 damnationis
836 795 1134 848 maledicta
1184 794 1495 863 contigeret
1539 790 1769 861 omnia;
1803 802 1859 849 et
1888 797 1959 849 ad

259 884 536 938 ultimum
584 884 645 936 in
692 883 925 937 homine
968 888 1185 953 passus,
1239 888 1298 935 ut
1348 890 1656 952 potestates
1706 886 1958 939 dehone-

260 978 460 1037 staret,
514 973 651 1026 dum
712 974 857 1027 Deus
899 973 1211 1026 secundum
1258 973 1577 1043 Scripturas
1624 974 1957 1042 moriturus,

260 1065 322 1114 et
356 1060 414 1113 in
443 1060 532 1113 his
579 1060 857 1113 vincentis
906 1060 964 1113 in
1019 1078 1075 1113 se
1125 1061 1333 1115 ﬁducia
1384 1063 1783 1131 triumpharet,
1819 1063 1958 1115 dum

263 1148 612 1202 immortalis
636 1149 777 1217 ipse,
802 1165 988 1217 neque
1018 1153 1201 1203 morte
1230 1151 1542 1203 Vincendus
1576 1166 1677 1220 pro
1700 1150 1959 1203 morien-

263 1237 411 1291 tium
443 1238 761 1290 aaternitate
797 1236 1159 1309 moreretur.]

333 1361 475 1413 Item
506 1377 636 1413 cum
669 1365 979 1431 exponeret
1012 1361 1181 1414 verba
1211 1360 1416 1430 psalmi
1444 1361 1652 1431 quibus
1675 1362 1744 1415 ad
1777 1363 1955 1415 Deum

259 1448 501 1502 dicitur:
540 1471 559 1496 α
611 1448 753 1512 Quia
790 1449 943 1518 apud
984 1454 1037 1502 te
1084 1449 1412 1519 propitiatio
1444 1455 1532 1502 est
1565 1452 1730 1519 (Psal.
1768 1466 1952 1517 cxxrx,

254 1537 353 1605 4):
393 1558 414 1583 ι
452 1538 569 1608 [Est
600 1537 776 1601 enim,
811 1537 1018 1607 inquit,
1054 1538 1385 1607 unigenitus
1435 1539 1534 1591 Dei
1579 1538 1769 1604 Filius,
1809 1540 1955 1592 Deus

259 1624 532 1689 Verbum,
566 1625 881 1695 redemptio
912 1630 1125 1691 nostra,
1156 1625 1213 1677 in
1246 1624 1406 1694 cujus
1438 1626 1718 1695 sanguine
1746 1642 1954 1679 recon-

256 1713 437 1766 ciliati
469 1714 583 1766 Deo
611 1729 844 1777 sumus;
877 1714 966 1766 hic
1003 1718 1088 1766 est
1119 1713 1218 1782 qui
1273 1714 1424 1766 venit
1474 1714 1671 1766 tollere
1723 1719 1953 1783 peccata

257 1801 485 1867 mundi,
537 1802 633 1870 qui
679 1802 831 1854 cruci
873 1818 987 1854 suae
1030 1800 1473 1871 chirographum
1510 1802 1647 1872 legis
1682 1803 1950 1872 aftigens,

257 1890 479 1943 editum
511 1889 899 1943 damnationis
929 1891 1133 1942 veteris
1166 1889 1414 1956 delevit]

326 2014 435 2067 Sed
469 2019 524 2067 et
559 2014 756 2067 beatus
794 2013 1146 2080 Ambrosius,
1196 2014 1252 2067 in
1286 2014 1644 2084 expositione
1688 2015 1950 2086 Epistolte

251 2103 323 2156 ad
357 2103 649 2172 Ephesios,
693 2104 761 2158 de
800 2104 1001 2157 eadem
1049 2119 1108 2156 re
1156 2103 1235 2156 sic
1273 2104 1446 2157 dicit:
1493 2103 1707 2175 [Simus
1756 2105 1950 2175 itaque

254 2207 360 2244 nos
391 2192 672 2260 possessio
718 2191 835 2257 Dei,
890 2197 947 2245 et
992 2191 1086 2244 ille
1137 2191 1301 2245 nobis
1343 2192 1531 2260 portio
1566 2192 1623 2245 in
1671 2208 1785 2262 quo
1821 2198 1953 2247 sunt

250 2279 467 2332 divitiae
502 2280 701 2346 gloria
736 2279 1083 2333 hereditatis
1130 2280 1270 2349 ejus.
1306 2280 1441 2343 Quis
1472 2280 1627 2334 enim
1658 2282 1811 2334 dives
1842 2282 1951 2335 nisi

250 2368 408 2421 solus
440 2369 593 2422 dives
622 2368 720 2438 qui
749 2368 941 2421 omnia
972 2367 1231 2421 creavit?
1261 2369 1360 2422 sed
1404 2369 1585 2423 multo
1637 2370 1819 2440 magis
1864 2370 1952 2424 di-

254 2472 353 2511 ves
384 2457 772 2510 misericordia
802 2457 900 2526 qui
932 2473 1131 2510 omnes
1178 2456 1453 2523 redemit;
1489 2462 1544 2511 et
1596 2474 1697 2510 nos
1746 2474 1949 2511 secun-

253 2544 395 2597 dum
445 2544 633 2597 carnis
682 2550 947 2597 naturam
993 2543 1094 2597 ira:
1156 2543 1326 2609 ﬁlios,
1385 2550 1441 2598 et
1484 2545 1950 2599 condemuationi

255 2633 539 2686 obnoxios
568 2633 825 2697 mutavit,
867 2632 1029 2703 quasi
1074 2637 1268 2685 auctor
1308 2638 1371 2686 ut
1414 2633 1593 2686 simus
1640 2634 1740 2687 ﬁlii
1795 2634 1949 2703 pacis

252 2726 310 2774 et
342 2722 653 2775 charitatis.
683 2721 820 2785 Quis
863 2721 1016 2775 enim
1049 2726 1271 2774 mutare
1306 2726 1566 2775 naturam
1599 2728 1803 2792 potest,
1838 2722 1949 2776 nisi

253 2809 359 2880 qui
380 2811 591 2862 creavit
620 2814 884 2863 naturam
906 2809 933 2864 ?
981 2809 1172 2878 itaque
1220 2810 1513 2863 suscitavit
1561 2817 1815 2864 mortuos
1845 2828 1857 2865 :
1894 2816 1949 2865 et

251 2898 566 2952 viviﬁcatos
613 2898 672 2951 in
718 2898 939 2953 Christo
986 2898 1181 2951 sedere
1231 2897 1361 2951 fecit
1416 2897 1478 2951 in
1525 2900 1844 2953 coelestibus
1886 2899 1947 2951 in

248 2987 380 3057 ipso
414 2987 654 3041 Domino
686 2987 862 3055 Jesu.]

325 3093 531 3146 Beatus
557 3108 785 3162 quoque
815 3092 1111 3159 Pacianus,
1150 3092 1294 3146 sicut
1342 3094 1411 3147 de
1461 3109 1527 3146 eo
1584 3092 1643 3145 in
1694 3092 1845 3146 libro
1873 3093 1942 3147 de

251 3182 395 3234 Viris
446 3181 779 3248 illustribus,
833 3180 1031 3234 beatus
1079 3187 1320 3235 testatur
1377 3182 1773 3251 Hieronymus,
1824 3186 1942 3235 tam

247 3270 369 3323 vita
390 3285 565 3340 quam
593 3286 858 3323 sermone
898 3271 1083 3323 clarus
1119 3271 1195 3324 ita
1239 3275 1433 3340 aperte
1472 3270 1721 3339 idipsum
1755 3270 1940 3323 incul—

246 3364 358 3423 cat,
407 3358 638 3412 dicens:
694 3357 923 3430 [Omnes
979 3358 1288 3428 aliquando
1337 3364 1535 3427 gentes
1586 3358 1943 3427 principibus

244 3446 641 3511 tenebrarum,
674 3453 731 3499 et
776 3446 1149 3516 potestatibus
1192 3447 1444 3507 traditas,
1489 3462 1639 3499 nunc
1672 3462 1774 3515 per
1811 3448 1939 3500 Iesu

246 3534 461 3589 Christi
495 3535 724 3588 Domini
747 3535 927 3587 nostri
951 3534 1246 3587 victoriam
1273 3534 1552 3588 liberatas.
1580 3534 1681 3588 Ille
1718 3539 1820 3601 est,
1846 3534 1943 3589 ille

246 3624 349 3692 qui
380 3623 642 3688 redemit,
680 3623 952 3675 «donans
985 3623 1150 3675 nobis
1194 3623 1390 3675 omnia
1437 3628 1681 3691 peccata,
1724 3644 1745 3671 ι
1799 3624 1944 3677 sicut

246 3712 554 3780 Apostolus
584 3712 740 3773 dicit,
778 3732 798 3757 ιι
833 3717 890 3762 et
920 3711 1116 3764 delens
1148 3713 1297 3780 quod
1345 3712 1649 3763 adversum
1689 3728 1791 3764 nos
1823 3716 1944 3764 erat

245 3799 697 3869 chirographum
729 3799 1180 3852 inobauditionis
1208 3819 1222 3863 ;
1247 3799 1382 3869 quia
1404 3804 1461 3852 et
1483 3799 1673 3868 ipsum
1707 3800 1839 3853 tulit
1874 3800 1942 3853 de

247 3888 441 3941 medio
465 3888 703 3957 afﬁgens
726 3888 865 3941 illud
892 3888 1045 3941 cruci
1076 3907 1091 3953 ;
1114 3903 1327 3940 exuens
1351 3903 1407 3939 se
1420 3902 1673 3954 carnem,
1691 3886 1945 3941 traduxit

246 3980 557 4045 potestates
588 3976 767 4029 libere
814 3975 1176 4044 triumphans
1221 3990 1313 4027 eas
1361 3975 1419 4027 in
1471 3975 1776 4045 semetipso
1810 3976 1938 4042 (Col.

250 4081 311 4129 ιι,
350 4066 431 4124 l3,
468 4065 546 4126 14,
584 4064 682 4131 15).
724 4084 751 4111 ››
796 4062 971 4117 Solvit
1011 4063 1365 4132 compeditos
1412 4067 1467 4115 et
1497 4062 1718 4116 vincula
1748 4068 1943 4116 nostra

248 4152 523 4221 disrupit,
594 4150 740 4205 sicut
812 4151 987 4203 David
1053 4150 1363 4204 dixerat:«
1434 4152 1707 4205 Dominus
1772 4151 1944 4221 erigit

247 4240 445 4307 elisos,
497 4240 775 4293 Dominus
806 4239 972 4293 solvit
1014 4239 1387 4308 compeditos,
1423 4240 1698 4293 Dominus
1729 4240 1941 4294 illumi-

2072 532 2149 601 9),
2187 551 2212 582 υ
2246 530 2539 601 amplius]

2146 666 2349 719 Beatus
2381 664 2554 716 etiam
2594 664 2701 717 Leo
2754 663 3050 732 granditer
3108 664 3213 716 hoc
3271 669 3325 717 et
3375 665 3769 734 multipliciter

2070 752 2504 815 commendans,
2539 751 2617 801 sic
2651 749 2819 802 dicit:
2874 749 3181 819 [Exaltatus
3222 752 3382 804 Iesus
3425 752 3679 806 Christus
3707 754 3765 805 in

2071 841 2223 910 ligno
2256 840 2481 893 retorsit
2531 844 2775 892 mortem
2824 838 2883 890 in
2931 838 3130 891 mortis
3183 846 3471 893 auctorem
3499 860 3513 903 ς
3546 845 3599 891 et
3638 856 3766 891 om-

2070 946 2168 983 nes
2201 929 2556 999 principatus
2614 928 2992 995 adversasque
3044 927 3281 980 virtutes
3344 945 3447 998 per
3495 928 3764 997 objectio-

2067 1033 2197 1070 nem
2233 1015 2536 1086 palpabilis
2565 1014 2751 1068 carnis
2782 1012 2948 1065 elisit.
2992 1014 3331 1067 Evacuatum
3377 1018 3461 1067 est
3493 1016 3760 1084 generale

2068 1106 2207 1158 illud
2237 1105 2585 1158 venditionis
2622 1109 2847 1166 nostra},
2884 1107 2937 1154 et
2968 1102 3174 1155 lcthale
3210 1103 3672 1172 chirographum,
3707 1108 3763 1154 et

2068 1199 2295 1263 pactum
2328 1192 2672 1262 captivitatis
2701 1192 2759 1243 in
2791 1192 2887 1260 jus
2924 1190 3121 1242 transit
3159 1190 3573 1259 Redemptoris.
3612 1190 3762 1243 Clavi

2066 1262 2283 1352 illi.qui
2323 1298 2527 1335 manus
2573 1278 2800 1333 Domini
2840 1279 3133 1349 pedesque
3183 1279 3601 1331 transi‘oderant
3633 1295 3759 1348 per-

2068 1371 2255 1440 petuis
2310 1370 2599 1424 diabolum
2666 1368 2836 1421 ﬁxere
2897 1367 3253 1430 vulneribus,
3318 1372 3375 1421 et
3429 1372 3759 1420 sanctorum

2066 1476 2232 1527 poena
2262 1458 2653 1512 membrorum
2698 1456 3059 1526 inimicarum
3106 1456 3213 1508 fuit
3243 1455 3562 1508 interfectio
3595 1460 3758 1525 pote-

2065 1553 2293 1601 statum.
2345 1547 2432 1601 Sic
2485 1562 2646 1599 suam
2693 1544 2915 1597 Christo
2948 1548 3382 1596 consummante
3435 1543 3755 1609 victoriam,

2067 1640 2126 1688 ut
2157 1636 2214 1689 in
2245 1636 2368 1705 ipso
2403 1639 2617 1688 etcum
2662 1634 2785 1703 ipso
2839 1650 3038 1687 omnes
3073 1634 3169 1703 qui
3222 1635 3282 1687 in
3334 1649 3464 1686 eum
3518 1632 3761 1685 credunt

1993 1718 2031 1771 Β
2062 1722 2533 1794 triumpharent]
2574 1724 2635 1776 Et
2664 1724 2910 1775 iterum:
2952 1722 3195 1793 l'l‘enuit,
3248 1721 3459 1791 inquit,
3511 1720 3758 1789 disposi—

2064 1820 2178 1867 tam
2214 1812 2592 1866 mansuetudo
2642 1812 3002 1881 patientiam,
3057 1816 3113 1863 et
3162 1810 3410 1864 cohibita
3466 1808 3755 1862 famulan-

2062 1902 2204 1955 tium
2239 1901 2345 1955 sibi
2388 1900 2777 1971 angelicorum
2825 1900 3035 1953 virtute
3082 1899 3397 1969 legionum,
3441 1896 3633 1950 hausit
3662 1913 3753 1949 ca-

2061 1992 2225 2044 licem
2251 1990 2463 2044 doloris
2494 1994 2551 2043 et
2598 1989 2799 2043 mortis
2849 1993 3151 2057 totumque
3206 1987 3549 2057 supplicium
3600 1990 3757 2038 tran-

2060 2079 2223 2132 stulit
2280 2078 2341 2131 in
2386 2078 2774 2148 triumphum:
2832 2078 2963 2130 victi
3018 2080 3150 2129 sunt
3207 2092 3447 2137 errores,
3511 2073 3756 2126 subactae

2061 2172 2197 2221 sunt
2223 2172 2555 2237 potestates,
2601 2166 2819 2235 accepit
2872 2182 3080 2219 novum
3130 2164 3382 2218 mundus
3431 2161 3753 2224 exordium,

2061 2261 2122 2309 ut
2154 2256 2420 2309 damnata
2450 2255 2745 2323 generatio
2779 2271 2892 2307 nou
2938 2254 3161 2307 obesset
3209 2252 3419 2322 quibus
3469 2248 3755 2302 salvandis

2063 2345 2422 2414 regeneratio
2455 2341 2826 2415 subveniret]
2874 2344 3013 2396 Item
3060 2343 3169 2395 alio
3220 2342 3381 2393 loco:
3418 2338 3750 2411 [Continuit,

2059 2433 2268 2504 inquit,
2303 2450 2361 2486 se
2397 2433 2463 2485 ab
2496 2432 2688 2502 impiis
2721 2437 2992 2502 potestas,
3037 2436 3093 2483 et
3130 2436 3190 2483 ut
3217 2427 3590 2498 dispositione
3624 2432 3752 2479 ute-

2059 2527 2217 2575 retur
2248 2523 2484 2587 occulta,
2532 2520 2613 2573 uti
2654 2520 2841 2573 noluit
2871 2520 3081 2572 virtute
3115 2518 3433 2571 manifesta.
3482 2516 3621 2569 Nam
3654 2513 3754 2584 qui

2059 2616 2301 2665 mortem
2327 2614 2381 2663 et
2411 2610 2609 2663 mortis
2644 2614 2936 2662 auctorem
2965 2624 3066 2660 sua
3098 2611 3326 2660 venerat
3356 2605 3618 2675 passione
3642 2602 3753 2672 {de-

2060 2705 2299 2767 struere,
2341 2698 2627 2769 quomodo
2673 2702 2997 2767 peccatores
3046 2697 3230 2749 salvos
3279 2694 3509 2761 faceret,
3544 2694 3589 2745 si
3624 2707 3751 2761 per-

2058 2787 2413 2843 secutoribus
2452 2791 2801 2856 repugnaret
2823 2783 2876 2855 ‘2]

2132 2922 2271 2973 Nam
2305 2920 2473 2972 etiam
2512 2917 2558 2969 si
2599 2918 2968 2970 descenderet
3010 2915 3264 2969 Christus
3313 2914 3383 2967 de
3431 2930 3616 2981 cruce,
3654 2932 3752 2969 vos

1986 3012 2025 3065 C
2055 3013 2248 3061 tamen
2291 3006 2584 3059 baereretis
2617 3006 2672 3057 in
2715 3004 2973 3058 crimine.
3018 3004 3221 3073 Spreta
3262 3019 3399 3072 ergo
3430 3008 3562 3056 sunt
3591 3020 3750 3057 vanae

2054 3094 2443 3149 insultationis
2506 3094 2832 3164 opprobria,
2913 3098 2969 3145 et
3016 3091 3469 3144 misericordiam
3521 3091 3749 3144 Domini

2052 3185 2277 3256 perdita
2308 3190 2364 3236 et
2421 3184 2672 3252 collapsa
2729 3186 3087 3251 reparantem
3131 3180 3303 3232 nulla:
3361 3180 3746 3245 contumeliae,

2053 3274 2212 3327 nulla
2242 3273 2492 3326 convicio
2526 3289 2554 3324 a
2595 3270 2873 3342 propositi
2906 3269 2993 3323 sui
3022 3270 3112 3323 via
3162 3272 3548 3322 removerunt.
3596 3268 3748 3322 Offe-

2054 3362 2285 3415 rebatur
2315 3362 2467 3415 enim
2525 3360 2764 3413 Domino
2796 3374 2901 3429 pro
2945 3359 3125 3411 salute
3173 3356 3375 3410 mundi
3408 3356 3598 3408 hostia
3628 3356 3744 3408 sin-

2052 3450 2287 3520 gularis,
2332 3458 2387 3503 et
2438 3449 2644 3503 orcisio
2686 3448 2834 3518 Agni
2884 3462 2990 3516 per
3044 3450 3128 3498 tot
3178 3445 3384 3497 secula
3439 3444 3747 3512 praadicata

2052 3539 2452 3608 promissionis
2492 3537 2640 3592 ﬁlios
2680 3538 2736 3589 in
2791 3536 3111 3588 libertatem
3149 3533 3287 3587 ﬁdei
3328 3532 3742 3597 transferebat;

2052 3627 2503 3680 conﬁrmabatur
2571 3640 2797 3696 quoque
2867 3626 3291 3677 Testamentum
3370 3612 3629 3688 Novum,’
3691 3627 3749 3674 et

2052 3715 2261 3769 Christi
2293 3715 2572 3783 sanguine
2614 3713 2814 3765 aeterni
2856 3712 2976 3780 regi
3016 3711 3411 3764 scribebantur
3448 3710 3743 3776 hmredes;

2052 3802 2486 3872 ingrediebatur
2533 3816 2790 3853 summus
2840 3800 3093 3868 pontifex
3140 3798 3344 3851 Sancta
3393 3803 3741 3863 sanctorum,

2052 3896 2110 3945 et
2139 3891 2490 3944 exorandum
2525 3890 2697 3943 Deum
2750 3887 3151 3940 immaculatus
3200 3884 3461 3938 sacerdos
3505 3900 3607 3953 per
3646 3901 3744 3937 ve-

2052 3980 2171 4033 lum
2203 3995 2319 4031 sute
2350 3978 2535 4031 carnis
2572 3975 2840 4030 intrabat.
2885 3975 3035 4028 Alibi
3067 3988 3299 4043 quoque
3329 3973 3399 4025 de
3432 3971 3519 4025 his
3551 3971 3742 4024 omni-

2052 4068 2157 4123 bus
2181 4067 2430 4121 breviter
2459 4071 2516 4119 et
2544 4066 2852 4135 diligenter
2879 4063 3180 4127 deﬁniens,
3217 4062 3295 4114 ita
3324 4059 3460 4113 dicit
3485 4077 3496 4113 :
3532 4059 3745 4131 [Sciens

2052 4155 2314 4209 diabolus
2345 4154 2499 4224 quod
2530 4153 2841 4206 humanam
2882 4156 3146 4205 naturam
3188 4148 3475 4202 infecisset
3502 4163 3742 4213 veneno,

2053 4259 2421 4313 nequaquam
2488 4240 2730 4295 credidit
2804 4239 3113 4293 Dominum
3187 4237 3474 4290 Lhristum
3540 4236 3745 4306 prima:

246 4332 348 4381 nat
378 4343 555 4380 caecos
585 4327 753 4397 (Psal.
797 4344 946 4393 CXLV,
981 4327 1055 4397 8).
1109 4348 1137 4375 n
1192 4327 1259 4380 Et
1304 4327 1513 4379 iterum
1543 4344 1556 4380 :
1593 4347 1619 4378 (ι
1667 4328 1942 4397 Dirupisti
1983 4320 2026 4373 Β
2050 4332 2524 4403 transgressionis
2554 4334 2855 4394 exsortem,
2885 4344 3053 4398 quem
3087 4330 3167 4379 tot
3197 4325 3555 4379 documentis
3595 4325 3745 4378 didi-

247 4415 476 4469 vincula
520 4432 668 4478 mea,
718 4416 822 4470 tibi
860 4415 1186 4470 sacriﬁcabo
1241 4417 1487 4469 hostiam
1536 4416 1717 4469 laudis
1767 4417 1941 4485 (Psul.

244 4518 369 4568 cxv,
425 4504 510 4565 t6,
566 4504 669 4572 l7).
724 4523 752 4551 »
802 4502 987 4559 Soluti
1034 4503 1228 4572 itaque
1266 4502 1336 4556 de
1386 4502 1647 4568 vinculis,
1699 4502 1798 4555 ubi
1844 4518 1947 4571 per

244 4590 520 4660 baptismi
553 4596 976 4644 sacramentum
1014 4589 1085 4643 a'd
1118 4591 1344 4661 signum
1394 4589 1622 4642 Domini
1671 4589 1948 4643 conveni—

248 4695 404 4745 mus,
436 4679 662 4733 diabolo
710 4684 767 4733 et
805 4679 1075 4733 omnibus
1106 4679 1325 4745 angelis
1355 4678 1479 4747 ejus
1526 4678 1962 4745 renuntiamus,

245 4768 461 4839 quibus
489 4773 618 4821 ante
650 4767 1012 4836 servivimus,
1063 4783 1134 4820 ne
1159 4769 1281 4836 jam
1312 4766 1424 4819 illis
1468 4767 1705 4820 ulterius
1736 4767 1946 4820 servia-

246 4872 379 4909 mus
432 4856 713 4925 sanguine
768 4855 978 4910 Christi
1028 4860 1081 4908 et
1143 4854 1377 4909 nomine
1424 4854 1667 4908 liberati.
1706 4854 1867 4918 Quod
1901 4855 1948 4908 si

246 4945 381 5015 quis
409 4944 645 5013 posthac
704 4944 792 4997 sui
854 4944 1067 4997 oblitus
1117 4948 1172 4996 et
1233 4942 1647 5012 redemptionis
1690 4943 1947 5013 ignarus,

246 5048 449 5087 rursus
484 5033 550 5086 ad
600 5032 938 5101 angelorum
991 5031 1343 5097 servitutem,
1378 5053 1398 5078 ι
1434 5032 1502 5084 Et
1552 5030 1782 5084 inﬁrma
1827 5031 1945 5093 illa,

248 5126 307 5173 et
336 5135 520 5189 egena
578 5120 781 5174 mundi
830 5121 1113 5173 elementa
1166 5118 1460 5173 transierit
1505 5120 1652 5189 (Gal.
1693 5135 1772 5185 ιν,
1807 5121 1885 5186 9),
1924 5140 1943 5166 ι

249 5208 501 5277 antiquis
534 5208 647 5261 illis
700 5208 1071 5279 compedibus
1131 5211 1187 5260 et
1247 5207 1482 5272 catenis,
1516 5208 1575 5261 id
1605 5213 1691 5260 est
1733 5207 1951 5276 peccati

249 5296 494 5349 vinculis
537 5296 883 5365 alligabitur,
937 5317 964 5345 (ι
1018 5300 1076 5349 et
1118 5296 1261 5348 ﬁent
1308 5294 1618 5347 novissima
1668 5296 1792 5363 ejus
1850 5295 1948 5347 de-

249 5384 467 5438 teriora
506 5384 791 5453 prioribus
821 5386 893 5449 (ιι
922 5386 1063 5437 Petr.
1100 5399 1159 5445 ιι,
1191 5384 1299 5450 20),
1340 5405 1359 5430 ι
1395 5383 1529 5452 quia
1585 5387 1640 5435 et
1691 5382 1952 5436 diabolus

251 5488 387 5525 eum
418 5472 577 5541 quasi
610 5488 713 5541 per
744 5472 938 5541 fugam
978 5473 1189 5525 victum
1238 5472 1633 5524 vehementius
1682 5471 1948 5537 illigabit,

254 5569 309 5614 et
339 5562 595 5613 Christus
626 5577 731 5629 pro
781 5577 848 5614 eo
889 5562 1007 5629 jam
1037 5562 1157 5630 pati
1189 5578 1302 5614 non
1334 5562 1560 5630 poterit.
1598 5560 1741 5623 Quia
1777 5580 1803 5610 ‹‹
1853 5562 1951 5629 qui

2054 4422 2131 4475 cit
2175 4438 2295 4473 esse
2345 4421 2661 4474 mortalem.
2716 4418 2968 4472 Perstitit
3016 4432 3151 4485 ergo
3201 4415 3501 4485 improbus
3552 4414 3745 4483 praedo

2055 4515 2111 4563 et
2137 4525 2340 4561 avarus
2382 4513 2607 4562 exactor
2642 4508 2700 4560 in
2751 4524 2881 4559 eum
2933 4506 3031 4575 qui
3084 4505 3228 4557 nihil
3278 4504 3457 4574 ipsius
3504 4502 3749 4556 habebat

2053 4598 2379 4665 insurgere;
2416 4602 2471 4648 et
2504 4597 2641 4649 dum
2677 4594 2887 4646 vitiatae
2919 4592 3159 4661 originis
3207 4592 3607 4662 praajudicium
3642 4606 3748 4660 ge-

2060 4686 2248 4739 nerale
2278 4683 2661 4755 persequitur,
2696 4681 3142 4751 chirographum
3174 4697 3287 4751 quo
3329 4680 3621 4733 nitebatur
3650 4695 3741 4731 ex-

2056 4775 2225 4840 cedit,
2268 4773 2341 4827 ab
2398 4772 2496 4825 illo
2552 4771 2871 4841 iniquitatis
2927 4770 3159 4839 exigens
3199 4784 3445 4839 pcenam,
3510 4767 3569 4819 in
3630 4782 3745 4834 quo

2055 4864 2274 4916 nullam
2330 4859 2546 4930 reperit
2603 4861 2851 4929 culpam.
2915 4858 3166 4912 Solvitur
3222 4857 3415 4925 itaque
3466 4854 3746 4923 pactionis

2059 4951 2311 5019 antiquae
2346 4948 2676 5001 malesuada
2704 4946 3073 5016 conscriptio,
3105 4952 3161 4998 et
3194 4966 3215 4993 ι
3250 4959 3353 5013 per
3403 4941 3746 5011 injustitiam

2058 5040 2184 5109 plus
2213 5037 2463 5106 petendi,
2498 5058 2523 5085 ››
2552 5036 2724 5089 totius
2747 5036 2925 5089 debiti
2955 5049 3179 5087 summa
3226 5037 3516 5085 vacuatur.
3570 5030 3749 5084 Fortis

2057 5126 2153 5179 ille
2188 5125 2433 5178 nectitur
2462 5124 2703 5177 vinculis
2734 5124 2851 5177 suis
2887 5129 2943 5176 et
2992 5138 3161 5175 omne
3205 5122 3595 5173 commentum
3626 5134 3747 5171 ma.-

2058 5213 2202 5283 ligni
2271 5214 2325 5265 in
2387 5217 2558 5281 caput
2606 5212 2786 5281 ipsius
2844 5214 3230 5280 retorquetur.
3290 5208 3488 5277 Ligato
3545 5204 3748 5259 mundi

2058 5297 2319 5367 principe
2345 5296 2688 5365 captivitatis
2729 5312 2861 5348 vasa
2911 5294 3232 5364 rapiuntur.
3284 5291 3453 5346 Redit
3478 5290 3537 5342 in
3568 5289 3749 5341 hono-

2058 5401 2180 5438 rem
2237 5400 2405 5437 suum
2459 5384 2528 5437 ab
2587 5383 2837 5453 antiquis
2905 5381 3184 5451 contagiis
3240 5380 3486 5450 purgata
3530 5382 3749 5430 natura.

2063 5473 2209 5525 Mors
2243 5477 2424 5524 morte
2455 5470 2790 5535 destruitur,
2817 5468 3081 5521 nativitas
3103 5467 3399 5521 nativitate
3429 5470 3750 5535 reparatur,

2062 5560 2335 5629 quoniam
2364 5560 2535 5612 simul
2588 5563 2643 5610 et
2708 5556 3025 5625 redemptio
3076 5556 3261 5609 aufert
3309 5555 3668 5617 servitutem,
3700 5561 3755 5605 et
