4108 6190
390 294 522 344 1072i

1482 292 1538 346 S.
1583 291 1852 347 REMlGll
1896 287 2372 345 LUCDUNENSIS
2412 288 2727 345 EPISCOPI

3744 294 3876 343 M76

379 428 739 497 regeneratio
771 431 952 481 mutat
983 425 1285 496 originem,
1338 432 1393 480 et
1440 426 1580 479 tides
1618 426 1894 496 justiﬁcat
1922 440 2053 495 pec-
2094 424 2140 476 A
2171 423 2576 482 misericordia?
2610 425 2859 494 pertinet
2896 424 2968 476 ad
3029 424 3338 479 indebitam
3368 425 3632 495 gratiam.
3678 427 3880 481 Osten-

384 514 681 585 θεῖοι-ειη.)

456 604 565 657 Sed
614 608 669 656 et
723 603 922 657 beatus
982 601 1319 655 Coelestinus
1378 601 1638 655 eamdem
1698 618 1817 655 rem
1872 602 2075 655 eodem

384 708 551 745 sensu
584 696 639 743 et
670 691 884 743 eisdem
919 705 1064 759 pene
1092 689 1275 742 verbis
1304 690 1630 759 plenissime
1663 693 1716 741 et
1744 690 2076 743 brevissime

384 779 736 849 exsequitur,
770 778 1001 831 dicens:
1037 777 1213 849 [Illud
1265 778 1436 830 etiam
1493 778 1645 847 quod
1693 778 1841 831 circa
1890 778 2078 847 bapti-

388 868 595 920 zandos
621 868 678 919 in
712 866 979 920 universo
1012 866 1228 919 mundo
1261 872 1450 917 sancta
1485 866 1724 919 Ecclesia
1773 866 2078 919 uniformi—

384 959 471 1008 ter
528 955 664 1024 agit,
737 971 853 1007 non
917 954 1099 1006 otioso
1150 953 1610 1023 contemplemur
1666 954 1894 1023 intuitu,
1948 971 2075 1007 cum

386 1045 501 1097 sive
532 1043 775 1112 parvuli,
811 1042 927 1095 sive
954 1044 1189 1111 juvenes
1232 1042 1304 1095 ad
1348 1043 1798 1111 regenerationis
1847 1044 2080 1097 veniunt

387 1136 828 1195 sacramentum,
862 1146 975 1183 non
1006 1130 1166 1199 prius
1212 1130 1426 1181 fontem
1476 1130 1607 1182 vitm
1652 1130 1866 1183 adeunt
1906 1147 2076 1200 quam

386 1220 717 1274 exorcismis
746 1223 802 1271 et
832 1218 1327 1271 exsufflationibus
1375 1218 1710 1270 clericorum
1744 1218 1978 1286 spiritus
2011 1223 2078 1276 ab

387 1308 468 1361 eis
508 1308 841 1361 immundus
900 1306 1197 1375 abigatur:
1260 1314 1392 1361 tunc
1442 1322 1572 1358 vere
1614 1312 1884 1376 appareat
1935 1323 2079 1377 quo-

387 1396 556 1449 modo
587 1417 613 1445 ‹‹
650 1396 918 1464 Princeps
947 1394 1146 1447 mundi
1178 1394 1348 1461 hujus
1390 1394 1654 1447 mittatur
1702 1396 1853 1447 foras
1902 1396 2075 1465 (.Ioan.

387 1500 483 1551 xu,
515 1487 625 1551 3t),
663 1506 683 1531 ι
720 1488 775 1535 et
804 1482 1093 1553 quomodo
1121 1504 1146 1530 ‹‹
1183 1482 1339 1551 prius
1367 1482 1635 1551 alligetur
1666 1482 1825 1535 fortis
1857 1484 2075 1547 (Matth.

387 1587 484 1637 xu,
514 1572 621 1639 29),
658 1590 684 1621 »
719 1576 775 1624 et
799 1571 1069 1639 deinceps
1097 1586 1226 1623 vasa
1254 1571 1376 1640 ejus
1408 1570 1753 1639 diripiantur
1774 1571 1830 1623 in
1864 1588 2080 1640 posses-

388 1659 609 1712 sionem
642 1659 917 1711 translata
948 1658 1196 1726 victoris,
1248 1680 1274 1707 ‹‹
1318 1658 1416 1729 qui
1467 1660 1748 1729 captivam
1796 1660 1950 1712 ducit
1983 1676 2078 1712 ca-

389 1747 738 1817 ptivitatem,
801 1750 857 1800 et
913 1746 1008 1799 dat
1064 1747 1211 1800 dona
1276 1746 1607 1801 hominibus
1660 1748 1829 1814 (Psal.
1912 1765 2076 1815 van,

392 1836 495 1904 19).
530 1834 587 1906 ››]

454 1927 579 1978 Jam
610 1940 741 1977 vero
783 1924 981 1977 beatus
1031 1924 1386 1993 Augustinus
1447 1928 1605 1977 tanto
1663 1924 1794 1976 hinc
1851 1924 2083 1978 uberius

387 2016 443 2065 et
490 2011 869 2081 multiplicius
915 2016 999 2065 est
1048 2012 1290 2075 locutus,
1341 2016 1555 2081 quanto
1602 2016 1657 2065 et
1704 2013 1889 2081 major
1938 2013 1989 2065 ei
2020 2030 2083 2066 ac

387 2100 784 2154 vehementior
839 2100 1211 2154 incumbebat
1270 2100 1575 2153 necessitas
1633 2106 1833 2153 contra
1888 2100 2084 2154 insur-

386 2192 587 2258 gentes
620 2192 754 2240 tunc
795 2188 1092 2241 hmreticos
1126 2189 1485 2258 Pelagianos,
1523 2190 1660 2243 tanti
1693 2191 1863 2259 hujus
1899 2207 2085 2243 sacra-

387 2276 587 2341 menti,
622 2276 679 2329 id
721 2280 804 2329 est
850 2276 1236 2329 damnationis
1296 2277 1562 2330 humanm
1618 2294 1718 2348 per
1765 2279 1943 2332 Adam
1993 2279 2082 2331 in-

387 2380 615 2435 gressae,
652 2368 707 2418 et
729 2364 1087 2418 liberationis
1120 2381 1183 2418 ac
1214 2365 1625 2436 redemptionis
1655 2383 1757 2437 per
1779 2368 2081 2421 Dominum

388 2453 581 2505 Jesum
613 2452 899 2506 Christum
932 2452 1168 2505 indultae
1209 2454 1440 2522 penitus
1474 2453 1725 2523 ignaros,
1764 2454 1945 2524 ipsius
1984 2455 2085 2508 hu-

390 2556 574 2593 manm
616 2540 1002 2594 damnationis
1030 2557 1249 2609 causas,
1293 2546 1349 2594 et
1396 2542 1496 2595 Dei
1537 2543 1781 2612 gratiam
1823 2560 1935 2613 qua
1966 2544 2085 2597 sola

389 2644 493 2698 per
517 2627 805 2683 Christum
861 2629 1169 2682 Dominum
1216 2629 1551 2695 liberamur,
1588 2635 1644 2683 et
1690 2631 1895 2684 divinis
1927 2632 2084 2684 testi-

390 2716 601 2769 moniis
634 2722 690 2769 et
735 2717 1066 2769 certissimis
1114 2717 1429 2770 rationibus
1488 2719 1793 2773 asserendi.
1831 2720 1895 2773 In
1940 2736 2085 2789 qua-

390 2804 521 2857 dam
554 2804 747 2874 itaque
778 2804 1020 2874 epistola
1049 2804 1119 2857 ad
1145 2805 1415 2875 Optatum
1446 2806 1776 2876 episcopum
1806 2807 1883 2860 ita
1907 2807 2087 2878 loqui-

389 2898 483 2945 tur
509 2892 689 2961 (epist.
721 2894 875 2963 157):
908 2893 1073 2962 [Cum
1122 2910 1323 2947 omnes
1372 2894 1534 2963 justi,
1569 2895 1675 2948 hoc
1733 2900 1818 2950 est
1860 2912 2085 2951 veraces

2187 510 2269 563 dit
2290 527 2427 581 ergo
2466 513 2612 565 Deus
2641 534 2667 559 ‹‹
2702 512 2845 566 iram
2880 528 3064 579 suam,
3094 532 3121 562 ι)
3157 529 3273 566 non
3304 514 3501 583 utique
3533 515 3715 568 animi
3749 532 3878 586 per-

2186 598 2595 663 turbationem,
2629 600 2776 653 sicut
2803 605 2887 653 est
2911 616 3040 670 quae
3086 601 3232 654 circa
3265 602 3527 655 homines
3576 620 3879 673 nuncupa-

2187 690 2297 748 tur,
2334 688 2427 740 sed
2456 689 2666 757 justam
2701 688 2987 759 ﬁxamque
3020 690 3349 743 vindictam.
3391 691 3551 754 Quod
3597 692 3669 745 de
3701 693 3880 761 stirpe

2187 773 2593 828 inobedientiae
2644 776 2872 828 ducitur
2922 792 3178 846 prOpago
3228 778 3464 845 peccati,
3531 784 3704 849 atque
3742 796 3881 848 sup-

2186 863 2356 931 plicii.
2392 886 2418 912 ‹‹
2453 865 2518 917 Et
2551 866 2723 917 homo
2752 871 2920 917 natis
2951 882 3011 916 vx
3061 865 3320 927 muliere,
3358 887 3384 913 ››
3440 866 3583 919 sicut
3630 868 3691 919 in
3735 868 3881 921 libro

2184 951 2287 1003 Job
2368 952 2642 1021 scriptum
2700 957 2805 1019 est,
2872 974 2892 999 ι
2952 953 3140 1006 brevis
3211 959 3294 1007 est
3356 954 3499 1021 vitae,
3562 960 3617 1007 et
3675 956 3883 1025 plenus

2188 1038 2498 1093 iracundiae
2529 1041 2659 1105 (Job
2696 1057 2804 1102 x1v,
2854 1044 2903 1106 1,
2950 1042 3023 1111 2),
3074 1062 3100 1093 ››
3154 1042 3275 1111 ejus
3321 1042 3475 1095 enim
3526 1043 3608 1096 rei
3658 1060 3758 1095 vas
3803 1050 3884 1096 est

2189 1144 2300 1197 qua
2323 1130 2527 1197 plenus
2554 1133 2654 1182 est.
2690 1129 2847 1182 Unde
2883 1151 2909 1175 ‹‹
2943 1129 3043 1182 irae
3077 1146 3206 1182 vasa
3236 1151 3263 1179 ››
3304 1130 3593 1184 dicuntur.
3630 1153 3648 1177 ι
3691 1133 3885 1186 Osten-

2188 1216 2268 1269 dit
2304 1222 2359 1269 et
2392 1217 2703 1286 potentiam
2731 1233 2912 1283 suam,
2936 1238 2961 1264 η
2985 1234 3098 1288 qua
3125 1218 3269 1272 bene
3296 1219 3473 1272 utitur
3494 1220 3667 1272 etiam
3694 1221 3884 1288 malis,

2189 1305 2371 1357 multa
2404 1306 2457 1357 in
2496 1306 2607 1358 illis
2642 1305 2924 1358 naturalia
2955 1311 3011 1357 et
3056 1306 3393 1375 temporalia
3425 1306 3577 1358 bona
3610 1307 3882 1376 largiens,

2189 1409 2506 1464 eorumque
2542 1393 2812 1446 malitiam
2852 1394 2918 1446 ad
2972 1394 3311 1447 exercendos
3358 1399 3414 1447 et
3452 1396 3887 1464 comparatione

2188 1482 2584 1535 admonendos
2636 1482 2814 1535 bonos
2863 1483 3314 1545 accommodans,
3352 1487 3414 1536 ut
3458 1483 3517 1536 in
3550 1484 3629 1536 eis
3666 1484 3890 1537 discant

2191 1586 2358 1639 agere
2390 1572 2598 1640 gratias
2632 1572 2763 1637 Deo,
2800 1572 2951 1640 quod
2985 1571 3053 1624 ab
3086 1571 3166 1623 eis
3199 1588 3310 1623 non
3336 1572 3450 1623 suis
3476 1572 3721 1638 meritis,
3756 1589 3887 1642 quae

2190 1661 2248 1713 in
2277 1660 2475 1713 eadem
2500 1675 2683 1712 massa
2712 1660 2872 1729 paria
2906 1660 3156 1723 fuerunt,
3194 1659 3289 1712 sed
3330 1658 3481 1712 illius
3514 1659 3889 1712 miseratione

2192 1748 2420 1802 discreti
2452 1753 2605 1801 sunt.
2643 1747 2803 1811 Quod
2838 1748 3082 1801 maxime
3118 1752 3355 1817 apparet
3386 1748 3445 1800 in
3490 1746 3767 1816 parvulis,
3820 1748 3889 1800 de

2192 1836 2399 1908 quibus
2424 1852 2550 1889 cum
2574 1852 2679 1905 per
2696 1834 2901 1889 Christi
2927 1835 3167 1905 gratiam
3192 1840 3590 1898 renascuntur,
3626 1841 3685 1888 et
3719 1834 3889 1888 istam

2190 1924 2363 1977 vitam
2397 1924 2455 1976 in
2487 1924 2582 1975 illa
2616 1928 2812 1976 tenera
2859 1926 3025 1976 (etate
3069 1922 3355 1989 ﬁnientes,
3408 1923 3466 1975 in
3520 1930 3802 1976 zeternam
3836 1926 3890 1977 et

2192 2013 2417 2065 beatam
2449 2016 2768 2075 transeunt,
2796 2011 2904 2063 dici
2936 2028 3050 2065 non
3079 2016 3269 2080 potest
3290 2012 3438 2081 quod
3476 2012 3655 2064 libero
3688 2012 3891 2065 discere

2192 2104 2409 2153 nuntur
2434 2100 2672 2153 arbitrio
2700 2099 2770 2152 ab
2802 2099 2925 2151 aliis
2956 2098 3289 2163 infantibus,
3323 2099 3422 2169 qui
3454 2099 3576 2151 sine
3611 2100 3719 2152 hac
3754 2117 3890 2169 gra-

2194 2188 2350 2241 tiain
2384 2188 2563 2257 ipsius
2594 2203 2793 2240 massa?
2826 2188 3197 2240 damnatione
3231 2188 3580 2240 moriuntur.
3608 2187 3667 2240 Si
3694 2194 3887 2241 autem

2192 2276 2250 2330 hi
2285 2276 2391 2329 soli
2423 2282 2755 2330 crearentur
2803 2292 2869 2329 ex
2916 2276 3116 2341 Adam,
3150 2277 3249 2346 qui
3289 2282 3479 2329 essent
3506 2293 3609 2345 per
3640 2277 3884 2346 gratiam

2194 2365 2512 2429 recreandi,
2538 2370 2592 2418 et
2622 2369 2831 2434 praeter
2858 2364 3003 2432 illos,
3049 2366 3146 2435 qui
3189 2366 3246 2418 in
3288 2365 3384 2418 Dei
3414 2364 3563 2417 ﬁlios
3613 2365 3891 2434 adoptan-

2191 2458 2307 2519 tur,
2355 2452 2497 2505 nulli
2544 2452 2639 2505 alii
2684 2452 2944 2506 homines
2993 2458 3385 2518 nascerentur,
3433 2454 3631 2506 lateret
3679 2454 3890 2507 beneﬁ-

2193 2540 2370 2609 cium,
2404 2541 2557 2611 quod
2580 2540 2888 2595 donaretur
2915 2541 3188 2610 indignis.
3222 2542 3365 2605 Quia
3398 2542 3570 2593 nullis
3594 2558 3662 2594 ex
3688 2543 3887 2596 eadem

2194 2628 2505 2682 damnabili
2533 2628 2708 2698 stirpe
2730 2629 3089 2683 venientibus
3110 2629 3364 2683 debitum
3384 2629 3734 2699 supplicium
3756 2630 3887 2682 red-

2194 2717 2444 2779 deretur,
2482 2734 2610 2770 cum
2652 2733 2835 2771 veroa
2888 2718 3075 2771 attulit
3108 2718 3165 2771 in
3214 2718 3397 2771 multa
3445 2718 3726 2787 patientia
3754 2735 3888 2770 vasa

2193 2805 2316 2872 ine,
2356 2822 2485 2875 qua:
2530 2806 2778 2874 perfecta
2822 2811 2955 2857 sunt
3000 2806 3057 2857 in
3096 2806 3440 2875 perditione,
3479 2827 3499 2851 ι
3550 2822 3666 2858 non
3700 2805 3884 2857 solum

2194 2894 2441 2946 ostendit
2496 2893 2640 2946 iram
2709 2897 2765 2946 et
2830 2893 3242 2947 demonstravit
3324 2894 3639 2962 potentiam
3720 2910 3887 2946 suam

395 2981 494 3035 Dei
551 2982 819 3043 cultores,
881 2982 997 3035 sive
1057 2987 1187 3035 ante
1244 2983 1724 3051 incarnationem,
1788 2984 1904 3038 sive
1957 2990 2086 3054 post
2124 3010 2163 3064 Ο
2196 2982 2550 3035 redhibeudo
2617 2982 2923 3034 vindictam
2970 2987 3027 3035 et
3081 2981 3226 3035 bene
3277 2981 3489 3034 utendo
3548 2982 3733 3043 malis,
3784 2982 3885 3035 sed

393 3069 847 3123 incarnationem
879 3070 1091 3123 Christi
1125 3086 1228 3124 nec
1275 3070 1538 3136 vixerint,
1586 3088 1689 3125 nec
1727 3072 1940 3139 vivant,
1974 3073 2085 3127 nisi

399 3174 463 3210 ex
490 3158 599 3212 ﬁde
622 3158 1031 3211 incarnationis
1059 3158 1288 3223 Christi,
1342 3159 1402 3211 in
1437 3176 1549 3229 quo
1579 3165 1663 3213 est
1710 3162 1909 3231 gratim
1964 3164 2083 3233 ple-

397 3246 621 3313 nitudo,
682 3246 935 3317 profecto
1016 3247 1167 3316 quod
1223 3247 1499 3317 scriptum
1554 3253 1663 3302 est:
1701 3270 1727 3298 (ί
1787 3250 1911 3303 Non
1965 3267 2086 3304 esse

398 3333 550 3388 aliud
582 3350 793 3388 nomen
854 3335 957 3388 sub
1009 3336 1150 3388 cmlo
1182 3336 1241 3388 in
1300 3352 1411 3405 quo
1467 3342 1693 3406 oportet
1750 3339 1933 3392 salvos
1964 3339 2089 3394 ﬁeri

400 3438 501 3475 nos
533 3423 674 3488 (Act.
709 3439 778 3487 1v,
814 3424 913 3485 12),
956 3443 982 3470 ››
1020 3438 1085 3475 ex
1119 3423 1214 3475 illo
1252 3427 1507 3493 tempore
1557 3426 1706 3478 valet
1752 3426 1817 3478 ad
1863 3426 2086 3481 salvan-

400 3510 536 3563 dum
568 3526 748 3580 genus
779 3512 1116 3573 humanum,
1151 3527 1216 3563 ex
1250 3511 1449 3581 quoin
1480 3513 1659 3566 Adam
1692 3514 1954 3568 vitiatum
2005 3521 2089 3570 est

398 3614 580 3666 genus
608 3599 924 3651 humanum
956 3616 969 3652 :
1008 3622 1027 3646 ι
1063 3599 1387 3653 Sicutenim
1426 3600 1484 3654 in
1527 3602 1705 3655 Adam
1730 3620 1929 3657 omnes
1965 3620 2088 3658 mo-

400 3685 646 3747 riuntur,
676 3686 754 3739 ita
784 3689 841 3739 et
861 3686 920 3739 in
941 3686 1163 3741 Christo
1196 3703 1394 3741 omnes
1420 3688 1938 3762 viviﬁcabun'ur(l
1967 3693 2087 3748 Cor.

396 3790 486 3839 xv,
538 3774 648 3844 22).
699 3796 726 3823 ››
763 3775 906 3839 Quia
963 3776 1102 3829 sicut
1156 3775 1212 3829 in
1270 3792 1447 3847 regno
1499 3778 1699 3832 mortis
1749 3796 1917 3833 nemo
1967 3780 2089 3834 sine

396 3862 601 3927 Adam,
634 3864 710 3917 ita
752 3864 813 3918 in
844 3880 1021 3934 regno
1063 3864 1190 3918 vitae
1250 3882 1417 3920 nemo
1476 3867 1596 3920 sine
1642 3868 1885 3922 Christo.
1937 3868 2092 3923 Sicut

396 3966 499 4020 per
527 3952 706 4005 Adam
738 3968 937 4005 omnes
988 3958 1327 4022 peccatores,
1384 3954 1462 4007 ita
1496 3972 1599 4025 per
1642 3956 1928 4010 Christum
1961 3974 2089 4011 om-

398 4056 498 4093 nes
519 4040 658 4109 justi
686 4041 969 4094 homines.
1001 4042 1157 4095 Sicut
1203 4059 1305 4112 per
1353 4043 1536 4097 Adam
1583 4061 1783 4099 omnes
1822 4047 2091 4100 mortales

396 4128 454 4180 in
488 4144 657 4198 paena
685 4128 818 4183 facti
852 4134 984 4183 sunt
1033 4130 1136 4183 ﬁlii
1178 4131 1393 4198 seculi,
1439 4132 1515 4184 ita
1549 4137 1605 4186 et
1646 4149 1749 4201 per
1802 4134 2086 4187 Christum

398 4231 598 4269 omnes
624 4216 977 4270 immortales
1005 4216 1065 4269 in
1097 4218 1281 4286 gratia
1308 4218 1453 4271 ﬁunt
1479 4218 1584 4271 ﬁlii
1606 4220 1725 4273 Dei.
1753 4221 1866 4274 Cur
1897 4227 2089 4275 autem

398 4308 731 4371 quaerantur
759 4304 933 4357 etiam
964 4304 1043 4356 illi
1076 4320 1218 4373 quos
1263 4306 1492 4359 Creator
1520 4308 1697 4361 voluit
1729 4308 1797 4361 ad
1848 4308 2087 4363 damna-

398 4391 636 4452 tionem,
670 4408 785 4444 non
817 4392 886 4445 ad
918 4391 1159 4462 gratiam
1195 4394 1503 4463 pertinere,
1543 4394 1742 4449 beatus
1787 4398 2089 4465 Apostolus

398 4482 558 4532 tanto
605 4478 978 4531 succinctiore
1024 4478 1318 4547 brevitate,
1366 4486 1582 4551 quanto
1632 4484 1847 4553 majore
1894 4490 2089 4538 aucto-

399 4566 563 4619 ritate
607 4571 1053 4620 commemorat:
1090 4586 1116 4617 «
1168 4569 1370 4631 Deum,
1416 4568 1571 4623 enim
1612 4570 1769 4635 dicit,
1806 4572 2088 4625 volentem

399 4653 699 4707 ostendere
755 4653 900 4707 iram
956 4659 1012 4707 et
1086 4656 1482 4709 demonstrare
1549 4658 1867 4727 potentiam
1928 4675 2088 4712 suam

398 4742 654 4796 attulisse
684 4743 867 4796 multa
904 4743 959 4796 in
990 4744 1267 4813 patientia
1307 4762 1440 4798 vasa
1486 4746 1607 4811 irae,
1662 4763 1787 4816 quae
1841 4748 2091 4816 perfecta

398 4836 531 4884 sunt
561 4832 622 4884 in
672 4832 1096 4902 perditionem;
1159 4838 1215 4886 et
1274 4838 1336 4886 ut
1388 4839 1549 4887 notas
1611 4835 1817 4888 faceret
1865 4835 2090 4889 divitias

397 4920 595 4987 gloriae
645 4936 763 4974 sum
812 4920 871 4973 in
923 4938 1055 4974 vasa
1114 4921 1545 4990 misericordize,
1606 4939 1776 4993 quem
1825 4925 2089 4992 superius

397 5008 615 5062 dixerat
649 5030 676 5057 ‹‹
708 5012 983 5079 tanquam
1016 5009 1258 5079 ﬁgulum
1289 5011 1395 5063 luti
1427 5027 1491 5064 ex
1538 5011 1737 5064 eadem
1786 5026 1972 5064 massa
2008 5012 2089 5064 fa-

396 5113 523 5150 cere
554 5097 711 5150 aliud
743 5114 836 5150 vas
870 5098 927 5151 in
958 5098 1263 5167 honorem,
1297 5099 1447 5153 aliud
1468 5116 1563 5153 vas
1593 5100 1653 5152 in
1683 5100 2087 5154 contumeliam

396 5188 580 5254 (Rom.
629 5202 703 5251 ix,
755 5188 844 5251 22,
898 5188 987 5251 23,
1054 5190 1163 5251 21).
1215 5208 1241 5235 ››
1310 5188 1504 5241 Merito
1555 5193 1747 5242 autem
1806 5188 2092 5242 videretur

398 5276 673 5345 injustam
721 5274 871 5344 quod
922 5274 1068 5328 ﬁunt
1114 5292 1245 5327 vasa
1308 5275 1405 5329 irae
1458 5276 1528 5329 ad
1590 5277 1995 5345 perditionem,
2042 5277 2089 5330 si

397 5379 511 5415 non
553 5367 701 5416 esset
744 5364 869 5431 ipsa
918 5363 1181 5417 universa
1231 5380 1297 5417 ex
1354 5364 1533 5417 Adam
1565 5380 1749 5417 massa
1795 5365 2083 5418 damnata.

397 5449 552 5511 Quod
583 5466 720 5519 ergo
752 5450 898 5503 ﬁunt
930 5450 1060 5502 inde
1091 5452 1375 5504 nascendo
1406 5468 1537 5504 vasa
1579 5452 1701 5517 irze,
1740 5452 1988 5521 pertinet
2016 5451 2089 5504 ad

398 5535 649 5588 debitam
684 5553 913 5605 poenam
939 5550 953 5605 ;
984 5537 1137 5606 quod
1169 5541 1357 5590 autem
1390 5538 1540 5592 ﬁunt
1581 5538 1926 5592 renascendo
1957 5554 2089 5591 vasa

2194 3071 2365 3125 etiam
2401 3091 2427 3122 α
2463 3076 2625 3124 notas
2673 3070 2805 3125 fecit
2849 3070 3074 3124 divitias
3131 3071 3326 3141 gloriae
3378 3086 3497 3124 suae
3526 3070 3582 3123 in
3614 3087 3747 3123 vasa
3778 3070 3886 3125 mi-

2194 3160 2533 3214 sericordiae.
2566 3162 2703 3214 «Ita
2733 3160 2886 3214 enim
2921 3159 3056 3230 quid
3097 3159 3204 3214 sibi
3237 3162 3538 3229 praestetur
3566 3159 3731 3213 discit
3762 3175 3888 3227 gra-

2194 3248 2266 3301 tis
2292 3248 2657 3318 justiﬁcatus,
2705 3249 2842 3302 dum
2884 3265 2999 3301 non
3031 3265 3134 3301 suo
3170 3249 3393 3313 merito,
3428 3248 3522 3301 sed
3571 3249 3749 3317 gloria
3776 3249 3885 3300 lar-

2197 3337 2429 3407 gissime
2462 3337 2559 3391 Dei
2592 3336 2997 3391 misericordiae
3029 3337 3371 3390 discernitur
3401 3354 3428 3388 a
3449 3337 3723 3389 damnato
3756 3352 3888 3389 cum

2198 3441 2311 3493 quo
2354 3423 2554 3477 eadem
2580 3422 2805 3492 justitia
2854 3423 3037 3477 fuerat
3083 3428 3138 3475 et
3177 3423 3301 3492 ipse
3342 3423 3720 3476 damnandus.
3751 3424 3887 3476 Tam

2200 3511 2407 3563 multos
2438 3514 2629 3563 autem
2678 3510 2951 3563 creandos
3008 3510 3163 3562 nasci
3209 3508 3386 3563 voluit
3427 3525 3569 3578 quos
3615 3509 3684 3562 ad
3729 3526 3887 3561 suam

2199 3598 2443 3667 gratiam
2479 3614 2595 3650 non
2642 3598 2932 3667 pertinere
2967 3596 3270 3667 prmscivit,
3303 3600 3369 3649 ut
3400 3597 3769 3650 multitudine
3798 3596 3891 3649 in-

2198 3686 2570 3755 comparabili
2625 3687 2820 3755 plures
2877 3685 3012 3751 sint,
3067 3701 3240 3755 quam
3299 3701 3442 3755 quos
3486 3685 3543 3737 in
3594 3685 3681 3738 sui
3731 3683 3889 3755 regni

2199 3776 2441 3845 gloriam
2487 3774 2638 3827 ﬁlios
2704 3774 3101 3844 promissionis
3155 3774 3563 3844 praedestinare
3625 3774 3891 3843 dignatus

2200 3869 2319 3918 est:
2349 3869 2414 3918 ut
2461 3863 2633 3917 etiam
2682 3863 2805 3933 ipsa
2839 3863 3178 3932 rejectorum
3211 3862 3581 3916 multitudine
3628 3863 3889 3915 ostende-

2199 3958 2375 4020 retur,
2412 3968 2582 4023 quam
2615 3951 2830 4005 nullius
2852 3951 3130 4005 momenti
3164 3951 3237 4004 sit
3266 3951 3417 4021 apud
3450 3951 3631 4004 Deum
3665 3951 3887 4019 justum

2200 4041 2553 4112 quantalibet
2582 4040 2959 4093 numerositas
2984 4039 3296 4108 justissima
3327 4040 3753 4093 damnatorum.
3787 4043 3885 4092 At-

2201 4146 2312 4201 que
2344 4134 2404 4182 ut
2442 4129 2575 4182 hinc
2604 4144 2832 4199 quoque
2873 4127 3219 4198 intelligant,
3253 4128 3351 4197 qui
3381 4144 3447 4181 ex
3497 4127 3622 4197 ipsa
3652 4129 3886 4181 damna-

2200 4218 2355 4272 tione
2405 4218 2787 4283 redimuntur,
2860 4218 2966 4270 hoc
3017 4217 3191 4270 fuisse
3252 4216 3510 4269 debitum
3552 4232 3757 4269 massze
3809 4215 3885 4268 illi

2130 4311 2170 4363 D
2199 4308 2499 4371 universae,
2533 4307 2687 4377 quod
2718 4314 2831 4361 tam
2865 4321 3085 4375 magna;
3114 4306 3261 4376 parti
3290 4305 3413 4375 ejus
3442 4305 3735 4358 redditum
3767 4321 3885 4358 cer-

2198 4401 2422 4461 nerent,
2447 4411 2561 4448 non
2584 4395 2764 4448 solum
2794 4395 2853 4447 in
2884 4394 2985 4461 eis,
3020 4394 3119 4464 qui
3152 4394 3421 4464 originali
3452 4398 3684 4463 peccato
3709 4394 3883 4446 multa

2198 4484 2439 4547 addunt,
2485 4484 2648 4536 malae
2700 4481 3009 4536 voluntatis
3059 4481 3317 4548 arbitrio,
3368 4498 3564 4535 verum
3612 4482 3785 4537 etiam
3829 4482 3882 4535 in

2198 4575 2317 4623 tam
2350 4570 2545 4623 multis
2574 4570 2843 4640 parvulis,
2877 4570 2977 4639 qui
3015 4569 3414 4623 tantummodo
3458 4569 3686 4622 vinculo
3715 4569 3885 4635 origi-

2166 4658 2344 4736 _nalis
2372 4658 2586 4728 peccati
2614 4656 2866 4710 obstricti
2908 4657 3029 4710 sine
3075 4655 3258 4725 gratia
3311 4654 3641 4708 mediatoris
3685 4672 3750 4707 ex
3786 4656 3886 4707 hac

2200 4746 2323 4798 luce
2356 4746 2678 4815 rapiuntur.
2716 4745 2851 4797 Tota
2882 4744 3096 4814 quippe
3147 4744 3255 4796 ista
3300 4758 3485 4796 massa
3514 4742 3687 4811 justte
3726 4743 3888 4795 dam-

2200 4833 2453 4887 nationis
2492 4833 2771 4903 reciperet
2822 4832 3100 4898 debitum,
3153 4831 3259 4884 nisi
3300 4848 3365 4884 ex
3411 4847 3477 4883 ea
3516 4831 3727 4883 faceret
3775 4847 3885 4883 non

2199 4923 2382 4976 solum
2410 4923 2619 4992 justus,
2652 4922 2747 4975 sed
2781 4920 2951 4974 etiam
2986 4920 3307 4973 misericors
3331 4942 3357 4968 (ι
3391 4919 3605 4989 ﬁgulus
3629 4919 3738 4972 alia
3760 4935 3887 4971 vasa

2200 5012 2258 5064 in
2283 5012 2581 5077 honorem,
2603 5033 2629 5059 ››
2647 5010 2963 5063 secundum
2982 5009 3249 5077 gratiam,
3272 5025 3385 5061 non
3404 5008 3717 5061 secundum
3740 5008 3888 5061 debi-

2204 5103 2345 5166 tum,
2378 5100 2514 5152 dum
2537 5103 2591 5151 et
2620 5097 2870 5168 parvulis
2902 5097 3181 5160 subvenit,
3220 5112 3465 5167 quorum
3499 5096 3660 5149 nulla
3689 5096 3889 5149 merita

2199 5186 2308 5239 dici
2341 5190 2602 5256 possunt,
2650 5192 2705 5239 et
2741 5186 2985 5256 majores
3024 5186 3321 5254 praevenit,
3358 5188 3417 5236 ut
3456 5184 3667 5237 habere
3699 5184 3885 5253 aliqua

2199 5275 2405 5329 merita
2434 5274 2695 5343 possint.]

2272 5364 2433 5429 Item,
2462 5361 2522 5414 in
2569 5362 2734 5416 libris
2782 5361 2851 5413 de
2895 5360 3128 5415 Civitate
3182 5360 3303 5425 Dei,
3344 5360 3539 5413 volens
3590 5357 3887 5411 ostendere

2200 5454 2479 5521 quantum
2530 5450 2688 5502 nefas
2732 5449 2790 5500 in
2828 5447 2924 5500 illa
2968 5447 3155 5516 prima
3214 5446 3680 5517 praevaricatione
3735 5460 3885 5497 com-

2204 5539 2440 5591 missum
2474 5538 2568 5601 sit,
2601 5542 2655 5589 et
2684 5536 2931 5606 qualiter
2962 5535 3087 5605 ejus
3118 5535 3322 5587 merito
3352 5535 3504 5589 credi
3541 5534 3741 5587 debeat
3769 5538 3887 5584 tota
