4108 6190
228 327 366 378 107⁸7

1267 326 1357 380 DE
1400 326 1751 382 GENERALI
1791 329 1924 383 PER
1966 331 2156 384 ADAM
2203 330 2681 387 DAMNATIONE.

3612 341 3746 391 l078

223 454 467 509 humani
514 456 739 526 generis
785 471 971 508 massa
1015 455 1304 520 damnata,
1352 455 1431 509 ita
1464 456 1601 510 dicit
1629 472 1640 509 :
1674 457 1921 526 [Quanto
1959 462 2005 513 A
2039 479 2065 507 ‹‹
2096 475 2163 512 ex
2196 459 2393 512 eadem
2420 474 2605 512 massa
2635 459 2767 514 fecit
2794 461 2948 515 aliud
2982 477 3077 514 vas
3101 462 3177 528 .in
3224 464 3522 531 honorem,
3575 465 3727 519 aliud

224 544 381 598 enim
429 545 611 614 magis
640 545 814 599 homo
863 544 1158 597 fruebatur
1192 545 1327 609 Deo,
1372 550 1533 598 tanto
1567 547 1784 616 majore
1815 546 1924 599 im-

223 634 441 701 pietate
485 633 794 703 dereliquit
843 634 1054 699 Deum;
1084 637 1141 686 et
1183 633 1362 686 factus
1402 639 1486 686 est
1532 635 1682 687 malo
1717 635 1925 705 dignus

224 726 463 787 aeterno,
497 722 597 792 qui
624 723 730 775 hoc
760 722 819 774 in
842 738 900 774 se
932 721 1175 791 peremit
1198 721 1435 781 bonum,
1470 722 1625 791 quod
1647 738 1768 775 esse
1799 738 1926 791 pos-

224 817 312 863 set
335 817 633 864 aeternum.
661 810 805 865 Hinc
826 815 912 864 est
932 810 1195 863 universa
1218 810 1444 880 generis
1466 811 1703 863 humani
1740 827 1924 864 massa

225 900 498 953 damnata
532 916 544 952 :
582 900 855 971 quoniam
883 900 982 969 qui
1012 899 1118 952 hoc
1160 898 1382 968 primus
1413 900 1643 953 admisit
1673 915 1802 953 cum
1835 915 1919 963 ea,

223 1005 359 1059 quae
391 989 451 1042 in
482 989 579 1042 illo
613 989 799 1042 fuerat
848 988 1117 1051 radicata,
1152 1004 1253 1040 sua
1301 990 1476 1058 stirpe
1506 990 1745 1058 punitus
1791 992 1873 1042 est
1908 1003 1919 1041 :

223 1083 289 1130 ut
315 1079 509 1131 nullus
542 1077 610 1130 ab
641 1078 746 1131 hoc
772 1077 925 1146 justo
953 1076 1267 1147 debitoque
1303 1078 1584 1147 supplicio
1614 1078 1725 1130 nisi
1753 1078 1921 1130 mise-

221 1166 475 1219 ricordia
518 1172 573 1219 et
622 1165 878 1219 indebita
923 1166 1108 1235 gratia
1156 1165 1444 1228 liberetur,
1494 1172 1665 1235 atque
1710 1167 1787 1219 ita
1833 1166 1921 1219 di-

223 1256 537 1325 spertiatur
588 1271 769 1325 genus
820 1254 1161 1318 humanum,
1218 1258 1280 1306 ut
1334 1254 1393 1307 in
1438 1255 1781 1324 quibusdam
1832 1255 1923 1308 de~

224 1349 581 1396 monstretur
626 1343 765 1413 quid
800 1344 984 1395 valeat
1029 1343 1348 1396 misericors
1381 1343 1563 1412 gratia
1603 1342 1663 1395 in
1701 1342 1921 1395 caeteris

223 1432 365 1501 quid
393 1432 547 1501 justa
595 1431 859 1485 vindicta.
896 1432 1092 1499 Neque
1141 1431 1295 1484 enim
1329 1436 1634 1500 utrumque
1681 1430 1920 1483 demon-

164 1578 169 1582 ,
223 1525 475 1573 staretur
522 1519 583 1572 in
626 1520 915 1574 omnibus.
962 1518 1105 1584 Quia
1152 1519 1198 1571 si
1230 1535 1426 1572 omnes
1455 1523 1821 1572 remanerent
1862 1519 1922 1571 in

221 1609 411 1679 pugnis
436 1608 603 1679 justm
649 1607 1053 1673 damnationis,
1085 1608 1144 1661 in
1179 1608 1335 1660 nullo
1368 1612 1668 1678 appareret
1697 1606 1920 1660 miseri-

221 1713 354 1750 cors
386 1697 587 1766 gratia.
631 1697 863 1761 Rursus,
898 1696 942 1748 si
973 1711 1171 1749 omnes
1217 1696 1665 1749 transferrentur
1698 1711 1730 1748 a
1760 1700 1919 1748 tene-

219 1785 345 1839 bris
374 1785 434 1838 in
476 1785 681 1849 lucem,
716 1784 774 1837 in
802 1785 961 1838 nullo
1002 1788 1304 1854 appareret
1334 1783 1538 1837 veritas
1568 1783 1826 1850 ultionis,
1859 1785 1917 1837 in

222 1890 339 1944 qua
374 1879 680 1942 propterea
705 1874 886 1926 multo
917 1873 1109 1943 plures
1139 1889 1311 1943 quam
1344 1873 1401 1925 in
1432 1872 1532 1925 illa
1564 1878 1715 1936 sunt,
1750 1878 1812 1925 ut
1842 1873 1920 1926 sic

225 1961 565 2014 ostendatur
595 1960 732 2030 quid
765 1960 1033 2014 omnibus
1073 1961 1395 2016 deberetur.
1430 1961 1591 2025 Quod
1642 1962 1687 2013 si
1734 1961 1919 2015 omni-

224 2050 334 2102 bus
366 2049 718 2116 redderetur,
747 2050 1033 2118 justitiam
1064 2050 1405 2104 vindicantis
1426 2051 1580 2119 juste
1626 2066 1797 2103 nemo
1830 2067 1918 2104 re-

226 2137 631 2207 prehenderet,
666 2138 801 2208 quia
827 2155 960 2191 vero
984 2145 1100 2192 tam
1125 2139 1321 2192 multis
1347 2139 1547 2192 exinde
1580 2139 1917 2204 liberantur,

224 2231 312 2278 est
339 2225 489 2278 unde
520 2231 763 2296 agantur
792 2226 1059 2279 maxima:
1086 2227 1285 2296 gratia:
1316 2227 1563 2296 gratuito
1597 2226 1825 2279 muneri
1859 2226 1921 2279 li-

222 2312 519 2383 berantis.]

298 2401 439 2454 Item
487 2400 603 2453 ibi:
652 2399 815 2469 [Cum
874 2416 1011 2470 ergo
1078 2400 1408 2471 requiritur,
1470 2400 1679 2471 inquit,
1746 2418 1919 2471 quam

221 2493 471 2542 mortem
504 2490 651 2542 Deus
696 2489 897 2558 primis
944 2490 1279 2543 hominibus
1308 2490 1483 2543 fuerit
1515 2490 1914 2558 comminatus,

222 2577 273 2630 si
304 2577 461 2630 abeo
493 2578 827 2632 mandatum
864 2578 1406 2648 transgrederentur
1452 2583 1769 2646 acceptum,
1817 2594 1920 2632 nec

222 2666 612 2719 obedientiam
639 2666 1017 2734 custodirent,
1049 2670 1243 2719 utrum
1271 2665 1498 2731 animas,
1533 2682 1606 2719 an
1639 2666 1915 2735 corporis,

222 2771 293 2807 an
326 2754 502 2807 totius
533 2754 783 2808 hominis
816 2771 889 2808 an
921 2754 1080 2808 illam
1112 2770 1240 2824 quae
1272 2753 1588 2823 appellatur
1620 2754 1869 2808 secunda
1889 2754 1920 2807 ?

220 2843 711 2911 Respondendum
762 2848 885 2896 est:
962 2858 1180 2896 omnes.
1250 2843 1441 2895 Prima
1496 2843 1651 2895 enim
1700 2847 1920 2895 constat

221 2947 292 2984 ex
343 2930 585 2997 duabus,
635 2948 704 2985 ex
748 2931 1017 2985 omnibus
1066 2935 1201 2983 tota.
1257 2929 1413 2984 Sicut
1457 2929 1611 2983 enim
1654 2929 1918 2982 universa

219 3024 378 3072 terra
404 3035 471 3071 ex
513 3018 708 3071 multis
736 3017 904 3072 terris
950 3022 1005 3071 et
1053 3017 1319 3070 universa
1366 3016 1611 3070 Ecclesia
1659 3033 1726 3069 ex
1759 3016 1915 3069 mul-

216 3107 291 3161 tis
323 3106 581 3161 Ecclesiis
614 3111 852 3175 constat,
882 3106 961 3159 sic
1006 3105 1272 3158 universa
1310 3121 1465 3158 mors
1509 3121 1577 3158 ex
1610 3104 1912 3171 omnibus;

216 3196 495 3267 quoniam
552 3194 740 3266 prima
797 3198 1019 3248 constat
1073 3194 1317 3258 duabus,
1379 3210 1494 3246 una
1551 3194 1776 3258 animae,
1824 3194 1913 3246 al—

214 3292 343 3340 tera
401 3285 697 3355 corporis:
760 3288 820 3337 ut
871 3283 944 3336 sit
1002 3282 1188 3353 prima
1227 3282 1402 3335 totius
1464 3282 1732 3348 hominis,
1781 3297 1910 3335 cum

214 3374 410 3427 anima
440 3373 561 3426 sine
598 3373 734 3439 Deo,
786 3377 841 3425 et
888 3372 1010 3424 sine
1058 3386 1295 3440 corpore
1342 3370 1409 3422 ad
1443 3374 1666 3439 tempus
1713 3386 1911 3439 poenas

214 3462 343 3515 luit.
378 3462 635 3516 Secunda
666 3477 797 3514 vero
822 3460 917 3513 ubi
951 3459 1142 3513 anima
1173 3458 1295 3513 sine
1331 3460 1447 3512 Deo
1494 3474 1621 3511 cum
1674 3474 1910 3529 corpore

213 3567 414 3621 poenas
445 3556 685 3604 aeternas
716 3548 841 3603 luit.
886 3548 1123 3612 Quando
1173 3563 1308 3617 ergo
1358 3547 1503 3601 dixit
1547 3549 1693 3601 Deus
1722 3548 1909 3617 primo

210 3640 296 3693 illi
325 3639 569 3706 homini,
604 3654 775 3709 quem
812 3638 869 3690 in
922 3637 1185 3707 paradiso
1241 3637 1616 3691 constituerat
1663 3637 1733 3690 de
1782 3636 1909 3690 cibo

210 3729 426 3781 vetito:
456 3750 481 3775 (ι
516 3726 863 3795 Quacunque
896 3725 987 3777 die
1035 3724 1268 3778 ederitis
1317 3741 1382 3777 ex
1414 3724 1535 3788 illo,
1572 3728 1753 3776 morte
1785 3739 1905 3775 mo-

211 3815 447 3869 riemini
480 3815 628 3885 (Gen.
690 3830 748 3880 ιι,
806 3813 911 3883 l7),
952 3839 972 3861 ιι
1026 3829 1141 3866 non
1190 3818 1415 3867 tantum
1458 3813 1659 3882 primae
1706 3811 1908 3865 mortis

212 3909 439 3976 partem
482 3904 737 3974 priorem
786 3901 883 3955 ubi
916 3901 1109 3955 anima
1140 3901 1399 3971 privatur
1440 3903 1578 3966 Deo,
1630 3916 1732 3953 nec
1783 3905 1908 3953 tan-

209 3998 337 4046 tum
396 3990 770 4060 posteriorem
825 3988 922 4042 ubi
977 4005 1184 4058 corpus
1245 3988 1503 4058 privatur
1546 3988 1758 4050 anima,
1807 4004 1910 4043 nec

211 4081 396 4134 solam
429 4079 609 4149 ipsam
642 4082 823 4131 totam
854 4077 1123 4147 primam,
1170 4076 1266 4130 ubi
1295 4077 1486 4131 anima
1517 4082 1573 4130 et
1603 4096 1632 4131 a
1672 4093 1908 4147 corpore

211 4174 268 4223 et
301 4186 332 4222 a
365 4170 476 4223 Deo
506 4172 767 4237 separata
814 4165 1070 4234 punitur,
1107 4166 1203 4219 sed
1238 4166 1521 4236 quidquid
1575 4167 1779 4221 mortis
1827 4171 1910 4220 est

210 4274 397 4329 usque
430 4258 497 4311 ad
538 4255 911 4310 novissimam
942 4271 1070 4324 quas
1126 4256 1374 4309 secunda
1421 4255 1648 4321 dicitur,
1684 4272 1796 4326 qua
1826 4260 1910 4310 est

210 4340 372 4401 nulla
404 4346 708 4416 posterior,
741 4342 1108 4399 comminatio
1140 4343 1237 4397 illa
1267 4344 1559 4413 complexa
1590 4346 1717 4413 est.]

284 4436 452 4501 Item,
495 4449 623 4487 cum
657 4433 728 4487 de
772 4431 1005 4487 exordio
1052 4431 1297 4485 duarum
1344 4431 1640 4484 civitatum
1689 4436 1904 4500 ageret,

208 4539 459 4593 quarum
502 4538 616 4575 una
661 4527 748 4575 est
794 4522 914 4587 Dei,
950 4521 1129 4574 altera
1170 4519 1400 4584 diaboli,
1446 4520 1543 4573 illa
1595 4518 1694 4572 Dei
1724 4520 1908 4589 gratia

207 4612 471 4673 liberata,
504 4611 612 4663 ista
640 4611 797 4679 justa
827 4610 1044 4665 ultione
1088 4608 1374 4673 damnata,
1436 4609 1494 4661 in
1543 4609 1666 4679 ipso
1716 4610 1905 4661 statim

208 4699 544 4753 earumdem
599 4703 805 4752 exortu
853 4704 1165 4767 utrumque
1228 4697 1566 4751 mirabiliter
1614 4701 1906 4751 ostensum

206 4788 291 4841 ita
341 4787 726 4851 commendat,
782 4786 1008 4841 dicens:
1071 4785 1239 4857 [Cum
1291 4786 1544 4856 primum
1602 4786 1731 4851 duae
1785 4786 1907 4839 ista:

207 4878 508 4945 coeperunt
538 4873 842 4939 nascendo,
893 4878 1061 4943 atque
1110 4872 1408 4927 moriendo
1460 4887 1795 4940 procurrere
1827 4872 1904 4925 ci-

211 4965 434 5027 vitates,
466 4962 627 5032 prior
655 4967 740 5016 est
768 4965 935 5015 natus
975 4962 1109 5015 civis
1154 4960 1327 5031 hujus
1374 4959 1584 5025 swculi,
1622 4960 1905 5030 posterius

207 5058 403 5106 autem
433 5052 538 5105 isto
564 5050 908 5122 peregrinus
935 5049 993 5103 in
1035 5050 1265 5115 saeculo,
1299 5054 1356 5103 et
1398 5050 1692 5119 pertinens
1724 5050 1794 5103 ad
1826 5048 1903 5102 ci-

209 5143 445 5195 vitatem
509 5142 609 5195 Dei
662 5139 849 5210 gratia
902 5139 1359 5210 praedestinatus.
1424 5139 1610 5207 gratia
1670 5140 1902 5204 electus,

209 5230 399 5300 gratia
427 5228 769 5299 peregrinus
793 5229 1081 5292 deorsum,
1114 5226 1295 5298 gratia
1318 5226 1453 5280 civis
1484 5243 1730 5280 sursum.
1765 5229 1903 5281 Nam

210 5322 489 5389 quantum
523 5318 592 5370 ad
624 5317 815 5386 ipsum
848 5317 1051 5370 attinet
1082 5335 1107 5365 «
1146 5333 1213 5369 ex
1262 5317 1459 5369 eadem
1511 5332 1697 5369 massa
1732 5337 1753 5363 ι
1788 5316 1903 5369 ori-

209 5410 322 5470 tur,
374 5419 502 5473 quae
547 5404 907 5473 originaliter
950 5409 1032 5455 est
1078 5407 1194 5455 tota
1236 5403 1544 5457 damnata:
1596 5405 1691 5457 sed
1726 5425 1751 5452 «
1788 5410 1906 5458 tan-

210 5506 383 5559 quam
418 5490 628 5559 ligulus
661 5492 810 5543 Deus
842 5511 866 5536 ι)
912 5490 1075 5555 (hanc
1123 5488 1278 5540 enim
1326 5489 1758 5543 similitudinem
1793 5507 1905 5543 non

210 5576 599 5645 imprudenter,
657 5576 753 5629 sed
826 5574 1142 5643 prudenter
1196 5574 1530 5628 introduicit
1579 5577 1905 5645 Apostolus)

2034 547 2093 599 in
2144 548 2547 601 contumeliam
2600 550 2767 616 (Rom.
2820 551 2942 617 1x):
2995 570 3021 597 ››
3067 550 3226 619 prius
3271 556 3463 605 autem
3514 553 3729 606 factum

2035 640 2124 688 est
2156 653 2250 688 vas
2282 634 2343 688 in
2367 635 2799 699 contumeliam,
2831 642 2960 705 post
3000 654 3131 692 vero
3162 640 3404 693 alterum
3458 641 3515 694 in
3547 642 3729 695 hono-

2035 724 2200 793 rem.]
2233 725 2355 777 Jam
2398 740 2551 791 vero,
2585 724 2646 776 in
2679 724 2837 777 libris
2887 726 2955 780 de
2988 728 3278 796 Baptismo
3326 730 3727 796 parvulorum,

2032 816 2187 866 tanto
2245 814 2411 882 plura
2469 812 2538 865 de
2596 812 2700 865 hac
2772 828 2831 865 re
2891 815 3169 884 loquitur,
3236 823 3450 886 quanto
3508 818 3726 887 majore

2034 899 2353 953 intentione
2388 916 2531 969 opus
2562 905 2703 963 erat,
2738 904 2801 952 nt
2830 900 3096 954 adversus
3126 904 3389 972 praefatos
3425 905 3725 957 hmreticos

2035 988 2394 1057 Pelagianos,
2449 993 2505 1041 et
2561 1004 2792 1057 poenam
2867 989 3247 1043 damnationis
3316 992 3567 1062 antiquae
3624 1008 3727 1061 per

2032 1076 2213 1130 Adam
2246 1082 2299 1129 et
2338 1077 2758 1146 indulgentiam
2798 1093 2957 1130 novae
3008 1078 3418 1148 redemptionis
3472 1097 3574 1150 per
3616 1082 3722 1134 Do-

2032 1164 2255 1217 minum
2305 1166 2497 1218 Jesum
2568 1165 2854 1218 Christum
2916 1166 3232 1220 evidentius
3282 1168 3721 1234 demonstraret,

2032 1253 2323 1322 probaret,
2356 1260 2529 1322 atque
2558 1256 3004 1308 commendaret.

2104 1343 2175 1394 Ex
2210 1341 2296 1393 his
2327 1341 2517 1411 itaque
2544 1342 2703 1395 libris
2735 1343 2855 1396 haec
2901 1348 3034 1395 sunt
3085 1360 3211 1413 qum
3266 1343 3335 1397 ad
3385 1348 3634 1396 nostram
3670 1349 3726 1399 et

2032 1445 2230 1483 eorum
2262 1431 2357 1500 qui
2386 1431 2577 1499 legere
2607 1432 2893 1484 voluerint
2926 1432 3386 1498 instructionem,
3422 1437 3479 1486 et
3509 1434 3725 1486 contir-

2032 1519 2344 1572 mationem
2378 1519 2725 1587 adnotanda,
2752 1525 2808 1572 et
2830 1521 3205 1589 proponenda
3232 1521 3599 1575 credidimus.
3634 1522 3729 1575 Ait

2032 1624 2167 1678 ergo
2192 1609 2246 1660 in
2306 1608 2491 1677 primo
2538 1608 2679 1661 libro
2731 1610 2872 1677 (cap.
2912 1610 3015 1675 Η),
3069 1609 3137 1661 de
3170 1609 3273 1661 hac
3321 1625 3381 1661 re
3427 1610 3727 1680 disputans

2032 1696 2139 1749 hoc
2190 1696 2394 1750 modo:
2462 1695 2589 1767 [Sed
2644 1715 2671 1745 (ι
2730 1696 3009 1766 regnavit,
3067 1718 3094 1744 »
3144 1696 3337 1766 inquit
3394 1699 3722 1766 Apostolus,

2032 1806 2059 1834 «
2092 1800 2244 1838 mors
2273 1785 2343 1838 ab
2372 1785 2552 1839 Adam
2590 1801 2766 1855 usque
2797 1785 2865 1838 ad
2900 1785 3125 1853 Moysen
3153 1784 3327 1853 (Rom.
3366 1801 3436 1850 v1,
3474 1784 3580 1854 14),
3621 1806 3641 1832 ι
3664 1785 3720 1839 id

2028 1879 2131 1939 est,
2167 1891 2197 1926 a
2230 1874 2418 1943 primo
2450 1873 2684 1926 homine
2737 1888 2915 1943 usque
2964 1873 3035 1925 ad
3084 1872 3265 1942 ipsam
3304 1873 3476 1926 etiam
3506 1873 3716 1942 legem,

2026 1978 2155 2031 quas
2186 1962 2456 2015 divinitus
2500 1963 2865 2031 promulgata
2896 1965 3016 2025 est;
3055 1961 3192 2031 quia
3236 1976 3339 2013 nec
3368 1961 3491 2030 ipsa
3537 1961 3723 2030 potuit

2028 2067 2325 2120 «regnum
2375 2050 2573 2104 mortis
2624 2070 2651 2101 io
2700 2051 2943 2105 auferre.
2998 2052 3260 2119 Regnum
3312 2050 3466 2102 enim
3514 2050 3715 2103 mortis

2024 2138 2147 2191 vult
2188 2136 2453 2207 intelligi,
2501 2137 2733 2208 quando
2778 2138 2856 2191 ita
2904 2137 3235 2191 dominatur
3280 2136 3340 2189 in
3390 2136 3722 2190 hominibus

2026 2230 2217 2279 reatus
2250 2226 2483 2296 peccati,
2520 2230 2581 2278 ut
2612 2242 2705 2278 eos
2752 2226 2818 2279 ad
2855 2226 3027 2279 vitam
3082 2230 3378 2289 aeternam,
3431 2241 3559 2296 quae
3588 2242 3719 2279 vera

2025 2314 2143 2367 vita
2174 2319 2275 2379 est,
2309 2314 2502 2367 venire
2554 2330 2669 2367 non
2706 2314 2885 2379 sinat;
2922 2314 3015 2367 sed
3050 2315 3120 2367 ad
3164 2314 3471 2368 secundam
3520 2314 3717 2379 etiam,

2027 2419 2156 2473 qua:
2187 2403 2490 2471 poenaliter
2533 2407 2747 2455 aeterna
2777 2407 2881 2470 est,
2929 2407 3174 2455 mortem
3221 2402 3449 2455 trahat:
3489 2402 3596 2456 hoc
3629 2419 3714 2455 re-

2026 2507 2205 2561 gnum
2240 2490 2438 2545 mortis
2468 2490 2587 2543 sola
2613 2491 2671 2542 in
2706 2490 2962 2559 quolibet
2990 2490 3223 2543 homine
3256 2490 3441 2560 gratia
3473 2490 3717 2544 destruit

2026 2580 2330 2633 Salvatoris
2360 2595 2489 2649 qua:
2522 2582 2756 2647 operata
2783 2581 2865 2630 est
2893 2577 3066 2631 etiam
3096 2578 3155 2630 in
3206 2578 3458 2648 antiquis
3488 2578 3715 2631 sanctis.

2024 2668 2173 2739 Ergo
2204 2668 2263 2721 in
2294 2667 2561 2721 omnibus
2595 2686 2621 2713 ‹‹
2673 2666 2951 2735 regnavit,
3004 2682 3157 2719 mors
3205 2667 3276 2720 ab
3314 2666 3494 2721 Adam
3538 2684 3716 2736 usque

2025 2756 2094 2810 ad
2127 2758 2374 2826 Moysen,
2407 2776 2433 2803 »
2470 2754 2567 2825 qui
2601 2754 2809 2809 Christi
2837 2754 3021 2823 gratia
3070 2771 3186 2807 non
3235 2755 3416 2825 adjuti
3466 2761 3619 2821 sunt,
3658 2761 3719 2809 ut

2023 2859 2268 2913 regnum
2300 2844 2498 2896 mortis
2547 2842 2605 2895 in
2652 2842 2732 2895 eis
2782 2843 3190 2905 destrueretur,
3241 2844 3414 2897 etiam
3454 2866 3475 2892 «
3511 2844 3569 2897 in
3611 2846 3714 2911 eis,

2026 2932 2126 3002 qui
2152 2948 2267 2983 non
2298 2936 2677 3000 peccaverunt
2706 2931 2767 2983 in
2808 2930 3243 2984 similitudinem
3289 2933 3712 3000 prmvaricatio-

1954 3051 1995 3106 Ο
2024 3019 2113 3074 nis
2142 3020 2276 3073 Adae
2308 3018 2516 3089 (ibid),
2560 3040 2586 3065 »
2628 3019 2682 3071 id
2732 3022 2836 3106 est,
2885 3018 2986 3089 qui
3034 3018 3287 3071 nondum
3332 3036 3433 3072 sua
3480 3024 3535 3073 et
3580 3037 3713 3090 pro-

2024 3108 2151 3179 pria
2205 3108 2517 3174 voluntate,
2569 3105 2712 3159 sicut
2760 3104 2854 3159 ille
2904 3112 3302 3175 peccaverunt,
3354 3107 3450 3161 sed
3498 3108 3569 3161 ab
3616 3108 3714 3162 illo

2021 3202 2318 3268 peccatum
2350 3195 2632 3265 originale
2666 3199 2981 3253 traxerunt,
3017 3215 3045 3242 «
3078 3194 3176 3264 qui
3207 3200 3288 3247 est
3316 3186 3501 3248 ferina
3532 3195 3711 3249 futuri

2021 3284 2232 3354 (ibid.);
2270 3303 2296 3333 ι)
2330 3283 2465 3352 quia
2488 3282 2546 3334 in
2572 3281 2672 3334 illo
2703 3280 3014 3333 constituta
3034 3286 3118 3333 est
3148 3281 3332 3335 forma
3361 3283 3711 3336 condemna-

2020 3372 2192 3427 tionis
2222 3372 2427 3425 futuris
2459 3370 2723 3439 posteris,
2762 3370 2861 3439 qui
2912 3370 3033 3439 ejus
3082 3370 3400 3440 propagine
3444 3388 3708 3425 crearen-

2020 3465 2136 3526 tur,
2170 3464 2231 3511 ut
2267 3474 2334 3511 ex
2385 3474 2498 3510 uno
2532 3473 2731 3510 omnes
2778 3457 2836 3510 in
2885 3458 3361 3510 condemnatione
3411 3474 3703 3513 nasceren-

2018 3551 2130 3611 tur,
2163 3561 2228 3599 ex
2257 3562 2370 3615 qua
2399 3562 2515 3599 non
2550 3545 2754 3599 liberat
2779 3545 2890 3597 nisi
2921 3546 3105 3615 gratia
3133 3545 3486 3617 Salvatoris.]

2090 3636 2232 3687 Item
2280 3634 2417 3705 (cap.
2471 3633 2604 3702 ll):
2663 3631 2747 3703 [In
2797 3632 3172 3686 similitudine
3228 3634 3711 3702 praevaricationis

2017 3722 2154 3775 Adae
2186 3738 2445 3791 peccasse
2471 3721 2831 3790 accipiuntur
2877 3721 2977 3790 qui
3006 3722 3063 3774 in
3096 3721 3193 3775 illo
3224 3728 3619 3791 peccaverunt,
3649 3729 3710 3776 ut

2017 3809 2070 3862 ei
2100 3809 2314 3862 similes
2355 3814 2706 3873 crearentur,
2749 3808 2895 3861 sicut
2933 3824 3000 3861 ex
3041 3809 3272 3862 homine
3314 3810 3595 3874 homines,
3630 3811 3707 3862 ita

2018 3913 2085 3952 ex
2114 3902 2411 3967 peccatore
2446 3902 2793 3966 peccatores,
2830 3912 2893 3950 ex
2939 3896 3219 3950 morituro
3269 3896 3552 3962 morituri,
3600 3895 3706 3949 da-

2016 3991 2330 4056 mnatoque
2361 3984 2655 4055 damnati]

2092 4077 2231 4129 Item
2264 4076 2401 4143 (cup.
2440 4078 2518 4141 16)
2562 4091 2573 4127 :
2606 4073 2813 4145 [Potest
2845 4073 3089 4143 proinde
3120 4076 3273 4125 recte
3302 4072 3413 4127 dici
3438 4073 3706 4142 parvulos

2019 4163 2139 4217 sine
2183 4163 2466 4232 baptismo
2523 4162 2590 4215 de
2634 4178 2874 4230 corpore
2914 4164 3187 4213 exeuntes
3231 4160 3288 4212 in
3334 4161 3704 4214 damnatione

2018 4251 2276 4305 omnium
2328 4250 2628 4303 mitissima
2674 4249 2911 4303 futuros.
2959 4248 3197 4301 Multum
3241 4253 3431 4301 autem
3482 4248 3623 4302 fallit
3650 4256 3705 4303 et

1947 4346 1987 4398 D
2014 4339 2251 4403 fallitur,
2285 4340 2384 4409 qui
2412 4355 2508 4392 eos
2534 4339 2592 4391 in
2615 4338 2979 4393 damnatione
3009 4336 3283 4407 prmdicat
3312 4353 3427 4389 non
3459 4337 3700 4403 futuros,

2014 4428 2240 4481 dicente
2272 4428 2583 4496 Apostolo:
2622 4449 2641 4473 α
2676 4426 2962 4479 Iudicium
2992 4441 3055 4478 ex
3101 4442 3215 4478 uno
3249 4425 3454 4479 delicto
3487 4426 3546 4477 in
3576 4442 3705 4479 con-

2012 4515 2437 4569 demnationem
2463 4532 2475 4568 :
2512 4536 2539 4563 »
2573 4520 2629 4567 et
2657 4515 2827 4584 paulo
2861 4518 3004 4583 post,
3044 4536 3071 4561 «
3102 4530 3207 4584 per
3236 4513 3406 4567 unius
3431 4514 3702 4568 delictum

2014 4603 2073 4657 in
2099 4618 2299 4656 omnes
2330 4603 2591 4655 homines
2620 4602 2689 4654 ad
2720 4602 3277 4655 condemnationem.
3315 4602 3364 4671 υ]

2086 4692 2227 4745 Item
2262 4694 2403 4757 (cap.
2438 4690 2526 4760 20)
2553 4704 2564 4743 :
2591 4689 2643 4759 [«
2664 4689 2832 4743 Panis
2848 4706 3020 4760 quem
3049 4705 3154 4759 ego
3178 4690 3387 4745 dedero
3417 4708 3547 4745 caro
3577 4708 3705 4745 mea

2014 4783 2097 4831 est
2126 4794 2229 4848 pro
2257 4778 2448 4831 saeculi
2496 4778 2610 4829 vita
2658 4778 2833 4845 (Joan.
2879 4794 2951 4841 γι,
2998 4779 3082 4841 54,
3132 4780 3244 4845 52).
3280 4800 3306 4827 ››
3346 4780 3479 4842 Quis
3513 4784 3700 4832 autem

2012 4867 2266 4937 ambigat
2323 4866 2513 4920 saeculi
2573 4866 2804 4919 nomine
2874 4866 3124 4919 hominis
3179 4867 3545 4936 signiﬁcasse,
3605 4868 3704 4936 qui

2012 4958 2299 5011 nascendo
2333 4956 2395 5009 in
2437 4957 2544 5009 hoc
2581 4955 2851 5008 smculum
2898 4956 3157 5008 veniunt.
3206 4956 3344 5008 Nam
3394 4954 3539 5007 sicut
3567 4956 3703 5008 alibi

2014 5045 2128 5099 ait:
2166 5067 2191 5095 ‹‹
2250 5045 2375 5099 Filii
2434 5045 2624 5097 saeculi
2685 5044 2857 5113 hujus
2914 5046 3192 5113 generant
3248 5047 3301 5095 et
3353 5048 3703 5112 generantur

2015 5136 2168 5205 (Luc.
2204 5151 2347 5201 xxvr,
2399 5132 2503 5201 34).
2540 5154 2560 5179 »
2604 5135 2677 5185 Ac
2708 5148 2809 5202 per
2839 5132 2948 5184 hoc
2989 5131 3163 5184 etiam
3194 5147 3297 5200 pro
3331 5131 3700 5199 parvulorum

2012 5224 2128 5276 vita
2156 5239 2287 5276 caro
2318 5222 2449 5275 data
2482 5226 2584 5287 est,
2623 5237 2751 5291 quae
2783 5221 2913 5273 data
2944 5224 3027 5271 est
3070 5234 3174 5287 pro
3221 5218 3413 5271 sasculi
3456 5219 3569 5271 vita
3601 5235 3613 5270 :
3650 5222 3705 5270 et

2014 5312 2060 5364 si
2092 5327 2207 5365 non
2242 5311 2731 5364 manducaverunt
2758 5324 2989 5361 carnem
3019 5307 3123 5361 ﬁlii
3156 5307 3427 5371 hominis,
3459 5323 3563 5359 nec
3594 5306 3703 5375 ipsi

2013 5400 2308 5454 habebunt
2337 5400 2510 5453 vitam
2523 5399 2559 5467 .]

2089 5489 2227 5541 Item
2260 5489 2401 5557 (cap.
2435 5488 2528 5553 2t)
2562 5505 2576 5539 :
2612 5484 2781 5557 [Bene
2828 5489 3023 5538 autem
3055 5498 3171 5537 non
3204 5483 3301 5548 ait,
3337 5506 3355 5529 α
3408 5484 3493 5537 Ira
3548 5482 3642 5536 Dei
3678 5506 3701 5529 ›)

2015 5576 2203 5630 veniet
2232 5592 2403 5646 super
2435 5591 2589 5641 cum,
2622 5575 2718 5628 sed
2751 5596 2775 5621 ‹‹
2812 5575 3007 5627 manet
3038 5588 3210 5642 super
3237 5587 3389 5626 eum.
3426 5592 3453 5620 »
3485 5571 3568 5626 Ab
3600 5572 3705 5625 hac
