4108 6190
402 288 534 340 1οἶ9

1492 280 1545 335 S.
1590 279 1862 335 REMIGII
1901 278 2393 337 LL'GDUNENSIS
2432 279 2770 336 EPISCOPI.

3758 282 3895 333 1080

396 416 611 488 quippe
639 416 745 484 ira,
773 431 885 487 qua
906 430 1104 469 omnes
1135 413 1236 467 sub
1259 416 1487 482 peccato
1510 416 1665 474 sunt,
1697 411 1766 464 de
1799 426 1912 481 qua
1941 410 2080 463 dicit
2116 413 2162 465 A
2195 426 2307 480 que
2338 409 2618 477 ﬁdelium,
2644 425 2709 463 ac
2733 409 2811 462 sic
2835 408 3188 478 incorporati
3210 407 3420 463 Christi
3442 424 3707 478 corpore,
3737 408 3897 479 quod

395 508 717 576 Apostolus,
754 524 780 554 «
816 503 1048 556 Fuimus
1078 502 1231 555 enim
1274 506 1328 554 et
1371 518 1477 554 nos
1510 499 1818 569 aliquando
1851 504 2089 552 natura—

398 596 529 648 liter
556 594 658 647 11111
688 593 810 657 irae,
843 592 989 645 sicut
1010 596 1066 644 et
1093 591 1283 644 caeteri
1303 592 1520 658 (Ephes.
1556 606 1617 655 11,
1642 588 1714 657 3),
1750 608 1777 636 ››
1816 588 1970 640 nulla
1999 602 2089 640 res

396 684 620 747 liberat,
654 681 761 734 nisi
799 700 824 730 «
858 679 1047 734 Gratia
1079 679 1177 732 Dei
1210 695 1311 749 per
1338 679 1532 731 Iesum
1573 676 1859 730 Christum
1892 674 2089 728 Domi-

398 787 537 824 num
566 775 828 822 nostrum
854 771 1026 836 (Rom.
1052 783 1148 831 vn,
1182 768 1291 836 25).
1328 766 1377 835 ››]

472 860 610 911 Item
641 858 782 927 (cap.
815 858 904 927 22)
940 872 951 909 :
1010 855 1188 928 [Tales
1220 872 1355 924 ergo
1388 853 1787 924 prazdestinari
1820 856 1874 905 et
1910 851 2090 906 creari

398 948 665 1013 arbitror,
699 952 762 1000 ut
804 946 903 1016 qui
950 952 1190 1016 possunt
1231 944 1555 1012 intelligant
1590 942 1692 995 Dei
1737 942 2001 1012 gratiam,
2037 944 2091 993 et

397 1035 683 1107 spiritum,
720 1057 747 1084 (ί
791 1035 890 1105 qui
938 1034 1038 1088 ubi
1086 1035 1204 1086 vult
1256 1033 1436 1102 spirat
1478 1031 1658 1101 (Joan.
1717 1047 1797 1093 111,
1852 1033 1925 1099 8),
1961 1049 1987 1081 ››
2016 1029 2088 1083 ob

399 1126 505 1178 hoc
528 1139 697 1177 omne
746 1122 968 1192 ingenii
1014 1138 1195 1191 genus
1242 1121 1300 1173 in
1350 1120 1481 1173 ﬁliis
1530 1117 1935 1171 misericordiae
1974 1133 2091 1169 non

398 1211 719 1283 praeterisse
746 1228 758 1265 :
791 1211 1042 1279 itemque
1076 1225 1246 1262 omne
1272 1207 1494 1277 ingenii
1525 1224 1705 1277 genus
1728 1206 1785 1259 in
1812 1206 2092 1274 gehennaa

401 1302 533 1355 ﬁliis
562 1299 875 1369 praeterire.
909 1316 935 1350 (1
970 1299 1037 1352 Ut
1082 1298 1181 1367 qui
1229 1297 1527 1366 gloriatur,
1574 1296 1635 1348 in
1695 1296 1934 1347 Domino
1966 1294 2089 1363 glo-

400 1389 579 1443 rietur
609 1389 670 1455 (1
697 1388 817 1443 Cor.
853 1403 890 1453 1,
929 1386 1034 1454 31).
1071 1384 1124 1455 ii]

472 1478 611 1530 Item
667 1475 850 1545 (ibid:
916 1473 1216 1545 [Cedamus
1275 1473 1470 1543 igitur,
1553 1476 1609 1525 et
1667 1470 2093 1525 consentiamus

404 1564 727 1618 auctoritati
783 1569 993 1616 sancta:
1041 1562 1370 1632 Scripturae,
1421 1577 1547 1631 qua?
1594 1560 1772 1613 nescit
1816 1559 1956 1626 falli,
1992 1574 2095 1612 nec

402 1653 620 1707 fallere.
652 1653 717 1705 Et
749 1651 893 1705 sicut
938 1650 1196 1704 nondum
1244 1654 1406 1704 natos
1447 1650 1517 1703 ad
1569 1648 1944 1702 discernenda
1974 1664 2091 1700 me-

403 1741 514 1794 rita
544 1756 743 1795 eorum
773 1739 991 1809 aliquid
1045 1738 1181 1792 boni
1234 1738 1319 1790 vel
1376 1737 1511 1791 mali
1543 1737 1724 1807 egisse
1758 1752 1873 1789 non
1912 1736 2092 1789 credi-

403 1844 551 1895 mus,
584 1828 663 1881 ita
707 1843 905 1881 omnes
962 1826 1066 1880 sub
1115 1831 1352 1897 peccato
1399 1842 1541 1893 esse,
1590 1826 1742 1895 quod
1775 1840 1879 1894 per
1911 1840 2095 1878 unum

402 1916 700 1971 hominem
730 1916 961 1969 intravit
1004 1915 1063 1968 in
1115 1915 1419 1981 mundum,
1453 1920 1509 1968 et
1538 1930 1641 1984 per
1671 1929 1869 1967 omnes
1910 1912 2100 1967 homi-

404 2022 505 2061 nes
539 2004 886 2074 pertransiit,
912 2022 946 2058 a
979 2020 1093 2074 quo
1127 2019 1246 2057 non
1276 2003 1484 2057 liberat
1510 2002 1617 2056 nisi
1650 2003 1836 2071 gratia
1862 2002 1961 2057 Dei
1994 2017 2099 2071 per

404 2094 717 2148 Dominum
736 2094 929 2147 Jesum
954 2093 1243 2146 Christum
1270 2092 1508 2145 minime
1545 2092 1888 2145 dubitemus.
1925 2090 2098 2160 Cujus

403 2180 761 2236 medicinalis
793 2180 1069 2233 adventus
1102 2196 1214 2233 non
1248 2184 1332 2233 est
1381 2196 1524 2249 opus
1570 2179 1743 2247 sanis,
1774 2180 1872 2232 sed
1912 2194 2097 2249 aegro-

402 2270 677 2336 tantibus,
707 2268 843 2339 quia
873 2285 987 2322 non
1034 2269 1190 2322 venit
1219 2284 1420 2322 vocare
1445 2268 1650 2338 justos,
1700 2268 1797 2321 sed
1836 2272 2095 2337 peccato-

405 2375 493 2412 res
525 2358 740 2427 (Matth.
771 2374 845 2423 ix,
883 2359 967 2423 12,
1015 2360 1118 2424 13).
1156 2357 1219 2411 111
1269 2357 1430 2426 cujus
1480 2372 1723 2426 regnum
1771 2372 1887 2410 non
1916 2355 2097 2409 intra-

403 2446 523 2500 bit:
561 2463 586 2498 (
641 2444 759 2499 Nisi
808 2446 909 2515 qui
962 2450 1191 2499 renatus
1249 2445 1424 2498 fuerit
1478 2460 1543 2498 ex
1596 2460 1746 2514 aqua
1784 2450 1841 2497 et
1892 2444 2098 2514 spiritu

407 2535 581 2605 (Joan.
612 2550 663 2600 v,
702 2533 775 2603 5),
810 2556 835 2582 ››
890 2549 992 2587 1166
1040 2538 1250 2602 praeter
1296 2549 1540 2602 regnum
1594 2533 1716 2603 ejus
1762 2534 2005 2607 salutem
2035 2550 2098 2585 ac

409 2623 582 2675 vitam
627 2621 941 2690 possidebit
973 2627 1268 2675 aeternam.
1303 2621 1584 2685 Quoniam
1629 2622 1730 2691 qui
1774 2638 1889 2674 non
1938 2638 2097 2675 man-

406 2709 693 2764 ducaverit
719 2724 946 2762 carnem
967 2709 1111 2778 ejus,
1141 2715 1197 2762 et
1223 2709 1321 2778 qui
1341 2707 1667 2762 incredulus
1695 2713 1775 2761 est
1796 2708 1955 2773 Filio,
1979 2726 2098 2762 non

408 2798 580 2851 habet
608 2797 802 2863 vitam,
838 2798 935 2850 sed
966 2797 1051 2850 ira
1085 2798 1179 2851 Dei
1216 2802 1409 2851 manet
1437 2813 1610 2867 super
1636 2813 1769 2850 eum
1805 2798 1978 2865 (Joan.
2013 2814 2093 2866 111,

407 2887 501 2955 v1).
534 2885 619 2939 Ab
651 2887 757 2939 hoc
786 2891 1035 2955 peccato,
1091 2888 1160 2938 ab
1207 2886 1313 2939 hac
1364 2886 1725 2955 aegritudine,
1775 2887 1846 2939 ab
1880 2886 1983 2939 hac
2013 2887 2098 2939 ira

410 2976 527 3040 Dei,
561 2975 722 3044 cujus
754 2976 1088 3029 naturaliter
1119 2975 1223 3028 11111
1266 2980 1415 3041 511111,
1454 2975 1554 3045 qui
1586 2975 1804 3029 etiamsi
1834 2991 1936 3044 per
1962 2978 2100 3029 aeta-

406 3066 522 3115 tem
553 3078 671 3115 non
712 3062 926 3116 habent
957 3063 1282 3132 pr0prium,
1324 3063 1563 3116 trahunt
1594 3068 1785 3117 tamen
1817 3063 2098 3133 originale

410 3156 722 3219 peccatum,
774 3168 889 3204 non
942 3151 1149 3205 liberat
1197 3152 1306 3204 nisi
1335 3170 1359 3199 (1
1402 3155 1598 3220 Agnus
1639 3151 1758 3211 Dei,
1806 3142 1905 3222 qui
1951 3152 2101 3206 tollit

408 3243 636 3306 peccata
666 3238 866 3292 mundi
895 3239 1071 3306 (Joan.
1108 3257 1147 3306 1,
1177 3242 1262 3307 29)
1292 3259 1306 3306 ;
1352 3260 1371 3287 ο
1404 3256 1521 3293 11011
1546 3239 1656 3292 nisi
1687 3240 1964 3301 medicus,
1997 3240 2099 3310 qui

409 3342 523 3379 non
569 3327 724 3380 venit
779 3333 1018 3396 propter
1059 3334 1306 3398 (egrotos
1343 3344 1357 3394 ;
1402 3344 1518 3381 non
1560 3328 1667 3381 nisi
1710 3329 1981 3394 Salvator,
2029 3330 2099 3383 de

408 3430 521 3483 quo
555 3415 769 3469 dictum
797 3421 882 3469 est
926 3416 1126 3484 generi
1157 3417 1449 3470 humano:
1488 3438 1515 3465 ‹‹
1570 3417 1745 3470 Natus
1788 3422 1871 3470 est
1917 3417 2095 3485 vobis,

407 3502 578 3556 hodie
603 3504 860 3556 Salvator
900 3504 1049 3572 (Luc.
1089 3520 1149 3570 11,
1185 3504 1302 3571 11);
1337 3522 1364 3555 ››
1417 3520 1532 3557 non
1567 3503 1676 3557 nisi
1728 3504 2096 3574 Redemptor,

410 3590 573 3659 cujus
598 3591 875 3661 sanguine
920 3592 1143 3644 deletur
1180 3592 1436 3646 debitum
1483 3597 1763 3646 nostrum.
1798 3594 1939 3646 Nam
1970 3593 2099 3663 quis

409 3678 617 3731 audeat
639 3678 823 3731 dicere
850 3694 966 3732 non
997 3695 1115 3733 esse
1167 3681 1454 3734 Christum
1504 3680 1812 3734 infantium
1862 3682 2100 3735 salvato-

409 3782 531 3820 rem
547 3782 651 3819 nec
679 3766 1098 3836 redemptorem
1122 3767 1148 3821 ?
1185 3770 1340 3823 Unde
1390 3775 1579 3823 autem
1630 3771 1814 3823 salvos
1866 3770 2018 3836 facit,
2052 3771 2100 3825 si

410 3855 566 3907 nulla
592 3854 653 3907 in
676 3854 758 3908 eis
789 3860 873 3908 est
903 3856 1201 3925 originalis
1232 3858 1513 3927 aegritudo
1540 3858 1803 3927 peccati?
1831 3858 1986 3913 Unde
2016 3874 2099 3911 re-

409 3941 598 4008 dimit,
631 3942 677 3995 si
716 3958 835 3996 non
863 3950 999 3997 sunt
1044 3960 1148 4012 per
1200 3945 1488 4014 originem
1517 3946 1690 4015 primi
1720 3946 1972 4000 hominis
2001 3963 2096 4000 ve-

408 4029 651 4084 nundati
677 4030 779 4083 sub
804 4037 1033 4101 peccato
1057 4032 1099 4103 ?]

477 4119 618 4171 Item
650 4119 796 4188 (cap.
835 4122 925 4188 26)
962 4136 974 4173 :
1029 4118 1359 4191 [Dominum
1402 4123 1596 4175 Iesum
1643 4121 1934 4175 Christum
1980 4138 2098 4176 non

405 4206 578 4261 aliam
613 4208 684 4260 ob
716 4223 945 4261 causam
993 4208 1053 4260 in
1105 4224 1275 4262 carne
1307 4209 1549 4275 venisse,
1602 4225 1664 4262 ac
1712 4209 1897 4262 forma
1948 4210 2097 4263 servi

2198 505 2285 552 est
2316 500 2581 563 Ecclesia,
2629 498 3074 552 reconcilientur
3118 498 3253 560 Deo,
3288 501 3347 551 ut
3395 498 3456 550 in
3500 499 3598 551 illo
3647 498 3782 561 vivi,
3838 503 3901 550 ut

2198 588 2358 653 salvi,
2394 592 2454 640 ut
2506 588 2748 653 liberati,
2806 591 2867 639 ut
2909 586 3212 655 redempti,
3259 593 3318 639 ut
3360 586 3669 639 illuminati
3709 588 3895 639 ﬁant:

2203 674 2361 729 Unde
2393 674 2503 728 nisi
2533 692 2565 728 a
2614 680 2819 740 morte,
2868 674 3037 741 vitiis,
3085 679 3267 741 reatu,
3323 674 3699 743 subjectione,
3741 680 3898 726 tene-

2196 763 2314 816 bris
2345 764 2752 832 peccatorum?
2807 764 2943 826 Ouae
2996 763 3271 833 quoniam
3322 763 3477 815 nulla
3506 762 3567 815 in
3616 779 3684 815 ea
3727 768 3899 815 aetate

2197 866 2300 919 per
2331 866 2493 904 suam
2524 850 2698 904 vitam
2730 851 2927 919 propri
2955 866 3026 902 .zn
3077 848 3511 915 commiserunt,
3562 856 3739 903 restat
3770 850 3896 902 ori-

2198 938 2427 1007 ginale.)

2268 1029 2411 1081 Item
2436 1029 2571 1096 (cap.
2602 1028 2693 1095 27)
2731 1043 2744 1080 :
2783 1027 2946 1097 [Cum
2984 1027 3055 1080 ad
3092 1027 3389 1081 Zachzeum
3429 1024 3705 1079 Dominus
3737 1033 3891 1079 esset

2199 1114 2526 1185 ingressus:
2566 1138 2592 1165 ‹‹
2632 1116 2832 1183 Hodie,
2873 1116 3080 1185 inquit,
3131 1117 3282 1169 salus
3323 1115 3518 1168 domui
3561 1114 3697 1167 huic
3748 1116 3903 1167 facta

2200 1210 2302 1269 est,
2338 1205 2609 1274 quoniam
2668 1210 2725 1257 et
2764 1204 2869 1257 iste
2906 1204 3059 1258 ﬁlius
3104 1210 3189 1258 est
3230 1204 3494 1257 Abrahae.
3526 1203 3692 1256 Venit
3740 1204 3901 1256 enim

2201 1291 2353 1345 ﬁlius
2402 1291 2651 1344 hominis
2716 1307 2997 1362 quzerere,
3057 1297 3112 1345 et
3180 1291 3396 1344 saivare
3445 1291 3595 1360 quod
3646 1291 3904 1360 perierat

2202 1380 2351 1449 (Luc.
2386 1396 2498 1445 XIX,
2525 1382 2577 1446 9,
2636 1380 2745 1446 10).
2812 1400 2839 1428 ››
2883 1381 2998 1434 1106
3042 1380 3110 1433 de
3141 1394 3243 1432 ove
3296 1378 3538 1449 perdita,
3598 1382 3655 1432 et
3685 1377 3902 1431 relictis

2200 1470 2518 1538 nonaginta
2576 1484 2782 1521 novem
2836 1468 3093 1538 quresita,
3140 1474 3195 1520 et
3252 1466 3482 1520 invento
3538 1467 3649 1520 hoc
3716 1472 3774 1519 et
3833 1467 3904 1519 de

2202 1557 2492 1623 drachma,
2551 1573 2681 1628 qua:
2729 1556 2981 1623 perierat
3028 1573 3092 1609 ex
3143 1557 3338 1609 decem
3384 1558 3530 1625 (Luc.
3584 1572 3674 1621 xv,
3725 1556 3782 1622 4,
3819 1556 3902 1624 8).

2204 1646 2357 1699 unde
2381 1648 2700 1715 oportebat,
2735 1652 2798 1699 ut
2824 1645 2991 1699 dicit:
3031 1668 3052 1693 ι
3092 1644 3389 1715 praedicari
3415 1645 3475 1698 in
3511 1644 3748 1698 nomine
3775 1644 3904 1713 ejus

2207 1734 2627 1801 paenitentiam,
2661 1737 2714 1787 et
2767 1732 3167 1786 remissionem
3198 1738 3562 1802 peccatorum
3606 1732 3668 1785 in
3699 1748 3912 1785 omnes

2206 1829 2404 1891 gentes
2475 1821 2880 1892 incipientibus
2962 1821 3031 1875 ab
3135 1822 3446 1875 Jerusalem
3524 1823 3669 1887 (Luc.
3748 1837 3909 1887 xxw,

2206 1910 2316 1977 4:7).
2356 1912 2407 1980 n]

2278 1999 2422 2053 Item
2459 2000 2645 2069 (ibid.)
2675 2016 2687 2052 :
2728 1998 2777 2072 [(1
2808 2000 2935 2053 Non
2962 2020 2988 2048 ››
3022 2015 3181 2069 ergo,
3208 1999 3417 2069 inquit,
3449 2021 3475 2046 ‹‹
3509 1999 3578 2053 (16
3603 1997 3913 2066 sanguini-

2206 2085 2312 2139 bus
2341 2087 2703 2157 congregabo
2738 2088 3133 2140 conventicula
3171 2103 3366 2139 eorum
3400 2088 3565 2153 (Psal.
3603 2103 3692 2153 xv,
3722 2087 3783 2152 ei)
3827 2125 3842 2137 .
3888 2106 3907 2131 ι

2208 2190 2355 2228 1111115
2392 2175 2546 2227 6111111
2590 2174 2823 2245 sanguis
2855 2191 2958 2244 pro
2988 2175 3183 2228 multis
3211 2175 3375 2228 datus
3402 2181 3506 2240 est,
3540 2190 3654 2244 quo
3691 2174 3912 2226 veraci-

2212 2270 2297 2317 ter
2326 2265 2763 2317 mundarentur.
2820 2264 3076 2334 Denique
3122 2263 3417 2333 sequitur:
3464 2286 3483 2309 ε
3520 2264 3631 2316 Nec
3678 2278 3913 2316 memor

2208 2366 2306 2405 ero
2334 2351 2638 2405 nominum
2686 2366 2886 2404 eorum
2938 2368 3038 2421 per
3090 2351 3241 2404 labia
3292 2366 3417 2404 mea
3466 2350 3672 2417 (ibid),
3706 2370 3730 2399 ι)
3783 2356 3911 2403 tan-

2208 2456 2381 2508 quam
2417 2440 2842 2494 innovatorum.
2878 2441 3020 2493 Nam
3054 2440 3286 2493 nomina
3316 2455 3513 2492 eorum
3541 2444 3708 2491 erant
3734 2440 3909 2508 prius

2206 2528 2312 2581 ﬁlii
2346 2529 2553 2595 carnis,
2623 2529 2730 2581 ﬁlii
2778 2528 2991 2593 saeculi,
3038 2527 3144 2581 ﬁlii
3187 2527 3309 2595 iraa,
3345 2527 3447 2581 ﬁlii
3500 2527 3747 2591 diaboli;
3784 2528 3907 2581 im-

2210 2618 2430 2684 mundi,
2466 2623 2811 2687 peccatores,
2848 2617 3034 2687 impii,
3076 2622 3277 2687 postea
3316 2633 3447 2670 vero
3483 2616 3604 2670 Filii
3630 2616 3746 2669 Dei.
3790 2619 3907 2670 Ho-

2208 2706 2352 2759 mini
2386 2722 2555 2774 novo,
2590 2721 2802 2759 nomen
2830 2722 3062 2769 novum,
3096 2705 3382 2758 canticum
3408 2720 3639 2769 novum,
3669 2720 3771 2774 per
3795 2706 3906 2758 Te-

2209 2798 2557 2848 stamentum
2590 2796 2830 2847 Novum.
2870 2795 2993 2847 Non
3023 2794 3136 2846 sint
3164 2793 3375 2863 ingrati
3404 2792 3665 2846 homines
3695 2794 3908 2862 gratiae

2209 2882 2327 2942 Dei,
2363 2882 2556 2950 pusilli
2586 2897 2717 2935 cum
2770 2881 3013 2950 magnis,
3043 2897 3076 2933 a
3108 2880 3331 2933 minore
3368 2896 3547 2950 usque
3599 2880 3667 2933 ad
3701 2880 3903 2949 majo-

2136 2978 2173 3032 ί]
2208 2986 2349 3023 rem.
2400 2970 2593 3023 Totius
2646 2970 2901 3023 Ecclesia:
2950 2986 3053 3023 vox
3094 2974 3216 3023 est:
3272 2988 3300 3019 (1
3356 2970 3551 3022 Erravi
3600 2969 3743 3021 sicut
3774 2970 3907 3022 ovis

2208 3059 2428 3126 perdita
2459 3059 2628 3127 (Psal.
2685 3074 2872 3127 CXVIII,
2934 3060 3073 3127 176).
3108 3078 3135 3107 ››
3183 3058 3452 3111 Omnium
3507 3057 3908 3111 membrorum

2207 3147 2418 3201 Christi
2451 3164 2557 3201 vox
2586 3154 2701 3201 est:
2744 3170 2763 3196 α
2800 3148 3010 3202 Omnes
3050 3153 3112 3200 ut
3142 3162 3275 3200 oves
3329 3147 3664 3212 erravimus,
3689 3152 3744 3199 et
3775 3146 3908 3215 ipse

2209 3236 2445 3290 traditus
2476 3242 2558 3290 est
2589 3253 2688 3307 pro
2715 3237 2960 3306 peccatis
2992 3235 3200 3288 nostris
3231 3237 3367 3305 (lsa.
3403 3251 3519 3301 LIII,
3552 3236 3622 3303 6).
3662 3255 3686 3284 η
3703 3234 3717 3305 )

2275 3329 2414 3380 Item
2446 3326 2591 3394 (cap.
2625 3325 2709 3391 28)
2744 3340 2757 3377 :
2794 3323 2944 3394 [Ipse
2979 3324 3254 3377 Dominus
3291 3323 3644 3377 deﬁnitivam
3692 3328 3906 3392 protu-

2206 3416 2273 3469 lit
2304 3413 2646 3468 sententiam
2680 3412 2749 3465 ad
2786 3412 2909 3465 haec
2932 3428 3033 3465 ora
3062 3411 3432 3473 obstruenda,
3465 3411 3561 3464 ubi
3586 3411 3703 3464 ait:
3740 3432 3759 3457 ε
3790 3411 3906 3474 Qui

2206 3518 2432 3557 mecum
2464 3517 2582 3554 non
2609 3506 2710 3563 est,
2749 3500 3015 3553 adversus
3066 3516 3155 3554 me
3188 3506 3271 3554 est
3316 3500 3550 3569 (Matth.
3587 3516 3681 3566 xu,
3718 3501 3837 3565 30).
3877 3520 3902 3551 in

2207 3591 2499 3646 Constitue
2538 3588 2714 3658 igitur
2755 3588 3073 3659 quemlibet
3118 3589 3463 3659 parvulum:
3501 3588 3545 3639 si
3594 3589 3714 3657 jam
3764 3603 3903 3641 cum

2206 3678 2427 3734 Christo
2456 3685 2561 3743 est,
2596 3683 2657 3730 ut
2673 3677 2812 3747 quid
2840 3678 3159 3748 baptizatur
3179 3677 3206 3731 ?
3223 3678 3271 3731 si
3296 3683 3490 3731 autem
3525 3677 3701 3747 (quod
3724 3677 3907 3729 habet

2205 3766 2442 3835 Veritas)
2467 3766 2593 3819 ideo
2623 3765 2948 3836 baptizatur
2988 3772 3051 3819 ut
3083 3765 3153 3819 sit
3191 3783 3321 3819 cum
3354 3767 3595 3831 Christo,
3640 3766 3903 3836 profecto

2206 3871 2321 3908 non
2354 3854 2675 3924 baptizatus
2704 3870 2822 3907 non
2854 3858 2939 3908 est
2970 3870 3099 3908 cum
3131 3854 3376 3920 Christo,
3411 3860 3468 3909 et
3497 3856 3634 3925 quia
3662 3870 3781 3907 non
3815 3858 3906 3907 est

2205 3958 2335 3997 cum
2401 3942 2621 3997 Christo
2691 3941 2960 3996 adversus
3005 3942 3289 3997 Christum
3340 3948 3462 3997 est:
3514 3958 3703 4013 neque
3743 3943 3903 3995 enim

2206 4032 2328 4101 ejus
2357 4036 2473 4085 tam
2506 4030 2865 4084 manifestam
2897 4030 3190 4099 debemus,
3246 4036 3344 4084 aut
3387 4047 3692 4101 possumus
3737 4030 3902 4083 inﬁr-

2206 4135 2363 4172 mare
2396 4120 2482 4172 vel
2512 4118 2820 4171 immutare
2847 4118 3213 4171 sententiam.
3244 4119 3401 4173 Unde
3426 4118 3608 4188 igitur
3628 4117 3901 4171 adversus

2207 4207 2517 4273 Christum,
2548 4206 2596 4259 si
2638 4221 2754 4259 non
2781 4221 2848 4259 ex
2898 4206 3178 4275 peccato?
3229 4207 3422 4276 Neque
3462 4206 3617 4259 enim
3666 4221 3736 4259 ex
3773 4222 3900 4259 cor-

405 4299 637 4362 accepta
676 4294 884 4347 factum
921 4295 1280 4349 obedientem
1313 4313 1490 4366 usque
1534 4297 1605 4350 ad
1637 4302 1879 4351 mortem
1916 4298 2095 4351 crucis
2133 4293 2177 4347 D
2207 4312 2345 4367 pore
2378 4301 2433 4349 et
2457 4294 2669 4361 anima,
2697 4310 2825 4364 quas
2858 4299 3097 4363 utraque
3131 4294 3232 4349 Dei
3269 4302 3529 4348 creatura
3574 4298 3675 4347 est.
3722 4295 3901 4347 Porro

407 4382 630 4449 (Philip.
668 4398 726 4448 II,
776 4383 850 4451 7),
903 4382 1013 4435 nisi
1057 4388 1117 4436 ut
1157 4383 1263 4436 hac
1301 4384 1724 4454 dispensatione
1773 4386 2095 4440 misericor-

404 4468 654 4522 dissima:
681 4469 880 4539 gratiae
911 4486 1129 4538 omnes,
1159 4472 1366 4541 quibus
1412 4478 1684 4544 tanquam
1732 4474 2005 4529 membris
2035 4476 2096 4529 in

405 4572 646 4625 corpore
677 4559 1000 4613 constitutis
1053 4566 1223 4630 caput
1277 4567 1382 4627 est,
1419 4562 1489 4615 ad
1541 4565 1955 4633 capessendum
2005 4580 2097 4617 re—

404 4659 583 4714 gnum
615 4645 887 4699 coelorum
918 4647 1246 4715 viviﬁcaret,
1283 4655 1339 4703 et
1368 4650 1552 4703 salvos
1600 4650 1829 4718 faceret,
1881 4651 2095 4705 libera-

404 4738 509 4794 ret,
547 4731 917 4801 illuminaret,
950 4741 1006 4790 et
1043 4738 1354 4792 redimeret
1402 4739 1504 4809 qui
1552 4740 1712 4809 prius
1763 4738 2006 4793 fuissent
2034 4739 2095 4793 in

403 4827 766 4889 peccatorum
817 4830 1019 4889 morte,
1078 4826 1470 4895 languoribus,
1521 4827 1812 4889 servitute,
1856 4827 2093 4897 captivi-

405 4914 539 4974 tate,
574 4911 831 4965 tenebris
868 4914 1176 4977 constituti,
1225 4915 1329 4967 sub
1370 4920 1649 4984 potestate
1683 4915 1899 4969 diaboli
1928 4916 2094 4985 prin-

403 4997 546 5067 cipis
582 5004 969 5069 peccatorum.
1002 5004 1080 5055 Ac
1118 5001 1196 5054 sic
1226 5002 1387 5056 ﬁeret
1417 5024 1444 5051 ‹‹
1477 5004 1750 5058 Mediator
1781 5003 1879 5057 Dei
1912 5009 1969 5057 et
1997 5003 2094 5057 ho-

406 5086 627 5141 minum
663 5090 713 5157 (I
743 5090 878 5143 Tim.
914 5105 971 5155 11,
1016 5089 1088 5159 5),
1150 5112 1169 5136 ι)
1234 5107 1337 5159 per
1383 5107 1555 5161 quem
1606 5098 1731 5161 post
1763 5091 2091 5145 inimicitias

403 5173 715 5243 impietatis
746 5182 976 5244 nostrte,
1009 5177 1164 5231 illius
1189 5178 1387 5247 gratiae
1421 5195 1558 5248 pace
1603 5180 1815 5247 ﬁnitas,
1845 5180 2093 5233 reconci-

400 5256 675 5312 liaremur
707 5259 821 5313 Deo
866 5260 927 5313 in
975 5266 1252 5316 aeternam
1283 5262 1479 5330 vitam,
1513 5262 1581 5316 ab
1637 5269 1852 5318 aeterna
1882 5268 2086 5327 morte,

402 5361 531 5416 quae
558 5346 764 5400 talibus
794 5347 1181 5417 impendebat,
1215 5349 1437 5423 erepti.]

471 5435 610 5487 Item
643 5434 824 5505 (ibid)
862 5436 1123 5505 [Oportet
1148 5440 1416 5508 parvulos
1444 5454 1613 5508 egere
1660 5439 1772 5494 illis
1796 5440 2089 5495 beneﬁciis

401 5520 750 5590 mediatoris,
784 5530 850 5578 ut
879 5525 1056 5579 abluti
1101 5544 1201 5596 per
1226 5534 1670 5596 sacramentum,
1720 5529 2087 5584 charitatem-

2207 4384 2255 4437 si
2286 4400 2355 4436 ex
2384 4386 2635 4453 peccato,
2680 4380 2835 4451 quod
2877 4381 2938 4433 in
2985 4381 3082 4435 illa
3125 4387 3310 4447 aetate,
3351 4382 3461 4434 nisi
3504 4382 3807 4450 originale,
3845 4388 3901 4434 et

2206 4472 2509 4542 antiquum
2531 4470 2557 4523 ?
2602 4471 2720 4524 Una
2746 4474 2829 4522 est
2857 4469 3071 4539 quippe
3100 4485 3230 4523 caro
3269 4469 3507 4539 peccati,
3540 4470 3599 4523 in
3627 4486 3743 4539 qua
3774 4486 3899 4523 om-

2206 4575 2305 4613 nes
2330 4559 2400 4612 ad
2434 4557 2861 4611 damnationem
2917 4564 3263 4611 nascuntur:
3308 4562 3363 4611 et
3392 4573 3506 4610 una
3548 4562 3635 4611 est
3675 4573 3808 4610 caro
3840 4558 3899 4609 in

2206 4647 2579 4701 similitudine
2605 4645 2790 4699 carnis
2821 4646 3059 4715 peccati,
3095 4662 3200 4716 per
3239 4661 3409 4716 quam
3448 4661 3651 4699 omnes
3680 4662 3714 4699 a
3745 4646 3901 4699 dam-

2202 4736 2435 4789 natione
2475 4734 2832 4803 liberantur.)

2274 4827 2412 4878 Item
2445 4823 2623 4891 (ibid.)
2661 4839 2672 4875 :
2711 4820 3000 4894 [Universa
3048 4822 3286 4875 Ecclesia
3319 4826 3490 4885 tenet,
3529 4838 3662 4892 quae
3692 4822 3897 4875 1111161·-

2202 4928 2295 4966 5115
2326 4928 2524 4965 01111165
2551 4910 2817 4980 profanas
2858 4911 3133 4964 novitates
3163 4911 3396 4980 vigilare
3437 4910 3630 4979 debet,
3661 4927 3895 4963 omnem

2202 5001 2498 5054 hominem
2542 4998 2797 5068 separari
2835 5015 2865 5050 a
2912 5000 3043 5065 Deo,
3091 5000 3198 5052 nisi
3242 4999 3339 5069 qui
3380 5015 3481 5069 per
3525 4999 3898 5053 mediatorem

2203 5089 2490 5143 Christum
2515 5087 2918 5141 reconciliatur
2939 5089 3051 5142 Deo
3077 5104 3089 5139 :
3117 5104 3220 5140 nec
3240 5088 3493 5157 separari
3515 5103 3896 5157 quemquam,

2199 5174 2311 5229 nisi
2339 5173 2583 5244 peccatis
2608 5172 3121 5227 intercludentibus
3146 5189 3329 5243 posse.
3366 5174 3489 5226 Non
3515 5189 3654 5243 ergo
3686 5188 3897 5226 recon-

2198 5263 2380 5318 ciliari
2437 5262 2545 5315 nisi
2593 5265 2957 5330 peccatorum
3007 5262 3362 5327 remissione,
3416 5277 3519 5332 per
3561 5277 3734 5315 unam
3771 5278 3896 5330 gra-

2198 5352 2339 5406 tiam
2383 5348 2905 5404 misericordissimi
2966 5349 3291 5413 Salvatoris,
3343 5366 3446 5421 per
3498 5366 3673 5403 unam
3721 5350 3892 5403 victi-

2198 5455 2350 5493 mam
2384 5438 2663 5490 verissimi
2694 5438 3033 5503 sacerdotis;
3069 5455 3131 5491 ac
3162 5438 3239 5490 sic
3266 5454 3463 5492 omnes
3493 5438 3643 5491 ﬁlios
3674 5438 3889 5490 mulie—

2197 5530 2275 5581 ris
2303 5543 2427 5597 quze
2458 5526 2709 5594 serpenti
2745 5526 3003 5594 credidit,
3044 5532 3103 5580 ut
3131 5527 3367 5581 libidine
3413 5532 3889 5595 corrumperetur
