4096 6186
215 310 344 360 1081

1263 309 1353 362 DE
1390 309 1734 365 GENERALI
1775 312 1915 367 PER
1952 312 2143 368 ADAM
2188 310 2660 368 DAMNATIONE.

3571 310 3711 365 1082

207 440 368 508 (Gen.
408 456 487 505 ιιι,
529 440 668 507 1-6),
697 454 813 491 non
854 437 1086 491 liberari
1134 454 1167 491 a
1216 454 1457 508 corpore
1490 439 1691 493 mortis
1716 440 1906 511 hujus,
1948 442 2080 497 Ain
2140 442 2327 495 radice
2379 441 2691 508 vitiaverat,
2745 456 2913 511 paena
2968 441 3170 495 mortis
3218 444 3275 494 et
3324 440 3711 495 damnationis

207 526 323 579 nisi
351 541 453 595 per
480 525 683 578 Filium
730 523 970 593 virginis
1002 540 1129 594 quae
1160 525 1364 595 angelo
1405 526 1662 592 credidit,
1696 532 1758 580 ut
1786 528 1908 581 sine

206 613 453 666 libidine
484 612 759 665 fetaretur
790 611 938 680 (Luc.
975 612 1060 681 1).]

285 704 429 755 Item
461 702 608 770 (cap.
656 700 819 769 30).[
870 720 896 750 ‹‹
945 701 1059 753 Nisi
1093 700 1221 771 quis
1271 706 1437 755 natus
1476 702 1650 756 fuerit
1696 703 1906 771 denuo,

208 808 329 844 non
362 797 542 860 potest
577 790 768 842 videre
802 805 1043 858 regnum
1093 790 1189 843 Dei
1224 812 1251 838 ››
1287 791 1386 842 Et:
1437 809 1465 841 α
1515 792 1631 845 Nisi
1662 792 1788 861 quis
1821 809 1909 846 re-

207 888 383 933 natus
446 880 619 932 fuerit
666 896 731 931 ex
793 895 941 949 aqua
1011 884 1067 932 et
1125 878 1352 947 spiritu,
1414 895 1530 932 non
1588 887 1773 949 potest
1821 881 1908 935 in-

207 968 389 1021 troire
422 968 479 1019 in
532 982 775 1036 regnum
822 966 919 1019 Dei
971 967 1161 1034 (Joan.
1198 982 1279 1033 ιιι,
1328 969 1469 1034 3-5).
1522 987 1549 1017 ››
1598 968 1708 1021 Cur
1754 969 1910 1021 enim

210 1060 482 1109 nascatur
523 1056 730 1120 denuo,
774 1054 881 1106 nisi
912 1055 1307 1108 renovandus‘?
1344 1056 1496 1109 Unde
1528 1057 1906 1123 renovandus,

208 1145 326 1199 nisi
360 1162 393 1197 a
425 1144 741 1197 vetustate?
771 1145 892 1207 Qua
924 1147 1217 1209 vetustate,
1252 1144 1361 1196 nisi
1410 1144 1468 1196 in
1520 1160 1633 1214 qua
1680 1167 1701 1193 ι
1750 1149 1911 1199 vetus

208 1235 394 1289 homo
426 1239 616 1286 noster
645 1232 815 1285 simul
849 1231 1101 1285 conﬁxus
1130 1237 1215 1286 est
1260 1248 1390 1285 cum
1421 1232 1540 1299 illo,
1578 1239 1641 1286 ut
1672 1249 1909 1287 evacua-

208 1327 377 1373 retur
410 1336 615 1389 corpus
652 1321 867 1390 peccati
915 1321 1088 1388 (Rom.
1122 1336 1194 1387 vi,
1224 1320 1324 1387 6)?
1350 1343 1376 1369 υ
1410 1326 1508 1375 aut
1537 1322 1689 1374 unde
1719 1322 1911 1392 imago

213 1408 318 1462 Dei
340 1424 458 1461 non
487 1408 665 1461 intrat
695 1408 754 1461 in
783 1423 1027 1478 regnum
1052 1407 1173 1474 Dei,
1206 1409 1319 1462 nisi
1340 1408 1752 1479 impedimento
1784 1426 1913 1480 pro-

208 1497 454 1552 hibente
480 1496 752 1568 peccati?)

289 1587 431 1639 Item
464 1588 602 1653 (cap.
640 1586 760 1654 3t):
792 1585 808 1655 [
855 1606 882 1634 ‹‹
931 1586 1129 1651 Nemo,
1179 1605 1205 1636 »
1240 1586 1446 1655 inquit,
1487 1608 1513 1635 ‹‹
1554 1588 1822 1641 ascendet
1852 1588 1912 1643 in

209 1674 447 1737 caelum,
499 1673 610 1726 nisi
658 1673 756 1743 qui
808 1673 876 1727 de
920 1674 1060 1727 ccelo
1108 1674 1399 1727 descendit
1439 1674 1594 1729 filius
1638 1676 1906 1739 hominis,

210 1763 313 1833 qui
344 1768 431 1815 est
463 1763 519 1815 in
551 1764 689 1815 caelo
723 1761 907 1831 (Joan.
946 1779 1026 1829 ιιι,
1063 1763 1169 1831 l3).
1205 1784 1223 1809 ι
1275 1762 1385 1829 Sic,
1427 1762 1638 1834 inquit,
1687 1766 1783 1818 tiet
1812 1782 1907 1835 ge-

211 1852 439 1904 neratio
476 1850 756 1920 specialis,
790 1856 853 1903 ut
900 1850 1011 1903 sint
1060 1851 1311 1905 cmlestes
1342 1852 1604 1905 homines
1630 1870 1693 1906 ex
1728 1858 1912 1908 terre-

208 1941 323 2007 nis,
360 1940 517 2009 quod
551 1939 787 2008 adipisci
820 1954 931 1991 non
965 1943 1298 2007 potuerunt,
1324 1940 1437 1993 nisi
1467 1941 1727 1995 membra
1757 1942 1817 1995 in
1847 1960 1913 1995 ea

209 2028 543 2084 efﬁciantur
598 2034 659 2079 ut
723 2027 841 2097 ipse
894 2027 1164 2080 ascendat
1222 2029 1319 2098 qui
1379 2028 1717 2083 descendit:
1780 2030 1914 2100 quia

213 2137 240 2167 (ι
291 2133 466 2171 nemo
511 2116 783 2185 ascendit,
818 2115 927 2168 nisi
976 2116 1075 2186 qui
1116 2116 1425 2170 descendit.
1460 2136 1487 2168 η
1539 2119 1655 2171 Nisi
1686 2135 1823 2188 ergo
1856 2122 1914 2172 in

209 2206 502 2260 unitatem
538 2204 740 2258 Christi
772 2220 970 2257 omnes
1005 2205 1265 2259 mutandi
1302 2206 1639 2276 levandique
1674 2223 1913 2261 concur-

212 2299 371 2355 rant,
421 2300 481 2347 ut
528 2293 783 2347 Christus
831 2293 929 2363 qui
962 2293 1254 2347 descendit
1304 2294 1426 2364 ipse
1476 2296 1761 2361 ascendat,
1800 2312 1915 2349 non

214 2382 378 2435 aliud
411 2382 693 2451 deputans
728 2397 931 2451 corpus
962 2398 1150 2445 suum,
1182 2382 1239 2435 id
1279 2388 1365 2436 est
1394 2384 1696 2437 Ecclesium
1730 2401 1911 2451 suam,

216 2486 398 2541 quam
439 2470 722 2539 seipsum;
769 2470 903 2539 quia
946 2470 1015 2523 de
1064 2470 1287 2524 Christo
1336 2474 1391 2524 et
1438 2472 1683 2525 Ecclesia
1728 2473 1914 2525 verius

215 2558 601 2628 intelligitur:
631 2576 659 2607 ι(
684 2558 863 2611 Erunt
895 2557 1007 2611 duo
1043 2558 1101 2611 in
1129 2574 1297 2611 carne
1328 2574 1442 2611 una
1466 2559 1617 2627 (Gen.
1650 2577 1708 2626 ιι,
1740 2562 1853 2628 24).
1886 2580 1913 2609 ι

221 2650 300 2701 De
333 2664 448 2717 qua
475 2663 533 2699 re
565 2646 684 2716 ipse
718 2645 893 2699 dixit:
932 2667 959 2693 ‹‹
991 2647 1170 2715 igitur
1202 2646 1325 2717 jam
1356 2663 1471 2700 non
1504 2648 1639 2711 duo,
1674 2649 1770 2702 sed
1804 2664 1917 2702 una

217 2753 357 2789 caro
390 2736 583 2807 (Marc.
606 2752 658 2800 x,
693 2735 765 2805 8),
801 2756 828 2782 ››
860 2736 1166 2789 ascendere
1202 2736 1438 2789 omnino
1465 2752 1579 2790 non
1612 2742 1913 2807 poterunt;

217 2826 383 2896 quia,
420 2847 447 2873 ‹‹
485 2839 653 2877 nemo
681 2824 931 2877 ascendit
962 2824 1019 2876 in
1065 2825 1292 2891 caelum,
1328 2824 1439 2877 nisi
1484 2826 1584 2896 qui
1627 2826 1919 2880 descendit

220 2914 292 2967 de
322 2914 487 2977 ccelo,
520 2914 671 2965 titius
700 2912 950 2965 hominis
982 2912 1081 2982 qui
1115 2918 1198 2966 est
1227 2912 1286 2966 in
1315 2913 1476 2967 c0310.
1512 2913 1563 2983 ιι]

295 3004 438 3056 Item
466 3004 604 3071 (cap.
640 3004 727 3066 33,
762 3002 885 3070 3i):
922 3002 1069 3070 [Non
1100 3001 1425 3055 alienentur
1462 3001 1684 3071 parvuli
1716 3018 1747 3054 a
1781 3018 1914 3072 gra-

219 3091 303 3144 tia
358 3090 707 3143 remissionis
742 3094 1142 3159 peccatorum:
1180 3106 1293 3143 non
1337 3089 1501 3143 aliter
1539 3090 1813 3143 transitur
1843 3091 1915 3143 ad

217 3179 537 3245 Christum,
570 3194 737 3231 nemo
783 3178 948 3231 aliter
976 3182 1161 3248 potest
1188 3180 1301 3232 Deo
1350 3178 1725 3244 reconciliari,
1760 3184 1815 3231 et
1844 3179 1915 3233 ad

220 3267 409 3321 Deum
440 3268 649 3331 venire,
686 3266 796 3319 nisi
827 3283 930 3337 per
952 3267 1259 3321 Christum.
1295 3267 1438 3330 Quid
1482 3268 1549 3321 de
1578 3268 1699 3337 ipsa
1730 3268 1917 3322 forma

217 3357 569 3411 sacramenti
599 3356 841 3426 loquar?
883 3356 1086 3409 Vellem
1112 3355 1318 3425 aliquis
1351 3356 1610 3422 istorum,
1647 3356 1746 3426 qui
1777 3372 1915 3409 con-

216 3446 401 3500 traria
432 3445 681 3515 sapiunt,
716 3444 858 3499 mihi
896 3444 1301 3514 baptizandum
1334 3444 1634 3514 parvulum
1666 3445 1911 3499 afferret.

218 3534 375 3599 Quid
412 3556 439 3581 ‹‹
486 3534 542 3587 in
587 3533 686 3586 illo
729 3532 850 3603 agit
876 3533 1241 3597 exorcismus,
1278 3532 1324 3585 si
1357 3533 1416 3585 in
1458 3532 1673 3586 familia
1701 3532 1917 3586 diaboli

216 3640 346 3677 non
378 3621 637 3675 tenetur?
684 3642 709 3671 ι)
764 3622 886 3691 [pse
934 3627 1083 3675 certe
1120 3620 1259 3674 mihi
1309 3621 1493 3674 fuerat
1536 3637 1915 3691 responsurus

216 3729 335 3784 pro
386 3711 586 3763 eodem
635 3711 891 3779 parvulo,
941 3724 1111 3779 quem
1160 3708 1499 3777 geminaret,
1548 3709 1683 3779 quia
1723 3725 1825 3778 pro
1858 3724 1917 3764 se

214 3802 319 3854 ille
355 3800 701 3869 respondere
732 3814 847 3851 non
894 3801 1100 3867 posset.
1145 3797 1449 3861 Quomodo
1482 3814 1616 3867 ergo
1663 3798 1917 3851 dicturus

217 3893 347 3944 erat
378 3904 508 3941 eum
539 3887 870 3940 renuntiare
899 3886 1147 3953 diabolo,
1181 3887 1342 3955 cujus
1369 3887 1428 3938 in
1459 3902 1525 3939 eo
1556 3886 1703 3940 nihil
1732 3887 1916 3940 esset?

215 3977 518 4049 quomodo
565 3976 816 4030 converti
863 3975 930 4029 ad
980 3974 1309 4039 Dominum,
1358 3992 1390 4028 a
1440 3991 1553 4045 quo
1601 3992 1715 4027 non
1770 3982 1918 4029 esset

216 4068 493 4121 aversus?
541 4065 772 4118 credere
803 4064 955 4117 inter
984 4069 1187 4117 cetera
1227 4063 1619 4117 remissionem
1653 4070 1915 4133 peccato-

218 4172 376 4219 rum,
400 4170 526 4225 quae
548 4154 629 4206 illi
654 4153 810 4206 nulla
841 4152 1230 4206 tribueretur?
1255 4154 1368 4222 Ego
1392 4152 1627 4222 quidem
1652 4153 1697 4205 si
1719 4158 1919 4207 contra

214 4246 349 4299 haec
400 4259 530 4296 eum
580 4243 788 4295 sentire
847 4241 1247 4307 existimarem,
1297 4258 1401 4295 nec
1444 4242 1511 4295 ad
1562 4248 1918 4295 sacramenta

213 4348 355 4386 cum
387 4331 625 4401 parvulo
657 4330 868 4383 intrare
904 4330 1326 4400 permitterem;
1361 4330 1479 4400 ipse
1502 4336 1693 4383 autem
1724 4331 1781 4383 in
1810 4332 1917 4386 hoc

213 4437 339 4492 qua
371 4420 555 4472 fronte
586 4419 655 4472 ad
681 4418 965 4483 homines,
995 4434 1108 4487 qua
1132 4422 1319 4471 mente
1342 4418 1411 4471 ad
1438 4419 1611 4471 Deum
1636 4436 1693 4471 se
1721 4418 1912 4486 ferret,

211 4508 469 4580 ignoro]

294 4598 369 4650 Ex
404 4596 548 4649 libro
578 4595 749 4648 etiam
789 4595 1046 4664 ejusdem
1080 4594 1233 4648 beati
1275 4594 1544 4659 doctoris,
1587 4594 1685 4664 qui
1735 4597 1916 4648 usita-

211 4690 330 4741 tius
374 4684 761 4739 Encliiridium
803 4685 1134 4753 appellatur,
1164 4684 1236 4737 ad
1276 4684 1534 4751 ejusdem
1578 4683 1659 4735 rei
1707 4683 1914 4736 diluci-

211 4774 517 4827 dationem
562 4772 681 4825 huic
722 4787 903 4841 pauca
950 4772 1308 4842 decerpenda
1347 4778 1402 4826 et
1446 4772 1766 4825 adnotanda
1796 4788 1916 4825 cre-

211 4863 475 4917 didimus
526 4862 769 4929 (Enchi'r.
823 4877 947 4929 cap.
1009 4861 1217 4929 25-26).
1284 4861 1376 4913 Ait
1436 4875 1719 4929 namque:
1782 4860 1915 4928 [Sed

209 4954 398 5005 homo
452 4948 624 5001 habet
671 4964 899 5017 pcenam
945 4947 1258 5017 propriam,
1294 4964 1407 5017 qua
1440 4947 1697 5016 corporis
1731 4953 1916 5000 morte

206 5038 458 5110 punitus
483 5042 584 5090 est.
623 5037 815 5091 Mortis
848 5036 897 5088 ei
931 5036 1145 5105 quippe
1179 5036 1525 5105 supplicium
1570 5037 1714 5089 Deus
1758 5052 1913 5089 com-

210 5128 479 5182 minatus
523 5126 727 5191 fuerat,
761 5124 806 5177 si
849 5128 1143 5195 peccaret:
1187 5124 1266 5177 sic
1314 5140 1445 5177 eum
1498 5140 1809 5179 munerans
1840 5124 1914 5177 li-

207 5216 355 5269 bero
413 5213 674 5279 arbitrio,
732 5218 794 5267 ut
843 5218 1033 5266 tamen
1077 5217 1304 5279 regeret
1351 5213 1616 5281 imperio,
1676 5218 1916 5266 terreret

208 5301 413 5364 exitio,
448 5306 619 5370 atque
670 5300 726 5353 in
761 5300 1007 5369 paradisi
1050 5300 1343 5365 felicitate,
1387 5305 1659 5370 tanquam
1692 5300 1750 5353 in
1780 5316 1913 5354 um-

205 5390 317 5444 bra
350 5388 502 5452 vitas,
538 5388 689 5441 unde
716 5388 933 5457 justitia
964 5388 1244 5441 custodita
1274 5388 1331 5441 in
1369 5389 1607 5441 meliora
1640 5404 1914 5441 conscen-

210 5480 404 5542 deret,
439 5478 753 5530 collocavit.
793 5477 936 5530 Hine
980 5482 1108 5547 post
1136 5482 1430 5545 peccatum
1473 5478 1625 5529 exsul
1662 5477 1911 5541 effectus,

210 5566 459 5635 stirpem
493 5582 723 5635 quoque
746 5581 929 5631 suam,
952 5581 1125 5635 quam
1149 5566 1435 5634 peccando
1464 5566 1524 5619 in
1556 5581 1613 5619 se
1640 5570 1915 5636 tanquam

2016 530 2340 595 obstrinxit,
2376 535 2437 583 ut
2466 530 2741 601 quidquid
2776 529 2953 599 prolis
2990 545 3054 582 ex
3109 529 3225 595 illo,
3263 534 3318 582 et
3348 530 3517 582 simul
3549 529 3710 582 dam-

2018 623 2149 671 nata
2196 622 2319 687 (per
2363 634 2535 688 quam
2582 620 2933 688 peccaverat)
2979 618 3224 686 eonjuge
3279 634 3379 685 per
3423 617 3711 670 carnalem

2017 707 2561 776 concupiscentiam,
2596 708 2651 759 in
2680 723 2853 776 quam
2876 706 3280 759 inobedientiae
3309 721 3477 775 pmna
3509 705 3711 758 similis

2016 795 2295 848 retributa
2337 801 2441 859 est,
2494 801 2839 855 nasceretur,
2892 794 3143 847 traheret
3193 794 3468 863 originale
3508 809 3709 862 pecca-

2017 889 2159 949 tum,
2195 900 2309 953 quo
2342 884 2663 937 traheretur
2695 899 2795 952 per
2834 898 3055 935 errores
3084 882 3421 951 doloresque
3460 881 3710 934 diversos

2020 972 2089 1025 ad
2120 972 2258 1025 illud
2292 980 2612 1025 extremum
2641 986 2772 1023 cum
2814 970 3197 1023 desertoribus
3228 969 3448 1037 angelis
3478 968 3711 1021 vitiato-

2018 1060 2191 1123 ribus,
2236 1065 2292 1113 et
2335 1059 2779 1129 possessoribus,
2814 1064 2868 1114 et
2907 1058 3262 1111 consortibus
3294 1058 3410 1110 suis
3441 1058 3565 1110 sine
3595 1057 3711 1110 line

2018 1148 2382 1219 supplicium.
2420 1148 2507 1201 Sic
2559 1165 2583 1198 α
2619 1164 2723 1216 per
2763 1162 2938 1199 unum
2972 1147 3263 1199 hominem
3295 1152 3591 1213 peccatum
3623 1145 3711 1197 in-

2019 1238 2189 1291 travit
2218 1238 2275 1289 in
2327 1236 2626 1302 mundum,
2663 1239 2713 1289 et
2765 1251 2868 1305 per
2898 1241 3190 1304 peccatum
3239 1250 3411 1298 mors,
3446 1239 3500 1286 et
3545 1234 3622 1286 ita
3652 1233 3712 1287 in

2019 1342 2216 1380 omnes
2260 1325 2522 1378 homines
2572 1323 2919 1393 pertransiit,
2953 1323 3012 1375 in
3046 1340 3158 1392 quo
3202 1338 3401 1375 omnes
3445 1337 3713 1391 peccave-

2020 1420 2153 1467 runt
2183 1413 2361 1481 (Rom.
2416 1430 2468 1479 v,
2516 1416 2619 1479 12).
2659 1434 2677 1459 ι
2731 1412 2994 1467 Mundam
3039 1412 3252 1481 quippe
3298 1410 3605 1481 appellavit
3645 1425 3712 1464 eo

2021 1503 2141 1556 loco
2170 1501 2470 1570 Apostolus
2501 1501 2828 1553 universum
2860 1514 3043 1567 genus
3070 1496 3429 1565 humanum]

2092 1591 2256 1658 (Cap.
2310 1592 2422 1655 27.)
2456 1590 2563 1658 [Ita
2612 1604 2746 1657 ergo
2795 1603 2853 1641 se
2884 1604 2974 1640 res
3029 1587 3333 1639 habebant.
3384 1584 3611 1638 Jacebat
3656 1583 3717 1636 in

2022 1679 2208 1744 malis,
2242 1679 2329 1731 vel
2355 1680 2526 1731 etiam
2561 1676 2889 1730 volvebatur
2919 1681 2971 1728 et
3004 1676 3074 1728 de
3105 1675 3268 1727 malis
3295 1674 3353 1727 in
3385 1674 3536 1726 mala
3569 1688 3717 1743 pras-

2021 1768 2363 1838 cipitabatur
2412 1766 2586 1819 totius
2633 1764 2859 1836 generis
2904 1764 3140 1818 humani
3194 1779 3380 1816 massa
3414 1763 3711 1826 damnata;

2022 1861 2078 1910 et
2120 1856 2385 1925 adjuncta
2430 1860 2591 1924 parte
2640 1870 2865 1921 eorum,
2906 1853 3004 1922 qui
3044 1856 3433 1922 peccaverant,
3481 1849 3711 1918 angelo-

2020 1961 2176 2011 rum,
2217 1944 2411 1997 luebat
2456 1943 2649 2012 impias
2696 1940 3031 1995 desertionis
3079 1938 3445 2009 dignissimas
3493 1952 3711 2005 pcenas.

2022 2033 2104 2086 Ad
2145 2032 2289 2085 iram
2321 2031 2536 2102 quippe
2573 2031 2672 2084 Dei
2721 2030 2963 2099 pertinet
2993 2029 3226 2097 justam,
3261 2026 3540 2097 quidquid
3570 2040 3716 2083 caeca

2023 2126 2080 2175 et
2106 2122 2385 2174 indomita
2414 2118 2874 2188 concupiscentia
2923 2118 3138 2170 faciunt
3186 2117 3429 2169 libenter
3476 2114 3611 2167 mali
3659 2118 3717 2167 et

2024 2209 2303 2281 quidquid
2337 2208 2652 2263 manifestis
2685 2207 3012 2277 apertisque
3046 2205 3229 2276 poenis
3278 2204 3576 2273 patiuntur
3625 2202 3715 2255 in-

2025 2299 2151 2364 viti;
2183 2316 2293 2352 non
2334 2314 2467 2353 sane
2501 2296 2781 2352 Creatoris
2821 2295 3130 2349 desistente
3160 2293 3438 2357 bonitate,
3465 2296 3521 2344 et
3549 2290 3716 2344 malis

2025 2387 2243 2455 angelis
2296 2385 2764 2438 subministrante
2824 2384 3029 2447 vitam,
3092 2382 3458 2449 vivacemque
3514 2384 3715 2448 poten-

2024 2476 2195 2539 tiam;
2227 2490 2356 2544 quee
2404 2472 2855 2527 subministratio
2890 2471 2936 2523 si
2973 2472 3286 2535 auferatur,
3322 2468 3629 2533 intercidit,
3662 2469 3718 2519 et

2024 2562 2350 2628 hominum,
2380 2559 2638 2630 quamvis
2672 2559 2739 2612 de
2761 2557 3077 2629 propagine
3112 2555 3307 2608 vitiata
3337 2555 3718 2621 damnataque

2024 2650 2382 2705 nascentium
2433 2649 2681 2702 formare
2731 2646 2968 2710 semina,
3033 2652 3090 2698 et
3133 2645 3409 2706 animare,
3453 2642 3719 2695 ordinare

2026 2740 2286 2792 membra
2315 2754 2419 2808 per
2450 2742 2776 2805 temporum
2826 2741 3039 2800 aetates,
3075 2748 3177 2803 per
3224 2733 3479 2784 locorum
3513 2729 3716 2799 spatia,

2025 2834 2289 2896 vegetare
2339 2842 2559 2891 sensus,
2592 2826 2868 2877 alimenta
2917 2824 3148 2875 donare.
3202 2822 3397 2875 Melius
3446 2820 3717 2888 enimju-

2028 2915 2233 2968 dicavit
2261 2916 2329 2967 de
2377 2914 2543 2967 malis
2582 2912 2934 2976 benefacere,
2976 2926 3150 2980 quam
3200 2910 3348 2961 mala
3400 2908 3557 2960 nulla
3599 2923 3719 2959 esse

1956 3031 1997 3085 ο
2027 3004 2379 3074 permittere.
2432 3002 2543 3055 Etsi
2592 3000 2822 3069 quidem
2855 2999 2915 3051 in
2966 2998 3169 3051 melius
3200 2996 3500 3049 hominum
3534 2994 3717 3047 refor-

2026 3093 2336 3145 mationem
2384 3090 2602 3143 nullam
2650 3103 2883 3157 prorsus
2917 3103 3035 3140 esse
3081 3084 3372 3149 voluisset,
3417 3082 3561 3135 sicut
3608 3082 3718 3134 im-

2024 3182 2255 3251 piorum
2288 3180 2443 3232 nulla
2474 3184 2556 3231 est
2578 3177 2937 3246 angelorum,
2975 3191 3087 3227 non
3120 3172 3409 3226 immerito
3441 3171 3622 3236 tieret,
3660 3173 3720 3222 ut

2024 3276 2230 3324 natura
2286 3284 2415 3338 quae
2461 3268 2643 3320 Deum
2690 3264 2980 3328 deseruit,
3032 3278 3160 3332 quin
3220 3265 3569 3331 praeceptum
3628 3257 3718 3311 sui

2025 3357 2307 3415 Creatoris
2340 3356 2514 3426 (quod
2560 3354 2845 3408 custodire
2877 3352 3145 3407 facillime
3179 3350 3385 3420 posset)
3419 3364 3520 3400 sua
3570 3347 3717 3399 male

2028 3450 2190 3501 utens
2238 3450 2515 3516 potestate
2547 3442 2799 3511 calcavit,
2834 3448 3004 3511 atque
3052 3448 3402 3508 transgressa
3436 3440 3547 3500 est;
3590 3450 3719 3505 quae

2026 3536 2085 3589 in
2125 3552 2181 3589 se
2226 3535 2313 3588 sui
2346 3533 2668 3588 Conditoris
2712 3530 3023 3601 imaginem
3068 3529 3136 3581 ab
3182 3528 3305 3597 ejus
3340 3524 3553 3578 lumine
3583 3538 3718 3575 con-

2027 3623 2327 3677 tumaciter
2386 3636 2641 3676 aversam
2701 3619 2964 3683 violavit;
3014 3633 3143 3687 quas
3197 3616 3480 3669 salubrem
3538 3610 3717 3665 servi-

2026 3717 2207 3765 tutem
2253 3711 2322 3765 ab
2355 3711 2476 3780 ejus
2509 3709 2731 3779 legibus
2773 3709 2921 3761 male
2954 3707 3135 3760 libero
3184 3704 3415 3773 abrupit
3460 3701 3717 3764 arbitrio,

2026 3799 2291 3852 universa
2334 3799 2394 3851 in
2433 3803 2709 3851 aeternum
2756 3796 3115 3849 desereretur
3149 3793 3217 3845 ab
3264 3808 3355 3855 eo,
3388 3796 3443 3843 et
3484 3805 3587 3858 pro
3618 3804 3720 3840 suo

2028 3888 2229 3941 merito
2260 3902 2487 3956 poenam
2537 3885 2813 3957 penderet
2857 3883 3283 3953 sempiternam.
3334 3880 3505 3932 Plane
3538 3877 3614 3930 ita
3646 3877 3721 3928 fa-

2026 3981 2198 4041 ceret,
2231 3976 2277 4027 si
2311 3979 2532 4027 tantum
2558 3974 2770 4043 justus,
2810 3986 2928 4025 non
2958 3970 3131 4023 etiam
3181 3967 3504 4021 misericors
3548 3969 3716 4028 esset,

2026 4079 2303 4134 suamque
2334 4062 2781 4116 misericordiam
2814 4061 2993 4113 multo
3020 4056 3340 4111 evidentius
3368 4054 3426 4107 in
3456 4052 3720 4121 indigno-

2026 4169 2153 4206 rum
2185 4152 2372 4221 potius
2401 4150 2738 4204 liberatione
2770 4146 3158 4215 monstraret.]

2099 4242 2235 4294 Item
2281 4240 2422 4309 (cap.
2472 4240 2559 4303 50,
2626 4237 2751 4306 iit):
2805 4237 2927 4306 [llle
2975 4250 3126 4288 unus
3184 4248 3362 4286 unum
3424 4235 3717 4301 peccatum

1957 4330 1997 4383 Ι)
2030 4329 2184 4383 misit
2222 4329 2282 4382 in
2313 4328 2630 4392 mundum;
2660 4327 2765 4379 iste
2813 4340 2945 4378 vero
2994 4339 3141 4376 unus
3190 4337 3308 4375 non
3352 4321 3538 4373 solum
3580 4318 3721 4371 illud

2025 4433 2228 4482 unum,
2256 4418 2350 4469 sed
2383 4421 2587 4469 cuncta
2616 4415 2784 4468 simul
2817 4412 3072 4476 abstulit,
3098 4426 3227 4481 quas
3260 4409 3450 4463 addita
3478 4407 3717 4461 invenit.

2030 4506 2183 4560 Unde
2226 4504 2361 4559 dicit
2397 4504 2740 4573 Apostolus:
2792 4521 2819 4552 ‹‹
2862 4502 2985 4555 Non
3032 4501 3175 4553 sicut
3220 4516 3324 4569 per
3372 4514 3549 4551 unum
3586 4512 3722 4567 pec-

2025 4598 2237 4657 catum,
2282 4592 2361 4645 ita
2401 4596 2486 4644 est
2529 4596 2585 4643 et
2620 4591 2874 4644 donum:
2910 4604 3045 4642 nam
3067 4587 3357 4657 judicium
3389 4586 3619 4655 quidem
3651 4599 3719 4636 ex

2028 4698 2139 4735 uno
2170 4681 2228 4733 in
2260 4678 2822 4739 condemnationem,
2855 4678 3037 4747 gratia
3070 4681 3262 4730 autem
3296 4692 3363 4728 ex
3396 4674 3591 4727 multis
3620 4671 3717 4724 de—

2024 4768 2172 4822 lictis
2219 4768 2277 4821 in
2302 4766 2769 4837 justiticationem
2812 4766 2985 4835 (Rom.
3031 4782 3081 4830 v,
3124 4767 3223 4834 l6).
3266 4785 3293 4813 ››
3343 4763 3490 4825 Quia
3521 4760 3718 4828 utique

2024 4857 2166 4911 illud
2198 4872 2371 4909 unum
2396 4855 2548 4925 quod
2575 4855 2933 4923 originaliter
2959 4854 3224 4917 trahitur,
3260 4852 3430 4905 etiam
3457 4850 3502 4901 si
3530 4848 3718 4900 solum

2024 4947 2115 5008 sit,
2152 4945 2428 4998 obnoxios
2460 4943 2819 4998 damnationi
2866 4943 3035 4997 facit:
3074 4941 3256 5012 gratia
3288 4955 3415 4991 vero
3456 4953 3521 4990 ex
3567 4935 3713 4988 mul-

2024 5035 2094 5088 tis
2117 5034 2338 5087 delictis
2355 5034 2629 5102 justiticat
2653 5032 2971 5097 hominem,
2995 5031 3093 5100 qui
3122 5033 3326 5099 praeter
3349 5026 3489 5078 illud
3514 5039 3714 5088 unum,

2024 5123 2175 5193 quod
2216 5122 2598 5175 communiter
2646 5138 2774 5175 cum
2824 5120 3090 5174 omnibus
3134 5114 3487 5184 originaliter
3522 5111 3711 5177 traxit,

2024 5227 2125 5263 sua
2173 5225 2402 5280 quoque
2452 5210 2683 5279 propria
2730 5210 2907 5262 multa
2953 5206 3254 5260 commisit.
3312 5204 3715 5257 Verumtamen

2024 5300 2176 5369 quod
2210 5301 2382 5369 paulo
2433 5305 2563 5369 post
2605 5298 2740 5352 dicit
2769 5296 2953 5365 (ibid,
3006 5298 3113 5361 18),
3144 5316 3163 5341 ι
3215 5294 3371 5346 Sicut
3415 5307 3515 5361 per
3547 5288 3716 5341 unius

2025 5388 2294 5441 delictum
2354 5388 2413 5440 in
2463 5405 2660 5441 omnes
2716 5384 2978 5438 homines
3022 5384 3090 5434 ad
3144 5379 3713 5441 condemnationem,

2025 5476 2101 5529 ita
2136 5482 2188 5529 et
2238 5492 2339 5545 per
2383 5476 2547 5528 nutu:
2590 5472 3059 5543 justiticationcm
3111 5470 3168 5521 in
3217 5484 3415 5521 omnes
3454 5466 3718 5521 homines

2026 5565 2094 5619 ad
2149 5565 2618 5634 justilieationeni
2666 5563 2812 5628 vitae,
2867 5580 2893 5611 ι)
2953 5560 3089 5613 satis
3146 5557 3359 5611 indicat
3412 5574 3475 5610 ex
3534 5556 3717 5610 Adam
