  <div class='ocr_page' id='page_1' title='image "/cluster/home/n/w/nwhite01/storage/ocr_20150623/121/hvd.32044054759832/547.png"; bbox 0 0 4108 6190; ppageno 0'>
   <div class='ocr_carea' id='block_1_1' title="bbox 389 277 520 329">
    <p class='ocr_par' dir='ltr' id='par_1_1' title="bbox 389 277 520 329">
     <span class='ocr_line' id='line_1_1' title="bbox 389 277 520 329; baseline 0 -2"><span class='ocrx_word' id='word_1_1' title='bbox 389 277 520 329; x_wconf 79' lang='grc'><strong>1083</strong></span> 
     </span>
    </p>
   </div>
   <div class='ocr_carea' id='block_1_2' title="bbox 1511 274 2737 334">
    <p class='ocr_par' dir='ltr' id='par_1_2' title="bbox 1511 274 2737 334">
     <span class='ocr_line' id='line_1_2' title="bbox 1511 274 2737 334; baseline 0.002 -6"><span class='ocrx_word' id='word_1_2' title='bbox 1511 274 1563 328; x_wconf 90' lang='lat' dir='ltr'><strong>S.</strong></span> <span class='ocrx_word' id='word_1_3' title='bbox 1608 274 1881 330; x_wconf 81' lang='lat' dir='ltr'><strong>BEMIGII</strong></span> <span class='ocrx_word' id='word_1_4' title='bbox 1924 276 2391 334; x_wconf 81' lang='lat' dir='ltr'><strong>LUGDUNENSIS</strong></span> <span class='ocrx_word' id='word_1_5' title='bbox 2433 277 2737 332; x_wconf 83' lang='lat' dir='ltr'><strong>EPISCOPI</strong></span> 
     </span>
    </p>
   </div>
   <div class='ocr_carea' id='block_1_3' title="bbox 3748 280 3881 332">
    <p class='ocr_par' dir='ltr' id='par_1_3' title="bbox 3748 280 3881 332">
     <span class='ocr_line' id='line_1_3' title="bbox 3748 280 3881 332; baseline 0.008 -1"><span class='ocrx_word' id='word_1_6' title='bbox 3748 280 3881 332; x_wconf 72' lang='grc'><strong>1084</strong></span> 
     </span>
    </p>
   </div>
   <div class='ocr_carea' id='block_1_4' title="bbox 383 408 3881 476">
    <p class='ocr_par' dir='ltr' id='par_1_4' title="bbox 383 408 3881 476">
     <span class='ocr_line' id='line_1_4' title="bbox 383 408 3881 476; baseline 0.001 -12"><span class='ocrx_word' id='word_1_7' title='bbox 383 410 676 465; x_wconf 89' lang='lat' dir='ltr'><strong>neminem</strong></span> <span class='ocrx_word' id='word_1_8' title='bbox 711 414 928 476; x_wconf 89' lang='lat' dir='ltr'><strong>natum,</strong></span> <span class='ocrx_word' id='word_1_9' title='bbox 965 409 1075 461; x_wconf 88' lang='lat' dir='ltr'><strong>nisi</strong></span> <span class='ocrx_word' id='word_1_10' title='bbox 1106 408 1473 462; x_wconf 82' lang='lat' dir='ltr'><strong>damnatione</strong></span> <span class='ocrx_word' id='word_1_11' title='bbox 1505 409 1767 473; x_wconf 85' lang='lat' dir='ltr'><strong>detineri,</strong></span> <span class='ocrx_word' id='word_1_12' title='bbox 1803 413 1859 463; x_wconf 89' lang='lat' dir='ltr'><strong>et</strong></span> <span class='ocrx_word' id='word_1_13' title='bbox 1888 409 2069 463; x_wconf 90' lang='lat' dir='ltr'><strong>nemi-</strong></span> <span class='ocrx_word' id='word_1_14' title='bbox 2111 415 2156 465; x_wconf 84' lang='lat' dir='ltr'><strong>A</strong></span> <span class='ocrx_word' id='word_1_15' title='bbox 2260 413 2399 476; x_wconf 66' lang='lat' dir='ltr'><strong>Qua:</strong></span> <span class='ocrx_word' id='word_1_16' title='bbox 2447 412 2642 465; x_wconf 84' lang='lat' dir='ltr'><strong>omnia</strong></span> <span class='ocrx_word' id='word_1_17' title='bbox 2693 428 2759 465; x_wconf 88' lang='lat' dir='ltr'><strong>ex</strong></span> <span class='ocrx_word' id='word_1_18' title='bbox 2808 411 3271 465; x_wconf 87' lang='lat' dir='ltr'><strong>ﬁdelissimorum</strong></span> <span class='ocrx_word' id='word_1_19' title='bbox 3326 416 3383 464; x_wconf 91' lang='lat' dir='ltr'><strong>et</strong></span> <span class='ocrx_word' id='word_1_20' title='bbox 3432 412 3881 467; x_wconf 87' lang='lat' dir='ltr'><strong>clarissimorum</strong></span> 
     </span>
    </p>
   </div>
   <div class='ocr_carea' id='block_1_5' title="bbox 383 496 2074 566">
    <p class='ocr_par' dir='ltr' id='par_1_5' title="bbox 383 496 2074 566">
     <span class='ocr_line' id='line_1_5' title="bbox 383 496 2074 566; baseline -0.001 -13"><span class='ocrx_word' id='word_1_21' title='bbox 383 515 538 566; x_wconf 90' lang='lat' dir='ltr'><strong>nem,</strong></span> <span class='ocrx_word' id='word_1_22' title='bbox 597 499 707 552; x_wconf 85' lang='lat' dir='ltr'><strong>nisi</strong></span> <span class='ocrx_word' id='word_1_23' title='bbox 763 499 823 551; x_wconf 92' lang='lat' dir='ltr'><strong>in</strong></span> <span class='ocrx_word' id='word_1_24' title='bbox 872 496 1094 552; x_wconf 83' lang='lat' dir='ltr'><strong>Christo</strong></span> <span class='ocrx_word' id='word_1_25' title='bbox 1153 502 1440 563; x_wconf 80' lang='lat' dir='ltr'><strong>renatum,</strong></span> <span class='ocrx_word' id='word_1_26' title='bbox 1500 514 1533 551; x_wconf 91' lang='lat' dir='ltr'><strong>a</strong></span> <span class='ocrx_word' id='word_1_27' title='bbox 1583 498 1949 551; x_wconf 88' lang='lat' dir='ltr'><strong>damnatione</strong></span> <span class='ocrx_word' id='word_1_28' title='bbox 2007 498 2074 551; x_wconf 89' lang='lat' dir='ltr'><strong>li-</strong></span> 
     </span>
    </p>
   </div>
   <div class='ocr_carea' id='block_1_6' title="bbox 383 588 617 657">
    <p class='ocr_par' dir='ltr' id='par_1_6' title="bbox 383 588 617 657">
     <span class='ocr_line' id='line_1_6' title="bbox 383 588 617 657; baseline -0.013 -15"><span class='ocrx_word' id='word_1_29' title='bbox 383 588 617 657; x_wconf 85' lang='lat' dir='ltr'><strong>berari.]</strong></span> 
     </span>
    </p>
   </div>
   <div class='ocr_carea' id='block_1_7' title="bbox 456 672 2078 744">
    <p class='ocr_par' dir='ltr' id='par_1_7' title="bbox 456 672 2078 744">
     <span class='ocr_line' id='line_1_7' title="bbox 456 672 2078 744; baseline 0.001 -18"><span class='ocrx_word' id='word_1_30' title='bbox 456 676 594 727; x_wconf 91' lang='lat' dir='ltr'><strong>Item</strong></span> <span class='ocrx_word' id='word_1_31' title='bbox 642 674 779 742; x_wconf 83' lang='lat' dir='ltr'><strong>(cap.</strong></span> <span class='ocrx_word' id='word_1_32' title='bbox 832 674 959 741; x_wconf 64' lang='lat'>94):</span> <span class='ocrx_word' id='word_1_33' title='bbox 1003 672 1478 741; x_wconf 81' lang='lat' dir='ltr'><strong>[Remanentibus</strong></span> <span class='ocrx_word' id='word_1_34' title='bbox 1513 672 1705 742; x_wconf 82' lang='lat' dir='ltr'><strong>itaque</strong></span> <span class='ocrx_word' id='word_1_35' title='bbox 1754 674 1969 744; x_wconf 77' lang='lat' dir='ltr'><strong>angelis</strong></span> <span class='ocrx_word' id='word_1_36' title='bbox 2021 678 2078 727; x_wconf 88' lang='lat' dir='ltr'><strong>et</strong></span> 
     </span>
    </p>
   </div>
   <div class='ocr_carea' id='block_1_8' title="bbox 384 760 2077 830">
    <p class='ocr_par' dir='ltr' id='par_1_8' title="bbox 384 760 2077 830">
     <span class='ocr_line' id='line_1_8' title="bbox 384 760 2077 830; baseline 0 -15"><span class='ocrx_word' id='word_1_37' title='bbox 384 761 714 815; x_wconf 88' lang='lat' dir='ltr'><strong>hominibus</strong></span> <span class='ocrx_word' id='word_1_38' title='bbox 772 760 1030 830; x_wconf 91' lang='lat' dir='ltr'><strong>reprobis</strong></span> <span class='ocrx_word' id='word_1_39' title='bbox 1077 760 1136 812; x_wconf 94' lang='lat' dir='ltr'><strong>in</strong></span> <span class='ocrx_word' id='word_1_40' title='bbox 1196 766 1412 814; x_wconf 53' lang='lat' dir='ltr'><strong>aeterna</strong></span> <span class='ocrx_word' id='word_1_41' title='bbox 1465 777 1652 830; x_wconf 61' lang='lat' dir='ltr'><strong>paena,</strong></span> <span class='ocrx_word' id='word_1_42' title='bbox 1713 768 1850 815; x_wconf 87' lang='lat' dir='ltr'><strong>tunc</strong></span> <span class='ocrx_word' id='word_1_43' title='bbox 1899 763 2077 815; x_wconf 85' lang='lat' dir='ltr'><strong>sancti</strong></span> 
     </span>
    </p>
   </div>
   <div class='ocr_carea' id='block_1_9' title="bbox 385 849 2077 919">
    <p class='ocr_par' dir='ltr' id='par_1_9' title="bbox 385 849 2077 919">
     <span class='ocr_line' id='line_1_9' title="bbox 385 849 2077 919; baseline 0.001 -17"><span class='ocrx_word' id='word_1_44' title='bbox 385 850 567 903; x_wconf 90' lang='lat' dir='ltr'><strong>scient</strong></span> <span class='ocrx_word' id='word_1_45' title='bbox 613 849 842 919; x_wconf 87' lang='lat' dir='ltr'><strong>plenius</strong></span> <span class='ocrx_word' id='word_1_46' title='bbox 890 849 1026 918; x_wconf 90' lang='lat' dir='ltr'><strong>quid</strong></span> <span class='ocrx_word' id='word_1_47' title='bbox 1066 849 1201 901; x_wconf 91' lang='lat' dir='ltr'><strong>boni</strong></span> <span class='ocrx_word' id='word_1_48' title='bbox 1251 849 1331 902; x_wconf 89' lang='lat' dir='ltr'><strong>eis</strong></span> <span class='ocrx_word' id='word_1_49' title='bbox 1375 850 1616 903; x_wconf 82' lang='lat' dir='ltr'><strong>contulit</strong></span> <span class='ocrx_word' id='word_1_50' title='bbox 1663 852 1867 919; x_wconf 84' lang='lat' dir='ltr'><strong>gratia.</strong></span> <span class='ocrx_word' id='word_1_51' title='bbox 1922 852 2077 904; x_wconf 91' lang='lat' dir='ltr'><strong>Tunc</strong></span> 
     </span>
    </p>
   </div>
   <div class='ocr_carea' id='block_1_10' title="bbox 383 936 2078 1008">
    <p class='ocr_par' dir='ltr' id='par_1_10' title="bbox 383 936 2078 1008">
     <span class='ocr_line' id='line_1_10' title="bbox 383 936 2078 1008; baseline 0.001 -19"><span class='ocrx_word' id='word_1_52' title='bbox 383 937 553 991; x_wconf 85' lang='lat' dir='ltr'><strong>rebus</strong></span> <span class='ocrx_word' id='word_1_53' title='bbox 578 937 717 1006; x_wconf 81' lang='lat' dir='ltr'><strong>ipsis</strong></span> <span class='ocrx_word' id='word_1_54' title='bbox 749 936 1068 989; x_wconf 81' lang='lat' dir='ltr'><strong>evidentius</strong></span> <span class='ocrx_word' id='word_1_55' title='bbox 1097 938 1394 1007; x_wconf 85' lang='lat' dir='ltr'><strong>apparebit</strong></span> <span class='ocrx_word' id='word_1_56' title='bbox 1425 939 1573 1008; x_wconf 92' lang='lat' dir='ltr'><strong>quod</strong></span> <span class='ocrx_word' id='word_1_57' title='bbox 1602 939 1659 991; x_wconf 91' lang='lat' dir='ltr'><strong>in</strong></span> <span class='ocrx_word' id='word_1_58' title='bbox 1692 940 1912 1007; x_wconf 87' lang='lat' dir='ltr'><strong>psalmo</strong></span> <span class='ocrx_word' id='word_1_59' title='bbox 1943 939 2078 991; x_wconf 89' lang='lat' dir='ltr'><strong>scri-</strong></span> 
     </span>
    </p>
   </div>
   <div class='ocr_carea' id='block_1_11' title="bbox 384 1025 2073 1096">
    <p class='ocr_par' dir='ltr' id='par_1_11' title="bbox 384 1025 2073 1096">
     <span class='ocr_line' id='line_1_11' title="bbox 384 1025 2073 1096; baseline 0.001 -18"><span class='ocrx_word' id='word_1_60' title='bbox 384 1032 548 1096; x_wconf 90' lang='lat' dir='ltr'><strong>ptum</strong></span> <span class='ocrx_word' id='word_1_61' title='bbox 579 1030 697 1078; x_wconf 88' lang='lat' dir='ltr'><strong>est:</strong></span> <span class='ocrx_word' id='word_1_62' title='bbox 737 1043 762 1075; x_wconf 82' lang='lat'>«</span> <span class='ocrx_word' id='word_1_63' title='bbox 804 1025 1246 1078; x_wconf 85' lang='lat' dir='ltr'><strong>Misericordiam</strong></span> <span class='ocrx_word' id='word_1_64' title='bbox 1281 1030 1336 1079; x_wconf 91' lang='lat' dir='ltr'><strong>et</strong></span> <span class='ocrx_word' id='word_1_65' title='bbox 1359 1027 1642 1095; x_wconf 83' lang='lat' dir='ltr'><strong>judicium</strong></span> <span class='ocrx_word' id='word_1_66' title='bbox 1678 1028 1919 1080; x_wconf 81' lang='lat' dir='ltr'><strong>cantabo</strong></span> <span class='ocrx_word' id='word_1_67' title='bbox 1947 1028 2073 1094; x_wconf 82' lang='lat' dir='ltr'><strong>tibi,</strong></span> 
     </span>
    </p>
   </div>
   <div class='ocr_carea' id='block_1_12' title="bbox 388 1114 2077 1183">
    <p class='ocr_par' dir='ltr' id='par_1_12' title="bbox 388 1114 2077 1183">
     <span class='ocr_line' id='line_1_12' title="bbox 388 1114 2077 1183; baseline 0.001 -16"><span class='ocrx_word' id='word_1_68' title='bbox 388 1114 631 1168; x_wconf 88' lang='lat' dir='ltr'><strong>Domine</strong></span> <span class='ocrx_word' id='word_1_69' title='bbox 660 1115 830 1179; x_wconf 86' lang='lat' dir='ltr'><strong>(Psal.</strong></span> <span class='ocrx_word' id='word_1_70' title='bbox 867 1130 913 1176; x_wconf 88' lang='lat' dir='ltr'><strong>c,</strong></span> <span class='ocrx_word' id='word_1_71' title='bbox 955 1116 999 1180; x_wconf 85' lang='lat' dir='ltr'><strong>l)</strong></span> <span class='ocrx_word' id='word_1_72' title='bbox 1027 1130 1038 1166; x_wconf 75' lang='grc' dir='ltr'>ε</span> <span class='ocrx_word' id='word_1_73' title='bbox 1074 1136 1100 1162; x_wconf 89' lang='grc'><strong>››</strong></span> <span class='ocrx_word' id='word_1_74' title='bbox 1138 1114 1272 1183; x_wconf 89' lang='lat' dir='ltr'><strong>quia</strong></span> <span class='ocrx_word' id='word_1_75' title='bbox 1300 1115 1406 1167; x_wconf 92' lang='lat' dir='ltr'><strong>nisi</strong></span> <span class='ocrx_word' id='word_1_76' title='bbox 1440 1131 1541 1183; x_wconf 91' lang='lat' dir='ltr'><strong>per</strong></span> <span class='ocrx_word' id='word_1_77' title='bbox 1574 1115 1886 1169; x_wconf 88' lang='lat' dir='ltr'><strong>indebitam</strong></span> <span class='ocrx_word' id='word_1_78' title='bbox 1918 1138 1937 1162; x_wconf 74' lang='grc' dir='ltr'><strong>α</strong></span> <span class='ocrx_word' id='word_1_79' title='bbox 1974 1117 2077 1168; x_wconf 91' lang='lat' dir='ltr'><strong>mi-</strong></span> 
     </span>
    </p>
   </div>
   <div class='ocr_carea' id='block_1_13' title="bbox 386 1201 2077 1274">
    <p class='ocr_par' dir='ltr' id='par_1_13' title="bbox 386 1201 2077 1274">
     <span class='ocr_line' id='line_1_13' title="bbox 386 1201 2077 1274; baseline 0.001 -19"><span class='ocrx_word' id='word_1_80' title='bbox 386 1201 754 1256; x_wconf 75' lang='lat' dir='ltr'><strong>sericordiam</strong></span> <span class='ocrx_word' id='word_1_81' title='bbox 787 1221 813 1251; x_wconf 88' lang='lat'><strong>»</strong></span> <span class='ocrx_word' id='word_1_82' title='bbox 862 1218 1031 1255; x_wconf 90' lang='lat' dir='ltr'><strong>nemo</strong></span> <span class='ocrx_word' id='word_1_83' title='bbox 1067 1202 1370 1268; x_wconf 82' lang='lat' dir='ltr'><strong>liberatur;</strong></span> <span class='ocrx_word' id='word_1_84' title='bbox 1417 1207 1472 1257; x_wconf 92' lang='lat' dir='ltr'><strong>et</strong></span> <span class='ocrx_word' id='word_1_85' title='bbox 1520 1203 1627 1256; x_wconf 91' lang='lat' dir='ltr'><strong>nisi</strong></span> <span class='ocrx_word' id='word_1_86' title='bbox 1677 1220 1777 1274; x_wconf 89' lang='lat' dir='ltr'><strong>per</strong></span> <span class='ocrx_word' id='word_1_87' title='bbox 1822 1204 2077 1257; x_wconf 91' lang='lat' dir='ltr'><strong>debitum</strong></span> 
     </span>
    </p>
   </div>
   <div class='ocr_carea' id='block_1_14' title="bbox 384 1291 1353 1361">
    <p class='ocr_par' dir='ltr' id='par_1_14' title="bbox 384 1291 1353 1361">
     <span class='ocr_line' id='line_1_14' title="bbox 384 1291 1353 1361; baseline 0.004 -20"><span class='ocrx_word' id='word_1_88' title='bbox 384 1291 765 1359; x_wconf 80' lang='lat' dir='ltr'><strong>«judicium»</strong></span> <span class='ocrx_word' id='word_1_89' title='bbox 803 1307 971 1344; x_wconf 90' lang='lat' dir='ltr'><strong>nemo</strong></span> <span class='ocrx_word' id='word_1_90' title='bbox 1004 1291 1353 1361; x_wconf 89' lang='lat' dir='ltr'><strong>damnatur.]</strong></span> 
     </span>
    </p>
   </div>
   <div class='ocr_carea' id='block_1_15' title="bbox 454 1379 2075 1449">
    <p class='ocr_par' dir='ltr' id='par_1_15' title="bbox 454 1379 2075 1449">
     <span class='ocr_line' id='line_1_15' title="bbox 454 1379 2075 1449; baseline 0.001 -18"><span class='ocrx_word' id='word_1_91' title='bbox 454 1382 595 1433; x_wconf 89' lang='lat' dir='ltr'><strong>ltem</strong></span> <span class='ocrx_word' id='word_1_92' title='bbox 629 1380 772 1448; x_wconf 88' lang='lat' dir='ltr'><strong>(cap.</strong></span> <span class='ocrx_word' id='word_1_93' title='bbox 812 1379 940 1447; x_wconf 88' lang='lat'><strong>98):</strong></span> <span class='ocrx_word' id='word_1_94' title='bbox 991 1380 1347 1447; x_wconf 82' lang='lat' dir='ltr'><strong>[Universum</strong></span> <span class='ocrx_word' id='word_1_95' title='bbox 1381 1396 1562 1449; x_wconf 89' lang='lat' dir='ltr'><strong>genus</strong></span> <span class='ocrx_word' id='word_1_96' title='bbox 1610 1379 1911 1433; x_wconf 91' lang='lat' dir='ltr'><strong>hominum</strong></span> <span class='ocrx_word' id='word_1_97' title='bbox 1959 1384 2075 1433; x_wconf 91' lang='lat' dir='ltr'><strong>tam</strong></span> 
     </span>
    </p>
   </div>
   <div class='ocr_carea' id='block_1_16' title="bbox 376 1466 2074 1537">
    <p class='ocr_par' dir='ltr' id='par_1_16' title="bbox 376 1466 2074 1537">
     <span class='ocr_line' id='line_1_16' title="bbox 376 1466 2074 1537; baseline 0.002 -20"><span class='ocrx_word' id='word_1_98' title='bbox 376 1468 531 1537; x_wconf 85' lang='lat' dir='ltr'><strong>justo</strong></span> <span class='ocrx_word' id='word_1_99' title='bbox 556 1466 771 1536; x_wconf 92' lang='lat' dir='ltr'><strong>judicio</strong></span> <span class='ocrx_word' id='word_1_100' title='bbox 801 1467 993 1520; x_wconf 85' lang='lat' dir='ltr'><strong>divino</strong></span> <span class='ocrx_word' id='word_1_101' title='bbox 1038 1467 1096 1519; x_wconf 90' lang='lat' dir='ltr'><strong>in</strong></span> <span class='ocrx_word' id='word_1_102' title='bbox 1143 1468 1452 1536; x_wconf 85' lang='lat' dir='ltr'><strong>npostatica</strong></span> <span class='ocrx_word' id='word_1_103' title='bbox 1486 1468 1673 1521; x_wconf 85' lang='lat' dir='ltr'><strong>radice</strong></span> <span class='ocrx_word' id='word_1_104' title='bbox 1716 1469 2074 1534; x_wconf 89' lang='lat' dir='ltr'><strong>damnatum,</strong></span> 
     </span>
    </p>
   </div>
   <div class='ocr_carea' id='block_1_17' title="bbox 380 1555 2078 1626">
    <p class='ocr_par' dir='ltr' id='par_1_17' title="bbox 380 1555 2078 1626">
     <span class='ocr_line' id='line_1_17' title="bbox 380 1555 2078 1626; baseline 0.001 -18"><span class='ocrx_word' id='word_1_105' title='bbox 380 1561 444 1608; x_wconf 88' lang='lat' dir='ltr'><strong>ut</strong></span> <span class='ocrx_word' id='word_1_106' title='bbox 476 1555 701 1608; x_wconf 89' lang='lat' dir='ltr'><strong>etiamsi</strong></span> <span class='ocrx_word' id='word_1_107' title='bbox 734 1556 925 1607; x_wconf 85' lang='lat' dir='ltr'><strong>nullus</strong></span> <span class='ocrx_word' id='word_1_108' title='bbox 950 1555 1081 1609; x_wconf 91' lang='lat' dir='ltr'><strong>inde</strong></span> <span class='ocrx_word' id='word_1_109' title='bbox 1112 1556 1473 1618; x_wconf 84' lang='lat' dir='ltr'><strong>liberaretur,</strong></span> <span class='ocrx_word' id='word_1_110' title='bbox 1500 1572 1669 1609; x_wconf 89' lang='lat' dir='ltr'><strong>nemo</strong></span> <span class='ocrx_word' id='word_1_111' title='bbox 1703 1562 1853 1610; x_wconf 89' lang='lat' dir='ltr'><strong>recte</strong></span> <span class='ocrx_word' id='word_1_112' title='bbox 1885 1562 2078 1626; x_wconf 88' lang='lat' dir='ltr'><strong>posset</strong></span> 
     </span>
    </p>
   </div>
   <div class='ocr_carea' id='block_1_18' title="bbox 380 1643 2077 1714">
    <p class='ocr_par' dir='ltr' id='par_1_18' title="bbox 380 1643 2077 1714">
     <span class='ocr_line' id='line_1_18' title="bbox 380 1643 2077 1714; baseline 0 -16"><span class='ocrx_word' id='word_1_113' title='bbox 380 1643 484 1698; x_wconf 92' lang='lat' dir='ltr'><strong>Dei</strong></span> <span class='ocrx_word' id='word_1_114' title='bbox 514 1644 843 1712; x_wconf 80' lang='lat' dir='ltr'><strong>vituperare</strong></span> <span class='ocrx_word' id='word_1_115' title='bbox 865 1644 1169 1713; x_wconf 87' lang='lat' dir='ltr'><strong>justitiam.</strong></span> <span class='ocrx_word' id='word_1_116' title='bbox 1209 1645 1276 1697; x_wconf 89' lang='lat' dir='ltr'><strong>Et</strong></span> <span class='ocrx_word' id='word_1_117' title='bbox 1304 1644 1403 1714; x_wconf 88' lang='lat' dir='ltr'><strong>qui</strong></span> <span class='ocrx_word' id='word_1_118' title='bbox 1436 1645 1776 1710; x_wconf 86' lang='lat' dir='ltr'><strong>liberantur,</strong></span> <span class='ocrx_word' id='word_1_119' title='bbox 1806 1645 1884 1698; x_wconf 89' lang='lat' dir='ltr'><strong>sic</strong></span> <span class='ocrx_word' id='word_1_120' title='bbox 1914 1661 2077 1714; x_wconf 86' lang='lat' dir='ltr'><strong>opor-</strong></span> 
     </span>
    </p>
   </div>
   <div class='ocr_carea' id='block_1_19' title="bbox 2185 500 3881 570">
    <p class='ocr_par' dir='ltr' id='par_1_19' title="bbox 2185 500 3881 570">
     <span class='ocr_line' id='line_1_19' title="bbox 2185 500 3881 570; baseline 0.001 -16"><span class='ocrx_word' id='word_1_121' title='bbox 2185 503 2419 554; x_wconf 88' lang='lat' dir='ltr'><strong>Patrum</strong></span> <span class='ocrx_word' id='word_1_122' title='bbox 2466 500 2947 570; x_wconf 84' lang='lat' dir='ltr'><strong>disputationibus</strong></span> <span class='ocrx_word' id='word_1_123' title='bbox 2986 504 3232 570; x_wconf 90' lang='lat' dir='ltr'><strong>sumpta,</strong></span> <span class='ocrx_word' id='word_1_124' title='bbox 3278 504 3521 554; x_wconf 88' lang='lat' dir='ltr'><strong>ettanta</strong></span> <span class='ocrx_word' id='word_1_125' title='bbox 3551 501 3881 555; x_wconf 85' lang='lat' dir='ltr'><strong>divinorum</strong></span> 
     </span>
    </p>
   </div>
   <div class='ocr_carea' id='block_1_20' title="bbox 2184 588 3881 659">
    <p class='ocr_par' dir='ltr' id='par_1_20' title="bbox 2184 588 3881 659">
     <span class='ocr_line' id='line_1_20' title="bbox 2184 588 3881 659; baseline 0.002 -18"><span class='ocrx_word' id='word_1_126' title='bbox 2184 589 2685 655; x_wconf 87' lang='lat' dir='ltr'><strong>testimoniorum,</strong></span> <span class='ocrx_word' id='word_1_127' title='bbox 2741 594 2911 659; x_wconf 89' lang='lat' dir='ltr'><strong>atque</strong></span> <span class='ocrx_word' id='word_1_128' title='bbox 2968 588 3526 642; x_wconf 89' lang='lat' dir='ltr'><strong>evidentissimarum</strong></span> <span class='ocrx_word' id='word_1_129' title='bbox 3587 591 3881 644; x_wconf 87' lang='lat' dir='ltr'><strong>rationum</strong></span> 
     </span>
    </p>
   </div>
   <div class='ocr_carea' id='block_1_21' title="bbox 2185 677 3883 747">
    <p class='ocr_par' dir='ltr' id='par_1_21' title="bbox 2185 677 3883 747">
     <span class='ocr_line' id='line_1_21' title="bbox 2185 677 3883 747; baseline 0.001 -16"><span class='ocrx_word' id='word_1_130' title='bbox 2185 678 2601 732; x_wconf 84' lang='lat' dir='ltr'><strong>contestatione</strong></span> <span class='ocrx_word' id='word_1_131' title='bbox 2641 678 2924 730; x_wconf 89' lang='lat' dir='ltr'><strong>declarata</strong></span> <span class='ocrx_word' id='word_1_132' title='bbox 2965 681 3139 747; x_wconf 88' lang='lat' dir='ltr'><strong>atque</strong></span> <span class='ocrx_word' id='word_1_133' title='bbox 3180 677 3424 743; x_wconf 77' lang='lat' dir='ltr'><strong>firmata,</strong></span> <span class='ocrx_word' id='word_1_134' title='bbox 3477 694 3607 731; x_wconf 91' lang='lat' dir='ltr'><strong>cum</strong></span> <span class='ocrx_word' id='word_1_135' title='bbox 3647 679 3727 732; x_wconf 89' lang='lat' dir='ltr'><strong>ita</strong></span> <span class='ocrx_word' id='word_1_136' title='bbox 3760 695 3883 732; x_wconf 93' lang='lat' dir='ltr'><strong>om-</strong></span> 
     </span>
    </p>
   </div>
   <div class='ocr_carea' id='block_1_22' title="bbox 2188 765 3886 831">
    <p class='ocr_par' dir='ltr' id='par_1_22' title="bbox 2188 765 3886 831">
     <span class='ocr_line' id='line_1_22' title="bbox 2188 765 3886 831; baseline 0.001 -13"><span class='ocrx_word' id='word_1_137' title='bbox 2188 766 2323 819; x_wconf 91' lang='lat' dir='ltr'><strong>nino</strong></span> <span class='ocrx_word' id='word_1_138' title='bbox 2376 766 2769 819; x_wconf 87' lang='lat' dir='ltr'><strong>indubitanter</strong></span> <span class='ocrx_word' id='word_1_139' title='bbox 2810 765 3107 820; x_wconf 19' lang='lat' dir='ltr'><strong>‘credenda</strong></span> <span class='ocrx_word' id='word_1_140' title='bbox 3164 783 3227 819; x_wconf 89' lang='lat' dir='ltr'><strong>ac</strong></span> <span class='ocrx_word' id='word_1_141' title='bbox 3280 767 3525 820; x_wconf 89' lang='lat' dir='ltr'><strong>tenenda</strong></span> <span class='ocrx_word' id='word_1_142' title='bbox 3578 768 3715 831; x_wconf 89' lang='lat' dir='ltr'><strong>sint,</strong></span> <span class='ocrx_word' id='word_1_143' title='bbox 3774 768 3886 820; x_wconf 83' lang='lat' dir='ltr'><strong>tria</strong></span> 
     </span>
    </p>
   </div>
   <div class='ocr_carea' id='block_1_23' title="bbox 2186 854 3882 925">
    <p class='ocr_par' dir='ltr' id='par_1_23' title="bbox 2186 854 3882 925">
     <span class='ocr_line' id='line_1_23' title="bbox 2186 854 3882 925; baseline 0.001 -18"><span class='ocrx_word' id='word_1_144' title='bbox 2186 855 2453 924; x_wconf 62' lang='lat' dir='ltr'><strong>quaedam</strong></span> <span class='ocrx_word' id='word_1_145' title='bbox 2513 854 2906 924; x_wconf 89' lang='lat' dir='ltr'><strong>principaliter</strong></span> <span class='ocrx_word' id='word_1_146' title='bbox 2968 870 3176 925; x_wconf 85' lang='lat' dir='ltr'><strong>magna</strong></span> <span class='ocrx_word' id='word_1_147' title='bbox 3236 859 3291 908; x_wconf 89' lang='lat' dir='ltr'><strong>et</strong></span> <span class='ocrx_word' id='word_1_148' title='bbox 3345 855 3633 909; x_wconf 88' lang='lat' dir='ltr'><strong>horrenda</strong></span> <span class='ocrx_word' id='word_1_149' title='bbox 3701 856 3882 919; x_wconf 86' lang='lat' dir='ltr'><strong>mala,</strong></span> 
     </span>
    </p>
   </div>
   <div class='ocr_carea' id='block_1_24' title="bbox 2185 942 3884 1014">
    <p class='ocr_par' dir='ltr' id='par_1_24' title="bbox 2185 942 3884 1014">
     <span class='ocr_line' id='line_1_24' title="bbox 2185 942 3884 1014; baseline 0 -17"><span class='ocrx_word' id='word_1_150' title='bbox 2185 949 2467 1014; x_wconf 88' lang='lat' dir='ltr'><strong>quantum</strong></span> <span class='ocrx_word' id='word_1_151' title='bbox 2515 942 2758 1013; x_wconf 84' lang='lat' dir='ltr'><strong>intelligi</strong></span> <span class='ocrx_word' id='word_1_152' title='bbox 2800 943 3005 996; x_wconf 87' lang='lat' dir='ltr'><strong>datur:</strong></span> <span class='ocrx_word' id='word_1_153' title='bbox 3053 949 3110 997; x_wconf 89' lang='lat' dir='ltr'><strong>et</strong></span> <span class='ocrx_word' id='word_1_154' title='bbox 3150 943 3206 996; x_wconf 92' lang='lat' dir='ltr'><strong>in</strong></span> <span class='ocrx_word' id='word_1_155' title='bbox 3247 944 3503 1012; x_wconf 88' lang='lat' dir='ltr'><strong>reprobis</strong></span> <span class='ocrx_word' id='word_1_156' title='bbox 3551 944 3730 997; x_wconf 77' lang='lat' dir='ltr'><strong>divini</strong></span> <span class='ocrx_word' id='word_1_157' title='bbox 3787 945 3884 1014; x_wconf 88' lang='lat' dir='ltr'><strong>ju-</strong></span> 
     </span>
    </p>
   </div>
   <div class='ocr_carea' id='block_1_25' title="bbox 2186 1031 3888 1093">
    <p class='ocr_par' dir='ltr' id='par_1_25' title="bbox 2186 1031 3888 1093">
     <span class='ocr_line' id='line_1_25' title="bbox 2186 1031 3888 1093; baseline 0.001 -8"><span class='ocrx_word' id='word_1_158' title='bbox 2186 1032 2319 1086; x_wconf 91' lang='lat' dir='ltr'><strong>dicii</strong></span> <span class='ocrx_word' id='word_1_159' title='bbox 2350 1031 2648 1084; x_wconf 86' lang='lat' dir='ltr'><strong>severitate</strong></span> <span class='ocrx_word' id='word_1_160' title='bbox 2686 1036 2931 1093; x_wconf 88' lang='lat' dir='ltr'><strong>retenta,</strong></span> <span class='ocrx_word' id='word_1_161' title='bbox 2965 1035 3018 1084; x_wconf 90' lang='lat' dir='ltr'><strong>et</strong></span> <span class='ocrx_word' id='word_1_162' title='bbox 3059 1031 3117 1084; x_wconf 93' lang='lat' dir='ltr'><strong>in</strong></span> <span class='ocrx_word' id='word_1_163' title='bbox 3150 1032 3341 1085; x_wconf 88' lang='lat' dir='ltr'><strong>electis</strong></span> <span class='ocrx_word' id='word_1_164' title='bbox 3372 1032 3574 1085; x_wconf 74' lang='lat' dir='ltr'><strong>divinae</strong></span> <span class='ocrx_word' id='word_1_165' title='bbox 3609 1032 3888 1086; x_wconf 86' lang='lat' dir='ltr'><strong>bonitatis</strong></span> 
     </span>
    </p>
   </div>
   <div class='ocr_carea' id='block_1_26' title="bbox 2186 1120 3887 1190">
    <p class='ocr_par' dir='ltr' id='par_1_26' title="bbox 2186 1120 3887 1190">
     <span class='ocr_line' id='line_1_26' title="bbox 2186 1120 3887 1190; baseline 0.001 -17"><span class='ocrx_word' id='word_1_166' title='bbox 2186 1120 2557 1174; x_wconf 88' lang='lat' dir='ltr'><strong>miseratione</strong></span> <span class='ocrx_word' id='word_1_167' title='bbox 2592 1120 2827 1173; x_wconf 87' lang='lat' dir='ltr'><strong>remissa</strong></span> <span class='ocrx_word' id='word_1_168' title='bbox 2872 1125 3006 1172; x_wconf 90' lang='lat' dir='ltr'><strong>sunt</strong></span> <span class='ocrx_word' id='word_1_169' title='bbox 3048 1136 3111 1172; x_wconf 89' lang='lat' dir='ltr'><strong>ac</strong></span> <span class='ocrx_word' id='word_1_170' title='bbox 3144 1121 3350 1174; x_wconf 76' lang='lat' dir='ltr'><strong>soluta.</strong></span> <span class='ocrx_word' id='word_1_171' title='bbox 3404 1122 3587 1174; x_wconf 80' lang='lat' dir='ltr'><strong>Manet</strong></span> <span class='ocrx_word' id='word_1_172' title='bbox 3632 1137 3887 1190; x_wconf 83' lang='lat' dir='ltr'><strong>namque</strong></span> 
     </span>
    </p>
   </div>
   <div class='ocr_carea' id='block_1_27' title="bbox 2186 1208 3885 1279">
    <p class='ocr_par' dir='ltr' id='par_1_27' title="bbox 2186 1208 3885 1279">
     <span class='ocr_line' id='line_1_27' title="bbox 2186 1208 3885 1279; baseline -0.001 -17"><span class='ocrx_word' id='word_1_173' title='bbox 2186 1209 2247 1262; x_wconf 92' lang='lat' dir='ltr'><strong>in</strong></span> <span class='ocrx_word' id='word_1_174' title='bbox 2301 1209 2413 1262; x_wconf 88' lang='lat' dir='ltr'><strong>illis</strong></span> <span class='ocrx_word' id='word_1_175' title='bbox 2464 1209 2718 1279; x_wconf 64' lang='lat' dir='ltr'><strong>antiquae</strong></span> <span class='ocrx_word' id='word_1_176' title='bbox 2778 1214 2835 1261; x_wconf 90' lang='lat' dir='ltr'><strong>et</strong></span> <span class='ocrx_word' id='word_1_177' title='bbox 2885 1208 3085 1278; x_wconf 63' lang='lat' dir='ltr'><strong>primae</strong></span> <span class='ocrx_word' id='word_1_178' title='bbox 3134 1208 3623 1279; x_wconf 63' lang='lat' dir='ltr'><strong>praevaricationis</strong></span> <span class='ocrx_word' id='word_1_179' title='bbox 3666 1215 3885 1275; x_wconf 81' lang='lat' dir='ltr'><strong>reatus,</strong></span> 
     </span>
    </p>
   </div>
   <div class='ocr_carea' id='block_1_28' title="bbox 2186 1296 3886 1368">
    <p class='ocr_par' dir='ltr' id='par_1_28' title="bbox 2186 1296 3886 1368">
     <span class='ocr_line' id='line_1_28' title="bbox 2186 1296 3886 1368; baseline 0 -17"><span class='ocrx_word' id='word_1_180' title='bbox 2186 1298 2286 1368; x_wconf 90' lang='lat' dir='ltr'><strong>qui</strong></span> <span class='ocrx_word' id='word_1_181' title='bbox 2336 1297 2393 1351; x_wconf 89' lang='lat' dir='ltr'><strong>in</strong></span> <span class='ocrx_word' id='word_1_182' title='bbox 2438 1297 2559 1350; x_wconf 84' lang='lat' dir='ltr'><strong>istis</strong></span> <span class='ocrx_word' id='word_1_183' title='bbox 2604 1296 2815 1351; x_wconf 87' lang='lat' dir='ltr'><strong>Christi</strong></span> <span class='ocrx_word' id='word_1_184' title='bbox 2864 1296 3142 1367; x_wconf 84' lang='lat' dir='ltr'><strong>sanguine</strong></span> <span class='ocrx_word' id='word_1_185' title='bbox 3178 1302 3262 1351; x_wconf 90' lang='lat' dir='ltr'><strong>est</strong></span> <span class='ocrx_word' id='word_1_186' title='bbox 3307 1298 3548 1351; x_wconf 84' lang='lat' dir='ltr'><strong>deletus.</strong></span> <span class='ocrx_word' id='word_1_187' title='bbox 3589 1299 3780 1351; x_wconf 80' lang='lat' dir='ltr'><strong>Manet</strong></span> <span class='ocrx_word' id='word_1_188' title='bbox 3828 1299 3886 1351; x_wconf 91' lang='lat' dir='ltr'><strong>in</strong></span> 
     </span>
    </p>
   </div>
   <div class='ocr_carea' id='block_1_29' title="bbox 2188 1386 3890 1450">
    <p class='ocr_par' dir='ltr' id='par_1_29' title="bbox 2188 1386 3890 1450">
     <span class='ocr_line' id='line_1_29' title="bbox 2188 1386 3890 1450; baseline -0.001 -10"><span class='ocrx_word' id='word_1_189' title='bbox 2188 1387 2298 1441; x_wconf 91' lang='lat' dir='ltr'><strong>illis</strong></span> <span class='ocrx_word' id='word_1_190' title='bbox 2347 1387 2628 1440; x_wconf 87' lang='lat' dir='ltr'><strong>sententia</strong></span> <span class='ocrx_word' id='word_1_191' title='bbox 2676 1391 2905 1439; x_wconf 68' lang='lat' dir='ltr'><strong>aeternae</strong></span> <span class='ocrx_word' id='word_1_192' title='bbox 2954 1387 3359 1450; x_wconf 89' lang='lat' dir='ltr'><strong>damnationis,</strong></span> <span class='ocrx_word' id='word_1_193' title='bbox 3419 1387 3477 1439; x_wconf 92' lang='lat' dir='ltr'><strong>in</strong></span> <span class='ocrx_word' id='word_1_194' title='bbox 3526 1386 3648 1439; x_wconf 86' lang='lat' dir='ltr'><strong>istis</strong></span> <span class='ocrx_word' id='word_1_195' title='bbox 3700 1387 3890 1439; x_wconf 85' lang='lat' dir='ltr'><strong>soluta</strong></span> 
     </span>
    </p>
   </div>
   <div class='ocr_carea' id='block_1_30' title="bbox 2186 1473 3886 1545">
    <p class='ocr_par' dir='ltr' id='par_1_30' title="bbox 2186 1473 3886 1545">
     <span class='ocr_line' id='line_1_30' title="bbox 2186 1473 3886 1545; baseline -0.001 -17"><span class='ocrx_word' id='word_1_196' title='bbox 2186 1490 2288 1545; x_wconf 91' lang='lat' dir='ltr'><strong>per</strong></span> <span class='ocrx_word' id='word_1_197' title='bbox 2318 1475 2561 1545; x_wconf 81' lang='lat' dir='ltr'><strong>gratiam</strong></span> <span class='ocrx_word' id='word_1_198' title='bbox 2595 1473 3025 1542; x_wconf 86' lang='lat' dir='ltr'><strong>redemptionis.</strong></span> <span class='ocrx_word' id='word_1_199' title='bbox 3074 1473 3215 1527; x_wconf 87' lang='lat' dir='ltr'><strong>Sunt</strong></span> <span class='ocrx_word' id='word_1_200' title='bbox 3246 1474 3330 1527; x_wconf 93' lang='lat' dir='ltr'><strong>illi</strong></span> <span class='ocrx_word' id='word_1_201' title='bbox 3380 1474 3436 1526; x_wconf 90' lang='lat' dir='ltr'><strong>in</strong></span> <span class='ocrx_word' id='word_1_202' title='bbox 3470 1479 3751 1527; x_wconf 69' lang='lat' dir='ltr'><strong>aeternum</strong></span> <span class='ocrx_word' id='word_1_203' title='bbox 3802 1475 3886 1528; x_wconf 90' lang='lat' dir='ltr'><strong>di-</strong></span> 
     </span>
    </p>
   </div>
   <div class='ocr_carea' id='block_1_31' title="bbox 2185 1561 3889 1632">
    <p class='ocr_par' dir='ltr' id='par_1_31' title="bbox 2185 1561 3889 1632">
     <span class='ocr_line' id='line_1_31' title="bbox 2185 1561 3889 1632; baseline 0 -17"><span class='ocrx_word' id='word_1_204' title='bbox 2185 1562 2301 1616; x_wconf 90' lang='lat' dir='ltr'><strong>vini</strong></span> <span class='ocrx_word' id='word_1_205' title='bbox 2339 1562 2544 1632; x_wconf 88' lang='lat' dir='ltr'><strong>judicii</strong></span> <span class='ocrx_word' id='word_1_206' title='bbox 2604 1562 3105 1631; x_wconf 67' lang='lat' dir='ltr'><strong>prmdestinatione</strong></span> <span class='ocrx_word' id='word_1_207' title='bbox 3171 1561 3447 1627; x_wconf 87' lang='lat' dir='ltr'><strong>damnati,</strong></span> <span class='ocrx_word' id='word_1_208' title='bbox 3495 1564 3593 1615; x_wconf 81' lang='lat' dir='ltr'><strong>isti</strong></span> <span class='ocrx_word' id='word_1_209' title='bbox 3644 1577 3770 1614; x_wconf 75' lang='lat' dir='ltr'><strong>vero</strong></span> <span class='ocrx_word' id='word_1_210' title='bbox 3830 1565 3889 1615; x_wconf 83' lang='lat' dir='ltr'><strong>in</strong></span> 
     </span>
    </p>
   </div>
   <div class='ocr_carea' id='block_1_32' title="bbox 2185 1650 3891 1718">
    <p class='ocr_par' dir='ltr' id='par_1_32' title="bbox 2185 1650 3891 1718">
     <span class='ocr_line' id='line_1_32' title="bbox 2185 1650 3891 1718; baseline -0.001 -13"><span class='ocrx_word' id='word_1_211' title='bbox 2185 1658 2445 1706; x_wconf 74' lang='lat' dir='ltr'><strong>aeternum</strong></span> <span class='ocrx_word' id='word_1_212' title='bbox 2515 1652 2715 1705; x_wconf 74' lang='lat' dir='ltr'><strong>divinae</strong></span> <span class='ocrx_word' id='word_1_213' title='bbox 2789 1651 3173 1704; x_wconf 72' lang='lat' dir='ltr'><strong>misericordia;</strong></span> <span class='ocrx_word' id='word_1_214' title='bbox 3245 1650 3722 1718; x_wconf 75' lang='lat' dir='ltr'><strong>prazdestinatione</strong></span> <span class='ocrx_word' id='word_1_215' title='bbox 3781 1652 3891 1705; x_wconf 82' lang='lat' dir='ltr'><strong>sal-</strong></span> 
     </span>
    </p>
   </div>
   <div class='ocr_carea' id='block_1_33' title="bbox 380 1722 3883 1804">
    <p class='ocr_par' dir='ltr' id='par_1_33' title="bbox 380 1722 3883 1804">
     <span class='ocr_line' id='line_1_33' title="bbox 380 1722 3883 1804; baseline 0.001 -17"><span class='ocrx_word' id='word_1_216' title='bbox 380 1732 558 1787; x_wconf 87' lang='lat' dir='ltr'><strong>tuisse</strong></span> <span class='ocrx_word' id='word_1_217' title='bbox 594 1732 845 1799; x_wconf 89' lang='lat' dir='ltr'><strong>liberari,</strong></span> <span class='ocrx_word' id='word_1_218' title='bbox 881 1738 943 1786; x_wconf 89' lang='lat' dir='ltr'><strong>ut</strong></span> <span class='ocrx_word' id='word_1_219' title='bbox 970 1750 1035 1786; x_wconf 83' lang='lat' dir='ltr'><strong>ex</strong></span> <span class='ocrx_word' id='word_1_220' title='bbox 1063 1733 1327 1802; x_wconf 88' lang='lat' dir='ltr'><strong>pluribus</strong></span> <span class='ocrx_word' id='word_1_221' title='bbox 1359 1750 1473 1786; x_wconf 90' lang='lat' dir='ltr'><strong>non</strong></span> <span class='ocrx_word' id='word_1_222' title='bbox 1509 1734 1782 1797; x_wconf 89' lang='lat' dir='ltr'><strong>liberatis,</strong></span> <span class='ocrx_word' id='word_1_223' title='bbox 1814 1739 1985 1804; x_wconf 88' lang='lat' dir='ltr'><strong>atque</strong></span> <span class='ocrx_word' id='word_1_224' title='bbox 2016 1733 2075 1787; x_wconf 91' lang='lat' dir='ltr'><strong>in</strong></span> <span class='ocrx_word' id='word_1_225' title='bbox 2117 1722 2372 1796; x_wconf 71' lang='lat' dir='ltr'><strong>Bvati,</strong></span> <span class='ocrx_word' id='word_1_226' title='bbox 2456 1782 2465 1792; x_wconf 87' lang='lat'><strong>.</strong></span> <span class='ocrx_word' id='word_1_227' title='bbox 2550 1782 2560 1793; x_wconf 85' lang='lat'><strong>.</strong></span> <span class='ocrx_word' id='word_1_228' title='bbox 2644 1780 2655 1791; x_wconf 91' lang='lat'><strong>.</strong></span> <span class='ocrx_word' id='word_1_229' title='bbox 2737 1781 2749 1793; x_wconf 91' lang='lat'><strong>.</strong></span> <span class='ocrx_word' id='word_1_230' title='bbox 2832 1779 2845 1793; x_wconf 92' lang='lat'><strong>.</strong></span> <span class='ocrx_word' id='word_1_231' title='bbox 2927 1779 2939 1791; x_wconf 94' lang='lat'><strong>.</strong></span> <span class='ocrx_word' id='word_1_232' title='bbox 3020 1780 3032 1793; x_wconf 93' lang='lat'><strong>.</strong></span> <span class='ocrx_word' id='word_1_233' title='bbox 3114 1780 3126 1792; x_wconf 94' lang='lat'><strong>.</strong></span> <span class='ocrx_word' id='word_1_234' title='bbox 3206 1778 3220 1793; x_wconf 93' lang='lat'><strong>.</strong></span> <span class='ocrx_word' id='word_1_235' title='bbox 3301 1780 3313 1792; x_wconf 90' lang='lat'><strong>.</strong></span> <span class='ocrx_word' id='word_1_236' title='bbox 3396 1779 3407 1791; x_wconf 93' lang='lat'><strong>.</strong></span> <span class='ocrx_word' id='word_1_237' title='bbox 3488 1782 3496 1791; x_wconf 95' lang='lat'><strong>.</strong></span> <span class='ocrx_word' id='word_1_238' title='bbox 3579 1779 3591 1791; x_wconf 91' lang='lat'><strong>.</strong></span> <span class='ocrx_word' id='word_1_239' title='bbox 3676 1779 3688 1791; x_wconf 93' lang='lat'><strong>.</strong></span> <span class='ocrx_word' id='word_1_240' title='bbox 3774 1779 3787 1791; x_wconf 94' lang='lat'><strong>.</strong></span> <span class='ocrx_word' id='word_1_241' title='bbox 3872 1782 3883 1792; x_wconf 91' lang='lat'><strong>.</strong></span> 
     </span>
    </p>
   </div>
   <div class='ocr_carea' id='block_1_34' title="bbox 380 1821 2077 1893">
    <p class='ocr_par' dir='ltr' id='par_1_34' title="bbox 380 1821 2077 1893">
     <span class='ocr_line' id='line_1_34' title="bbox 380 1821 2077 1893; baseline 0.001 -18"><span class='ocrx_word' id='word_1_242' title='bbox 380 1822 752 1876; x_wconf 85' lang='lat' dir='ltr'><strong>damnatione</strong></span> <span class='ocrx_word' id='word_1_243' title='bbox 794 1821 1112 1891; x_wconf 86' lang='lat' dir='ltr'><strong>justissima</strong></span> <span class='ocrx_word' id='word_1_244' title='bbox 1154 1822 1443 1875; x_wconf 83' lang='lat' dir='ltr'><strong>derelictis</strong></span> <span class='ocrx_word' id='word_1_245' title='bbox 1486 1824 1905 1891; x_wconf 87' lang='lat' dir='ltr'><strong>ostenderetur,</strong></span> <span class='ocrx_word' id='word_1_246' title='bbox 1939 1822 2077 1893; x_wconf 89' lang='lat' dir='ltr'><strong>quid</strong></span> 
     </span>
    </p>
   </div>
   <div class='ocr_carea' id='block_1_35' title="bbox 380 1910 2078 1981">
    <p class='ocr_par' dir='ltr' id='par_1_35' title="bbox 380 1910 2078 1981">
     <span class='ocr_line' id='line_1_35' title="bbox 380 1910 2078 1981; baseline 0.001 -17"><span class='ocrx_word' id='word_1_247' title='bbox 380 1910 813 1965; x_wconf 89' lang='lat' dir='ltr'><strong>commeruisset</strong></span> <span class='ocrx_word' id='word_1_248' title='bbox 871 1910 1137 1964; x_wconf 89' lang='lat' dir='ltr'><strong>universa</strong></span> <span class='ocrx_word' id='word_1_249' title='bbox 1200 1911 1560 1979; x_wconf 88' lang='lat' dir='ltr'><strong>conspersio:</strong></span> <span class='ocrx_word' id='word_1_250' title='bbox 1625 1916 1682 1964; x_wconf 87' lang='lat' dir='ltr'><strong>et</strong></span> <span class='ocrx_word' id='word_1_251' title='bbox 1738 1928 1849 1981; x_wconf 87' lang='lat' dir='ltr'><strong>quo</strong></span> <span class='ocrx_word' id='word_1_252' title='bbox 1907 1913 2078 1966; x_wconf 89' lang='lat' dir='ltr'><strong>etiam</strong></span> 
     </span>
    </p>
   </div>
   <div class='ocr_carea' id='block_1_36' title="bbox 2260 1897 3892 1968">
    <p class='ocr_par' dir='ltr' id='par_1_36' title="bbox 2260 1897 3892 1968">
     <span class='ocr_line' id='line_1_36' title="bbox 2260 1897 3892 1968; baseline -0.002 -16"><span class='ocrx_word' id='word_1_253' title='bbox 2260 1900 2494 1968; x_wconf 83' lang='lat' dir='ltr'><strong>(Desunt</strong></span> <span class='ocrx_word' id='word_1_254' title='bbox 2540 1897 2788 1966; x_wconf 58' lang='lat' dir='ltr'><strong>quadam</strong></span> <span class='ocrx_word' id='word_1_255' title='bbox 2813 1912 2830 1950; x_wconf 92' lang='lat'><strong><em>:</em></strong></span> <span class='ocrx_word' id='word_1_256' title='bbox 2860 1912 2987 1950; x_wconf 87' lang='lat' dir='ltr'><strong>nam</strong></span> <span class='ocrx_word' id='word_1_257' title='bbox 3013 1901 3063 1949; x_wconf 88' lang='lat' dir='ltr'><strong>et</strong></span> <span class='ocrx_word' id='word_1_258' title='bbox 3100 1898 3158 1949; x_wconf 82' lang='lat' dir='ltr'><strong>in</strong></span> <span class='ocrx_word' id='word_1_259' title='bbox 3197 1899 3570 1966; x_wconf 83' lang='lat' dir='ltr'><strong>manuscripto</strong></span> <span class='ocrx_word' id='word_1_260' title='bbox 3600 1897 3708 1949; x_wconf 85' lang='lat' dir='ltr'><strong>duo</strong></span> <span class='ocrx_word' id='word_1_261' title='bbox 3750 1898 3892 1961; x_wconf 76' lang='lat' dir='ltr'><strong>folia</strong></span> 
     </span>
    </p>
   </div>
   <div class='ocr_carea' id='block_1_37' title="bbox 379 1985 3888 2070">
    <p class='ocr_par' dir='ltr' id='par_1_37' title="bbox 379 1985 3888 2070">
     <span class='ocr_line' id='line_1_37' title="bbox 379 1985 3888 2070; baseline 0 -18"><span class='ocrx_word' id='word_1_262' title='bbox 379 1999 522 2053; x_wconf 88' lang='lat' dir='ltr'><strong>istos</strong></span> <span class='ocrx_word' id='word_1_263' title='bbox 552 1998 808 2051; x_wconf 85' lang='lat' dir='ltr'><strong>debitum</strong></span> <span class='ocrx_word' id='word_1_264' title='bbox 834 1998 1117 2067; x_wconf 84' lang='lat' dir='ltr'><strong>judicium</strong></span> <span class='ocrx_word' id='word_1_265' title='bbox 1150 1999 1245 2051; x_wconf 91' lang='lat' dir='ltr'><strong>Dei</strong></span> <span class='ocrx_word' id='word_1_266' title='bbox 1275 1999 1526 2063; x_wconf 85' lang='lat' dir='ltr'><strong>duceret,</strong></span> <span class='ocrx_word' id='word_1_267' title='bbox 1552 1999 1663 2052; x_wconf 85' lang='lat' dir='ltr'><strong>nisi</strong></span> <span class='ocrx_word' id='word_1_268' title='bbox 1684 2000 1806 2070; x_wconf 82' lang='lat' dir='ltr'><strong>ejus</strong></span> <span class='ocrx_word' id='word_1_269' title='bbox 1827 2000 2081 2053; x_wconf 83' lang='lat' dir='ltr'><strong>indebita</strong></span> <span class='ocrx_word' id='word_1_270' title='bbox 2188 1990 2372 2042; x_wconf 67' lang='lat' dir='ltr'><strong>excisa</strong></span> <span class='ocrx_word' id='word_1_271' title='bbox 2398 1991 2553 2049; x_wconf 70' lang='lat' dir='ltr'><strong>sunt;</strong></span> <span class='ocrx_word' id='word_1_272' title='bbox 2587 1986 2680 2040; x_wconf 83' lang='lat' dir='ltr'><strong>sed</strong></span> <span class='ocrx_word' id='word_1_273' title='bbox 2711 1988 2770 2039; x_wconf 71' lang='lat' dir='ltr'><strong>in</strong></span> <span class='ocrx_word' id='word_1_274' title='bbox 2805 1988 2881 2039; x_wconf 80' lang='lat' dir='ltr'><strong>eis</strong></span> <span class='ocrx_word' id='word_1_275' title='bbox 2927 1987 3069 2039; x_wconf 77' lang='lat' dir='ltr'><strong>nihil</strong></span> <span class='ocrx_word' id='word_1_276' title='bbox 3110 1989 3225 2051; x_wconf 78' lang='lat' dir='ltr'><strong>fere</strong></span> <span class='ocrx_word' id='word_1_277' title='bbox 3256 1988 3521 2053; x_wconf 73' lang='lat' dir='ltr'><strong>scriptum</strong></span> <span class='ocrx_word' id='word_1_278' title='bbox 3554 1991 3697 2049; x_wconf 73' lang='grc' dir='ltr'><strong>εναις</strong></span> <span class='ocrx_word' id='word_1_279' title='bbox 3732 1985 3888 2037; x_wconf 74' lang='lat' dir='ltr'><strong>ideo-</strong></span> 
     </span>
    </p>
   </div>
   <div class='ocr_carea' id='block_1_38' title="bbox 379 2086 2075 2151">
    <p class='ocr_par' dir='ltr' id='par_1_38' title="bbox 379 2086 2075 2151">
     <span class='ocr_line' id='line_1_38' title="bbox 379 2086 2075 2151; baseline 0.001 -12"><span class='ocrx_word' id='word_1_280' title='bbox 379 2086 772 2140; x_wconf 90' lang='lat' dir='ltr'><strong>misericordia</strong></span> <span class='ocrx_word' id='word_1_281' title='bbox 802 2086 1175 2151; x_wconf 86' lang='lat' dir='ltr'><strong>subvenisset,</strong></span> <span class='ocrx_word' id='word_1_282' title='bbox 1212 2093 1272 2139; x_wconf 89' lang='lat' dir='ltr'><strong>ut</strong></span> <span class='ocrx_word' id='word_1_283' title='bbox 1319 2088 1632 2140; x_wconf 86' lang='lat' dir='ltr'><strong>volentium</strong></span> <span class='ocrx_word' id='word_1_284' title='bbox 1668 2088 1737 2141; x_wconf 92' lang='lat' dir='ltr'><strong>de</strong></span> <span class='ocrx_word' id='word_1_285' title='bbox 1787 2088 1903 2140; x_wconf 90' lang='lat' dir='ltr'><strong>suis</strong></span> <span class='ocrx_word' id='word_1_286' title='bbox 1953 2104 2075 2142; x_wconf 90' lang='lat' dir='ltr'><strong>me-</strong></span> 
     </span>
    </p>
   </div>
   <div class='ocr_carea' id='block_1_39' title="bbox 380 2174 2073 2246">
    <p class='ocr_par' dir='ltr' id='par_1_39' title="bbox 380 2174 2073 2246">
     <span class='ocr_line' id='line_1_39' title="bbox 380 2174 2073 2246; baseline 0.001 -17"><span class='ocrx_word' id='word_1_287' title='bbox 380 2175 504 2229; x_wconf 90' lang='lat' dir='ltr'><strong>ritis</strong></span> <span class='ocrx_word' id='word_1_288' title='bbox 533 2174 769 2245; x_wconf 90' lang='lat' dir='ltr'><strong>gloriari</strong></span> <span class='ocrx_word' id='word_1_289' title='bbox 805 2196 826 2223; x_wconf 76' lang='grc' dir='ltr'><strong>ι</strong></span> <span class='ocrx_word' id='word_1_290' title='bbox 876 2192 1048 2231; x_wconf 91' lang='lat' dir='ltr'><strong>omne</strong></span> <span class='ocrx_word' id='word_1_291' title='bbox 1084 2193 1145 2230; x_wconf 90' lang='lat' dir='ltr'><strong>os</strong></span> <span class='ocrx_word' id='word_1_292' title='bbox 1176 2176 1524 2242; x_wconf 88' lang='lat' dir='ltr'><strong>obstruatur,</strong></span> <span class='ocrx_word' id='word_1_293' title='bbox 1558 2181 1614 2229; x_wconf 86' lang='lat' dir='ltr'><strong>et</strong></span> <span class='ocrx_word' id='word_1_294' title='bbox 1645 2176 1743 2246; x_wconf 89' lang='lat' dir='ltr'><strong>qui</strong></span> <span class='ocrx_word' id='word_1_295' title='bbox 1774 2176 2073 2246; x_wconf 84' lang='lat' dir='ltr'><strong>gloriatur,</strong></span> 
     </span>
    </p>
   </div>
   <div class='ocr_carea' id='block_1_40' title="bbox 382 2262 1569 2335">
    <p class='ocr_par' dir='ltr' id='par_1_40' title="bbox 382 2262 1569 2335">
     <span class='ocr_line' id='line_1_40' title="bbox 382 2262 1569 2335; baseline -0.002 -20"><span class='ocrx_word' id='word_1_296' title='bbox 382 2262 441 2316; x_wconf 90' lang='lat' dir='ltr'><strong>in</strong></span> <span class='ocrx_word' id='word_1_297' title='bbox 477 2263 714 2317; x_wconf 90' lang='lat' dir='ltr'><strong>Domino</strong></span> <span class='ocrx_word' id='word_1_298' title='bbox 740 2263 1019 2333; x_wconf 86' lang='lat' dir='ltr'><strong>glorietur</strong></span> <span class='ocrx_word' id='word_1_299' title='bbox 1041 2264 1214 2331; x_wconf 85' lang='lat' dir='ltr'><strong>(Rom.</strong></span> <span class='ocrx_word' id='word_1_300' title='bbox 1252 2281 1329 2327; x_wconf 81' lang='grc' dir='ltr'>ιιι,</span> <span class='ocrx_word' id='word_1_301' title='bbox 1370 2264 1478 2334; x_wconf 80' lang='lat' dir='ltr'><strong>t9).</strong></span> <span class='ocrx_word' id='word_1_302' title='bbox 1515 2263 1569 2335; x_wconf 85' lang='lat'><strong>»]</strong></span> 
     </span>
    </p>
   </div>
   <div class='ocr_carea' id='block_1_41' title="bbox 2190 2074 3889 2144">
    <p class='ocr_par' dir='ltr' id='par_1_41' title="bbox 2190 2074 3889 2144">
     <span class='ocr_line' id='line_1_41' title="bbox 2190 2074 3889 2144; baseline -0.001 -16"><span class='ocrx_word' id='word_1_303' title='bbox 2190 2091 2291 2144; x_wconf 84' lang='lat' dir='ltr'><strong>que</strong></span> <span class='ocrx_word' id='word_1_304' title='bbox 2346 2074 2488 2128; x_wconf 83' lang='lat' dir='ltr'><strong>nihil</strong></span> <span class='ocrx_word' id='word_1_305' title='bbox 2539 2076 2717 2129; x_wconf 84' lang='lat' dir='ltr'><strong>desssc</strong></span> <span class='ocrx_word' id='word_1_306' title='bbox 2770 2076 2988 2128; x_wconf 84' lang='lat' dir='ltr'><strong>videtur</strong></span> <span class='ocrx_word' id='word_1_307' title='bbox 3035 2079 3233 2143; x_wconf 55' lang='lat' dir='ltr'><strong>praeter</strong></span> <span class='ocrx_word' id='word_1_308' title='bbox 3301 2074 3597 2127; x_wconf 85' lang='lat' dir='ltr'><strong>membrum</strong></span> <span class='ocrx_word' id='word_1_309' title='bbox 3652 2074 3889 2126; x_wconf 81' lang='lat' dir='ltr'><strong>alterum</strong></span> 
     </span>
    </p>
   </div>
   <div class='ocr_carea' id='block_1_42' title="bbox 2188 2165 3082 2229">
    <p class='ocr_par' dir='ltr' id='par_1_42' title="bbox 2188 2165 3082 2229">
     <span class='ocr_line' id='line_1_42' title="bbox 2188 2165 3082 2229; baseline -0.001 -12"><span class='ocrx_word' id='word_1_310' title='bbox 2188 2166 2339 2218; x_wconf 83' lang='lat' dir='ltr'><strong>tertii</strong></span> <span class='ocrx_word' id='word_1_311' title='bbox 2367 2165 2502 2217; x_wconf 85' lang='lat' dir='ltr'><strong>mali</strong></span> <span class='ocrx_word' id='word_1_312' title='bbox 2531 2166 2588 2217; x_wconf 87' lang='lat' dir='ltr'><strong>in</strong></span> <span class='ocrx_word' id='word_1_313' title='bbox 2618 2165 2794 2217; x_wconf 75' lang='lat' dir='ltr'><strong>electis</strong></span> <span class='ocrx_word' id='word_1_314' title='bbox 2825 2165 3082 2229; x_wconf 77' lang='lat' dir='ltr'><strong>remissi.)</strong></span> 
     </span>
    </p>
   </div>
   <div class='ocr_carea' id='block_1_43' title="bbox 1331 2477 2896 2683">
    <p class='ocr_par' dir='ltr' id='par_1_43' title="bbox 1331 2477 2896 2683">
     <span class='ocr_line' id='line_1_43' title="bbox 1331 2477 2896 2683; baseline -0.002 0"><span class='ocrx_word' id='word_1_315' title='bbox 1331 2477 2007 2683; x_wconf 84' lang='lat' dir='ltr'><strong>SANCTI</strong></span> <span class='ocrx_word' id='word_1_316' title='bbox 2118 2558 2896 2682; x_wconf 81' lang='lat' dir='ltr'><strong>REMIGII</strong></span> 
     </span>
    </p>
   </div>
   <div class='ocr_carea' id='block_1_44' title="bbox 1708 2759 2550 2817">
    <p class='ocr_par' dir='ltr' id='par_1_44' title="bbox 1708 2759 2550 2817">
     <span class='ocr_line' id='line_1_44' title="bbox 1708 2759 2550 2817; baseline -0.004 -2"><span class='ocrx_word' id='word_1_317' title='bbox 1708 2761 2197 2817; x_wconf 82' lang='lat' dir='ltr'><strong>LUGDUNENSIS</strong></span> <span class='ocrx_word' id='word_1_318' title='bbox 2235 2759 2550 2817; x_wconf 87' lang='lat' dir='ltr'><strong>EPISCUPI</strong></span> 
     </span>
    </p>
   </div>
   <div class='ocr_carea' id='block_1_45' title="bbox 1181 2915 3065 2990">
    <p class='ocr_par' dir='ltr' id='par_1_45' title="bbox 1181 2915 3065 2990">
     <span class='ocr_line' id='line_1_45' title="bbox 1181 2915 3065 2990; baseline -0.002 -1"><span class='ocrx_word' id='word_1_319' title='bbox 1181 2917 1361 2989; x_wconf 88' lang='lat' dir='ltr'>SUB</span> <span class='ocrx_word' id='word_1_320' title='bbox 1421 2918 1800 2990; x_wconf 90' lang='lat' dir='ltr'><strong>NOMINE</strong></span> <span class='ocrx_word' id='word_1_321' title='bbox 1858 2916 2341 2989; x_wconf 60' lang='lat' dir='ltr'><strong>ECCLESIXE</strong></span> <span class='ocrx_word' id='word_1_322' title='bbox 2392 2915 3065 2989; x_wconf 86' lang='lat' dir='ltr'><strong>LUGDUNENSIS</strong></span> 
     </span>
    </p>
   </div>
   <div class='ocr_carea' id='block_1_46' title="bbox 616 3097 3634 3421">
    <p class='ocr_par' dir='ltr' id='par_1_46' title="bbox 616 3097 3634 3421">
     <span class='ocr_line' id='line_1_46' title="bbox 616 3097 3634 3421; baseline 0.001 -4"><span class='ocrx_word' id='word_1_323' title='bbox 616 3285 763 3417; x_wconf 84' lang='lat' dir='ltr'><strong>DE</strong></span> <span class='ocrx_word' id='word_1_324' title='bbox 850 3287 1393 3421; x_wconf 84' lang='lat' dir='ltr'><strong>TENENDA</strong></span> <span class='ocrx_word' id='word_1_325' title='bbox 1474 3097 2972 3421; x_wconf 48' lang='lat' dir='ltr'><strong>IMMOEIEIBTEEIIiLISJCSRIPTUR/E</strong></span> <span class='ocrx_word' id='word_1_326' title='bbox 3059 3286 3634 3419; x_wconf 78' lang='lat' dir='ltr'><strong>VERITATE</strong></span> 
     </span>
    </p>
   </div>
   <div class='ocr_carea' id='block_1_47' title="bbox 924 3669 3322 3727">
    <p class='ocr_par' dir='ltr' id='par_1_47' title="bbox 924 3669 3322 3727">
     <span class='ocr_line' id='line_1_47' title="bbox 924 3669 3322 3727; baseline -0.001 -3"><span class='ocrx_word' id='word_1_327' title='bbox 924 3669 1016 3724; x_wconf 89' lang='lat' dir='ltr'><strong>SS.</strong></span> <span class='ocrx_word' id='word_1_328' title='bbox 1059 3670 1639 3727; x_wconf 74' lang='lat' dir='ltr'><strong>ORTllODOXOHUM</strong></span> <span class='ocrx_word' id='word_1_329' title='bbox 1686 3672 1971 3727; x_wconf 86' lang='lat' dir='ltr'><strong>PATRUM</strong></span> <span class='ocrx_word' id='word_1_330' title='bbox 2012 3670 2500 3727; x_wconf 83' lang='lat' dir='ltr'><strong>AUCTORITATE</strong></span> <span class='ocrx_word' id='word_1_331' title='bbox 2539 3669 2901 3725; x_wconf 82' lang='lat' dir='ltr'><strong>FIDELITER</strong></span> <span class='ocrx_word' id='word_1_332' title='bbox 2940 3669 3322 3725; x_wconf 83' lang='lat' dir='ltr'><strong>SECTANDA.</strong></span> 
     </span>
    </p>
   </div>
   <div class='ocr_carea' id='block_1_48' title="bbox 941 3946 1497 4002">
    <p class='ocr_par' dir='ltr' id='par_1_48' title="bbox 941 3946 1497 4002">
     <span class='ocr_line' id='line_1_48' title="bbox 941 3946 1497 4002; baseline -0.002 -2"><span class='ocrx_word' id='word_1_333' title='bbox 941 3946 1165 4001; x_wconf 86' lang='lat' dir='ltr'><strong>CAPUT</strong></span> <span class='ocrx_word' id='word_1_334' title='bbox 1206 3948 1497 4002; x_wconf 83' lang='lat' dir='ltr'><strong>PRIMUM.</strong></span> 
     </span>
    </p>
   </div>
   <div class='ocr_carea' id='block_1_49' title="bbox 374 4033 2067 4105">
    <p class='ocr_par' dir='ltr' id='par_1_49' title="bbox 374 4033 2067 4105">
     <span class='ocr_line' id='line_1_49' title="bbox 374 4033 2067 4105; baseline 0.002 -18"><span class='ocrx_word' id='word_1_335' title='bbox 374 4033 539 4099; x_wconf 81' lang='lat' dir='ltr'><strong>Origo</strong></span> <span class='ocrx_word' id='word_1_336' title='bbox 569 4034 821 4088; x_wconf 78' lang='lat' dir='ltr'><strong>haereseos</strong></span> <span class='ocrx_word' id='word_1_337' title='bbox 868 4049 936 4087; x_wconf 76' lang='lat' dir='ltr'><strong>ea:</strong></span> <span class='ocrx_word' id='word_1_338' title='bbox 965 4039 1268 4103; x_wconf 83' lang='lat' dir='ltr'><strong>contemptu</strong></span> <span class='ocrx_word' id='word_1_339' title='bbox 1315 4037 1611 4105; x_wconf 62' lang='lat' dir='ltr'><strong>Scriptura</strong></span> <span class='ocrx_word' id='word_1_340' title='bbox 1638 4052 1808 4091; x_wconf 70' lang='lat' dir='ltr'><strong>sacra:</strong></span> <span class='ocrx_word' id='word_1_341' title='bbox 1854 4043 1904 4091; x_wconf 89' lang='lat' dir='ltr'><strong>et</strong></span> <span class='ocrx_word' id='word_1_342' title='bbox 1943 4052 2067 4091; x_wconf 86' lang='lat' dir='ltr'><strong>san-</strong></span> 
     </span>
    </p>
   </div>
   <div class='ocr_carea' id='block_1_50' title="bbox 973 4107 1459 4160">
    <p class='ocr_par' dir='ltr' id='par_1_50' title="bbox 973 4107 1459 4160">
     <span class='ocr_line' id='line_1_50' title="bbox 973 4107 1459 4160; baseline 0.002 -1"><span class='ocrx_word' id='word_1_343' title='bbox 973 4111 1178 4159; x_wconf 86' lang='lat' dir='ltr'><strong>ctorum</strong></span> <span class='ocrx_word' id='word_1_344' title='bbox 1211 4107 1459 4160; x_wconf 83' lang='lat' dir='ltr'><strong>Patrum.</strong></span> 
     </span>
    </p>
   </div>
   <div class='ocr_carea' id='block_1_51' title="bbox 444 4210 2062 4280">
    <p class='ocr_par' dir='ltr' id='par_1_51' title="bbox 444 4210 2062 4280">
     <span class='ocr_line' id='line_1_51' title="bbox 444 4210 2062 4280; baseline 0.002 -18"><span class='ocrx_word' id='word_1_345' title='bbox 444 4210 599 4263; x_wconf 90' lang='lat' dir='ltr'><strong>Inter</strong></span> <span class='ocrx_word' id='word_1_346' title='bbox 641 4211 836 4264; x_wconf 87' lang='lat' dir='ltr'><strong>omnia</strong></span> <span class='ocrx_word' id='word_1_347' title='bbox 886 4211 1159 4279; x_wconf 89' lang='lat' dir='ltr'><strong>pericula,</strong></span> <span class='ocrx_word' id='word_1_348' title='bbox 1214 4216 1269 4264; x_wconf 91' lang='lat' dir='ltr'><strong>et</strong></span> <span class='ocrx_word' id='word_1_349' title='bbox 1312 4212 1642 4266; x_wconf 88' lang='lat' dir='ltr'><strong>innumeras</strong></span> <span class='ocrx_word' id='word_1_350' title='bbox 1692 4214 2062 4280; x_wconf 87' lang='lat' dir='ltr'><strong>calamitates,</strong></span> 
     </span>
    </p>
   </div>
   <div class='ocr_carea' id='block_1_52' title="bbox 374 4297 2065 4371">
    <p class='ocr_par' dir='ltr' id='par_1_52' title="bbox 374 4297 2065 4371">
     <span class='ocr_line' id='line_1_52' title="bbox 374 4297 2065 4371; baseline 0.004 -21"><span class='ocrx_word' id='word_1_351' title='bbox 374 4301 544 4367; x_wconf 85' lang='lat' dir='ltr'><strong>atque</strong></span> <span class='ocrx_word' id='word_1_352' title='bbox 576 4297 831 4351; x_wconf 88' lang='lat' dir='ltr'><strong>miserias</strong></span> <span class='ocrx_word' id='word_1_353' title='bbox 862 4298 1072 4368; x_wconf 88' lang='lat' dir='ltr'><strong>quibus</strong></span> <span class='ocrx_word' id='word_1_354' title='bbox 1119 4300 1362 4352; x_wconf 79' lang='lat' dir='ltr'><strong>Ecclesia</strong></span> <span class='ocrx_word' id='word_1_355' title='bbox 1410 4301 1582 4369; x_wconf 89' lang='lat' dir='ltr'><strong>hujus</strong></span> <span class='ocrx_word' id='word_1_356' title='bbox 1630 4302 1792 4371; x_wconf 89' lang='lat' dir='ltr'><strong>regni</strong></span> <span class='ocrx_word' id='word_1_357' title='bbox 1823 4302 2065 4356; x_wconf 89' lang='lat' dir='ltr'><strong>terribili</strong></span> 
     </span>
    </p>
   </div>
   <div class='ocr_carea' id='block_1_53' title="bbox 372 4386 2064 4461">
    <p class='ocr_par' dir='ltr' id='par_1_53' title="bbox 372 4386 2064 4461">
     <span class='ocr_line' id='line_1_53' title="bbox 372 4386 2064 4461; baseline 0.004 -23"><span class='ocrx_word' id='word_1_358' title='bbox 372 4390 431 4438; x_wconf 90' lang='lat' dir='ltr'><strong>et</strong></span> <span class='ocrx_word' id='word_1_359' title='bbox 479 4386 701 4439; x_wconf 91' lang='lat' dir='ltr'><strong>occulto</strong></span> <span class='ocrx_word' id='word_1_360' title='bbox 752 4386 851 4439; x_wconf 88' lang='lat' dir='ltr'><strong>Dei</strong></span> <span class='ocrx_word' id='word_1_361' title='bbox 889 4386 1107 4455; x_wconf 89' lang='lat' dir='ltr'><strong>judicio</strong></span> <span class='ocrx_word' id='word_1_362' title='bbox 1151 4388 1500 4441; x_wconf 85' lang='lat' dir='ltr'><strong>incessanter</strong></span> <span class='ocrx_word' id='word_1_363' title='bbox 1558 4390 1835 4460; x_wconf 86' lang='lat' dir='ltr'><strong>affligitur</strong></span> <span class='ocrx_word' id='word_1_364' title='bbox 1893 4396 2064 4461; x_wconf 86' lang='lat' dir='ltr'><strong>atque</strong></span> 
     </span>
    </p>
   </div>
   <div class='ocr_carea' id='block_1_54' title="bbox 373 4473 2061 4544">
    <p class='ocr_par' dir='ltr' id='par_1_54' title="bbox 373 4473 2061 4544">
     <span class='ocr_line' id='line_1_54' title="bbox 373 4473 2061 4544; baseline 0.004 -20"><span class='ocrx_word' id='word_1_365' title='bbox 373 4476 646 4539; x_wconf 87' lang='lat' dir='ltr'><strong>vastatur,</strong></span> <span class='ocrx_word' id='word_1_366' title='bbox 679 4473 759 4525; x_wconf 90' lang='lat' dir='ltr'><strong>ita</strong></span> <span class='ocrx_word' id='word_1_367' title='bbox 794 4478 854 4526; x_wconf 87' lang='lat' dir='ltr'><strong>ut</strong></span> <span class='ocrx_word' id='word_1_368' title='bbox 874 4475 1037 4544; x_wconf 87' lang='lat' dir='ltr'><strong>regni</strong></span> <span class='ocrx_word' id='word_1_369' title='bbox 1065 4476 1252 4529; x_wconf 88' lang='lat' dir='ltr'><strong>unitas</strong></span> <span class='ocrx_word' id='word_1_370' title='bbox 1284 4477 1355 4529; x_wconf 91' lang='lat' dir='ltr'><strong>sit</strong></span> <span class='ocrx_word' id='word_1_371' title='bbox 1384 4476 1614 4531; x_wconf 90' lang='lat' dir='ltr'><strong>discissa</strong></span> <span class='ocrx_word' id='word_1_372' title='bbox 1641 4495 1703 4531; x_wconf 90' lang='lat' dir='ltr'><strong>ac</strong></span> <span class='ocrx_word' id='word_1_373' title='bbox 1733 4479 2061 4544; x_wconf 88' lang='lat' dir='ltr'><strong>dilacerata,</strong></span> 
     </span>
    </p>
   </div>
   <div class='ocr_carea' id='block_1_55' title="bbox 372 4562 2061 4633">
    <p class='ocr_par' dir='ltr' id='par_1_55' title="bbox 372 4562 2061 4633">
     <span class='ocr_line' id='line_1_55' title="bbox 372 4562 2061 4633; baseline 0.005 -19"><span class='ocrx_word' id='word_1_374' title='bbox 372 4562 731 4615; x_wconf 90' lang='lat' dir='ltr'><strong>sacerdotum</strong></span> <span class='ocrx_word' id='word_1_375' title='bbox 765 4565 1055 4633; x_wconf 88' lang='lat' dir='ltr'><strong>generalia</strong></span> <span class='ocrx_word' id='word_1_376' title='bbox 1098 4571 1155 4619; x_wconf 90' lang='lat' dir='ltr'><strong>et</strong></span> <span class='ocrx_word' id='word_1_377' title='bbox 1200 4566 1574 4620; x_wconf 86' lang='lat' dir='ltr'><strong>saluberrima</strong></span> <span class='ocrx_word' id='word_1_378' title='bbox 1607 4568 1847 4621; x_wconf 92' lang='lat' dir='ltr'><strong>concilia</strong></span> <span class='ocrx_word' id='word_1_379' title='bbox 1885 4570 2061 4622; x_wconf 90' lang='lat' dir='ltr'><strong>inter-</strong></span> 
     </span>
    </p>
   </div>
   <div class='ocr_carea' id='block_1_56' title="bbox 371 4652 2064 4726">
    <p class='ocr_par' dir='ltr' id='par_1_56' title="bbox 371 4652 2064 4726">
     <span class='ocr_line' id='line_1_56' title="bbox 371 4652 2064 4726; baseline 0.004 -21"><span class='ocrx_word' id='word_1_380' title='bbox 371 4664 565 4719; x_wconf 88' lang='lat' dir='ltr'><strong>missa,</strong></span> <span class='ocrx_word' id='word_1_381' title='bbox 615 4652 807 4722; x_wconf 90' lang='lat' dir='ltr'><strong>legum</strong></span> <span class='ocrx_word' id='word_1_382' title='bbox 854 4654 1121 4707; x_wconf 88' lang='lat' dir='ltr'><strong>severitas</strong></span> <span class='ocrx_word' id='word_1_383' title='bbox 1166 4661 1223 4709; x_wconf 90' lang='lat' dir='ltr'><strong>et</strong></span> <span class='ocrx_word' id='word_1_384' title='bbox 1263 4656 1547 4724; x_wconf 89' lang='lat' dir='ltr'><strong>judicium</strong></span> <span class='ocrx_word' id='word_1_385' title='bbox 1601 4658 1895 4726; x_wconf 85' lang='lat' dir='ltr'><strong>vigilantia</strong></span> <span class='ocrx_word' id='word_1_386' title='bbox 1938 4658 2064 4711; x_wconf 89' lang='lat' dir='ltr'><strong>sub-</strong></span> 
     </span>
    </p>
   </div>
   <div class='ocr_carea' id='block_1_57' title="bbox 372 4742 2064 4814">
    <p class='ocr_par' dir='ltr' id='par_1_57' title="bbox 372 4742 2064 4814">
     <span class='ocr_line' id='line_1_57' title="bbox 372 4742 2064 4814; baseline 0.004 -21"><span class='ocrx_word' id='word_1_387' title='bbox 372 4745 572 4801; x_wconf 87' lang='lat' dir='ltr'><strong>tracta,</strong></span> <span class='ocrx_word' id='word_1_388' title='bbox 628 4742 889 4810; x_wconf 90' lang='lat' dir='ltr'><strong>specialis</strong></span> <span class='ocrx_word' id='word_1_389' title='bbox 952 4743 1227 4797; x_wconf 81' lang='lat' dir='ltr'><strong>doctrinae</strong></span> <span class='ocrx_word' id='word_1_390' title='bbox 1274 4745 1492 4811; x_wconf 90' lang='lat' dir='ltr'><strong>studia,</strong></span> <span class='ocrx_word' id='word_1_391' title='bbox 1538 4745 1747 4814; x_wconf 88' lang='lat' dir='ltr'><strong>quibus</strong></span> <span class='ocrx_word' id='word_1_392' title='bbox 1803 4746 1945 4799; x_wconf 85' lang='lat' dir='ltr'><strong>ﬁdes</strong></span> <span class='ocrx_word' id='word_1_393' title='bbox 2008 4750 2064 4800; x_wconf 88' lang='lat' dir='ltr'><strong>et</strong></span> 
     </span>
    </p>
   </div>
   <div class='ocr_carea' id='block_1_58' title="bbox 373 4828 2058 4903">
    <p class='ocr_par' dir='ltr' id='par_1_58' title="bbox 373 4828 2058 4903">
     <span class='ocr_line' id='line_1_58' title="bbox 373 4828 2058 4903; baseline 0.005 -23"><span class='ocrx_word' id='word_1_394' title='bbox 373 4828 609 4881; x_wconf 90' lang='lat' dir='ltr'><strong>scientia</strong></span> <span class='ocrx_word' id='word_1_395' title='bbox 657 4829 757 4882; x_wconf 89' lang='lat' dir='ltr'><strong>Dei</strong></span> <span class='ocrx_word' id='word_1_396' title='bbox 807 4830 1060 4899; x_wconf 89' lang='lat' dir='ltr'><strong>quotidie</strong></span> <span class='ocrx_word' id='word_1_397' title='bbox 1101 4833 1343 4885; x_wconf 87' lang='lat' dir='ltr'><strong>cnutriri</strong></span> <span class='ocrx_word' id='word_1_398' title='bbox 1401 4849 1464 4885; x_wconf 89' lang='lat' dir='ltr'><strong>ac</strong></span> <span class='ocrx_word' id='word_1_399' title='bbox 1516 4835 1791 4902; x_wconf 85' lang='lat' dir='ltr'><strong>prolicere</strong></span> <span class='ocrx_word' id='word_1_400' title='bbox 1840 4835 2058 4903; x_wconf 90' lang='lat' dir='ltr'><strong>debuit,</strong></span> 
     </span>
    </p>
   </div>
   <div class='ocr_carea' id='block_1_59' title="bbox 372 4917 2061 4991">
    <p class='ocr_par' dir='ltr' id='par_1_59' title="bbox 372 4917 2061 4991">
     <span class='ocr_line' id='line_1_59' title="bbox 372 4917 2061 4991; baseline 0.004 -23"><span class='ocrx_word' id='word_1_401' title='bbox 372 4932 518 4985; x_wconf 88' lang='lat' dir='ltr'><strong>pene</strong></span> <span class='ocrx_word' id='word_1_402' title='bbox 542 4917 756 4986; x_wconf 87' lang='lat' dir='ltr'><strong>ubique</strong></span> <span class='ocrx_word' id='word_1_403' title='bbox 788 4919 1091 4984; x_wconf 84' lang='lat' dir='ltr'><strong>exstincta;</strong></span> <span class='ocrx_word' id='word_1_404' title='bbox 1119 4927 1379 4973; x_wconf 85' lang='lat' dir='ltr'><strong>exortum</strong></span> <span class='ocrx_word' id='word_1_405' title='bbox 1411 4926 1494 4974; x_wconf 87' lang='lat' dir='ltr'><strong>est</strong></span> <span class='ocrx_word' id='word_1_406' title='bbox 1525 4923 1709 4991; x_wconf 88' lang='lat' dir='ltr'><strong>magis</strong></span> <span class='ocrx_word' id='word_1_407' title='bbox 1746 4923 2061 4977; x_wconf 88' lang='lat' dir='ltr'><strong>dolendum</strong></span> 
     </span>
    </p>
   </div>
   <div class='ocr_carea' id='block_1_60' title="bbox 370 5005 2063 5081">
    <p class='ocr_par' dir='ltr' id='par_1_60' title="bbox 370 5005 2063 5081">
     <span class='ocr_line' id='line_1_60' title="bbox 370 5005 2063 5081; baseline 0.005 -25"><span class='ocrx_word' id='word_1_408' title='bbox 370 5020 434 5057; x_wconf 88' lang='lat' dir='ltr'><strong>ac</strong></span> <span class='ocrx_word' id='word_1_409' title='bbox 466 5005 778 5075; x_wconf 88' lang='lat' dir='ltr'><strong>lugendum</strong></span> <span class='ocrx_word' id='word_1_410' title='bbox 828 5006 1063 5070; x_wconf 88' lang='lat' dir='ltr'><strong>malum,</strong></span> <span class='ocrx_word' id='word_1_411' title='bbox 1114 5012 1178 5061; x_wconf 89' lang='lat' dir='ltr'><strong>ut</strong></span> <span class='ocrx_word' id='word_1_412' title='bbox 1223 5008 1503 5075; x_wconf 86' lang='lat' dir='ltr'><strong>videlicet,</strong></span> <span class='ocrx_word' id='word_1_413' title='bbox 1547 5015 1875 5081; x_wconf 89' lang='lat' dir='ltr'><strong>contempta</strong></span> <span class='ocrx_word' id='word_1_414' title='bbox 1921 5012 2063 5065; x_wconf 90' lang='lat' dir='ltr'><strong>veri-</strong></span> 
     </span>
    </p>
   </div>
   <div class='ocr_carea' id='block_1_61' title="bbox 371 5094 2059 5164">
    <p class='ocr_par' dir='ltr' id='par_1_61' title="bbox 371 5094 2059 5164">
     <span class='ocr_line' id='line_1_61' title="bbox 371 5094 2059 5164; baseline 0.004 -17"><span class='ocrx_word' id='word_1_415' title='bbox 371 5100 486 5147; x_wconf 90' lang='lat' dir='ltr'><strong>tate</strong></span> <span class='ocrx_word' id='word_1_416' title='bbox 546 5094 965 5164; x_wconf 89' lang='lat' dir='ltr'><strong>Scripturarum</strong></span> <span class='ocrx_word' id='word_1_417' title='bbox 1036 5112 1357 5159; x_wconf 87' lang='lat' dir='ltr'><strong>sacrarum,</strong></span> <span class='ocrx_word' id='word_1_418' title='bbox 1442 5100 1650 5151; x_wconf 86' lang='lat' dir='ltr'><strong>calcata</strong></span> <span class='ocrx_word' id='word_1_419' title='bbox 1724 5100 2059 5154; x_wconf 87' lang='lat' dir='ltr'><strong>auctoritate</strong></span> 
     </span>
    </p>
   </div>
   <div class='ocr_carea' id='block_1_62' title="bbox 371 5182 2060 5258">
    <p class='ocr_par' dir='ltr' id='par_1_62' title="bbox 371 5182 2060 5258">
     <span class='ocr_line' id='line_1_62' title="bbox 371 5182 2060 5258; baseline 0.002 -21"><span class='ocrx_word' id='word_1_420' title='bbox 371 5182 834 5237; x_wconf 82' lang='lat' dir='ltr'><strong>beatissimorum</strong></span> <span class='ocrx_word' id='word_1_421' title='bbox 899 5187 1068 5252; x_wconf 86' lang='lat' dir='ltr'><strong>atque</strong></span> <span class='ocrx_word' id='word_1_422' title='bbox 1126 5186 1578 5240; x_wconf 81' lang='lat' dir='ltr'><strong>orthodoxorum</strong></span> <span class='ocrx_word' id='word_1_423' title='bbox 1636 5190 1897 5254; x_wconf 87' lang='lat' dir='ltr'><strong>Patrum,</strong></span> <span class='ocrx_word' id='word_1_424' title='bbox 1958 5206 2060 5258; x_wconf 89' lang='lat' dir='ltr'><strong>per</strong></span> 
     </span>
    </p>
   </div>
   <div class='ocr_carea' id='block_1_63' title="bbox 372 5271 2059 5347">
    <p class='ocr_par' dir='ltr' id='par_1_63' title="bbox 372 5271 2059 5347">
     <span class='ocr_line' id='line_1_63' title="bbox 372 5271 2059 5347; baseline 0.005 -23"><span class='ocrx_word' id='word_1_425' title='bbox 372 5288 513 5341; x_wconf 91' lang='lat' dir='ltr'><strong>quos</strong></span> <span class='ocrx_word' id='word_1_426' title='bbox 566 5271 805 5325; x_wconf 86' lang='lat' dir='ltr'><strong>Ecclesia</strong></span> <span class='ocrx_word' id='word_1_427' title='bbox 855 5272 954 5324; x_wconf 93' lang='lat' dir='ltr'><strong>Dei</strong></span> <span class='ocrx_word' id='word_1_428' title='bbox 1002 5273 1318 5327; x_wconf 62' lang='lat' dir='ltr'><strong>aedificatur</strong></span> <span class='ocrx_word' id='word_1_429' title='bbox 1364 5281 1419 5328; x_wconf 91' lang='lat' dir='ltr'><strong>et</strong></span> <span class='ocrx_word' id='word_1_430' title='bbox 1468 5275 1805 5345; x_wconf 86' lang='lat' dir='ltr'><strong>illustratur,</strong></span> <span class='ocrx_word' id='word_1_431' title='bbox 1847 5294 2059 5347; x_wconf 65' lang='lat' dir='ltr'><strong>priesu-</strong></span> 
     </span>
    </p>
   </div>
   <div class='ocr_carea' id='block_1_64' title="bbox 371 5358 2058 5435">
    <p class='ocr_par' dir='ltr' id='par_1_64' title="bbox 371 5358 2058 5435">
     <span class='ocr_line' id='line_1_64' title="bbox 371 5358 2058 5435; baseline 0.005 -24"><span class='ocrx_word' id='word_1_432' title='bbox 371 5366 529 5412; x_wconf 90' lang='lat' dir='ltr'><strong>mant</strong></span> <span class='ocrx_word' id='word_1_433' title='bbox 558 5359 736 5428; x_wconf 91' lang='lat' dir='ltr'><strong>aliqui</strong></span> <span class='ocrx_word' id='word_1_434' title='bbox 762 5358 933 5412; x_wconf 88' lang='lat' dir='ltr'><strong>etiam</strong></span> <span class='ocrx_word' id='word_1_435' title='bbox 964 5360 1031 5413; x_wconf 94' lang='lat' dir='ltr'><strong>de</strong></span> <span class='ocrx_word' id='word_1_436' title='bbox 1069 5362 1238 5415; x_wconf 88' lang='lat' dir='ltr'><strong>rebus</strong></span> <span class='ocrx_word' id='word_1_437' title='bbox 1264 5364 1550 5433; x_wconf 71' lang='lat' dir='ltr'><strong>prmcipue</strong></span> <span class='ocrx_word' id='word_1_438' title='bbox 1581 5365 1651 5418; x_wconf 88' lang='lat' dir='ltr'><strong>ad</strong></span> <span class='ocrx_word' id='word_1_439' title='bbox 1683 5365 1852 5419; x_wconf 85' lang='lat' dir='ltr'><strong>ﬁdem</strong></span> <span class='ocrx_word' id='word_1_440' title='bbox 1882 5368 2058 5435; x_wconf 90' lang='lat' dir='ltr'><strong>perti-</strong></span> 
     </span>
    </p>
   </div>
   <div class='ocr_carea' id='block_1_65' title="bbox 372 5447 2059 5523">
    <p class='ocr_par' dir='ltr' id='par_1_65' title="bbox 372 5447 2059 5523">
     <span class='ocr_line' id='line_1_65' title="bbox 372 5447 2059 5523; baseline 0.007 -26"><span class='ocrx_word' id='word_1_441' title='bbox 372 5447 638 5499; x_wconf 86' lang='lat' dir='ltr'><strong>nentibus</strong></span> <span class='ocrx_word' id='word_1_442' title='bbox 676 5463 739 5500; x_wconf 85' lang='lat' dir='ltr'><strong>ex</strong></span> <span class='ocrx_word' id='word_1_443' title='bbox 770 5448 985 5517; x_wconf 85' lang='lat' dir='ltr'><strong>proprii</strong></span> <span class='ocrx_word' id='word_1_444' title='bbox 1022 5465 1221 5502; x_wconf 86' lang='lat' dir='ltr'><strong>sensus</strong></span> <span class='ocrx_word' id='word_1_445' title='bbox 1254 5452 1553 5504; x_wconf 81' lang='lat' dir='ltr'><strong>temeraria</strong></span> <span class='ocrx_word' id='word_1_446' title='bbox 1590 5456 2059 5523; x_wconf 70' lang='lat' dir='ltr'><strong>prmsumptione,</strong></span> 
     </span>
    </p>
   </div>
   <div class='ocr_carea' id='block_1_66' title="bbox 2108 3950 3876 4022">
    <p class='ocr_par' dir='ltr' id='par_1_66' title="bbox 2108 3950 3876 4022">
     <span class='ocr_line' id='line_1_66' title="bbox 2108 3950 3876 4022; baseline 0.001 -18"><span class='ocrx_word' id='word_1_447' title='bbox 2108 3950 2149 4004; x_wconf 90' lang='lat' dir='ltr'><strong><em>C</em></strong></span> <span class='ocrx_word' id='word_1_448' title='bbox 2177 3950 2287 4019; x_wconf 88' lang='lat' dir='ltr'><strong>ipsi</strong></span> <span class='ocrx_word' id='word_1_449' title='bbox 2320 3951 2544 4016; x_wconf 90' lang='lat' dir='ltr'><strong>docere,</strong></span> <span class='ocrx_word' id='word_1_450' title='bbox 2576 3954 2632 4003; x_wconf 89' lang='lat' dir='ltr'><strong>et</strong></span> <span class='ocrx_word' id='word_1_451' title='bbox 2677 3950 2804 4003; x_wconf 92' lang='lat' dir='ltr'><strong>aliis</strong></span> <span class='ocrx_word' id='word_1_452' title='bbox 2849 3950 3094 4004; x_wconf 89' lang='lat' dir='ltr'><strong>tenenda</strong></span> <span class='ocrx_word' id='word_1_453' title='bbox 3138 3954 3387 4005; x_wconf 89' lang='lat' dir='ltr'><strong>statuere</strong></span> <span class='ocrx_word' id='word_1_454' title='bbox 3418 3955 3592 4022; x_wconf 89' lang='lat' dir='ltr'><strong>atque</strong></span> <span class='ocrx_word' id='word_1_455' title='bbox 3623 3955 3876 4006; x_wconf 83' lang='lat' dir='ltr'><strong>conscri-</strong></span> 
     </span>
    </p>
   </div>
   <div class='ocr_carea' id='block_1_67' title="bbox 2174 4038 3873 4109">
    <p class='ocr_par' dir='ltr' id='par_1_67' title="bbox 2174 4038 3873 4109">
     <span class='ocr_line' id='line_1_67' title="bbox 2174 4038 3873 4109; baseline 0.001 -17"><span class='ocrx_word' id='word_1_456' title='bbox 2174 4038 2338 4104; x_wconf 87' lang='lat' dir='ltr'><strong>bere;</strong></span> <span class='ocrx_word' id='word_1_457' title='bbox 2373 4054 2503 4092; x_wconf 90' lang='lat' dir='ltr'><strong>cnm</strong></span> <span class='ocrx_word' id='word_1_458' title='bbox 2548 4044 2604 4093; x_wconf 88' lang='lat' dir='ltr'><strong>et</strong></span> <span class='ocrx_word' id='word_1_459' title='bbox 2644 4040 2763 4108; x_wconf 90' lang='lat' dir='ltr'><strong>ipse</strong></span> <span class='ocrx_word' id='word_1_460' title='bbox 2811 4039 3177 4108; x_wconf 83' lang='lat' dir='ltr'><strong>omnipotens</strong></span> <span class='ocrx_word' id='word_1_461' title='bbox 3221 4039 3366 4092; x_wconf 89' lang='lat' dir='ltr'><strong>Deus</strong></span> <span class='ocrx_word' id='word_1_462' title='bbox 3401 4041 3767 4109; x_wconf 89' lang='lat' dir='ltr'><strong>speculatori,</strong></span> <span class='ocrx_word' id='word_1_463' title='bbox 3816 4042 3873 4094; x_wconf 91' lang='lat' dir='ltr'><strong>id</strong></span> 
     </span>
    </p>
   </div>
   <div class='ocr_carea' id='block_1_68' title="bbox 2175 4127 3873 4200">
    <p class='ocr_par' dir='ltr' id='par_1_68' title="bbox 2175 4127 3873 4200">
     <span class='ocr_line' id='line_1_68' title="bbox 2175 4127 3873 4200; baseline 0.002 -20"><span class='ocrx_word' id='word_1_464' title='bbox 2175 4132 2261 4180; x_wconf 89' lang='lat' dir='ltr'><strong>est</strong></span> <span class='ocrx_word' id='word_1_465' title='bbox 2308 4127 2618 4197; x_wconf 88' lang='lat' dir='ltr'><strong>unicuique</strong></span> <span class='ocrx_word' id='word_1_466' title='bbox 2650 4127 2863 4196; x_wconf 87' lang='lat' dir='ltr'><strong>pastori</strong></span> <span class='ocrx_word' id='word_1_467' title='bbox 2897 4127 3175 4193; x_wconf 74' lang='lat' dir='ltr'><strong>Ecclesiae,</strong></span> <span class='ocrx_word' id='word_1_468' title='bbox 3210 4144 3277 4181; x_wconf 90' lang='lat' dir='ltr'><strong>ea</strong></span> <span class='ocrx_word' id='word_1_469' title='bbox 3325 4128 3444 4181; x_wconf 90' lang='lat' dir='ltr'><strong>sola</strong></span> <span class='ocrx_word' id='word_1_470' title='bbox 3475 4145 3607 4198; x_wconf 71' lang='lat' dir='ltr'><strong>quae</strong></span> <span class='ocrx_word' id='word_1_471' title='bbox 3647 4129 3717 4182; x_wconf 91' lang='lat' dir='ltr'><strong>ab</strong></span> <span class='ocrx_word' id='word_1_472' title='bbox 3746 4130 3873 4200; x_wconf 88' lang='lat' dir='ltr'><strong>ipso</strong></span> 
     </span>
    </p>
   </div>
   <div class='ocr_carea' id='block_1_69' title="bbox 2174 4214 3875 4286">
    <p class='ocr_par' dir='ltr' id='par_1_69' title="bbox 2174 4214 3875 4286">
     <span class='ocr_line' id='line_1_69' title="bbox 2174 4214 3875 4286; baseline 0.002 -19"><span class='ocrx_word' id='word_1_473' title='bbox 2174 4214 2419 4267; x_wconf 89' lang='lat' dir='ltr'><strong>audierit</strong></span> <span class='ocrx_word' id='word_1_474' title='bbox 2461 4214 2859 4268; x_wconf 88' lang='lat' dir='ltr'><strong>annuntianda</strong></span> <span class='ocrx_word' id='word_1_475' title='bbox 2903 4215 3216 4285; x_wconf 66' lang='lat' dir='ltr'><strong>praecipiat,</strong></span> <span class='ocrx_word' id='word_1_476' title='bbox 3254 4216 3484 4270; x_wconf 88' lang='lat' dir='ltr'><strong>dicens:</strong></span> <span class='ocrx_word' id='word_1_477' title='bbox 3534 4238 3562 4267; x_wconf 71' lang='lat' dir='ltr'><strong>u</strong></span> <span class='ocrx_word' id='word_1_478' title='bbox 3593 4217 3875 4286; x_wconf 87' lang='lat' dir='ltr'><strong>Specula-</strong></span> 
     </span>
    </p>
   </div>
   <div class='ocr_carea' id='block_1_70' title="bbox 2174 4302 3876 4359">
    <p class='ocr_par' dir='ltr' id='par_1_70' title="bbox 2174 4302 3876 4359">
     <span class='ocr_line' id='line_1_70' title="bbox 2174 4302 3876 4359; baseline 0.002 -4"><span class='ocrx_word' id='word_1_479' title='bbox 2174 4307 2353 4357; x_wconf 88' lang='lat' dir='ltr'><strong>torem</strong></span> <span class='ocrx_word' id='word_1_480' title='bbox 2390 4308 2444 4357; x_wconf 91' lang='lat' dir='ltr'><strong>te</strong></span> <span class='ocrx_word' id='word_1_481' title='bbox 2491 4303 2623 4357; x_wconf 90' lang='lat' dir='ltr'><strong>dedi</strong></span> <span class='ocrx_word' id='word_1_482' title='bbox 2671 4302 2867 4356; x_wconf 85' lang='lat' dir='ltr'><strong>domui</strong></span> <span class='ocrx_word' id='word_1_483' title='bbox 2916 4304 3124 4357; x_wconf 89' lang='lat' dir='ltr'><strong>Israel:</strong></span> <span class='ocrx_word' id='word_1_484' title='bbox 3168 4310 3223 4357; x_wconf 88' lang='lat' dir='ltr'><strong>et</strong></span> <span class='ocrx_word' id='word_1_485' title='bbox 3251 4304 3446 4358; x_wconf 87' lang='lat' dir='ltr'><strong>audies</strong></span> <span class='ocrx_word' id='word_1_486' title='bbox 3477 4321 3546 4357; x_wconf 79' lang='lat' dir='ltr'><strong>ex</strong></span> <span class='ocrx_word' id='word_1_487' title='bbox 3597 4321 3697 4358; x_wconf 88' lang='lat' dir='ltr'><strong>ore</strong></span> <span class='ocrx_word' id='word_1_488' title='bbox 3742 4322 3876 4359; x_wconf 85' lang='lat' dir='ltr'><strong>meo</strong></span> 
     </span>
    </p>
   </div>
   <div class='ocr_carea' id='block_1_71' title="bbox 2173 4392 3873 4459">
    <p class='ocr_par' dir='ltr' id='par_1_71' title="bbox 2173 4392 3873 4459">
     <span class='ocr_line' id='line_1_71' title="bbox 2173 4392 3873 4459; baseline -0.002 -15"><span class='ocrx_word' id='word_1_489' title='bbox 2173 4392 2431 4459; x_wconf 89' lang='lat' dir='ltr'><strong>verbum,</strong></span> <span class='ocrx_word' id='word_1_490' title='bbox 2477 4397 2534 4446; x_wconf 92' lang='lat' dir='ltr'><strong>et</strong></span> <span class='ocrx_word' id='word_1_491' title='bbox 2576 4392 2943 4446; x_wconf 87' lang='lat' dir='ltr'><strong>annuntiabis</strong></span> <span class='ocrx_word' id='word_1_492' title='bbox 2982 4392 3063 4445; x_wconf 88' lang='lat' dir='ltr'><strong>eis</strong></span> <span class='ocrx_word' id='word_1_493' title='bbox 3094 4409 3161 4445; x_wconf 81' lang='lat' dir='ltr'><strong>ex</strong></span> <span class='ocrx_word' id='word_1_494' title='bbox 3195 4409 3287 4445; x_wconf 89' lang='lat' dir='ltr'><strong>me</strong></span> <span class='ocrx_word' id='word_1_495' title='bbox 3317 4394 3538 4459; x_wconf 78' lang='lat' dir='ltr'><strong>(Ezech.</strong></span> <span class='ocrx_word' id='word_1_496' title='bbox 3570 4410 3650 4459; x_wconf 83' lang='lat' dir='ltr'><strong>in,</strong></span> <span class='ocrx_word' id='word_1_497' title='bbox 3688 4398 3804 4457; x_wconf 70' lang='lat' dir='ltr'><strong>l7);</strong></span> <span class='ocrx_word' id='word_1_498' title='bbox 3846 4418 3873 4441; x_wconf 70' lang='grc' dir='ltr'><strong>ιι</strong></span> 
     </span>
    </p>
   </div>
   <div class='ocr_carea' id='block_1_72' title="bbox 2172 4480 3869 4550">
    <p class='ocr_par' dir='ltr' id='par_1_72' title="bbox 2172 4480 3869 4550">
     <span class='ocr_line' id='line_1_72' title="bbox 2172 4480 3869 4550; baseline 0.001 -17"><span class='ocrx_word' id='word_1_499' title='bbox 2172 4485 2228 4534; x_wconf 88' lang='lat' dir='ltr'><strong>et</strong></span> <span class='ocrx_word' id='word_1_500' title='bbox 2260 4482 2319 4534; x_wconf 93' lang='lat' dir='ltr'><strong>B.</strong></span> <span class='ocrx_word' id='word_1_501' title='bbox 2355 4482 2647 4550; x_wconf 90' lang='lat' dir='ltr'><strong>apostolus</strong></span> <span class='ocrx_word' id='word_1_502' title='bbox 2678 4483 2879 4534; x_wconf 90' lang='lat' dir='ltr'><strong>Petrus</strong></span> <span class='ocrx_word' id='word_1_503' title='bbox 2908 4480 3174 4534; x_wconf 88' lang='lat' dir='ltr'><strong>similiter</strong></span> <span class='ocrx_word' id='word_1_504' title='bbox 3202 4484 3553 4534; x_wconf 87' lang='lat' dir='ltr'><strong>contestetur</strong></span> <span class='ocrx_word' id='word_1_505' title='bbox 3584 4487 3640 4535; x_wconf 87' lang='lat' dir='ltr'><strong>et</strong></span> <span class='ocrx_word' id='word_1_506' title='bbox 3681 4482 3869 4536; x_wconf 86' lang='lat' dir='ltr'><strong>dicat:</strong></span> 
     </span>
    </p>
   </div>
   <div class='ocr_carea' id='block_1_73' title="bbox 2172 4568 3871 4640">
    <p class='ocr_par' dir='ltr' id='par_1_73' title="bbox 2172 4568 3871 4640">
     <span class='ocr_line' id='line_1_73' title="bbox 2172 4568 3871 4640; baseline 0 -17"><span class='ocrx_word' id='word_1_507' title='bbox 2172 4591 2200 4618; x_wconf 91' lang='grc'><strong>‹‹</strong></span> <span class='ocrx_word' id='word_1_508' title='bbox 2221 4569 2276 4623; x_wconf 90' lang='lat' dir='ltr'><strong>Si</strong></span> <span class='ocrx_word' id='word_1_509' title='bbox 2300 4570 2428 4639; x_wconf 85' lang='lat' dir='ltr'><strong>quis</strong></span> <span class='ocrx_word' id='word_1_510' title='bbox 2448 4568 2725 4639; x_wconf 89' lang='lat' dir='ltr'><strong>loquitur,</strong></span> <span class='ocrx_word' id='word_1_511' title='bbox 2749 4569 2913 4640; x_wconf 89' lang='lat' dir='ltr'><strong>quasi</strong></span> <span class='ocrx_word' id='word_1_512' title='bbox 2933 4585 3225 4623; x_wconf 90' lang='lat' dir='ltr'><strong>sermones</strong></span> <span class='ocrx_word' id='word_1_513' title='bbox 3252 4570 3352 4623; x_wconf 91' lang='lat' dir='ltr'><strong>Dei</strong></span> <span class='ocrx_word' id='word_1_514' title='bbox 3372 4571 3415 4638; x_wconf 89' lang='grc' dir='ltr'><strong>(ι</strong></span> <span class='ocrx_word' id='word_1_515' title='bbox 3436 4572 3590 4623; x_wconf 81' lang='lat' dir='ltr'><strong>Petr.</strong></span> <span class='ocrx_word' id='word_1_516' title='bbox 3618 4587 3691 4637; x_wconf 81' lang='lat' dir='ltr'><strong>iv,</strong></span> <span class='ocrx_word' id='word_1_517' title='bbox 3727 4576 3745 4625; x_wconf 81' lang='lat' dir='ltr'><strong>t</strong></span> <span class='ocrx_word' id='word_1_518' title='bbox 3768 4574 3871 4638; x_wconf 60' lang='lat'><strong>1);»</strong></span> 
     </span>
    </p>
   </div>
   <div class='ocr_carea' id='block_1_74' title="bbox 2171 4657 3869 4727">
    <p class='ocr_par' dir='ltr' id='par_1_74' title="bbox 2171 4657 3869 4727">
     <span class='ocr_line' id='line_1_74' title="bbox 2171 4657 3869 4727; baseline -0.001 -15"><span class='ocrx_word' id='word_1_519' title='bbox 2171 4664 2230 4712; x_wconf 91' lang='lat' dir='ltr'><strong>et</strong></span> <span class='ocrx_word' id='word_1_520' title='bbox 2260 4659 2318 4711; x_wconf 88' lang='grc' dir='ltr'><strong>Β.</strong></span> <span class='ocrx_word' id='word_1_521' title='bbox 2356 4659 2564 4712; x_wconf 83' lang='lat' dir='ltr'><strong>Paulus</strong></span> <span class='ocrx_word' id='word_1_522' title='bbox 2607 4657 2854 4727; x_wconf 88' lang='lat' dir='ltr'><strong>idipsum</strong></span> <span class='ocrx_word' id='word_1_523' title='bbox 2899 4657 3206 4710; x_wconf 91' lang='lat' dir='ltr'><strong>admoneat</strong></span> <span class='ocrx_word' id='word_1_524' title='bbox 3235 4663 3291 4710; x_wconf 91' lang='lat' dir='ltr'><strong>et</strong></span> <span class='ocrx_word' id='word_1_525' title='bbox 3338 4657 3586 4711; x_wconf 86' lang='lat' dir='ltr'><strong>inculcet</strong></span> <span class='ocrx_word' id='word_1_526' title='bbox 3632 4657 3869 4711; x_wconf 84' lang='lat' dir='ltr'><strong>dicens:</strong></span> 
     </span>
    </p>
   </div>
   <div class='ocr_carea' id='block_1_75' title="bbox 2171 4745 3867 4816">
    <p class='ocr_par' dir='ltr' id='par_1_75' title="bbox 2171 4745 3867 4816">
     <span class='ocr_line' id='line_1_75' title="bbox 2171 4745 3867 4816; baseline 0.002 -21"><span class='ocrx_word' id='word_1_527' title='bbox 2171 4768 2198 4795; x_wconf 88' lang='grc'><strong>‹‹</strong></span> <span class='ocrx_word' id='word_1_528' title='bbox 2241 4746 2520 4800; x_wconf 91' lang='lat' dir='ltr'><strong>Doctrinis</strong></span> <span class='ocrx_word' id='word_1_529' title='bbox 2552 4746 2742 4811; x_wconf 88' lang='lat' dir='ltr'><strong>variis,</strong></span> <span class='ocrx_word' id='word_1_530' title='bbox 2790 4752 2847 4799; x_wconf 91' lang='lat' dir='ltr'><strong>et</strong></span> <span class='ocrx_word' id='word_1_531' title='bbox 2877 4745 3197 4816; x_wconf 88' lang='lat' dir='ltr'><strong>peregrinis</strong></span> <span class='ocrx_word' id='word_1_532' title='bbox 3240 4746 3417 4799; x_wconf 85' lang='lat' dir='ltr'><strong>nolite</strong></span> <span class='ocrx_word' id='word_1_533' title='bbox 3454 4746 3663 4799; x_wconf 90' lang='lat' dir='ltr'><strong>abduci</strong></span> <span class='ocrx_word' id='word_1_534' title='bbox 3695 4746 3867 4815; x_wconf 78' lang='lat' dir='ltr'><strong>(Heb.</strong></span> 
     </span>
    </p>
   </div>
   <div class='ocr_carea' id='block_1_76' title="bbox 2170 4833 3871 4904">
    <p class='ocr_par' dir='ltr' id='par_1_76' title="bbox 2170 4833 3871 4904">
     <span class='ocr_line' id='line_1_76' title="bbox 2170 4833 3871 4904; baseline 0 -17"><span class='ocrx_word' id='word_1_535' title='bbox 2170 4851 2286 4901; x_wconf 84' lang='lat' dir='ltr'><strong>xui,</strong></span> <span class='ocrx_word' id='word_1_536' title='bbox 2342 4834 2415 4904; x_wconf 88' lang='lat'><strong>9).</strong></span> <span class='ocrx_word' id='word_1_537' title='bbox 2469 4854 2495 4885; x_wconf 85' lang='grc'><strong>››</strong></span> <span class='ocrx_word' id='word_1_538' title='bbox 2551 4834 2885 4904; x_wconf 86' lang='lat' dir='ltr'><strong>Hujusmodi</strong></span> <span class='ocrx_word' id='word_1_539' title='bbox 2941 4834 3093 4886; x_wconf 91' lang='lat' dir='ltr'><strong>enim</strong></span> <span class='ocrx_word' id='word_1_540' title='bbox 3145 4833 3417 4887; x_wconf 83' lang='lat' dir='ltr'><strong>doctrinae</strong></span> <span class='ocrx_word' id='word_1_541' title='bbox 3475 4834 3643 4886; x_wconf 64' lang='lat' dir='ltr'><strong>variae</strong></span> <span class='ocrx_word' id='word_1_542' title='bbox 3694 4839 3871 4904; x_wconf 86' lang='lat' dir='ltr'><strong>atque</strong></span> 
     </span>
    </p>
   </div>
   <div class='ocr_carea' id='block_1_77' title="bbox 2170 4921 3869 4993">
    <p class='ocr_par' dir='ltr' id='par_1_77' title="bbox 2170 4921 3869 4993">
     <span class='ocr_line' id='line_1_77' title="bbox 2170 4921 3869 4993; baseline 0 -18"><span class='ocrx_word' id='word_1_543' title='bbox 2170 4923 2514 4993; x_wconf 66' lang='lat' dir='ltr'><strong>peregrinas,</strong></span> <span class='ocrx_word' id='word_1_544' title='bbox 2564 4925 2622 4976; x_wconf 91' lang='lat' dir='ltr'><strong>in</strong></span> <span class='ocrx_word' id='word_1_545' title='bbox 2671 4923 2879 4992; x_wconf 89' lang='lat' dir='ltr'><strong>quibus</strong></span> <span class='ocrx_word' id='word_1_546' title='bbox 2929 4937 3045 4975; x_wconf 93' lang='lat' dir='ltr'><strong>non</strong></span> <span class='ocrx_word' id='word_1_547' title='bbox 3095 4928 3179 4975; x_wconf 88' lang='lat' dir='ltr'><strong>est</strong></span> <span class='ocrx_word' id='word_1_548' title='bbox 3223 4922 3413 4974; x_wconf 85' lang='lat' dir='ltr'><strong>unitas</strong></span> <span class='ocrx_word' id='word_1_549' title='bbox 3452 4921 3733 4987; x_wconf 82' lang='lat' dir='ltr'><strong>veritatis,</strong></span> <span class='ocrx_word' id='word_1_550' title='bbox 3768 4924 3869 4976; x_wconf 89' lang='lat' dir='ltr'><strong>sed</strong></span> 
     </span>
    </p>
   </div>
   <div class='ocr_carea' id='block_1_78' title="bbox 2170 5010 3873 5080">
    <p class='ocr_par' dir='ltr' id='par_1_78' title="bbox 2170 5010 3873 5080">
     <span class='ocr_line' id='line_1_78' title="bbox 2170 5010 3873 5080; baseline 0 -16"><span class='ocrx_word' id='word_1_551' title='bbox 2170 5011 2519 5065; x_wconf 87' lang='lat' dir='ltr'><strong>introductio</strong></span> <span class='ocrx_word' id='word_1_552' title='bbox 2569 5010 2778 5065; x_wconf 89' lang='lat' dir='ltr'><strong>diversi</strong></span> <span class='ocrx_word' id='word_1_553' title='bbox 2825 5016 2882 5063; x_wconf 89' lang='lat' dir='ltr'><strong>et</strong></span> <span class='ocrx_word' id='word_1_554' title='bbox 2925 5010 3153 5080; x_wconf 86' lang='lat' dir='ltr'><strong>profani</strong></span> <span class='ocrx_word' id='word_1_555' title='bbox 3185 5010 3417 5073; x_wconf 87' lang='lat' dir='ltr'><strong>erroris,</strong></span> <span class='ocrx_word' id='word_1_556' title='bbox 3464 5010 3873 5079; x_wconf 84' lang='lat' dir='ltr'><strong>signiﬁcantur</strong></span> 
     </span>
    </p>
   </div>
   <div class='ocr_carea' id='block_1_79' title="bbox 2170 5098 3868 5170">
    <p class='ocr_par' dir='ltr' id='par_1_79' title="bbox 2170 5098 3868 5170">
     <span class='ocr_line' id='line_1_79' title="bbox 2170 5098 3868 5170; baseline 0 -18"><span class='ocrx_word' id='word_1_557' title='bbox 2170 5099 2231 5152; x_wconf 91' lang='lat' dir='ltr'><strong>in</strong></span> <span class='ocrx_word' id='word_1_558' title='bbox 2263 5102 2386 5169; x_wconf 87' lang='lat' dir='ltr'><strong>lege</strong></span> <span class='ocrx_word' id='word_1_559' title='bbox 2431 5099 2607 5170; x_wconf 84' lang='lat' dir='ltr'><strong>Moysi</strong></span> <span class='ocrx_word' id='word_1_560' title='bbox 2650 5116 2752 5169; x_wconf 91' lang='lat' dir='ltr'><strong>per</strong></span> <span class='ocrx_word' id='word_1_561' title='bbox 2794 5099 2949 5153; x_wconf 90' lang='lat' dir='ltr'><strong>varia</strong></span> <span class='ocrx_word' id='word_1_562' title='bbox 2995 5115 3207 5169; x_wconf 90' lang='lat' dir='ltr'><strong>genera</strong></span> <span class='ocrx_word' id='word_1_563' title='bbox 3236 5098 3551 5167; x_wconf 87' lang='lat' dir='ltr'><strong>leprarum,</strong></span> <span class='ocrx_word' id='word_1_564' title='bbox 3587 5116 3716 5169; x_wconf 67' lang='lat' dir='ltr'><strong>quae.</strong></span> <span class='ocrx_word' id='word_1_565' title='bbox 3750 5116 3868 5153; x_wconf 91' lang='lat' dir='ltr'><strong>non</strong></span> 
     </span>
    </p>
   </div>
   <div class='ocr_carea' id='block_1_80' title="bbox 2170 5187 3870 5257">
    <p class='ocr_par' dir='ltr' id='par_1_80' title="bbox 2170 5187 3870 5257">
     <span class='ocr_line' id='line_1_80' title="bbox 2170 5187 3870 5257; baseline 0 -16"><span class='ocrx_word' id='word_1_566' title='bbox 2170 5189 2351 5242; x_wconf 89' lang='lat' dir='ltr'><strong>solum</strong></span> <span class='ocrx_word' id='word_1_567' title='bbox 2404 5192 2634 5241; x_wconf 63' lang='lat' dir='ltr'><strong>caeteras</strong></span> <span class='ocrx_word' id='word_1_568' title='bbox 2693 5187 2949 5257; x_wconf 89' lang='lat' dir='ltr'><strong>corporis</strong></span> <span class='ocrx_word' id='word_1_569' title='bbox 2992 5192 3184 5256; x_wconf 89' lang='lat' dir='ltr'><strong>partes</strong></span> <span class='ocrx_word' id='word_1_570' title='bbox 3240 5187 3642 5240; x_wconf 88' lang='lat' dir='ltr'><strong>contaminant</strong></span> <span class='ocrx_word' id='word_1_571' title='bbox 3692 5193 3870 5257; x_wconf 86' lang='lat' dir='ltr'><strong>atque</strong></span> 
     </span>
    </p>
   </div>
   <div class='ocr_carea' id='block_1_81' title="bbox 2170 5275 3865 5346">
    <p class='ocr_par' dir='ltr' id='par_1_81' title="bbox 2170 5275 3865 5346">
     <span class='ocr_line' id='line_1_81' title="bbox 2170 5275 3865 5346; baseline -0.001 -16"><span class='ocrx_word' id='word_1_572' title='bbox 2170 5282 2566 5346; x_wconf 85' lang='lat' dir='ltr'><strong>corrumpunt,</strong></span> <span class='ocrx_word' id='word_1_573' title='bbox 2605 5275 2700 5329; x_wconf 92' lang='lat' dir='ltr'><strong>sed</strong></span> <span class='ocrx_word' id='word_1_574' title='bbox 2732 5275 2899 5329; x_wconf 90' lang='lat' dir='ltr'><strong>etiam</strong></span> <span class='ocrx_word' id='word_1_575' title='bbox 2925 5275 2987 5328; x_wconf 89' lang='lat' dir='ltr'><strong>in</strong></span> <span class='ocrx_word' id='word_1_576' title='bbox 3018 5276 3203 5346; x_wconf 89' lang='lat' dir='ltr'><strong>capite</strong></span> <span class='ocrx_word' id='word_1_577' title='bbox 3234 5282 3291 5329; x_wconf 88' lang='lat' dir='ltr'><strong>et</strong></span> <span class='ocrx_word' id='word_1_578' title='bbox 3314 5276 3489 5330; x_wconf 83' lang='lat' dir='ltr'><strong>barba</strong></span> <span class='ocrx_word' id='word_1_579' title='bbox 3512 5276 3865 5345; x_wconf 83' lang='lat' dir='ltr'><strong>germinant,</strong></span> 
     </span>
    </p>
   </div>
   <div class='ocr_carea' id='block_1_82' title="bbox 2170 5363 3869 5434">
    <p class='ocr_par' dir='ltr' id='par_1_82' title="bbox 2170 5363 3869 5434">
     <span class='ocr_line' id='line_1_82' title="bbox 2170 5363 3869 5434; baseline 0 -16"><span class='ocrx_word' id='word_1_580' title='bbox 2170 5381 2297 5418; x_wconf 89' lang='lat' dir='ltr'><strong>cum</strong></span> <span class='ocrx_word' id='word_1_581' title='bbox 2330 5365 2417 5417; x_wconf 88' lang='lat' dir='ltr'><strong>vel</strong></span> <span class='ocrx_word' id='word_1_582' title='bbox 2449 5365 2516 5417; x_wconf 92' lang='lat' dir='ltr'><strong>de</strong></span> <span class='ocrx_word' id='word_1_583' title='bbox 2566 5364 2690 5434; x_wconf 84' lang='lat' dir='ltr'><strong>ipso</strong></span> <span class='ocrx_word' id='word_1_584' title='bbox 2722 5363 2961 5417; x_wconf 89' lang='lat' dir='ltr'><strong>Domino</strong></span> <span class='ocrx_word' id='word_1_585' title='bbox 3005 5365 3137 5418; x_wconf 87' lang='lat' dir='ltr'><strong>Jesu</strong></span> <span class='ocrx_word' id='word_1_586' title='bbox 3179 5363 3422 5427; x_wconf 88' lang='lat' dir='ltr'><strong>Christo,</strong></span> <span class='ocrx_word' id='word_1_587' title='bbox 3472 5365 3559 5417; x_wconf 88' lang='lat' dir='ltr'><strong>vel</strong></span> <span class='ocrx_word' id='word_1_588' title='bbox 3612 5365 3683 5418; x_wconf 90' lang='lat' dir='ltr'><strong>de</strong></span> <span class='ocrx_word' id='word_1_589' title='bbox 3725 5366 3869 5418; x_wconf 83' lang='lat' dir='ltr'><strong>viris</strong></span> 
     </span>
    </p>
   </div>
   <div class='ocr_carea' id='block_1_83' title="bbox 2166 5451 3868 5523">
    <p class='ocr_par' dir='ltr' id='par_1_83' title="bbox 2166 5451 3868 5523">
     <span class='ocr_line' id='line_1_83' title="bbox 2166 5451 3868 5523; baseline -0.001 -17"><span class='ocrx_word' id='word_1_590' title='bbox 2166 5452 2493 5523; x_wconf 88' lang='lat' dir='ltr'><strong>apostolicis</strong></span> <span class='ocrx_word' id='word_1_591' title='bbox 2548 5458 2715 5522; x_wconf 87' lang='lat' dir='ltr'><strong>atque</strong></span> <span class='ocrx_word' id='word_1_592' title='bbox 2765 5451 3181 5516; x_wconf 89' lang='lat' dir='ltr'><strong>ecclesiasticis,</strong></span> <span class='ocrx_word' id='word_1_593' title='bbox 3224 5452 3327 5521; x_wconf 83' lang='lat' dir='ltr'><strong>qui</strong></span> <span class='ocrx_word' id='word_1_594' title='bbox 3368 5452 3420 5505; x_wconf 92' lang='lat' dir='ltr'><strong>ei</strong></span> <span class='ocrx_word' id='word_1_595' title='bbox 3466 5452 3868 5521; x_wconf 86' lang='lat' dir='ltr'><strong>principaliter</strong></span> 
     </span>
    </p>
   </div>
   <div class='ocr_carea' id='block_1_84' title="bbox 368 5535 3865 5610">
    <p class='ocr_par' dir='ltr' id='par_1_84' title="bbox 368 5535 3865 5610">
     <span class='ocr_line' id='line_1_84' title="bbox 368 5535 3865 5610; baseline 0.003 -26"><span class='ocrx_word' id='word_1_596' title='bbox 368 5550 497 5601; x_wconf 69' lang='lat' dir='ltr'><strong>qua:</strong></span> <span class='ocrx_word' id='word_1_597' title='bbox 548 5535 903 5603; x_wconf 85' lang='lat' dir='ltr'><strong>apertissime</strong></span> <span class='ocrx_word' id='word_1_598' title='bbox 947 5538 1230 5591; x_wconf 86' lang='lat' dir='ltr'><strong>contraria</strong></span> <span class='ocrx_word' id='word_1_599' title='bbox 1273 5545 1406 5593; x_wconf 89' lang='lat' dir='ltr'><strong>sunt</strong></span> <span class='ocrx_word' id='word_1_600' title='bbox 1454 5540 1663 5595; x_wconf 67' lang='lat' dir='ltr'><strong>divina:</strong></span> <span class='ocrx_word' id='word_1_601' title='bbox 1711 5542 1956 5610; x_wconf 90' lang='lat' dir='ltr'><strong>veritati,</strong></span> <span class='ocrx_word' id='word_1_602' title='bbox 2006 5550 2063 5596; x_wconf 82' lang='lat' dir='ltr'><strong>et</strong></span> <span class='ocrx_word' id='word_1_603' title='bbox 2163 5542 2453 5596; x_wconf 69' lang='lat' dir='ltr'><strong>adhaerent</strong></span> <span class='ocrx_word' id='word_1_604' title='bbox 2500 5546 2555 5594; x_wconf 90' lang='lat' dir='ltr'><strong>et</strong></span> <span class='ocrx_word' id='word_1_605' title='bbox 2611 5541 2814 5595; x_wconf 85' lang='lat' dir='ltr'><strong>faciem</strong></span> <span class='ocrx_word' id='word_1_606' title='bbox 2854 5541 2978 5609; x_wconf 87' lang='lat' dir='ltr'><strong>ejus</strong></span> <span class='ocrx_word' id='word_1_607' title='bbox 3026 5544 3257 5603; x_wconf 84' lang='lat' dir='ltr'><strong>ornant,</strong></span> <span class='ocrx_word' id='word_1_608' title='bbox 3293 5539 3597 5609; x_wconf 87' lang='lat' dir='ltr'><strong>indignum</strong></span> <span class='ocrx_word' id='word_1_609' title='bbox 3640 5540 3865 5610; x_wconf 86' lang='lat' dir='ltr'><strong>aliquid</strong></span> 
     </span>
    </p>
   </div>
  </div>
