4096 6186
163 322 292 374 108Ξὶ

1258 322 1346 376 DE
1384 324 1709 378 TENENDA
1750 324 2159 379 SCRIPTURA“.
2197 322 2571 377 VERITATE.

3522 324 3655 377 l086

156 453 421 507 sentitur.
460 450 768 514 Quoniam,
814 451 961 504 sicut
1004 452 1309 521 Apostolus
1340 454 1538 507 docet:
1575 476 1592 501 ε
1650 455 1848 509 Omnis
1884 456 1930 507 A
1962 452 2268 507 destinavit
2298 457 2592 506 aeternam.
2645 453 2893 506 Caeteros
2931 457 3144 515 autem,
3181 467 3325 521 quos
3349 453 3572 522 justitia
3594 458 3658 508 et

156 542 260 593 viri
292 544 463 609 caput
490 539 747 593 Christus
780 544 864 591 est
892 541 935 603 (Ι
965 541 1082 594 Cor.
1108 556 1184 605 χι,
1225 540 1340 609 13);
1377 562 1396 587 ι
1434 546 1489 594 et
1511 542 1674 610 juxta
1702 543 1849 595 Psal-

157 629 345 681 mistae
379 644 594 692 vocem,
627 634 983 695 unguentum
1014 628 1070 680 in
1114 629 1297 697 capite
1331 629 1581 698 primum
1617 630 1851 683 descen-

156 718 239 771 dit
271 716 330 769 in
371 716 627 782 barbam,
664 715 899 768 barbam
933 720 1145 781 Aaron,
1181 722 1237 769 et
1269 717 1559 771 descendit
1590 718 1760 772 etiam
1791 719 1851 771 in

156 823 255 861 ora
286 804 609 859 vestimenti
638 805 758 871 ejus
782 804 946 873 (Psal.
980 820 1183 869 cxxxu,
1216 806 1269 869 2,
1299 805 1370 872 3).

223 895 589 963 Quapropter
621 892 777 945 omni
810 892 998 944 studio
1043 897 1100 944 et
1148 892 1442 962 vigilantia
1497 892 1726 961 pietatis
1770 910 1855 947 ca-

156 982 338 1034 venda
382 986 465 1033 est
503 979 871 1033 immunditia
903 979 1131 1045 erroris,
1177 984 1232 1032 et
1276 979 1573 1034 humiliter
1620 998 1684 1033 ac
1714 982 1855 1035 iide-

156 1071 288 1123 liter
334 1068 850 1137 obtemperaudum
899 1068 1167 1137 Apostolo
1217 1068 1322 1121 sub
1372 1086 1612 1138 persona
1665 1070 1852 1123 Timo-

158 1158 277 1210 thei
324 1158 393 1209 ad
439 1172 914 1226 unumquemque
965 1161 1246 1210 rectorem
1298 1158 1555 1210 Ecclesiae
1605 1158 1851 1212 dicenti:

163 1270 179 1295 ι
217 1248 263 1301 Ο
288 1246 610 1311 Timotheo,
644 1246 967 1315 depositum
1017 1245 1259 1309 custodi,
1301 1246 1559 1299 devitans
1591 1246 1854 1315 profanas

157 1352 360 1388 vocum
397 1334 674 1387 novitates
706 1339 760 1386 et
791 1333 1187 1403 oppositiones
1218 1334 1347 1387 falsi
1392 1334 1642 1387 nominis
1672 1335 1853 1389 scien-

157 1424 249 1476 tia:
276 1440 289 1488 ;
316 1439 492 1492 quam
527 1422 759 1491 quidam
791 1422 1191 1490 promittentes
1230 1422 1379 1475 circa
1409 1423 1578 1475 ﬁdem
1624 1422 1853 1477 excide-

155 1517 291 1565 runt
321 1514 493 1577 (Tim.
532 1527 602 1575 vx,
644 1513 734 1575 ‘20,
765 1513 872 1576 21;.
916 1532 935 1557 ι
972 1510 1261 1565 Habemus
1298 1527 1546 1580 namque
1580 1526 1853 1580 magnum

156 1602 471 1671 depositum
498 1599 652 1663 fidei,
686 1604 740 1651 et
771 1599 1046 1652 doctrina:
1092 1598 1344 1651 veritatis
1376 1616 1439 1651 ex
1474 1599 1679 1651 divinis
1712 1599 1853 1653 Scri-

156 1688 343 1759 pturis
373 1692 431 1741 et
468 1693 793 1740 sanctorum
842 1688 1075 1741 Patrum
1108 1688 1293 1751 dictis,
1338 1688 1493 1741 velut
1540 1687 1851 1758 pretiosum

157 1774 539 1844 multiplicem
571 1774 902 1826 thesaurum
949 1774 1220 1827 divinitus
1250 1775 1412 1828 nobis
1442 1775 1510 1828 ad
1541 1776 1852 1829 custodiam

155 1863 673 1917 commendatum:
727 1878 900 1932 quem
939 1863 1061 1915 sine
1112 1862 1537 1917 intermissione
1588 1863 1848 1929 Domino,

156 1953 492 2015 auxiliante,
528 1951 805 2004 debemus
835 1950 1137 2020 inspicere,
1171 1958 1483 2022 extergere,
1530 1953 1733 2021 polire,
1764 1957 1853 2005 at—

155 2058 264 2111 que
297 2045 586 2103 excutere,
622 2055 684 2091 ac
717 2039 1153 2108 diligentissime
1188 2057 1432 2105 servare,
1470 2057 1538 2093 ne
1562 2057 1664 2110 per
1692 2040 1850 2093 incu-

155 2133 298 2183 riam
344 2133 400 2181 et
432 2127 718 2194 ignaviam
751 2134 1005 2181 nostram
1037 2133 1134 2182 aut
1164 2130 1395 2197 pulvere
1418 2130 1723 2195 sordescat,
1752 2134 1853 2182 aut

153 2217 416 2286 aerugine
452 2216 539 2269 vel
580 2215 748 2268 tineis
788 2216 1146 2279 demoliatur,
1179 2222 1277 2270 aut
1321 2218 1701 2285 malignorum
1736 2216 1849 2286 spi-

156 2306 381 2358 rituum
415 2303 657 2369 insidiis,
692 2304 778 2356 vel
810 2320 843 2357 a
877 2304 1193 2372 nocturnis,
1239 2309 1295 2357 et
1348 2304 1581 2357 occultis
1628 2304 1851 2357 furibus

157 2393 471 2447 etfodiatur
500 2408 563 2445 ac
594 2392 897 2461 diripiatur
937 2394 1130 2461 (Marc.
1179 2408 1253 2444 vr.
1294 2394 1397 2462 19).
1433 2392 1578 2455 Quia
1604 2398 1653 2445 et
1688 2392 1853 2446 Sesac

153 2501 249 2537 rex
284 2481 535 2553 zEgypti,
590 2497 693 2550 per
737 2497 905 2551 quem
955 2480 1307 2551 signiﬁcatur
1358 2481 1624 2550 princeps
1680 2481 1851 2550 hujus

158 2571 388 2637 mundi,
457 2570 962 2623 armamentarium
1030 2569 1149 2623 veri
1215 2569 1537 2622 Salomonis
1605 2570 1851 2639 spoliare

158 2661 391 2731 quaerit.
428 2660 493 2712 Et
549 2663 799 2711 trecenta
858 2662 1012 2710 scuta
1066 2673 1238 2711 aurea
1300 2662 1619 2726 exportans,
1678 2657 1735 2710 id
1768 2661 1851 2710 est

158 2766 310 2803 verae
345 2754 401 2801 et
434 2762 605 2800 mene
628 2746 759 2799 ﬁdei
780 2744 1114 2815 mysterium
1137 2746 1207 2798 de
1238 2746 1404 2799 corde
1437 2746 1850 2815 negligentiam

155 2838 462 2907 diripiens,
503 2852 607 2904 pro
659 2834 845 2887 aureis
900 2849 1048 2886 mrea
1076 2832 1343 2893 fabricari
1400 2834 1692 2903 compellit
1748 2835 1855 2900 (111

153 2930 282 2993 Reg.
316 2942 427 2991 xiv,
464 2927 550 2989 '26,
583 2925 692 2989 27),
726 2930 787 2976 ut
816 2922 983 2976 faciat
1027 2938 1152 2989 nos,
1184 2922 1335 2993 quod
1369 2923 1537 2987 absit,
1572 2944 1597 2969 ‹‹
1632 2923 1848 2976 haben-

154 3022 237 3069 tes
291 3012 541 3083 speciem
596 3011 827 3081 quidem
878 3011 1127 3081 pietatis,
1176 3010 1443 3064 virtutem
1487 3015 1677 3064 autem
1725 3010 1849 3079 ejus
1890 3039 1930 3093 ρ

150 3097 505 3168 abnegantes
537 3120 563 3145 ››
595 3098 669 3167 (ιι
702 3100 838 3152 Tim.
872 3115 953 3165 ιιι,
1000 3098 1070 3167 5).

832 3222 1057 3276 CAPUT
1096 3221 1167 3276 II.

150 3347 215 3398 In
244 3344 484 3399 medium
522 3346 869 3399 adducuntur
907 3350 1141 3469 quatqor
1188 3347 1545 3399 conventiculi
1581 3347 1851 3402 Caris-iaci

870 3420 1054 3469 canitu
1079 3432 1132 3469 α.

870 3432 1132 3485 capitula.

228 3542 365 3594 Haec
392 3541 599 3595 idcirco
632 3541 891 3609 dicimus,
943 3541 1079 3612 quia
1111 3540 1372 3610 pervenit
1418 3540 1488 3594 ad
1526 3556 1651 3609 nos,
1683 3542 1736 3595 id
1770 3545 1853 3595 est

152 3631 456 3683 Ecclesium
522 3630 953 3698 Lugdunensem,
1028 3629 1278 3698 quaedam
1343 3629 1606 3683 schedula
1666 3630 1851 3684 studio

151 3717 443 3784 fidelium,
477 3723 533 3771 et
554 3718 832 3771 bonorum
861 3718 1139 3784 virorum,
1169 3718 1267 3788 qui
1296 3722 1353 3771 et
1382 3734 1499 3771 sure.
1531 3722 1586 3770 et
1606 3718 1848 3771 aliorum

154 3808 364 3859 salutis
394 3806 591 3860 devote
621 3823 683 3859 ac
725 3807 1087 3861 laudabiliter
1142 3806 1587 3860 sollicitudinem
1622 3811 1851 3876 gerunt,

154 3897 215 3949 in
239 3899 498 3949 nostram
528 3894 794 3949 notitiam
824 3897 1063 3965 perlata,
1107 3900 1279 3965 atque
1309 3899 1373 3948 ut
1403 3896 1469 3949 ad
1501 3910 1627 3948 eam
1658 3894 1853 3948 sedulo

156 3984 511 4054 respondere
533 3984 870 4037 deberemus
897 3984 1169 4038 attentius
1202 3983 1617 4038 commendata.
1648 3984 1708 4036 In
1742 3999 1854 4053 qua

152 4074 362 4127 insunt
388 4075 633 4142 quatuor
660 4070 909 4140 capitula
952 4071 1199 4124 maxime
1249 4086 1522 4123 novarum
1563 4070 1855 4123 deﬁnitio-

152 4178 303 4216 num
357 4176 566 4230 nuper,
612 4164 671 4212 ut
722 4160 1127 4229 comperimus,
1186 4159 1244 4211 in
1313 4159 1557 4229 quodam
1614 4160 1855 4212 fratrum

155 4253 497 4304 uestrorum
545 4249 948 4318 episcoporum
996 4252 1277 4300 conventu
1324 4252 1584 4311 tractata,
1635 4248 1856 4316 digesta

1954 542 2169 611 judicio
2204 541 2262 594 in
2313 557 2497 593 massa
2527 539 2867 610 perditionis
2900 540 3151 608 reliquit,
3187 540 3476 609 perituros
3508 560 3654 612 pra:-

1960 629 2140 695 scivit,
2200 629 2295 681 sed
2362 645 2475 681 non
2528 634 2589 680 ut
2638 628 2888 697 perirent
2950 628 3380 697 praedestinavit
3423 647 3650 699 pceuam

1961 722 2151 770 autem
2182 718 2311 781 illis,
2347 716 2480 787 quia
2505 716 2691 785 justus
2738 722 2838 781 est,
2886 717 3311 786 prmdestinavit
3341 722 3651 785 aeternam;

1963 822 2024 858 ac
2056 822 2158 875 per
2188 806 2294 859 hoc
2326 821 2499 858 unam
2527 805 2624 857 Dei
2656 804 3218 873 praedestinationem
3251 809 3652 861 tantummodo

1963 895 2223 954 dicimus,
2260 910 2389 963 quae
2421 894 2490 945 ad
2524 894 2737 946 donum
2762 893 3011 961 pertinet
3032 893 3251 961 gratiae,
3283 900 3379 947 aut
3408 894 3651 947 retribu-

1963 983 2179 1036 tionem
2210 982 2463 1051 justitim.
2506 1003 2525 1027 ι

2035 1074 2159 1125 CAP.
2194 1073 2257 1124 ll.
2324 1093 2349 1118 (ι
2412 1070 2752 1123 Libertatem
2808 1069 3032 1122 arbitrii
3071 1069 3128 1121 in
3186 1070 3369 1139 primo
3420 1069 3652 1123 homine

1963 1160 2339 1230 perdidimus,
2374 1175 2545 1228 quam
2582 1174 2683 1228 per
2713 1158 2999 1211 Christum
3052 1159 3359 1211 Dominum
3392 1165 3649 1211 nostrum

1960 1250 2303 1317 recepimus,
2354 1254 2409 1300 et
2459 1248 2738 1300 habemus
2785 1248 3027 1300 liberum
3084 1246 3381 1300 arbitrium
3432 1247 3500 1300 ad
3549 1247 3651 1299 bo-

1962 1354 2122 1401 num,
2170 1341 2527 1406 praeventum
2557 1336 2650 1404 jet
2698 1335 2952 1405 adjutum
3006 1336 3226 1401 gratia;
3279 1341 3335 1389 et
3380 1336 3655 1388 habemus

1961 1427 2208 1480 liberum
2258 1424 2558 1477 arbitrium
2611 1424 2678 1477 ad
2726 1426 2942 1477 malum
2996 1426 3285 1477 desertum
3334 1423 3555 1492 gratia;
3590 1422 3653 1475 li-

1960 1515 2161 1568 herum
2195 1517 2386 1565 autem
2420 1513 2698 1565 habemus
2751 1513 3077 1578 arbitrium,
3124 1513 3257 1581 quia
3301 1512 3484 1582 gratia
3514 1511 3655 1565 libe-

1962 1608 2150 1655 ratum
2182 1606 2239 1653 et
2268 1602 2451 1670 gratia
2478 1602 2546 1653 de
2573 1605 2843 1669 corrupto
2876 1605 3158 1653 sanatum.
3188 1620 3213 1650 υ

2034 1691 2159 1745 CAP.
2193 1690 2289 1743 Ill.
2326 1711 2344 1735 ι
2402 1691 2549 1743 Deus
2597 1690 2962 1758 omnipotens
3014 1710 3039 1737 (ι
3091 1705 3287 1741 omnes
3335 1686 3652 1740 homines»

1964 1779 2086 1832 sine
2126 1778 2458 1848 exceptione
2490 1797 2517 1828 (ι
2568 1778 2685 1831 vult
2733 1778 2914 1830 salvos
2954 1776 3076 1829 fieri
3126 1779 3173 1841 (Ι
3221 1777 3359 1829 Tim.
3404 1793 3461 1841 ιι,
3513 1777 3592 1843 4),
3626 1793 3653 1825 ››

1961 1866 2095 1920 licet
2147 1883 2263 1920 non
2319 1882 2521 1919 omnes
2574 1867 2901 1931 salventur;
2958 1865 3107 1934 quod
3168 1869 3357 1916 autem
3419 1863 3653 1932 quidam

1962 1956 2270 2017 salvantur,
2308 1954 2576 2007 salvantis
2607 1958 2693 2008 est
2723 1954 2933 2007 donum
2966 1974 2979 2018 ;
3010 1952 3160 2022 quod
3202 1958 3392 2005 autem
3418 1950 3652 2021 quidam

1962 2048 2223 2113 pereunt,
2254 2042 2621 2112 pereuntium
2651 2046 2735 2095 est
2766 2043 3053 2094 meritum.
3093 2062 3118 2089 »

2033 2134 2158 2186 CAP.
2198 2132 2284 2185 IV.
2338 2152 2364 2179 ι(
2413 2131 2669 2186 Christus
2714 2132 2876 2184 Jesus
2929 2128 3203 2182 Dominus
3254 2132 3463 2193 noster,
3510 2126 3655 2180 sicut

1961 2221 2153 2273 nullus
2201 2220 2371 2273 homo
2418 2224 2522 2285 est,
2573 2218 2682 2272 fuit
2724 2219 2810 2271 vel
2857 2220 2963 2271 erit
3001 2217 3161 2286 cujus
3210 2220 3413 2267 natura
3460 2214 3517 2265 in
3556 2212 3653 2264 illo

1960 2312 2257 2377 assumpta
2299 2324 2414 2361 non
2468 2307 2682 2361 fuerit:
2735 2306 2815 2359 ita
2866 2304 3056 2359 nullus
3099 2309 3202 2371 est,
3258 2304 3365 2357 fuit
3413 2304 3493 2354 vel
3544 2299 3654 2353 erit

1959 2396 2132 2450 homo
2162 2412 2267 2466 pro
2318 2412 2433 2466 quo
2475 2411 2676 2465 passus
2718 2411 2831 2447 non
2870 2394 3061 2459 fuerit,
3117 2393 3247 2445 licet
3290 2408 3403 2444 non
3451 2405 3653 2443 omnes

1960 2485 2242 2554 passionis
2269 2484 2393 2553 ejus
2414 2483 2685 2554 mysterio
2706 2483 3085 2536 redimantur.
3119 2482 3263 2545 Quia
3290 2496 3421 2533 vero
3454 2493 3654 2531 omnes

1960 2573 2242 2643 passionis
2277 2574 2400 2643 ejus
2429 2573 2704 2643 mysterio
2748 2588 2860 2624 non
2909 2571 3291 2633 redimuntur,
3324 2583 3441 2621 non
3472 2564 3651 2634 respi-

1958 2661 2030 2714 cit
2061 2662 2130 2715 ad
2173 2661 2632 2730 magnitudinem
2664 2665 2716 2713 et
2762 2660 2933 2729 pretii
2976 2658 3393 2727 copiositatem,
3444 2654 3543 2707 sed
3582 2653 3652 2707 ad

1960 2750 2282 2803 inﬁdelium
2319 2755 2376 2803 et
2422 2749 2491 2802 ad
2538 2765 2651 2801 non
2690 2748 3041 2801 credentium
3085 2762 3150 2799 ea
3180 2745 3292 2799 ﬁde
3339 2768 3356 2791 α
3393 2760 3522 2814 qua:
3553 2758 3655 2811 per

1960 2838 2327 2891 dilectionem
2377 2843 2648 2905 operatur
2698 2836 2845 2903 (Gal.
2890 2852 2942 2900 v,
2976 2836 3050 2903 6),
3086 2856 3104 2880 ι
3150 2832 3377 2903 respicit
3406 2836 3649 2900 partem,

1960 2924 2094 2995 quia
2131 2925 2400 2993 poculum
2451 2924 2720 2977 humanm
2771 2924 2966 2975 salutis
3015 2921 3168 2991 quod
3217 2920 3536 2973 confectum
3571 2923 3655 2971 est

1961 3012 2296 3066 inﬁrmitate
2328 3018 2520 3065 nostra
2573 3016 2630 3063 et
2678 3012 2885 3064 virtute
2934 3010 3145 3076 divina,
3199 3009 3371 3062 habet
3418 3006 3651 3076 quidem

1959 3101 2018 3154 in
2050 3118 2132 3169 se,
2163 3106 2229 3154 ut
2273 3100 2543 3154 omnibus
2583 3100 2783 3170 prosit,
2843 3099 2939 3151 sed
2991 3097 3036 3149 si
3086 3113 3202 3150 non
3249 3096 3485 3156 bibitur,
3533 3109 3651 3147 non

1960 3189 2241 3243 medetur.
2273 3210 2300 3237 ››

2034 3280 2160 3331 Hzec
2185 3277 2361 3347 igitur
2380 3292 2510 3330 cum
2536 3276 2891 3345 legissemus,
2920 3298 2939 3321 «
2966 3274 3301 3342 etadjuncto
3327 3271 3488 3324 nobis
3520 3272 3651 3324 Fra-

1961 3371 2112 3419 trum
2149 3371 2491 3428 nostrorum,
2534 3366 2646 3417 Deo
2684 3364 2954 3427 donante,
2997 3362 3141 3415 bene
3191 3358 3565 3426 studentium,
3596 3363 3652 3411 et

1961 3461 2110 3510 recte
2142 3454 2584 3525 intelligentium
2632 3453 2891 3523 collegio,
2939 3452 3035 3522 pia
3064 3457 3118 3505 et
3151 3449 3304 3503 ﬁdeli
3339 3447 3652 3501 attentione

1962 3544 2188 3615 singula
2208 3547 2735 3614 pertractassemus,
2762 3562 2789 3593 ι)
2807 3542 3055 3610 graviter
3076 3539 3319 3610 perculsi
3350 3544 3405 3590 et
3434 3535 3653 3590 confusi

1964 3633 2177 3697 animo,
2210 3632 2454 3684 vidimus
2497 3630 2557 3683 in
2586 3630 2667 3682 eis
2718 3636 2774 3683 et
2816 3630 3122 3698 Scriptura:
3157 3632 3363 3680 sanctas
3406 3624 3653 3678 certissi-

1967 3736 2120 3774 mam
2154 3720 2451 3773 veritatem
2474 3726 2529 3772 et
2553 3719 3016 3772 beatissimorum
3044 3719 3303 3781 Patrum,
3334 3712 3652 3783 praecipue-

1964 3825 2073 3878 que
2114 3807 2294 3861 sancti
2335 3806 2639 3876 Augustini
2689 3806 3083 3870 reverendam,
3129 3809 3186 3856 et
3234 3804 3295 3855 in
3348 3802 3507 3855 omni
3546 3801 3653 3852 Ec-

1964 3897 2133 3951 clesia
2187 3896 2465 3949 catholica
2533 3894 2982 3965 receptissimam
3048 3893 3445 3947 auctoritatem
3506 3904 3652 3942 novo

1964 3989 2171 4037 conatu
2228 3988 2282 4036 et
2336 3999 2479 4037 ausu
2540 3983 2710 4036 nimis
2768 3982 3074 4036 temerario
3145 3977 3520 4050 impugnari?
3576 3980 3650 4041 et,

1964 4078 2243 4144 quantum
2278 4072 2336 4124 in
2387 4071 2527 4141 ipsis
2568 4071 2695 4138 fuit,
2748 4070 3068 4140 improvide
3120 4073 3291 4139 atque
3340 4066 3653 4119 insolenter

1966 4161 2310 4215 labefactari.
2360 4160 2522 4215 Unde
2562 4160 2688 4229 ipsa
2726 4160 2999 4213 charitate
3050 4156 3339 4227 provocati
3389 4158 3444 4208 et
3495 4168 3651 4206 com-

1967 4248 2192 4315 moniti,
2227 4264 2329 4318 per
2371 4264 2541 4318 quam
2574 4270 2593 4294 α
2655 4248 2713 4300 in
2764 4263 2878 4300 uno
2923 4244 3133 4300 Christi
3181 4258 3420 4312 corpore
3455 4255 3654 4293 omnes

151 4344 337 4409 atque
369 4338 703 4406 conscripta,
755 4338 909 4391 velut
946 4336 1016 4390 ad
1050 4336 1541 4406 comprimendam
1573 4340 1627 4388 et
1658 4342 1850 4389 retun-
1893 4334 1936 4387 D
1972 4354 2150 4390 unum
2170 4354 2290 4391 esse
2313 4338 2486 4405 (Rom.
2512 4352 2605 4401 xu,
2630 4336 2703 4404 5).
2729 4335 3025 4399 debemus,
3048 4353 3073 4383 ιι
3101 4337 3163 4386 ut
3184 4333 3327 4385 sicut
3356 4329 3656 4400 Apostolus

154 4426 416 4482 dendam
448 4426 741 4495 cujusdam
774 4425 990 4495 garruli
1021 4428 1077 4478 et
1104 4424 1350 4494 inquieti
1384 4424 1633 4477 hominis
1666 4424 1859 4494 loqua-

152 4516 418 4578 citatem,
460 4513 560 4583 qui
612 4530 905 4579 novarum,
952 4517 1011 4565 ut
1050 4513 1250 4578 fertur,
1308 4512 1694 4581 quaestionum
1738 4512 1855 4565 avi-

152 4604 268 4657 dus
300 4606 359 4655 et
391 4601 847 4671 indisciplinatus
878 4602 1205 4668 ventilator,
1239 4607 1294 4654 et
1319 4601 1445 4655 aliis
1476 4617 1591 4655 non
1622 4616 1856 4670 parvam

154 4689 661 4761 perturbationem
712 4694 767 4742 et
817 4689 921 4743 sibi
987 4689 1093 4759 ipsi
1151 4705 1469 4742 mrumnam
1523 4689 1859 4742 miserrima:

152 4779 344 4833 cladis
378 4778 623 4831 induxit.
661 4779 910 4841 Quorum
958 4777 1342 4846 capitulorum
1376 4777 1571 4842 series,
1605 4777 1748 4830 sicut
1786 4778 1858 4831 ad

155 4886 269 4923 nos
299 4868 520 4937 perlata
551 4872 653 4931 est,
685 4867 765 4920 ita
793 4884 849 4919 se
882 4866 1071 4920 habet.

233 4959 361 5011 CAP.
400 4956 439 5007 Ι.
476 4976 501 5002 ‹‹
534 4956 678 5008 Deus
709 4955 1077 5024 omnipotens
1116 4954 1407 5008 hominem
1459 4954 1578 5007 sine
1631 4958 1860 5023 peccato

153 5050 384 5099 rectum
420 5059 548 5095 cum
582 5044 759 5096 libero
813 5042 1050 5095 arbitrio
1090 5043 1364 5105 condidit,
1407 5048 1463 5095 et
1508 5042 1565 5095 in
1598 5042 1860 5112 paradiso

150 5133 377 5205 posuit,
413 5148 583 5201 quem
617 5132 673 5184 in
708 5132 1002 5184 sanctitate
1032 5131 1270 5201 justitize
1294 5147 1627 5201 permanere
1660 5130 1855 5184 voluit.

154 5225 369 5285 Homo,
402 5220 582 5273 libero
613 5219 851 5273 arbitrio
910 5220 1056 5273 male
1092 5226 1278 5285 utens,
1312 5219 1584 5289 peccavit,
1632 5223 1686 5271 et
1716 5218 1859 5271 ceci-

150 5310 264 5369 dit,
291 5316 349 5361 et
391 5308 569 5360 factus
598 5312 682 5361 est
731 5324 912 5360 massa
962 5306 1298 5377 perditionis
1346 5308 1582 5360 humani
1612 5307 1857 5377 generis.

151 5400 313 5451 Deus
351 5401 542 5449 autem
575 5396 756 5449 bonus
810 5404 863 5451 et
898 5397 1088 5466 justus
1131 5397 1302 5465 elegit
1348 5412 1413 5448 ex
1444 5396 1641 5449 eadem
1680 5411 1862 5447 massa

148 5485 527 5555 perditionis,
553 5484 869 5537 secundum
899 5483 1320 5553 praascientiam
1352 5498 1534 5547 suam,
1571 5498 1715 5551 quos
1760 5498 1862 5551 per

152 5574 413 5645 gratiam
442 5572 874 5643 praedestinavit
902 5573 970 5625 ad
1020 5571 1218 5638 vitam,
1251 5577 1308 5624 et
1350 5570 1524 5624 vitam
1561 5570 1675 5624 illis
1716 5587 1858 5639 pra:-

1967 4426 2122 4492 dicit,
2158 4448 2177 4473 «
2215 4425 2455 4479 invicem
2490 4440 2592 4495 pro
2632 4441 2689 4477 se
2721 4424 2959 4477 sollicita
3004 4424 3117 4475 sint
3148 4421 3426 4485 membra,
3456 4424 3512 4471 et
3542 4417 3656 4470 sive

1966 4514 2250 4583 gloriatur
2301 4528 2481 4566 unum
2537 4512 2861 4565 membrum
2920 4516 2977 4564 et
3022 4511 3421 4581 congaudeant
3464 4506 3658 4561 omnia

1967 4601 2245 4665 membra,
2272 4607 2327 4653 et
2348 4601 2460 4653 sive
2484 4600 2810 4653 inﬁrmatur
2835 4616 3013 4652 unum
3048 4599 3393 4661 membrum,
3426 4611 3655 4663 compa-

1967 4690 2185 4743 tiantur
2246 4688 2436 4742 omnia
2480 4688 2735 4741 membra
2774 4688 2821 4757 (Ι
2867 4689 2989 4743 Cor.
3050 4704 3146 4751 xn,
3198 4690 3284 4753 23,
3324 4689 3407 4751 26)
3446 4703 3460 4748 ;
3500 4704 3518 4729 ι
3553 4682 3657 4733 hac

1967 4780 2225 4849 inquam,
2276 4777 2569 4831 charitatis
2598 4776 2899 4829 affectione
2936 4776 3117 4829 visum
3144 4782 3233 4837 est
3280 4773 3444 4827 nobis
3489 4775 3655 4838 atque

1968 4866 2332 4935 complacuit,
2380 4870 2441 4917 ut
2485 4865 2605 4917 11830
2644 4866 3068 4935 qualiacunque
3118 4868 3268 4925 sunt,
3310 4867 3362 4913 et
3401 4859 3469 4911 ad
3497 4872 3654 4909 com-

1969 4956 2284 5009 motionem
2318 4960 2592 5019 nostrani,
2638 4959 2695 5006 et
2722 4954 2791 5006 ad
2841 4970 3037 5006 eorum
3086 4951 3185 5021 qui
3239 4951 3421 5014 legere
3466 4946 3655 4997 volue-

1970 5044 2082 5096 rint
2116 5042 2553 5096 zediﬁcationem
2581 5046 2633 5093 et
2680 5041 3199 5101 conﬁrmationem,
3250 5034 3657 5105 compendiose

1970 5138 2025 5186 et
2056 5132 2261 5198 lucido,
2296 5136 2468 5200 prout
2498 5130 2776 5185 Dominus
2798 5130 3048 5199 aspirare
3072 5127 3357 5194 dignatur,
3394 5138 3657 5176 sermone

1970 5217 2370 5279 scriberemus,
2436 5216 2713 5286 quidquid
2760 5216 2814 5268 in
2870 5231 2936 5267 eo
2979 5213 3281 5266 dicendum
3336 5210 3659 5279 putavimus

1972 5322 2085 5357 non
2114 5311 2309 5357 nostro
2351 5321 2519 5357 sensu
2562 5310 2660 5357 aut
2692 5301 3155 5373 praesumptione,
3187 5300 3280 5353 sed
3316 5296 3655 5350 manifestis-

1972 5393 2129 5446 simis
2218 5392 2641 5462 Scripturarum
2720 5389 3078 5451 testimoniis,
3157 5393 3213 5441 et
3287 5385 3659 5456 prmfatorum

1972 5487 2295 5539 sanctorum
2346 5483 2575 5534 Patrum
2620 5477 2926 5531 venerabili
2966 5475 3300 5528 auctoritate
3328 5473 3658 5534 ﬁrmantes;

1972 5586 2005 5622 a
2034 5586 2277 5641 quorum
2326 5569 2578 5639 vestigiis
2625 5573 2681 5619 et
2730 5564 2947 5619 unitate
2998 5564 3146 5617 absit
3192 5568 3255 5616 ut
3285 5562 3371 5615 vel
3419 5578 3542 5628 nos,
3576 5561 3661 5613 vel
