4096 6186
462 316 595 368 1087

458 443 543 497 illi
572 459 818 513 quorum
848 442 1124 495 charitate
1175 442 1452 511 compulsi
1497 442 1617 496 hac
1658 443 1914 506 dicimus,
1948 446 2149 499 ullate-
2190 449 2231 501 A

459 549 565 585 nus
596 532 948 596 recedamus,
979 546 1073 596 ne,
1111 531 1180 584 ab
1209 531 1350 600 ipsis
1378 531 1564 600 divisi,
1596 533 1766 586 etiam
1796 534 1863 587 ab
1896 534 2017 603 ipso
2043 537 2153 588 Do-

459 621 615 673 mino
660 619 999 686 dividemur,
1050 619 1151 690 qui
1218 620 1330 672 illis
1393 620 1715 691 specialiter
1759 622 1929 676 dicit:
1986 644 2006 670 ι
2044 623 2151 687 Qui

458 725 555 761 vos
585 707 761 773 audit,
801 724 889 759 me
921 709 1118 774 audit;
1151 713 1206 760 et
1245 708 1344 778 qui
1388 725 1486 762 vos
1529 710 1765 778 spernit,
1804 727 1893 762 me
1935 712 2152 780 spernit

457 798 598 863 (Luc.
626 813 675 862 x,
716 798 825 861 16).
857 816 881 846 ››
927 797 1081 860 Quos
1120 797 1394 850 nimirum
1444 803 1617 851 tantae
1668 799 1725 850 in
1780 800 2020 853 Ecclesia
2052 818 2152 854 sua

456 900 576 937 esse
606 884 788 936 voluit
807 885 1006 953 gratias
1035 889 1090 936 et
1120 885 1334 953 gloriae,
1358 890 1421 938 ut
1443 886 1798 939 conﬁdenter
1823 903 1951 940 cum
1992 890 2151 957 Apo-

456 972 599 1025 stolo
633 972 821 1025 dicere
854 973 1109 1041 possint:
1150 994 1170 1020 ι
1211 974 1403 1042 Itaque
1446 973 1543 1043 qui
1584 976 1703 1027 haec
1750 976 1987 1045 spernit,
2034 992 2152 1029 non

454 1059 751 1113 hominem
798 1060 1035 1129 spernit,
1073 1062 1167 1113 sed
1222 1061 1423 1127 Deum,
1463 1062 1559 1131 qui
1602 1063 1771 1115 etiam
1822 1063 1978 1116 dedit
2025 1064 2149 1133 Spi-

453 1149 626 1202 ritum
658 1164 825 1200 suum
868 1153 1125 1201 sanctum
1183 1147 1239 1200 in
1300 1149 1464 1201 nobis
1510 1150 1576 1218 (I
1629 1152 1817 1204 Thess.
1871 1167 1940 1211 ιν,
1987 1154 2075 1217 8);
2120 1172 2146 1201 »

454 1236 668 1306 quique
692 1236 863 1288 etiam
892 1251 994 1305 per
1036 1237 1275 1289 Phineas
1309 1239 1665 1291 sacerdotum
1701 1238 1861 1291 nobis
1909 1241 2149 1294 sollicite

454 1325 775 1377 mandavit:
814 1347 837 1371 ‹‹
871 1326 1117 1378 Tantum
1149 1330 1213 1379 ut
1251 1341 1283 1377 a
1315 1327 1557 1379 Domino
1606 1333 1660 1379 et
1691 1332 1884 1380 nostro
1919 1344 2148 1382 consor-

455 1412 535 1465 tio
571 1428 688 1465 non
719 1414 1014 1479 recedatis,
1051 1413 1329 1468 aediﬁcato
1377 1416 1544 1468 altari
1587 1422 1800 1485 praeter
1830 1418 2008 1471 altare
2040 1418 2150 1471 Do-

458 1500 598 1553 mini
630 1488 726 1554 Dei
762 1501 939 1554 nostri
974 1502 1126 1571 quod
1161 1508 1510 1557 exstructum
1543 1510 1622 1557 est
1653 1510 1781 1559 ante
1813 1506 2147 1559 tabernacu-

458 1590 576 1641 lum
605 1589 726 1659 ejus
754 1592 930 1659 (Josue
953 1606 1087 1657 xxn,
1122 1591 1229 1662 19).
1264 1612 1290 1641 ››

1121 1698 1345 1751 CAPUT
1390 1698 1483 1752 III.

1601 315 1655 368 S.
1700 314 1963 369 BEMIGII
2003 315 2481 372 LUGDUNENSIS
2522 313 2839 371 EPISCOPI

3831 318 3849 368 l
3860 316 3955 367 088

2334 455 2359 480 ⁸
2390 448 2452 499 In
2484 446 2629 499 libro
2649 444 2861 515 quippe
2886 442 3139 510 Genesis,
3163 443 3263 498 ubi
3283 445 3471 514 primo
3494 444 3587 498 die
3607 444 3715 499 sub
3732 444 3954 497 nomine

2262 535 2417 601 lucis,
2448 540 2668 588 natura:
2699 532 2977 603 angelicas
3024 533 3237 586 creatio
3287 533 3651 604 intelligitur,
3707 533 3789 587 ita
3826 534 3949 586 scri-

2260 627 2422 693 ptum
2457 626 2576 676 est:
2634 643 2660 669 ‹‹
2717 623 2782 675 Et
2830 620 2975 676 dixit
3022 622 3208 675 Deus:
3246 621 3368 675 Fiat
3418 622 3546 687 lux;
3592 628 3650 674 et
3698 622 3845 674 facta
3876 628 3950 673 est

2260 711 2377 765 lux.
2415 712 2478 764 Et
2504 710 2647 763 vidit
2675 711 2821 764 Deus
2864 711 3049 762 lucem
3096 709 3251 779 quod
3294 714 3438 762 esset
3486 709 3662 775 bona,
3691 714 3749 761 et
3778 708 3951 762 divisit

2260 800 2411 853 inter
2442 800 2624 852 lucem
2649 804 2704 851 et
2734 797 3018 863 tenebras,
3043 798 3467 868 appellavitque
3489 798 3679 851 lucem
3710 797 3883 863 diem,
3903 804 3951 850 et

2259 887 2524 941 tenebras
2551 891 2777 939 noctem
2811 886 2961 955 (Gen.
3005 903 3085 950 Ill,
3128 887 3183 952 4,
3213 886 3286 953 5).
3329 906 3350 933 ι
3384 886 3437 939 Si
3474 901 3614 955 ergo
3658 887 3773 938 hoc
3799 887 3947 955 juxta

2260 990 2490 1028 sensum
2512 975 2921 1027 catholicorum
2943 974 3173 1027 Patrum
3192 973 3260 1026 de
3274 973 3494 1042 angelis
3516 979 3670 1027 recte
3696 974 3950 1041 intelligi-

2260 1069 2352 1116 tur
2382 1063 2617 1127 dictum,
2652 1062 3020 1115 manifestum
3045 1062 3275 1132 estquia
3294 1062 3523 1115 inverbo
3536 1078 3661 1127 suo,
3683 1062 3837 1131 quod
3861 1084 3876 1107 ι
3896 1062 3946 1115 in

2258 1152 2540 1222 principio
2570 1157 2710 1215 erat,
2737 1153 2883 1205 Deus
2926 1151 3079 1220 apud
3126 1152 3305 1203 Deum
3338 1151 3514 1215 (Joan.
3562 1165 3597 1203 ι.
3644 1151 3723 1217 1),
3762 1173 3783 1197 ι
3819 1166 3946 1202 con-

2259 1237 2509 1290 stituerit
2541 1244 2595 1291 et
2623 1237 2823 1291 fecerit
2865 1240 3010 1292 Deus
3059 1240 3243 1303 Pater,
3300 1243 3365 1291 ut
3410 1237 3496 1291 illi
3540 1236 3742 1308 angeli
3770 1238 3942 1301 electi,

2259 1341 2388 1379 mox
2446 1330 2510 1379 ut
2554 1331 2688 1379 sunt
2747 1326 2942 1391 creati,
3003 1326 3307 1379 existcrcnt
3355 1326 3557 1379 eodem
3615 1328 3742 1394 ejus
3791 1326 3948 1379 verbo

2261 1414 2590 1479 illuminati,
2625 1419 2679 1468 et
2708 1414 2914 1467 ﬁerent
2972 1436 2999 1463 ‹‹
3058 1416 3152 1468 lux
3209 1414 3269 1467 in
3334 1415 3576 1467 Domino
3634 1415 3858 1483 (Ephes.
3899 1432 3939 1473 ν,

2258 1504 2332 1568 8),
2370 1523 2390 1550 ι
2454 1502 2553 1573 qui
2609 1518 2713 1572 per
2770 1502 3009 1572 seipsos,
3079 1508 3135 1556 et
3207 1502 3266 1555 in
3327 1502 3525 1572 seipsis
3588 1503 3737 1554 nihil
3803 1503 3943 1555 aliud

2258 1607 2431 1661 quam
2475 1590 2727 1644 tenebrae
2779 1607 2902 1644 esse
2948 1591 3295 1661 potuissent:
3367 1592 3509 1643 sicut
3578 1598 3718 1644 sunt
3759 1594 3944 1661 utique

2258 1693 2459 1731 omnes
2511 1678 2727 1748 refugae
2778 1678 2987 1748 angeli,
3051 1679 3151 1749 qui
3208 1679 3417 1733 deserti
3481 1679 3705 1732 lumine
3756 1680 3945 1749 gratia:

450 1784 525 1836 De
550 1785 729 1851 primo
769 1786 1025 1851 εαρίεηιο,
1080 1787 1281 1841 Gratia,
1324 1786 1527 1839 divina,
1572 1787 1910 1855 acumen-um
1950 1789 2140 1855 αηρειο
2187 1742 2226 1795 Β
2255 1765 2579 1819 Conditoris
2611 1766 2749 1819 nihil
2781 1767 2936 1820 aliud
2967 1768 3025 1820 in
3053 1767 3269 1837 seipsis.
3306 1767 3418 1820 nisi
3461 1768 3695 1822 tenebrae
3720 1784 3944 1821 reman-

522 1859 573 1925 et
620 1855 827 1907 homini
880 1858 1239 1909 necessarium
1301 1860 1465 1909 etiam
1538 1859 1595 1909 in
1647 1862 1821 1925 primo
1862 1864 2011 1911 statu
2068 1859 2143 1912 ad

522 1924 715 1977 bonum
741 1926 1072 1990 faciendum.
1108 1957 1175 1964 —
1204 1928 1449 1983 Conditio
1480 1924 1927 1996 primi/nominis.

520 2030 696 2083 Primi
732 2030 924 2101 itaque
948 2032 1181 2102 capituli
1215 2039 1397 2086 textus
1430 2035 1509 2087 sic
1541 2034 1714 2087 dicit:

522 2116 671 2169 Deus
719 2120 1083 2189 omnipotens
1132 2122 1424 2174 hominem
1479 2123 1600 2175 sine
1643 2130 1872 2192 peccato
1921 2129 2139 2177 rectum

450 2220 579 2258 cum
612 2205 792 2260 libero
844 2207 1080 2261 arbitrio
1122 2210 1400 2275 condidit,
1435 2215 1493 2263 et
1525 2210 1584 2262 in
1619 2211 1882 2279 paradiso
1925 2213 2137 2281 posuit,

449 2309 621 2364 quem
652 2294 712 2347 in
743 2296 1043 2349 sanctitate
1067 2298 1304 2366 justitia:
1346 2314 1684 2368 permanere
1718 2300 1931 2363 voluit;
1968 2300 2138 2353 homo

448 2382 631 2437 libero
680 2384 918 2438 arbitrio
987 2386 1137 2439 male
1196 2394 1360 2439 utens
1411 2388 1681 2456 peccavit,
1731 2395 1789 2442 et
1831 2388 2055 2447 cecidit.
2087 2394 2141 2441 et

404 2523 416 2539 κ
448 2469 629 2523 factus
674 2478 759 2525 est
810 2488 994 2525 massa
1030 2475 1367 2543 perditionis
1414 2476 1653 2529 humani
1700 2477 1944 2547 generis.
1996 2477 2140 2529 Deus

449 2563 643 2611 autem
675 2559 862 2613 bonus
892 2566 947 2613 et
971 2561 1161 2629 justus
1193 2564 1367 2632 elegit
1398 2580 1463 2616 ex
1499 2565 1695 2616 eadem
1729 2580 1911 2617 massa
1949 2564 2137 2633 perdi-

449 2645 641 2711 tionis,
677 2648 989 2700 secundum
1023 2651 1438 2717 prmscientiam
1473 2667 1657 2717 suam,
1696 2668 1839 2721 quos
1881 2668 1986 2721 per
2015 2668 2140 2721 gra-

449 2730 587 2783 tiam
620 2732 1053 2800 prasdestinavit
1082 2736 1151 2787 ad
1182 2736 1377 2803 vitam,
1411 2743 1467 2790 et
1496 2738 1665 2790 vitam
1698 2738 1809 2791 illis
1840 2738 2137 2807 prmdesti-

447 2818 602 2871 navit
632 2825 926 2874 aeternam.
964 2823 1207 2876 Caeteros
1233 2831 1442 2886 autem,
1485 2842 1620 2895 quos
1646 2826 1868 2894 justitia
1898 2830 1953 2879 et
1975 2827 2138 2896 judi—

447 2906 533 2960 cio
567 2907 625 2960 in
658 2924 842 2962 massa
869 2911 1208 2979 perditionis
1233 2913 1484 2983 reliquit,
1518 2915 1806 2983 perituros
1829 2916 2133 2985 praescivit,

2251 1858 2466 1907 serunt.
2504 1855 2661 1908 Unde
2694 1856 2867 1908 etiam
2900 1855 2968 1909 de
3002 1872 3205 1909 eorum
3226 1856 3406 1925 impio
3437 1856 3771 1923 dominatu,
3804 1857 3943 1909 unde

2250 1958 2351 2012 per
2382 1943 2723 2011 sanguinem
2756 1942 2912 1996 unici
2958 1943 3085 1997 Filii
3126 1944 3225 1997 Dei
3259 1944 3485 1997 liberati
3524 1960 3752 2008 sumus,
3801 1949 3941 2014 Apo-

2250 2031 2427 2083 stolus
2451 2031 2588 2083 dicit
2615 2047 2627 2084 :
2664 2050 2690 2081 (ι
2721 2032 2826 2095 Qui
2874 2031 3087 2101 eripuit
3116 2048 3218 2084 nos
3248 2032 3317 2085 de
3352 2037 3630 2102 potestate
3679 2033 3945 2085 tenebra-

2249 2134 2399 2183 rum,
2434 2125 2490 2171 et
2518 2120 2808 2172 transtulit
2839 2120 2895 2172 in
2921 2136 3161 2190 regnum
3192 2121 3313 2173 Filii
3337 2120 3632 2173 charitatis
3652 2137 3775 2173 sua:
3808 2122 3941 2187 (Col.

2250 2223 2286 2273 ι,
2324 2208 2428 2275 l3).
2467 2226 2493 2256 »
2541 2208 2608 2260 Et
2653 2207 2788 2260 alibi
2820 2208 2898 2260 ait
2940 2225 2951 2261 :
2990 2229 3015 2258 ιι
3067 2210 3206 2262 Nam
3238 2213 3293 2262 et
3336 2209 3459 2278 ipse
3493 2210 3737 2263 Satanas
3770 2218 3943 2262 trans-

2248 2294 2460 2363 ﬁgurat
2490 2310 2548 2347 se
2578 2294 2637 2346 in
2668 2296 2937 2364 angelum
2968 2295 3112 2348 lucis
3146 2296 3236 2359 (Il
3270 2296 3397 2348 Cor.
3433 2311 3510 2362 χι,
3544 2297 3657 2363 14),
3697 2316 3717 2342 ι
3772 2297 3947 2348 mani-

2248 2382 2388 2435 feste
2420 2383 2729 2436 ostendens
2768 2382 2911 2435 alios
2968 2398 3088 2435 esse
3146 2382 3380 2452 angelos
3435 2383 3599 2446 luais,
3657 2382 3788 2452 qui,
3835 2384 3942 2436 Deo

2247 2470 2632 2533 illuminante,
2666 2472 2725 2523 in
2754 2474 2983 2523 veritate
3025 2470 3415 2539 perstiterunt,
3449 2476 3505 2523 et
3535 2470 3681 2523 alios
3714 2472 3941 2539 angelos

2250 2560 2639 2625 tenebrarum,
2703 2560 2772 2613 de
2829 2575 3073 2628 quorum
3134 2558 3391 2628 principe
3443 2558 3729 2613 Dominus
3777 2560 3940 2612 dicit:

2251 2666 2277 2697 ‹‹
2316 2649 2378 2700 Et
2411 2649 2468 2701 in
2515 2648 2753 2702 veritate
2804 2664 2918 2701 non
2965 2648 3121 2700 stetit
3169 2646 3345 2716 (Joan.
3400 2663 3514 2710 vm,
3569 2648 3686 2714 44).
3726 2670 3747 2695 ο
3787 2649 3941 2701 Facta

2246 2742 2378 2790 sunt
2435 2753 2570 2806 ergo
2629 2752 2741 2789 non
2779 2740 3003 2789 tantum
3049 2741 3113 2789 ut
3144 2736 3523 2789 essentialiter
3587 2742 3802 2799 essent,
3854 2736 3939 2788 sed

2246 2825 2418 2878 etiam
2450 2825 2640 2878 divina
2675 2826 2858 2893 gratia
2884 2824 3250 2877 illuminante
3285 2842 3310 2873 α
3345 2824 3438 2876 lux
3488 2829 3545 2876 et
3576 2824 3701 2877 dies
3733 2825 3795 2877 in
3832 2825 3938 2876 Do-

2244 2913 2401 2966 mino
2438 2933 2463 2962 ι)
2504 2919 2711 2965 essent.
2746 2912 2852 2975 Qui
2881 2929 3012 2965 vero
3063 2927 3126 2964 ex
3160 2911 3255 2964 illa
3284 2911 3655 2965 illuminante
3704 2914 3936 2965 veritate

446 2995 540 3048 sed
589 3011 702 3049 non
759 3002 819 3050 ut
865 3000 1118 3067 perirent
1166 3002 1624 3070 praedestinavit;
1668 3020 1892 3073 poenam
1942 3011 2135 3057 autem
2177 3016 2277 3070 Ca
2314 3005 2647 3055 ceterorum
2709 3001 2977 3054 societate
3052 3016 3156 3070 per
3223 3000 3553 3070 superbiam
3596 3001 3936 3062 ceciderant,

445 3082 577 3147 illis,
616 3084 959 3154 quiajustus
987 3092 1088 3154 est,
1132 3089 1560 3157 praedestinavit
1593 3096 1901 3144 aeternam:
1945 3108 2006 3143 ac
2038 3108 2140 3161 per

445 3171 552 3224 hoc
584 3188 761 3225 unam
812 3174 911 3227 Dei
952 3176 1515 3244 praedestinationem
1563 3179 1962 3232 tantummodo
1992 3179 2136 3232 dici-

445 3274 591 3325 mus,
626 3276 754 3329 quae
786 3261 854 3314 ad
901 3262 1117 3316 donum
1153 3265 1401 3334 pertinet
1433 3266 1652 3334 gratiae,
1681 3271 1778 3320 aut
1807 3267 2135 3321 retributio-

446 3362 575 3400 nem
601 3347 859 3417 justitiaa.

1138 3454 1452 3499 CBNSURA.

515 3524 586 3577 Ut
625 3540 763 3594 ergo
844 3524 937 3579 his
985 3527 1194 3591 verbis,
1255 3534 1312 3582 et
1368 3530 1767 3600 hujuscemodi
1815 3531 2137 3585 deﬁnitioni

443 3614 796 3666 commodius
847 3620 904 3667 et
955 3615 1311 3669 manifestius
1361 3618 1827 3686 respondeamus,
1882 3621 1990 3673 hoc
2037 3637 2135 3673 nos

442 3701 695 3770 primum
726 3703 786 3755 in
830 3702 912 3755 eis
942 3708 1151 3771 movet,
1198 3706 1349 3775 quod
1383 3707 1596 3777 absque
1644 3709 1757 3760 ulla
1786 3724 2135 3762 commemo-

441 3788 665 3843 ratione
686 3792 886 3860 gratia:
914 3792 1013 3846 Dei
1035 3792 1177 3863 (sine
1195 3810 1307 3864 qua
1339 3796 1495 3849 nulla
1522 3797 1819 3849 rationalis
1850 3803 2130 3865 creatura,

442 3877 657 3931 scilicet
678 3896 780 3933 nec
803 3881 1060 3949 angelica
1090 3898 1194 3935 nec
1228 3882 1499 3946 humana,
1535 3900 1789 3954 unquam
1817 3886 2006 3955 potuit
2035 3890 2134 3939 aut

439 3971 643 4036 potest,
678 3968 764 4021 vel
795 3970 1004 4038 poterit
1044 3970 1100 4023 in
1127 3970 1351 4039 justitia
1381 3978 1435 4024 et
1486 3974 1781 4026 sanctitate
1831 3990 1971 4039 esse,
2006 3990 2129 4026 ma-

442 4070 597 4121 nere,
645 4062 815 4126 atque
868 4058 1194 4127 persistere)
1242 4061 1319 4112 ita
1367 4061 1587 4128 primus
1636 4062 1807 4114 homo
1860 4062 2134 4115 deﬁnitur

442 4141 607 4195 liberi
662 4145 883 4199 arbitrii
934 4163 964 4198 a
1024 4148 1138 4200 Deo
1201 4148 1483 4212 conditus,
1534 4156 1707 4219 atque
1763 4150 1821 4203 in
1869 4152 2132 4219 paradiso

441 4230 800 4297 constitutus,
834 4238 1106 4304 tanquam
1142 4252 1243 4304 per
1292 4237 1480 4305 ipsum
1524 4238 1924 4290 tantummodo
1975 4240 2133 4292 arbi—

440 4318 615 4370 trium
646 4320 889 4373 liherum
926 4322 983 4374 in
1016 4323 1312 4376 sanctitate
1340 4330 1396 4377 et
1432 4324 1655 4393 justitia
1688 4329 1963 4395 potuisset
1999 4343 2128 4397 per-

442 4418 694 4459 manere.
724 4408 881 4469 Quod
910 4409 967 4461 in
1019 4410 1306 4478 praedictis
1346 4412 1530 4466 verbis
1581 4415 1726 4467 Deus
1769 4415 2132 4469 solummodo

440 4491 688 4547 voluisse
714 4494 955 4549 dicitur:
992 4513 1126 4564 non,
1161 4506 1224 4552 ut
1266 4500 1389 4574 ﬁeri
1426 4507 1613 4569 posset
1651 4501 1804 4555 dono
1846 4519 1960 4556 suae
2002 4519 2131 4571 gra-

441 4579 535 4633 tiae
570 4580 898 4652 inspirasse,
933 4586 1019 4638 vel
1060 4588 1347 4640 annuisse.
1401 4590 1513 4641 Hoc
1564 4606 1813 4659 namque
1864 4607 1980 4643 non
2013 4608 2133 4645 esse

440 4669 609 4739 plene
656 4676 710 4724 et
758 4673 1036 4727 catholica
1082 4676 1290 4745 pietate
1356 4678 1677 4743 deﬁnitum,
1728 4685 1785 4731 et
1826 4680 2133 4748 Scriptura:

441 4765 651 4813 sanctae
683 4760 1007 4827 auctoritas,
1043 4768 1096 4816 et
1131 4764 1280 4817 beati
1313 4767 1618 4834 Augustini
1662 4767 1906 4835 diligens
1936 4768 2133 4837 dispu-

441 4848 599 4914 tatio,
651 4854 707 4901 et
765 4849 1005 4902 aliorum
1069 4856 1394 4905 sanctorum
1457 4859 1628 4924 atque
1683 4856 2132 4909 orthodoxorum

438 4936 672 4990 Patrum
707 4939 1051 4993 lucidissima
1081 4939 1336 4993 deﬁnitio
1381 4943 1640 4996 ostendit.

2249 3090 2454 3143 merito
2488 3110 2515 3138 «
2543 3089 2793 3142 tenebrae
2823 3095 2881 3141 et
2901 3105 3012 3141 nox
3043 3110 3070 3136 ››
3104 3089 3382 3157 appellari
3400 3095 3775 3156 meruerunt;
3799 3091 3935 3141 hanc

2250 3198 2277 3228 α
2307 3179 2491 3231 lucem
2526 3178 2665 3231 vidit
2714 3180 2863 3231 Deus
2911 3177 3045 3248 quia
3092 3178 3242 3232 bona
3290 3184 3445 3245 est,»
3501 3194 3635 3231 cum
3666 3194 3795 3231 eam
3838 3177 3938 3231 sibi

2246 3266 2563 3335 placentem
2634 3282 2735 3319 suo
2793 3266 3012 3335 judicio
3075 3266 3437 3336 approbavit:
3505 3286 3532 3313 ι(
3592 3267 3861 3320 tenebras
3912 3288 3935 3314 ι

2247 3360 2439 3408 autem
2470 3355 2595 3408 illas
2625 3370 2737 3408 non
2792 3354 3064 3418 laudavit,
3116 3355 3253 3425 quia
3301 3371 3405 3408 nec
3452 3356 3820 3425 approbavit,
3850 3356 3939 3408 sed

2245 3446 2470 3496 tantum
2504 3443 2657 3512 justo
2692 3442 2934 3510 judicio,
2982 3448 3048 3495 ut
3086 3442 3144 3495 in
3189 3458 3303 3494 suae
3346 3444 3530 3495 ruinae
3572 3443 3937 3497 damnatione

2245 3532 2634 3601 persisterent,
2662 3531 2963 3584 ordinavit.
3006 3532 3120 3583 Hoc
3159 3532 3228 3583 de
3273 3530 3489 3600 angelis
3530 3534 3746 3584 sanctis
3776 3532 3939 3584 etiam

2245 3620 2304 3671 in
2353 3620 2572 3687 psalmo
2623 3618 2945 3671 ostenditur
2986 3617 3085 3671 ubi
3126 3618 3340 3671 dictum
3388 3623 3511 3671 est:
3544 3639 3572 3667 x
3628 3618 3812 3672 Verbo
3847 3621 3939 3673 Do-

2243 3707 2387 3760 mini
2418 3706 2542 3760 caali
2600 3706 2812 3759 ﬁrmati
2870 3712 3024 3771 sunt,
3063 3712 3118 3759 et
3169 3707 3372 3776 spiritu
3426 3707 3542 3759 oris
3584 3708 3714 3777 ejus
3759 3710 3935 3761 omnis

2244 3795 2423 3848 virtus
2481 3810 2676 3848 eorum
2726 3796 2890 3865 (Psal.
2928 3811 3097 3861 xxxn,
3132 3796 3229 3861 6);
3264 3817 3290 3843 α
3326 3812 3480 3861 nam,
3528 3797 3575 3848 si
3625 3813 3733 3866 per
3766 3818 3791 3846 ι
3824 3813 3935 3850 ver-

2245 3884 2381 3937 bum
2426 3884 2670 3949 Domini,
2702 3905 2722 3929 ι
2787 3883 2843 3937 id
2881 3889 2985 3947 est,
3045 3884 3329 3954 unigeniti
3377 3884 3501 3937 Filii
3549 3885 3767 3938 virtute
3817 3886 3934 3938 coeli

2243 3971 2458 4025 ﬁrmati
2498 3977 2645 4034 sunt,
2681 3994 2709 4020 «
2769 3976 2826 4024 et
2885 3971 3086 4041 spiritu
3137 3972 3250 4025 oris
3305 3972 3446 4041 ejus,
3480 3992 3507 4021 ι
3564 3972 3625 4027 id
3678 3980 3785 4037 est,
3841 3989 3933 4043 per

2242 4060 2511 4113 virtutem
2578 4060 2821 4130 Spiritus
2889 4060 3066 4113 sancti
3124 4076 3325 4113 omnes
3379 4062 3654 4114 caelorum
3703 4063 3933 4115 virtutes

2242 4149 2331 4201 vel
2364 4152 2566 4201 creatae
2597 4152 2732 4201 sunt
2763 4152 2824 4200 ut
2854 4153 3062 4213 essent,
3097 4148 3185 4201 vel
3223 4148 3463 4201 ﬁrmatae
3495 4154 3557 4201 ut
3606 4150 3666 4202 in
3701 4152 3929 4203 veritate

2246 4235 2631 4306 persisterent,
2662 4236 2837 4289 claret
2866 4235 3104 4289 omnino
3149 4252 3247 4289 eos
3289 4241 3345 4289 et
3374 4236 3581 4305 spiritu
3616 4239 3715 4291 Dei
3742 4240 3929 4292 condi-

2246 4328 2353 4385 tos,
2389 4329 2445 4377 et
2500 4324 2756 4394 ejusdem
2819 4324 3001 4394 gratia
3048 4324 3107 4376 in
3164 4328 3377 4377 aeterna
3435 4324 3530 4377 illa
3583 4324 3929 4378 beatitudine

2242 4413 2538 4467 solidatos.

2311 4501 2399 4555 Sic
2428 4504 2482 4553 et
2515 4499 2737 4570 primus
2766 4500 2936 4553 homo
2968 4500 3136 4553 liberi
3174 4500 3396 4554 arbitrii
3429 4517 3461 4553 a
3504 4502 3620 4555 Deo
3653 4502 3927 4559 conditus,

2242 4590 2498 4659 quandiu
2559 4610 2581 4637 ι
2645 4593 2804 4641 scuto
2857 4589 3024 4642 bona:
3110 4589 3416 4642 voluntatis
3484 4590 3584 4643 Dei
3662 4592 3824 4657 (Psal.
3884 4606 3927 4647 v.

2246 4679 2354 4749 l3),
2382 4700 2409 4726 ››
2462 4678 2520 4731 id
2552 4682 2647 4738 est,
2679 4677 2886 4732 divinae
2918 4678 3114 4747 gratiae
3156 4684 3449 4747 protectus
3479 4684 3564 4732 est
3614 4686 3791 4749 atque
3821 4694 3929 4731 mn-

2240 4768 2416 4834 nitus,
2477 4767 2700 4819 beatam
2758 4766 2931 4818 vitam
2992 4766 3154 4819 duxit
3223 4783 3352 4819 cum
3413 4768 3577 4831 Deo;
3632 4773 3928 4838 postquam

2243 4861 2435 4907 autem
2462 4857 2530 4907 de
2562 4869 2666 4906 sua
2705 4854 2913 4907 virtute
2944 4856 3345 4923 praesumendo
3388 4862 3445 4907 et
3473 4862 3677 4907 contra
3708 4856 3923 4910 Creato-

2242 4958 2363 4995 rem
2394 4957 2454 4996 se
2484 4942 2809 4995 extollendo
2858 4957 3089 4995 aversus
3134 4948 3219 4995 est
3250 4944 3321 4995 ab
3354 4943 3473 5009 illo,
3510 4944 3635 5013 ejus
3666 4944 3923 5012 indigna-

1494 5064 1692 5119 ΝΟΤίΕ
1736 5064 2064 5120 DUVALLlI
2104 5062 2441 5120 DOCTORIS
2481 5062 2868 5118 SORBONICI.

506 5185 531 5210 ⁸
559 5176 806 5252 Adverte
852 5177 1145 5252 lulianum
1186 5178 1373 5245 illum,
1413 5186 1610 5234 contra
1639 5199 1811 5252 quem
1860 5191 1943 5239 tot
1974 5186 2131 5239 libris

435 5247 705 5325 disseruit
733 5249 1109 5317 Augustinus,
1146 5265 1435 5303 accusasse
1470 5247 1714 5320 Moysen]
1746 5257 1909 5325 quasi
1941 5258 2130 5310 existi-

436 5319 610 5397 marit
658 5318 996 5397 Deum'non
1053 5335 1172 5397 esse
1232 5318 1949 5397 creatOI‘em—angelorum,
1993 5327 2129 5397 quia

437 5387 652 5439 scilicet
707 5388 1013 5441 ornationis
1072 5390 1329 5457 ipsorum
1395 5409 1507 5445 non
1583 5387 1945 5449 meminerat,
1990 5387 2129 5451 Huic

436 5458 732 5537 respondit
776 5460 1127 5537 Augustinus
1179 5468 1234 5537 et
1282 5469 1477 5531 postea
1516 5465 1579 5516 D.
1632 5466 1877 5519 Thomas
1924 5475 2123 5537 quaest.

435 5527 523 5587 61,
559 5527 715 5579 artic.
757 5544 771 5579 ι
812 5532 1005 5597 partis,
1038 5527 1387 5587 creationem
1422 5536 1760 5604 angelorum
1781 5527 2127 5593 insinuatam

2241 5185 2417 5239 fuisse
2480 5186 2714 5238 nomine
2765 5186 2891 5239 coeli
2939 5190 3040 5240 aut
3084 5186 3255 5240 etiam
3314 5187 3501 5240 lucis:
3549 5187 3687 5250 Quae
3740 5194 3920 5240 tamen

2241 5256 2537 5326 responsio
2571 5256 2766 5310 multis
2826 5271 2939 5311 non
2997 5256 3205 5326 placet,
3240 5256 3370 5325 quia
3416 5257 3472 5310 in
3515 5258 3807 5327 Scriptura
3837 5275 3921 5310 no

2241 5327 2396 5380 mine
2429 5326 2555 5379 coeli
2586 5333 2642 5379 et
2670 5332 2834 5380 terrm
2864 5327 3204 5397 intelligitur
3221 5329 3425 5380 coelum
3452 5328 3600 5381 istud
3632 5326 3917 5390 Sensibile;

2238 5403 2291 5450 et
2326 5396 2562 5450 nomine
2593 5397 2811 5465 pariter
2834 5397 2975 5451 lucis
3007 5398 3203 5451 lumen
3227 5397 3367 5451 illud
3400 5398 3639 5465 visibile,
3674 5401 3749 5452 ita
3774 5405 3831 5451 ut
3858 5413 3917 5449 ea

2238 5468 2521 5537 expositio
2577 5468 2971 5535 Lugdum-nsis
3028 5468 3289 5521 Ecclesia!
3337 5470 3574 5538 mystica
3622 5470 3805 5538 potius
3852 5468 3916 5520 sit

2239 5555 2413 5609 quam
2444 5540 2722 5593 litteralis.
