4108 6190
189 236 206 285 1
221 233 326 286 089

1282 232 1371 287 DE
1409 233 1738 289 TENENOA
1777 232 2185 289 SCRIPTURIE
2230 233 2598 290 VERITATE.

3555 250 3572 297 1
3586 246 3688 299 090

184 367 337 421 tione
389 368 552 423 iram.
612 367 662 417 id
717 369 817 431 est,
864 366 1031 433 justas
1077 365 1463 421 damnationis
1511 383 1739 437 poenam
1784 368 1876 419 in-
1916 374 1956 424 A
1988 366 2232 420 liberum
2283 384 2397 421 non
2457 370 2799 424 deseruisset
2858 372 3189 433 arbitrium.
3251 392 3479 447 semper
3541 386 3689 435 esset

181 457 389 517 currit;
428 474 597 524 quam
647 460 840 522 postea
887 454 945 506 in
975 454 1088 506 illis
1137 455 1237 523 qui
1286 472 1353 508 ex
1399 458 1523 525 ejus
1570 455 1883 524 propagine

178 560 285 613 per
316 544 417 597 Dei
461 542 911 596 misericordiam
936 542 1247 610 salvantur,
1288 545 1439 612 juste
1486 560 1543 596 se
1575 543 1883 596 incurrisse

179 633 541 701 intelligens,
614 652 641 680 ‹‹
709 631 1045 684 humiliatus
1104 632 1208 685 sub
1270 632 1489 700 potenti
1547 648 1721 685 manu
1783 631 1881 684 Dei

181 724 226 789 (ι
251 724 396 775 Petr.
426 737 480 782 v,
519 720 593 788 5),
630 739 655 769 n
690 719 761 773 ad
808 720 999 789 ipsum
1048 720 1170 773 sine
1201 720 1626 774 intermissione
1654 721 1880 786 clamat,

177 816 236 863 et
259 810 445 879 ipsum
499 809 836 877 deprecatur
870 814 932 861 ut
978 808 1206 861 liberari
1242 815 1298 861 et
1346 810 1535 862 sanari
1568 814 1879 863 mereatur.

179 900 298 951 Hoc
340 902 523 950 totum
563 895 857 949 verissime
902 896 981 949 ita
1032 913 1176 961 esse,
1219 914 1287 951 ex
1332 914 1577 967 persona
1624 898 1879 967 ejusdem

177 984 431 1039 hominis
472 985 616 1037 bene
660 984 891 1049 conditi,
939 985 1181 1055 benigne
1224 986 1425 1055 adjuti.
1484 985 1883 1039 miserabiliter

176 1074 345 1143 lapsi,
397 1088 525 1125 vere
582 1072 861 1139 conversi,
906 1078 961 1126 et
1009 1074 1458 1144 lacrymabiliter
1505 1073 1881 1143 supplicantis

178 1160 268 1214 his
301 1160 488 1213 verbis
536 1159 839 1213 Psalmista
880 1158 1175 1228 implorat,
1228 1160 1458 1214 dicens:
1514 1180 1542 1211 α
1595 1160 1877 1225 Quoniam

179 1249 263 1301 ira
294 1249 355 1302 in
385 1247 785 1317 indignatione
830 1248 973 1316 ejus,
1010 1252 1067 1300 et
1115 1247 1229 1301 vita
1280 1248 1340 1302 in
1390 1250 1682 1303 voluntate
1732 1248 1875 1318 ejus,

176 1337 245 1389 ad
301 1351 603 1406 vesperum
652 1335 1049 1389 demorabitur
1096 1335 1285 1402 ﬂetus,
1316 1342 1370 1389 et
1413 1338 1483 1391 ad
1529 1338 1876 1391 matutinum

176 1424 392 1478 laetitia.
442 1424 563 1493 Ego
613 1428 806 1477 autem
858 1423 974 1477 dixi
1024 1423 1083 1476 in
1134 1424 1491 1479 abundantia
1541 1441 1703 1480 mea:
1751 1425 1876 1479 Non

174 1513 452 1566 movebor
519 1512 577 1564 in
641 1516 942 1565 aeternum.
1003 1513 1267 1577 Domine,
1319 1514 1377 1565 in
1431 1513 1720 1567 voluntate
1778 1519 1877 1567 tua

172 1600 495 1671 prastitisti
584 1600 775 1653 decori
858 1616 983 1653 meo
1056 1601 1361 1667 virtutem;
1452 1602 1701 1655 avertisti
1793 1603 1874 1655 fa-

173 1691 320 1743 ciem
350 1695 510 1742 tuam
542 1706 575 1741 a
610 1705 722 1754 me,
758 1693 813 1741 et
847 1688 1030 1741 factus
1078 1705 1205 1743 sum
1256 1690 1645 1744 conturbatus.
1683 1692 1767 1743 Ad
1799 1697 1873 1757 te,
1918 1672 1956 1724 Β

173 1777 439 1843 Domine,
482 1777 761 1843 clamabo,
798 1784 854 1829 et
898 1777 967 1830 ad
1015 1778 1323 1831 Dominum
1356 1794 1552 1832 meum
1600 1780 1878 1849 depreca-

173 1868 280 1921 bor
308 1867 477 1937 (Psal.
520 1884 667 1933 χχιχ,
701 1870 754 1932 6,
789 1871 840 1931 7,
875 1869 927 1933 8,
964 1867 1037 1937 9).
1092 1887 1118 1917 »
1152 1868 1295 1931 Quia
1342 1869 1517 1921 homo
1565 1874 1699 1922 tunc
1728 1874 1877 1922 certe

171 1956 380 2009 habuit
420 1972 743 2025 vesperum,
782 1971 911 2008 cum
954 1956 1007 2009 ei
1040 1956 1298 2025 peccanti
1340 1958 1421 2010 sol
1466 1957 1703 2026 justitiw
1736 1958 1877 2011 occi-

172 2045 368 2098 disset.
404 2045 466 2097 In
497 2061 612 2114 qua
644 2050 811 2098 nocte
847 2061 995 2098 caeca
1024 2061 1089 2098 ex
1119 2045 1243 2115 ipso
1275 2046 1651 2099 descendente
1680 2047 1878 2099 demo-

168 2138 335 2186 ratur
364 2133 425 2186 in
456 2134 596 2186 ﬂetu
634 2148 816 2202 genus
847 2132 1189 2199 humanum,
1225 2134 1314 2186 cui
1346 2154 1373 2181 ‹‹
1426 2133 1497 2187 ad
1529 2134 1876 2187 matutinum

168 2222 414 2287 laetitia),
453 2242 479 2273 ι)
532 2220 810 2275 matutina
856 2222 1065 2275 Christi
1114 2222 1531 2275 resurrectione
1581 2223 1876 2290 promitti-

167 2316 288 2376 tur,
322 2315 382 2365 ut
411 2327 513 2380 per
545 2327 671 2364 eam
694 2327 762 2363 ex
792 2315 978 2364 morte
1012 2310 1080 2364 ad
1113 2310 1286 2363 vitam
1317 2315 1635 2380 reparatur.

248 2400 403 2453 Hanc
434 2400 555 2469 ejus
581 2398 803 2452 felicem
839 2404 897 2452 et
926 2398 1149 2452 beatam
1186 2399 1243 2451 in
1287 2398 1550 2469 paradiso
1577 2399 1749 2451 vitam
1780 2398 1875 2451 lu-

174 2488 470 2541 cidissime
529 2495 587 2541 et
617 2488 949 2541 dulcissimo
978 2504 1244 2541 sermone
1278 2488 1476 2541 beatus
1525 2487 1875 2556 Augustinus

172 2578 236 2629 in
310 2577 457 2630 libro
530 2576 751 2629 decimo
810 2580 1012 2645 quarto
1091 2576 1159 2629 de
1217 2575 1451 2629 Civitate
1506 2576 1607 2628 Dei
1666 2575 1875 2628 descri-

169 2666 279 2731 bit,
359 2665 437 2718 ita
512 2665 705 2718 dicens
764 2664 823 2733 (ι.
897 2681 1011 2729 xxv,
1081 2681 1125 2717 c.
1182 2668 1313 2733 26):
1377 2663 1635 2735 [Vivebat
1684 2664 1874 2734 itaque

172 2755 351 2807 homo
427 2754 483 2807 in
560 2753 854 2822 paradiso,
924 2753 1065 2805 sicut
1131 2753 1385 2817 volebat,
1450 2753 1706 2822 quandiu
1769 2753 1875 2805 hoc

176 2842 408 2895 volebat
501 2842 655 2911 quod
769 2842 916 2893 Deus
997 2842 1265 2910 jnsserat.
1356 2840 1590 2893 Vivebat
1678 2841 1873 2893 fruens

1996 456 2209 520 bonus;
2260 457 2358 509 sed
2406 457 2677 523 deseruit,
2712 466 2766 512 et
2810 461 3065 514 desertus
3114 462 3239 533 est.]
3294 466 3358 517 Et
3408 472 3537 533 post
3584 469 3685 521 ali-

1994 548 2228 612 quanta,
2272 543 2427 596 idem
2461 544 2656 598 doctor
2685 547 2980 617 subjungit
3010 565 3021 601 ξ
3063 547 3236 621 [Tunc
3279 567 3415 621 ergo
3451 554 3689 609 dederat

1994 631 2212 683 homini
2258 632 2402 683 Deus
2433 631 2647 685 bonam
2678 636 3058 703 voluntatem;
3091 639 3143 691 in
3178 639 3276 691 illa
3307 641 3521 711 quippe
3553 660 3685 697 eum

1992 718 2222 786 fecerat,
2295 720 2393 789 qui
2455 720 2667 775 fecerat
2724 729 2978 789 rectum,
3042 726 3277 779 dederat
3334 730 3683 798 adjutorium

1992 807 2115 860 sine
2160 823 2274 877 quo
2324 806 2383 859 in
2425 824 2493 861 ea
2538 825 2654 861 non
2685 816 2875 878 posset
2922 828 3258 881 permanere
3302 817 3349 868 si
3389 818 3589 885 vellet;
3624 824 3683 873 ut

1992 901 2183 949 autem
2232 897 2417 963 vellet,
2464 897 2524 949 in
2565 898 2687 967 ejus
2734 898 2916 952 libero
2979 902 3210 972 reliquit
3256 904 3526 972 arbitrio;
3586 908 3683 962 sed

1991 983 2127 1052 quia
2156 983 2343 1036 noluit
2370 1000 2734 1053 permanere,
2768 988 3022 1055 profecto
3054 990 3177 1057 ejus
3212 996 3296 1044 est
3324 993 3490 1061 culpa
3520 995 3682 1064 cujus

1989 1071 2259 1125 meritum
2292 1073 2510 1140 fuisset,
2545 1073 2592 1126 si
2639 1090 2975 1144 permanere
3016 1078 3331 1150 voluisset.]
3378 1082 3453 1134 De
3500 1084 3683 1152 gratia

1989 1176 2219 1230 quoque
2259 1161 2466 1214 sanctis
2514 1163 2734 1231 angelis
2783 1164 3055 1218 divinitus
3093 1167 3314 1234 collata,
3348 1168 3408 1221 in
3436 1186 3549 1239 qua
3586 1170 3682 1225 alii

1989 1252 2344 1315 manserunt,
2378 1254 2433 1301 et
2479 1265 2547 1303 ex
2578 1266 2692 1320 qua
2740 1252 2837 1304 alii
2875 1259 3235 1320 corruerunt,
3272 1255 3349 1308 ita
3379 1258 3676 1328 adjungit:

1989 1334 2213 1404 [Angeli
2244 1337 2443 1401 sancti,
2474 1338 2572 1407 qui
2597 1339 2930 1393 cadentibus
2961 1342 3087 1393 aliis
3119 1359 3221 1411 per
3252 1344 3495 1398 liberum
3527 1347 3678 1400 arbi-

1987 1423 2186 1484 trium,
2234 1440 2338 1493 per
2382 1425 2534 1479 idem
2580 1427 2825 1481 liberum
2870 1429 3173 1483 arbitrium
3220 1437 3500 1485 steterunt
3549 1434 3679 1503 ipsi,

1984 1510 2158 1581 hujus
2192 1512 2506 1567 mansionis
2536 1515 2785 1568 debitam
2821 1519 3144 1572 mercedem
3176 1521 3428 1590 recipere
3463 1538 3682 1576 merue-

1985 1605 2134 1653 runt.
2166 1602 2401 1654 Tantam
2442 1602 2655 1656 scilicet
2686 1604 3060 1657 beatitudinis
3092 1607 3534 1675 plenitudinem,
3568 1627 3681 1680 qua

1988 1688 2071 1741 eis
2100 1689 2483 1743 certissimum
2527 1691 2599 1744 sit
2630 1709 2857 1761 semper
2887 1710 2945 1747 se
2987 1694 3047 1746 in
3077 1696 3174 1748 illa
3202 1712 3321 1748 esse
3354 1712 3675 1752 mansuros.

1986 1776 2043 1830 Si
2073 1782 2264 1831 autem
2298 1779 2407 1832 hoc
2432 1779 2781 1849 adjutorium
2814 1782 2902 1835 vel
2941 1784 3146 1853 angelo
3179 1785 3265 1837 vel
3296 1784 3519 1838 homini
3548 1803 3676 1839 cum

1986 1865 2243 1934 primum
2289 1867 2422 1920 facti
2464 1874 2596 1922 sunt
2641 1869 2933 1931 defuisset,
2968 1872 3240 1940 quoniam
3272 1889 3388 1926 non
3416 1874 3543 1926 talis
3575 1891 3677 1927 na-

1986 1959 2116 2006 tura
2146 1954 2292 2008 facta
2322 1960 2462 2022 erat,
2500 1963 2562 2009 ut
2602 1957 2722 2011 sine
2764 1958 2957 2011 divino
3002 1960 3286 2028 adjutorio
3320 1967 3513 2030 posset
3556 1978 3678 2016 ma-

1986 2057 2123 2096 nere
2170 2044 2216 2097 si
2274 2044 2462 2109 vellet,
2516 2062 2631 2098 non
2697 2047 2894 2116 utique
2950 2064 3052 2101 sua
3109 2050 3275 2119 culpa
3324 2051 3675 2105 cecidissent.

1984 2131 2347 2201 Adjutorium
2390 2134 2603 2203 quippe
2633 2135 2923 2200 defuisset,
2974 2138 3095 2189 sine
3136 2154 3248 2207 quo
3295 2154 3527 2192 manere
3564 2157 3680 2193 non

1984 2218 2263 2291 possent]
2309 2220 2368 2274 Si
2415 2222 2569 2275 enim
2617 2239 2723 2275 nos
2773 2224 2841 2276 de
2893 2224 3201 2294 Scripturis
3254 2228 3462 2280 sanctis
3516 2244 3679 2283 nosse

1982 2307 2301 2375 potuimus,
2345 2315 2568 2361 sanctos
2599 2311 2832 2380 angelos
2871 2312 2990 2381 jam
3023 2314 3209 2365 nullos
3252 2330 3372 2367 esse
3404 2332 3632 2369 casuros
3661 2333 3674 2370 :

1984 2400 2200 2465 quanto
2230 2396 2411 2466 magis
2449 2398 2552 2450 hoc
2601 2399 2708 2468 ipsi
2747 2401 2997 2454 revelata
3038 2400 3145 2454 sibi
3186 2402 3489 2457 sublimius
3531 2405 3679 2457 veri-

1984 2490 2098 2539 tate
2149 2486 2459 2539 noveruntl
2511 2486 2706 2557 [Nobis
2738 2488 2953 2557 quippe
3002 2489 3167 2542 beata
3210 2490 3333 2543 sine
3390 2492 3503 2544 ﬁne
3563 2491 3681 2545 vita

1984 2574 2266 2644 promissa
2311 2580 2414 2641 est,
2447 2582 2503 2627 et
2551 2575 2848 2645 aequalitas
2882 2578 3255 2647 angelorum;
3287 2596 3351 2632 ex
3396 2596 3511 2648 qua
3542 2596 3679 2650 pro-

1983 2662 2254 2717 missione
2298 2664 2437 2717 certi
2468 2681 2683 2730 sumus,
2719 2681 2849 2719 cum
2895 2666 2964 2719 ad
2994 2666 3149 2719 illam
3200 2668 3374 2721 vitam
3422 2675 3551 2738 post
3585 2670 3679 2739 ju-

1982 2752 2197 2805 dicium
2231 2754 2575 2820 venerimus,
2610 2770 2727 2807 non
2757 2755 2887 2807 inde
2923 2771 3025 2807 nos
3051 2772 3175 2809 esse
3205 2757 3483 2826 lapsuros.
3518 2758 3680 2821 Quod

1984 2840 2031 2892 si
2079 2841 2148 2893 de
2196 2841 2397 2910 seipsis
2446 2842 2635 2911 angeli
2678 2844 2959 2909 nesciunt,
3012 2860 3129 2897 non
3161 2866 3187 2891 ‹‹
3233 2848 3480 2914 aequales
3522 2869 3548 2893 ››
3580 2848 3680 2900 sed

174 2931 315 2995 Deo,
350 2946 414 2982 ex
446 2946 560 3000 quo
604 2930 754 2983 bono
785 2934 907 2981 erat
948 2930 1150 2982 bonus.
1185 2929 1416 2981 Vivebat
1442 2929 1564 2981 sine
1592 2928 1707 2980 ulla
1738 2943 1869 2997 ege-
1915 2945 1954 2999 ρ
1984 2929 2271 2982 beatiores
2297 2948 2323 2977 ι(
2361 2930 2575 2984 erimus
2606 2933 2823 2999 (Matth.
2860 2947 2994 2998 xxn,
3028 2934 3137 3002 30).
3172 2952 3199 2983 )›
3240 2934 3453 2987 Veritas
3484 2941 3678 2989 autem

174 3022 344 3082 state,
380 3018 455 3071 ita
504 3033 729 3088 semper
772 3017 959 3070 vivere
1000 3017 1215 3071 habens
1260 3016 1319 3069 in
1365 3020 1664 3087 potestate.
1704 3016 1873 3069 Cibus

175 3107 399 3172 aderat,
434 3124 503 3160 ne
555 3106 827 3171 esuriret;
860 3111 1052 3175 potus,
1105 3122 1173 3159 ne
1217 3106 1419 3171 sitiret,
1462 3105 1687 3174 lignum
1719 3105 1870 3170 vitm,

170 3212 244 3248 ne
282 3196 449 3249 illum
498 3199 723 3248 senecta
772 3194 1125 3249 dissolveret.
1180 3195 1329 3248 Nihil
1376 3193 1763 3263 corruptionis
1811 3194 1871 3246 in

170 3300 438 3354 corpore,
480 3284 565 3336 vel
613 3299 679 3335 ex
728 3298 968 3352 corpore
1014 3282 1132 3336 ulla
1178 3282 1435 3336 molestia
1478 3298 1537 3336 se
1581 3282 1693 3334 illis
1748 3281 1872 3351 ejus

171 3373 435 3426 sensibus
466 3370 782 3441 ingerebat.
826 3371 1024 3424 Nullus
1074 3371 1418 3424 intrinsecus
1462 3370 1714 3436 morbus,
1743 3371 1872 3424 nul-

170 3464 263 3516 lus
293 3461 441 3514 ictus
491 3461 856 3514 metuebatur
903 3459 1270 3513 extrinsecus.
1317 3459 1553 3513 Summa
1600 3460 1659 3511 in
1702 3474 1871 3512 carne

172 3551 412 3615 sanitas,
469 3550 526 3601 in
586 3549 778 3601 animo
838 3548 965 3617 [al.,
1013 3548 1220 3617 anima]
1280 3551 1399 3601 tota
1458 3548 1867 3619 tranquillitas.

171 3640 332 3693 Sicut
361 3640 423 3691 in
453 3638 717 3707 paradiso
756 3638 947 3690 nullus
980 3641 1152 3689 aestus
1184 3642 1283 3690 aut
1312 3636 1514 3705 frigus,
1546 3638 1627 3690 ita
1658 3637 1716 3689 in
1749 3636 1872 3705 ejus

171 3727 497 3780 habitatore
543 3724 703 3777 nulla
750 3741 819 3778 ex
866 3725 1175 3794 cupiditate
1224 3724 1309 3778 vel
1341 3725 1546 3778 timore
1582 3726 1874 3779 accidebat

170 3815 341 3868 bona:
382 3814 693 3868 voluntatis
728 3813 986 3866 offensio.
1036 3813 1189 3866 Nihil
1232 3813 1470 3866 omnino
1513 3812 1693 3879 triste,
1730 3813 1873 3865 nihil

170 3907 297 3957 erat
344 3902 593 3955 inaniter
641 3904 868 3967 laetum;
908 3901 1182 3971 gaudium
1237 3917 1371 3955 vero
1420 3901 1875 3971 perpetuabatur

172 4008 241 4045 ex
276 3993 411 4053 Deo,
446 3991 505 4044 in
536 4006 707 4061 quem
738 3990 1017 4059 flagrabat
1060 4010 1087 4038 ι(
1133 3990 1375 4043 charitas
1406 3990 1475 4043 de
1505 3990 1672 4043 corde
1702 4005 1870 4059 puro,

171 4083 227 4131 et
258 4078 611 4131 conscientia
653 4078 803 4131 bona
832 4082 886 4129 et
924 4076 1036 4129 tida
1068 4093 1182 4129 non
1228 4077 1357 4130 ficta
1400 4079 1450 4141 (I
1489 4080 1625 4131 Tim.
1662 4094 1699 4143 1,
1732 4078 1807 4146 5),
1846 4098 1867 4125 ι

169 4172 345 4236 atque
376 4166 529 4219 inter
571 4183 627 4219 se
677 4166 985 4235 conjugum
1019 4164 1133 4218 fida
1176 4181 1239 4217 ex
1272 4166 1511 4218 honesto
1544 4181 1739 4218 amore
1782 4183 1869 4219 so-

1985 3016 2149 3069 nobis
2181 3034 2377 3071 eorum
2426 3018 2689 3088 promisit
2729 3021 3133 3089 aequalitatem.
3182 3023 3411 3075 Certum
3455 3028 3541 3076 est
3568 3022 3674 3092 igi-

1982 3110 2077 3158 tur
2107 3106 2215 3159 hoc
2245 3123 2343 3161 eos
2392 3124 2553 3160 nosse
2585 3123 2686 3177 per
2717 3109 2965 3178 speciem
3013 3110 3167 3179 quod
3202 3127 3303 3163 nos
3348 3126 3448 3181 per
3482 3112 3675 3179 tidem,

1983 3196 2203 3248 nullam
2248 3196 2459 3250 scilicet
2505 3198 2734 3251 ruinam
2762 3199 3101 3268 cujusquam
3132 3201 3309 3253 sancti
3340 3202 3528 3269 angeli
3555 3202 3677 3271 jam

1979 3282 2274 3354 futuram.]

2052 3374 2163 3426 Hac
2222 3374 2318 3427 Dei
2368 3373 2553 3443 gratia
2601 3380 2822 3427 sanctos
2875 3375 3106 3445 angelos
3168 3375 3426 3445 indigere
3482 3377 3679 3431 beatus

1984 3460 2157 3513 etiam
2204 3458 2543 3514 Ambrosius
2597 3460 2656 3513 in
2711 3463 3065 3531 expositione
3120 3464 3326 3532 psalmi
3385 3464 3678 3518 centesimi

1982 3549 2165 3601 octavi
2196 3549 2400 3603 decimi
2453 3550 2532 3602 ita
2580 3551 2901 3617 confirmat,
2952 3552 3145 3605 dicens
3175 3556 3357 3621 (serm.
3403 3553 3498 3622 8):
3536 3552 3677 3624 [Ali-

1980 3642 2066 3690 ter
2114 3643 2243 3706 eget
2273 3637 2667 3691 misericordia
2698 3640 3095 3707 archangelus,
3138 3640 3305 3693 aliter
3343 3640 3548 3707 homo;
3578 3656 3681 3694 an-

1982 3725 2096 3793 geli
2123 3725 2279 3778 enim
2330 3732 2534 3778 natura
2563 3742 2679 3779 non
2720 3726 2917 3796 utique
2957 3726 3037 3781 ita
3065 3730 3403 3797 corruptelae
3434 3729 3681 3784 obnoxia

1981 3819 2068 3866 est
2114 3818 2178 3866 ut
2232 3816 2437 3867 natura
2492 3814 2721 3882 generis
2774 3815 3033 3867 humani.
3096 3818 3159 3869 Et
3212 3816 3339 3870 ideo
3402 3818 3497 3870 ille
3551 3824 3680 3887 eget

1983 3900 2373 3954 misericordia
2419 3902 2517 3954 Dei
2566 3918 2637 3955 ne
2688 3903 2865 3971 possit
2914 3919 3123 3972 errare,
3175 3911 3229 3958 et
3277 3922 3474 3959 aversa
3531 3923 3563 3959 a
3620 3924 3677 3960 se

1986 3986 2083 4039 Dei
2115 3986 2321 4055 gratia,
2371 3988 2593 4040 labatur
2622 3988 2679 4040 in
2730 3988 2952 4041 vitium.
2990 3991 3172 4043 Homo
3203 3996 3397 4043 autem
3428 3990 3531 4045 etsi
3557 3991 3677 4061 jam

1980 4072 2232 4127 ﬁrmiore
2264 4074 2650 4143 propositione
2684 4076 2799 4143 [ιιι.ν
2834 4077 3196 4146 propositio],
3223 4083 3415 4131 tamen
3442 4082 3680 4147 propter

1981 4164 2404 4215 contractarum
2489 4162 2697 4215 seriem
2781 4171 3142 4233 peccatorum
3228 4165 3678 4219 misericordiam

166 4255 379 4323 cietas;
421 4270 656 4307 concors
696 4253 907 4306 mentis
946 4252 1320 4322 corporisque
1351 4252 1571 4322 vigilia,
1603 4259 1660 4307 et
1700 4270 1869 4307 man-
1912 4248 1953 4301 D
1982 4251 2207 4322 quaarit.
2261 4253 2457 4321 Itaque
2507 4257 2562 4305 et
2606 4253 2653 4304 si
2702 4258 2943 4324 uterque
2990 4254 3383 4310 misericordia
3428 4255 3675 4325 indiget,

164 4343 287 4397 dati
342 4343 463 4397 sine
515 4343 711 4396 labore
761 4341 1037 4395 custodia.
1093 4341 1215 4394 Non
1266 4341 1544 4394 lassitudo
1598 4342 1873 4411 fatigabat

165 4432 445 4497 otiosum,
476 4446 592 4484 non
625 4446 857 4484 somnus
888 4430 1185 4500 premebat
1210 4426 1498 4500 invitum]

240 4520 385 4573 Item
436 4519 589 4573 idem
632 4519 830 4573 doctor
886 4518 1266 4584 beatissimus,
1316 4517 1385 4571 de
1440 4517 1640 4570 eadem
1697 4516 1870 4586 primi

165 4608 425 4661 hominis
487 4624 517 4660 a
588 4608 701 4660 Deo
769 4613 995 4677 accepta
1042 4606 1250 4677 gratia,
1311 4610 1367 4659 et
1416 4606 1650 4676 propria
1702 4607 1871 4675 culpa

166 4696 405 4763 amissa,
437 4695 494 4748 in
530 4696 675 4748 libro
709 4696 777 4748 de
808 4696 1177 4765 Correptione
1205 4700 1261 4749 et
1290 4695 1499 4759 Gratia,
1536 4697 1611 4746 ita
1643 4694 1868 4759 astruit,

166 4784 366 4837 dicens
391 4785 460 4851 (c.
513 4785 599 4851 Η)
626 4799 638 4836 :
666 4781 859 4854 [Istam
900 4783 1144 4851 gratiam
1184 4783 1388 4837 habuit
1420 4784 1594 4835 homo
1627 4781 1868 4851 primus,

166 4872 230 4925 in
274 4887 409 4941 qua,
440 4870 484 4923 si
516 4886 853 4940 permanere
900 4872 1089 4937 vellet,
1134 4887 1432 4941 nunquam
1476 4871 1659 4924 malus
1690 4874 1867 4935 esset;

168 4966 225 5016 et
256 4961 379 5013 sine
408 4977 523 5031 qua
552 4961 723 5014 etiam
756 4977 886 5015 cum
910 4961 1092 5014 libero
1126 4960 1361 5014 arbitrio
1392 4960 1576 5015 bonus
1600 4976 1719 5014 esse
1753 4975 1868 5013 non

166 5054 383 5120 posset,
416 5050 515 5103 sed
544 5066 669 5104 eam
719 5055 911 5104 tamen
942 5066 1044 5121 per
1076 5049 1320 5103 liberum
1356 5048 1654 5103 arbitrium
1701 5049 1865 5102 dese-

166 5154 298 5193 rere
330 5143 539 5207 posset.
594 5140 704 5193 Nec
737 5140 925 5208 ipsum
977 5155 1113 5208 ergo
1164 5139 1311 5192 Deus
1363 5153 1484 5190 esse
1536 5136 1714 5190 voluit
1747 5137 1869 5189 sine

168 5244 275 5282 sua
316 5228 521 5298 gratia,
555 5244 727 5298 quem
776 5226 897 5298 [al.,
933 5226 1133 5297 quam]
1165 5226 1399 5296 reliquit
1428 5226 1488 5278 in
1535 5226 1657 5294 ejus
1692 5225 1867 5278 libero

168 5317 433 5381 arbitrio,
458 5317 734 5387 quoniam
767 5318 1011 5371 liberum
1037 5316 1336 5369 arbitrium
1368 5314 1437 5367 ad
1465 5314 1677 5367 malum
1709 5312 1867 5367 suffi-

168 5406 267 5471 cit,
312 5406 383 5459 ad
426 5406 647 5459 bonum
679 5410 871 5459 autem
917 5420 1122 5474 parum
1169 5408 1271 5468 est,
1310 5402 1419 5457 nisi
1465 5402 1768 5472 adjuvetur
1800 5402 1869 5455 ab

170 5494 566 5565 Omnipotenti
589 5494 768 5548 bono:
798 5492 950 5563 quod
982 5490 1331 5562 adjutorium
1362 5490 1410 5544 si
1436 5490 1609 5545 homo
1641 5489 1737 5545 ille
1768 5505 1872 5559 per

1980 4338 2145 4393 aliter
2174 4344 2369 4392 tamen
2413 4340 2617 4410 angelo
2664 4342 3072 4411 misericordia,
3106 4345 3273 4398 aliter
3320 4344 3543 4399 homini
3575 4343 3674 4397 de-

1979 4428 2189 4496 betur.]
2251 4428 2409 4480 Hunc
2461 4431 2633 4498 primi
2678 4430 2928 4485 hominis
2974 4438 3185 4486 statum
3233 4434 3414 4487 libero
3464 4433 3679 4487 scilicet

1980 4516 2219 4568 arbitrio
2272 4518 2604 4585 praeditum,
2653 4520 2749 4572 sed
2782 4520 2974 4573 divina
3017 4524 3223 4589 gratia,
3272 4528 3334 4575 ut
3365 4523 3584 4577 bonum
3617 4523 3678 4576 in

1980 4618 2092 4671 quo
2122 4605 2388 4658 conditus
2434 4606 2623 4659 fuerat
2661 4609 2873 4661 servari
2924 4616 3135 4678 posset,
3169 4612 3429 4682 adjutum
3459 4612 3674 4666 beatis-

1980 4692 2109 4743 simi
2147 4692 2339 4745 Patres
2365 4694 2585 4762 praafati
2616 4697 2792 4748 sancti
2824 4697 3076 4750 doctoris
3117 4702 3461 4754 sententiam
3492 4699 3673 4754 secuti

1980 4780 2289 4833 venerandi
2332 4782 2559 4835 concilii
2600 4784 2688 4837 sui
2718 4786 3056 4842 auctoritate
3087 4788 3169 4842 ita
3194 4789 3673 4842 commendarunt

1979 4866 2154 4928 (Conc.
2210 4868 2489 4937 Arausic.,
2538 4886 2661 4924 can.
2700 4874 2817 4942 l9):
2868 4874 3104 4943 [Natura
3142 4877 3414 4939 humana,
3448 4876 3675 4929 etiamsi

1979 4955 2038 5008 in
2085 4956 2183 5009 illa
2222 4956 2551 5028 integritate
2598 4961 2658 5014 in
2706 4978 2820 5032 qua
2873 4969 2959 5017 est
3013 4965 3238 5017 condita
3288 4968 3673 5034 permaneret,

1978 5045 2138 5098 nullo
2172 5047 2339 5100 modo
2374 5046 2613 5117 seipsam
2650 5051 2916 5105 Creatore
2948 5068 3050 5105 suo
3082 5068 3195 5105 non
3230 5053 3531 5122 adjuvante
3562 5068 3663 5105 ser-

1977 5138 2171 5187 varet:
2209 5135 2357 5187 unde
2402 5152 2532 5189 cum
2580 5137 2702 5191 sine
2738 5140 2836 5192 Dei
2870 5140 3054 5208 gratia
3106 5142 3347 5195 salutem
3391 5158 3506 5195 non
3536 5158 3672 5212 pos-

1980 5229 2065 5275 set
2103 5224 2385 5278 custodire
2416 5242 2589 5295 quam
2632 5229 2866 5297 accepit,
2919 5229 3212 5298 quomodo
3246 5230 3367 5283 sine
3418 5233 3514 5283 Dei
3544 5247 3673 5300 gra-

1976 5312 2058 5364 tia
2106 5314 2316 5379 poterit
2366 5330 2631 5383 reparare
2679 5315 2831 5385 quod
2879 5316 3191 5387 perdidit?]
3240 5319 3335 5372 His
3381 5319 3572 5389 itaque
3604 5319 3674 5373 de

1978 5401 2166 5470 prima
2212 5402 2531 5471 qurestione
2581 5402 2828 5456 breviter
2881 5404 3184 5474 adnotatis,
3246 5407 3504 5477 quisquis
3557 5407 3674 5461 sin-

1979 5505 2127 5556 cere,
2179 5496 2236 5544 et
2284 5506 2448 5561 pure,
2484 5495 2539 5544 et
2586 5490 2861 5545 catholico
2915 5493 2985 5548 de
3029 5494 3129 5549 illa
3178 5496 3351 5567 primi
3396 5496 3673 5564 hominis,
