4096 6186
484 273 607 324 1091

477 406 594 458 sive
622 404 875 472 angelica
905 398 1235 453 conditione
1265 396 1348 448 vel
1373 392 1724 447 beatitudine
1747 391 1957 445 sentire
1988 392 2163 459 cupit,

478 492 735 546 attendat
800 488 1047 542 ﬁdeliter
1107 484 1358 538 divinam
1423 482 1843 543 auctoritatem,
1913 478 2167 531 attendat

478 579 838 634 ﬁdelissimos
882 573 1137 629 Ecclesiae
1187 574 1377 625 Patres
1408 568 1739 622 ﬁdelissime
1784 567 2162 636 disputantes,

480 668 738 721 attendat
768 665 941 719 etiam
986 661 1238 715 conciliis
1281 656 1607 727 aggregatis
1655 656 1909 724 idipsum
1956 653 2166 706 ﬁrmis-

480 756 621 809 sime
653 753 1020 817 deﬁnientes;
1052 757 1107 803 et
1152 764 1269 801 non
1306 748 1465 816 juxta
1507 744 1752 813 impium
1793 741 2164 811 Pelagianum

478 844 671 897 credat
715 841 964 911 primum
998 838 1291 891 hominem
1340 835 1458 887 solo
1493 850 1593 885 suo
1634 830 1873 884 arbitrio
1920 829 1976 881 in
2020 828 2168 881 bono

479 932 630 1002 quod
662 934 953 998 acceperat
982 939 1318 996 permanere
1350 922 1621 992 potuisse,
1654 920 1750 972 sed
1780 918 1950 971 etiam
1982 916 2170 985 ipsum

481 1020 739 1091 quandiu
794 1017 945 1070 stetit
1000 1014 1191 1069 divina
1244 1011 1426 1082 gratia
1480 1009 1737 1077 adjutum
1802 1005 2002 1070 fuisse;
2068 1018 2172 1055 nec

481 1108 939 1178 omnipotentem
984 1105 1183 1168 Deum,
1236 1104 1299 1153 ut
1344 1100 1495 1155 idem
1551 1102 1722 1150 homo
1768 1094 1826 1147 in
1874 1092 2171 1146 sanctitate

481 1204 537 1252 et
588 1196 811 1266 justitia
859 1195 1225 1263 permaneret
1289 1185 1686 1241 tantummodo
1746 1182 2013 1245 voluisse,
2073 1178 2171 1232 sed

481 1292 543 1340 ut
569 1298 905 1356 permanere
936 1280 1117 1348 possit
1146 1278 1319 1331 etiam
1347 1275 1700 1344 adjutorium
1726 1272 1965 1326 dedisse.

1155 1402 1378 1456 CAPUT
1420 1400 1505 1452 IV.

483 1534 622 1585 Item
669 1531 735 1583 de
779 1531 954 1597 primo
1002 1525 1258 1593 capitulo.
1310 1553 1377 1560 —
1405 1520 1839 1597 APraedesttuatio
1890 1519 2174 1571 electorum

905 1613 1010 1651 non
1040 1601 1117 1649 est
1146 1610 1212 1648 ex
1240 1595 1490 1662 praevisis
1519 1593 1745 1644 meritis.

552 1726 683 1778 Post
713 1723 832 1776 haec
863 1719 1230 1790 subjungitur
1258 1717 1312 1770 in
1342 1717 1460 1785 jam
1492 1714 1641 1768 dicto
1675 1712 1860 1783 primo
1890 1710 2171 1780 capitulo:

558 1834 577 1860 α
615 1813 796 1864 Homo
828 1809 1007 1862 libero
1048 1805 1286 1860 arbitrio
1329 1804 1477 1857 male
1520 1807 1682 1855 utens
1715 1800 1965 1871 peccavit
2001 1803 2057 1850 et
2086 1814 2172 1850 ce-

481 1900 636 1965 cidit,
670 1903 727 1952 et
771 1898 949 1951 factus
995 1900 1079 1948 est
1130 1910 1313 1946 massa
1358 1890 1694 1962 perditionis
1741 1889 1916 1941 totius
1950 1886 2175 1957 generis

481 1986 741 2042 humani.
796 1988 941 2038 Deus
989 1988 1181 2036 autem
1228 1982 1413 2035 bonus
1458 1985 1509 2033 et
1549 1981 1737 2048 justus
1784 1976 1954 2045 elegit
1986 1991 2047 2028 ex
2080 1990 2173 2026 ea-

483 2077 614 2130 dem
681 2090 865 2128 massa
940 2069 1309 2142 perditionis,
1369 2068 1681 2121 secundum
1758 2064 2171 2135 prmscientiam

483 2179 667 2229 suam,
703 2178 847 2232 quos
892 2176 992 2230 per
1031 2158 1271 2227 gratiam
1316 2154 1743 2226 praedestinavit
1776 2154 1845 2207 ad
1890 2152 2082 2215 vitam,
2121 2154 2176 2203 et

483 2253 655 2305 vitam
691 2251 803 2304 illis
854 2246 1283 2319 prazdestinavit
1324 2250 1617 2297 aeternam.
1654 2265 1680 2291 »
1721 2244 1781 2295 In
1816 2241 2025 2312 quibus
2056 2255 2175 2292 ver-

480 2340 567 2392 bis
622 2339 776 2409 quod
835 2338 1052 2391 dictum
1098 2340 1181 2388 est
1219 2334 1289 2387 de
1334 2334 1447 2386 Deo
1496 2333 1644 2385 bono
1702 2335 1757 2383 et
1808 2330 1981 2400 justo,
2040 2328 2175 2398 quia

483 2450 509 2477 «
546 2428 721 2498 elegit
755 2444 821 2480 ex
851 2427 1047 2480 eadem
1081 2440 1267 2479 massa
1297 2421 1637 2492 perditionis
1679 2419 1993 2473 secundum
2025 2433 2173 2487 pra:-

483 2517 784 2570 scientiam
841 2530 1033 2579 suam,
1096 2528 1241 2581 quos
1289 2526 1392 2580 per
1450 2510 1690 2577 gratiam
1747 2505 2177 2577 praedestinavit

482 2605 554 2658 ad
602 2604 798 2669 vitam,
850 2623 877 2652 ››
926 2601 1235 2671 probamus
1282 2599 1514 2668 quidem
1580 2596 1731 2666 quod
1786 2598 1994 2648 electos
2044 2609 2175 2646 suos

484 2691 851 2760 omnipotens
902 2690 1047 2742 Deus
1096 2703 1199 2757 per
1243 2685 1485 2756 gratiam
1542 2701 1702 2737 suam
1750 2681 2178 2753 prmdestinavit

484 2780 555 2834 ad
601 2779 793 2844 vitam,
829 2782 884 2830 et
922 2776 1097 2829 vitam
1146 2774 1258 2827 illis
1305 2772 1736 2843 praedestinavit
1779 2776 2072 2835 aeternam,
2116 2776 2177 2822 ut

485 2875 540 2923 et
589 2867 699 2938 ipsi
741 2867 867 2920 vita;
899 2870 1146 2930 mternm,
1191 2868 1247 2915 et
1275 2862 1389 2915 vita
1438 2866 1649 2914 aeterna
1696 2860 1831 2929 ipsis
1864 2860 1937 2913 sit
1965 2860 2177 2929 praede-

484 2956 728 3011 stinata?
774 2957 1089 3023 Utrumque
1137 2951 1290 3005 enim
1344 2955 1430 3004 est
1477 2966 1673 3003 verum
1723 2954 1780 3002 et
1827 2948 2075 3001 dilucide
2106 2947 2176 3000 ab

483 3046 756 3116 Apostolo
806 3044 1086 3114 positum;
1138 3041 1218 3094 ait
1261 3054 1510 3109 namque
1554 3039 1622 3092 de
1673 3037 2177 3107 praedestinatione

484 3135 797 3188 electorum
846 3131 915 3185 ad
959 3130 1167 3182 vitam:
1216 3149 1243 3175 ‹‹
1296 3127 1448 3190 Quos
1505 3130 1696 3179 autem
1754 3124 2180 3195 praedestinavit

483 3223 590 3277 hos
649 3226 706 3275 et
747 3219 997 3284 vocavit;
1046 3222 1103 3270 et
1134 3233 1279 3287 quos
1312 3215 1554 3282 vocavit,
1602 3215 1705 3267 hos
1751 3219 1809 3266 et
1848 3213 2181 3283 justiﬁcavit

486 3328 629 3382 quos
659 3314 848 3363 autem
899 3306 1243 3378 justiticavit,
1294 3305 1420 3357 illos
1468 3309 1523 3357 et
1570 3302 1951 3373 magniﬁcavit
2005 3301 2175 3370 (Rom.

484 3418 601 3468 vni,
635 3402 740 3466 30).
786 3416 815 3451 ›)
866 3399 931 3450 Et
962 3396 1113 3467 quod
1158 3394 1371 3448 eisdem
1430 3392 1622 3445 electis
1675 3392 1848 3444 vitam
1907 3396 2179 3444 aeternam

485 3486 996 3560 praedestinaverit,
1046 3484 1124 3536 ita
1167 3483 1278 3536 alio
1330 3483 1446 3535 loco
1479 3480 1646 3534 dicit:
1696 3502 1723 3527 ‹‹
1767 3481 1827 3534 In
1860 3496 2018 3551 spem
2049 3480 2180 3534 vitae

488 3583 741 3642 aeternas,
775 3588 946 3643 quam
975 3571 1256 3642 promisit,
1284 3570 1381 3639 qui
1402 3586 1516 3622 non
1547 3568 1843 3633 mentitur,
1880 3570 2024 3624 Deus
2053 3574 2181 3620 ante

486 3668 745 3732 tempora
776 3666 990 3714 aeterna
1027 3660 1159 3727 (Tit.
1194 3675 1231 3723 ῐ,
1268 3659 1345 3724 2).
1383 3676 1409 3709 »

558 3751 663 3805 Sed
700 3752 802 3803 hoc
854 3766 955 3802 nos
994 3755 1182 3801 movet
1229 3763 1329 3799 cur
1389 3746 1445 3799 in
1508 3747 1610 3800 hac
1664 3745 2015 3809 deﬁnitione,
2073 3761 2183 3814 qua

488 3856 592 3911 per
622 3838 862 3910 gratiam
897 3838 997 3891 Dei
1030 3841 1084 3889 et
1129 3836 1293 3890 electi
1323 3836 1392 3889 ad
1442 3836 1613 3888 vitam
1654 3839 1949 3901 aeternam,
1983 3840 2039 3886 et
2072 3833 2185 3886 vita

488 3935 702 3984 aeterna
744 3927 946 3982 iisdem
994 3926 1186 3978 electis
1231 3924 1483 3978 creditur
1528 3932 1872 3993 przeparata,
1924 3922 2078 3992 ipsos
2108 3927 2185 3975 ta-

488 4033 624 4070 men
682 4017 888 4069 electos
951 4014 1161 4083 absque
1215 4013 1331 4065 ulla
1387 4011 1934 4065 commemoratione
1987 4011 2184 4080 gratiae

489 4106 800 4160 secundum
863 4101 1281 4174 praescientiam
1329 4116 1490 4154 suam
1554 4102 1700 4153 Deus
1760 4099 1995 4169 elegisse
2035 4099 2186 4153 dica-

489 4200 613 4261 tur;
646 4193 809 4265 quasi
832 4193 1019 4263 gratia
1051 4191 1122 4244 sit
1161 4190 1310 4260 quod
1343 4190 1507 4242 electi
1542 4188 1882 4258 perveniunt
1910 4188 1978 4240 ad
2012 4188 2186 4239 vitam

1598 258 1652 311 S.
1697 256 1973 311 REMltlll
2017 252 2488 310 LUGDUNENSIS
2531 249 2850 307 EPISCOPI

3814 258 3921 307 “)9?

2207 390 2383 451 Abus
2416 388 2661 458 geminis
2711 389 2862 441 Isaac
2916 391 2971 439 et
3030 387 3296 440 Rebeccae
3346 387 3426 440 ita
3476 388 3692 442 dicens:
3752 414 3775 437 (ι
3809 392 3921 446 Cum

2280 476 2433 529 enim
2482 476 2723 528 necdum
2759 473 2880 528 nati
2930 479 3139 538 essent,
3180 480 3279 528 aut
3327 475 3543 544 aliquid
3591 476 3823 545 egissent
3842 480 3919 532 bo-

2281 580 2419 617 num
2466 565 2550 615 vel
2586 564 2822 627 malum,
2868 568 2928 615 ut
2979 562 3291 615 secundum
3338 563 3671 617 electionem
3714 570 3920 636 proposi-

2280 658 2402 705 tum
2459 652 2556 705 Dei
2606 656 2862 704 maneret
2906 668 3021 703 non
3072 668 3135 704 ex
3181 651 3471 720 operibus,
3508 653 3603 705 sed
3650 669 3708 704 ex
3734 662 3920 707 vocante

2281 741 2494 793 dictum
2545 746 2664 792 est:
2739 740 2914 809 Major
2962 740 3169 792 serviet
3219 739 3449 805 minori,
3504 742 3649 793 sicut
3694 741 3919 811 scriptum

2281 833 2398 881 est:
2452 829 2622 881 Jacob
2673 828 2865 890 dilexi,
2926 830 3065 881 Esau
3116 832 3309 880 autem
3370 827 3501 881 odio
3560 829 3725 881 habui
3782 832 3918 895 (Rom.

2281 934 2357 983 1x,
2418 919 2503 981 10,
2546 920 2701 985 etc.).
2756 937 2782 965 ››
2830 916 3122 970 Manifesta
3170 917 3322 969 enim
3370 916 3477 969 hoc
3529 918 3720 971 odium
3752 919 3835 971 Dei
3880 922 3919 975 in

2284 1006 2425 1058 Esau
2461 1020 2528 1057 cx
2562 1006 2766 1057 merito
2815 1004 2921 1057 fuit
2967 1004 3262 1074 originalis
3304 1005 3547 1073 peccati;
3595 1005 3689 1057 illa
3727 1021 3839 1058 vero
3864 1010 3922 1059 di-

2283 1094 2448 1146 lectio
2482 1093 2579 1146 Dei
2622 1093 2680 1145 in
2710 1094 2902 1155 Jacob,
2935 1108 3065 1145 cum
3098 1093 3301 1146 eodem
3354 1093 3733 1146 damnationis
3761 1096 3921 1147 merito

2281 1184 2576 1233 teneretur
2621 1180 2923 1249 obligatus,
2983 1196 3049 1233 ex
3108 1180 3230 1233 sola
3285 1181 3537 1250 gratuita
3596 1181 3924 1235 misericordia

2283 1268 2517 1333 exstitit,
2574 1268 2720 1321 sicut
2782 1269 2934 1322 idem
2991 1270 3297 1338 Apostolus
3353 1270 3632 1323 continuo
3682 1269 3923 1339 subjungit

2284 1356 2525 1410 dicens:
2587 1378 2614 1405 α
2675 1357 2820 1419 Quid
2862 1373 2998 1425 ergo
3049 1357 3341 1411 dicemus?
3384 1358 3655 1427 Nunquid
3704 1358 3925 1428 iniquitas

2284 1445 2431 1514 apud
2466 1446 2685 1499 Deum?
2714 1444 2903 1511 Absit;
2942 1445 3116 1513 Moysi
3155 1445 3307 1499 enim
3344 1446 3481 1499 dicit
3511 1463 3524 1498 :
3562 1446 3838 1499 Miserebor
3859 1449 3925 1497 cui

2287 1533 2549 1586 misertus
2594 1548 2712 1597 ero,
2764 1538 2817 1586 et
2866 1533 3317 1587 misericordiam
3370 1533 3656 1603 praestabo
3687 1534 3825 1603 cujus
3849 1534 3927 1585 mi-

2285 1621 2517 1673 serebor
2557 1622 2737 1691 (Rom.
2790 1637 2861 1685 ix,
2914 1623 2992 1683 14,
3044 1626 3092 1674 et
3132 1622 3237 1689 l3).
3302 1640 3329 1670 δ)
3382 1622 3539 1673 Hanc
3585 1637 3723 1673 verae
3772 1620 3928 1689 gratia:

2286 1714 2340 1762 et
2397 1710 2614 1762 nullius
2666 1709 2855 1762 meriti
2899 1709 3236 1762 electionem
3281 1709 3455 1762 etiam
3502 1710 3572 1762 ad
3623 1710 3929 1763 Timotheum

2285 1798 2537 1850 scribens
2606 1797 2685 1850 ita
2744 1798 3011 1851 inculcat.
3072 1819 3098 1845 ‹‹
3160 1797 3266 1851 Sed
3325 1798 3619 1851 collabora
3679 1799 3928 1865 Evangelia

2284 1887 2600 1940 secundum
2644 1886 2913 1939 virtutem
2953 1886 3070 1947 Dei,
3107 1886 3206 1955 qui
3240 1902 3342 1939 nos
3386 1886 3651 1939 liberavit
3680 1890 3730 1939 et
3760 1886 3929 1939 vocavit

2285 1974 2580 2027 vocatione
2633 1980 2845 2041 sancta,
2899 1990 3015 2027 non
3064 1975 3377 2028 secundum
3426 1990 3605 2044 opera
3640 1980 3828 2034 nostra,
3854 1973 3927 2025 sed

2285 2062 2598 2115 secundum
2640 2063 2996 2133 propositum
3047 2079 3215 2115 suum
3257 2068 3311 2116 et
3355 2063 3627 2132 gratiam,
3676 2079 3788 2133 qua‘
3830 2062 3929 2115 data

2285 2155 2368 2203 est
2408 2150 2572 2203 nobis
2618 2150 2677 2203 in
2721 2150 2940 2204 Christo
2987 2151 3119 2205 Jesu
3163 2156 3295 2205 ante
3347 2158 3615 2222 tempora
3668 2151 3924 2204 saecularia.

2283 2240 2360 2308 (II
2396 2239 2534 2293 Tim.
2562 2255 2598 2304 I,
2647 2242 2699 2303 8,
2740 2241 2818 2307 9).
2863 2257 2889 2289 ››
2926 2240 3050 2292 Non
3088 2239 3282 2309 itaque
3327 2241 3645 2293 secundum
3680 2239 3929 2309 praescieri-

2284 2327 2424 2379 tiam
2460 2328 2797 2381 meritorum
2847 2328 3019 2397 elegit
3067 2330 3214 2380 Deus
3262 2344 3328 2381 ex
3382 2344 3573 2381 massa
3626 2328 3926 2398 perditionis,

2285 2431 2427 2485 quos
2482 2416 2696 2469 faceret
2752 2416 2899 2469 ﬁlios
2966 2416 3324 2485 adOptionis;
3384 2418 3486 2471 sed
3546 2417 3718 2487 gratis
3766 2413 3926 2483 elegit,

2285 2520 2428 2574 quos
2476 2504 2545 2557 ab
2592 2504 2691 2558 illa
2744 2504 2898 2573 justa
2947 2505 3317 2559 damnatione
3368 2506 3671 2576 aequaliter
3714 2505 3929 2558 omnibus

2286 2592 2477 2646 debita
2506 2593 2950 2647 misericorditer
2978 2594 3260 2647 liberavit.

2974 2736 3199 2790 CAPUT
3245 2737 3305 2789 V.

2292 2861 2360 2912 De
2415 2858 2593 2911 eodem
2631 2860 2888 2927 capitulo.
2940 2890 3007 2896 —
3050 2859 3281 2927 Πορνοὺὶ
3331 2858 3713 2927 praedestinati
3755 2857 3817 2910 ad
3865 2859 3927 2908 iu-

2359 2932 2574 2983 teritum
2590 2936 2712 2997 post
2737 2932 3027 2997 pravisum
3049 2935 3347 2997 peccatum.
3372 2961 3439 2967 —
3477 2931 3682 2983 Divina
3704 2930 3929 2998 praescieri-

2358 3002 2437 3053 tia
2456 3006 2503 3053 et
2521 3000 2931 3068 praedestinatz'o
2958 3003 3220 3056 neminem
3242 3002 3571 3069 compellunt
3598 3002 3670 3054 ad
3684 3005 3924 3068 peccatum.

2217 2992 2257 3045 Β

2358 3122 2628 3192 Sequitur
2656 3123 2715 3175 in
2748 3122 2945 3176 eodem
2972 3123 3220 3193 capitulo
3247 3139 3261 3175 :

2363 3233 2389 3258 (ι
2432 3210 2675 3263 Caeteros
2704 3216 2916 3277 autem,
2952 3226 3096 3279 quos
3130 3210 3350 3279 justitia
3376 3216 3431 3263 et
3452 3211 3681 3281 judicio
3709 3210 3761 3264 in
3786 3225 3926 3262 massa

2287 3298 2629 3368 perditionis
2674 3298 2927 3368 reliquit,
2966 3298 3255 3368 perituros
3303 3300 3618 3369 praescivit,
3654 3299 3743 3352 sed
3774 3300 3927 3350 nonut

2290 3387 2549 3458 perirent
2609 3387 3064 3456 praedestinavit;
3126 3404 3353 3458 poenam
3410 3392 3612 3442 autem
3666 3389 3783 3451 illis,
3830 3386 3927 3456 quia

2283 3478 2473 3547 justus
2504 3480 2607 3541 est,
2641 3475 3067 3545 praedestinavit
3099 3481 3392 3530 aeternam.
3426 3481 3510 3530 Ac
3543 3494 3649 3548 per
3677 3478 3772 3531 hoc
3799 3490 3925 3527 uuam

2294 3565 2393 3618 Dei
2444 3564 3006 3634 praedestinationem
3068 3566 3466 3619 tantummodo
3526 3566 3787 3630 dicimus,
3838 3577 3927 3634 qua

2294 3653 2364 3705 ad
2420 3652 2636 3705 donum
2688 3651 2938 3721 pertinet
2986 3652 3207 3722 gratim,
3264 3657 3360 3705 aut
3413 3656 3488 3706 ad
3554 3652 3928 3707 retributionem

2286 3740 2543 3809 justitiae.
2608 3764 2632 3787 ››
2683 3742 2743 3793 In
2793 3740 3003 3810 quibus
3046 3740 3234 3794 verbis
3280 3742 3499 3795 mirum
3564 3746 3649 3794 est
3701 3736 3928 3811 quomodo

2294 3829 2567 3882 asseritur
2608 3829 2979 3898 omnipotens
3030 3830 3178 3882 Deus
3224 3833 3484 3897 caeteros,
3545 3831 3602 3884 id
3656 3836 3733 3883 est
3782 3841 3929 3881 omnes

2294 3917 2583 3987 reprobos,
2648 3918 2802 3987 justo
2845 3917 3059 3987 judicio
3113 3934 3216 3971 suo
3274 3918 3333 3971 in
3390 3934 3583 3972 massa
3650 3914 3929 3987 perditionis

2295 4006 2624 4076 reliquisse,
2686 4022 2789 4060 nec
2837 4012 3030 4059 tamen
3092 4006 3553 4076 praedestinasse,
3611 4008 3703 4061 sed
3759 4011 3927 4058 tantum

2294 4094 2586 4164 praescisse
2632 4094 2936 4165 perituros.
2978 4094 3035 4148 Si
3071 4096 3225 4149 enim
3268 4097 3491 4165 justum
3548 4096 3811 4165 judicium
3858 4089 3926 4143 Dei

2293 4183 2413 4253 jam
2456 4182 2530 4235 in
2580 4182 2690 4235 illis
2747 4182 3054 4251 praecessit,
3086 4186 3143 4237 et
3199 4184 3401 4238 eodem
3456 4185 3620 4252 justo
3665 4182 3852 4254 judicio
3887 4179 3927 4230 in

492 4283 709 4351 gratias,
745 4281 894 4350 quod
944 4280 1053 4331 vita
1084 4285 1295 4331 aeterna
1345 4277 1454 4329 illis
1482 4281 1565 4328 est
1609 4278 1955 4345 prmparata;
1990 4280 2051 4328 ut
2079 4291 2177 4327 au-
2221 4284 2263 4337 [)
2298 4286 2483 4323 massa
2523 4270 2863 4340 perditionis
2908 4275 3034 4324 sunt
3077 4271 3351 4341 deputati,
3402 4273 3696 4342 quomodo
3724 4287 3823 4325 non
3859 4266 3929 4320 tali

491 4374 605 4422 tem
664 4368 1013 4436 eligerentur
1083 4380 1195 4417 non
1240 4364 1410 4416 fuisse
1465 4362 1730 4431 gratiam,
1783 4364 1879 4415 sed
1932 4367 2183 4416 tantum~

492 4456 664 4511 modo
703 4453 1142 4525 praescientiam.
1195 4452 1355 4515 Quod
1389 4451 1687 4505 manifeste
1719 4452 2070 4505 contrarium
2102 4456 2186 4506 est

493 4545 786 4599 catholicas
818 4542 970 4607 ﬁdei,
1015 4542 1148 4612 quia
1194 4541 1564 4611 omnipotens
1609 4542 1756 4594 Deus
1806 4541 1867 4593 in
1909 4542 2185 4594 electione

493 4649 695 4689 eorum
727 4648 869 4702 quos
912 4630 1337 4700 praedestinavit
1384 4634 1439 4682 et
1470 4629 1689 4682 vocavit
1718 4629 1786 4683 ad
1816 4630 1987 4682 vitam
2020 4634 2184 4682 aeter-

495 4740 649 4789 nam,
696 4738 813 4776 non
862 4735 1061 4773 eorum
1105 4720 1255 4773 bona
1301 4719 1509 4771 merita
1558 4718 1863 4787 praescivit,
1911 4724 2185 4788 tanquam

494 4812 622 4865 ideo
661 4826 759 4864 eos
808 4808 1091 4878 elegisset,
1144 4807 1279 4876 quia
1325 4822 1389 4859 ex
1440 4806 1760 4876 semetipsis
1808 4806 1992 4859 bouos
2041 4806 2187 4859 futu-

494 4916 588 4953 ros
618 4898 944 4968 praesciret:
980 4895 1078 4948 sed
1120 4894 1241 4963 ipsa
1289 4894 1505 4961 electio,
1560 4899 1623 4947 ut
1670 4910 1735 4946 ex
1781 4910 1963 4946 massa
1994 4894 2186 4963 perdi-

494 4988 665 5042 tionis
708 5004 837 5040 vasa
887 4983 1289 5039 misericordias
1337 4982 1543 5036 ﬁerent
1600 4983 1814 5052 absque
1867 4983 1986 5035 ullo
2036 4982 2187 5035 bono

496 5077 721 5141 merito,
774 5077 890 5129 sola
940 5073 1122 5144 gratia
1169 5072 1297 5138 fuit,
1348 5088 1451 5141 per
1497 5088 1671 5141 quam
1714 5072 1943 5125 discreti
1992 5076 2191 5141 sunta

496 5165 631 5220 ﬁliis
678 5164 1019 5235 perditionis
1050 5167 1105 5215 et
1137 5162 1393 5230 adoptati
1441 5161 1497 5212 iu
1543 5161 1691 5213 ﬁlios
1735 5161 1862 5213 vitm
1913 5165 1967 5213 et
2004 5177 2190 5213 resur-

497 5252 785 5305 rectionis.
820 5252 970 5303 Hanc
999 5264 1250 5317 namque
1286 5246 1622 5300 electionem
1668 5262 1782 5299 non
1830 5246 2186 5313 meritorum,

500 5340 595 5393 sed
623 5338 823 5409 gratim
857 5338 932 5404 (in
984 5353 1097 5407 qua
1128 5353 1240 5389 non
1288 5335 1527 5403 alicujus
1560 5334 1708 5386 bona
1753 5334 2016 5403 przescita
2059 5339 2192 5388 sunt

500 5442 691 5495 opera,
722 5429 816 5481 sed
866 5426 987 5480 sola
1031 5428 1251 5478 tantum
1304 5424 1497 5478 divina
1528 5423 1919 5476 misericordia
1968 5440 2191 5493 praepa-

502 5516 648 5582 rata)
681 5514 1043 5569 commendat
1088 5513 1251 5567 nobis
1282 5513 1589 5582 diligenter
1629 5512 1928 5580 Apostolus
1962 5513 2029 5565 de
2057 5514 2192 5565 duo-

2288 4359 2503 4430 judicio
2528 4360 2648 4428 jam
2677 4360 2991 4427 perditioni
3019 4364 3153 4413 sunt
3183 4361 3442 4431 deputati
3471 4366 3531 4415 et
3562 4354 3930 4431 prmdestinati’?

2296 4450 2379 4501 Ita
2423 4448 2562 4501 dum
2590 4448 2649 4501 in
2681 4448 2786 4501 hac
2820 4448 3156 4502 deﬁnitione
3188 4449 3363 4503 divini
3400 4450 3611 4519 judicii
3658 4450 3837 4503 veritas
3862 4459 3929 4497 ne-

2295 4541 2481 4606 gatur,
2514 4538 2638 4607 ipso
2672 4538 2842 4590 etiam
2877 4539 3212 4607 negantium
3240 4539 3573 4593 testimonio
3603 4538 3927 4592 conﬁrmatur.

2296 4626 2595 4689 Quomodo
2626 4626 2779 4679 enim
2821 4627 3109 4695 prmscivit
3139 4629 3562 4693 tantummodo,
3600 4633 3654 4681 et
3696 4642 3799 4679 non
3824 4638 3929 4692 pre-

2296 4714 2622 4776 destinavit,
2672 4718 2823 4783 quod
2872 4714 3130 4784 ipsorum
3176 4715 3533 4768 confessione
3573 4717 3727 4786 justo
3770 4708 3931 4783 judicio

2292 4803 2410 4871 jam
2454 4803 2744 4857 decrevit?
2789 4804 2900 4858 Cur
2942 4820 3133 4857 veram
3185 4808 3242 4858 et
3280 4806 3595 4874 perfectam
3628 4800 3933 4874 praedestina-

2294 4893 2513 4946 tionem
2565 4892 2704 4961 justi
2749 4893 2951 4962 judicii
3001 4894 3118 4959 Dei,
3169 4911 3281 4963 quo
3333 4898 3553 4948 aeterno
3603 4892 3822 4948 consilio
3863 4900 3933 4939 suo

2297 4982 2381 5034 vel
2437 4982 2623 5050 justos
2682 4982 2753 5034 ad
2804 4981 2999 5049 vitam,
3045 4983 3135 5036 vel
3185 4982 3415 5053 iniquos
3462 4980 3847 5053 praeordinan't
3887 4972 3934 5025 ad

2298 5086 2548 5140 poenam,
2594 5070 2655 5122 in
2699 5077 2859 5139 parte
2906 5071 3075 5123 audet
3125 5072 3297 5125 homo
3342 5072 3599 5141 accipere
3650 5077 3702 5124 et
3743 5070 3793 5121 in
3818 5066 3933 5138 parte

2298 5160 2547 5228 negare?
2596 5158 2757 5228 quasi
2798 5159 3160 5228 omnipotens
3212 5161 3356 5215 Deus
3400 5161 3540 5231 quid
3582 5162 3733 5230 justo
3770 5151 3935 5226 judicio

2299 5262 2401 5300 suo
2434 5246 2502 5299 de
2533 5246 2725 5300 electis
2771 5252 2918 5300 esset
2954 5247 3205 5301 facturus
3246 5254 3300 5303 et
3339 5249 3652 5319 priescierit
3681 5255 3733 5301 et
3764 5241 3933 5317 prude-

2300 5336 2624 5401 stinaverit;
2658 5335 2795 5405 quid
2826 5340 3018 5390 autem
3051 5337 3252 5391 eodem
3280 5338 3670 5407 justojudicio
3702 5338 3765 5390 de
3785 5346 3931 5402 repro-

2298 5424 2385 5477 bis
2414 5428 2561 5477 esset
2592 5429 2875 5493 gesturus,
2914 5425 3223 5495 prtescierit
3276 5432 3515 5493 tantum,
3553 5443 3655 5480 nec
3696 5418 3933 5496 prmdesti-

2300 5512 2543 5581 naverit,
2576 5528 2702 5566 cum
2751 5512 2810 5567 in
2840 5516 3085 5585 utraque
3139 5517 3296 5583 parte
3343 5530 3525 5569 unum
3578 5514 3649 5567 sit
3685 5509 3933 5581 judicium.
