4096 6186
192 276 325 328 1093

1280 273 1370 327 DE
1409 272 1743 327 TENENDA
1780 272 2187 328 ΞΟΗΙΡΤΗΒᾹΞ
2232 272 2589 328 VERITATE

3568 282 3704 334 1094

189 424 303 461 uua
328 405 571 476 justitia,
608 421 719 473 qua
766 404 853 456 vel
879 404 1049 473 justis
1080 404 1340 473 prmmia,
1371 405 1459 459 vel
1506 404 1722 474 iniquis
1752 422 1890 475 sup«
1932 409 1974 459 A
2004 406 2084 459 tio
2117 407 2267 477 (Jac.
2302 423 2339 471 ι,
2378 406 2481 473 t7),
2518 428 2543 453 ››
2575 411 2631 458 et
2665 406 2763 475 qui
2793 422 2897 475 per
2925 408 3270 476 prophetam
3303 411 3439 464 dicit
3474 429 3486 465 :
3522 433 3549 460 «
3586 414 3701 483 Ego

188 495 365 566 plicia
400 494 763 546 retribuuntu
775 508 817 545 r.

266 584 409 637 Nam
450 581 499 634 si
529 582 649 634 haec
697 580 1125 650 prmdestinutio
1157 580 1334 633 divini
1362 580 1567 650 judicii
1595 586 1744 634 esset
1777 598 1895 635 me-

194 672 309 725 rito
354 670 526 724 alicui
569 669 839 735 violenta,
888 669 973 722 vel
1026 668 1263 737 injuste,
1320 670 1400 721 vei
1453 670 1892 738 praajudiciaria,

196 760 408 814 merito
437 759 716 828 injustum
752 759 929 810 Deum
960 764 1257 827 argueret;
1286 758 1401 810 imo
1434 758 1503 810 de
1533 758 1651 823 illo,
1687 778 1712 808 τι
1744 758 1896 829 apud

196 864 378 918 quem
414 863 529 900 non
560 852 645 900 est
688 845 980 915 iniquitas,
1016 866 1042 895 »
1086 846 1413 899 nullatenus
1460 846 1614 900 credi
1642 848 1894 901 deberet.

198 936 346 990 Cum
388 940 579 989 autem
614 933 1075 987 manifestissime
1112 954 1139 983 «
1172 949 1287 986 non
1317 934 1391 987 sit
1422 935 1690 1000 violenta,
1724 956 1750 982 »
1783 951 1899 1005 qua

198 1026 431 1078 nullum
483 1024 777 1094 compellit
826 1028 888 1076 ut
934 1024 1117 1076 malus
1158 1022 1247 1088 sit,
1306 1028 1363 1077 et
1412 1023 1567 1077 aliud
1611 1041 1731 1078 esse
1781 1040 1899 1078 non

197 1113 404 1183 possit,
445 1129 562 1166 non
606 1112 679 1165 sit
726 1111 961 1181 injusta,
1004 1127 1131 1181 qua:
1181 1111 1309 1164 illos
1352 1112 1749 1166 tantummodo
1799 1114 1900 1184 qui

198 1217 306 1254 suo
339 1199 475 1254 vitio
514 1200 575 1253 in
603 1198 771 1252 malis
813 1197 1320 1268 perseveraverint,
1368 1199 1565 1269 punit;
1602 1218 1629 1249 α
1672 1200 1795 1253 Non
1826 1200 1900 1253 sit

197 1287 649 1359 praejudiciaria,
684 1306 710 1338 ι)
732 1302 859 1356 qua:
882 1302 996 1339 non
1023 1286 1631 1358 prejudicataliquem
1654 1292 1715 1340 ut
1735 1286 1900 1357 quasi

195 1378 326 1447 ejus
357 1376 643 1429 sententia
667 1380 725 1429 et
754 1391 870 1428 non
916 1391 1018 1428 suo
1064 1375 1269 1430 merito
1314 1381 1537 1445 pereat:
1574 1375 1714 1447 quid
1742 1376 1801 1429 in
1833 1392 1901 1429 ea

196 1464 666 1537 reprehenditur,
718 1464 805 1516 vel
854 1463 1018 1533 quasi
1064 1464 1465 1535 blasphemum
1527 1468 1780 1533 putatur,
1840 1464 1900 1518 in

196 1571 317 1625 qua
346 1555 466 1608 sola
508 1554 767 1623 aequitas,
799 1553 918 1606 sola
959 1551 1183 1622 justitia
1211 1551 1543 1606 invenitur?
1578 1553 1688 1605 Hoc
1736 1567 1899 1604 nam-

195 1660 313 1714 que
339 1659 478 1713 erga
519 1642 781 1696 homines
826 1640 1021 1694 divina
1053 1640 1501 1710 prmdestinatio,
1535 1640 1687 1710 quod
1715 1645 1772 1693 et
1811 1641 1898 1695 di-

194 1732 335 1784 vina
392 1730 754 1802 praescientia
799 1728 937 1799 agit.
992 1728 1281 1783 Praescivit
1323 1728 1477 1781 enim
1529 1730 1678 1782 Deus
1718 1729 1899 1783 malos

194 1821 445 1884 futuros,
481 1819 579 1873 sed
627 1818 751 1889 ipsa
804 1833 904 1870 sua
933 1816 1296 1886 prmscientia
1334 1832 1452 1870 non
1496 1832 1590 1871 eos
1622 1816 1902 1886 compulit

195 1907 325 1962 ﬁeri
375 1908 576 1961 malos.
625 1905 1053 1961 Praedestinavit
1090 1906 1246 1975 justo
1277 1921 1378 1959 suo
1422 1905 1641 1975 judicio
1668 1922 1766 1959 eos
1801 1906 1900 1975 qui

196 1998 261 2050 in
291 1997 461 2050 malis
510 1994 995 2067 perseveraverint
1040 1994 1393 2064 puniendos;
1440 2010 1545 2047 nec
1576 1998 1770 2048 tamen
1804 2012 1901 2047 ea-

195 2087 331 2140 dem
368 2084 870 2156 praadestinatione
907 2099 1027 2147 sua,
1068 2088 1129 2135 ut
1161 2083 1298 2136 mali
1332 2088 1535 2145 essent,
1571 2083 1656 2136 vel
1687 2083 1744 2136 in
1777 2099 1898 2137 ma-

194 2176 269 2229 lis
325 2176 780 2245 perseverarent,
839 2172 1044 2242 coegit.
1102 2173 1165 2225 Et
1218 2172 1339 2225 haec
1396 2176 1482 2224 est
1530 2172 1679 2242 apud
1732 2172 1897 2225 illum

195 2264 466 2334 aequitas,
515 2267 580 2315 ut
624 2260 724 2331 qui
754 2261 1004 2314 volentes
1047 2260 1423 2329 perstiterunt
1466 2258 1524 2312 in
1576 2259 1759 2325 malis,
1793 2276 1899 2313 no-

197 2354 387 2406 lentes
434 2351 753 2420 puniantur
798 2350 858 2402 in
894 2348 1210 2418 suppliciis.
1246 2347 1505 2418 Seipsum
1539 2364 1677 2417 ergo
1724 2348 1897 2401 homo

198 2446 417 2505 mutet;
451 2439 725 2508 seipsum,
760 2438 898 2492 dum
930 2441 1159 2506 tempus
1194 2441 1296 2502 est,
1326 2436 1577 2505 corrigat
1606 2442 1663 2488 et
1696 2452 1895 2489 emen-

196 2531 316 2593 det,
367 2528 504 2598 quia
545 2526 1003 2594 omnipotentem
1052 2530 1221 2595 atque
1266 2530 1539 2578 aeternam
1589 2524 1895 2594 praescien-

196 2616 342 2669 tiam
388 2620 443 2668 et
482 2613 1051 2684 praedestinationem
1084 2617 1308 2666 mutare
1339 2612 1427 2665 vel
1458 2612 1748 2665 destruere
1779 2628 1896 2665 non

196 2705 368 2759 valet.
422 2704 480 2758 Si
531 2703 658 2773 quis
705 2702 860 2755 enim
902 2706 1076 2770 neget
1126 2717 1245 2754 esse
1303 2700 1454 2769 apud
1512 2702 1692 2755 Deum
1749 2717 1895 2769 prae-

194 2793 500 2847 scientiam
550 2797 606 2845 et
658 2789 1250 2861 praedestinationem,
1300 2788 1599 2842 manifeste
1647 2787 1897 2841 inﬁdelis

195 2887 302 2936 est.
334 2882 391 2935 Si
435 2881 563 2951 quis
598 2880 736 2935 dicit
773 2879 924 2949 quod
977 2877 1337 2948 praescientia
1380 2882 1432 2929 et
1465 2876 1896 2946 praedestinatio

2007 495 2163 547 enim
2194 494 2471 548 Dominus
2518 499 2575 548 et
2624 510 2738 547 non
2784 500 2977 547 mutor
3024 496 3176 565 (Mal.
3228 512 3307 564 iu,
3356 499 3428 565 6),
3482 519 3508 550 ι)
3551 502 3700 570 quod

2008 599 2178 636 suum
2211 588 2295 635 est
2324 584 2490 652 plene
2520 587 2576 634 et
2626 582 2871 651 perfecte
2919 583 3177 636 conﬁteri
3218 585 3516 655 debemus,
3568 590 3701 658 quia

2006 672 2128 739 ejus
2157 670 2502 740 plenitudini
2534 675 2591 722 et
2620 670 2954 738 perfectioni
2989 671 3131 723 nihil
3164 689 3466 741 possumus
3498 678 3699 731 addere

2006 760 2092 811 vel
2131 758 2380 811 auferre.
2430 759 2494 811 Et
2538 758 2667 811 ideo
2718 758 2945 827 plenam
2978 764 3033 812 et
3062 760 3367 828 perfectam
3409 765 3701 831 praedesti-

2006 847 2297 900 nationem
2337 846 2478 915 justi
2521 845 2725 915 judicii
2776 847 2876 899 Dei
2917 853 3031 899 tam
3083 847 3143 901 in
3183 854 3341 918 parte
3391 851 3704 907 electorum

2008 951 2181 1005 quam
2224 934 2283 987 in
2341 938 2503 1003 parte
2537 934 2934 1003 reproborum,
2969 936 3114 989 sicut
3152 938 3388 992 omnino
3434 955 3566 993 vera
3598 946 3704 1009 est,

2008 1023 2280 1077 veraciter
2305 1022 2707 1090 conﬁteamur,
2740 1024 2961 1076 nemini
2994 1023 3439 1079 misericordiam
3472 1027 3572 1081 Dei
3602 1044 3703 1082 ne-

2007 1117 2225 1181 gantes,
2258 1110 2478 1165 nemini
2510 1111 2897 1164 conversionis
2928 1113 3171 1180 gratiam
3214 1114 3580 1184 derogantes,
3611 1133 3705 1170 ne-

2008 1200 2151 1253 mini
2178 1199 2396 1253 aditum
2425 1199 2804 1269 indulgentia:
2835 1202 3183 1266 claudentes,
3218 1202 3313 1256 sed
3345 1205 3613 1259 omnibus
3644 1206 3703 1259 in

2009 1288 2314 1359 iniquitate
2345 1304 2687 1358 permanere
2725 1289 3050 1343 volentibus
3090 1290 3290 1345 utilem
3323 1296 3379 1345 et
3416 1294 3702 1349 salubrem

2008 1383 2289 1432 terrorem
2319 1376 2681 1430 incutientes.

2082 1467 2239 1521 Hanc
2268 1465 2421 1519 enim
2466 1465 2764 1536 utriusque
2797 1466 2973 1535 partis
3004 1467 3381 1521 certissimam
3409 1474 3466 1522 et
3491 1468 3704 1523 immo-

2012 1554 2183 1608 bilem
2214 1553 2778 1623 praadestinationem
2832 1554 2930 1607 Dei
2980 1554 3230 1608 declarat
3274 1556 3437 1608 nobis
3465 1561 3706 1626 Aposto-

2008 1644 2098 1696 lus
2155 1642 2348 1697 dicens
2409 1658 2422 1695 :
2478 1663 2504 1689 ‹‹
2560 1641 2808 1695 Abrahae
2866 1658 3114 1711 namque
3153 1644 3494 1713 promittens
3555 1648 3705 1702 Deus

2010 1730 2285 1802 quoniam
2318 1731 2612 1785 neminem
2640 1731 2841 1784 habuit
2858 1732 3374 1800 perquemjuraret
3396 1734 3699 1804 majorem,

2004 1819 2219 1889 juravit
2248 1832 2351 1889 per
2380 1819 2751 1889 semetipsum
2802 1819 3013 1873 dicens.
3064 1819 3181 1873 Nisi
3229 1820 3572 1877 benedicens
3604 1825 3703 1877 be-

2010 1906 2271 1961 nedicam
2305 1906 2451 1973 tibi,
2486 1912 2542 1961 et
2572 1906 2963 1977 multiplicans
3011 1908 3403 1978 multiplicabo
3436 1916 3490 1963 te
3536 1911 3699 1968 (ch.

2008 2012 2083 2061 v1,
2122 1997 2209 2063 l3,
2250 1996 2369 2065 14);
2401 2015 2425 2045 ι
2464 1995 2562 2049 ubi
2593 2001 2650 2049 et
2678 2000 2806 2065 post
2832 1996 3129 2065 paululum
3154 1998 3451 2067 subjungit
3485 2015 3496 2051 :
3524 2019 3551 2049 «
3588 2002 3704 2053 Ho—

2008 2084 2192 2137 mines
2224 2100 2329 2154 per
2360 2084 2638 2153 majorem
2687 2100 2745 2136 se
2781 2084 2998 2153 jurant,
3034 2090 3091 2138 et
3138 2086 3325 2138 omnis
3374 2092 3701 2142 controver-

2008 2173 2107 2225 siae
2147 2188 2346 2225 eorum
2379 2172 2508 2225 ﬁnis
2541 2173 2611 2226 ad
2641 2173 3137 2226 conﬁrmationem
3174 2178 3259 2227 est
3281 2176 3698 2243 juramentum.

2008 2262 2071 2315 In
2098 2277 2211 2331 quo
2238 2261 2625 2315 abundantius
2656 2262 2849 2315 volens
2880 2263 3027 2316 Deus
3077 2263 3377 2317 ostendere
3420 2266 3702 2334 pollicita-

2004 2350 2175 2403 tionis
2205 2350 2529 2404 haaredibus
2553 2349 3015 2403 immobilitatem
3049 2351 3267 2403 consilii
3298 2352 3408 2417 sui,
3442 2352 3704 2423 interpo-

2006 2438 2121 2491 suit
2143 2437 2571 2507 jusjurandum,
2623 2443 2687 2490 ut
2733 2453 2837 2507 per
2884 2438 3025 2491 duas
3070 2454 3158 2490 res
3204 2438 3416 2507 quibus
3444 2439 3705 2510 impossi-

2006 2526 2119 2579 bile
2149 2530 2233 2580 est
2264 2526 2496 2579 mentiri
2532 2527 2744 2595 Deum,
2778 2526 3153 2579 fortissimum
3194 2526 3459 2581 solatium
3491 2528 3701 2582 habea-

2007 2630 2157 2680 mus,
2191 2614 2292 2684 qui
2323 2614 2687 2683 confugimus
2738 2615 2807 2668 ad
2856 2615 3166 2668 tenendam
3215 2616 3571 2685 propositam
3606 2632 3705 2670 no-

2009 2702 2093 2756 bis
2143 2718 2304 2772 spem
2353 2702 2530 2771 (ibid.,
2567 2705 2653 2769 16,
2702 2706 2786 2767 l7,
2829 2704 2938 2769 18).
2976 2722 3004 2755 )›
3055 2704 3191 2755 Ecce
3220 2703 3279 2755 in
3311 2708 3469 2773 parte
3501 2704 3705 2758 electo-

2011 2806 2160 2857 rum,
2191 2791 2292 2860 qui
2320 2790 2589 2860 promissi
2623 2795 2782 2856 sunt,
2820 2795 2879 2844 ut
2911 2797 3101 2845 essent
3128 2792 3370 2845 Abrahae
3402 2799 3459 2847 et
3488 2793 3612 2859 ﬁlii,
3649 2798 3707 2847 et

2006 2879 2262 2953 liaaredes
2324 2879 2460 2931 Novi
2516 2883 2572 2931 et
2627 2878 2827 2931 aeterni
2883 2880 3230 2932 Testamenti
3264 2924 3276 2943 ,
3336 2881 3705 2950 omnipotens

198 2971 330 3040 ejus
366 2970 615 3039 aliquem
658 2966 968 3037 compellat
1006 2972 1069 3018 ut
1114 2965 1300 3018 malus
1347 2964 1437 3030 sit,
1485 2970 1542 3017 et
1584 2964 1742 3017 aliud
1775 2978 1895 3016 esse
1935 2976 1973 3030 (ζ
2008 2968 2177 3032 Deus,
2228 2968 2364 3037 quia
2411 2967 2701 3020 neminem
2737 2967 2909 3020 habet
2950 2967 3247 3037 majorem,
3288 2970 3441 3037 jurat
3476 2985 3579 3037 per
3612 2985 3699 3022 se-

195 3075 319 3113 non
352 3058 553 3128 possit,
604 3055 963 3111 horribiliter
1007 3055 1388 3124 blasphemat.
1442 3052 1549 3117 Qui
1598 3057 1789 3105 autem
1836 3052 1898 3105 ﬁ-

194 3148 410 3202 deliter
450 3146 757 3200 conﬁtetur
799 3149 854 3198 et
897 3142 1315 3214 praescientiam
1358 3146 1413 3195 et
1448 3139 1898 3211 prmdestinatio-

194 3252 340 3292 nem
370 3241 647 3289 aeternam
694 3250 817 3287 esse
849 3232 999 3302 apud
1044 3233 1243 3296 Deum,
1278 3246 1381 3284 nec
1423 3236 1615 3283 tamen
1644 3229 1894 3298 aliquem

195 3341 306 3396 per
357 3324 478 3377 haec
520 3323 589 3376 ad
640 3322 855 3375 malum
906 3320 1053 3390 cogi,
1104 3320 1201 3373 sed
1258 3317 1655 3372 tantummodo
1710 3317 1898 3387 qualis

195 3414 451 3485 quisque
490 3412 718 3465 futurus
766 3412 840 3463 sit
887 3408 1162 3479 praesciri,
1197 3413 1246 3461 et
1298 3412 1468 3477 prout
1497 3405 1899 3477 gesseritjudi-

194 3502 341 3567 cari,
376 3500 479 3553 iste
511 3515 743 3569 prorsus
773 3496 1045 3550 catholice
1076 3496 1262 3549 sentit.

268 3589 533 3659 (Symbol.
585 3588 643 3642 S.
695 3585 1039 3653 Athanasii.)
1090 3584 1275 3653 [Certe
1325 3582 1383 3636 in
1435 3582 1790 3652 professione
1827 3582 1895 3635 ﬁ-

193 3678 291 3732 dei
325 3676 641 3742 catholicaz,
689 3690 861 3745 quam
901 3673 1015 3727 nisi
1055 3674 1299 3743 quisque
1346 3673 1629 3740 integram
1659 3671 1899 3724 inviola-

192 3772 438 3835 tamque
465 3762 796 3830 servaverit,
820 3762 1037 3831 absque
1060 3761 1235 3815 dubio
1268 3761 1325 3813 in
1348 3764 1630 3815 aeternum
1654 3759 1893 3829 peribit;

180 3861 253 3909 et
285 3869 463 3924 quam
491 3852 603 3906 nisi
636 3851 878 3921 quisque
912 3849 1157 3903 ﬁdeliter
1176 3848 1534 3917 ﬁrmiterque
1564 3847 1894 3915 crediderit,

194 3947 393 3999 salvus
450 3959 568 3996 esse
627 3958 742 3995 non
801 3941 1028 4010 poterit,
1085 3954 1286 3993 omnes
1336 3954 1452 3992 uno
1510 3954 1607 3991 ore
1666 3938 1896 3992 conﬁte-

195 4048 355 4098 mur,
389 4031 631 4102 quodin
681 4030 924 4083 adventu
976 4027 1262 4097 unigeniti
1316 4027 1443 4080 Filii
1500 4026 1598 4079 Dei
1641 4026 1711 4079 de
1755 4026 1896 4079 caelo

195 4136 406 4175 omnes
454 4120 719 4173 homines
768 4130 1068 4187 resurgere
1112 4116 1325 4169 habent
1381 4129 1511 4167 cum
1563 4113 1896 4184 corporibus

194 4210 344 4275 suis,
377 4214 435 4263 et
478 4206 760 4261 reddituri
805 4210 938 4258 sunt
967 4205 1036 4258 de
1085 4204 1245 4257 factis
1287 4202 1537 4273 propriis
1586 4202 1893 4256 rationem.

200 4323 221 4349 α
259 4300 333 4351 Et
357 4297 457 4368 qui
482 4296 636 4351 bona
683 4298 927 4365 egerunt
954 4293 1122 4347 ibunt
1146 4292 1205 4345 in
1246 4292 1419 4344 vitam
1453 4295 1761 4356 aeternam;
1796 4291 1895 4361 qui

191 4404 339 4442 vero
369 4386 540 4451 mala,
596 4384 655 4437 in
716 4385 909 4452 ignem
959 4386 1260 4436 aeternum.
1321 4378 1377 4450 ιι]
1428 4378 1716 4432 Manifesta
1760 4393 1897 4447 ergo

192 4477 361 4549 quod
393 4476 461 4529 de
494 4478 733 4543 utraque
764 4476 946 4542 parte,
981 4476 1096 4524 tam
1137 4469 1449 4523 electorum
1481 4484 1655 4538 quam
1690 4482 1896 4536 repro-

190 4569 432 4629 borum,
467 4563 558 4617 hic
589 4562 947 4626 conﬁtemur,
980 4564 1288 4628 utrumque
1307 4562 1391 4611 est
1419 4573 1635 4619 verum,
1672 4561 1894 4609 utrum-

190 4670 315 4725 que
341 4652 586 4721 justum,
611 4655 919 4719 utrumque
948 4648 1005 4700 in
1042 4651 1257 4700 aeterno
1290 4651 1347 4699 et
1370 4646 1523 4715 justo
1557 4643 1656 4697 Dei
1676 4643 1894 4714 judicio

188 4740 688 4814 praedestinatum.
724 4738 862 4791 Nam
889 4736 935 4788 si
968 4751 1081 4789 non
1113 4738 1196 4787 est
1221 4733 1715 4804 praedestinatum,
1752 4748 1894 4801 quo-

189 4831 376 4886 modu
408 4830 517 4882 hoc
548 4832 665 4881 tam
696 4825 937 4878 ﬁrmiter
984 4823 1289 4887 credimus,
1344 4827 1460 4875 tam
1502 4820 1899 4875 indubitanter

188 4918 544 4975 conﬁtemur
573 4915 872 4969 futurum?
902 4913 969 4967 Se
1016 4911 1210 4981 igitur,
1251 4916 1315 4964 ut
1356 4910 1478 4979 jam
1521 4909 1737 4962 dictum
1790 4911 1893 4974 est,

185 5006 601 5077 unusquisque
648 5004 786 5057 dum
843 5001 1082 5056 facultas
1136 5000 1322 5062 datur,
1385 5000 1497 5051 Deo
1561 4996 1894 5061 auxiliante,

185 5102 385 5153 mutet
422 5096 483 5148 in
532 5093 756 5146 melius.
812 5092 924 5144 Hoc
973 5089 1129 5141 enim
1176 5087 1375 5157 procul
1419 5085 1594 5139 dubio
1627 5086 1765 5151 vult,
1798 5085 1897 5155 qui

188 5184 458 5259 quotidie
489 5184 693 5236 clamat
722 5185 779 5234 et
808 5179 1096 5244 admonet,
1130 5176 1354 5230 dicens:
1391 5193 1418 5224 (ι
1455 5173 1683 5227 Declina
1715 5191 1744 5225 a
1772 5189 1896 5226 ma-

188 5278 275 5345 lo,
306 5280 365 5329 et
392 5273 480 5327 fac
512 5272 730 5325 bonum
758 5271 863 5333 (Ps.
898 5282 1085 5331 xxxvr,
1111 5266 1232 5333 27);
1277 5282 1302 5315 ι)
1335 5267 1391 5315 et
1418 5262 1623 5315 iterum
1651 5277 1662 5314 :
1692 5281 1718 5307 ‹‹
1752 5260 1894 5315 Con-

189 5361 495 5419 vertimini
520 5359 593 5413 ad
641 5374 753 5419 me,
787 5361 844 5411 et
868 5359 1167 5409 convertar
1198 5352 1269 5406 ad
1300 5367 1414 5418 vos,
1450 5350 1586 5404 dicit
1618 5348 1896 5403 Dominus

189 5453 557 5509 exercituum
585 5448 773 5511 (Zach.
805 5464 844 5514 ι,
878 5446 957 5514 3).
994 5467 1021 5491 ››
1048 5444 1186 5496 Nam
1220 5440 1280 5494 in
1307 5440 1426 5504 illo,
1470 5460 1497 5486 (ί
1530 5438 1694 5509 Apud
1724 5454 1896 5507 quem

192 5559 318 5598 non
372 5544 457 5594 est
502 5535 931 5601 transmutatio,
976 5548 1079 5589 nec
1123 5526 1532 5585 vicissitudinis
1589 5527 1897 5582 obumbra-

2006 3052 2333 3121 metipsum.
2370 3053 2435 3104 Et
2461 3052 2599 3122 quid
2648 3052 3085 3122 intelligeudum
3135 3054 3207 3106 sit
3246 3070 3347 3123 per
3379 3055 3485 3107 hoc
3508 3054 3699 3124 jusju-

2006 3140 2273 3208 randum,
2313 3142 2474 3195 docet
2519 3156 2623 3194 nos
2675 3141 3000 3210 Apostolus,
3058 3141 3341 3209 videlicet,
3388 3142 3545 3212 quod
3594 3142 3701 3195 hoc

2006 3229 2177 3283 modo
2211 3249 2239 3280 α
2272 3229 2518 3283 voluerit
2547 3230 2693 3283 Deus
2734 3229 3062 3282 haeredibus
3108 3228 3538 3298 pollicitationis
3584 3244 3702 3282 sua:

2005 3315 2395 3370 abundantius
2437 3317 2736 3371 ostendere
2777 3316 3240 3370 immobilitatem
3288 3316 3515 3370 consilii
3566 3317 3698 3383 sui;

2007 3409 2069 3456 ut
2095 3421 2198 3473 per
2234 3405 2375 3458 duas
2410 3422 2528 3471 res,
2559 3424 2585 3457 »
2619 3406 2674 3459 id
2706 3410 2817 3471 est,
2849 3405 3278 3476 pollicitationis
3309 3411 3365 3458 et
3390 3404 3699 3475 jurationis

2005 3508 2144 3558 suae,
2181 3511 2208 3543 (ί
2242 3494 2449 3563 quibus
2489 3494 2843 3563 impossibile
2888 3498 2973 3547 est
3014 3494 3249 3548 mentiri
3285 3495 3479 3557 Deum,
3516 3513 3544 3543 »
3582 3492 3699 3547 sive

2003 3582 2433 3650 promittentem
2458 3622 2473 3647 ,
2507 3582 2623 3636 sive
2672 3584 2951 3651 promissa
2984 3599 3085 3636 sua
3109 3583 3425 3653 jurantem,
3450 3602 3477 3632 ι)
3510 3581 3700 3635 fortis-

2006 3669 2212 3723 simum
2242 3671 2510 3725 solatium
2536 3670 2867 3737 habeamus,
2897 3671 2996 3742 qui
3021 3672 3383 3741 confugimus
3408 3672 3477 3726 ad
3508 3677 3702 3725 tenen-

2004 3757 2134 3812 dam
2166 3759 2519 3829 propositam
2551 3760 2717 3813 nobis
2747 3776 2926 3830 spem.

2671 3919 2894 3972 CAPUT
2934 3917 3024 3972 VI.

2538 4064 2614 4115 De
2644 4062 2833 4114 divina
2862 4060 3161 4129 juratione.

2081 4202 2222 4269 Ergo
2252 4201 2373 4254 haec
2405 4201 2596 4254 divina
2636 4201 2852 4271 juratio
2896 4217 3006 4254 non
3042 4206 3128 4254 est
3172 4200 3327 4254 aliud
3358 4201 3469 4255 nisi
3497 4202 3703 4256 immo-

1936 4276 1979 4329 D
2007 4288 2139 4342 bilis
2169 4289 2394 4342 consilii
2430 4289 2527 4343 Dei
2575 4296 2791 4343 (eterna
2832 4296 2888 4343 et
2930 4289 3412 4343 incommutabilis
3456 4292 3703 4359 praedes-

2007 4377 2228 4431 tinatio.
2266 4379 2341 4430 De
2371 4394 2484 4447 quo
2510 4378 2794 4431 immobili
2815 4378 3052 4431 consilio
3079 4377 3177 4431 Dei
3200 4378 3339 4432 dicit
3361 4380 3662 4435 Psalmista
3688 4400 3701 4437 :

2007 4485 2034 4517 ‹‹
2071 4464 2385 4518 Consilium
2430 4471 2621 4519 autem
2657 4466 2882 4519 Domini
2924 4466 2984 4518 in
3032 4471 3311 4520 zeternum
3352 4473 3583 4535 manet;
3617 4487 3706 4525 co-

2006 4553 2318 4623 gitationes
2347 4554 2536 4606 cordis
2566 4554 2690 4623 ejus
2736 4555 2795 4606 in
2828 4554 3197 4623 generatione
3241 4560 3297 4609 et
3331 4559 3704 4625 generatione

2005 4642 2175 4711 (Psal.
2212 4656 2381 4707 xxxx],
2416 4644 2527 4710 tl).
2558 4662 2585 4689 ››
2625 4643 2688 4694 Et
2734 4642 2856 4710 ipse
2908 4642 3178 4695 Dominus
3207 4658 3313 4712 per
3346 4645 3550 4699 Isaiam
3596 4650 3704 4698 tes-

2004 4735 2159 4784 tatur
2191 4747 2204 4784 :
2242 4749 2269 4779 «
2302 4730 2615 4784 Consilium
2666 4746 2859 4783 meum
2893 4731 3085 4799 stabit,
3132 4736 3189 4785 et
3219 4733 3407 4786 omnis
3440 4734 3702 4787 voluntas

2007 4835 2135 4872 mea
2168 4820 2269 4872 ﬁet
2296 4820 2427 4886 (Isa.
2461 4833 2610 4879 XLVI,
2648 4821 2751 4886 10).
2787 4840 2814 4867 »
2866 4819 2922 4873 Si
2966 4836 3103 4890 ergo
3152 4821 3245 4874 hic
3278 4837 3381 4890 per
3414 4821 3514 4874 Dei
3545 4822 3704 4891 jura-

2004 4908 2221 4962 tionem
2255 4908 2327 4961 ad
2364 4907 2652 4961 Abraham
2702 4907 2910 4961 factam
2962 4909 3201 4963 docente
3238 4909 3512 4979 Apostolo
3545 4910 3698 4979 (ch.

2006 5011 2079 5059 v1,
2118 4994 2202 5065 t7)
2237 5016 2263 5042 ‹‹
2296 4993 2761 5049 immobilitatem
2791 4996 3036 5061 consilii,
3072 5016 3099 5048 »
3128 4996 3183 5049 id
3220 5002 3305 5049 est
3334 4998 3703 5067 praedestina-

2006 5083 2181 5136 tionis
2226 5083 2367 5152 ejus,
2418 5082 2795 5153 intelligimus
2833 5101 2844 5137 :
2895 5085 2975 5137 ita
3024 5089 3079 5138 et
3126 5084 3206 5137 ibi
3236 5084 3564 5156 intelligere
3611 5088 3704 5141 de-

2004 5173 2228 5237 bemus,
2277 5172 2370 5225 ubi
2425 5172 2494 5226 de
2550 5178 2767 5227 aeterno
2801 5174 3009 5227 Christi
3061 5175 3379 5229 sacerdotio
3424 5177 3573 5229 Deus
3609 5178 3701 5244 ju-

2004 5277 2159 5315 rasse
2207 5260 2611 5327 introducitur,
2661 5263 2883 5316 dicente
2922 5262 3222 5315 Psalmista
3255 5279 3266 5315 :
3301 5285 3327 5312 «
3354 5264 3570 5317 Iuravit
3600 5265 3703 5318 Do-

2008 5350 2216 5416 minus,
2264 5355 2321 5403 et
2372 5366 2492 5403 non
2538 5350 2834 5420 paenitebit
2880 5366 3013 5403 eum
3051 5367 3063 5403 :
3097 5352 3177 5404 Tu
3226 5367 3286 5404 es
3332 5352 3594 5406 sacerdos
3642 5352 3704 5406 in

2006 5443 2286 5492 aeternum
2327 5438 2642 5493 secundum
2685 5437 2948 5491 ordinem
2996 5437 3406 5492 Melchisedech
3445 5440 3554 5510 (Ps.
3588 5456 3701 5509 Clx,

2004 5528 2087 5597 4);
2118 5549 2147 5576 «
2174 5531 2231 5582 et
2257 5527 2355 5582 ubi
2384 5528 2593 5583 iterum
2630 5528 2690 5582 in
2728 5528 2953 5581 Psalmo
2983 5528 3053 5582 de
3084 5526 3465 5597 promissione
3501 5530 3600 5585 Dei
3628 5532 3702 5587 ad
