4108 6190
401 278 533 331 1095

397 414 627 468 beatum
665 410 837 464 David
884 410 1028 460 facta
1068 405 1272 457 dicitur
1311 420 1321 455 :

397 501 492 555 vid
549 499 881 559 veritatem,
937 500 994 547 et
1038 510 1153 545 non
1206 492 1497 545 frustrabit
1549 507 1717 544 eum:
1778 492 1845 543 de
1904 491 2089 543 fructu

400 590 613 643 ventris
663 586 747 639 tui
795 599 1007 653 ponam
1060 597 1232 651 super
1281 580 1474 633 sedem
1528 585 1686 632 tuam
1741 582 1850 647 (Ps.
1912 595 2087 645 cxxxr,

406 679 507 746 lt).
542 696 569 727 ι)
613 675 671 729 Si
716 688 853 742 ergo
902 672 958 724 in
1011 671 1097 724 his
1150 670 1417 722 omnibus
1466 669 1837 721 immobilitas
1867 667 2089 720 consilii

401 772 457 819 et
485 760 1009 833 praedestinationis
1060 760 1159 812 Dei
1190 775 1292 827 per
1338 758 1513 827 ipsius
1548 758 1891 826 iurationem
1924 756 2088 808 intel-

401 853 597 921 ligitur
642 851 700 903 in
750 849 1060 903 salvationc
1108 848 1442 910 electorum,
1496 846 1573 898 ita
1619 862 1647 897 e
1697 845 1981 897 contrario
2012 842 2093 896 in;

398 940 777 1010 telligendum
824 944 909 991 est
956 938 1015 990 in
1066 935 1431 990 damnatione
1462 935 1860 1005 reproborum,
1896 934 1995 987 ubi
2024 933 2093 985 de

401 1031 481 1085 eis
527 1032 647 1100 ipse
672 1028 1035 1097 omnipotens
1069 1027 1215 1079 Deus
1258 1024 1431 1077 dicit:
1478 1044 1505 1073 ι(
1540 1024 1652 1093 Ipsi
1698 1038 1825 1076 vere
1858 1038 1971 1075 non
2008 1037 2095 1074 co-

401 1122 723 1190 gnoverunt
797 1116 936 1181 vias,
1017 1113 1227 1183 quibus
1294 1112 1483 1181 juravi
1550 1113 1609 1165 in
1686 1111 1772 1164 ira
1838 1126 1985 1175 mea,
2050 1110 2096 1162 si

400 1206 695 1261 intrabunt
729 1204 785 1256 in
821 1202 1077 1273 requiem
1129 1217 1314 1254 meam
1360 1201 1467 1270 (Ps.
1504 1216 1682 1266 Lxmv,
1724 1200 1827 1265 lt).
1862 1220 1889 1247 »
1925 1199 2097 1251 Nem-

399 1313 474 1368 pe
507 1301 563 1348 et
603 1294 695 1347 hic
737 1290 1112 1361 jurisjurandi
1164 1288 1532 1341 immobilitas
1577 1286 1986 1356 interponitur,
2033 1291 2097 1340 ut

403 1385 595 1438 nullus
645 1397 842 1435 eorum
896 1380 965 1432 de
1024 1378 1231 1448 quibus
1290 1382 1404 1429 tam
1466 1375 1799 1429 terribiliter
1837 1376 2093 1444 juratum

404 1476 507 1535 est,
544 1472 602 1523 in
637 1469 892 1538 requiem
937 1467 1033 1519 Dei
1074 1468 1388 1518 intraturus
1429 1464 1710 1517 credatur.
1761 1465 1873 1515 Nec
1904 1468 2095 1514 tamen

404 1560 637 1627 injuste,
669 1556 800 1626 quia
824 1556 880 1607 in
917 1554 1209 1622 impietate
1237 1571 1262 1601 «
1292 1554 1598 1605 secundum
1635 1551 1906 1603 duritiam
1937 1566 2094 1602 suam

405 1653 461 1702 et
490 1664 587 1700 cor
622 1644 988 1713 impmnitens
1038 1664 1064 1689 ››
1110 1642 1421 1709 perdurare
1474 1642 1797 1706 voluerunt,
1849 1640 2096 1708 praemit-

404 1741 559 1788 tente
594 1734 716 1802 ipso
742 1731 1021 1785 Domino:
1062 1752 1087 1777 ‹‹
1120 1730 1230 1799 Ipsi
1264 1745 1391 1782 vero
1420 1745 1535 1782 non
1564 1734 1959 1798 cognoverunt
1980 1728 2095 1779 vias

404 1839 562 1878 meas
587 1844 639 1887 ν,
694 1825 749 1875 et
796 1819 1000 1874 deinde
1035 1819 1454 1888 subjungente:
1509 1836 1535 1867 «
1583 1817 1798 1881 Quibus
1823 1817 2009 1886 juravi
2041 1816 2099 1869 in

404 1913 489 1965 ira
521 1929 649 1964 mea
673 1910 717 1962 si
750 1908 1049 1962 intrabunt
1078 1907 1137 1959 in
1171 1907 1428 1976 requiem
1464 1922 1671 1959 meam.
1709 1924 1735 1955 ››

480 2000 619 2054 Huic
646 1997 921 2068 jurationi
953 1996 1139 2048 simile
1172 2000 1254 2047 est
1287 1994 1425 2047 illud
1455 1995 1608 2064 quod
1641 1994 1708 2047 de
1747 1997 2100 2063 contempto-

404 2090 565 2144 ribus
596 2086 839 2141 convivii
879 2084 965 2137 sui
995 2084 1117 2153 ipsa
1164 2083 1378 2136 Veritas
1424 2082 1478 2134 in
1528 2082 1834 2149 Evangelio
1864 2081 2102 2134 commi-

406 2183 598 2242 natur,
637 2176 864 2229 dicens:
902 2193 929 2223 «
982 2173 1113 2225 Dico
1154 2177 1342 2225 autem
1377 2171 1537 2223 vobis
1570 2171 1720 2240 quod
1757 2186 1927 2223 nemo
1958 2170 2103 2222 viro-

406 2284 535 2323 rum
567 2266 798 2319 illorum
831 2262 930 2333 qui
963 2261 1142 2315 vocati
1190 2265 1323 2313 sunt
1376 2260 1627 2328 gustabit
1664 2274 1881 2312 caenam
1916 2274 2101 2310 meam

408 2359 558 2427 (Luc.
600 2370 711 2419 xxv,
760 2354 871 2419 24).
916 2373 941 2398 ››
978 2348 1237 2403 Veritatis
1286 2349 1439 2402 enim
1484 2348 1711 2414 dixisse,
1760 2348 1958 2417 procul
2009 2348 2102 2400 du-

406 2446 505 2501 bio
533 2444 754 2513 jurasse
780 2443 883 2493 est.

479 2532 627 2587 Talis
658 2535 715 2583 et
759 2532 844 2581 est
885 2527 982 2580 illa
1023 2526 1122 2579 Dei
1160 2524 1375 2594 juratio
1411 2524 1561 2593 apud
1606 2523 1811 2577 Isaiam
1859 2523 2102 2593 prophe-

408 2627 549 2684 tam,
582 2619 681 2673 ubi
713 2620 838 2687 post
882 2630 1025 2668 onus
1066 2612 1369 2683 Babylonis
1406 2616 1460 2665 et
1506 2612 1669 2681 regni
1714 2612 2098 2682 Assyriorum,

412 2711 511 2782 qui
560 2712 724 2762 erant
769 2703 1067 2757 saevissimi
1112 2703 1300 2755 hostes
1347 2701 1544 2770 populi
1607 2700 1725 2766 Dei,
1779 2716 1880 2769 per
1933 2716 2097 2770 quos,

411 2800 555 2851 sicut
586 2796 785 2849 beatus
813 2795 1056 2847 Joannes
1104 2790 1392 2861 apostolus
1435 2790 1490 2843 in
1535 2788 1875 2859 Apocalypsi
1918 2794 2100 2842 osten-

413 2889 517 2954 dit,
577 2884 930 2955 signiﬁcatur
982 2885 1102 2934 tota
1149 2879 1345 2933 civitas
1395 2879 1628 2943 diaboli,
1679 2878 1733 2931 id
1784 2883 1869 2931 est
1915 2878 2101 2931 omnis

1518 266 1573 320 S.
1619 264 1887 320 REllIGII
1930 263 2407 321 LUGDUNENSIS
2450 264 2755 321 EPISCOPI

1360 426 1383 449 ‹‹
1416 402 1633 457 Juravit
1676 402 1953 455 Dominus
1987 404 2086 456 Da-
2125 404 2166 455 A

3752 276 3885 325 i096

2270 403 2336 455 Et
2378 406 2441 455 ut
2502 418 2914 472 cognoscamus
2961 404 3182 457 nullum
3246 406 3483 458 consilio
3543 414 3600 459 et
3664 408 3887 461 effectui

2201 490 2722 559 praedestinationis
2752 491 2873 561 ejus
2918 508 3081 562 posse
3112 494 3393 556 resistere,
3432 494 3677 547 dicitur:
3712 516 3736 544 ‹‹
3780 497 3890 548 Do-

2201 579 2393 632 minus
2441 580 2591 632 enim
2650 581 2795 633 Deus
2846 580 3196 634 exercituum
3244 581 3513 648 decrevit,
3547 602 3574 633 »
3610 584 3805 653 utique
3836 586 3891 636 in

2202 672 2413 720 aeterno
2442 668 2674 720 consilio
2706 668 3189 737 praedestinando,
3236 692 3261 717 ‹‹
3293 675 3348 723 et
3398 670 3525 740 quis
3555 670 3765 739 poterit
3796 670 3893 723 in-

2206 757 2455 819 firmare,
2508 778 2526 802 ι
2586 761 2644 808 ut
2688 756 3040 827 intelligatur
3084 758 3291 811 nullus.
3347 780 3373 805 ‹‹
3425 759 3488 811 Et
3529 774 3734 811 manus
3772 758 3896 827 ejus

2203 848 2445 910 extenta,
2478 866 2502 890 ››
2541 846 2737 915 utique
2762 845 2827 897 ad
2857 862 2921 898 ea
2946 861 3073 915 quae
3105 846 3528 915 praedestinavit
3558 847 3895 911 efﬁcienda;

2204 952 2231 981 α
2264 938 2321 987 et
2346 933 2474 1003 quis
2520 937 2736 986 avertet
2779 935 2945 987 eam?
2978 958 3001 979 ››
3060 934 3408 1004 Intelligitur
3455 934 3716 988 similiter
3768 936 3895 987 nul-

2204 1022 2311 1074 lus.
2347 1022 2486 1074 Cum
2528 1022 2682 1074 enim
2728 1022 2968 1075 dicitur:
3004 1040 3031 1072 α
3082 1022 3355 1075 Dominus
3384 1023 3536 1075 enim
3571 1024 3716 1076 Deus
3742 1039 3899 1075 exer-

2203 1111 2419 1163 cituum
2452 1111 2713 1174 decrevit,
2748 1132 2774 1161 »
2826 1110 2964 1181 quid
2997 1115 3081 1165 est
3124 1111 3275 1165 aliud
3324 1112 3577 1177 decrevit,
3607 1112 3718 1164 nisi
3751 1128 3897 1181 prae-

2204 1198 2527 1265 destinavit,
2606 1199 2936 1269 prteﬁnivit,
3011 1200 3227 1262 statuit,
3290 1201 3556 1270 prreﬁxit,
3620 1201 3898 1270 praeordi-

2204 1287 2395 1341 navit?

2280 1377 2353 1428 Ex
2384 1392 2499 1446 quo
2532 1376 2830 1430 manifeste
2856 1376 3232 1445 intelligimus
3258 1378 3393 1447 quid
3430 1378 3501 1431 sit
3527 1378 3900 1449 praedestina-

2206 1470 2350 1529 tum,
2383 1465 2645 1519 videlicet
2696 1470 2751 1518 et
2799 1466 3171 1541 praeﬁnitum,
3222 1470 3517 1533 statutum,
3576 1468 3901 1538 praeﬁxum,

2206 1554 2674 1623 praeordinatum.
2716 1556 2813 1607 Hic
2860 1570 3109 1624 namque
3162 1571 3372 1620 sermo,
3407 1556 3460 1608 id
3512 1562 3595 1609 est
3641 1557 3902 1619 decrevit,

2208 1643 2379 1695 etiam
2404 1643 2458 1694 iu
2480 1642 2708 1695 Actibus
2731 1644 3117 1712 apostolorum
3144 1643 3199 1696 in
3221 1643 3393 1697 simili
3420 1660 3481 1697 re
3504 1650 3675 1715 atque
3698 1645 3904 1697 eodem

2213 1748 2381 1783 sensu
2434 1732 2679 1801 ponitur,
2728 1732 2825 1784 ubi
2883 1732 3193 1785 multitudo
3248 1732 3502 1786 ﬁdelium
3549 1734 3909 1787 unanimiter

2211 1820 2465 1873 levantes
2532 1836 2727 1872 vocem
2798 1820 2856 1872 in
2915 1820 3173 1873 oratione
3240 1820 3503 1874 dixerunt
3559 1822 3626 1874 ad
3690 1823 3903 1875 Deum:

2213 1928 2240 1959 «
2286 1910 2687 1962 Couvenerunt
2718 1908 2868 1961 enim
2896 1908 2962 1969 ,in
3007 1908 3108 1961 hac
3160 1909 3381 1963 civitate
3422 1910 3724 1963 adversum
3779 1928 3905 1963 san-

2210 2002 2365 2049 ctum
2407 2012 2651 2067 puerum
2696 2002 2860 2049 tuum
2902 1998 3113 2061 Jesum,
3162 2013 3334 2067 quem
3385 1998 3618 2061 unxisti,
3657 1999 3908 2051 Herodes

2211 2090 2265 2137 et
2298 2086 2531 2138 Pontius
2560 2085 2769 2137 Pilatus
2800 2101 2925 2137 cum
2952 2085 3221 2154 gentibus
3246 2090 3300 2139 et
3326 2086 3552 2155 populis
3572 2087 3909 2139 Iudaeorum

2210 2173 2395 2225 facere
2454 2188 2582 2243 quas
2641 2188 2843 2225 manus
2902 2177 2998 2225 tua
3064 2179 3120 2226 et
3173 2173 3472 2227 consilium
3531 2174 3911 2228 decreverunt

2210 2262 2334 2315 ﬁeri
2360 2261 2502 2331 (Act.
2567 2278 2638 2319 IV.
2688 2264 2781 2328 27,
2839 2262 2949 2329 28).
3000 2280 3026 2311 υ
3079 2262 3181 2315 Ubi
3214 2262 3369 2315 enim
3425 2263 3659 2315 Latinus
3718 2264 3906 2316 inter-

2211 2366 2339 2421 pres
2377 2351 2445 2403 ad
2496 2366 2726 2403 sensum
2768 2350 3115 2403 transferens
3168 2366 3409 2403 numero
3450 2352 3664 2420 plurali
3716 2352 3911 2421 posuit

2211 2440 2576 2503 decreverunt,
2660 2437 2716 2490 in
2795 2438 2988 2491 (Ξῖ-αλσο
3074 2438 3353 2506 singulari
3435 2454 3677 2491 numero
3764 2439 3912 2508 legi-

2212 2533 2328 2593 tur,
2388 2545 2414 2576 «
2464 2542 2591 2596 quas
2646 2542 2851 2580 manus
2905 2531 2999 2581 tua
3057 2530 3113 2580 et
3157 2527 3459 2580 consilium
3490 2528 3915 2596 praedestinavit

2209 2614 2356 2669 ﬁeri.
2386 2635 2413 2663 »

2281 2704 2437 2757 Sicut
2465 2705 2635 2757 etiam
2659 2705 2767 2757 hoc
2792 2704 2981 2774 ipsum
3012 2704 3404 2758 testimonium
3429 2704 3485 2757 in
3510 2705 3653 2758 libro
3676 2706 3745 2759 de
3765 2707 3910 2759 Prae-

2212 2790 2595 2846 destinatione
2636 2792 2971 2844 Sanctorum
3006 2792 3149 2859 (cap.
3198 2792 3279 2857 l6)
3313 2792 3371 2844 Β.
3423 2792 3781 2861 Augustinus
3812 2810 3909 2863 po-

2212 2880 2388 2933 suisse
2412 2880 2720 2932 invenitur.
2742 2880 2992 2948 Idipsum
3020 2881 3171 2932 enim
3194 2880 3430 2933 verbum
3453 2880 3695 2933 hocloco
3718 2882 3913 2935 Graece

412 2975 720 3032 multitudo
771 2970 1180 3041 reproborum,
1242 2968 1556 3037 interponit
1622 2969 1765 3021 Deus
1817 2967 2107 3036 jusjuran-
2147 2965 2186 3019 C
2216 2969 2426 3038 legitur
2475 2968 2627 3038 quod
2678 2972 2733 3021 et
2780 2968 2839 3020 in
2886 2968 3133 3038 Epistola
3178 2968 3249 3021 ad
3298 2969 3604 3033 Romanos,
3638 2969 3733 3022 ubi
3784 2970 3915 3023 scri-

413 3066 547 3119 dum
588 3064 656 3116 de
706 3059 1020 3114 certissima
1067 3057 1268 3110 talium
1317 3056 1662 3125 perditione,
1714 3056 1935 3109 dicente
1981 3072 2107 3126 pro-

413 3154 622 3225 pheta:
685 3171 711 3201 «
768 3147 985 3201 Juravit
1037 3146 1313 3199 Dominus
1366 3144 1717 3197 exercituum
1769 3144 1999 3197 dicens:
2048 3144 2105 3198 Si

414 3259 529 3296 non
591 3246 653 3293 ut
710 3237 906 3309 putavi
962 3236 1037 3288 ita
1092 3234 1228 3297 erit;
1284 3238 1335 3285 et
1399 3232 1689 3302 quomodo
1750 3238 1939 3285 mente
1992 3237 2105 3285 tra-

414 3330 580 3396 ctavi,
628 3328 707 3381 sic
761 3325 998 3388 eveniet,
1049 3328 1111 3376 ut
1156 3327 1443 3375 conteram
1494 3320 1786 3390 Assyrium
1840 3320 1901 3373 in
1957 3326 2106 3375 terra

415 3436 564 3483 mea,
597 3421 652 3471 et
696 3416 753 3469 in
794 3413 1084 3467 montibus
1115 3410 1255 3463 meis
1288 3410 1616 3463 conculcem
1647 3425 1809 3473 eum;
1844 3410 1949 3462 hoc
1980 3426 2110 3463 con-

416 3507 610 3560 silium
658 3504 813 3575 quod
863 3499 1105 3571 cogitavi
1150 3514 1321 3568 super
1352 3514 1580 3550 omnem
1624 3502 1859 3563 terram,
1895 3502 1949 3551 et
1992 3499 2109 3552 haec

418 3601 503 3649 est
530 3610 733 3648 manus
778 3594 1006 3643 extenta
1037 3604 1209 3657 super
1250 3586 1542 3640 universas
1582 3591 1801 3655 gentes.
1835 3587 2110 3641 Dominus

418 3683 572 3737 enim
607 3683 753 3735 Deus
784 3677 1136 3733 exercituum
1170 3676 1436 3739 decrevit,
1472 3680 1527 3728 et
1556 3675 1685 3745 quis
1718 3676 1925 3746 poterit
1959 3676 2111 3729 infir-

418 3772 614 3826 mare?
667 3774 721 3823 et
774 3784 978 3822 manus
1023 3770 1107 3819 est
1146 3768 1392 3831 extenta,
1430 3768 1485 3817 et.
1531 3764 1658 3834 quis
1702 3768 1920 3817 avertet
1944 3764 2109 3818 eam?

421 3863 557 3931 (Isa.
589 3877 701 3925 xw,
734 3859 820 3923 2i,
856 3860 943 3917 25,
988 3858 1077 3919 27,
1114 3853 1223 3923 28).
1272 3875 1298 3901 ››
1347 3854 1409 3905 In
1453 3853 1659 3923 quibus
1706 3853 1894 3905 verbis
1937 3854 2109 3906 mira-

418 3953 615 4007 biliter
645 3954 701 4004 et
725 3947 1018 4018 granditer
1056 3944 1379 3999 ostenditur
1428 3947 1481 3995 et
1506 3943 1878 3997 immobilitas
1902 3943 2113 4013 praede-

421 4038 748 4095 stinationis
797 4036 896 4089 Dei
950 4040 1003 4088 et
1055 4033 1232 4103 ipsius
1282 4031 1799 4102 praedestinationis
1858 4031 2109 4097 effectus,

420 4146 549 4184 cum
585 4132 742 4181 tanta
778 4130 833 4178 et
882 4129 997 4177 tam
1043 4121 1236 4192 gravia
1280 4122 1431 4173 mala
1462 4120 1833 4188 pereuntibus
1880 4121 2113 4173 commi-

420 4224 590 4273 natus
632 4216 736 4269 sub
761 4211 1138 4283 jurejurando
1175 4209 1346 4263 dicit:
1388 4229 1414 4255 ‹‹
1446 4208 1502 4261 Si
1545 4224 1662 4260 non
1700 4214 1763 4260 ut
1806 4209 2000 4277 putavi
2036 4210 2113 4262 ita

424 4308 546 4371 erit,
582 4309 639 4357 et
669 4302 955 4373 quomodo
986 4303 1178 4351 mente
1218 4296 1454 4349 tractavi
1488 4296 1565 4348 sic
1597 4296 1839 4363 eveniet,
1875 4316 1901 4347 »
1935 4297 1989 4351 id
2032 4301 2116 4351 est

424 4395 567 4448 sicut
622 4389 865 4461 cogitavi
914 4393 971 4441 et
1015 4390 1205 4439 mente
1255 4384 1487 4438 tractavi
1532 4384 1590 4437 in
1646 4386 1847 4438 aeterni
1894 4387 2116 4440 consilii

424 4478 953 4554 prmdestinatione,
992 4498 1011 4524 ι
1064 4476 1141 4529 ita
1173 4474 1279 4527 erit
1312 4478 1367 4527 et
1416 4474 1492 4526 sic
1539 4474 1761 4527 eveniet
1807 4492 1833 4524 »
1882 4473 1938 4526 in
1972 4474 2118 4543 ipsa-

425 4587 553 4626 rum
582 4583 774 4623 rerum
809 4564 1238 4635 adimpletione.
1273 4563 1433 4627 Quod
1462 4564 1635 4615 etiam
1668 4563 1962 4632 sequentia
1993 4579 2119 4631 pro-

424 4662 615 4732 phetae
660 4654 831 4709 verba
878 4652 1182 4723 magniﬁce
1244 4657 1300 4706 et
1330 4651 1640 4705 clarissime
1683 4651 1991 4704 ostendunt
2042 4649 2121 4704 di-

426 4748 606 4804 centis
637 4762 701 4800 ex
744 4759 985 4815 persona
1024 4741 1159 4795 Dei:
1204 4760 1231 4791 «
1279 4741 1395 4795 Hoc
1440 4740 1743 4793 consilium
1788 4739 1941 4810 quod
1973 4739 2121 4809 cogi-

428 4838 539 4892 tavi
575 4850 747 4905 super
777 4847 1004 4885 omnem
1032 4834 1267 4895 terram,
1306 4832 1361 4880 et
1392 4828 1511 4881 hinc
1544 4832 1627 4880 est
1659 4843 1861 4880 manus
1894 4832 2119 4880 extenta

429 4941 602 4996 super
643 4922 935 4976 universas
981 4921 1196 4988 gentes.
1246 4936 1271 4964 »
1318 4916 1387 4967 Et
1436 4931 1564 4967 mox
1616 4931 1679 4968 ex
1737 4931 1839 4967 sua
1877 4931 2121 4983 persona

430 5012 690 5069 addentis
715 5029 726 5065 :
758 5028 787 5061 α
808 5007 1085 5062 Dominus
1106 5005 1261 5058 enim
1290 5004 1438 5057 Deus
1472 5005 1825 5057 exercituum
1853 5005 2118 5066 decrevit,

430 5104 558 5174 quis
608 5099 817 5170 poterit
865 5092 1196 5149 inﬁrmare?
1237 5097 1292 5145 et
1343 5108 1545 5145 manus
1599 5092 1721 5161 ejus
1772 5096 2019 5157 extenta,
2070 5097 2125 5146 et

433 5192 560 5262 quis
608 5190 822 5242 avertet
872 5186 1036 5237 eam?
1074 5204 1098 5229 ››
1142 5180 1398 5233 Profecto
1444 5180 1594 5231 enim
1652 5179 1709 5231 in
1768 5179 1856 5231 his
1914 5179 2120 5246 verbis,

431 5296 533 5352 per
585 5275 889 5332 consilium
950 5271 1104 5342 quod
1148 5268 1420 5339 cogitavit
1464 5269 1609 5321 Deus
1669 5284 1840 5337 super
1894 5283 2124 5321 omnem

431 5374 664 5433 terram,
715 5368 926 5418 aeterna
982 5360 1104 5429 ejus
1145 5356 1604 5427 prmdestinatio;
1640 5361 1695 5408 et
1744 5373 1847 5425 per
1890 5372 2123 5409 manum

433 5460 742 5519 extentam,
795 5449 1051 5522 ejusdem
1098 5446 1318 5501 consilii
1386 5445 1761 5514 intelligenda
1819 5449 1903 5498 est
1948 5444 2128 5499 adim-

434 5543 629 5614 pletio.

2215 3063 2376 3128 ptum
2426 3063 2546 3111 est:
2600 3079 2627 3105 ‹‹
2670 3058 2822 3121 Quos
2871 3062 3062 3111 autem
3108 3058 3535 3128 praedestinavit
3575 3059 3677 3111 hos
3726 3065 3787 3112 et
3829 3075 3917 3112 vo-

2216 3147 2363 3200 cavit
2390 3149 2559 3211 (Rom.
2590 3162 2706 3211 VIII,
2737 3149 2833 3212 30;
2886 3165 2914 3197 »
2952 3146 3045 3199 ubi
3096 3146 3249 3199 enim
3293 3163 3399 3199 nos
3433 3147 3627 3199 Latine
3664 3147 3917 3200 dicimus

2210 3235 2646 3304 praedestinavit,
2683 3234 2762 3287 ibi
2796 3238 2853 3286 et
2901 3234 2961 3286 in
3007 3234 3103 3288 illa
3147 3234 3397 3304 Epistola
3447 3240 3503 3288 et
3551 3236 3609 3288 in
3649 3235 3759 3289 hac
3792 3253 3917 3290 sen-

2216 3323 2397 3377 tentia
2448 3324 2515 3376 de
2558 3322 2792 3376 Actibus
2848 3322 3242 3392 apostolorum
3292 3324 3481 3378 Graece
3526 3324 3786 3393 positum
3837 3332 3916 3378 est

2213 3417 2518 3486 προώρισεν,
2563 3411 2748 3481 quod,
2804 3415 2863 3464 ut
2906 3411 3027 3480 jam
3081 3412 3296 3465 dictum
3346 3416 3466 3475 est,
3522 3412 3619 3465 alii
3679 3414 3915 3484 proprie

2216 3502 2633 3554 transtulerunt
2683 3500 3115 3569 praedestinavit,
3174 3499 3272 3553 alii
3322 3500 3584 3569 deﬁnivit,
3618 3502 3708 3554 vel
3743 3506 3919 3571 preﬁ-

2216 3590 2376 3655 m‘vit,
2440 3588 2536 3640 alii
2568 3587 2823 3653 decrevit,
2852 3588 2941 3641 vel
2992 3588 3198 3658 plurali
3240 3604 3480 3642 numero
3531 3589 3915 3649 decreverunt;

2218 3676 2315 3729 ubi
2348 3681 2403 3729 et
2434 3676 2573 3729 illud
2611 3680 2693 3729 est
2723 3676 2884 3729 valde
2918 3677 3126 3730 mirum
3153 3694 3165 3730 :
3200 3676 3336 3748 quia
3366 3678 3512 3731 sicut
3539 3677 3597 3731 in
3633 3680 3915 3749 propheta

2220 3766 2447 3835 legitur,
2496 3771 2553 3818 et
2586 3785 2611 3815 ε(
2644 3765 2947 3818 consilium
2999 3765 3119 3832 Dei,
3154 3770 3209 3819 et
3257 3782 3459 3819 manus
3490 3770 3740 3829 extenta,
3778 3790 3807 3813 ››
3843 3767 3915 3818 ita

2220 3860 2277 3907 et
2305 3854 2394 3906 hic
2431 3853 2684 3922 ponitur,
2719 3872 2739 3901 ε
2778 3852 2962 3905 facere
2993 3869 3121 3923 quae
3168 3869 3370 3907 manus
3402 3859 3498 3906 tua
3528 3858 3583 3906 et
3609 3853 3911 3907 consilium

2218 3942 2485 4007 decrevit,
2537 3941 2651 3994 sive
2695 3941 3038 3994 decreverunt
3081 3941 3220 3994 fieri.
3268 3962 3295 3990 ))
3348 3941 3509 4004 Quod
3556 3941 3771 3995 idcirco
3800 3948 3913 3995 tam

2219 4031 2522 4102 diligenter
2560 4030 2865 4083 dicendum
2910 4030 3255 4099 putavimus,
3293 4035 3357 4083 ut
3393 4030 3830 4098 praedestinavit,
3864 4036 3913 4083 et

2218 4120 2476 4184 decrevit,
2540 4123 2596 4171 et
2622 4118 2887 4183 definivit,
2941 4119 3028 4170 vel
3056 4121 3372 4187 prae/inicit,
3406 4118 3656 4187 idipsnm
3709 4119 3915 4188 signiﬁ-

2223 4224 2349 4262 care
2396 4207 2786 4276 intelligatur:
2825 4228 2851 4254 ‹‹
2891 4209 3293 4261 Convenerunt
3327 4224 3462 4277 ergo
3493 4208 3762 4261 adversus
3797 4225 3917 4260 san-

2225 4303 2376 4351 ctum
2424 4312 2667 4366 puerum
2713 4297 2927 4362 Iesum,
2961 4313 3131 4366 quem
3171 4296 3333 4349 unxit
3364 4297 3531 4362 Deus,
3586 4298 3836 4350 Herodes
3869 4302 3921 4349 et

2227 4386 2463 4440 Pontius
2508 4384 2721 4438 Pilatus
2765 4384 2947 4438 facere
2992 4400 3119 4455 qua)
3164 4401 3365 4438 manus
3397 4390 3452 4437 et
3480 4385 3784 4437 consilium
3822 4385 3919 4438 Dei

2227 4474 2677 4547 praedestinavit,
2735 4474 3003 4539 decrevit,
3060 4478 3117 4527 et
3171 4474 3479 4544 prmﬁnivit
3524 4474 3669 4527 fieri.
3718 4498 3743 4520 υ
3814 4475 3917 4528 Sed

2228 4580 2586 4635 qumcunque
2614 4563 2978 4633 omnipotens
3000 4565 3149 4616 Deus
3176 4565 3339 4616 Pater
3361 4562 3644 4631 unigeniti
3678 4563 3805 4616 Filii
3840 4564 3918 4616 sui

2228 4654 2493 4724 passione
2541 4651 2967 4721 praedestinavit
2997 4651 3142 4717 ﬁeri,
3194 4651 3278 4703 illi
3328 4651 3583 4704 fecerunt
3623 4654 3846 4705 malitia
3871 4643 3959 4705 et.

2228 4741 2544 4812 impietate.
2602 4740 2702 4793 Ille
2759 4738 3183 4810 praedestinavit
3229 4739 3619 4793 misericordia
3665 4746 3723 4793 et
3764 4741 3920 4793 beni-

2230 4829 2469 4899 gnitate,
2498 4827 2580 4880 illi
2625 4833 2687 4881 ut
2733 4843 2942 4881 nomen
2987 4826 3195 4881 Christi
3242 4828 3517 4890 delerent,
3549 4828 3646 4881 ille
3697 4832 3762 4881 ut
3802 4828 3923 4897 ejus

2232 4916 2508 4983 sanguine
2544 4921 2775 4986 peccata
2817 4916 3016 4970 mundi
3049 4916 3323 4969 ablueret.
3361 4917 3771 4970 Prtedestinata
3798 4922 3923 4971 sunt

2232 5006 2329 5058 illa
2361 5005 2555 5057 omnia
2580 5005 2718 5057 utin
2748 5006 2871 5073 ejus
2902 5005 3164 5075 passione
3194 5005 3415 5063 fierent,
3451 5005 3921 5073 prmdestinatum

2232 5093 2315 5142 est
2347 5094 2402 5141 et
2434 5104 2538 5154 per
2571 5105 2713 5158 quos
2746 5090 2949 5142 tierent
2980 5088 3113 5159 quia
3150 5089 3411 5143 videlicet
3452 5095 3507 5141 et
3532 5089 3685 5157 justo
3711 5091 3925 5159 judicio

2235 5178 2332 5230 Dei
2360 5177 2568 5230 merito
2602 5177 3050 5246 prtecedentium
3095 5182 3455 5247 peccatorum
3507 5177 3665 5246 digni
3691 5178 3924 5247 judicati

2236 5271 2368 5319 sunt
2395 5266 2493 5336 qui
2532 5267 2611 5319 ita
2652 5271 3093 5331 exciecarentur,
3128 5271 3192 5319 ut
3237 5282 3339 5336 per
3382 5282 3481 5319 eos
3514 5268 3648 5319 talia
3681 5270 3925 5338 comple-

2236 5360 2454 5409 rentur.
2507 5355 2662 5408 Sicut
2717 5360 2771 5408 et
2824 5356 2996 5408 Judas
3050 5355 3177 5408 ideo
3224 5355 3666 5424 prredestinatus
3729 5363 3816 5410 est
3869 5361 3925 5409 ut

2236 5444 2500 5498 eumdem
2546 5444 2851 5497 Dominum
2892 5443 3179 5497 Christum
3211 5442 3484 5509 traderet,
3520 5444 3657 5513 quia
3689 5446 3923 5514 dignum

2246 5551 2302 5587 se
2333 5533 2579 5602 praebuit
2611 5531 2711 5604 qui
2743 5533 2855 5587 tale
2886 5532 3105 5587 facinus
3131 5532 3401 5602 expleret.
