4108 6190
223 265 357 317 1097

878 401 1103 455 CAPUT
1148 403 1256 456 νη.

220 507 295 558 De
342 505 549 579 duobus
588 508 851 579 funiculis
879 512 927 559 et
968 509 1183 573 gemina
1211 515 1372 561 sorte.
1427 512 1499 563 De
1541 515 1741 563 aeterna
1783 525 1919 579 pra-

290 578 537 641 scientz'a,
579 577 925 645 providentia
957 584 1004 631 et
1034 579 1511 646 praedestinatione
1544 583 1661 633 Dei.
1714 577 1919 635 Discre-

294 650 366 699 tio
413 649 694 701 electorum
725 654 774 700 et
820 650 1167 716 reproborum
1196 652 1254 702 in
1303 651 1463 703 Jacob
1495 656 1545 704 et
1582 655 1728 706 Esau
1777 655 1915 720 ﬁgu-

289 723 435 771 rata.
475 721 673 772 Electio
699 722 964 784 gratuita,
999 721 1307 789 reprobatio
1326 722 1502 790 justa.

291 841 445 893 Hanc
473 844 745 894 aeternam
792 846 847 894 et
879 842 1411 896 incommutabilem
1454 844 1914 913 praedestinatio-

216 942 349 980 nem
406 928 502 982 Dei
555 928 624 981 de
676 934 915 999 utraque
969 930 1215 995 civitate,
1269 932 1321 985 id
1370 938 1454 985 est
1501 933 1809 985 electorum
1863 936 1915 985 et

217 1017 619 1087 reproborum,
657 1019 715 1072 Β.
753 1019 920 1072 Isaias
947 1021 1229 1089 propheta
1263 1020 1321 1073 in
1364 1020 1476 1074 fine
1511 1022 1703 1075 saeculi
1736 1021 1916 1075 adim-

215 1105 497 1174 plendam
531 1105 693 1159 miris
730 1107 989 1160 laudibus
1028 1112 1083 1160 et
1118 1109 1496 1163 exsultatione
1529 1110 1916 1180 prosequitur,

217 1194 458 1247 dicens:
499 1212 526 1246 (ι
563 1196 798 1248 Domine
834 1197 980 1249 Deus
1026 1213 1187 1251 meus
1229 1204 1311 1263 tu,
1348 1199 1607 1251 eXaItabo
1640 1204 1711 1261 te,
1748 1198 1919 1251 conli-

217 1282 386 1335 tebor
416 1282 638 1336 nomini
673 1288 791 1348 tuo,
825 1286 1095 1354 quoniam
1130 1286 1312 1339 fecisti
1357 1288 1663 1353 mirabilia,
1701 1287 1916 1356 cogita-

216 1371 408 1423 tiones
441 1371 703 1442 antiquas
746 1373 962 1438 ﬁdeles,
999 1390 1163 1427 amen
1199 1377 1323 1440 (Isa.
1363 1392 1483 1441 xxv,
1522 1376 1590 1444 t).
1628 1397 1654 1423 ››
1696 1377 1758 1429 Et
1790 1391 1916 1428 mox

216 1459 289 1512 de
322 1460 549 1513 civitate
596 1460 909 1530 impiorum
945 1479 956 1515 :
994 1485 1020 1511 «
1054 1463 1195 1526 Quia
1239 1464 1503 1533 posuisti,
1538 1465 1746 1533 inquit,
1781 1465 1921 1517 civi-

213 1552 393 1601 tatem
446 1549 502 1601 in
537 1550 871 1617 tumultum,
924 1552 1124 1605 urbem
1172 1554 1373 1605 fortem
1422 1554 1480 1605 in
1515 1554 1761 1618 ruinam,
1814 1553 1917 1606 do-

219 1654 379 1691 mum
431 1639 773 1705 alienorum,
809 1645 871 1693 ut
918 1657 1031 1693 non
1061 1642 1131 1694 sit
1169 1642 1383 1707 civitas,
1417 1647 1471 1695 et
1514 1643 1573 1695 in
1616 1643 1917 1712 sempiter-

220 1744 359 1781 num
417 1744 532 1781 non
589 1728 902 1781 aedificetur
954 1730 1141 1797 (Ibid.,
1192 1732 1283 1799 ‘2);
1338 1705 1376 1781 »-
1417 1731 1513 1783 ubi
1562 1736 1616 1784 et
1663 1705 1914 1785 de-civi-
1956 1705 1995 1758 Β

216 1820 333 1869 tate
364 1816 591 1886 piorum
625 1817 897 1870 continuo
927 1818 1188 1887 adjungit
1223 1835 1234 1871 :
1272 1840 1295 1867 «
1328 1818 1510 1889 Super
1541 1820 1919 1873 hoclaudabit

217 1909 273 1957 te
310 1905 561 1974 populus
593 1904 775 1970 fortis,
821 1904 1015 1958 civitas
1043 1906 1300 1975 gentium
1348 1908 1711 1961 robustorum
1758 1909 1919 1961 time-

216 1992 305 2045 bit
346 1998 399 2046 te
440 1992 613 2063 :quia
669 1993 850 2046 factus
900 2010 958 2045 es
1014 1994 1286 2048 fortitudo
1338 1996 1595 2065 pauperi,
1645 1997 1915 2050 fortitudo

218 2097 404 2151 egeno
438 2080 498 2133 in
531 2081 901 2135 tribulatione
930 2098 1031 2135 sua
1062 2099 1074 2136 :
1111 2099 1237 2153 spes
1269 2102 1298 2136 a
1332 2084 1579 2150 turbine,
1613 2086 1915 2139 umbracu-

218 2170 341 2223 lnm
413 2168 480 2222 ab
547 2174 685 2222 aestu
753 2170 939 2237 (Ibid,
995 2173 1047 2236 3,
1115 2171 1187 2239 4).
1240 2193 1266 2219 ››
1337 2174 1444 2226 Has
1486 2173 1626 2227 duas
1689 2178 1917 2245 partes,

219 2258 538 2311 electorum
587 2258 853 2312 videlicet
884 2264 939 2311 et
980 2260 1379 2329 reproborum,
1427 2277 1697 2315 mensura
1736 2262 1918 2333 aequi-

217 2346 354 2400 tatis
380 2347 522 2415 justi
559 2347 759 2417 judicii
796 2347 893 2401 Dei
925 2349 1161 2401 alteram
1189 2351 1563 2418 perdendam,
1597 2358 1652 2404 et
1679 2352 1918 2405 alteram

219 2435 574 2503 salvandam,
600 2435 940 2489 mirabiliter
965 2436 1137 2490 etiam
1168 2438 1225 2489 in
1250 2438 1395 2491 libro
1422 2440 1639 2507 Regum
1674 2441 1917 2509 legimus

220 2523 573 2593 designatas,
636 2524 732 2577 ubi
786 2530 843 2577 et
892 2524 961 2578 de
1014 2525 1182 2579 beato
1236 2527 1411 2580 David
1460 2528 1739 2597 scriptum
1790 2534 1914 2583 est:

222 2630 247 2655 ι(
281 2608 427 2672 Quia
475 2610 753 2679 percussit
802 2612 987 2675 Moab,
1036 2616 1093 2665 et
1124 2628 1357 2665 mensus
1390 2620 1476 2667 est
1521 2631 1618 2667 eos
1662 2615 1916 2670 funiculo

220 2713 533 2767 coaequans
571 2704 758 2752 terrae.
810 2699 1035 2753 Mensus
1065 2706 1148 2753 est
1182 2705 1373 2755 autem
1422 2702 1565 2755 duos
1614 2703 1914 2772 funiculos,

220 2802 403 2839 unum
452 2787 521 2840 ad
569 2788 942 2841 occidendum
975 2793 1030 2841 et
1058 2805 1241 2843 unum
1287 2791 1353 2843 ad
1398 2790 1798 2846 vivificandum
1851 2797 1921 2861 (II

219 2878 349 2942 Reg.
387 2892 501 2942 vui,
542 2876 617 2945 2).
657 2896 681 2926 ι)
722 2876 857 2940 Quis
889 2878 1043 2930 enim
1094 2894 1209 2931 non
1260 2884 1530 2949 agnoscat
1561 2896 1756 2933 verum
1810 2882 1915 2934 Da-

222 2964 317 3017 vid
367 2981 486 3018 esse
522 2964 832 3019 Dominum
880 2967 1074 3021 Jesum
1118 2967 1425 3035 Christum,
1463 2968 1733 3022 Moabitas
1781 2986 1914 3023 vero
1955 3004 1995 3057 Ο

214 3070 450 3107 omnem
496 3054 920 3109 multitudinem
968 3055 1306 3123 inﬁdelium,
1354 3057 1452 3127 qui
1502 3056 1671 3111 alieni
1721 3066 1853 3111 sunt
1886 3076 1916 3112 a

214 3143 433 3213 populo
473 3143 572 3196 Dei
602 3160 614 3197 :
644 3160 891 3214 quorum
936 3144 1072 3198 dum
1104 3146 1244 3199 alios
1269 3145 1422 3216 justo
1455 3149 1510 3200 ct
1556 3149 1775 3201 occulto
1818 3148 1914 3217 ju-

212 3230 367 3285 dicio
399 3248 499 3284 suo
524 3232 874 3301 prazordinat
906 3233 971 3286 ad
1008 3238 1248 3287 mortem
1278 3238 1577 3304 aeternam,
1612 3235 1749 3288 alios
1782 3252 1914 3290 vero

214 3318 362 3389 legit
392 3324 446 3373 et
490 3324 651 3373 vocat
692 3322 761 3375 ad
792 3320 967 3374 vitam
1010 3326 1282 3375 aeternam
1305 3324 1333 3376 ?
1362 3323 1503 3387 Quid
1538 3324 1689 3377 aliud
1742 3340 1913 3394 quam

216 3408 553 3478 aequissima
592 3408 800 3479 judicii
830 3410 917 3463 sui
950 3427 1219 3465 mensura
1266 3434 1284 3459 ι
1322 3412 1461 3465 duos
1500 3412 1736 3465 metitur
1764 3412 1915 3465 funi-

214 3497 400 3561 culos,
435 3513 614 3551 unum
660 3498 726 3551 ad
772 3497 1168 3566 occidendum,
1203 3502 1258 3553 et
1291 3516 1468 3553 unum
1503 3500 1572 3554 rd
1622 3499 1918 3553 vivifican-

214 3584 401 3639 dum?
430 3585 664 3654 (Esther.
699 3602 752 3653 x,
790 3586 893 3653 l0).
928 3609 946 3634 η
974 3587 1080 3641 Sed
1106 3587 1241 3641 etin
1268 3588 1413 3641 libro
1442 3589 1640 3643 Esther
1667 3589 1917 3659 idipsum

216 3674 290 3728 de
327 3678 569 3744 utraque
616 3680 800 3745 parte,
836 3679 891 3729 et
938 3676 1250 3731 electorum
1292 3678 1505 3732 scilicet
1548 3683 1604 3732 et
1642 3679 1917 3748 reprobo-

216 3779 373 3828 rum,
407 3768 484 3836 et_
512 3762 766 3817 fidelium
819 3769 874 3818 et
906 3764 1253 3833 infidelium,
1307 3766 1410 3820 sub
1444 3767 1626 3836 ﬁgura
1673 3767 1916 3821 duarum

216 3834 486 3905 sortium.
516 3852 818 3923 magnifice
868 3854 1173 3923 ﬁguratur,
1224 3855 1323 3907 ubi
1371 3855 1439 3907 de
1481 3834 1593 3909 Deo
1644 3855 1917 3925 scriptum

216 3945 310 3994 est
350 3956 361 3993 :
400 3959 427 3990 «
472 3942 537 3994 Et
584 3941 727 3995 duas
773 3945 956 3995 sortes
989 3958 1108 3995 esse
1158 3943 1450 4013 praecepit,
1498 3960 1672 3997 unam
1723 3943 1919 4014 populi

216 4028 325 4083 Dei
375 4033 431 4083 et
459 4032 697 4083 alteram
731 4036 1065 4084 cunctarum
1110 4031 1369 4099 gentium
1402 4048 1414 4085 :
1448 4032 1714 4102 venitque
1764 4039 1922 4087 utra-

216 4134 335 4188 que
386 4134 509 4170 sors
554 4118 609 4171 in
666 4122 943 4171 statutum
996 4135 1060 4171 ex
1112 4119 1210 4172 illo
1255 4119 1374 4189 jam
1425 4125 1684 4190 tempore
1728 4138 1920 4176 coram

218 4208 341 4259 Deo
401 4206 591 4275 (Ibid,
629 4206 749 4275 ll);
796 4226 823 4256 »
876 4222 977 4276 per
1025 4213 1239 4261 sortem
1290 4224 1541 4278 namque
1596 4210 1773 4263 divini
1818 4212 1918 4279 ju-

214 4292 359 4347 dicii
407 4294 682 4363 expositio
717 4299 867 4347 recte
902 4294 1265 4365 intelligitur,
1312 4296 1533 4350 dicente
1564 4297 1866 4352 Salomone
1901 4316 1914 4352 :

218 4403 249 4428 ‹‹
280 4381 471 4435 Sortes
524 4383 833 4436 mittuntur
863 4384 923 4436 in
954 4382 1169 4451 sinum,
1215 4385 1307 4437 sed
1354 4402 1386 4437 a
1420 4385 1661 4439 Domino
1700 4391 1920 4457 tempe-

212 4474 424 4523 rantur
475 4471 652 4541 (Prov.
689 4487 799 4537 xvx,
837 4473 949 4539 33).
987 4490 1013 4522 ι)
1062 4473 1124 4525 Et
1167 4472 1533 4542 omnipotens
1580 4474 1727 4527 Deus
1781 4474 1923 4527 duas

210 4563 403 4612 sortes
434 4575 553 4612 esse
582 4560 875 4629 przecepit,
904 4576 1073 4613 unam
1095 4561 1297 4629 populi
1332 4560 1450 4625 Dei,
1476 4560 1533 4615 id
1557 4565 1637 4615 est
1659 4560 1920 4615 omnium

210 4649 554 4711 electorum,
593 4654 648 4700 et
682 4649 917 4701 alteram
966 4653 1300 4702 cunctarum
1334 4648 1616 4719 gentium,
1662 4649 1923 4703 omnium

206 4736 485 4791 videlicet
525 4736 905 4807 reproborum
936 4754 947 4791 :
986 4742 1042 4790 et
1072 4742 1342 4808 utrasque
1388 4742 1576 4808 partes
1601 4737 1804 4807 judicii
1837 4737 1925 4790 sui

207 4830 375 4879 sorte
409 4825 684 4892 distinxit,
733 4831 798 4879 ut
830 4826 926 4879 alii
958 4832 1149 4880 essent
1194 4827 1249 4879 in
1281 4831 1472 4897 partes
1503 4826 1671 4880 sortis
1712 4830 1927 4879 sancto-

209 4930 377 4981 rum,
426 4914 523 4967 alii
554 4931 686 4968 vero
730 4914 791 4968 in
836 4920 1027 4984 partes
1080 4915 1247 4969 sortis
1296 4916 1627 4986 impiorum.
1679 4916 1806 4969 Esse
1841 4920 1924 4968 et-

209 5002 380 5057 enim
412 5001 552 5055 duas
583 5007 785 5069 sortes,
818 5002 876 5056 id
905 5008 989 5056 est
1019 5008 1233 5057 sortem
1268 5010 1597 5057 sanctorum
1631 5008 1686 5057 et
1712 5007 1925 5057 sortem

207 5090 559 5160 impiorum,
630 5096 823 5160 aperte
875 5091 1166 5162 Scriptura
1232 5108 1336 5144 nos
1384 5091 1568 5157 docet,
1611 5108 1741 5146 cum
1791 5092 1927 5146 dicit

204 5178 526 5249 Apostolus
540 5178 610 5232 de
628 5180 847 5249 prima:
870 5203 889 5229 σ
908 5180 1014 5244 Qui
1033 5179 1236 5251 dignos
1251 5196 1351 5233 nos
1372 5180 1505 5234 fecit
1523 5180 1580 5233 in
1607 5186 1797 5251 partes
1816 5196 1929 5233 sor-

207 5268 292 5322 tis
345 5272 673 5321 sanclorum
716 5268 776 5322 in
811 5269 1029 5323 lumine
1064 5286 1074 5322 :
1115 5268 1214 5339 qui
1260 5268 1474 5338 eripuit
1514 5286 1618 5322 nos
1648 5270 1717 5324 de
1765 5274 1925 5339 pote-

207 5360 369 5410 state
398 5356 791 5424 tenebrarum,
838 5362 893 5411 et
920 5358 1214 5411 transtulit
1246 5358 1304 5411 in
1348 5374 1591 5427 regnum
1628 5358 1750 5412 Filii
1784 5358 1927 5412 dile-

206 5444 430 5501 ctionis
464 5461 581 5499 suae
633 5446 769 5513 (Col.
809 5464 847 5514 ι,
901 5449 985 5513 12,
1024 5446 1143 5514 13);
1191 5468 1217 5494 ››
1270 5462 1397 5517 qua:
1444 5451 1529 5500 est
1561 5447 1759 5518 utique
1807 5462 1928 5499 sors

206 5532 428 5606 populi
449 5532 576 5598 Dei;
607 5534 753 5587 etde
778 5535 957 5588 altera
976 5533 1035 5587 in
1062 5533 1207 5587 libro
1233 5533 1621 5587 Ecclesiastico
1647 5534 1920 5605 legimus:

555 5621 847 5683 PATROL.
896 5621 1120 5682 CXXI.

1308 268 1393 320 DE
1434 268 1765 324 TENENDA
1805 269 2220 326 ΞΟΒΙΡΤΗΒᾹΞ
2261 271 2629 326 VERITATE.

3583 278 3717 331 l098

1951 411 1997 460 A
2031 427 2059 454 «
2095 406 2301 459 Anima
2333 407 2485 460 enim
2532 422 2779 477 nequam
2810 407 3101 478 disperdet
3143 424 3276 463 eum
3308 408 3406 479 qui
3437 427 3494 463 se
3526 411 3718 481 habet,

2025 499 2080 547 et
2106 496 2163 547 in
2196 496 2472 565 gaudium
2516 496 2737 550 inimici
2764 498 2858 551 dat
2891 498 3074 564 illum,
3109 505 3164 552 et
3194 500 3435 554 deducet
3466 503 3626 555 illum
3659 504 3719 556 in

2023 588 2237 637 sortem
2288 584 2596 655 impiorum
2649 586 2835 653 (Eccli.
2872 604 2924 654 v,
2971 587 3046 657 4),
3084 611 3108 637 »ι
3162 589 3459 643 manifeste
3508 591 3722 646 scilicet

2025 672 2420 741 reproborum.
2494 668 2497 671 ’

2097 760 2203 814 Sed
2260 766 2315 815 et
2361 762 2420 814 in
2470 760 2595 814 aliis
2642 762 2951 832 Scriptura:
3002 769 3210 818 sancta:
3259 766 3396 819 locis
3445 782 3560 821 sors
3617 784 3719 837 pro

2019 848 2161 918 justi
2189 849 2568 903 retributione
2594 850 2800 919 judicii
2840 852 2899 904 in
2931 857 3091 921 parte
3131 854 3507 924 reproborum
3538 855 3721 925 posita

2024 937 2334 1003 invenitur,
2383 938 2525 991 sicut
2557 939 2615 991 in
2649 938 2790 991 lsaia
2832 940 2901 993 ad
2949 941 3173 1010 plebem
3214 944 3519 1013 reprobam
3571 945 3720 997 Deus

2023 1025 2206 1079 dicit:
2257 1045 2282 1075 ‹‹
2336 1026 2468 1080 Herc
2523 1032 2605 1080 est
2646 1044 2776 1097 pars
2825 1032 2941 1087 tua,
2991 1044 3227 1098 sorsque
3274 1047 3557 1084 mensurae
3606 1038 3719 1085 tum

2026 1114 2158 1182 (Isa.
2195 1130 2320 1179 LVlI,
2348 1116 2429 1182 7).
2480 1136 2497 1161 ι
2538 1116 2600 1167 Et
2630 1116 2696 1168 de
2729 1114 2980 1167 inimicis
3025 1117 3225 1185 populi
3272 1119 3366 1170 Dei
3402 1120 3550 1173 idem
3584 1136 3719 1189 pro-

2025 1202 2197 1271 pheta
2246 1205 2368 1257 ait:
2410 1225 2427 1251 σ
2469 1204 2593 1256 Hmc
2645 1208 2729 1257 est
2778 1220 2906 1273 pars
2961 1220 3182 1272 eorum,
3216 1206 3314 1275 qui
3362 1212 3722 1261 vastaverunt

2026 1306 2150 1355 nos,
2184 1295 2240 1343 et
2281 1307 2401 1343 sors
2433 1290 2828 1360 diripientium
2878 1307 2981 1345 nos
3030 1293 3157 1359 (Isa.
3207 1308 3337 1360 xvu,
3392 1296 3499 1363 18).
3535 1314 3561 1346 ››
3610 1296 3722 1349 Ve-

2027 1378 2110 1431 nit
2156 1394 2291 1447 ergo
2329 1402 2347 1427 α
2405 1383 2646 1449 utraque
2696 1396 2836 1445 sors,
2885 1401 2911 1428 »
2948 1380 3004 1433 id
3037 1387 3140 1445 est,
3194 1386 3249 1433 et
3294 1382 3493 1451 populi
3544 1383 3639 1435 Dei
3669 1387 3725 1436 et

2026 1482 2226 1519 eorum
2258 1468 2355 1537 qui
2392 1467 2565 1520 alieni
2603 1468 2937 1536 judicantur
2968 1486 2999 1521 a
3033 1470 3247 1537 populo
3301 1471 3420 1537 Dei,
3458 1494 3478 1518 ι
3514 1470 3573 1523 in
3606 1475 3724 1525 sta—

2026 1559 2213 1608 tutum
2247 1575 2296 1620 »,
2328 1556 2592 1609 videlicet
2624 1562 2704 1621 ut,
2740 1557 3230 1627 quemadmodum
3256 1564 3532 1612 statutum
3556 1566 3637 1613 est
3665 1560 3724 1612 in

2028 1646 2247 1697 occulto
2275 1644 2493 1713 judicio
2533 1645 2627 1698 Dei
2677 1645 2745 1698 de
2778 1645 3076 1714 utriusque
3116 1645 3383 1710 sortibus,
3419 1646 3471 1699 id
3506 1652 3608 1712 est,
3644 1647 3723 1699 ci-

2027 1730 2216 1783 vitatis
2258 1732 2359 1785 llei
2401 1736 2455 1784 et
2485 1731 2728 1784 civitatis
2757 1731 2987 1797 diaboli,
3031 1731 3168 1801 ipsis
3201 1732 3367 1784 rebus
3399 1734 3725 1802 expleretur

2026 1835 2091 1871 ex
2125 1820 2221 1873 illo
2250 1822 2372 1888 jam
2406 1824 2683 1889 tempore,
2708 1836 2822 1889 quo
2856 1820 2924 1873 ab
2958 1821 3189 1873 exordio
3216 1820 3417 1874 mundi
3446 1838 3630 1891 usque
3651 1820 3723 1873 ad

2026 1907 2197 1961 finem
2232 1908 2425 1960 smculi
2457 1908 2543 1960 hae
2578 1908 2705 1960 dure
2733 1907 2988 1959 civitates
3023 1908 3203 1960 mistaa
3235 1923 3494 1976 corpore,
3530 1912 3723 1961 mente

2026 1995 2241 2061 divisae,
2279 1997 2668 2066 temporaliter
2700 1999 2960 2064 currunt,
2993 1997 3174 2049 doncc
3205 1996 3270 2050 ad
3317 1995 3536 2049 debitos
3582 1997 3723 2049 lines

2024 2084 2387 2152 perveniant,
2420 2085 2507 2137 vel
2557 2084 2684 2136 vitae
2717 2089 2964 2149 Merum,
3016 2084 3100 2136 vel
3136 2084 3335 2137 mortis
3378 2088 3669 2154 perpetua?
3705 2099 3720 2137 :

2026 2173 2133 2225 hoc
2162 2177 2353 2225 autem
2403 2177 2585 2226 totum
2623 2191 2647 2224 tl
2686 2172 2839 2226 venit
2886 2172 2943 2224 in
2977 2177 3251 2226 statutum
3298 2193 3324 2223 »
3360 2189 3552 2227 coram
3586 2174 3719 2238 Deo,

2026 2260 2123 2331 qui
2169 2261 2323 2313 solus
2373 2262 2529 2314 novit
2576 2277 2749 2331 quam
2794 2262 2946 2331 juste
2979 2261 3086 2314 ista
3116 2262 3496 2331 disposuerit,
3548 2276 3721 2332 quam

2026 2349 2302 2402 veraciter
2328 2353 2499 2420 atque
2530 2350 2835 2403 efficaciter
2856 2365 3035 2419 usque
3068 2351 3135 2403 ad
3161 2351 3334 2403 tinem
3358 2350 3550 2403 saeculi
3572 2366 3725 2403 com—

2028 2438 2315 2507 pleantnr.

2098 2527 2251 2579 Hanc
2309 2526 2737 2579 distinctionem
2786 2526 2963 2580 divini
3005 2526 3206 2596 judicii
3245 2532 3303 2579 et
3348 2526 3724 2596 praedestina-

2026 2615 2220 2681 tionis,
2255 2615 2502 2668 duorum
2536 2615 2798 2669 videlicet
2826 2615 3213 2668 funiculorum
3244 2620 3298 2669 et
3327 2615 3570 2669 duarum
3602 2632 3723 2669 sor-

2024 2703 2194 2769 tium,
2236 2719 2479 2773 quarum
2516 2720 2628 2756 una
2661 2708 2743 2757 est
2780 2704 2981 2773 populi
3009 2704 3191 2768 electi,
3225 2709 3280 2756 et
3310 2705 3485 2757 altera
3514 2703 3722 2774 impio-

2027 2807 2179 2852 rum,
2216 2791 2291 2843 ita
2324 2791 2668 2844 aeternaliter
2699 2808 2817 2843 esse
2866 2792 3198 2860 dispositam
3243 2792 3548 2861 praedictus
3579 2792 3725 2845 liber

2026 2880 2451 2932 Ecclesiasticus
2502 2879 2840 2932 mirabiliter
2885 2880 3135 2931 ostendit
3175 2880 3367 2932 dicens
3402 2897 3413 2932 :
3451 2899 3478 2929 ι(
3521 2882 3583 2934 In
3627 2880 3721 2949 ju-

2028 2967 2175 3020 dicio
2226 2967 2323 3020 Dei
2387 2983 2563 3036 opera
2603 2966 2782 3037 ipsius
2830 2968 2897 3020 ab
2935 2967 3097 3020 initio
3153 2972 3208 3021 et
3247 2968 3317 3020 ab
3360 2968 3723 3022 institutione

2024 3056 2278 3125 ipsorum
2331 3054 2585 3109 distinxit
2634 3059 2825 3124 partes
2875 3055 3144 3120 illorum;
3189 3074 3216 3104 »
3271 3060 3325 3108 et
3373 3056 3507 3108 alibi
3537 3056 3719 3110 dicit:

2026 3163 2053 3195 (ι
2098 3143 2371 3197 Dominus
2396 3142 2661 3196 homines
2689 3160 2888 3196 omnes
2915 3144 2982 3196 de
3011 3145 3151 3209 solo,
3180 3147 3237 3197 et
3264 3160 3330 3196 ex
3359 3148 3531 3207 terra,
3567 3144 3721 3198 unde

2024 3239 2246 3287 creatus
2276 3237 2361 3286 est
2405 3233 2606 3301 Adam,
2654 3232 2713 3285 in
2752 3232 3119 3286 multitudine
3154 3232 3467 3303 disciplinae
3520 3233 3717 3287 Domi-

2026 3322 2086 3375 ni
2116 3321 2400 3391 separavit
2433 3338 2546 3385 eos,
2585 3326 2639 3374 et
2685 3321 3010 3374 immutavit
3040 3321 3157 3374 vias
3206 3338 3425 3375 eorum.
3462 3322 3540 3375 Ex
3584 3322 3722 3391 ipsis

2025 3409 2317 3463 benedixit
2364 3414 2421 3461 et
2451 3408 2736 3471 exaltavit,
2782 3413 2837 3462 et
2866 3426 2933 3461 ex
2982 3409 3119 3478 ipsis
3153 3408 3523 3463 sanctiticavit
3564 3414 3621 3463 et
3650 3409 3724 3463 ad

2027 3516 2084 3553 se
2133 3498 2463 3568 applicavit;
2500 3502 2555 3551 et
2585 3515 2649 3550 ex
2696 3498 2834 3567 ipsis
2866 3498 3161 3551 maledixit
3204 3510 3260 3552 et
3292 3498 3634 3565 humiliavit,
3668 3504 3726 3552 et

2026 3587 2309 3640 convertit
2342 3586 2469 3640 illos
2517 3604 2547 3639 a
2579 3587 2937 3656 separatione
2986 3586 3264 3656 ipsorum.
3317 3586 3487 3650 Quasi
3535 3586 3723 3640 lutum

2027 3674 2189 3745 ﬁguli
2236 3674 2293 3727 in
2349 3690 2523 3728 manu
2574 3675 2754 3744 ipsius
2788 3676 3071 3744 plasmare
3117 3676 3255 3728 illud
3307 3680 3363 3728 et
3392 3676 3718 3746 disponere.

2028 3764 2238 3816 Omnes
2281 3763 2383 3817 viae
2414 3764 2536 3833 ejus
2563 3764 2876 3817 secundum
2916 3764 3349 3833 dispositionem
3383 3765 3506 3834 ejus
3533 3764 3727 3833 (Ecclil

2026 3868 2215 3919 XXXIII,
2272 3854 2355 3917 10,
2412 3856 2493 3918 12,
2532 3855 2616 3918 13,
2672 3854 2842 3921 14).»
2882 3852 3021 3905 Huic
3063 3854 3361 3906 sententia:
3410 3852 3592 3906 simile
3640 3859 3725 3907 est

2030 3941 2165 3994 illud
2196 3940 2347 4009 quod
2382 3940 2547 3994 beata
2575 3940 2769 3994 Judith
2801 3940 2860 3993 in
2895 3942 3154 3994 oratione
3188 3957 3289 3994 sua
3320 3941 3387 3993 ad
3420 3941 3599 3995 Deum
3631 3940 3723 3994 di-

2030 4030 2103 4083 cit
2138 4045 2150 4082 :
2187 4050 2213 4077 α
2248 4030 2327 4083 Tu
2371 4029 2523 4083 enim
2566 4029 2743 4082 fecisti
2777 4030 2988 4099 priora,
3034 4034 3088 4082 et
3120 4030 3214 4082 illa
3264 4034 3392 4098 post
3422 4029 3517 4082 illa
3562 4028 3721 4100 cogi—

2029 4118 2182 4184 tasti,
2235 4124 2292 4171 et
2345 4117 2451 4171 hoc
2480 4117 2695 4171 factum
2727 4123 2810 4170 est
2857 4118 3009 4187 quod
3056 4118 3176 4187 ipse
3224 4117 3478 4185 voluisti,
3526 4122 3581 4171 et
3627 4123 3725 4171 tua

2024 4206 2240 4277 judicia
2270 4206 2328 4259 in
2358 4211 2456 4260 tua
2485 4206 2847 4276 providentia
2879 4206 3117 4275 posuisti
3149 4206 3374 4272 (Judith,
3410 4222 3482 4271 ix,
3510 4206 3562 4273 4,
3598 4207 3671 4275 5).
3698 4228 3717 4253 ι

1958 4306 2000 4358 1)
2102 4296 2282 4360 Quam
2317 4312 2449 4349 vero
2482 4300 2693 4349 aeterna
2745 4295 2857 4348 sint
2886 4294 3007 4364 ejus
3054 4294 3416 4364 praescientia
3447 4299 3502 4347 et
3532 4294 3725 4363 provi-

2031 4383 2223 4437 dentia
2267 4388 2322 4436 et
2364 4382 2886 4453 praedestinationis
2926 4381 3163 4451 judicia,
3212 4381 3364 4435 idem
3414 4381 3559 4435 liber
3591 4381 3727 4437 alibi

2032 4469 2301 4533 ostendit,
2364 4470 2604 4522 dicens:
2644 4490 2670 4517 ‹‹
2715 4470 2959 4522 Domino
3020 4469 3172 4522 enim
3239 4470 3355 4523 Deo
3417 4473 3725 4539 antequam

2033 4562 2383 4624 crearentur,
2438 4558 2630 4610 omnia
2662 4558 2892 4627 agnita;
2924 4557 3003 4610 sic
3045 4562 3101 4609 et
3130 4562 3257 4626 post
3290 4558 3607 4627 perfectum
3634 4573 3725 4610 re-

2034 4646 2202 4716 spicit
2240 4645 2452 4699 omnia.
2492 4646 2674 4715 Opera
2707 4645 2895 4697 omnis
2929 4645 3116 4698 carnis
3145 4662 3336 4700 coram
3372 4647 3490 4714 illo,
3526 4652 3583 4701 et
3610 4662 3728 4701 non

2033 4739 2120 4788 est
2149 4733 2462 4804 quidquam
2515 4733 2910 4786 absconditum
2947 4733 3016 4786 ab
3052 4735 3230 4787 oculis
3264 4736 3406 4805 ejus.
3442 4740 3487 4789 A
3518 4736 3725 4788 saeculo

2035 4826 2090 4876 et
2117 4838 2300 4893 usque
2323 4822 2382 4874 in
2413 4821 2683 4874 seaculum
2716 4821 2967 4891 respicit,
3002 4828 3058 4875 et
3088 4822 3230 4875 nihil
3265 4828 3349 4875 est
3373 4821 3635 4876 mirabile
3666 4822 3728 4875 in

2035 4915 2338 4982 conspectu
2392 4910 2533 4977 ejus.
2572 4910 2695 4963 Non
2749 4915 2833 4964 est
2884 4910 3071 4965 dicere
3110 4927 3121 4964 :
3156 4910 3301 4974 Quid
3350 4911 3590 4978 esthoc,
3634 4915 3729 4965 aut

2036 5000 2174 5072 quid
2206 5004 2289 5053 est
2318 4997 2459 5052 illud
2494 5015 2506 5051 :
2541 4998 2733 5052 omnia
2765 5000 2917 5052 enim
2946 4999 3003 5054 in
3039 5006 3297 5068 tempore
3329 5016 3430 5052 suo
3462 5015 3725 5070 quaeren-

2036 5094 2147 5142 tur.
2180 5090 2301 5142 Non
2330 5087 2587 5157 praeterit
2615 5087 2777 5141 illum
2812 5088 2999 5141 omnis
3030 5088 3328 5157 cogitatus,
3365 5093 3420 5140 et
3450 5104 3562 5140 non
3596 5088 3729 5141 abs-

2036 5178 2231 5231 condit
2262 5193 2319 5230 se
2356 5176 2427 5229 ab
2458 5192 2525 5230 eo
2557 5178 2705 5230 ullus
2737 5192 2943 5230 sermo.
2978 5176 3256 5246 Magnalia
3290 5176 3582 5246 sapientia),
3612 5192 3729 5230 sua:

2036 5266 2343 5331 decoravit,
2380 5281 2507 5336 qum
2541 5271 2625 5319 est
2667 5270 2798 5319 ante
2830 5268 3095 5319 saeculum
3138 5270 3193 5319 et
3226 5282 3405 5337 usque
3442 5265 3501 5318 in
3546 5281 3730 5319 saecu-

2037 5357 2177 5423 lum,
2220 5371 2406 5425 neque
2470 5355 2755 5425 abjectum
2805 5362 2909 5422 est,
2946 5372 3133 5427 neque
3164 5355 3467 5421 minuitur,
3532 5359 3731 5409 etnon

2039 5451 2169 5516 eget
2217 5444 2459 5515 alicujus
2490 5444 2746 5498 consilio.
2784 5444 2898 5499 Viae
2946 5446 3177 5499 illorum
3204 5460 3393 5499 coram
3442 5445 3567 5515 ipso
3600 5449 3733 5499 sunt

2043 5550 2293 5605 semper,
2340 5551 2454 5587 ιιι-η
2484 5539 2616 5587 sunt
2650 5533 2933 5589 absconsae
2967 5534 3035 5588 ab
3061 5534 3239 5589 oculis
3272 5534 3487 5604 ipsius;
3520 5538 3574 5589 et
3604 5550 3732 5587 om-

3318 5625 3396 5683 35
