4108 6190
429 285 563 336 1099

1523 278 1579 330 S.
1624 275 1888 332 REMIGII
1935 274 2409 330 LUGDUNENSIS
2452 272 2767 330 EPISCOPI

3779 272 3911 326 H00

428 418 523 471 nia
553 431 725 485 opera
748 413 976 466 illorum
1010 410 1164 462 velut
1195 409 1274 459 sol
1311 408 1366 460 in
1393 412 1697 476 conspectu
1723 407 1824 460 Dei
1859 423 1872 459 :
1906 412 1961 460 et
1989 421 2118 459 ocu-
2157 412 2202 466 A
2233 406 2457 459 effabile
2490 406 2825 476 mysterium
2871 404 3069 457 aeterni
3094 403 3315 473 judicii,
3367 409 3482 457 tam
3525 404 3581 456 in
3624 409 3777 473 parte
3808 404 3915 457 ele-

425 508 466 561 li
495 507 617 576 ejus
667 504 786 555 sine
829 498 1251 553 intermissione
1302 495 1670 565 inspicientes
1701 496 1760 548 in
1823 494 1927 547 viis
1967 494 2118 563 ipso-

426 612 554 650 rum
627 592 808 661 (Eccli.
878 604 1034 653 xxm,
1084 588 1185 651 29;
1245 601 1431 650 xxxur,
1498 586 1588 647 24,
1654 586 1757 645 26;
1827 599 1957 647 XLII,
2026 584 2114 645 20,

425 688 514 749 2‘2,
571 685 645 739 13,
704 682 831 743 16).)
896 699 923 726 ››
983 676 1143 730 Certe
1173 675 1295 745 ipsa
1355 678 1570 726 aeterna
1621 678 1675 726 et
1734 673 2117 724 incommuta-

424 770 554 825 bilis
636 767 846 819 Veritas
912 763 1187 817 Dominus
1258 765 1451 813 noster
1507 761 1665 813 Jesus
1733 759 1987 812 Christus
2048 759 2117 813 de

423 860 548 928 lege
580 862 636 909 et
666 852 960 925 prophetis
1008 850 1335 904 ﬁrmissime
1365 850 1634 917 inculcat,
1688 848 1881 901 dicens
1913 863 1924 900 :
1960 870 1985 896 ‹‹
2023 848 2116 900 Di-

423 961 488 998 co
534 945 685 998 enim
736 942 913 1008 vobis,
949 932 1084 1010 quia
1138 939 1318 992 donec
1366 943 1618 991 transeat
1661 938 1865 989 emtum
1898 943 1954 990 et
2004 942 2115 989 ter-

421 1052 505 1101 ra,
540 1036 654 1087 iota
686 1048 863 1086 unum
889 1036 988 1083 aut
1012 1045 1161 1082 unus
1207 1045 1346 1098 apex
1380 1044 1495 1081 non
1534 1027 1848 1097 praeteribit
1875 1043 1939 1080 ex
1969 1028 2113 1095 lege,

422 1126 603 1179 donec
628 1121 821 1175 omnia
850 1120 993 1172 fiant
1022 1117 1237 1187 (Matth.
1272 1133 1323 1181 v,
1366 1118 1465 1173 18).
1506 1138 1524 1162 υ
1556 1116 1624 1168 Et
1654 1115 1863 1168 iterum
1899 1131 1911 1167 :
1951 1137 1971 1162 α
2015 1116 2114 1167 Fa-

421 1213 587 1265 cilius
632 1216 716 1263 est
746 1208 952 1260 cmlum
994 1211 1049 1258 et
1098 1211 1308 1258 terram
1353 1204 1615 1267 transire,
1657 1219 1828 1273 quam
1880 1203 1947 1256 de
1991 1203 2116 1270 lege

421 1315 603 1354 unum
652 1297 870 1366 apicem
916 1295 1115 1347 cadere
1163 1296 1305 1359 (Luc.
1350 1310 1457 1359 xv1,
1514 1294 1618 1361 l7).
1656 1315 1682 1339 »
1718 1293 1779 1345 Et
1821 1291 1889 1344 de
1932 1291 2117 1343 verbis

424 1388 562 1441 Novi
595 1383 966 1448 Testamenti,
1000 1383 1059 1434 in
1088 1382 1294 1451 quibus
1328 1382 1525 1451 utique
1558 1397 1673 1433 non
1707 1381 1826 1431 sola
1864 1379 1956 1431 illa
1990 1395 2114 1448 quae

424 1492 521 1528 ore
550 1474 787 1545 proprio
821 1474 1040 1525 locutus
1072 1476 1173 1529 est,
1205 1470 1299 1523 sed
1329 1470 1500 1522 etiam
1535 1469 1729 1521 omnia
1758 1484 1886 1538 quae
1919 1473 1973 1519 et
2014 1484 2117 1536 per

423 1570 646 1618 sanctos
694 1563 981 1631 apostolos
1049 1565 1104 1611 et
1152 1560 1530 1626 evangelistas
1593 1557 1733 1610 dixit
1793 1556 2114 1624 intelligere

423 1653 715 1715 debemus,
758 1650 835 1701 ita
884 1649 1149 1711 afﬁrmat,
1203 1647 1396 1700 dicens
1430 1663 1442 1700 :
1480 1665 1505 1696 ‹‹
1539 1649 1723 1699 Amen
1772 1646 1896 1698 dico
1928 1645 2108 1709 vobis,

422 1758 532 1794 non
583 1738 899 1809 praeteribit
946 1736 1237 1805 generatio
1284 1736 1406 1789 haec
1454 1735 1633 1788 donec
1683 1733 1877 1786 omnia
1922 1732 2109 1786 fiant:

420 1831 626 1883 cadum
669 1834 724 1881 et
782 1832 935 1880 terra
966 1826 1310 1889 transibunt,
1360 1824 1529 1876 verba
1575 1828 1767 1876 autem
1814 1838 1940 1874 mea
1998 1837 2112 1874 non

421 1916 750 1971 transibunt
802 1917 984 1983 (Marc.
1041 1930 1160 1979 xui,
1217 1914 1303 1977 30,
1355 1915 1468 1979 3l).
1523 1933 1543 1957 ι
1595 1910 1931 1978 Quicunque
1977 1924 2113 1978 ergo

420 2007 594 2060 verba
646 2005 947 2074 utriusque
996 2001 1361 2065 Testamenti,
1413 2000 1528 2052 sive
1578 2000 1646 2052 de
1700 2003 1861 2068 parte
1910 1999 2116 2051 electo-

420 2112 569 2161 rum,
604 2112 701 2147 seu
743 2094 811 2148 de
854 2097 1012 2163 parte
1056 2091 1433 2160 reproborum
1480 2088 1627 2142 dicta
1688 2087 1820 2152 sint,
1868 2086 2116 2140 ﬁdeliter

420 2185 560 2254 legit
605 2184 689 2236 vel
726 2181 904 2246 audit,
954 2180 1031 2233 ita
1059 2196 1124 2233 ea
1154 2179 1321 2233 debet
1368 2177 1619 2247 accipere
1654 2182 1709 2230 et
1738 2181 1953 2240 tenere,
1987 2180 2111 2228 tan-

419 2289 589 2343 quam
614 2288 744 2327 vere
766 2270 1116 2324 aeternaliter
1145 2268 1296 2338 apud
1323 2268 1497 2321 Deum
1521 2265 1802 2336 praescita,
1829 2270 1885 2318 et
1904 2280 2115 2334 praeor-

419 2364 632 2428 dinata,
697 2378 758 2414 ac
815 2358 1118 2430 praeﬁnita,
1193 2361 1252 2410 ut
1316 2356 1552 2410 omnino
1612 2354 1777 2408 aliter
1816 2370 1937 2407 esse
1996 2369 2111 2406 non

417 2452 615 2520 possit.

487 2538 633 2602 Quid
662 2553 795 2590 vero
822 2535 1101 2589 illustrius
1138 2537 1191 2586 et
1222 2532 1683 2601 magnificentius
1713 2531 1782 2585 de
1812 2531 2113 2600 utriusque

412 2620 612 2697 partis,
637 2631 692 2679 et
716 2625 1091 2693 reproborum
1125 2621 1336 2674 scilicet
1367 2626 1420 2673 et
1449 2621 1781 2683 electorum,
1816 2623 1872 2672 et
1903 2618 2112 2671 intide-

415 2716 559 2768 lium
592 2719 646 2767 et
676 2712 930 2766 ﬁdelium
964 2727 975 2763 :
1011 2725 1255 2780 quorum
1288 2708 1406 2773 alii,
1437 2724 1507 2761 ne
1540 2708 1874 2777 mysterium
1911 2706 2111 2759 Domi-

416 2803 528 2856 nici
563 2803 857 2865 adventus,
891 2804 947 2851 et
973 2799 1309 2868 priusquam
1335 2797 1799 2849 manifestaretur
1832 2795 1889 2847 in
1918 2810 2106 2861 carne,

416 2896 474 2944 et
506 2895 700 2960 postea
732 2904 911 2958 usque
945 2886 1014 2939 ad
1063 2886 1237 2938 tinem
1269 2885 1461 2937 saeculi
1505 2898 1815 2953 agnoscere
1860 2886 2106 2953 possent,

417 2978 621 3032 merito
668 2974 951 3046 superbiae
1001 2973 1269 3027 excmcari
1323 2978 1378 3025 et
1426 2972 1645 3041 repelli,
1696 2971 1794 3024 alii
1843 2987 1945 3040 per
1974 2986 2109 3039 gra-

415 3069 554 3120 tiam
613 3071 670 3119 et
718 3065 987 3135 pietatem
1047 3062 1177 3115 ﬁdei
1225 3061 1542 3114 illuminari
1591 3064 1959 3121 meruerunt,
2025 3058 2111 3111 vel

408 3156 563 3224 justa
622 3152 951 3223 rejectione,
1019 3151 1107 3203 vel
1165 3149 1413 3219 gratuita
1479 3148 1778 3215 electione,
1838 3146 1949 3199 dici
2017 3151 2113 3199 aut

414 3240 803 3296 commendari
834 3239 1039 3310 potuit,
1076 3254 1248 3307 quam
1282 3237 1434 3306 quod
1467 3237 1588 3306 ipse
1626 3235 1901 3288 Dominus
1929 3254 1955 3284 ‹‹
1989 3250 2110 3287 ma-

415 3332 515 3401 gni
584 3329 805 3383 consilii
870 3328 1105 3397 angelus
1173 3345 1223 3389 »,
1270 3325 1325 3378 id
1391 3330 1491 3388 est,
1562 3328 1818 3393 paterna:
1870 3339 1931 3375 ac
1993 3338 2111 3375 sua:

415 3422 644 3471 aeternae
711 3414 1022 3469 voluntatis
1086 3412 1270 3466 ﬁdelis
1341 3412 1499 3464 testis
1576 3427 1639 3464 ac
1712 3411 1973 3477 nuntius,
2052 3410 2110 3462 in

417 3506 721 3575 Evangelio
766 3506 944 3556 Deum
978 3504 1200 3555 Patrem
1242 3501 1583 3570 gloriticans,
1620 3500 1786 3568 eique
1818 3515 1989 3568 super
2012 3499 2112 3568 ju-

414 3592 756 3662 stisjudiciis
778 3590 988 3660 gratias
1009 3605 1203 3658 agens,
1226 3589 1477 3642 declarat
1498 3593 1668 3657 atque
1689 3587 2008 3653 annuntiat,
2034 3586 2114 3639 di-

417 3698 547 3735 cens
574 3701 585 3735 :
626 3702 646 3728 ι
684 3679 1012 3733 Conﬁtebor
1043 3677 1168 3744 tibi,
1202 3678 1385 3742 Pater,
1420 3676 1649 3730 Domini
1681 3676 1806 3730 cmli
1839 3682 1895 3729 et
1926 3681 2109 3741 terrae,

417 3771 551 3841 quia
593 3767 940 3822 abscondisti
990 3767 1111 3820 haec
1139 3783 1169 3819 a
1219 3764 1571 3835 sapientibus
1611 3770 1667 3817 et
1711 3764 2111 3833 prudentibus,

417 3865 472 3913 et
521 3858 781 3911 revelasti
841 3873 907 3909 ea
971 3854 1225 3925 parvulis
1290 3856 1432 3923 (Luc.
1482 3869 1535 3919 Χ,
1604 3855 1710 3921 21).
1780 3873 1800 3899 ι
1860 3853 1922 3905 Et
1982 3868 2113 3904 mox

414 3955 731 4017 utrumque
762 3951 817 3998 et
862 3943 1299 3997 excmcationem
1332 3941 1595 3994 videlicet
1628 3940 2029 4009 superborum,
2060 3945 2114 3993 et

416 4036 901 4091 illuminationem
938 4032 1242 4085 humilium
1275 4031 1344 4083 ad
1378 4035 1681 4095 aeternum,
1714 4034 1770 4081 et
1799 4029 2115 4082 incommu-

418 4126 591 4179 tabile
628 4124 808 4177 Patris
840 4121 1161 4185 consilium,
1210 4124 1381 4189 atque
1413 4118 1697 4188 judicium
1729 4134 1858 4171 cum
1891 4134 2114 4171 summa

413 4214 583 4268 laude
616 4219 673 4265 et
702 4211 1077 4265 exsultatione
1100 4209 1351 4261 referens
1381 4207 1693 4275 subjungit,
1728 4206 1953 4261 dicens:
1980 4225 2006 4257 «
2032 4208 2114 4260 Ita

2227 499 2448 547 ctorum
2481 512 2652 565 quam
2686 495 2858 547 etiam
2892 494 3282 563 reproborum.

2300 584 2458 648 Quod
2508 584 2677 636 etiam
2726 583 3091 636 beatissimus
3122 582 3276 636 Isaac
3322 581 3641 651 patriarcha
3682 585 3914 649 repente

2229 673 2335 725 sibi
2386 672 2610 742 plenius
2657 687 2721 724 ac
2768 672 3110 741 profundius
3155 672 3213 723 in
3245 671 3468 724 duobus
3517 670 3633 722 suis
3675 669 3917 739 geminis

2231 763 2567 827 revelatum,
2633 763 2790 815 velut
2853 777 2979 814 cum
3047 761 3317 829 Apostolo
3388 765 3575 812 mente
3646 759 3919 811 excedens

2227 851 2398 921 (Rom.
2456 868 2532 917 x1,
2565 853 2683 919 33),
2740 873 2759 898 ι
2816 855 2873 903 et
2903 849 3505 919 incomprehensibilia
3570 849 3668 901 Dei
3702 846 3920 916 judicia

2228 945 2397 1010 atque
2446 939 2869 1008 investigabiles
2900 940 3016 991 vias
3049 957 3074 989 ι)
3109 939 3527 1007 contemplatus
3568 957 3593 983 (ι
3632 935 3858 1005 expavit
3890 958 3912 981 υ

2227 1028 2311 1097 (ut
2336 1029 2611 1097 scriptum
2639 1029 2763 1096 est),
2797 1047 2822 1077 ‹‹
2857 1035 3088 1096 stupore
3116 1026 3459 1090 vehementi,
3496 1031 3549 1077 et
3571 1027 3720 1079 ultra
3746 1040 3917 1093 quam

2225 1116 2376 1169 credi
2407 1120 2612 1185 potest,
2643 1116 2954 1169 admiratus
2990 1122 3091 1170 est.
3130 1135 3155 1164 »
3186 1117 3378 1185 Neque
3410 1115 3561 1167 enim
3596 1115 3701 1167 hoc
3740 1118 3918 1165 tanto—

2225 1220 2360 1272 pere
2393 1204 2678 1275 stupuisse
2713 1221 2774 1257 ac
2807 1205 3045 1257 miratus
3088 1220 3207 1256 esse
3240 1203 3555 1257 credendus
3589 1208 3690 1269 est,
3727 1202 3777 1255 si
3812 1218 3917 1253 ca!-

2225 1310 2321 1345 cus
2354 1297 2410 1346 et
2453 1293 2581 1363 pius
2628 1298 2811 1362 pater,
2844 1297 2942 1345 aut
2984 1292 3505 1356 verisimilitudine,
3540 1298 3638 1343 aut
3686 1292 3919 1361 propria

2228 1382 2525 1434 affectione
2579 1382 2637 1434 in
2684 1382 3075 1435 discernendis
3122 1380 3255 1434 filiis
3286 1382 3366 1433 vel
3418 1381 3536 1434 falli
3580 1380 3791 1449 potuit,
3836 1380 3917 1431 vel

2226 1486 2415 1523 errare
2494 1470 2647 1541 (Gen.
2718 1486 2885 1536 xxvii,
2963 1473 3071 1536 33),
3136 1469 3236 1523 sed
3297 1470 3485 1522 subito
3552 1468 3920 1521 revelationis

2223 1558 2339 1611 ictu
2398 1574 2497 1611 cor
2528 1559 2652 1627 ejus
2704 1558 3114 1623 illuminatum,
3149 1558 3217 1610 ad
3282 1557 3623 1611 memoriam
3673 1557 3919 1619 reduxit,

2223 1646 2361 1716 quid
2387 1647 2570 1700 adhuc
2602 1647 2815 1700 eisdem
2849 1668 2875 1695 ‹‹
2910 1647 3155 1715 geminis
3186 1668 3212 1695 ››
3251 1647 3308 1699 in
3341 1650 3501 1698 utero
3536 1647 3737 1698 matris
3772 1646 3920 1714 posi-

2224 1737 2313 1803 tis,
2345 1756 2372 1784 α
2407 1752 2559 1804 cum,
2592 1737 2801 1805 »juxta
2822 1737 3179 1804 Apostolum,
3217 1755 3243 1784 «
3268 1735 3411 1788 nihil
3434 1735 3680 1805 egissent
3702 1736 3919 1787 bonum

2223 1828 2322 1876 aut
2366 1824 2603 1889 malum,
2638 1841 2667 1872 ι)
2697 1829 2753 1877 et
2784 1828 2975 1877 tamen
3027 1825 3193 1877 ambo
3240 1841 3352 1876 una
3381 1828 3436 1875 et
3464 1823 3589 1892 pari
3623 1823 3921 1893 originalis

2222 1916 2413 1965 reatus
2476 1911 2843 1965 damnatione
2909 1916 3246 1965 tenerentur
3283 1912 3515 1975 astricti,
3566 1912 3688 1964 sola
3742 1909 3922 1963 divini

2223 2000 2402 2070 judcii
2437 2000 2781 2054 discretione
2808 2000 3021 2053 dictum
3051 2000 3238 2067 fuerit,
3279 2022 3304 2049 «
3338 2001 3473 2070 quia
3504 2000 3688 2069 major
3714 2000 3921 2052 serviet

2224 2088 2457 2155 minori,
2500 2108 2521 2136 ι
2571 2089 2721 2159 quod
2764 2094 2962 2159 postea
3000 2088 3360 2142 manifestius
3419 2104 3520 2158 per
3579 2088 3922 2157 prophetam

2229 2179 2379 2230 Deus
2432 2177 2699 2241 inculcat,
2758 2178 2951 2230 dicens
2987 2194 2999 2229 :
3038 2202 3063 2222 ‹‹
3101 2177 3267 2231 Jacob
3313 2177 3506 2244 dilexi,
3540 2178 3681 2230 Esau
3728 2180 3920 2228 autem

2222 2266 2355 2319 odio
2387 2265 2562 2319 habui
2592 2266 2745 2334 (Gen.
2776 2283 2918 2332 xxv;
2956 2268 3102 2320 Rom.
3142 2282 3219 2331 ix;
3255 2267 3384 2319 Mal.
3421 2272 3476 2329 ι).
3512 2285 3539 2313 »
3570 2266 3697 2318 Haec
3722 2264 3923 2333 itaque

2222 2355 2411 2408 subita
2441 2354 2674 2425 spiritus
2705 2355 3087 2408 illustratione
3138 2359 3360 2407 sanctus
3393 2354 3715 2424 patriarcha
3772 2369 3926 2405 reco-

2222 2443 2365 2508 lens,
2416 2448 2471 2497 et
2501 2442 2851 2513 intelligens,
2900 2443 3041 2496 vidit
3086 2444 3144 2495 in
3196 2443 3420 2495 duobus
3453 2459 3568 2495 uno
3611 2442 3923 2495 concubitu

2218 2533 2372 2597 satis,
2406 2532 2529 2601 pari
2559 2532 2759 2601 prima;
2790 2532 3277 2602 praevaricationis
3316 2531 3643 2584 conditione
3678 2531 3921 2583 damna-

2222 2622 2315 2685 tis,
2361 2621 2605 2674 necdum
2654 2620 2821 2687 natis,
2866 2620 3109 2673 necdum
3160 2620 3392 2689 proprio
3433 2624 3559 2672 actu
3600 2620 3923 2688 quidquam

2222 2709 2376 2772 boni,
2413 2710 2501 2762 vel
2536 2710 2669 2762 mali
2700 2709 3046 2777 promeritis,
3097 2709 3356 2761 mirabile
3384 2713 3438 2761 et
3472 2707 3732 2760 terribile
3759 2707 3925 2775 judi-

2223 2798 2375 2850 cium
2409 2796 2527 2862 Dei,
2576 2798 2861 2863 videlicet,
2911 2801 2976 2850 ut
3008 2813 3185 2849 unum
3219 2796 3394 2865 gratis
3436 2796 3703 2865 diligeret
3738 2803 3796 2847 et
3824 2796 3921 2848 eli-

2223 2891 2401 2955 geret,
2438 2887 2680 2938 alterum
2716 2886 2866 2954 juste
2897 2884 3110 2937 odisset
3139 2900 3201 2935 ac
3246 2883 3581 2951 reprobaret
3614 2898 3627 2935 :
3667 2903 3693 2929 ε(
3732 2883 3795 2935 Et.
3830 2900 3921 2934 ve-

2222 2974 2307 3027 lut
2336 2974 2543 3044 figulus
2574 2978 2913 3043 potestatem
2946 2973 3162 3025 habens
3190 2988 3255 3024 ex
3290 2971 3482 3024 eadem
3514 2987 3705 3023 massa
3736 2972 3923 3023 facere

2222 3062 2376 3115 aliud
2409 3062 2642 3131 quidem
2686 3078 2783 3114 vas
2818 3061 2878 3114 in
2909 3062 3205 3126 honorem,
3244 3066 3300 3113 et
3326 3059 3478 3112 aliud
3513 3059 3573 3111 in
3620 3065 3920 3112 contume-

2220 3151 2355 3204 liam
2401 3152 2575 3218 (Rom.
2627 3167 2702 3218 ix,
2736 3151 2851 3219 21).
2924 3170 2949 3198 »
2998 3148 3159 3202 Vidit'
3196 3154 3348 3200 certe
3410 3149 3465 3200 in
3515 3148 3628 3200 illis
3696 3148 3923 3201 duobus

2221 3239 2691 3292 incommutabile
2738 3236 3039 3291 consilium
3108 3237 3227 3302 Dei,
3279 3253 3409 3289 cum
3459 3252 3564 3289 nec
3596 3241 3830 3289 volente
3871 3244 3925 3288 et

2222 3332 2512 3397 satagente
2576 3343 2639 3380 ac
2683 3327 3041 3380 desiderante
3085 3330 3249 3395 patre
3314 3325 3591 3394 potuisset
3631 3325 3923 3377 ullatenus

2221 3416 2373 3487 quod
2400 3415 2736 3485 praedictum
2768 3422 2821 3469 et
2842 3415 3305 3485 praedestinatum
3331 3414 3518 3466 fuerat
3548 3414 3763 3466 mutari
3789 3431 3801 3466 :
3828 3414 3922 3466 sed

2221 3505 2494 3559 divinitus
2539 3504 2814 3574 disposito
2846 3520 2910 3557 ac
2932 3503 3218 3573 praeﬁnito
3252 3502 3331 3554 rei
3359 3502 3580 3567 ordine,
3608 3502 3786 3555 etiam
3824 3519 3925 3571 per

2222 3591 2575 3644 nescientem
2628 3591 2723 3643 ille
2766 3590 3152 3659 praiferretur,
3188 3589 3282 3642 ille
3324 3588 3780 3651 benediceretur,
3828 3588 3926 3657 qui

2212 3680 2409 3732 adhuc
2447 3678 2504 3731 in
2551 3683 2712 3731 utero
2759 3678 3120 3745 constitutus,
3169 3693 3376 3731 arcano
3418 3676 3524 3731 Dei
3566 3676 3815 3747 judicio,
3872 3682 3928 3728 et

2223 3768 2461 3821 dilectus
2487 3768 2691 3834 fuerat,
2722 3772 2780 3820 et
2806 3768 3097 3836 praelatus.

2294 3856 2447 3909 Vidit
2475 3855 2583 3909 hoc
2609 3856 2669 3909 in
2694 3856 2805 3909 illis
2836 3855 3061 3909 duobus
3092 3860 3205 3908 tam
3239 3855 3452 3924 grande
3483 3858 3537 3907 et
3563 3854 3923 3924 profundum

2225 3943 2558 4015 mysterium
2618 3944 2837 3998 consilii
2872 3944 2968 3998 Dei
3007 3961 3018 3997 :
3057 3932 3293 4014 etquod
3326 3943 3384 3995 in
3434 3943 3546 3995 illis
3602 3942 3747 3995 vidit
3800 3944 3924 4012 ipso

2224 4033 2586 4086 revelationis
2616 4033 2909 4099 instinctu,
2941 4033 3192 4087 etiamin
3225 4034 3398 4086 totius
3427 4032 3664 4085 humani
3689 4032 3923 4099 generis

2225 4121 2565 4175 discretione
2596 4122 2667 4175 ab
2698 4122 2861 4175 initio
2895 4138 3072 4192 usque
3104 4122 3174 4174 ad
3207 4122 3381 4174 tinem
3413 4122 3604 4173 saeculi
3632 4120 3760 4172 fieri
3794 4135 3923 4187 cog-

2223 4209 2398 4277 novit,
2432 4209 2547 4262 sive
2578 4209 2637 4262 in
2664 4211 2886 4263 duobus
2924 4212 3152 4281 populis
3187 4211 3633 4264 circumcisionis
3676 4214 3733 4263 et
3765 4227 3921 4279 pra?-

418 4305 602 4366 Pater,
668 4298 941 4369 quoniam
994 4297 1070 4348 sic
1115 4296 1222 4348 fuit
1289 4294 1557 4363 placitum
1618 4299 1749 4346 ante
1801 4300 1853 4346 te
1909 4294 2103 4360 (Ibid.,
2147 4301 2190 4355 D
2222 4298 2391 4368 putii,
2425 4300 2542 4351 sive
2570 4300 2628 4351 in
2657 4298 2811 4352 omni
2839 4300 3181 4368 generaliter
3202 4300 3556 4370 plenitudine
3579 4301 3922 4364 electorum,

416 4390 526 4455 26).
564 4408 589 4438 ››
624 4389 690 4440 Et
726 4403 797 4439 ne
825 4402 882 4438 se
914 4384 982 4437 ab
1034 4384 1201 4452 hujus
1231 4383 1432 4436 aeterni
1476 4382 1720 4446 consilii,
1753 4388 1924 4452 atque
1951 4383 2111 4453 judi-

418 4477 488 4530 cii
539 4474 828 4528 consortio
878 4488 1170 4542 separasse
1224 4474 1541 4541 putaretur,
1592 4475 1895 4540 postquam
1947 4472 2112 4524 solita

416 4566 629 4636 pietate
677 4562 747 4616 ad
779 4564 1024 4628 Patrem,
1056 4565 1327 4630 tanquam
1364 4559 1435 4612 ad
1483 4575 1683 4612 verum
1725 4576 1841 4612 suae
1873 4575 2114 4628 genera-

416 4653 590 4708 tionis
642 4656 929 4705 auctorem
987 4648 1181 4703 omnia
1226 4647 1439 4714 retulit,
1498 4647 1793 4716 subjunxit
1823 4648 1994 4701 etiam
2043 4648 2112 4702 de

417 4760 497 4809 se,
530 4746 586 4795 et
634 4740 713 4793 ait
750 4756 761 4792 :
800 4762 826 4787 (ι
860 4738 1065 4792 Omnia
1096 4736 1238 4789 mihi
1285 4736 1491 4789 tradita
1531 4741 1663 4788 sunt
1710 4752 1742 4789 a
1773 4738 1936 4790 Patre
1986 4752 2113 4790 meo

420 4831 610 4901 (ἰδίει,
656 4829 763 4892 37),
804 4850 821 4873 ιι
858 4826 916 4880 id
966 4829 1049 4878 est
1083 4830 1137 4878 et
1187 4824 1282 4877 illa
1334 4825 1402 4877 de
1462 4824 1671 4893 quibus
1718 4824 1933 4877 dictum
1980 4830 2111 4878 est:

423 4944 449 4967 ‹‹
481 4915 837 4973 Abscondisti
875 4916 994 4968 haec
1022 4934 1052 4966 ει
1090 4912 1444 4983 sapientibus
1479 4917 1533 4965 et
1562 4913 1961 4981 prudentibus,
2002 4934 2022 4961 ι
2060 4918 2117 4967 et

420 5007 518 5060 illa
540 5006 607 5059 de
639 5005 847 5075 quibus
878 5003 1232 5072 adjunctum,
1269 5019 1295 5050 «
1321 5004 1374 5053 et
1398 5000 1662 5053 revelasti
1694 5016 1759 5053 ea
1790 5001 2062 5069 parvulis,
2090 5024 2110 5049 ι

422 5102 483 5148 ut
533 5095 705 5147 etiam
756 5106 882 5144 meo
940 5090 1175 5155 scilicet,
1227 5088 1382 5158 quod
1433 5087 1632 5157 utique
1681 5093 1737 5141 et
1785 5089 1967 5141 Patris
2007 5093 2110 5154 est,

420 5182 659 5237 consilio
700 5184 869 5248 atque
891 5178 1111 5246 judicio
1145 5177 1230 5230 vel
1264 5175 1678 5242 discernantur,
1716 5177 1801 5228 vel
1832 5177 2116 5229 damnen-

421 5280 535 5339 tur,
577 5270 660 5322 vel
726 5268 1041 5320 liberentur
1086 5281 1099 5318 :
1139 5287 1165 5313 ‹‹
1208 5265 1402 5334 Neque
1461 5264 1613 5317 enim
1682 5265 1847 5316 Pater
1895 5264 2117 5333 judicat

422 5371 794 5428 quemquam,
827 5354 924 5407 sed
967 5352 1269 5422 judicium,
1306 5351 1516 5421 inquit,
1557 5367 1725 5403 omne
1754 5352 1906 5405 dedit
1952 5353 2114 5419 Filio,

425 5453 486 5499 ut
517 5461 716 5499 omnes
746 5441 1122 5496 honoriﬁcent
1160 5440 1389 5507 Filium,
1421 5439 1566 5492 sicut
1598 5438 1982 5493 honorificam
2012 5443 2116 5495 Pa-

424 5540 569 5587 trem
616 5535 782 5601 (Joun.
816 5548 868 5598 v,
919 5533 1008 5597 22,
1042 5531 1151 5598 23).
1191 5551 1217 5576 ››
1264 5530 1377 5582 Hoc
1408 5532 1491 5581 est
1524 5526 1877 5595 admirabile,
1929 5533 1984 5581 et
2027 5529 2114 5582 in-

2221 4403 2316 4439 seu
2360 4386 2765 4455 reproborum,
2832 4388 3096 4441 videlicet
3141 4388 3294 4457 quod
3345 4404 3544 4440 omnes
3592 4408 3617 4435 ς
3671 4404 3737 4440 ex
3807 4405 3925 4440 una

2220 4491 2401 4528 massa
2432 4497 2451 4523 2
2484 4476 2635 4545 juste
2664 4476 2932 4528 damnata
2961 4477 3322 4529 descendant.
3356 4476 3518 4539 Quod
3546 4476 3924 4546 omnipotens

2226 4586 2245 4611 ε
2283 4564 2493 4633 ﬁgulus
2531 4585 2550 4611 ι
2603 4568 2815 4617 aaterno
2846 4570 2901 4617 et
2942 4565 3397 4619 incommutabili
3436 4565 3675 4618 consilio
3713 4565 3925 4632 judicii

2222 4653 2311 4704 sui
2347 4670 2373 4702 ‹‹
2408 4668 2471 4705 ex
2516 4652 2714 4706 eadem
2762 4668 2947 4705 massa
2987 4671 3013 4702 ι)
3083 4653 3223 4706 alios
3266 4653 3434 4706 faciat
3488 4668 3593 4722 per
3628 4653 3923 4722 justitiam

2226 4760 2252 4787 ‹‹
2282 4755 2413 4793 vasa
2437 4740 2538 4792 irae
2572 4760 2599 4787 »
2633 4740 2772 4793 alios
2798 4756 2902 4807 per
2926 4741 3168 4811 gratiam
3201 4760 3227 4790 «
3261 4758 3389 4794 vasa
3423 4742 3862 4809 misericordim,
3898 4764 3924 4788 η

2223 4833 2280 4881 et
2307 4828 2382 4881 ita
2420 4828 2519 4881 Dei
2549 4828 2853 4882 consilium
2888 4824 3060 4899 atque
3086 4830 3367 4899 judicium
3402 4835 3593 4884 ratum
3624 4830 3717 4894 sit,
3745 4836 3926 4901 atque

2222 4916 2551 4977 immobile;
2582 4922 2643 4970 ut
2675 4922 2865 4969 tamen
2895 4933 3062 4970 nemo
3083 4918 3190 4970 nisi
3216 4919 3369 4986 juste
3401 4918 3727 4987 damnetur,
3752 4934 3925 4971 nemo

2224 5005 2335 5057 nisi
2366 5004 2805 5059 misericorditer
2833 5006 3125 5059 liberetur.
3160 5006 3309 5059 Vidit
3341 5007 3444 5059 hoc
3477 5008 3926 5076 impenetrabile

2223 5092 2575 5161 profundum
2623 5093 2971 5161 judiciorum
3022 5094 3120 5147 Dei
3153 5094 3545 5147 sanctissimus
3592 5096 3929 5164 patriarcha

2230 5202 2250 5228 ι
2283 5180 2340 5232 in
2373 5180 2597 5233 duobus
2638 5180 2882 5250 geminis
2921 5202 2938 5228 ο
2976 5182 3283 5251 designari,
3321 5182 3377 5235 in
3412 5182 3785 5235 universitate
3816 5184 3927 5236 hu-

2224 5266 2379 5320 mani
2412 5267 2635 5335 generis
2680 5268 2910 5337 expleri,
2947 5274 3002 5321 et
3033 5274 3305 5338 tanquam
3351 5284 3481 5321 cum
3515 5270 3795 5339 propheta
3830 5286 3924 5322 ex-

2223 5355 2468 5408 clamans
2503 5371 2515 5408 :
2554 5377 2580 5403 ‹‹
2620 5356 2874 5421 Domine,
2925 5356 3115 5410 audivi
3146 5357 3405 5410 auditum
3440 5362 3603 5410 tuum
3637 5364 3693 5411 et
3729 5358 3925 5419 timui,

2224 5442 2581 5497 consideravi
2649 5460 2827 5514 opera
2865 5450 2980 5510 tua,
3050 5449 3105 5498 et
3134 5445 3354 5514 expavi.
3407 5444 3641 5515 Stupuit
3690 5451 3927 5516 stupore

2226 5532 2569 5599 vehementi,
2605 5537 2660 5585 et
2705 5532 2851 5585 ultra
2882 5548 3055 5603 quam
3102 5534 3255 5587 credi
3287 5538 3493 5603 potest,
3540 5534 3927 5589 admiratione
