  <div class='ocr_page' id='page_1' title='image "/cluster/home/n/w/nwhite01/storage/ocr_20150623/121/hvd.32044054759832/556.png"; bbox 0 0 4108 6190; ppageno 0'>
   <div class='ocr_carea' id='block_1_1' title="bbox 210 317 337 368">
    <p class='ocr_par' dir='ltr' id='par_1_1' title="bbox 210 317 337 368">
     <span class='ocr_line' id='line_1_1' title="bbox 210 317 337 368; baseline 0.008 -1"><span class='ocrx_word' id='word_1_1' title='bbox 210 317 337 368; x_wconf 76' lang='lat' dir='ltr'>“Ol</span> 
     </span>
    </p>
   </div>
   <div class='ocr_carea' id='block_1_2' title="bbox 1305 317 2621 380">
    <p class='ocr_par' dir='ltr' id='par_1_2' title="bbox 1305 317 2621 380">
     <span class='ocr_line' id='line_1_2' title="bbox 1305 317 2621 380; baseline 0.003 -8"><span class='ocrx_word' id='word_1_2' title='bbox 1305 317 1394 372; x_wconf 89' lang='lat' dir='ltr'><strong>DE</strong></span> <span class='ocrx_word' id='word_1_3' title='bbox 1435 317 1761 375; x_wconf 79' lang='lat' dir='ltr'>TENENDA</span> <span class='ocrx_word' id='word_1_4' title='bbox 1799 320 2206 377; x_wconf 70' lang='lat' dir='ltr'>SCRIPTUR/E</span> <span class='ocrx_word' id='word_1_5' title='bbox 2251 322 2621 380; x_wconf 82' lang='lat' dir='ltr'>VERITATE.</span> 
     </span>
    </p>
   </div>
   <div class='ocr_carea' id='block_1_3' title="bbox 3571 333 3708 387">
    <p class='ocr_par' dir='ltr' id='par_1_3' title="bbox 3571 333 3708 387">
     <span class='ocr_line' id='line_1_3' title="bbox 3571 333 3708 387; baseline 0.007 -1"><span class='ocrx_word' id='word_1_6' title='bbox 3571 333 3708 387; x_wconf 78' lang='lat'>“02</span> 
     </span>
    </p>
   </div>
   <div class='ocr_carea' id='block_1_4' title="bbox 203 438 3703 526">
    <p class='ocr_par' dir='ltr' id='par_1_4' title="bbox 203 438 3703 526">
     <span class='ocr_line' id='line_1_4' title="bbox 203 438 3703 526; baseline 0.005 -26"><span class='ocrx_word' id='word_1_7' title='bbox 203 447 504 516; x_wconf 88' lang='lat' dir='ltr'>perculsus</span> <span class='ocrx_word' id='word_1_8' title='bbox 566 452 650 500; x_wconf 87' lang='lat' dir='ltr'>est</span> <span class='ocrx_word' id='word_1_9' title='bbox 712 447 941 517; x_wconf 87' lang='lat' dir='ltr'>(Habac.</span> <span class='ocrx_word' id='word_1_10' title='bbox 990 463 1058 514; x_wconf 84' lang='lat' dir='ltr'>n;</span> <span class='ocrx_word' id='word_1_11' title='bbox 1103 448 1284 503; x_wconf 79' lang='lat' dir='ltr'>Genes.</span> <span class='ocrx_word' id='word_1_12' title='bbox 1337 448 1521 516; x_wconf 87' lang='lat' dir='ltr'>xxvn).</span> <span class='ocrx_word' id='word_1_13' title='bbox 1560 468 1584 499; x_wconf 83' lang='grc' dir='ltr'>ι)</span> <span class='ocrx_word' id='word_1_14' title='bbox 1649 449 1804 504; x_wconf 84' lang='lat' dir='ltr'>Sicut</span> <span class='ocrx_word' id='word_1_15' title='bbox 1847 438 1906 504; x_wconf 72' lang='lat' dir='ltr'>et</span> <span class='ocrx_word' id='word_1_16' title='bbox 1937 460 1982 511; x_wconf 88' lang='grc' dir='ltr'><strong>Α</strong></span> <span class='ocrx_word' id='word_1_17' title='bbox 2017 453 2295 519; x_wconf 79' lang='lat' dir='ltr'>agnitum,</span> <span class='ocrx_word' id='word_1_18' title='bbox 2347 457 2401 505; x_wconf 91' lang='lat' dir='ltr'>et</span> <span class='ocrx_word' id='word_1_19' title='bbox 2430 470 2463 506; x_wconf 90' lang='lat' dir='ltr'>a</span> <span class='ocrx_word' id='word_1_20' title='bbox 2525 454 2745 508; x_wconf 72' lang='lat' dir='ltr'>szeculis</span> <span class='ocrx_word' id='word_1_21' title='bbox 2813 455 2875 508; x_wconf 93' lang='lat' dir='ltr'>in</span> <span class='ocrx_word' id='word_1_22' title='bbox 2917 457 3046 519; x_wconf 90' lang='lat' dir='ltr'>Deo,</span> <span class='ocrx_word' id='word_1_23' title='bbox 3080 457 3179 526; x_wconf 87' lang='lat' dir='ltr'>qui</span> <span class='ocrx_word' id='word_1_24' title='bbox 3233 459 3427 512; x_wconf 84' lang='lat' dir='ltr'>omnia</span> <span class='ocrx_word' id='word_1_25' title='bbox 3471 462 3703 525; x_wconf 87' lang='lat' dir='ltr'>ereavit,</span> 
     </span>
    </p>
   </div>
   <div class='ocr_carea' id='block_1_5' title="bbox 203 527 1896 605">
    <p class='ocr_par' dir='ltr' id='par_1_5' title="bbox 203 527 1896 605">
     <span class='ocr_line' id='line_1_5' title="bbox 203 527 1896 605; baseline 0.001 -16"><span class='ocrx_word' id='word_1_26' title='bbox 203 536 502 589; x_wconf 85' lang='lat' dir='ltr'>Psalmista</span> <span class='ocrx_word' id='word_1_27' title='bbox 549 552 721 605; x_wconf 84' lang='lat' dir='ltr'>super</span> <span class='ocrx_word' id='word_1_28' title='bbox 753 527 948 588; x_wconf 84' lang='lat' dir='ltr'>eadem</span> <span class='ocrx_word' id='word_1_29' title='bbox 998 536 1388 605; x_wconf 84' lang='lat' dir='ltr'>profunditate</span> <span class='ocrx_word' id='word_1_30' title='bbox 1439 537 1774 603; x_wconf 83' lang='lat' dir='ltr'>admiratus,</span> <span class='ocrx_word' id='word_1_31' title='bbox 1808 543 1896 592; x_wconf 90' lang='lat' dir='ltr'>at-</span> 
     </span>
    </p>
   </div>
   <div class='ocr_carea' id='block_1_6' title="bbox 205 623 1904 695">
    <p class='ocr_par' dir='ltr' id='par_1_6' title="bbox 205 623 1904 695">
     <span class='ocr_line' id='line_1_6' title="bbox 205 623 1904 695; baseline 0.002 -18"><span class='ocrx_word' id='word_1_32' title='bbox 205 640 316 695; x_wconf 91' lang='lat' dir='ltr'>que</span> <span class='ocrx_word' id='word_1_33' title='bbox 350 623 776 694; x_wconf 80' lang='lat' dir='ltr'>obstupefactus</span> <span class='ocrx_word' id='word_1_34' title='bbox 821 625 1028 677; x_wconf 88' lang='lat' dir='ltr'>clamat</span> <span class='ocrx_word' id='word_1_35' title='bbox 1056 641 1067 676; x_wconf 89' lang='lat'>:</span> <span class='ocrx_word' id='word_1_36' title='bbox 1100 643 1127 674; x_wconf 70' lang='grc' dir='ltr'>α</span> <span class='ocrx_word' id='word_1_37' title='bbox 1163 624 1342 688; x_wconf 87' lang='lat' dir='ltr'>Quam</span> <span class='ocrx_word' id='word_1_38' title='bbox 1379 625 1742 694; x_wconf 85' lang='lat' dir='ltr'>magniticata</span> <span class='ocrx_word' id='word_1_39' title='bbox 1770 631 1904 680; x_wconf 90' lang='lat' dir='ltr'>sunt</span> 
     </span>
    </p>
   </div>
   <div class='ocr_carea' id='block_1_7' title="bbox 207 712 1904 782">
    <p class='ocr_par' dir='ltr' id='par_1_7' title="bbox 207 712 1904 782">
     <span class='ocr_line' id='line_1_7' title="bbox 207 712 1904 782; baseline 0.001 -16"><span class='ocrx_word' id='word_1_40' title='bbox 207 729 378 782; x_wconf 85' lang='lat' dir='ltr'>opera</span> <span class='ocrx_word' id='word_1_41' title='bbox 442 719 558 779; x_wconf 91' lang='lat' dir='ltr'>tua,</span> <span class='ocrx_word' id='word_1_42' title='bbox 620 712 890 777; x_wconf 86' lang='lat' dir='ltr'>Domine;</span> <span class='ocrx_word' id='word_1_43' title='bbox 944 713 1117 766; x_wconf 89' lang='lat' dir='ltr'>nimis</span> <span class='ocrx_word' id='word_1_44' title='bbox 1182 714 1486 782; x_wconf 72' lang='lat' dir='ltr'>profundae</span> <span class='ocrx_word' id='word_1_45' title='bbox 1544 715 1706 767; x_wconf 72' lang='lat' dir='ltr'>facta:</span> <span class='ocrx_word' id='word_1_46' title='bbox 1771 719 1904 768; x_wconf 89' lang='lat' dir='ltr'>sunt</span> 
     </span>
    </p>
   </div>
   <div class='ocr_carea' id='block_1_8' title="bbox 205 801 1904 872">
    <p class='ocr_par' dir='ltr' id='par_1_8' title="bbox 205 801 1904 872">
     <span class='ocr_line' id='line_1_8' title="bbox 205 801 1904 872; baseline 0.001 -17"><span class='ocrx_word' id='word_1_47' title='bbox 205 802 579 871; x_wconf 79' lang='lat' dir='ltr'>cogitationes</span> <span class='ocrx_word' id='word_1_48' title='bbox 648 807 761 855; x_wconf 89' lang='lat' dir='ltr'>tuae</span> <span class='ocrx_word' id='word_1_49' title='bbox 842 801 1010 870; x_wconf 80' lang='lat' dir='ltr'>(Psal.</span> <span class='ocrx_word' id='word_1_50' title='bbox 1083 818 1188 868; x_wconf 75' lang='lat' dir='ltr'>xei,</span> <span class='ocrx_word' id='word_1_51' title='bbox 1268 804 1342 872; x_wconf 83' lang='grc'>6).</span> <span class='ocrx_word' id='word_1_52' title='bbox 1419 823 1440 849; x_wconf 73' lang='grc' dir='ltr'>ιι</span> <span class='ocrx_word' id='word_1_53' title='bbox 1509 804 1620 856; x_wconf 80' lang='lat' dir='ltr'>Nec</span> <span class='ocrx_word' id='word_1_54' title='bbox 1693 803 1904 857; x_wconf 78' lang='lat' dir='ltr'>frustra</span> 
     </span>
    </p>
   </div>
   <div class='ocr_carea' id='block_1_9' title="bbox 207 891 1902 960">
    <p class='ocr_par' dir='ltr' id='par_1_9' title="bbox 207 891 1902 960">
     <span class='ocr_line' id='line_1_9' title="bbox 207 891 1902 960; baseline 0.001 -15"><span class='ocrx_word' id='word_1_55' title='bbox 207 893 512 960; x_wconf 81' lang='lat' dir='ltr'>Apostolus</span> <span class='ocrx_word' id='word_1_56' title='bbox 568 891 636 944; x_wconf 84' lang='lat' dir='ltr'>ad</span> <span class='ocrx_word' id='word_1_57' title='bbox 702 891 990 944; x_wconf 83' lang='lat' dir='ltr'>Romanos</span> <span class='ocrx_word' id='word_1_58' title='bbox 1039 891 1312 956; x_wconf 89' lang='lat' dir='ltr'>scribens,</span> <span class='ocrx_word' id='word_1_59' title='bbox 1382 897 1438 946; x_wconf 91' lang='lat' dir='ltr'>et</span> <span class='ocrx_word' id='word_1_60' title='bbox 1483 892 1551 946; x_wconf 90' lang='lat' dir='ltr'>de</span> <span class='ocrx_word' id='word_1_61' title='bbox 1596 893 1902 946; x_wconf 89' lang='lat' dir='ltr'>altitudine</span> 
     </span>
    </p>
   </div>
   <div class='ocr_carea' id='block_1_10' title="bbox 206 978 1902 1049">
    <p class='ocr_par' dir='ltr' id='par_1_10' title="bbox 206 978 1902 1049">
     <span class='ocr_line' id='line_1_10' title="bbox 206 978 1902 1049; baseline 0.002 -17"><span class='ocrx_word' id='word_1_62' title='bbox 206 980 579 1049; x_wconf 77' lang='lat' dir='ltr'>praescientize</span> <span class='ocrx_word' id='word_1_63' title='bbox 631 985 687 1033; x_wconf 92' lang='lat' dir='ltr'>et</span> <span class='ocrx_word' id='word_1_64' title='bbox 717 978 1238 1049; x_wconf 57' lang='lat' dir='ltr'>pi‘aadestinationis</span> <span class='ocrx_word' id='word_1_65' title='bbox 1267 980 1473 1034; x_wconf 77' lang='lat' dir='ltr'>divinae</span> <span class='ocrx_word' id='word_1_66' title='bbox 1523 982 1902 1035; x_wconf 77' lang='lat' dir='ltr'>attentissime</span> 
     </span>
    </p>
   </div>
   <div class='ocr_carea' id='block_1_11' title="bbox 206 1069 1902 1139">
    <p class='ocr_par' dir='ltr' id='par_1_11' title="bbox 206 1069 1902 1139">
     <span class='ocr_line' id='line_1_11' title="bbox 206 1069 1902 1139; baseline 0.001 -17"><span class='ocrx_word' id='word_1_67' title='bbox 206 1069 502 1139; x_wconf 88' lang='lat' dir='ltr'>disputans</span> <span class='ocrx_word' id='word_1_68' title='bbox 569 1070 740 1136; x_wconf 86' lang='lat' dir='ltr'>(Rom.</span> <span class='ocrx_word' id='word_1_69' title='bbox 795 1070 894 1136; x_wconf 85' lang='lat' dir='ltr'>1x),</span> <span class='ocrx_word' id='word_1_70' title='bbox 949 1073 1014 1122; x_wconf 92' lang='lat' dir='ltr'>ut</span> <span class='ocrx_word' id='word_1_71' title='bbox 1075 1070 1402 1138; x_wconf 86' lang='lat' dir='ltr'>quicunque</span> <span class='ocrx_word' id='word_1_72' title='bbox 1457 1071 1747 1124; x_wconf 86' lang='lat' dir='ltr'>salvantur</span> <span class='ocrx_word' id='word_1_73' title='bbox 1785 1087 1902 1124; x_wconf 90' lang='lat' dir='ltr'>non</span> 
     </span>
    </p>
   </div>
   <div class='ocr_carea' id='block_1_12' title="bbox 205 1156 1903 1229">
    <p class='ocr_par' dir='ltr' id='par_1_12' title="bbox 205 1156 1903 1229">
     <span class='ocr_line' id='line_1_12' title="bbox 205 1156 1903 1229; baseline 0.002 -19"><span class='ocrx_word' id='word_1_74' title='bbox 205 1158 320 1210; x_wconf 86' lang='lat' dir='ltr'>suis</span> <span class='ocrx_word' id='word_1_75' title='bbox 362 1157 579 1210; x_wconf 88' lang='lat' dir='ltr'>meritis</span> <span class='ocrx_word' id='word_1_76' title='bbox 611 1162 707 1209; x_wconf 89' lang='lat' dir='ltr'>aut</span> <span class='ocrx_word' id='word_1_77' title='bbox 737 1156 972 1222; x_wconf 89' lang='lat' dir='ltr'>viribus,</span> <span class='ocrx_word' id='word_1_78' title='bbox 1019 1157 1116 1211; x_wconf 91' lang='lat' dir='ltr'>sed</span> <span class='ocrx_word' id='word_1_79' title='bbox 1149 1158 1386 1210; x_wconf 87' lang='lat' dir='ltr'>omnino</span> <span class='ocrx_word' id='word_1_80' title='bbox 1431 1160 1547 1212; x_wconf 89' lang='lat' dir='ltr'>sola</span> <span class='ocrx_word' id='word_1_81' title='bbox 1580 1159 1678 1212; x_wconf 90' lang='lat' dir='ltr'>Dei</span> <span class='ocrx_word' id='word_1_82' title='bbox 1719 1160 1903 1229; x_wconf 89' lang='lat' dir='ltr'>gratia</span> 
     </span>
    </p>
   </div>
   <div class='ocr_carea' id='block_1_13' title="bbox 206 1245 1900 1318">
    <p class='ocr_par' dir='ltr' id='par_1_13' title="bbox 206 1245 1900 1318">
     <span class='ocr_line' id='line_1_13' title="bbox 206 1245 1900 1318; baseline 0.002 -19"><span class='ocrx_word' id='word_1_83' title='bbox 206 1247 411 1300; x_wconf 86' lang='lat' dir='ltr'>salvari</span> <span class='ocrx_word' id='word_1_84' title='bbox 462 1246 877 1314; x_wconf 79' lang='lat' dir='ltr'>intelligantur,</span> <span class='ocrx_word' id='word_1_85' title='bbox 905 1245 1066 1315; x_wconf 82' lang='lat' dir='ltr'>juxta</span> <span class='ocrx_word' id='word_1_86' title='bbox 1099 1247 1509 1316; x_wconf 87' lang='lat' dir='ltr'>sempiternum</span> <span class='ocrx_word' id='word_1_87' title='bbox 1544 1249 1900 1318; x_wconf 88' lang='lat' dir='ltr'>propositum</span> 
     </span>
    </p>
   </div>
   <div class='ocr_carea' id='block_1_14' title="bbox 205 1335 1898 1407">
    <p class='ocr_par' dir='ltr' id='par_1_14' title="bbox 205 1335 1898 1407">
     <span class='ocr_line' id='line_1_14' title="bbox 205 1335 1898 1407; baseline 0.002 -20"><span class='ocrx_word' id='word_1_88' title='bbox 205 1335 513 1388; x_wconf 82' lang='lat' dir='ltr'>voluntatis</span> <span class='ocrx_word' id='word_1_89' title='bbox 553 1351 690 1400; x_wconf 62' lang='lat' dir='ltr'>suae,</span> <span class='ocrx_word' id='word_1_90' title='bbox 737 1350 880 1404; x_wconf 89' lang='lat' dir='ltr'>quos</span> <span class='ocrx_word' id='word_1_91' title='bbox 931 1335 1129 1402; x_wconf 91' lang='lat' dir='ltr'>voluit,</span> <span class='ocrx_word' id='word_1_92' title='bbox 1182 1335 1552 1406; x_wconf 65' lang='lat' dir='ltr'>prmscientis,</span> <span class='ocrx_word' id='word_1_93' title='bbox 1604 1337 1898 1407; x_wconf 72' lang='lat' dir='ltr'>praedesti-</span> 
     </span>
    </p>
   </div>
   <div class='ocr_carea' id='block_1_15' title="bbox 203 1423 1901 1493">
    <p class='ocr_par' dir='ltr' id='par_1_15' title="bbox 203 1423 1901 1493">
     <span class='ocr_line' id='line_1_15' title="bbox 203 1423 1901 1493; baseline 0.002 -17"><span class='ocrx_word' id='word_1_94' title='bbox 203 1425 412 1489; x_wconf 88' lang='lat' dir='ltr'>nantis,</span> <span class='ocrx_word' id='word_1_95' title='bbox 466 1423 738 1486; x_wconf 82' lang='lat' dir='ltr'>vocantis,</span> <span class='ocrx_word' id='word_1_96' title='bbox 791 1423 1177 1492; x_wconf 83' lang='lat' dir='ltr'>justiticantis,</span> <span class='ocrx_word' id='word_1_97' title='bbox 1211 1428 1268 1477; x_wconf 92' lang='lat' dir='ltr'>et</span> <span class='ocrx_word' id='word_1_98' title='bbox 1320 1425 1735 1493; x_wconf 69' lang='lat' dir='ltr'>gloi-iticantis;</span> <span class='ocrx_word' id='word_1_99' title='bbox 1785 1442 1901 1479; x_wconf 89' lang='lat' dir='ltr'>non</span> 
     </span>
    </p>
   </div>
   <div class='ocr_carea' id='block_1_16' title="bbox 202 1511 1903 1581">
    <p class='ocr_par' dir='ltr' id='par_1_16' title="bbox 202 1511 1903 1581">
     <span class='ocr_line' id='line_1_16' title="bbox 202 1511 1903 1581; baseline 0.001 -16"><span class='ocrx_word' id='word_1_100' title='bbox 202 1511 428 1578; x_wconf 82' lang='lat' dir='ltr'>frustra,</span> <span class='ocrx_word' id='word_1_101' title='bbox 467 1511 728 1581; x_wconf 90' lang='lat' dir='ltr'>inquam,</span> <span class='ocrx_word' id='word_1_102' title='bbox 763 1511 832 1564; x_wconf 88' lang='lat' dir='ltr'>de</span> <span class='ocrx_word' id='word_1_103' title='bbox 863 1511 1072 1564; x_wconf 86' lang='lat' dir='ltr'>talibus</span> <span class='ocrx_word' id='word_1_104' title='bbox 1101 1511 1418 1581; x_wconf 88' lang='lat' dir='ltr'>disputans,</span> <span class='ocrx_word' id='word_1_105' title='bbox 1450 1517 1504 1566; x_wconf 92' lang='lat' dir='ltr'>et</span> <span class='ocrx_word' id='word_1_106' title='bbox 1535 1515 1903 1567; x_wconf 81' lang='lat' dir='ltr'>vehementer</span> 
     </span>
    </p>
   </div>
   <div class='ocr_carea' id='block_1_17' title="bbox 202 1600 1896 1671">
    <p class='ocr_par' dir='ltr' id='par_1_17' title="bbox 202 1600 1896 1671">
     <span class='ocr_line' id='line_1_17' title="bbox 202 1600 1896 1671; baseline 0.001 -18"><span class='ocrx_word' id='word_1_107' title='bbox 202 1600 513 1663; x_wconf 89' lang='lat' dir='ltr'>inculcans,</span> <span class='ocrx_word' id='word_1_108' title='bbox 570 1615 700 1653; x_wconf 91' lang='lat' dir='ltr'>cum</span> <span class='ocrx_word' id='word_1_109' title='bbox 752 1600 1028 1669; x_wconf 81' lang='lat' dir='ltr'>pleraque</span> <span class='ocrx_word' id='word_1_110' title='bbox 1076 1607 1276 1669; x_wconf 89' lang='lat' dir='ltr'>postea</span> <span class='ocrx_word' id='word_1_111' title='bbox 1325 1606 1380 1653; x_wconf 89' lang='lat' dir='ltr'>et</span> <span class='ocrx_word' id='word_1_112' title='bbox 1427 1601 1538 1654; x_wconf 88' lang='lat' dir='ltr'>alia</span> <span class='ocrx_word' id='word_1_113' title='bbox 1575 1602 1896 1671; x_wconf 80' lang='lat' dir='ltr'>posuisset;</span> 
     </span>
    </p>
   </div>
   <div class='ocr_carea' id='block_1_18' title="bbox 202 1687 1900 1759">
    <p class='ocr_par' dir='ltr' id='par_1_18' title="bbox 202 1687 1900 1759">
     <span class='ocr_line' id='line_1_18' title="bbox 202 1687 1900 1759; baseline 0.003 -20"><span class='ocrx_word' id='word_1_114' title='bbox 202 1687 354 1741; x_wconf 89' lang='lat' dir='ltr'>istud</span> <span class='ocrx_word' id='word_1_115' title='bbox 386 1687 543 1741; x_wconf 88' lang='lat' dir='ltr'>velut</span> <span class='ocrx_word' id='word_1_116' title='bbox 584 1687 962 1756; x_wconf 67' lang='lat' dir='ltr'>praecipuum,</span> <span class='ocrx_word' id='word_1_117' title='bbox 995 1692 1050 1741; x_wconf 89' lang='lat' dir='ltr'>et</span> <span class='ocrx_word' id='word_1_118' title='bbox 1080 1689 1392 1741; x_wconf 88' lang='lat' dir='ltr'>maximum</span> <span class='ocrx_word' id='word_1_119' title='bbox 1446 1689 1617 1759; x_wconf 82' lang='lat' dir='ltr'>elegit</span> <span class='ocrx_word' id='word_1_120' title='bbox 1652 1691 1900 1744; x_wconf 91' lang='lat' dir='ltr'>testimo-</span> 
     </span>
    </p>
   </div>
   <div class='ocr_carea' id='block_1_19' title="bbox 203 1757 1978 1848">
    <p class='ocr_par' dir='ltr' id='par_1_19' title="bbox 203 1757 1978 1848">
     <span class='ocr_line' id='line_1_19' title="bbox 203 1757 1978 1848; baseline 0.003 -21"><span class='ocrx_word' id='word_1_121' title='bbox 203 1776 361 1828; x_wconf 89' lang='lat' dir='ltr'>nium</span> <span class='ocrx_word' id='word_1_122' title='bbox 410 1776 496 1828; x_wconf 85' lang='lat' dir='ltr'>vel</span> <span class='ocrx_word' id='word_1_123' title='bbox 545 1777 871 1845; x_wconf 83' lang='lat' dir='ltr'>exemplum</span> <span class='ocrx_word' id='word_1_124' title='bbox 923 1776 992 1830; x_wconf 91' lang='lat' dir='ltr'>de</span> <span class='ocrx_word' id='word_1_125' title='bbox 1039 1777 1288 1846; x_wconf 76' lang='lat' dir='ltr'>praefatis</span> <span class='ocrx_word' id='word_1_126' title='bbox 1333 1757 1593 1831; x_wconf 84' lang='lat' dir='ltr'>videlicet</span> <span class='ocrx_word' id='word_1_127' title='bbox 1631 1779 1894 1848; x_wconf 87' lang='lat' dir='ltr'>geminis,</span> <span class='ocrx_word' id='word_1_128' title='bbox 1938 1757 1978 1811; x_wconf 77' lang='grc' dir='ltr'>Β</span> 
     </span>
    </p>
   </div>
   <div class='ocr_carea' id='block_1_20' title="bbox 202 1864 1895 1937">
    <p class='ocr_par' dir='ltr' id='par_1_20' title="bbox 202 1864 1895 1937">
     <span class='ocr_line' id='line_1_20' title="bbox 202 1864 1895 1937; baseline 0.002 -20"><span class='ocrx_word' id='word_1_129' title='bbox 202 1864 357 1934; x_wconf 91' lang='lat' dir='ltr'>quod</span> <span class='ocrx_word' id='word_1_130' title='bbox 388 1864 576 1927; x_wconf 86' lang='lat' dir='ltr'>primo</span> <span class='ocrx_word' id='word_1_131' title='bbox 606 1864 730 1917; x_wconf 92' lang='lat' dir='ltr'>loco</span> <span class='ocrx_word' id='word_1_132' title='bbox 759 1871 1005 1935; x_wconf 85' lang='lat' dir='ltr'>poneret</span> <span class='ocrx_word' id='word_1_133' title='bbox 1037 1866 1106 1918; x_wconf 90' lang='lat' dir='ltr'>ad</span> <span class='ocrx_word' id='word_1_134' title='bbox 1140 1871 1253 1918; x_wconf 83' lang='lat' dir='ltr'>tam</span> <span class='ocrx_word' id='word_1_135' title='bbox 1302 1866 1653 1936; x_wconf 87' lang='lat' dir='ltr'>profundum</span> <span class='ocrx_word' id='word_1_136' title='bbox 1689 1874 1895 1937; x_wconf 78' lang='lat' dir='ltr'>mystc~</span> 
     </span>
    </p>
   </div>
   <div class='ocr_carea' id='block_1_21' title="bbox 157 1952 1895 2026">
    <p class='ocr_par' dir='ltr' id='par_1_21' title="bbox 157 1952 1895 2026">
     <span class='ocr_line' id='line_1_21' title="bbox 157 1952 1895 2026; baseline 0.003 -22"><span class='ocrx_word' id='word_1_137' title='bbox 157 2017 162 2026; x_wconf 31' lang='grc' dir='ltr'>ι</span> <span class='ocrx_word' id='word_1_138' title='bbox 202 1952 351 2005; x_wconf 82' lang='lat' dir='ltr'>rium</span> <span class='ocrx_word' id='word_1_139' title='bbox 386 1953 753 2022; x_wconf 87' lang='lat' dir='ltr'>probandum</span> <span class='ocrx_word' id='word_1_140' title='bbox 785 1965 840 2006; x_wconf 87' lang='lat' dir='ltr'>et</span> <span class='ocrx_word' id='word_1_141' title='bbox 889 1955 1428 2008; x_wconf 83' lang='lat' dir='ltr'>commendandum.</span> <span class='ocrx_word' id='word_1_142' title='bbox 1481 1957 1687 2009; x_wconf 89' lang='lat' dir='ltr'>Totum</span> <span class='ocrx_word' id='word_1_143' title='bbox 1735 1972 1895 2010; x_wconf 89' lang='lat' dir='ltr'>nam-</span> 
     </span>
    </p>
   </div>
   <div class='ocr_carea' id='block_1_22' title="bbox 201 2042 1900 2112">
    <p class='ocr_par' dir='ltr' id='par_1_22' title="bbox 201 2042 1900 2112">
     <span class='ocr_line' id='line_1_22' title="bbox 201 2042 1900 2112; baseline 0.004 -20"><span class='ocrx_word' id='word_1_144' title='bbox 201 2057 313 2109; x_wconf 87' lang='lat' dir='ltr'>que</span> <span class='ocrx_word' id='word_1_145' title='bbox 364 2042 424 2094; x_wconf 91' lang='lat' dir='ltr'>in</span> <span class='ocrx_word' id='word_1_146' title='bbox 461 2059 528 2095; x_wconf 89' lang='lat' dir='ltr'>eo</span> <span class='ocrx_word' id='word_1_147' title='bbox 579 2042 828 2095; x_wconf 84' lang='lat' dir='ltr'>breviter</span> <span class='ocrx_word' id='word_1_148' title='bbox 869 2043 1379 2112; x_wconf 87' lang='lat' dir='ltr'>comprehenditur</span> <span class='ocrx_word' id='word_1_149' title='bbox 1421 2060 1551 2098; x_wconf 92' lang='lat' dir='ltr'>cum</span> <span class='ocrx_word' id='word_1_150' title='bbox 1598 2045 1720 2098; x_wconf 91' lang='lat' dir='ltr'>ait:</span> <span class='ocrx_word' id='word_1_151' title='bbox 1759 2068 1785 2094; x_wconf 85' lang='grc'>‹‹</span> <span class='ocrx_word' id='word_1_152' title='bbox 1833 2047 1900 2099; x_wconf 88' lang='lat' dir='ltr'>Ut</span> 
     </span>
    </p>
   </div>
   <div class='ocr_carea' id='block_1_23' title="bbox 201 2131 1896 2201">
    <p class='ocr_par' dir='ltr' id='par_1_23' title="bbox 201 2131 1896 2201">
     <span class='ocr_line' id='line_1_23' title="bbox 201 2131 1896 2201; baseline 0.004 -19"><span class='ocrx_word' id='word_1_153' title='bbox 201 2131 519 2183; x_wconf 88' lang='lat' dir='ltr'>secundum</span> <span class='ocrx_word' id='word_1_154' title='bbox 569 2131 903 2184; x_wconf 89' lang='lat' dir='ltr'>electionem</span> <span class='ocrx_word' id='word_1_155' title='bbox 933 2132 1296 2201; x_wconf 88' lang='lat' dir='ltr'>propositum</span> <span class='ocrx_word' id='word_1_156' title='bbox 1333 2133 1431 2186; x_wconf 91' lang='lat' dir='ltr'>Dei</span> <span class='ocrx_word' id='word_1_157' title='bbox 1475 2139 1753 2200; x_wconf 84' lang='lat' dir='ltr'>maneret,</span> <span class='ocrx_word' id='word_1_158' title='bbox 1785 2150 1896 2188; x_wconf 90' lang='lat' dir='ltr'>non</span> 
     </span>
    </p>
   </div>
   <div class='ocr_carea' id='block_1_24' title="bbox 200 2219 1899 2293">
    <p class='ocr_par' dir='ltr' id='par_1_24' title="bbox 200 2219 1899 2293">
     <span class='ocr_line' id='line_1_24' title="bbox 200 2219 1899 2293; baseline 0.002 -22"><span class='ocrx_word' id='word_1_159' title='bbox 200 2235 266 2271; x_wconf 86' lang='lat' dir='ltr'>ex</span> <span class='ocrx_word' id='word_1_160' title='bbox 315 2219 602 2288; x_wconf 87' lang='lat' dir='ltr'>operibus,</span> <span class='ocrx_word' id='word_1_161' title='bbox 638 2220 732 2272; x_wconf 90' lang='lat' dir='ltr'>sed</span> <span class='ocrx_word' id='word_1_162' title='bbox 769 2237 832 2272; x_wconf 83' lang='lat' dir='ltr'>ex</span> <span class='ocrx_word' id='word_1_163' title='bbox 867 2226 1102 2273; x_wconf 89' lang='lat' dir='ltr'>vocante</span> <span class='ocrx_word' id='word_1_164' title='bbox 1143 2221 1359 2274; x_wconf 87' lang='lat' dir='ltr'>dictum</span> <span class='ocrx_word' id='word_1_165' title='bbox 1405 2227 1506 2286; x_wconf 90' lang='lat' dir='ltr'>est,</span> <span class='ocrx_word' id='word_1_166' title='bbox 1551 2223 1686 2293; x_wconf 88' lang='lat' dir='ltr'>quia</span> <span class='ocrx_word' id='word_1_167' title='bbox 1715 2223 1899 2292; x_wconf 86' lang='lat' dir='ltr'>major</span> 
     </span>
    </p>
   </div>
   <div class='ocr_carea' id='block_1_25' title="bbox 199 2308 1900 2380">
    <p class='ocr_par' dir='ltr' id='par_1_25' title="bbox 199 2308 1900 2380">
     <span class='ocr_line' id='line_1_25' title="bbox 199 2308 1900 2380; baseline 0.004 -20"><span class='ocrx_word' id='word_1_168' title='bbox 199 2308 409 2361; x_wconf 84' lang='lat' dir='ltr'>serviet</span> <span class='ocrx_word' id='word_1_169' title='bbox 455 2308 665 2361; x_wconf 91' lang='lat' dir='ltr'>minori</span> <span class='ocrx_word' id='word_1_170' title='bbox 712 2310 882 2374; x_wconf 84' lang='lat' dir='ltr'>(Rom.</span> <span class='ocrx_word' id='word_1_171' title='bbox 934 2325 1019 2374; x_wconf 83' lang='lat' dir='ltr'>1x;</span> <span class='ocrx_word' id='word_1_172' title='bbox 1070 2311 1205 2362; x_wconf 85' lang='lat' dir='ltr'>Gen.</span> <span class='ocrx_word' id='word_1_173' title='bbox 1243 2310 1394 2380; x_wconf 78' lang='lat' dir='ltr'>xxv).</span> <span class='ocrx_word' id='word_1_174' title='bbox 1433 2333 1458 2359; x_wconf 89' lang='grc'><strong>››</strong></span> <span class='ocrx_word' id='word_1_175' title='bbox 1495 2311 1576 2364; x_wconf 91' lang='lat' dir='ltr'>Ibi</span> <span class='ocrx_word' id='word_1_176' title='bbox 1616 2311 1768 2365; x_wconf 91' lang='lat' dir='ltr'>enim</span> <span class='ocrx_word' id='word_1_177' title='bbox 1813 2316 1900 2366; x_wconf 89' lang='lat' dir='ltr'>est</span> 
     </span>
    </p>
   </div>
   <div class='ocr_carea' id='block_1_26' title="bbox 201 2397 1896 2469">
    <p class='ocr_par' dir='ltr' id='par_1_26' title="bbox 201 2397 1896 2469">
     <span class='ocr_line' id='line_1_26' title="bbox 201 2397 1896 2469; baseline 0.002 -19"><span class='ocrx_word' id='word_1_178' title='bbox 201 2397 401 2451; x_wconf 88' lang='lat' dir='ltr'>electio</span> <span class='ocrx_word' id='word_1_179' title='bbox 435 2397 532 2450; x_wconf 90' lang='lat' dir='ltr'>Dei</span> <span class='ocrx_word' id='word_1_180' title='bbox 577 2398 848 2467; x_wconf 88' lang='lat' dir='ltr'>gratuita,</span> <span class='ocrx_word' id='word_1_181' title='bbox 900 2397 956 2451; x_wconf 91' lang='lat' dir='ltr'>id</span> <span class='ocrx_word' id='word_1_182' title='bbox 990 2401 1073 2451; x_wconf 84' lang='lat' dir='ltr'>est</span> <span class='ocrx_word' id='word_1_183' title='bbox 1117 2399 1329 2469; x_wconf 86' lang='lat' dir='ltr'>absque</span> <span class='ocrx_word' id='word_1_184' title='bbox 1376 2400 1662 2469; x_wconf 80' lang='lat' dir='ltr'>operibus,</span> <span class='ocrx_word' id='word_1_185' title='bbox 1718 2402 1775 2454; x_wconf 91' lang='lat' dir='ltr'>in</span> <span class='ocrx_word' id='word_1_186' title='bbox 1805 2403 1896 2455; x_wconf 81' lang='lat' dir='ltr'>Ja-</span> 
     </span>
    </p>
   </div>
   <div class='ocr_carea' id='block_1_27' title="bbox 203 2487 1898 2560">
    <p class='ocr_par' dir='ltr' id='par_1_27' title="bbox 203 2487 1898 2560">
     <span class='ocr_line' id='line_1_27' title="bbox 203 2487 1898 2560; baseline 0.003 -21"><span class='ocrx_word' id='word_1_187' title='bbox 203 2487 326 2550; x_wconf 92' lang='lat' dir='ltr'>cob,</span> <span class='ocrx_word' id='word_1_188' title='bbox 380 2487 459 2540; x_wconf 90' lang='lat' dir='ltr'>ibi</span> <span class='ocrx_word' id='word_1_189' title='bbox 515 2487 872 2558; x_wconf 91' lang='lat' dir='ltr'>propositum</span> <span class='ocrx_word' id='word_1_190' title='bbox 924 2491 1153 2540; x_wconf 72' lang='lat' dir='ltr'>aeternae</span> <span class='ocrx_word' id='word_1_191' title='bbox 1202 2489 1508 2542; x_wconf 81' lang='lat' dir='ltr'>voluntatis</span> <span class='ocrx_word' id='word_1_192' title='bbox 1557 2491 1698 2559; x_wconf 84' lang='lat' dir='ltr'>ejus,</span> <span class='ocrx_word' id='word_1_193' title='bbox 1742 2490 1898 2560; x_wconf 91' lang='lat' dir='ltr'>quod</span> 
     </span>
    </p>
   </div>
   <div class='ocr_carea' id='block_1_28' title="bbox 201 2575 1897 2647">
    <p class='ocr_par' dir='ltr' id='par_1_28' title="bbox 201 2575 1897 2647">
     <span class='ocr_line' id='line_1_28' title="bbox 201 2575 1897 2647; baseline 0.001 -17"><span class='ocrx_word' id='word_1_194' title='bbox 201 2577 404 2646; x_wconf 87' lang='lat' dir='ltr'>utique</span> <span class='ocrx_word' id='word_1_195' title='bbox 449 2576 568 2629; x_wconf 89' lang='lat' dir='ltr'>sine</span> <span class='ocrx_word' id='word_1_196' title='bbox 601 2575 958 2647; x_wconf 66' lang='lat' dir='ltr'>prmscientia</span> <span class='ocrx_word' id='word_1_197' title='bbox 989 2580 1044 2629; x_wconf 90' lang='lat' dir='ltr'>et</span> <span class='ocrx_word' id='word_1_198' title='bbox 1086 2576 1585 2646; x_wconf 64' lang='lat' dir='ltr'>praedestinatione</span> <span class='ocrx_word' id='word_1_199' title='bbox 1631 2595 1750 2632; x_wconf 89' lang='lat' dir='ltr'>esse</span> <span class='ocrx_word' id='word_1_200' title='bbox 1781 2595 1897 2632; x_wconf 91' lang='lat' dir='ltr'>non</span> 
     </span>
    </p>
   </div>
   <div class='ocr_carea' id='block_1_29' title="bbox 201 2664 1896 2735">
    <p class='ocr_par' dir='ltr' id='par_1_29' title="bbox 201 2664 1896 2735">
     <span class='ocr_line' id='line_1_29' title="bbox 201 2664 1896 2735; baseline 0.002 -18"><span class='ocrx_word' id='word_1_201' title='bbox 201 2668 389 2734; x_wconf 89' lang='lat' dir='ltr'>potest</span> <span class='ocrx_word' id='word_1_202' title='bbox 426 2681 437 2717; x_wconf 94' lang='lat'>:</span> <span class='ocrx_word' id='word_1_203' title='bbox 471 2664 546 2717; x_wconf 90' lang='lat' dir='ltr'>ibi</span> <span class='ocrx_word' id='word_1_204' title='bbox 599 2665 816 2718; x_wconf 86' lang='lat' dir='ltr'>vocatio</span> <span class='ocrx_word' id='word_1_205' title='bbox 862 2665 999 2734; x_wconf 91' lang='lat' dir='ltr'>quia</span> <span class='ocrx_word' id='word_1_206' title='bbox 1045 2686 1073 2714; x_wconf 87' lang='lat'><strong>«</strong></span> <span class='ocrx_word' id='word_1_207' title='bbox 1121 2681 1233 2718; x_wconf 91' lang='lat' dir='ltr'>non</span> <span class='ocrx_word' id='word_1_208' title='bbox 1269 2682 1336 2718; x_wconf 80' lang='lat' dir='ltr'>ex</span> <span class='ocrx_word' id='word_1_209' title='bbox 1381 2666 1668 2735; x_wconf 87' lang='lat' dir='ltr'>operibus,</span> <span class='ocrx_word' id='word_1_210' title='bbox 1704 2666 1802 2720; x_wconf 90' lang='lat' dir='ltr'>sed</span> <span class='ocrx_word' id='word_1_211' title='bbox 1831 2683 1896 2719; x_wconf 86' lang='lat' dir='ltr'>ex</span> 
     </span>
    </p>
   </div>
   <div class='ocr_carea' id='block_1_30' title="bbox 201 2753 1898 2823">
    <p class='ocr_par' dir='ltr' id='par_1_30' title="bbox 201 2753 1898 2823">
     <span class='ocr_line' id='line_1_30' title="bbox 201 2753 1898 2823; baseline 0.001 -17"><span class='ocrx_word' id='word_1_212' title='bbox 201 2758 441 2806; x_wconf 86' lang='lat' dir='ltr'>vocante</span> <span class='ocrx_word' id='word_1_213' title='bbox 472 2753 685 2807; x_wconf 90' lang='lat' dir='ltr'>dictum</span> <span class='ocrx_word' id='word_1_214' title='bbox 736 2759 840 2818; x_wconf 90' lang='lat' dir='ltr'>est,</span> <span class='ocrx_word' id='word_1_215' title='bbox 875 2754 1062 2823; x_wconf 88' lang='lat' dir='ltr'>major</span> <span class='ocrx_word' id='word_1_216' title='bbox 1092 2754 1300 2807; x_wconf 88' lang='lat' dir='ltr'>serviet</span> <span class='ocrx_word' id='word_1_217' title='bbox 1334 2754 1560 2808; x_wconf 90' lang='lat' dir='ltr'>minori.</span> <span class='ocrx_word' id='word_1_218' title='bbox 1593 2777 1621 2804; x_wconf 87' lang='grc'><strong>››</strong></span> <span class='ocrx_word' id='word_1_219' title='bbox 1667 2757 1732 2808; x_wconf 87' lang='lat' dir='ltr'>Et</span> <span class='ocrx_word' id='word_1_220' title='bbox 1756 2754 1898 2808; x_wconf 88' lang='lat' dir='ltr'>sicut</span> 
     </span>
    </p>
   </div>
   <div class='ocr_carea' id='block_1_31' title="bbox 201 2840 1898 2912">
    <p class='ocr_par' dir='ltr' id='par_1_31' title="bbox 201 2840 1898 2912">
     <span class='ocr_line' id='line_1_31' title="bbox 201 2840 1898 2912; baseline 0.002 -18"><span class='ocrx_word' id='word_1_221' title='bbox 201 2841 407 2895; x_wconf 87' lang='lat' dir='ltr'>electio</span> <span class='ocrx_word' id='word_1_222' title='bbox 441 2840 687 2910; x_wconf 86' lang='lat' dir='ltr'>gratuita</span> <span class='ocrx_word' id='word_1_223' title='bbox 717 2845 801 2893; x_wconf 88' lang='lat' dir='ltr'>est</span> <span class='ocrx_word' id='word_1_224' title='bbox 831 2840 888 2893; x_wconf 92' lang='lat' dir='ltr'>in</span> <span class='ocrx_word' id='word_1_225' title='bbox 921 2841 1090 2894; x_wconf 76' lang='lat' dir='ltr'>Iacob</span> <span class='ocrx_word' id='word_1_226' title='bbox 1121 2842 1189 2895; x_wconf 91' lang='lat' dir='ltr'>de</span> <span class='ocrx_word' id='word_1_227' title='bbox 1223 2859 1336 2912; x_wconf 90' lang='lat' dir='ltr'>quo</span> <span class='ocrx_word' id='word_1_228' title='bbox 1359 2843 1572 2896; x_wconf 87' lang='lat' dir='ltr'>dictum</span> <span class='ocrx_word' id='word_1_229' title='bbox 1601 2848 1685 2896; x_wconf 90' lang='lat' dir='ltr'>est</span> <span class='ocrx_word' id='word_1_230' title='bbox 1713 2860 1726 2896; x_wconf 87' lang='lat'><strong>:</strong></span> <span class='ocrx_word' id='word_1_231' title='bbox 1766 2861 1791 2893; x_wconf 87' lang='lat'><strong>«</strong></span> <span class='ocrx_word' id='word_1_232' title='bbox 1813 2845 1898 2897; x_wconf 86' lang='lat' dir='ltr'>Ja-</span> 
     </span>
    </p>
   </div>
   <div class='ocr_carea' id='block_1_32' title="bbox 201 2927 1898 3000">
    <p class='ocr_par' dir='ltr' id='par_1_32' title="bbox 201 2927 1898 3000">
     <span class='ocr_line' id='line_1_32' title="bbox 201 2927 1898 3000; baseline 0.001 -17"><span class='ocrx_word' id='word_1_233' title='bbox 201 2930 308 2984; x_wconf 89' lang='lat' dir='ltr'>cob</span> <span class='ocrx_word' id='word_1_234' title='bbox 341 2929 532 2994; x_wconf 82' lang='lat' dir='ltr'>dilexi,</span> <span class='ocrx_word' id='word_1_235' title='bbox 565 2950 584 2974; x_wconf 72' lang='grc' dir='ltr'>ι</span> <span class='ocrx_word' id='word_1_236' title='bbox 608 2928 856 2998; x_wconf 86' lang='lat' dir='ltr'>itajusta</span> <span class='ocrx_word' id='word_1_237' title='bbox 880 2927 1172 2982; x_wconf 86' lang='lat' dir='ltr'>damnatio</span> <span class='ocrx_word' id='word_1_238' title='bbox 1191 2929 1248 2981; x_wconf 91' lang='lat' dir='ltr'>in</span> <span class='ocrx_word' id='word_1_239' title='bbox 1275 2930 1439 2990; x_wconf 87' lang='lat' dir='ltr'>Esau,</span> <span class='ocrx_word' id='word_1_240' title='bbox 1467 2930 1534 2983; x_wconf 86' lang='lat' dir='ltr'>de</span> <span class='ocrx_word' id='word_1_241' title='bbox 1559 2946 1672 3000; x_wconf 89' lang='lat' dir='ltr'>quo</span> <span class='ocrx_word' id='word_1_242' title='bbox 1701 2929 1898 2999; x_wconf 87' lang='lat' dir='ltr'>adjun-</span> 
     </span>
    </p>
   </div>
   <div class='ocr_carea' id='block_1_33' title="bbox 198 3015 1326 3087">
    <p class='ocr_par' dir='ltr' id='par_1_33' title="bbox 198 3015 1326 3087">
     <span class='ocr_line' id='line_1_33' title="bbox 198 3015 1326 3087; baseline 0 -17"><span class='ocrx_word' id='word_1_243' title='bbox 198 3017 358 3087; x_wconf 87' lang='lat' dir='ltr'>gitur</span> <span class='ocrx_word' id='word_1_244' title='bbox 390 3033 402 3069; x_wconf 92' lang='lat'>:</span> <span class='ocrx_word' id='word_1_245' title='bbox 439 3038 464 3064; x_wconf 85' lang='lat'><strong>«</strong></span> <span class='ocrx_word' id='word_1_246' title='bbox 503 3017 647 3069; x_wconf 87' lang='lat' dir='ltr'>Esau</span> <span class='ocrx_word' id='word_1_247' title='bbox 677 3025 869 3071; x_wconf 90' lang='lat' dir='ltr'>autem</span> <span class='ocrx_word' id='word_1_248' title='bbox 904 3015 1034 3069; x_wconf 91' lang='lat' dir='ltr'>odio</span> <span class='ocrx_word' id='word_1_249' title='bbox 1064 3015 1260 3070; x_wconf 88' lang='lat' dir='ltr'>habui.</span> <span class='ocrx_word' id='word_1_250' title='bbox 1299 3037 1326 3065; x_wconf 85' lang='lat'>»</span> 
     </span>
    </p>
   </div>
   <div class='ocr_carea' id='block_1_34' title="bbox 276 3105 1896 3176">
    <p class='ocr_par' dir='ltr' id='par_1_34' title="bbox 276 3105 1896 3176">
     <span class='ocr_line' id='line_1_34' title="bbox 276 3105 1896 3176; baseline -0.001 -16"><span class='ocrx_word' id='word_1_251' title='bbox 276 3108 390 3160; x_wconf 84' lang='lat' dir='ltr'>Hoc</span> <span class='ocrx_word' id='word_1_252' title='bbox 437 3105 759 3159; x_wconf 90' lang='lat' dir='ltr'>divinorum</span> <span class='ocrx_word' id='word_1_253' title='bbox 808 3105 1159 3174; x_wconf 90' lang='lat' dir='ltr'>judiciorum</span> <span class='ocrx_word' id='word_1_254' title='bbox 1211 3106 1269 3158; x_wconf 92' lang='lat' dir='ltr'>in</span> <span class='ocrx_word' id='word_1_255' title='bbox 1333 3110 1633 3176; x_wconf 92' lang='lat' dir='ltr'>utramque</span> <span class='ocrx_word' id='word_1_256' title='bbox 1674 3111 1896 3175; x_wconf 85' lang='lat' dir='ltr'>partem</span> 
     </span>
    </p>
   </div>
   <div class='ocr_carea' id='block_1_35' title="bbox 196 3193 1897 3266">
    <p class='ocr_par' dir='ltr' id='par_1_35' title="bbox 196 3193 1897 3266">
     <span class='ocr_line' id='line_1_35' title="bbox 196 3193 1897 3266; baseline -0.001 -18"><span class='ocrx_word' id='word_1_257' title='bbox 196 3194 552 3266; x_wconf 90' lang='lat' dir='ltr'>profundum</span> <span class='ocrx_word' id='word_1_258' title='bbox 599 3194 934 3264; x_wconf 84' lang='lat' dir='ltr'>mysterium</span> <span class='ocrx_word' id='word_1_259' title='bbox 971 3210 1036 3246; x_wconf 80' lang='lat' dir='ltr'>ex</span> <span class='ocrx_word' id='word_1_260' title='bbox 1077 3193 1512 3247; x_wconf 81' lang='lat' dir='ltr'>auctoritatibus</span> <span class='ocrx_word' id='word_1_261' title='bbox 1551 3194 1897 3264; x_wconf 88' lang='lat' dir='ltr'>propheticis</span> 
     </span>
    </p>
   </div>
   <div class='ocr_carea' id='block_1_36' title="bbox 200 3280 1896 3352">
    <p class='ocr_par' dir='ltr' id='par_1_36' title="bbox 200 3280 1896 3352">
     <span class='ocr_line' id='line_1_36' title="bbox 200 3280 1896 3352; baseline -0.001 -17"><span class='ocrx_word' id='word_1_262' title='bbox 200 3287 258 3335; x_wconf 91' lang='lat' dir='ltr'>et</span> <span class='ocrx_word' id='word_1_263' title='bbox 291 3281 616 3352; x_wconf 80' lang='lat' dir='ltr'>apostolicis</span> <span class='ocrx_word' id='word_1_264' title='bbox 663 3280 989 3334; x_wconf 81' lang='lat' dir='ltr'>firmissime</span> <span class='ocrx_word' id='word_1_265' title='bbox 1038 3286 1194 3334; x_wconf 89' lang='lat' dir='ltr'>tenet</span> <span class='ocrx_word' id='word_1_266' title='bbox 1227 3281 1491 3346; x_wconf 89' lang='lat' dir='ltr'>Ecclesia,</span> <span class='ocrx_word' id='word_1_267' title='bbox 1544 3282 1681 3352; x_wconf 92' lang='lat' dir='ltr'>quia</span> <span class='ocrx_word' id='word_1_268' title='bbox 1719 3281 1896 3335; x_wconf 91' lang='lat' dir='ltr'>nimi-</span> 
     </span>
    </p>
   </div>
   <div class='ocr_carea' id='block_1_37' title="bbox 198 3370 1897 3440">
    <p class='ocr_par' dir='ltr' id='par_1_37' title="bbox 198 3370 1897 3440">
     <span class='ocr_line' id='line_1_37' title="bbox 198 3370 1897 3440; baseline -0.001 -16"><span class='ocrx_word' id='word_1_269' title='bbox 198 3387 330 3424; x_wconf 86' lang='lat' dir='ltr'>rum</span> <span class='ocrx_word' id='word_1_270' title='bbox 364 3370 651 3440; x_wconf 73' lang='lat' dir='ltr'>praecipue</span> <span class='ocrx_word' id='word_1_271' title='bbox 682 3370 934 3439; x_wconf 86' lang='lat' dir='ltr'>pertinet</span> <span class='ocrx_word' id='word_1_272' title='bbox 981 3370 1050 3424; x_wconf 91' lang='lat' dir='ltr'>ad</span> <span class='ocrx_word' id='word_1_273' title='bbox 1095 3370 1634 3436; x_wconf 87' lang='lat' dir='ltr'>commendandam,</span> <span class='ocrx_word' id='word_1_274' title='bbox 1687 3375 1744 3424; x_wconf 91' lang='lat' dir='ltr'>et</span> <span class='ocrx_word' id='word_1_275' title='bbox 1794 3371 1897 3423; x_wconf 89' lang='lat' dir='ltr'>de-</span> 
     </span>
    </p>
   </div>
   <div class='ocr_carea' id='block_1_38' title="bbox 197 3457 1898 3529">
    <p class='ocr_par' dir='ltr' id='par_1_38' title="bbox 197 3457 1898 3529">
     <span class='ocr_line' id='line_1_38' title="bbox 197 3457 1898 3529; baseline -0.001 -16"><span class='ocrx_word' id='word_1_276' title='bbox 197 3460 528 3513; x_wconf 88' lang='lat' dir='ltr'>clarandam</span> <span class='ocrx_word' id='word_1_277' title='bbox 581 3458 824 3528; x_wconf 84' lang='lat' dir='ltr'>gratiam</span> <span class='ocrx_word' id='word_1_278' title='bbox 879 3457 1104 3524; x_wconf 87' lang='lat' dir='ltr'>Christi,</span> <span class='ocrx_word' id='word_1_279' title='bbox 1161 3481 1181 3507; x_wconf 78' lang='grc' dir='ltr'>ι</span> <span class='ocrx_word' id='word_1_280' title='bbox 1235 3463 1298 3512; x_wconf 90' lang='lat' dir='ltr'>ut</span> <span class='ocrx_word' id='word_1_281' title='bbox 1351 3458 1452 3529; x_wconf 89' lang='lat' dir='ltr'>qui</span> <span class='ocrx_word' id='word_1_282' title='bbox 1501 3459 1798 3528; x_wconf 82' lang='lat' dir='ltr'>gloriatur,</span> <span class='ocrx_word' id='word_1_283' title='bbox 1839 3459 1898 3512; x_wconf 91' lang='lat' dir='ltr'>in</span> 
     </span>
    </p>
   </div>
   <div class='ocr_carea' id='block_1_39' title="bbox 198 3547 1900 3618">
    <p class='ocr_par' dir='ltr' id='par_1_39' title="bbox 198 3547 1900 3618">
     <span class='ocr_line' id='line_1_39' title="bbox 198 3547 1900 3618; baseline -0.001 -16"><span class='ocrx_word' id='word_1_284' title='bbox 198 3549 448 3602; x_wconf 90' lang='lat' dir='ltr'>Domino</span> <span class='ocrx_word' id='word_1_285' title='bbox 480 3547 756 3617; x_wconf 86' lang='lat' dir='ltr'>glorietur</span> <span class='ocrx_word' id='word_1_286' title='bbox 799 3549 842 3616; x_wconf 83' lang='grc'>(1</span> <span class='ocrx_word' id='word_1_287' title='bbox 872 3549 989 3603; x_wconf 80' lang='lat' dir='ltr'>Cor.</span> <span class='ocrx_word' id='word_1_288' title='bbox 1032 3563 1071 3615; x_wconf 86' lang='lat'>1,</span> <span class='ocrx_word' id='word_1_289' title='bbox 1107 3547 1218 3616; x_wconf 84' lang='grc'>31).</span> <span class='ocrx_word' id='word_1_290' title='bbox 1255 3569 1282 3595; x_wconf 89' lang='grc'><strong>››</strong></span> <span class='ocrx_word' id='word_1_291' title='bbox 1327 3547 1740 3601; x_wconf 88' lang='lat' dir='ltr'>Absconditum</span> <span class='ocrx_word' id='word_1_292' title='bbox 1771 3547 1900 3618; x_wconf 90' lang='lat' dir='ltr'>qui-</span> 
     </span>
    </p>
   </div>
   <div class='ocr_carea' id='block_1_40' title="bbox 197 3636 1900 3707">
    <p class='ocr_par' dir='ltr' id='par_1_40' title="bbox 197 3636 1900 3707">
     <span class='ocr_line' id='line_1_40' title="bbox 197 3636 1900 3707; baseline -0.001 -15"><span class='ocrx_word' id='word_1_293' title='bbox 197 3638 331 3692; x_wconf 91' lang='lat' dir='ltr'>dem</span> <span class='ocrx_word' id='word_1_294' title='bbox 378 3654 410 3690; x_wconf 92' lang='lat' dir='ltr'>a</span> <span class='ocrx_word' id='word_1_295' title='bbox 441 3637 662 3690; x_wconf 61' lang='lat' dir='ltr'>saeculis</span> <span class='ocrx_word' id='word_1_296' title='bbox 690 3637 750 3689; x_wconf 91' lang='lat' dir='ltr'>in</span> <span class='ocrx_word' id='word_1_297' title='bbox 792 3639 924 3698; x_wconf 89' lang='lat' dir='ltr'>Deo,</span> <span class='ocrx_word' id='word_1_298' title='bbox 961 3636 1060 3690; x_wconf 88' lang='lat' dir='ltr'>sed</span> <span class='ocrx_word' id='word_1_299' title='bbox 1104 3637 1256 3690; x_wconf 88' lang='lat' dir='ltr'>inter</span> <span class='ocrx_word' id='word_1_300' title='bbox 1283 3637 1603 3707; x_wconf 88' lang='lat' dir='ltr'>Scripturas</span> <span class='ocrx_word' id='word_1_301' title='bbox 1653 3638 1900 3707; x_wconf 90' lang='lat' dir='ltr'>prophe-</span> 
     </span>
    </p>
   </div>
   <div class='ocr_carea' id='block_1_41' title="bbox 196 3725 1894 3795">
    <p class='ocr_par' dir='ltr' id='par_1_41' title="bbox 196 3725 1894 3795">
     <span class='ocr_line' id='line_1_41' title="bbox 196 3725 1894 3795; baseline -0.001 -16"><span class='ocrx_word' id='word_1_302' title='bbox 196 3731 394 3779; x_wconf 86' lang='lat' dir='ltr'>tarum</span> <span class='ocrx_word' id='word_1_303' title='bbox 447 3725 702 3779; x_wconf 71' lang='lat' dir='ltr'>Ecclesia:</span> <span class='ocrx_word' id='word_1_304' title='bbox 753 3725 874 3795; x_wconf 91' lang='lat' dir='ltr'>ejus</span> <span class='ocrx_word' id='word_1_305' title='bbox 920 3725 1072 3778; x_wconf 91' lang='lat' dir='ltr'>inter</span> <span class='ocrx_word' id='word_1_306' title='bbox 1122 3729 1345 3792; x_wconf 71' lang='lat' dir='ltr'>caetera,</span> <span class='ocrx_word' id='word_1_307' title='bbox 1402 3741 1531 3795; x_wconf 70' lang='lat' dir='ltr'>quae</span> <span class='ocrx_word' id='word_1_308' title='bbox 1562 3726 1633 3778; x_wconf 89' lang='lat' dir='ltr'>ad</span> <span class='ocrx_word' id='word_1_309' title='bbox 1688 3732 1894 3795; x_wconf 81' lang='lat' dir='ltr'>myste-</span> 
     </span>
    </p>
   </div>
   <div class='ocr_carea' id='block_1_42' title="bbox 195 3813 1897 3885">
    <p class='ocr_par' dir='ltr' id='par_1_42' title="bbox 195 3813 1897 3885">
     <span class='ocr_line' id='line_1_42' title="bbox 195 3813 1897 3885; baseline -0.001 -17"><span class='ocrx_word' id='word_1_310' title='bbox 195 3816 350 3868; x_wconf 90' lang='lat' dir='ltr'>rium</span> <span class='ocrx_word' id='word_1_311' title='bbox 398 3814 704 3868; x_wconf 88' lang='lat' dir='ltr'>Salvatoris</span> <span class='ocrx_word' id='word_1_312' title='bbox 752 3814 1061 3883; x_wconf 89' lang='lat' dir='ltr'>pertinent,</span> <span class='ocrx_word' id='word_1_313' title='bbox 1105 3813 1510 3883; x_wconf 66' lang='lat' dir='ltr'>praedicatione</span> <span class='ocrx_word' id='word_1_314' title='bbox 1551 3815 1897 3885; x_wconf 83' lang='lat' dir='ltr'>patefactum</span> 
     </span>
    </p>
   </div>
   <div class='ocr_carea' id='block_1_43' title="bbox 196 3903 1897 3974">
    <p class='ocr_par' dir='ltr' id='par_1_43' title="bbox 196 3903 1897 3974">
     <span class='ocr_line' id='line_1_43' title="bbox 196 3903 1897 3974; baseline -0.001 -17"><span class='ocrx_word' id='word_1_315' title='bbox 196 3904 534 3974; x_wconf 89' lang='lat' dir='ltr'>apostolica,</span> <span class='ocrx_word' id='word_1_316' title='bbox 583 3903 808 3956; x_wconf 89' lang='lat' dir='ltr'>dicente</span> <span class='ocrx_word' id='word_1_317' title='bbox 842 3903 1044 3956; x_wconf 91' lang='lat' dir='ltr'>eodem</span> <span class='ocrx_word' id='word_1_318' title='bbox 1093 3904 1367 3972; x_wconf 87' lang='lat' dir='ltr'>Apostolo</span> <span class='ocrx_word' id='word_1_319' title='bbox 1409 3903 1468 3955; x_wconf 90' lang='lat' dir='ltr'>in</span> <span class='ocrx_word' id='word_1_320' title='bbox 1499 3903 1612 3956; x_wconf 77' lang='lat' dir='ltr'>fine</span> <span class='ocrx_word' id='word_1_321' title='bbox 1642 3903 1897 3972; x_wconf 59' lang='lat' dir='ltr'>praefata</span> 
     </span>
    </p>
   </div>
   <div class='ocr_carea' id='block_1_44' title="bbox 197 3991 1899 4062">
    <p class='ocr_par' dir='ltr' id='par_1_44' title="bbox 197 3991 1899 4062">
     <span class='ocr_line' id='line_1_44' title="bbox 197 3991 1899 4062; baseline -0.001 -16"><span class='ocrx_word' id='word_1_322' title='bbox 197 3993 470 4062; x_wconf 77' lang='lat' dir='ltr'>Epistolae</span> <span class='ocrx_word' id='word_1_323' title='bbox 520 3993 589 4046; x_wconf 89' lang='lat' dir='ltr'>ad</span> <span class='ocrx_word' id='word_1_324' title='bbox 635 3993 962 4046; x_wconf 86' lang='lat' dir='ltr'>Romanos:</span> <span class='ocrx_word' id='word_1_325' title='bbox 1002 4013 1022 4040; x_wconf 76' lang='grc' dir='ltr'>ι</span> <span class='ocrx_word' id='word_1_326' title='bbox 1076 3991 1140 4044; x_wconf 89' lang='lat' dir='ltr'>Ei</span> <span class='ocrx_word' id='word_1_327' title='bbox 1184 3997 1377 4045; x_wconf 91' lang='lat' dir='ltr'>autem</span> <span class='ocrx_word' id='word_1_328' title='bbox 1426 3991 1525 4061; x_wconf 93' lang='lat' dir='ltr'>qui</span> <span class='ocrx_word' id='word_1_329' title='bbox 1558 3997 1758 4061; x_wconf 71' lang='lat' dir='ltr'>potens</span> <span class='ocrx_word' id='word_1_330' title='bbox 1817 3995 1899 4045; x_wconf 90' lang='lat' dir='ltr'>est</span> 
     </span>
    </p>
   </div>
   <div class='ocr_carea' id='block_1_45' title="bbox 197 4080 1900 4150">
    <p class='ocr_par' dir='ltr' id='par_1_45' title="bbox 197 4080 1900 4150">
     <span class='ocr_line' id='line_1_45' title="bbox 197 4080 1900 4150; baseline 0 -16"><span class='ocrx_word' id='word_1_331' title='bbox 197 4098 300 4134; x_wconf 86' lang='lat' dir='ltr'>vos</span> <span class='ocrx_word' id='word_1_332' title='bbox 355 4081 696 4134; x_wconf 84' lang='lat' dir='ltr'>conﬁrmare</span> <span class='ocrx_word' id='word_1_333' title='bbox 767 4080 1082 4134; x_wconf 90' lang='lat' dir='ltr'>secundum</span> <span class='ocrx_word' id='word_1_334' title='bbox 1147 4080 1514 4150; x_wconf 89' lang='lat' dir='ltr'>Evangelium</span> <span class='ocrx_word' id='word_1_335' title='bbox 1583 4096 1774 4134; x_wconf 89' lang='lat' dir='ltr'>meum</span> <span class='ocrx_word' id='word_1_336' title='bbox 1843 4086 1900 4134; x_wconf 91' lang='lat' dir='ltr'>et</span> 
     </span>
    </p>
   </div>
   <div class='ocr_carea' id='block_1_46' title="bbox 196 4169 1898 4240">
    <p class='ocr_par' dir='ltr' id='par_1_46' title="bbox 196 4169 1898 4240">
     <span class='ocr_line' id='line_1_46' title="bbox 196 4169 1898 4240; baseline 0.001 -18"><span class='ocrx_word' id='word_1_337' title='bbox 196 4170 673 4240; x_wconf 69' lang='lat' dir='ltr'>praedicationem</span> <span class='ocrx_word' id='word_1_338' title='bbox 720 4171 851 4223; x_wconf 82' lang='lat' dir='ltr'>Jesu</span> <span class='ocrx_word' id='word_1_339' title='bbox 881 4169 1108 4235; x_wconf 86' lang='lat' dir='ltr'>Christi,</span> <span class='ocrx_word' id='word_1_340' title='bbox 1143 4170 1456 4222; x_wconf 88' lang='lat' dir='ltr'>secundum</span> <span class='ocrx_word' id='word_1_341' title='bbox 1497 4170 1898 4223; x_wconf 87' lang='lat' dir='ltr'>revelationem</span> 
     </span>
    </p>
   </div>
   <div class='ocr_carea' id='block_1_47' title="bbox 198 4257 1900 4329">
    <p class='ocr_par' dir='ltr' id='par_1_47' title="bbox 198 4257 1900 4329">
     <span class='ocr_line' id='line_1_47' title="bbox 198 4257 1900 4329; baseline -0.001 -16"><span class='ocrx_word' id='word_1_342' title='bbox 198 4258 467 4329; x_wconf 83' lang='lat' dir='ltr'>mysterii</span> <span class='ocrx_word' id='word_1_343' title='bbox 505 4259 734 4312; x_wconf 83' lang='lat' dir='ltr'>aeternis</span> <span class='ocrx_word' id='word_1_344' title='bbox 780 4257 1134 4327; x_wconf 88' lang='lat' dir='ltr'>temporibus</span> <span class='ocrx_word' id='word_1_345' title='bbox 1178 4257 1353 4324; x_wconf 89' lang='lat' dir='ltr'>taciti,</span> <span class='ocrx_word' id='word_1_346' title='bbox 1387 4257 1541 4327; x_wconf 91' lang='lat' dir='ltr'>quod</span> <span class='ocrx_word' id='word_1_347' title='bbox 1568 4274 1717 4310; x_wconf 92' lang='lat' dir='ltr'>nunc</span> <span class='ocrx_word' id='word_1_348' title='bbox 1749 4263 1900 4327; x_wconf 91' lang='lat' dir='ltr'>pate-</span> 
     </span>
    </p>
   </div>
   <div class='ocr_carea' id='block_1_48' title="bbox 200 4345 1897 4416">
    <p class='ocr_par' dir='ltr' id='par_1_48' title="bbox 200 4345 1897 4416">
     <span class='ocr_line' id='line_1_48' title="bbox 200 4345 1897 4416; baseline -0.002 -15"><span class='ocrx_word' id='word_1_349' title='bbox 200 4347 420 4401; x_wconf 88' lang='lat' dir='ltr'>factum</span> <span class='ocrx_word' id='word_1_350' title='bbox 474 4352 559 4400; x_wconf 90' lang='lat' dir='ltr'>est</span> <span class='ocrx_word' id='word_1_351' title='bbox 588 4362 689 4416; x_wconf 91' lang='lat' dir='ltr'>per</span> <span class='ocrx_word' id='word_1_352' title='bbox 741 4345 1062 4414; x_wconf 88' lang='lat' dir='ltr'>Scripturas</span> <span class='ocrx_word' id='word_1_353' title='bbox 1111 4345 1523 4415; x_wconf 85' lang='lat' dir='ltr'>prophetarum</span> <span class='ocrx_word' id='word_1_354' title='bbox 1574 4347 1746 4412; x_wconf 88' lang='lat' dir='ltr'>(Rom.</span> <span class='ocrx_word' id='word_1_355' title='bbox 1790 4362 1897 4412; x_wconf 78' lang='lat' dir='ltr'>xv1,</span> 
     </span>
    </p>
   </div>
   <div class='ocr_carea' id='block_1_49' title="bbox 198 4432 1903 4506">
    <p class='ocr_par' dir='ltr' id='par_1_49' title="bbox 198 4432 1903 4506">
     <span class='ocr_line' id='line_1_49' title="bbox 198 4432 1903 4506; baseline -0.002 -17"><span class='ocrx_word' id='word_1_356' title='bbox 198 4439 292 4503; x_wconf 80' lang='lat'>25,</span> <span class='ocrx_word' id='word_1_357' title='bbox 328 4436 444 4506; x_wconf 85' lang='lat'>26),</span> <span class='ocrx_word' id='word_1_358' title='bbox 480 4457 507 4484; x_wconf 65' lang='lat' dir='ltr'>:o</span> <span class='ocrx_word' id='word_1_359' title='bbox 556 4440 663 4488; x_wconf 90' lang='lat' dir='ltr'>etc.</span> <span class='ocrx_word' id='word_1_360' title='bbox 699 4435 764 4488; x_wconf 89' lang='lat' dir='ltr'>Et</span> <span class='ocrx_word' id='word_1_361' title='bbox 794 4434 906 4487; x_wconf 91' lang='lat' dir='ltr'>alio</span> <span class='ocrx_word' id='word_1_362' title='bbox 957 4435 1079 4488; x_wconf 91' lang='lat' dir='ltr'>loco</span> <span class='ocrx_word' id='word_1_363' title='bbox 1113 4451 1126 4487; x_wconf 87' lang='lat'><strong>:</strong></span> <span class='ocrx_word' id='word_1_364' title='bbox 1164 4455 1190 4482; x_wconf 91' lang='grc'>‹‹</span> <span class='ocrx_word' id='word_1_365' title='bbox 1225 4435 1400 4487; x_wconf 90' lang='lat' dir='ltr'>Prout</span> <span class='ocrx_word' id='word_1_366' title='bbox 1434 4432 1666 4503; x_wconf 88' lang='lat' dir='ltr'>potestis</span> <span class='ocrx_word' id='word_1_367' title='bbox 1708 4435 1903 4504; x_wconf 88' lang='lat' dir='ltr'>legen-</span> 
     </span>
    </p>
   </div>
   <div class='ocr_carea' id='block_1_50' title="bbox 196 4521 1901 4594">
    <p class='ocr_par' dir='ltr' id='par_1_50' title="bbox 196 4521 1901 4594">
     <span class='ocr_line' id='line_1_50' title="bbox 196 4521 1901 4594; baseline -0.002 -17"><span class='ocrx_word' id='word_1_368' title='bbox 196 4528 287 4577; x_wconf 90' lang='lat' dir='ltr'>tes</span> <span class='ocrx_word' id='word_1_369' title='bbox 318 4524 642 4593; x_wconf 85' lang='lat' dir='ltr'>intelligere</span> <span class='ocrx_word' id='word_1_370' title='bbox 670 4523 1031 4594; x_wconf 90' lang='lat' dir='ltr'>prudentiam</span> <span class='ocrx_word' id='word_1_371' title='bbox 1067 4539 1250 4576; x_wconf 85' lang='lat' dir='ltr'>meam</span> <span class='ocrx_word' id='word_1_372' title='bbox 1276 4521 1638 4592; x_wconf 86' lang='lat' dir='ltr'>in&#39;mysterio</span> <span class='ocrx_word' id='word_1_373' title='bbox 1671 4523 1901 4588; x_wconf 87' lang='lat' dir='ltr'>Christi,</span> 
     </span>
    </p>
   </div>
   <div class='ocr_carea' id='block_1_51' title="bbox 199 4611 1902 4684">
    <p class='ocr_par' dir='ltr' id='par_1_51' title="bbox 199 4611 1902 4684">
     <span class='ocr_line' id='line_1_51' title="bbox 199 4611 1902 4684; baseline -0.001 -18"><span class='ocrx_word' id='word_1_374' title='bbox 199 4614 358 4684; x_wconf 90' lang='lat' dir='ltr'>quod</span> <span class='ocrx_word' id='word_1_375' title='bbox 389 4612 515 4665; x_wconf 89' lang='lat' dir='ltr'>aliis</span> <span class='ocrx_word' id='word_1_376' title='bbox 559 4612 1020 4681; x_wconf 84' lang='lat' dir='ltr'>generationibus</span> <span class='ocrx_word' id='word_1_377' title='bbox 1053 4628 1167 4665; x_wconf 93' lang='lat' dir='ltr'>non</span> <span class='ocrx_word' id='word_1_378' title='bbox 1203 4614 1287 4666; x_wconf 88' lang='lat' dir='ltr'>est</span> <span class='ocrx_word' id='word_1_379' title='bbox 1331 4611 1589 4681; x_wconf 86' lang='lat' dir='ltr'>agnitum</span> <span class='ocrx_word' id='word_1_380' title='bbox 1623 4611 1755 4665; x_wconf 87' lang='lat' dir='ltr'>tiliis</span> <span class='ocrx_word' id='word_1_381' title='bbox 1798 4612 1902 4665; x_wconf 89' lang='lat' dir='ltr'>ho-</span> 
     </span>
    </p>
   </div>
   <div class='ocr_carea' id='block_1_52' title="bbox 196 4699 1907 4771">
    <p class='ocr_par' dir='ltr' id='par_1_52' title="bbox 196 4699 1907 4771">
     <span class='ocr_line' id='line_1_52' title="bbox 196 4699 1907 4771; baseline 0 -17"><span class='ocrx_word' id='word_1_382' title='bbox 196 4702 455 4765; x_wconf 90' lang='lat' dir='ltr'>minum,</span> <span class='ocrx_word' id='word_1_383' title='bbox 506 4699 650 4753; x_wconf 88' lang='lat' dir='ltr'>sicut</span> <span class='ocrx_word' id='word_1_384' title='bbox 679 4716 828 4753; x_wconf 90' lang='lat' dir='ltr'>nunc</span> <span class='ocrx_word' id='word_1_385' title='bbox 869 4699 1294 4754; x_wconf 82' lang='lat' dir='ltr'>manifestatum</span> <span class='ocrx_word' id='word_1_386' title='bbox 1330 4705 1413 4753; x_wconf 89' lang='lat' dir='ltr'>est</span> <span class='ocrx_word' id='word_1_387' title='bbox 1442 4699 1649 4753; x_wconf 89' lang='lat' dir='ltr'>sanctis</span> <span class='ocrx_word' id='word_1_388' title='bbox 1680 4706 1907 4771; x_wconf 90' lang='lat' dir='ltr'>aposto-</span> 
     </span>
    </p>
   </div>
   <div class='ocr_carea' id='block_1_53' title="bbox 199 4788 1900 4859">
    <p class='ocr_par' dir='ltr' id='par_1_53' title="bbox 199 4788 1900 4859">
     <span class='ocr_line' id='line_1_53' title="bbox 199 4788 1900 4859; baseline 0.001 -16"><span class='ocrx_word' id='word_1_389' title='bbox 199 4791 273 4843; x_wconf 87' lang='lat' dir='ltr'>lis</span> <span class='ocrx_word' id='word_1_390' title='bbox 304 4790 452 4858; x_wconf 90' lang='lat' dir='ltr'>ejus,</span> <span class='ocrx_word' id='word_1_391' title='bbox 491 4793 546 4842; x_wconf 88' lang='lat' dir='ltr'>et</span> <span class='ocrx_word' id='word_1_392' title='bbox 575 4788 872 4859; x_wconf 88' lang='lat' dir='ltr'>prophetis</span> <span class='ocrx_word' id='word_1_393' title='bbox 901 4789 962 4842; x_wconf 92' lang='lat' dir='ltr'>in</span> <span class='ocrx_word' id='word_1_394' title='bbox 993 4789 1196 4859; x_wconf 88' lang='lat' dir='ltr'>spiritu</span> <span class='ocrx_word' id='word_1_395' title='bbox 1230 4788 1393 4859; x_wconf 79' lang='lat' dir='ltr'>(Eph.</span> <span class='ocrx_word' id='word_1_396' title='bbox 1423 4805 1504 4854; x_wconf 85' lang='grc' dir='ltr'>ιιι,</span> <span class='ocrx_word' id='word_1_397' title='bbox 1539 4790 1590 4855; x_wconf 81' lang='grc'>4,</span> <span class='ocrx_word' id='word_1_398' title='bbox 1627 4788 1701 4859; x_wconf 80' lang='grc'>5),</span> <span class='ocrx_word' id='word_1_399' title='bbox 1741 4811 1762 4837; x_wconf 74' lang='grc' dir='ltr'>ι</span> <span class='ocrx_word' id='word_1_400' title='bbox 1798 4795 1900 4843; x_wconf 89' lang='lat' dir='ltr'>etc.</span> 
     </span>
    </p>
   </div>
   <div class='ocr_carea' id='block_1_54' title="bbox 198 4877 1902 4933">
    <p class='ocr_par' dir='ltr' id='par_1_54' title="bbox 198 4877 1902 4933">
     <span class='ocr_line' id='line_1_54' title="bbox 198 4877 1902 4933; baseline -0.001 0"><span class='ocrx_word' id='word_1_401' title='bbox 198 4881 271 4933; x_wconf 87' lang='lat' dir='ltr'>Et</span> <span class='ocrx_word' id='word_1_402' title='bbox 317 4878 530 4932; x_wconf 88' lang='lat' dir='ltr'>iterum</span> <span class='ocrx_word' id='word_1_403' title='bbox 566 4894 578 4930; x_wconf 75' lang='grc' dir='ltr'>ε</span> <span class='ocrx_word' id='word_1_404' title='bbox 613 4901 631 4924; x_wconf 78' lang='grc' dir='ltr'><em>υ</em></span> <span class='ocrx_word' id='word_1_405' title='bbox 670 4877 804 4933; x_wconf 84' lang='lat' dir='ltr'>Mihi</span> <span class='ocrx_word' id='word_1_406' title='bbox 835 4877 1096 4931; x_wconf 89' lang='lat' dir='ltr'>omnium</span> <span class='ocrx_word' id='word_1_407' title='bbox 1128 4881 1458 4932; x_wconf 90' lang='lat' dir='ltr'>sanctorum</span> <span class='ocrx_word' id='word_1_408' title='bbox 1500 4877 1741 4931; x_wconf 91' lang='lat' dir='ltr'>minimo</span> <span class='ocrx_word' id='word_1_409' title='bbox 1775 4878 1902 4932; x_wconf 87' lang='lat' dir='ltr'>data</span> 
     </span>
    </p>
   </div>
   <div class='ocr_carea' id='block_1_55' title="bbox 199 4965 1904 5038">
    <p class='ocr_par' dir='ltr' id='par_1_55' title="bbox 199 4965 1904 5038">
     <span class='ocr_line' id='line_1_55' title="bbox 199 4965 1904 5038; baseline -0.001 -17"><span class='ocrx_word' id='word_1_410' title='bbox 199 4971 290 5021; x_wconf 88' lang='lat' dir='ltr'>est</span> <span class='ocrx_word' id='word_1_411' title='bbox 318 4965 503 5035; x_wconf 88' lang='lat' dir='ltr'>gratia</span> <span class='ocrx_word' id='word_1_412' title='bbox 546 4965 668 5019; x_wconf 61' lang='lat' dir='ltr'>haec</span> <span class='ocrx_word' id='word_1_413' title='bbox 698 4965 758 5019; x_wconf 89' lang='lat' dir='ltr'>in</span> <span class='ocrx_word' id='word_1_414' title='bbox 788 4966 1054 5036; x_wconf 84' lang='lat' dir='ltr'>gentibus</span> <span class='ocrx_word' id='word_1_415' title='bbox 1103 4967 1494 5038; x_wconf 86' lang='lat' dir='ltr'>evangelizare</span> <span class='ocrx_word' id='word_1_416' title='bbox 1533 4965 1904 5036; x_wconf 88' lang='lat' dir='ltr'>investigabi-</span> 
     </span>
    </p>
   </div>
   <div class='ocr_carea' id='block_1_56' title="bbox 198 5053 1917 5126">
    <p class='ocr_par' dir='ltr' id='par_1_56' title="bbox 198 5053 1917 5126">
     <span class='ocr_line' id='line_1_56' title="bbox 198 5053 1917 5126; baseline -0.001 -18"><span class='ocrx_word' id='word_1_417' title='bbox 198 5056 286 5108; x_wconf 89' lang='lat' dir='ltr'>les</span> <span class='ocrx_word' id='word_1_418' title='bbox 315 5053 546 5108; x_wconf 86' lang='lat' dir='ltr'>divitias</span> <span class='ocrx_word' id='word_1_419' title='bbox 575 5054 802 5120; x_wconf 88' lang='lat' dir='ltr'>Christi,</span> <span class='ocrx_word' id='word_1_420' title='bbox 852 5060 907 5107; x_wconf 89' lang='lat' dir='ltr'>et</span> <span class='ocrx_word' id='word_1_421' title='bbox 933 5055 1261 5108; x_wconf 84' lang='lat' dir='ltr'>illuminare</span> <span class='ocrx_word' id='word_1_422' title='bbox 1292 5071 1510 5120; x_wconf 92' lang='lat' dir='ltr'>omnes,</span> <span class='ocrx_word' id='word_1_423' title='bbox 1544 5071 1666 5126; x_wconf 62' lang='lat' dir='ltr'>qua</span> <span class='ocrx_word' id='word_1_424' title='bbox 1711 5054 1784 5107; x_wconf 89' lang='lat' dir='ltr'>sit</span> <span class='ocrx_word' id='word_1_425' title='bbox 1814 5054 1917 5119; x_wconf 90' lang='lat' dir='ltr'>di-_</span> 
     </span>
    </p>
   </div>
   <div class='ocr_carea' id='block_1_57' title="bbox 197 5143 1906 5214">
    <p class='ocr_par' dir='ltr' id='par_1_57' title="bbox 197 5143 1906 5214">
     <span class='ocr_line' id='line_1_57' title="bbox 197 5143 1906 5214; baseline 0 -18"><span class='ocrx_word' id='word_1_426' title='bbox 197 5143 497 5214; x_wconf 86' lang='lat' dir='ltr'>spensatio</span> <span class='ocrx_word' id='word_1_427' title='bbox 547 5143 886 5196; x_wconf 86' lang='lat' dir='ltr'>sacramenti</span> <span class='ocrx_word' id='word_1_428' title='bbox 950 5144 1269 5198; x_wconf 89' lang='lat' dir='ltr'>absconditi</span> <span class='ocrx_word' id='word_1_429' title='bbox 1330 5161 1362 5198; x_wconf 92' lang='lat' dir='ltr'>a</span> <span class='ocrx_word' id='word_1_430' title='bbox 1414 5144 1634 5197; x_wconf 67' lang='lat' dir='ltr'>saaculis</span> <span class='ocrx_word' id='word_1_431' title='bbox 1683 5144 1739 5197; x_wconf 89' lang='lat' dir='ltr'>iu</span> <span class='ocrx_word' id='word_1_432' title='bbox 1794 5145 1906 5196; x_wconf 86' lang='lat' dir='ltr'>Deo</span> 
     </span>
    </p>
   </div>
   <div class='ocr_carea' id='block_1_58' title="bbox 199 5230 1908 5302">
    <p class='ocr_par' dir='ltr' id='par_1_58' title="bbox 199 5230 1908 5302">
     <span class='ocr_line' id='line_1_58' title="bbox 199 5230 1908 5302; baseline -0.001 -18"><span class='ocrx_word' id='word_1_433' title='bbox 199 5232 307 5302; x_wconf 92' lang='lat' dir='ltr'>qui</span> <span class='ocrx_word' id='word_1_434' title='bbox 354 5230 553 5284; x_wconf 87' lang='lat' dir='ltr'>omnia</span> <span class='ocrx_word' id='word_1_435' title='bbox 613 5230 823 5284; x_wconf 89' lang='lat' dir='ltr'>creavit</span> <span class='ocrx_word' id='word_1_436' title='bbox 873 5231 1051 5299; x_wconf 55' lang='lat' dir='ltr'>(ibid,</span> <span class='ocrx_word' id='word_1_437' title='bbox 1120 5235 1172 5297; x_wconf 90' lang='lat'>8,</span> <span class='ocrx_word' id='word_1_438' title='bbox 1220 5233 1291 5301; x_wconf 88' lang='lat'>9).</span> <span class='ocrx_word' id='word_1_439' title='bbox 1337 5253 1364 5283; x_wconf 86' lang='lat'><strong>»</strong></span> <span class='ocrx_word' id='word_1_440' title='bbox 1437 5231 1585 5286; x_wconf 87' lang='lat' dir='ltr'>Licet</span> <span class='ocrx_word' id='word_1_441' title='bbox 1618 5231 1771 5285; x_wconf 88' lang='lat' dir='ltr'>enim</span> <span class='ocrx_word' id='word_1_442' title='bbox 1811 5235 1908 5284; x_wconf 87' lang='lat' dir='ltr'>to—</span> 
     </span>
    </p>
   </div>
   <div class='ocr_carea' id='block_1_59' title="bbox 196 5318 1907 5389">
    <p class='ocr_par' dir='ltr' id='par_1_59' title="bbox 196 5318 1907 5389">
     <span class='ocr_line' id='line_1_59' title="bbox 196 5318 1907 5389; baseline -0.002 -15"><span class='ocrx_word' id='word_1_443' title='bbox 196 5326 332 5374; x_wconf 88' lang='lat' dir='ltr'>tum</span> <span class='ocrx_word' id='word_1_444' title='bbox 365 5320 523 5389; x_wconf 88' lang='lat' dir='ltr'>quod</span> <span class='ocrx_word' id='word_1_445' title='bbox 566 5319 634 5372; x_wconf 91' lang='lat' dir='ltr'>de</span> <span class='ocrx_word' id='word_1_446' title='bbox 665 5320 892 5373; x_wconf 91' lang='lat' dir='ltr'>Domini</span> <span class='ocrx_word' id='word_1_447' title='bbox 924 5320 1102 5373; x_wconf 90' lang='lat' dir='ltr'>nostri</span> <span class='ocrx_word' id='word_1_448' title='bbox 1141 5319 1456 5386; x_wconf 87' lang='lat' dir='ltr'>divinitate,</span> <span class='ocrx_word' id='word_1_449' title='bbox 1509 5323 1678 5389; x_wconf 89' lang='lat' dir='ltr'>atque</span> <span class='ocrx_word' id='word_1_450' title='bbox 1723 5318 1907 5371; x_wconf 88' lang='lat' dir='ltr'>incar-</span> 
     </span>
    </p>
   </div>
   <div class='ocr_carea' id='block_1_60' title="bbox 199 5408 1907 5478">
    <p class='ocr_par' dir='ltr' id='par_1_60' title="bbox 199 5408 1907 5478">
     <span class='ocr_line' id='line_1_60' title="bbox 199 5408 1907 5478; baseline -0.002 -16"><span class='ocrx_word' id='word_1_451' title='bbox 199 5409 446 5463; x_wconf 88' lang='lat' dir='ltr'>natione</span> <span class='ocrx_word' id='word_1_452' title='bbox 478 5424 580 5478; x_wconf 83' lang='lat' dir='ltr'>per</span> <span class='ocrx_word' id='word_1_453' title='bbox 610 5409 903 5477; x_wconf 90' lang='lat' dir='ltr'>apostolos</span> <span class='ocrx_word' id='word_1_454' title='bbox 929 5408 1324 5474; x_wconf 86' lang='lat' dir='ltr'>annuntiatur,</span> <span class='ocrx_word' id='word_1_455' title='bbox 1359 5408 1700 5476; x_wconf 87' lang='lat' dir='ltr'>generaliter</span> <span class='ocrx_word' id='word_1_456' title='bbox 1726 5426 1752 5457; x_wconf 84' lang='grc'>‹‹</span> <span class='ocrx_word' id='word_1_457' title='bbox 1780 5423 1907 5460; x_wconf 51' lang='lat' dir='ltr'>ma-</span> 
     </span>
    </p>
   </div>
   <div class='ocr_carea' id='block_1_61' title="bbox 200 5494 1910 5568">
    <p class='ocr_par' dir='ltr' id='par_1_61' title="bbox 200 5494 1910 5568">
     <span class='ocr_line' id='line_1_61' title="bbox 200 5494 1910 5568; baseline -0.002 -17"><span class='ocrx_word' id='word_1_458' title='bbox 200 5513 342 5568; x_wconf 78' lang='lat' dir='ltr'>gnae</span> <span class='ocrx_word' id='word_1_459' title='bbox 373 5497 606 5566; x_wconf 89' lang='lat' dir='ltr'>pietatis</span> <span class='ocrx_word' id='word_1_460' title='bbox 655 5495 991 5566; x_wconf 89' lang='lat' dir='ltr'>mysterium</span> <span class='ocrx_word' id='word_1_461' title='bbox 1044 5516 1072 5547; x_wconf 87' lang='grc'>››</span> <span class='ocrx_word' id='word_1_462' title='bbox 1105 5497 1178 5550; x_wconf 91' lang='lat' dir='ltr'>sit</span> <span class='ocrx_word' id='word_1_463' title='bbox 1217 5517 1242 5544; x_wconf 77' lang='grc' dir='ltr'><strong>α</strong></span> <span class='ocrx_word' id='word_1_464' title='bbox 1279 5496 1635 5566; x_wconf 88' lang='lat' dir='ltr'>temporibus</span> <span class='ocrx_word' id='word_1_465' title='bbox 1683 5494 1910 5549; x_wconf 86' lang='lat' dir='ltr'>aeternis</span> 
     </span>
    </p>
   </div>
   <div class='ocr_carea' id='block_1_62' title="bbox 202 5583 1908 5654">
    <p class='ocr_par' dir='ltr' id='par_1_62' title="bbox 202 5583 1908 5654">
     <span class='ocr_line' id='line_1_62' title="bbox 202 5583 1908 5654; baseline -0.004 -13"><span class='ocrx_word' id='word_1_466' title='bbox 202 5587 487 5654; x_wconf 84' lang='lat' dir='ltr'>tacitum;</span> <span class='ocrx_word' id='word_1_467' title='bbox 539 5600 644 5638; x_wconf 90' lang='lat' dir='ltr'>nec</span> <span class='ocrx_word' id='word_1_468' title='bbox 693 5584 818 5638; x_wconf 88' lang='lat' dir='ltr'>aliis</span> <span class='ocrx_word' id='word_1_469' title='bbox 881 5584 1345 5654; x_wconf 86' lang='lat' dir='ltr'>generationibus</span> <span class='ocrx_word' id='word_1_470' title='bbox 1410 5583 1544 5637; x_wconf 86' lang='lat' dir='ltr'>ﬁliis</span> <span class='ocrx_word' id='word_1_471' title='bbox 1608 5583 1908 5638; x_wconf 86' lang='lat' dir='ltr'>hominum</span> 
     </span>
    </p>
   </div>
   <div class='ocr_carea' id='block_1_63' title="bbox 2010 534 3706 620">
    <p class='ocr_par' dir='ltr' id='par_1_63' title="bbox 2010 534 3706 620">
     <span class='ocr_line' id='line_1_63' title="bbox 2010 534 3706 620; baseline 0.007 -26"><span class='ocrx_word' id='word_1_472' title='bbox 2010 542 2432 608; x_wconf 89' lang='lat' dir='ltr'>absconditum;</span> <span class='ocrx_word' id='word_1_473' title='bbox 2473 534 2626 596; x_wconf 91' lang='lat' dir='ltr'>nunc</span> <span class='ocrx_word' id='word_1_474' title='bbox 2668 551 2857 599; x_wconf 88' lang='lat' dir='ltr'>autem</span> <span class='ocrx_word' id='word_1_475' title='bbox 2896 562 3002 616; x_wconf 84' lang='lat' dir='ltr'>per</span> <span class='ocrx_word' id='word_1_476' title='bbox 3032 546 3351 616; x_wconf 90' lang='lat' dir='ltr'>Scripturas</span> <span class='ocrx_word' id='word_1_477' title='bbox 3399 550 3706 620; x_wconf 89' lang='lat' dir='ltr'>propheta-</span> 
     </span>
    </p>
   </div>
   <div class='ocr_carea' id='block_1_64' title="bbox 2010 632 3699 703">
    <p class='ocr_par' dir='ltr' id='par_1_64' title="bbox 2010 632 3699 703">
     <span class='ocr_line' id='line_1_64' title="bbox 2010 632 3699 703; baseline 0.004 -20"><span class='ocrx_word' id='word_1_478' title='bbox 2010 647 2138 684; x_wconf 93' lang='lat' dir='ltr'>rum</span> <span class='ocrx_word' id='word_1_479' title='bbox 2172 637 2227 684; x_wconf 91' lang='lat' dir='ltr'>et</span> <span class='ocrx_word' id='word_1_480' title='bbox 2260 632 2717 700; x_wconf 85' lang='lat' dir='ltr'>praedicationem</span> <span class='ocrx_word' id='word_1_481' title='bbox 2751 636 3135 703; x_wconf 86' lang='lat' dir='ltr'>apostolorum</span> <span class='ocrx_word' id='word_1_482' title='bbox 3170 637 3593 694; x_wconf 84' lang='lat' dir='ltr'>manifestatum</span> <span class='ocrx_word' id='word_1_483' title='bbox 3625 659 3636 694; x_wconf 92' lang='lat'>:</span> <span class='ocrx_word' id='word_1_484' title='bbox 3677 663 3699 689; x_wconf 73' lang='grc' dir='ltr'>ι</span> 
     </span>
    </p>
   </div>
   <div class='ocr_carea' id='block_1_65' title="bbox 2011 720 3705 789">
    <p class='ocr_par' dir='ltr' id='par_1_65' title="bbox 2011 720 3705 789">
     <span class='ocr_line' id='line_1_65' title="bbox 2011 720 3705 789; baseline 0.007 -19"><span class='ocrx_word' id='word_1_485' title='bbox 2011 722 2204 772; x_wconf 90' lang='lat' dir='ltr'>tamen</span> <span class='ocrx_word' id='word_1_486' title='bbox 2233 720 2405 772; x_wconf 90' lang='lat' dir='ltr'>etiam</span> <span class='ocrx_word' id='word_1_487' title='bbox 2445 721 2767 789; x_wconf 88' lang='lat' dir='ltr'>specialiter</span> <span class='ocrx_word' id='word_1_488' title='bbox 2803 725 2952 777; x_wconf 90' lang='lat' dir='ltr'>istud</span> <span class='ocrx_word' id='word_1_489' title='bbox 2999 726 3068 778; x_wconf 90' lang='lat' dir='ltr'>de</span> <span class='ocrx_word' id='word_1_490' title='bbox 3100 726 3562 781; x_wconf 87' lang='lat' dir='ltr'>inscrutabilibus</span> <span class='ocrx_word' id='word_1_491' title='bbox 3612 729 3705 782; x_wconf 88' lang='lat' dir='ltr'>di—</span> 
     </span>
    </p>
   </div>
   <div class='ocr_carea' id='block_1_66' title="bbox 2011 807 3704 879">
    <p class='ocr_par' dir='ltr' id='par_1_66' title="bbox 2011 807 3704 879">
     <span class='ocr_line' id='line_1_66' title="bbox 2011 807 3704 879; baseline 0.008 -21"><span class='ocrx_word' id='word_1_492' title='bbox 2011 807 2153 859; x_wconf 85' lang='lat' dir='ltr'>vinis</span> <span class='ocrx_word' id='word_1_493' title='bbox 2178 807 2432 876; x_wconf 89' lang='lat' dir='ltr'>judiciis,</span> <span class='ocrx_word' id='word_1_494' title='bbox 2477 813 2533 863; x_wconf 90' lang='lat' dir='ltr'>et</span> <span class='ocrx_word' id='word_1_495' title='bbox 2573 810 3063 879; x_wconf 86' lang='lat' dir='ltr'>dispositionibus,</span> <span class='ocrx_word' id='word_1_496' title='bbox 3099 815 3213 866; x_wconf 91' lang='lat' dir='ltr'>sive</span> <span class='ocrx_word' id='word_1_497' title='bbox 3242 815 3299 867; x_wconf 89' lang='lat' dir='ltr'>in</span> <span class='ocrx_word' id='word_1_498' title='bbox 3328 818 3704 871; x_wconf 69' lang='lat' dir='ltr'>excaecatione</span> 
     </span>
    </p>
   </div>
   <div class='ocr_carea' id='block_1_67' title="bbox 2011 893 3706 974">
    <p class='ocr_par' dir='ltr' id='par_1_67' title="bbox 2011 893 3706 974">
     <span class='ocr_line' id='line_1_67' title="bbox 2011 893 3706 974; baseline 0.009 -29"><span class='ocrx_word' id='word_1_499' title='bbox 2011 893 2354 961; x_wconf 79' lang='lat' dir='ltr'>inﬁdelium,</span> <span class='ocrx_word' id='word_1_500' title='bbox 2389 896 2503 949; x_wconf 87' lang='lat' dir='ltr'>sive</span> <span class='ocrx_word' id='word_1_501' title='bbox 2549 895 2607 949; x_wconf 92' lang='lat' dir='ltr'>in</span> <span class='ocrx_word' id='word_1_502' title='bbox 2638 897 3057 954; x_wconf 89' lang='lat' dir='ltr'>illuminatione</span> <span class='ocrx_word' id='word_1_503' title='bbox 3098 903 3353 956; x_wconf 69' lang='lat' dir='ltr'>fidelium</span> <span class='ocrx_word' id='word_1_504' title='bbox 3402 914 3614 974; x_wconf 91' lang='lat' dir='ltr'>aperte,</span> <span class='ocrx_word' id='word_1_505' title='bbox 3649 912 3706 960; x_wconf 89' lang='lat' dir='ltr'>et</span> 
     </span>
    </p>
   </div>
   <div class='ocr_carea' id='block_1_68' title="bbox 2011 982 3699 1063">
    <p class='ocr_par' dir='ltr' id='par_1_68' title="bbox 2011 982 3699 1063">
     <span class='ocr_line' id='line_1_68' title="bbox 2011 982 3699 1063; baseline 0.009 -30"><span class='ocrx_word' id='word_1_506' title='bbox 2011 982 2300 1052; x_wconf 61' lang='lat' dir='ltr'>precipue</span> <span class='ocrx_word' id='word_1_507' title='bbox 2349 985 2679 1053; x_wconf 82' lang='lat' dir='ltr'>mysterium</span> <span class='ocrx_word' id='word_1_508' title='bbox 2727 988 3068 1057; x_wconf 90' lang='lat' dir='ltr'>appellatur,</span> <span class='ocrx_word' id='word_1_509' title='bbox 3121 991 3342 1046; x_wconf 90' lang='lat' dir='ltr'>dicente</span> <span class='ocrx_word' id='word_1_510' title='bbox 3382 995 3699 1063; x_wconf 83' lang='lat' dir='ltr'>Apostolo:</span> 
     </span>
    </p>
   </div>
   <div class='ocr_carea' id='block_1_69' title="bbox 2013 1071 3702 1151">
    <p class='ocr_par' dir='ltr' id='par_1_69' title="bbox 2013 1071 3702 1151">
     <span class='ocr_line' id='line_1_69' title="bbox 2013 1071 3702 1151; baseline 0.008 -29"><span class='ocrx_word' id='word_1_511' title='bbox 2013 1071 2229 1124; x_wconf 82' lang='lat' dir='ltr'>«Nolo</span> <span class='ocrx_word' id='word_1_512' title='bbox 2295 1073 2450 1125; x_wconf 90' lang='lat' dir='ltr'>enim</span> <span class='ocrx_word' id='word_1_513' title='bbox 2518 1089 2616 1126; x_wconf 92' lang='lat' dir='ltr'>vos</span> <span class='ocrx_word' id='word_1_514' title='bbox 2701 1073 2988 1143; x_wconf 83' lang='lat' dir='ltr'>ignorare,</span> <span class='ocrx_word' id='word_1_515' title='bbox 3058 1078 3282 1147; x_wconf 86' lang='lat' dir='ltr'>fratres,</span> <span class='ocrx_word' id='word_1_516' title='bbox 3366 1083 3702 1151; x_wconf 86' lang='lat' dir='ltr'>mysterium</span> 
     </span>
    </p>
   </div>
   <div class='ocr_carea' id='block_1_70' title="bbox 2009 1157 3697 1240">
    <p class='ocr_par' dir='ltr' id='par_1_70' title="bbox 2009 1157 3697 1240">
     <span class='ocr_line' id='line_1_70' title="bbox 2009 1157 3697 1240; baseline 0.009 -30"><span class='ocrx_word' id='word_1_517' title='bbox 2009 1157 2135 1226; x_wconf 84' lang='lat' dir='ltr'>hoc,</span> <span class='ocrx_word' id='word_1_518' title='bbox 2185 1165 2246 1212; x_wconf 92' lang='lat' dir='ltr'>ut</span> <span class='ocrx_word' id='word_1_519' title='bbox 2277 1176 2395 1214; x_wconf 89' lang='lat' dir='ltr'>non</span> <span class='ocrx_word' id='word_1_520' title='bbox 2445 1161 2566 1214; x_wconf 89' lang='lat' dir='ltr'>sitis</span> <span class='ocrx_word' id='word_1_521' title='bbox 2619 1162 3040 1235; x_wconf 89' lang='lat' dir='ltr'>vobismetipsis</span> <span class='ocrx_word' id='word_1_522' title='bbox 3091 1167 3376 1238; x_wconf 86' lang='lat' dir='ltr'>sapientes</span> <span class='ocrx_word' id='word_1_523' title='bbox 3417 1171 3550 1240; x_wconf 88' lang='lat' dir='ltr'>quia</span> <span class='ocrx_word' id='word_1_524' title='bbox 3589 1187 3697 1224; x_wconf 74' lang='lat' dir='ltr'>cae-</span> 
     </span>
    </p>
   </div>
   <div class='ocr_carea' id='block_1_71' title="bbox 2011 1247 3702 1330">
    <p class='ocr_par' dir='ltr' id='par_1_71' title="bbox 2011 1247 3702 1330">
     <span class='ocr_line' id='line_1_71' title="bbox 2011 1247 3702 1330; baseline 0.008 -30"><span class='ocrx_word' id='word_1_525' title='bbox 2011 1247 2149 1301; x_wconf 88' lang='lat' dir='ltr'>citas</span> <span class='ocrx_word' id='word_1_526' title='bbox 2175 1265 2240 1301; x_wconf 85' lang='lat' dir='ltr'>ex</span> <span class='ocrx_word' id='word_1_527' title='bbox 2273 1255 2433 1318; x_wconf 89' lang='lat' dir='ltr'>parte</span> <span class='ocrx_word' id='word_1_528' title='bbox 2465 1252 2708 1322; x_wconf 86' lang='lat' dir='ltr'>contigit</span> <span class='ocrx_word' id='word_1_529' title='bbox 2736 1253 2796 1306; x_wconf 90' lang='lat' dir='ltr'>in</span> <span class='ocrx_word' id='word_1_530' title='bbox 2828 1255 2998 1310; x_wconf 89' lang='lat' dir='ltr'>Israel</span> <span class='ocrx_word' id='word_1_531' title='bbox 3031 1255 3213 1309; x_wconf 89' lang='lat' dir='ltr'>donec</span> <span class='ocrx_word' id='word_1_532' title='bbox 3242 1258 3536 1326; x_wconf 88' lang='lat' dir='ltr'>plenitudo</span> <span class='ocrx_word' id='word_1_533' title='bbox 3566 1276 3702 1330; x_wconf 91' lang='lat' dir='ltr'>gen-</span> 
     </span>
    </p>
   </div>
   <div class='ocr_carea' id='block_1_72' title="bbox 2011 1337 3707 1406">
    <p class='ocr_par' dir='ltr' id='par_1_72' title="bbox 2011 1337 3707 1406">
     <span class='ocr_line' id='line_1_72' title="bbox 2011 1337 3707 1406; baseline 0.008 -16"><span class='ocrx_word' id='word_1_534' title='bbox 2011 1337 2157 1390; x_wconf 88' lang='lat' dir='ltr'>tium</span> <span class='ocrx_word' id='word_1_535' title='bbox 2223 1337 2481 1406; x_wconf 89' lang='lat' dir='ltr'>intraret,</span> <span class='ocrx_word' id='word_1_536' title='bbox 2545 1345 2603 1394; x_wconf 89' lang='lat' dir='ltr'>et</span> <span class='ocrx_word' id='word_1_537' title='bbox 2652 1341 2730 1394; x_wconf 90' lang='lat' dir='ltr'>sic</span> <span class='ocrx_word' id='word_1_538' title='bbox 2796 1343 2982 1396; x_wconf 89' lang='lat' dir='ltr'>omnis</span> <span class='ocrx_word' id='word_1_539' title='bbox 3051 1345 3221 1398; x_wconf 87' lang='lat' dir='ltr'>Israel</span> <span class='ocrx_word' id='word_1_540' title='bbox 3289 1347 3477 1400; x_wconf 86' lang='lat' dir='ltr'>salvus</span> <span class='ocrx_word' id='word_1_541' title='bbox 3543 1348 3707 1403; x_wconf 86' lang='lat' dir='ltr'>ﬁeret</span> 
     </span>
    </p>
   </div>
   <div class='ocr_carea' id='block_1_73' title="bbox 2009 1425 2646 1498">
    <p class='ocr_par' dir='ltr' id='par_1_73' title="bbox 2009 1425 2646 1498">
     <span class='ocr_line' id='line_1_73' title="bbox 2009 1425 2646 1498; baseline -0.005 -19"><span class='ocrx_word' id='word_1_542' title='bbox 2009 1425 2187 1495; x_wconf 68' lang='lat' dir='ltr'>(Rem.</span> <span class='ocrx_word' id='word_1_543' title='bbox 2228 1443 2301 1492; x_wconf 72' lang='grc' dir='ltr'>χι,</span> <span class='ocrx_word' id='word_1_544' title='bbox 2333 1429 2422 1493; x_wconf 77' lang='lat'>25,</span> <span class='ocrx_word' id='word_1_545' title='bbox 2454 1429 2588 1498; x_wconf 90' lang='lat'>26).)</span> <span class='ocrx_word' id='word_1_546' title='bbox 2627 1451 2646 1476; x_wconf 75' lang='grc' dir='ltr'>ι</span> 
     </span>
    </p>
   </div>
   <div class='ocr_carea' id='block_1_74' title="bbox 2656 1556 3051 1610">
    <p class='ocr_par' dir='ltr' id='par_1_74' title="bbox 2656 1556 3051 1610">
     <span class='ocr_line' id='line_1_74' title="bbox 2656 1556 3051 1610; baseline 0.005 -4"><span class='ocrx_word' id='word_1_547' title='bbox 2656 1556 2881 1609; x_wconf 77' lang='lat' dir='ltr'>CAPUT</span> <span class='ocrx_word' id='word_1_548' title='bbox 2921 1557 3051 1610; x_wconf 90' lang='lat' dir='ltr'>VllI.</span> 
     </span>
    </p>
   </div>
   <div class='ocr_carea' id='block_1_75' title="bbox 2008 1675 3706 1747">
    <p class='ocr_par' dir='ltr' id='par_1_75' title="bbox 2008 1675 3706 1747">
     <span class='ocr_line' id='line_1_75' title="bbox 2008 1675 3706 1747; baseline 0.005 -19"><span class='ocrx_word' id='word_1_549' title='bbox 2008 1677 2083 1728; x_wconf 88' lang='lat' dir='ltr'>De</span> <span class='ocrx_word' id='word_1_550' title='bbox 2129 1675 2603 1743; x_wconf 63' lang='lat' dir='ltr'>przdcstinatione</span> <span class='ocrx_word' id='word_1_551' title='bbox 2659 1680 3006 1747; x_wconf 82' lang='lat' dir='ltr'>reproborum</span> <span class='ocrx_word' id='word_1_552' title='bbox 3069 1682 3144 1733; x_wconf 80' lang='lat' dir='ltr'>ad</span> <span class='ocrx_word' id='word_1_553' title='bbox 3203 1683 3504 1735; x_wconf 77' lang='lat' dir='ltr'>interitum.</span> <span class='ocrx_word' id='word_1_554' title='bbox 3567 1686 3706 1738; x_wconf 77' lang='lat' dir='ltr'>Prae-</span> 
     </span>
    </p>
   </div>
   <div class='ocr_carea' id='block_1_76' title="bbox 2171 1748 3536 1821">
    <p class='ocr_par' dir='ltr' id='par_1_76' title="bbox 2171 1748 3536 1821">
     <span class='ocr_line' id='line_1_76' title="bbox 2171 1748 3536 1821; baseline 0.007 -23"><span class='ocrx_word' id='word_1_555' title='bbox 2171 1748 2399 1800; x_wconf 76' lang='lat' dir='ltr'>scicntia</span> <span class='ocrx_word' id='word_1_556' title='bbox 2429 1751 2524 1800; x_wconf 76' lang='lat' dir='ltr'>Dei</span> <span class='ocrx_word' id='word_1_557' title='bbox 2553 1750 2760 1803; x_wconf 79' lang='lat' dir='ltr'>nullum</span> <span class='ocrx_word' id='word_1_558' title='bbox 2792 1751 2864 1802; x_wconf 84' lang='lat' dir='ltr'>ad</span> <span class='ocrx_word' id='word_1_559' title='bbox 2888 1752 3221 1818; x_wconf 81' lang='lat' dir='ltr'>peccandum</span> <span class='ocrx_word' id='word_1_560' title='bbox 3251 1755 3536 1821; x_wconf 78' lang='lat' dir='ltr'>compellit.</span> 
     </span>
    </p>
   </div>
   <div class='ocr_carea' id='block_1_77' title="bbox 2081 1871 3702 1947">
    <p class='ocr_par' dir='ltr' id='par_1_77' title="bbox 2081 1871 3702 1947">
     <span class='ocr_line' id='line_1_77' title="bbox 2081 1871 3702 1947; baseline 0.007 -25"><span class='ocrx_word' id='word_1_561' title='bbox 2081 1872 2231 1923; x_wconf 83' lang='lat' dir='ltr'>Hanc</span> <span class='ocrx_word' id='word_1_562' title='bbox 2261 1871 2566 1941; x_wconf 69' lang='lat' dir='ltr'>Scriptura:</span> <span class='ocrx_word' id='word_1_563' title='bbox 2613 1873 2710 1927; x_wconf 90' lang='lat' dir='ltr'>Dei</span> <span class='ocrx_word' id='word_1_564' title='bbox 2746 1875 3063 1942; x_wconf 83' lang='lat' dir='ltr'>veritatem,</span> <span class='ocrx_word' id='word_1_565' title='bbox 3105 1882 3275 1947; x_wconf 89' lang='lat' dir='ltr'>atque</span> <span class='ocrx_word' id='word_1_566' title='bbox 3307 1879 3702 1933; x_wconf 84' lang='lat' dir='ltr'>auctoritatem</span> 
     </span>
    </p>
   </div>
   <div class='ocr_carea' id='block_1_78' title="bbox 2009 1961 3703 2035">
    <p class='ocr_par' dir='ltr' id='par_1_78' title="bbox 2009 1961 3703 2035">
     <span class='ocr_line' id='line_1_78' title="bbox 2009 1961 3703 2035; baseline 0.006 -25"><span class='ocrx_word' id='word_1_567' title='bbox 2009 1965 2234 2012; x_wconf 89' lang='lat' dir='ltr'>secutus</span> <span class='ocrx_word' id='word_1_568' title='bbox 2265 1961 2625 2014; x_wconf 81' lang='lat' dir='ltr'>beatissimus</span> <span class='ocrx_word' id='word_1_569' title='bbox 2669 1964 2851 2024; x_wconf 83' lang='lat' dir='ltr'>Pater,</span> <span class='ocrx_word' id='word_1_570' title='bbox 2891 1969 2944 2016; x_wconf 87' lang='lat' dir='ltr'>et</span> <span class='ocrx_word' id='word_1_571' title='bbox 2977 1965 3238 2034; x_wconf 87' lang='lat' dir='ltr'>egregius</span> <span class='ocrx_word' id='word_1_572' title='bbox 3273 1965 3473 2019; x_wconf 86' lang='lat' dir='ltr'>doctor</span> <span class='ocrx_word' id='word_1_573' title='bbox 3513 1970 3703 2035; x_wconf 83' lang='lat' dir='ltr'>Augu-</span> 
     </span>
    </p>
   </div>
   <div class='ocr_carea' id='block_1_79' title="bbox 2008 2047 3703 2109">
    <p class='ocr_par' dir='ltr' id='par_1_79' title="bbox 2008 2047 3703 2109">
     <span class='ocr_line' id='line_1_79' title="bbox 2008 2047 3703 2109; baseline 0.006 -10"><span class='ocrx_word' id='word_1_574' title='bbox 2008 2047 2212 2109; x_wconf 86' lang='lat' dir='ltr'>stinus,</span> <span class='ocrx_word' id='word_1_575' title='bbox 2251 2053 2302 2101; x_wconf 88' lang='lat' dir='ltr'>et</span> <span class='ocrx_word' id='word_1_576' title='bbox 2353 2049 2421 2101; x_wconf 90' lang='lat' dir='ltr'>de</span> <span class='ocrx_word' id='word_1_577' title='bbox 2456 2051 2959 2106; x_wconf 67' lang='lat' dir='ltr'>Prmdestinatione</span> <span class='ocrx_word' id='word_1_578' title='bbox 3010 2059 3332 2106; x_wconf 85' lang='lat' dir='ltr'>sanctorum</span> <span class='ocrx_word' id='word_1_579' title='bbox 3365 2055 3576 2109; x_wconf 80' lang='lat' dir='ltr'>librum</span> <span class='ocrx_word' id='word_1_580' title='bbox 3621 2057 3703 2108; x_wconf 90' lang='lat' dir='ltr'>lu-</span> 
     </span>
    </p>
   </div>
   <div class='ocr_carea' id='block_1_80' title="bbox 2008 2136 3698 2210">
    <p class='ocr_par' dir='ltr' id='par_1_80' title="bbox 2008 2136 3698 2210">
     <span class='ocr_line' id='line_1_80' title="bbox 2008 2136 3698 2210; baseline 0.007 -23"><span class='ocrx_word' id='word_1_581' title='bbox 2008 2136 2462 2190; x_wconf 87' lang='lat' dir='ltr'>culentissimum</span> <span class='ocrx_word' id='word_1_582' title='bbox 2514 2139 2754 2208; x_wconf 89' lang='lat' dir='ltr'>scripsit,</span> <span class='ocrx_word' id='word_1_583' title='bbox 2792 2146 2844 2194; x_wconf 91' lang='lat' dir='ltr'>et</span> <span class='ocrx_word' id='word_1_584' title='bbox 2874 2141 2943 2195; x_wconf 91' lang='lat' dir='ltr'>de</span> <span class='ocrx_word' id='word_1_585' title='bbox 2995 2142 3494 2210; x_wconf 65' lang='lat' dir='ltr'>praedestinatione</span> <span class='ocrx_word' id='word_1_586' title='bbox 3529 2144 3698 2198; x_wconf 85' lang='lat' dir='ltr'>etiam</span> 
     </span>
    </p>
   </div>
   <div class='ocr_carea' id='block_1_81' title="bbox 2006 2224 3701 2298">
    <p class='ocr_par' dir='ltr' id='par_1_81' title="bbox 2006 2224 3701 2298">
     <span class='ocr_line' id='line_1_81' title="bbox 2006 2224 3701 2298; baseline 0.006 -23"><span class='ocrx_word' id='word_1_587' title='bbox 2006 2224 2384 2294; x_wconf 87' lang='lat' dir='ltr'>reproborum</span> <span class='ocrx_word' id='word_1_588' title='bbox 2404 2225 2560 2294; x_wconf 86' lang='lat' dir='ltr'>justo</span> <span class='ocrx_word' id='word_1_589' title='bbox 2578 2227 2793 2296; x_wconf 90' lang='lat' dir='ltr'>judicio</span> <span class='ocrx_word' id='word_1_590' title='bbox 2820 2228 2917 2281; x_wconf 88' lang='lat' dir='ltr'>Dei</span> <span class='ocrx_word' id='word_1_591' title='bbox 2939 2229 3008 2283; x_wconf 85' lang='lat' dir='ltr'>ad</span> <span class='ocrx_word' id='word_1_592' title='bbox 3031 2229 3345 2297; x_wconf 88' lang='lat' dir='ltr'>interitum,</span> <span class='ocrx_word' id='word_1_593' title='bbox 3369 2237 3425 2284; x_wconf 91' lang='lat' dir='ltr'>et</span> <span class='ocrx_word' id='word_1_594' title='bbox 3446 2231 3543 2298; x_wconf 89' lang='lat' dir='ltr'>ibi,</span> <span class='ocrx_word' id='word_1_595' title='bbox 3569 2238 3623 2286; x_wconf 90' lang='lat' dir='ltr'>et</span> <span class='ocrx_word' id='word_1_596' title='bbox 3641 2234 3701 2287; x_wconf 90' lang='lat' dir='ltr'>in</span> 
     </span>
    </p>
   </div>
   <div class='ocr_carea' id='block_1_82' title="bbox 2009 2310 3698 2383">
    <p class='ocr_par' dir='ltr' id='par_1_82' title="bbox 2009 2310 3698 2383">
     <span class='ocr_line' id='line_1_82' title="bbox 2009 2310 3698 2383; baseline 0.004 -21"><span class='ocrx_word' id='word_1_597' title='bbox 2009 2310 2136 2362; x_wconf 89' lang='lat' dir='ltr'>aliis</span> <span class='ocrx_word' id='word_1_598' title='bbox 2164 2311 2454 2379; x_wconf 84' lang='lat' dir='ltr'>opusculis</span> <span class='ocrx_word' id='word_1_599' title='bbox 2500 2313 2615 2364; x_wconf 88' lang='lat' dir='ltr'>suis</span> <span class='ocrx_word' id='word_1_600' title='bbox 2647 2312 2852 2383; x_wconf 57' lang='lat' dir='ltr'>saepius</span> <span class='ocrx_word' id='word_1_601' title='bbox 2889 2314 3241 2368; x_wconf 82' lang='lat' dir='ltr'>memoravit.</span> <span class='ocrx_word' id='word_1_602' title='bbox 3273 2314 3429 2368; x_wconf 87' lang='lat' dir='ltr'>Sicut</span> <span class='ocrx_word' id='word_1_603' title='bbox 3458 2316 3516 2368; x_wconf 89' lang='lat' dir='ltr'>in</span> <span class='ocrx_word' id='word_1_604' title='bbox 3551 2317 3698 2370; x_wconf 89' lang='lat' dir='ltr'>libro</span> 
     </span>
    </p>
   </div>
   <div class='ocr_carea' id='block_1_83' title="bbox 2007 2399 3698 2473">
    <p class='ocr_par' dir='ltr' id='par_1_83' title="bbox 2007 2399 3698 2473">
     <span class='ocr_line' id='line_1_83' title="bbox 2007 2399 3698 2473; baseline 0.005 -23"><span class='ocrx_word' id='word_1_605' title='bbox 2007 2399 2075 2451; x_wconf 91' lang='lat' dir='ltr'>de</span> <span class='ocrx_word' id='word_1_606' title='bbox 2107 2400 2452 2454; x_wconf 85' lang='lat' dir='ltr'>Perfectione</span> <span class='ocrx_word' id='word_1_607' title='bbox 2505 2401 2743 2470; x_wconf 75' lang='lat' dir='ltr'>justitize</span> <span class='ocrx_word' id='word_1_608' title='bbox 2791 2402 3038 2456; x_wconf 89' lang='lat' dir='ltr'>hominis</span> <span class='ocrx_word' id='word_1_609' title='bbox 3096 2403 3235 2473; x_wconf 83' lang='lat' dir='ltr'>(cap.</span> <span class='ocrx_word' id='word_1_610' title='bbox 3285 2405 3399 2471; x_wconf 77' lang='lat' dir='ltr'>xui)</span> <span class='ocrx_word' id='word_1_611' title='bbox 3452 2406 3698 2459; x_wconf 88' lang='lat' dir='ltr'>manife-</span> 
     </span>
    </p>
   </div>
   <div class='ocr_carea' id='block_1_84' title="bbox 2007 2485 3699 2560">
    <p class='ocr_par' dir='ltr' id='par_1_84' title="bbox 2007 2485 3699 2560">
     <span class='ocr_line' id='line_1_84' title="bbox 2007 2485 3699 2560; baseline 0.005 -24"><span class='ocrx_word' id='word_1_612' title='bbox 2007 2485 2252 2538; x_wconf 90' lang='lat' dir='ltr'>stissime</span> <span class='ocrx_word' id='word_1_613' title='bbox 2317 2487 2580 2552; x_wconf 88' lang='lat' dir='ltr'>ostendit,</span> <span class='ocrx_word' id='word_1_614' title='bbox 2647 2487 2838 2541; x_wconf 90' lang='lat' dir='ltr'>dicens</span> <span class='ocrx_word' id='word_1_615' title='bbox 2882 2489 3247 2557; x_wconf 83' lang='lat' dir='ltr'>:[Quomodo</span> <span class='ocrx_word' id='word_1_616' title='bbox 3295 2507 3432 2560; x_wconf 86' lang='lat' dir='ltr'>ergo</span> <span class='ocrx_word' id='word_1_617' title='bbox 3482 2491 3699 2544; x_wconf 87' lang='lat' dir='ltr'>dictum</span> 
     </span>
    </p>
   </div>
   <div class='ocr_carea' id='block_1_85' title="bbox 2007 2575 3701 2650">
    <p class='ocr_par' dir='ltr' id='par_1_85' title="bbox 2007 2575 3701 2650">
     <span class='ocr_line' id='line_1_85' title="bbox 2007 2575 3701 2650; baseline 0.005 -24"><span class='ocrx_word' id='word_1_618' title='bbox 2007 2579 2131 2627; x_wconf 90' lang='lat' dir='ltr'>est:</span> <span class='ocrx_word' id='word_1_619' title='bbox 2169 2596 2194 2621; x_wconf 89' lang='grc'><strong>‹‹</strong></span> <span class='ocrx_word' id='word_1_620' title='bbox 2247 2575 2369 2627; x_wconf 86' lang='lat' dir='ltr'>Non</span> <span class='ocrx_word' id='word_1_621' title='bbox 2403 2579 2488 2628; x_wconf 90' lang='lat' dir='ltr'>est</span> <span class='ocrx_word' id='word_1_622' title='bbox 2531 2576 2631 2646; x_wconf 90' lang='lat' dir='ltr'>qui</span> <span class='ocrx_word' id='word_1_623' title='bbox 2672 2577 2840 2630; x_wconf 90' lang='lat' dir='ltr'>faciat</span> <span class='ocrx_word' id='word_1_624' title='bbox 2869 2577 3102 2643; x_wconf 86' lang='lat' dir='ltr'>bonum,</span> <span class='ocrx_word' id='word_1_625' title='bbox 3155 2594 3271 2632; x_wconf 90' lang='lat' dir='ltr'>non</span> <span class='ocrx_word' id='word_1_626' title='bbox 3306 2585 3390 2632; x_wconf 88' lang='lat' dir='ltr'>est</span> <span class='ocrx_word' id='word_1_627' title='bbox 3418 2595 3599 2650; x_wconf 90' lang='lat' dir='ltr'>usque</span> <span class='ocrx_word' id='word_1_628' title='bbox 3631 2581 3701 2634; x_wconf 88' lang='lat' dir='ltr'>ad</span> 
     </span>
    </p>
   </div>
   <div class='ocr_carea' id='block_1_86' title="bbox 2009 2664 3700 2738">
    <p class='ocr_par' dir='ltr' id='par_1_86' title="bbox 2009 2664 3700 2738">
     <span class='ocr_line' id='line_1_86' title="bbox 2009 2664 3700 2738; baseline 0.004 -24"><span class='ocrx_word' id='word_1_629' title='bbox 2009 2678 2186 2714; x_wconf 91' lang='lat' dir='ltr'>unum</span> <span class='ocrx_word' id='word_1_630' title='bbox 2220 2665 2387 2731; x_wconf 81' lang='lat' dir='ltr'>(Psal.</span> <span class='ocrx_word' id='word_1_631' title='bbox 2418 2680 2537 2728; x_wconf 79' lang='lat' dir='ltr'>xm,</span> <span class='ocrx_word' id='word_1_632' title='bbox 2573 2668 2618 2731; x_wconf 85' lang='lat' dir='ltr'>l,</span> <span class='ocrx_word' id='word_1_633' title='bbox 2667 2664 2746 2734; x_wconf 89' lang='lat'>2),</span> <span class='ocrx_word' id='word_1_634' title='bbox 2787 2684 2814 2716; x_wconf 90' lang='lat'>»</span> <span class='ocrx_word' id='word_1_635' title='bbox 2847 2665 2956 2718; x_wconf 87' lang='lat' dir='ltr'>nisi</span> <span class='ocrx_word' id='word_1_636' title='bbox 3005 2667 3139 2736; x_wconf 89' lang='lat' dir='ltr'>quia</span> <span class='ocrx_word' id='word_1_637' title='bbox 3169 2667 3446 2736; x_wconf 89' lang='lat' dir='ltr'>populum</span> <span class='ocrx_word' id='word_1_638' title='bbox 3500 2684 3700 2738; x_wconf 90' lang='lat' dir='ltr'>quem-</span> 
     </span>
    </p>
   </div>
   <div class='ocr_carea' id='block_1_87' title="bbox 2008 2751 3701 2826">
    <p class='ocr_par' dir='ltr' id='par_1_87' title="bbox 2008 2751 3701 2826">
     <span class='ocr_line' id='line_1_87' title="bbox 2008 2751 3701 2826; baseline 0.002 -22"><span class='ocrx_word' id='word_1_639' title='bbox 2008 2751 2138 2804; x_wconf 90' lang='lat' dir='ltr'>dam</span> <span class='ocrx_word' id='word_1_640' title='bbox 2170 2751 2423 2821; x_wconf 84' lang='lat' dir='ltr'>psalmus</span> <span class='ocrx_word' id='word_1_641' title='bbox 2467 2752 2563 2806; x_wconf 93' lang='lat' dir='ltr'>ille</span> <span class='ocrx_word' id='word_1_642' title='bbox 2602 2753 2816 2822; x_wconf 83' lang='lat' dir='ltr'>culpat,</span> <span class='ocrx_word' id='word_1_643' title='bbox 2869 2755 2926 2807; x_wconf 89' lang='lat' dir='ltr'>in</span> <span class='ocrx_word' id='word_1_644' title='bbox 2959 2771 3074 2824; x_wconf 91' lang='lat' dir='ltr'>quo</span> <span class='ocrx_word' id='word_1_645' title='bbox 3121 2771 3225 2808; x_wconf 90' lang='lat' dir='ltr'>nec</span> <span class='ocrx_word' id='word_1_646' title='bbox 3252 2772 3400 2809; x_wconf 88' lang='lat' dir='ltr'>unus</span> <span class='ocrx_word' id='word_1_647' title='bbox 3448 2762 3569 2810; x_wconf 89' lang='lat' dir='ltr'>erat</span> <span class='ocrx_word' id='word_1_648' title='bbox 3602 2756 3701 2826; x_wconf 89' lang='lat' dir='ltr'>qui</span> 
     </span>
    </p>
   </div>
   <div class='ocr_carea' id='block_1_88' title="bbox 2005 2838 3698 2913">
    <p class='ocr_par' dir='ltr' id='par_1_88' title="bbox 2005 2838 3698 2913">
     <span class='ocr_line' id='line_1_88' title="bbox 2005 2838 3698 2913; baseline 0.004 -22"><span class='ocrx_word' id='word_1_649' title='bbox 2005 2838 2214 2892; x_wconf 88' lang='lat' dir='ltr'>faceret</span> <span class='ocrx_word' id='word_1_650' title='bbox 2239 2840 2474 2907; x_wconf 90' lang='lat' dir='ltr'>bonum,</span> <span class='ocrx_word' id='word_1_651' title='bbox 2507 2841 2644 2894; x_wconf 89' lang='lat' dir='ltr'>dum</span> <span class='ocrx_word' id='word_1_652' title='bbox 2678 2843 2876 2894; x_wconf 88' lang='lat' dir='ltr'>volunt</span> <span class='ocrx_word' id='word_1_653' title='bbox 2908 2858 3205 2896; x_wconf 75' lang='lat' dir='ltr'>remanere</span> <span class='ocrx_word' id='word_1_654' title='bbox 3238 2843 3340 2896; x_wconf 84' lang='lat' dir='ltr'>ﬁlii</span> <span class='ocrx_word' id='word_1_655' title='bbox 3373 2844 3698 2913; x_wconf 89' lang='lat' dir='ltr'>hominum,</span> 
     </span>
    </p>
   </div>
   <div class='ocr_carea' id='block_1_89' title="bbox 2006 2927 3702 3000">
    <p class='ocr_par' dir='ltr' id='par_1_89' title="bbox 2006 2927 3702 3000">
     <span class='ocr_line' id='line_1_89' title="bbox 2006 2927 3702 3000; baseline 0.003 -20"><span class='ocrx_word' id='word_1_656' title='bbox 2006 2931 2060 2980; x_wconf 84' lang='lat' dir='ltr'>et</span> <span class='ocrx_word' id='word_1_657' title='bbox 2089 2944 2198 2980; x_wconf 89' lang='lat' dir='ltr'>non</span> <span class='ocrx_word' id='word_1_658' title='bbox 2232 2945 2352 2981; x_wconf 86' lang='lat' dir='ltr'>esse</span> <span class='ocrx_word' id='word_1_659' title='bbox 2382 2927 2485 2981; x_wconf 81' lang='lat' dir='ltr'>ﬁlii</span> <span class='ocrx_word' id='word_1_660' title='bbox 2526 2929 2646 2994; x_wconf 88' lang='lat' dir='ltr'>Dei,</span> <span class='ocrx_word' id='word_1_661' title='bbox 2683 2931 2843 2999; x_wconf 91' lang='lat' dir='ltr'>cujus</span> <span class='ocrx_word' id='word_1_662' title='bbox 2873 2930 3057 3000; x_wconf 89' lang='lat' dir='ltr'>gratia</span> <span class='ocrx_word' id='word_1_663' title='bbox 3102 2931 3276 2983; x_wconf 90' lang='lat' dir='ltr'>homo</span> <span class='ocrx_word' id='word_1_664' title='bbox 3308 2931 3372 2984; x_wconf 87' lang='lat' dir='ltr'>fit</span> <span class='ocrx_word' id='word_1_665' title='bbox 3399 2931 3602 2998; x_wconf 90' lang='lat' dir='ltr'>bonus,</span> <span class='ocrx_word' id='word_1_666' title='bbox 3637 2937 3702 2986; x_wconf 89' lang='lat' dir='ltr'>ut</span> 
     </span>
    </p>
   </div>
   <div class='ocr_carea' id='block_1_90' title="bbox 2005 3014 3696 3090">
    <p class='ocr_par' dir='ltr' id='par_1_90' title="bbox 2005 3014 3696 3090">
     <span class='ocr_line' id='line_1_90' title="bbox 2005 3014 3696 3090; baseline 0.004 -23"><span class='ocrx_word' id='word_1_667' title='bbox 2005 3015 2174 3068; x_wconf 87' lang='lat' dir='ltr'>faciat</span> <span class='ocrx_word' id='word_1_668' title='bbox 2207 3014 2479 3087; x_wconf 72' lang='lat' dir='ltr'>bonum?)</span> <span class='ocrx_word' id='word_1_669' title='bbox 2512 3018 2576 3069; x_wconf 89' lang='lat' dir='ltr'>Et</span> <span class='ocrx_word' id='word_1_670' title='bbox 2603 3022 2732 3086; x_wconf 90' lang='lat' dir='ltr'>post</span> <span class='ocrx_word' id='word_1_671' title='bbox 2758 3019 3054 3087; x_wconf 89' lang='lat' dir='ltr'>paululum</span> <span class='ocrx_word' id='word_1_672' title='bbox 3087 3035 3098 3071; x_wconf 93' lang='lat'><strong>:</strong></span> <span class='ocrx_word' id='word_1_673' title='bbox 3140 3017 3273 3089; x_wconf 78' lang='lat' dir='ltr'>[Hoc</span> <span class='ocrx_word' id='word_1_674' title='bbox 3295 3035 3452 3089; x_wconf 87' lang='lat' dir='ltr'>ergo,</span> <span class='ocrx_word' id='word_1_675' title='bbox 3488 3019 3696 3090; x_wconf 89' lang='lat' dir='ltr'>inquit,</span> 
     </span>
    </p>
   </div>
   <div class='ocr_carea' id='block_1_91' title="bbox 2007 3106 3698 3180">
    <p class='ocr_par' dir='ltr' id='par_1_91' title="bbox 2007 3106 3698 3180">
     <span class='ocr_line' id='line_1_91' title="bbox 2007 3106 3698 3180; baseline 0.003 -22"><span class='ocrx_word' id='word_1_676' title='bbox 2007 3106 2243 3171; x_wconf 88' lang='lat' dir='ltr'>bonum,</span> <span class='ocrx_word' id='word_1_677' title='bbox 2296 3106 2448 3175; x_wconf 91' lang='lat' dir='ltr'>quod</span> <span class='ocrx_word' id='word_1_678' title='bbox 2500 3110 2582 3158; x_wconf 90' lang='lat' dir='ltr'>est</span> <span class='ocrx_word' id='word_1_679' title='bbox 2630 3107 2923 3177; x_wconf 89' lang='lat' dir='ltr'>requirere</span> <span class='ocrx_word' id='word_1_680' title='bbox 2977 3108 3174 3174; x_wconf 91' lang='lat' dir='ltr'>Deum,</span> <span class='ocrx_word' id='word_1_681' title='bbox 3211 3129 3238 3156; x_wconf 83' lang='lat'><strong>«</strong></span> <span class='ocrx_word' id='word_1_682' title='bbox 3287 3125 3402 3162; x_wconf 90' lang='lat' dir='ltr'>non</span> <span class='ocrx_word' id='word_1_683' title='bbox 3433 3114 3554 3162; x_wconf 88' lang='lat' dir='ltr'>erat</span> <span class='ocrx_word' id='word_1_684' title='bbox 3599 3109 3698 3180; x_wconf 90' lang='lat' dir='ltr'>qui</span> 
     </span>
    </p>
   </div>
   <div class='ocr_carea' id='block_1_92' title="bbox 2005 3193 3698 3267">
    <p class='ocr_par' dir='ltr' id='par_1_92' title="bbox 2005 3193 3698 3267">
     <span class='ocr_line' id='line_1_92' title="bbox 2005 3193 3698 3267; baseline 0.002 -21"><span class='ocrx_word' id='word_1_685' title='bbox 2005 3193 2233 3259; x_wconf 87' lang='lat' dir='ltr'>faceret,</span> <span class='ocrx_word' id='word_1_686' title='bbox 2267 3209 2381 3247; x_wconf 93' lang='lat' dir='ltr'>non</span> <span class='ocrx_word' id='word_1_687' title='bbox 2414 3198 2535 3247; x_wconf 89' lang='lat' dir='ltr'>erat</span> <span class='ocrx_word' id='word_1_688' title='bbox 2567 3211 2746 3265; x_wconf 89' lang='lat' dir='ltr'>usque</span> <span class='ocrx_word' id='word_1_689' title='bbox 2779 3196 2848 3249; x_wconf 91' lang='lat' dir='ltr'>ad</span> <span class='ocrx_word' id='word_1_690' title='bbox 2885 3213 3084 3262; x_wconf 91' lang='lat' dir='ltr'>unum,</span> <span class='ocrx_word' id='word_1_691' title='bbox 3120 3217 3147 3244; x_wconf 85' lang='lat'>»</span> <span class='ocrx_word' id='word_1_692' title='bbox 3179 3196 3276 3250; x_wconf 86' lang='lat' dir='ltr'>sed</span> <span class='ocrx_word' id='word_1_693' title='bbox 3310 3197 3368 3250; x_wconf 90' lang='lat' dir='ltr'>in</span> <span class='ocrx_word' id='word_1_694' title='bbox 3398 3213 3464 3250; x_wconf 91' lang='lat' dir='ltr'>eo</span> <span class='ocrx_word' id='word_1_695' title='bbox 3490 3214 3698 3267; x_wconf 86' lang='lat' dir='ltr'>genere</span> 
     </span>
    </p>
   </div>
   <div class='ocr_carea' id='block_1_93' title="bbox 2005 3281 3694 3354">
    <p class='ocr_par' dir='ltr' id='par_1_93' title="bbox 2005 3281 3694 3354">
     <span class='ocr_line' id='line_1_93' title="bbox 2005 3281 3694 3354; baseline 0.003 -20"><span class='ocrx_word' id='word_1_696' title='bbox 2005 3281 2327 3348; x_wconf 91' lang='lat' dir='ltr'>hominum,</span> <span class='ocrx_word' id='word_1_697' title='bbox 2397 3283 2549 3352; x_wconf 92' lang='lat' dir='ltr'>quod</span> <span class='ocrx_word' id='word_1_698' title='bbox 2600 3283 3069 3354; x_wconf 65' lang='lat' dir='ltr'>prazdestinatum</span> <span class='ocrx_word' id='word_1_699' title='bbox 3115 3290 3201 3338; x_wconf 89' lang='lat' dir='ltr'>est</span> <span class='ocrx_word' id='word_1_700' title='bbox 3244 3285 3311 3338; x_wconf 91' lang='lat' dir='ltr'>ad</span> <span class='ocrx_word' id='word_1_701' title='bbox 3377 3285 3694 3341; x_wconf 90' lang='lat' dir='ltr'>interitum.</span> 
     </span>
    </p>
   </div>
   <div class='ocr_carea' id='block_1_94' title="bbox 2007 3371 3696 3444">
    <p class='ocr_par' dir='ltr' id='par_1_94' title="bbox 2007 3371 3696 3444">
     <span class='ocr_line' id='line_1_94' title="bbox 2007 3371 3696 3444; baseline 0.002 -19"><span class='ocrx_word' id='word_1_702' title='bbox 2007 3371 2188 3440; x_wconf 89' lang='lat' dir='ltr'>Super</span> <span class='ocrx_word' id='word_1_703' title='bbox 2238 3371 2338 3424; x_wconf 90' lang='lat' dir='ltr'>hos</span> <span class='ocrx_word' id='word_1_704' title='bbox 2387 3372 2538 3425; x_wconf 89' lang='lat' dir='ltr'>enim</span> <span class='ocrx_word' id='word_1_705' title='bbox 2571 3373 2817 3441; x_wconf 83' lang='lat' dir='ltr'>respexit</span> <span class='ocrx_word' id='word_1_706' title='bbox 2850 3373 2947 3426; x_wconf 91' lang='lat' dir='ltr'>Dei</span> <span class='ocrx_word' id='word_1_707' title='bbox 2994 3373 3371 3442; x_wconf 68' lang='lat' dir='ltr'>praescientia,</span> <span class='ocrx_word' id='word_1_708' title='bbox 3424 3375 3696 3444; x_wconf 90' lang='lat' dir='ltr'>protulit-</span> 
     </span>
    </p>
   </div>
   <div class='ocr_carea' id='block_1_95' title="bbox 2008 3447 3697 3530">
    <p class='ocr_par' dir='ltr' id='par_1_95' title="bbox 2008 3447 3697 3530">
     <span class='ocr_line' id='line_1_95' title="bbox 2008 3447 3697 3530; baseline 0.002 -18"><span class='ocrx_word' id='word_1_709' title='bbox 2008 3475 2119 3529; x_wconf 91' lang='lat' dir='ltr'>que</span> <span class='ocrx_word' id='word_1_710' title='bbox 2154 3459 2542 3530; x_wconf 84' lang='lat' dir='ltr'>sententiam.]</span> <span class='ocrx_word' id='word_1_711' title='bbox 2575 3463 2735 3526; x_wconf 91' lang='lat' dir='ltr'>Item,</span> <span class='ocrx_word' id='word_1_712' title='bbox 2773 3462 2842 3514; x_wconf 91' lang='lat' dir='ltr'>de</span> <span class='ocrx_word' id='word_1_713' title='bbox 2876 3447 3115 3516; x_wconf 86' lang='lat' dir='ltr'>Civitate</span> <span class='ocrx_word' id='word_1_714' title='bbox 3149 3463 3268 3529; x_wconf 90' lang='lat' dir='ltr'>Dei,</span> <span class='ocrx_word' id='word_1_715' title='bbox 3305 3463 3448 3516; x_wconf 88' lang='lat' dir='ltr'>libro</span> <span class='ocrx_word' id='word_1_716' title='bbox 3478 3463 3697 3516; x_wconf 88' lang='lat' dir='ltr'>decimo</span> 
     </span>
    </p>
   </div>
   <div class='ocr_carea' id='block_1_96' title="bbox 2008 3547 3697 3621">
    <p class='ocr_par' dir='ltr' id='par_1_96' title="bbox 2008 3547 3697 3621">
     <span class='ocr_line' id='line_1_96' title="bbox 2008 3547 3697 3621; baseline 0.002 -20"><span class='ocrx_word' id='word_1_717' title='bbox 2008 3547 2211 3616; x_wconf 90' lang='lat' dir='ltr'>quinto</span> <span class='ocrx_word' id='word_1_718' title='bbox 2246 3549 2383 3616; x_wconf 87' lang='lat' dir='ltr'>(cap.</span> <span class='ocrx_word' id='word_1_719' title='bbox 2433 3551 2518 3617; x_wconf 77' lang='lat'>25)</span> <span class='ocrx_word' id='word_1_720' title='bbox 2550 3565 2563 3602; x_wconf 88' lang='lat'>:</span> <span class='ocrx_word' id='word_1_721' title='bbox 2598 3548 2730 3620; x_wconf 65' lang='grc' dir='ltr'>μεθ,</span> <span class='ocrx_word' id='word_1_722' title='bbox 2773 3550 2979 3619; x_wconf 84' lang='lat' dir='ltr'>inquit,</span> <span class='ocrx_word' id='word_1_723' title='bbox 3034 3551 3132 3604; x_wconf 91' lang='lat' dir='ltr'>Dei</span> <span class='ocrx_word' id='word_1_724' title='bbox 3174 3566 3295 3604; x_wconf 86' lang='lat' dir='ltr'>non</span> <span class='ocrx_word' id='word_1_725' title='bbox 3342 3551 3697 3621; x_wconf 89' lang='lat' dir='ltr'>perturbatio</span> 
     </span>
    </p>
   </div>
   <div class='ocr_carea' id='block_1_97' title="bbox 2009 3635 3701 3707">
    <p class='ocr_par' dir='ltr' id='par_1_97' title="bbox 2009 3635 3701 3707">
     <span class='ocr_line' id='line_1_97' title="bbox 2009 3635 3701 3707; baseline 0.002 -20"><span class='ocrx_word' id='word_1_726' title='bbox 2009 3635 2189 3688; x_wconf 90' lang='lat' dir='ltr'>animi</span> <span class='ocrx_word' id='word_1_727' title='bbox 2233 3637 2356 3704; x_wconf 86' lang='lat' dir='ltr'>ejus</span> <span class='ocrx_word' id='word_1_728' title='bbox 2402 3640 2502 3700; x_wconf 89' lang='lat' dir='ltr'>est,</span> <span class='ocrx_word' id='word_1_729' title='bbox 2558 3636 2656 3689; x_wconf 88' lang='lat' dir='ltr'>sed</span> <span class='ocrx_word' id='word_1_730' title='bbox 2695 3636 3000 3705; x_wconf 90' lang='lat' dir='ltr'>judicium,</span> <span class='ocrx_word' id='word_1_731' title='bbox 3051 3652 3164 3706; x_wconf 92' lang='lat' dir='ltr'>quo</span> <span class='ocrx_word' id='word_1_732' title='bbox 3213 3638 3502 3706; x_wconf 88' lang='lat' dir='ltr'>irrogatur</span> <span class='ocrx_word' id='word_1_733' title='bbox 3532 3653 3701 3707; x_wconf 72' lang='lat' dir='ltr'>poena</span> 
     </span>
    </p>
   </div>
   <div class='ocr_carea' id='block_1_98' title="bbox 2006 3724 3700 3795">
    <p class='ocr_par' dir='ltr' id='par_1_98' title="bbox 2006 3724 3700 3795">
     <span class='ocr_line' id='line_1_98' title="bbox 2006 3724 3700 3795; baseline 0.001 -19"><span class='ocrx_word' id='word_1_734' title='bbox 2006 3729 2237 3793; x_wconf 91' lang='lat' dir='ltr'>peccato</span> <span class='ocrx_word' id='word_1_735' title='bbox 2289 3739 2302 3777; x_wconf 89' lang='lat'><strong>:</strong></span> <span class='ocrx_word' id='word_1_736' title='bbox 2337 3724 2608 3793; x_wconf 87' lang='lat' dir='ltr'>cogitatio</span> <span class='ocrx_word' id='word_1_737' title='bbox 2645 3741 2774 3777; x_wconf 88' lang='lat' dir='ltr'>vero</span> <span class='ocrx_word' id='word_1_738' title='bbox 2807 3725 2950 3794; x_wconf 88' lang='lat' dir='ltr'>ejus,</span> <span class='ocrx_word' id='word_1_739' title='bbox 2985 3730 3042 3778; x_wconf 90' lang='lat' dir='ltr'>et</span> <span class='ocrx_word' id='word_1_740' title='bbox 3088 3726 3423 3795; x_wconf 87' lang='lat' dir='ltr'>recogitatio</span> <span class='ocrx_word' id='word_1_741' title='bbox 3474 3737 3700 3780; x_wconf 88' lang='lat' dir='ltr'>mutan-</span> 
     </span>
    </p>
   </div>
   <div class='ocr_carea' id='block_1_99' title="bbox 2007 3811 3701 3882">
    <p class='ocr_par' dir='ltr' id='par_1_99' title="bbox 2007 3811 3701 3882">
     <span class='ocr_line' id='line_1_99' title="bbox 2007 3811 3701 3882; baseline 0.001 -17"><span class='ocrx_word' id='word_1_742' title='bbox 2007 3811 2210 3865; x_wconf 89' lang='lat' dir='ltr'>darum</span> <span class='ocrx_word' id='word_1_743' title='bbox 2259 3829 2452 3865; x_wconf 87' lang='lat' dir='ltr'>rerum</span> <span class='ocrx_word' id='word_1_744' title='bbox 2495 3819 2580 3865; x_wconf 88' lang='lat' dir='ltr'>est</span> <span class='ocrx_word' id='word_1_745' title='bbox 2641 3811 3018 3866; x_wconf 89' lang='lat' dir='ltr'>immutabilis</span> <span class='ocrx_word' id='word_1_746' title='bbox 3066 3813 3234 3866; x_wconf 88' lang='lat' dir='ltr'>ratio.</span> <span class='ocrx_word' id='word_1_747' title='bbox 3301 3813 3498 3882; x_wconf 89' lang='lat' dir='ltr'>Neque</span> <span class='ocrx_word' id='word_1_748' title='bbox 3546 3813 3701 3866; x_wconf 89' lang='lat' dir='ltr'>enim</span> 
     </span>
    </p>
   </div>
   <div class='ocr_carea' id='block_1_100' title="bbox 2007 3900 3700 3972">
    <p class='ocr_par' dir='ltr' id='par_1_100' title="bbox 2007 3900 3700 3972">
     <span class='ocr_line' id='line_1_100' title="bbox 2007 3900 3700 3972; baseline 0 -18"><span class='ocrx_word' id='word_1_749' title='bbox 2007 3901 2151 3954; x_wconf 90' lang='lat' dir='ltr'>sicut</span> <span class='ocrx_word' id='word_1_750' title='bbox 2191 3900 2505 3967; x_wconf 87' lang='lat' dir='ltr'>hominem,</span> <span class='ocrx_word' id='word_1_751' title='bbox 2541 3901 2618 3954; x_wconf 89' lang='lat' dir='ltr'>ita</span> <span class='ocrx_word' id='word_1_752' title='bbox 2647 3903 2825 3955; x_wconf 91' lang='lat' dir='ltr'>Deum</span> <span class='ocrx_word' id='word_1_753' title='bbox 2859 3902 3194 3970; x_wconf 84' lang='lat' dir='ltr'>cujusquam</span> <span class='ocrx_word' id='word_1_754' title='bbox 3239 3901 3371 3954; x_wconf 87' lang='lat' dir='ltr'>facti</span> <span class='ocrx_word' id='word_1_755' title='bbox 3403 3901 3489 3954; x_wconf 92' lang='lat' dir='ltr'>sui</span> <span class='ocrx_word' id='word_1_756' title='bbox 3523 3903 3700 3972; x_wconf 78' lang='lat' dir='ltr'>pomi-</span> 
     </span>
    </p>
   </div>
   <div class='ocr_carea' id='block_1_101' title="bbox 2006 3989 3700 4059">
    <p class='ocr_par' dir='ltr' id='par_1_101' title="bbox 2006 3989 3700 4059">
     <span class='ocr_line' id='line_1_101' title="bbox 2006 3989 3700 4059; baseline 0.001 -16"><span class='ocrx_word' id='word_1_757' title='bbox 2006 3992 2128 4043; x_wconf 89' lang='lat' dir='ltr'>tet:</span> <span class='ocrx_word' id='word_1_758' title='bbox 2165 3990 2325 4059; x_wconf 90' lang='lat' dir='ltr'>cujus</span> <span class='ocrx_word' id='word_1_759' title='bbox 2367 3994 2452 4042; x_wconf 92' lang='lat' dir='ltr'>est</span> <span class='ocrx_word' id='word_1_760' title='bbox 2483 3990 2550 4043; x_wconf 91' lang='lat' dir='ltr'>de</span> <span class='ocrx_word' id='word_1_761' title='bbox 2616 3989 2881 4043; x_wconf 90' lang='lat' dir='ltr'>omnibus</span> <span class='ocrx_word' id='word_1_762' title='bbox 2922 3989 3155 4044; x_wconf 89' lang='lat' dir='ltr'>omnino</span> <span class='ocrx_word' id='word_1_763' title='bbox 3207 3990 3376 4043; x_wconf 89' lang='lat' dir='ltr'>rebus</span> <span class='ocrx_word' id='word_1_764' title='bbox 3422 3995 3536 4043; x_wconf 85' lang='lat' dir='ltr'>tam</span> <span class='ocrx_word' id='word_1_765' title='bbox 3585 3989 3700 4044; x_wconf 83' lang='lat' dir='ltr'>ﬁxa</span> 
     </span>
    </p>
   </div>
   <div class='ocr_carea' id='block_1_102' title="bbox 2008 4078 3700 4148">
    <p class='ocr_par' dir='ltr' id='par_1_102' title="bbox 2008 4078 3700 4148">
     <span class='ocr_line' id='line_1_102' title="bbox 2008 4078 3700 4148; baseline -0.001 -17"><span class='ocrx_word' id='word_1_766' title='bbox 2008 4079 2311 4140; x_wconf 87' lang='lat' dir='ltr'>sententia,</span> <span class='ocrx_word' id='word_1_767' title='bbox 2363 4095 2534 4148; x_wconf 90' lang='lat' dir='ltr'>quam</span> <span class='ocrx_word' id='word_1_768' title='bbox 2591 4082 2742 4131; x_wconf 86' lang='lat' dir='ltr'>certa</span> <span class='ocrx_word' id='word_1_769' title='bbox 2799 4078 3201 4147; x_wconf 65' lang='lat' dir='ltr'>prtescientia.)</span> <span class='ocrx_word' id='word_1_770' title='bbox 3261 4079 3319 4130; x_wconf 93' lang='lat' dir='ltr'>In</span> <span class='ocrx_word' id='word_1_771' title='bbox 3368 4078 3700 4132; x_wconf 87' lang='lat' dir='ltr'>tractatibus</span> 
     </span>
    </p>
   </div>
   <div class='ocr_carea' id='block_1_103' title="bbox 2009 4166 3699 4238">
    <p class='ocr_par' dir='ltr' id='par_1_103' title="bbox 2009 4166 3699 4238">
     <span class='ocr_line' id='line_1_103' title="bbox 2009 4166 3699 4238; baseline 0.001 -19"><span class='ocrx_word' id='word_1_772' title='bbox 2009 4183 2239 4238; x_wconf 90' lang='lat' dir='ltr'>quoque</span> <span class='ocrx_word' id='word_1_773' title='bbox 2263 4183 2404 4237; x_wconf 89' lang='lat' dir='ltr'>quos</span> <span class='ocrx_word' id='word_1_774' title='bbox 2436 4166 2495 4219; x_wconf 89' lang='lat' dir='ltr'>in</span> <span class='ocrx_word' id='word_1_775' title='bbox 2529 4166 2942 4236; x_wconf 82' lang='lat' dir='ltr'>expositionem</span> <span class='ocrx_word' id='word_1_776' title='bbox 2978 4167 3211 4220; x_wconf 86' lang='lat' dir='ltr'>Joannis</span> <span class='ocrx_word' id='word_1_777' title='bbox 3239 4166 3600 4235; x_wconf 64' lang='lat' dir='ltr'>evangelista:</span> <span class='ocrx_word' id='word_1_778' title='bbox 3628 4167 3699 4220; x_wconf 90' lang='lat' dir='ltr'>ad</span> 
     </span>
    </p>
   </div>
   <div class='ocr_carea' id='block_1_104' title="bbox 2008 4255 3697 4326">
    <p class='ocr_par' dir='ltr' id='par_1_104' title="bbox 2008 4255 3697 4326">
     <span class='ocr_line' id='line_1_104' title="bbox 2008 4255 3697 4326; baseline -0.001 -17"><span class='ocrx_word' id='word_1_779' title='bbox 2008 4257 2286 4326; x_wconf 89' lang='lat' dir='ltr'>populum</span> <span class='ocrx_word' id='word_1_780' title='bbox 2333 4255 2610 4326; x_wconf 86' lang='lat' dir='ltr'>loquitur,</span> <span class='ocrx_word' id='word_1_781' title='bbox 2677 4255 2745 4309; x_wconf 92' lang='lat' dir='ltr'>de</span> <span class='ocrx_word' id='word_1_782' title='bbox 2798 4256 2901 4309; x_wconf 87' lang='lat' dir='ltr'>hac</span> <span class='ocrx_word' id='word_1_783' title='bbox 2951 4272 3008 4308; x_wconf 95' lang='lat' dir='ltr'>re</span> <span class='ocrx_word' id='word_1_784' title='bbox 3040 4255 3119 4308; x_wconf 89' lang='lat' dir='ltr'>ita</span> <span class='ocrx_word' id='word_1_785' title='bbox 3163 4255 3300 4308; x_wconf 87' lang='lat' dir='ltr'>dicit</span> <span class='ocrx_word' id='word_1_786' title='bbox 3345 4258 3549 4320; x_wconf 82' lang='lat' dir='ltr'>(Tract.</span> <span class='ocrx_word' id='word_1_787' title='bbox 3589 4255 3697 4325; x_wconf 72' lang='lat'>42).</span> 
     </span>
    </p>
   </div>
   <div class='ocr_carea' id='block_1_105' title="bbox 1943 4342 3698 4415">
    <p class='ocr_par' dir='ltr' id='par_1_105' title="bbox 1943 4342 3698 4415">
     <span class='ocr_line' id='line_1_105' title="bbox 1943 4342 3698 4415; baseline 0.001 -19"><span class='ocrx_word' id='word_1_788' title='bbox 1943 4351 1985 4403; x_wconf 81' lang='grc' dir='ltr'>ι)</span> <span class='ocrx_word' id='word_1_789' title='bbox 2014 4344 2174 4407; x_wconf 87' lang='lat' dir='ltr'>Quod</span> <span class='ocrx_word' id='word_1_790' title='bbox 2206 4361 2338 4397; x_wconf 86' lang='lat' dir='ltr'>vero</span> <span class='ocrx_word' id='word_1_791' title='bbox 2391 4345 2651 4414; x_wconf 90' lang='lat' dir='ltr'>sequitur</span> <span class='ocrx_word' id='word_1_792' title='bbox 2684 4361 2695 4397; x_wconf 94' lang='lat'>:</span> <span class='ocrx_word' id='word_1_793' title='bbox 2728 4342 2793 4415; x_wconf 87' lang='lat'>[«</span> <span class='ocrx_word' id='word_1_794' title='bbox 2829 4346 3137 4414; x_wconf 86' lang='lat' dir='ltr'>Propterea</span> <span class='ocrx_word' id='word_1_795' title='bbox 3181 4360 3280 4396; x_wconf 87' lang='lat' dir='ltr'>vos</span> <span class='ocrx_word' id='word_1_796' title='bbox 3308 4359 3421 4398; x_wconf 90' lang='lat' dir='ltr'>non</span> <span class='ocrx_word' id='word_1_797' title='bbox 3466 4343 3698 4412; x_wconf 89' lang='lat' dir='ltr'>auditis,</span> 
     </span>
    </p>
   </div>
   <div class='ocr_carea' id='block_1_106' title="bbox 2011 4431 3703 4502">
    <p class='ocr_par' dir='ltr' id='par_1_106' title="bbox 2011 4431 3703 4502">
     <span class='ocr_line' id='line_1_106' title="bbox 2011 4431 3703 4502; baseline 0.001 -18"><span class='ocrx_word' id='word_1_798' title='bbox 2011 4431 2148 4500; x_wconf 90' lang='lat' dir='ltr'>quia</span> <span class='ocrx_word' id='word_1_799' title='bbox 2173 4447 2240 4484; x_wconf 87' lang='lat' dir='ltr'>ex</span> <span class='ocrx_word' id='word_1_800' title='bbox 2273 4433 2388 4485; x_wconf 92' lang='lat' dir='ltr'>Deo</span> <span class='ocrx_word' id='word_1_801' title='bbox 2415 4448 2534 4485; x_wconf 92' lang='lat' dir='ltr'>non</span> <span class='ocrx_word' id='word_1_802' title='bbox 2581 4432 2715 4485; x_wconf 89' lang='lat' dir='ltr'>estis</span> <span class='ocrx_word' id='word_1_803' title='bbox 2757 4435 2930 4497; x_wconf 83' lang='lat' dir='ltr'>(Joan.</span> <span class='ocrx_word' id='word_1_804' title='bbox 2983 4448 3098 4500; x_wconf 85' lang='lat' dir='ltr'>vm,</span> <span class='ocrx_word' id='word_1_805' title='bbox 3133 4433 3243 4502; x_wconf 76' lang='grc'>47),</span> <span class='ocrx_word' id='word_1_806' title='bbox 3293 4452 3320 4483; x_wconf 75' lang='grc' dir='ltr'>ι)</span> <span class='ocrx_word' id='word_1_807' title='bbox 3355 4432 3437 4486; x_wconf 88' lang='lat' dir='ltr'>eis</span> <span class='ocrx_word' id='word_1_808' title='bbox 3485 4433 3703 4486; x_wconf 89' lang='lat' dir='ltr'>dictum</span> 
     </span>
    </p>
   </div>
   <div class='ocr_carea' id='block_1_107' title="bbox 2012 4519 3703 4590">
    <p class='ocr_par' dir='ltr' id='par_1_107' title="bbox 2012 4519 3703 4590">
     <span class='ocr_line' id='line_1_107' title="bbox 2012 4519 3703 4590; baseline 0.001 -17"><span class='ocrx_word' id='word_1_809' title='bbox 2012 4523 2114 4587; x_wconf 89' lang='lat' dir='ltr'>est,</span> <span class='ocrx_word' id='word_1_810' title='bbox 2166 4519 2266 4590; x_wconf 92' lang='lat' dir='ltr'>qui</span> <span class='ocrx_word' id='word_1_811' title='bbox 2298 4536 2415 4572; x_wconf 86' lang='lat' dir='ltr'>non</span> <span class='ocrx_word' id='word_1_812' title='bbox 2464 4521 2647 4573; x_wconf 91' lang='lat' dir='ltr'>solum</span> <span class='ocrx_word' id='word_1_813' title='bbox 2680 4527 2910 4589; x_wconf 88' lang='lat' dir='ltr'>peccato</span> <span class='ocrx_word' id='word_1_814' title='bbox 2953 4521 3141 4574; x_wconf 86' lang='lat' dir='ltr'>vitiosi</span> <span class='ocrx_word' id='word_1_815' title='bbox 3191 4526 3355 4575; x_wconf 89' lang='lat' dir='ltr'>erant</span> <span class='ocrx_word' id='word_1_816' title='bbox 3408 4523 3557 4590; x_wconf 90' lang='lat' dir='ltr'>(nam</span> <span class='ocrx_word' id='word_1_817' title='bbox 3597 4520 3703 4574; x_wconf 91' lang='lat' dir='ltr'>hoc</span> 
     </span>
    </p>
   </div>
   <div class='ocr_carea' id='block_1_108' title="bbox 2013 4609 3703 4680">
    <p class='ocr_par' dir='ltr' id='par_1_108' title="bbox 2013 4609 3703 4680">
     <span class='ocr_line' id='line_1_108' title="bbox 2013 4609 3703 4680; baseline 0.001 -19"><span class='ocrx_word' id='word_1_818' title='bbox 2013 4609 2228 4661; x_wconf 90' lang='lat' dir='ltr'>malum</span> <span class='ocrx_word' id='word_1_819' title='bbox 2275 4623 2581 4660; x_wconf 91' lang='lat' dir='ltr'>commune</span> <span class='ocrx_word' id='word_1_820' title='bbox 2631 4617 2750 4661; x_wconf 86' lang='lat' dir='ltr'>erat</span> <span class='ocrx_word' id='word_1_821' title='bbox 2801 4609 3113 4677; x_wconf 91' lang='lat' dir='ltr'>omnibus),</span> <span class='ocrx_word' id='word_1_822' title='bbox 3147 4611 3242 4663; x_wconf 91' lang='lat' dir='ltr'>sed</span> <span class='ocrx_word' id='word_1_823' title='bbox 3292 4609 3465 4663; x_wconf 90' lang='lat' dir='ltr'>etiam</span> <span class='ocrx_word' id='word_1_824' title='bbox 3495 4625 3703 4680; x_wconf 72' lang='lat' dir='ltr'>praeco-</span> 
     </span>
    </p>
   </div>
   <div class='ocr_carea' id='block_1_109' title="bbox 2012 4696 3701 4768">
    <p class='ocr_par' dir='ltr' id='par_1_109' title="bbox 2012 4696 3701 4768">
     <span class='ocr_line' id='line_1_109' title="bbox 2012 4696 3701 4768; baseline 0.001 -18"><span class='ocrx_word' id='word_1_825' title='bbox 2012 4697 2158 4766; x_wconf 89' lang='lat' dir='ltr'>gniti</span> <span class='ocrx_word' id='word_1_826' title='bbox 2203 4697 2354 4766; x_wconf 91' lang='lat' dir='ltr'>quod</span> <span class='ocrx_word' id='word_1_827' title='bbox 2397 4705 2510 4749; x_wconf 87' lang='lat' dir='ltr'>non</span> <span class='ocrx_word' id='word_1_828' title='bbox 2541 4696 2768 4750; x_wconf 81' lang='lat' dir='ltr'>fuerant</span> <span class='ocrx_word' id='word_1_829' title='bbox 2809 4697 3100 4751; x_wconf 91' lang='lat' dir='ltr'>credituri.</span> <span class='ocrx_word' id='word_1_830' title='bbox 3149 4698 3509 4768; x_wconf 89' lang='lat' dir='ltr'>Quapropter</span> <span class='ocrx_word' id='word_1_831' title='bbox 3555 4715 3701 4768; x_wconf 67' lang='lat' dir='ltr'>pra:-</span> 
     </span>
    </p>
   </div>
   <div class='ocr_carea' id='block_1_110' title="bbox 2013 4782 3700 4855">
    <p class='ocr_par' dir='ltr' id='par_1_110' title="bbox 2013 4782 3700 4855">
     <span class='ocr_line' id='line_1_110' title="bbox 2013 4782 3700 4855; baseline -0.001 -18"><span class='ocrx_word' id='word_1_832' title='bbox 2013 4784 2224 4837; x_wconf 89' lang='lat' dir='ltr'>sciebat</span> <span class='ocrx_word' id='word_1_833' title='bbox 2251 4783 2399 4848; x_wconf 89' lang='lat' dir='ltr'>illos,</span> <span class='ocrx_word' id='word_1_834' title='bbox 2425 4782 2634 4852; x_wconf 89' lang='lat' dir='ltr'>quibus</span> <span class='ocrx_word' id='word_1_835' title='bbox 2663 4783 2798 4836; x_wconf 90' lang='lat' dir='ltr'>talia</span> <span class='ocrx_word' id='word_1_836' title='bbox 2830 4783 3072 4849; x_wconf 90' lang='lat' dir='ltr'>dicebat,</span> <span class='ocrx_word' id='word_1_837' title='bbox 3094 4784 3154 4836; x_wconf 91' lang='lat' dir='ltr'>in</span> <span class='ocrx_word' id='word_1_838' title='bbox 3181 4800 3247 4837; x_wconf 92' lang='lat' dir='ltr'>eo</span> <span class='ocrx_word' id='word_1_839' title='bbox 3274 4801 3700 4855; x_wconf 87' lang='lat' dir='ltr'>permansuros,</span> 
     </span>
    </p>
   </div>
   <div class='ocr_carea' id='block_1_111' title="bbox 2015 4871 3703 4943">
    <p class='ocr_par' dir='ltr' id='par_1_111' title="bbox 2015 4871 3703 4943">
     <span class='ocr_line' id='line_1_111' title="bbox 2015 4871 3703 4943; baseline 0.001 -20"><span class='ocrx_word' id='word_1_840' title='bbox 2015 4871 2170 4941; x_wconf 89' lang='lat' dir='ltr'>quod</span> <span class='ocrx_word' id='word_1_841' title='bbox 2199 4887 2264 4925; x_wconf 85' lang='lat' dir='ltr'>ex</span> <span class='ocrx_word' id='word_1_842' title='bbox 2311 4871 2538 4925; x_wconf 88' lang='lat' dir='ltr'>diabolo</span> <span class='ocrx_word' id='word_1_843' title='bbox 2572 4875 2750 4936; x_wconf 90' lang='lat' dir='ltr'>erant,</span> <span class='ocrx_word' id='word_1_844' title='bbox 2799 4871 2854 4924; x_wconf 92' lang='lat' dir='ltr'>id</span> <span class='ocrx_word' id='word_1_845' title='bbox 2887 4875 2970 4924; x_wconf 88' lang='lat' dir='ltr'>est</span> <span class='ocrx_word' id='word_1_846' title='bbox 3011 4872 3068 4924; x_wconf 86' lang='lat' dir='ltr'>in</span> <span class='ocrx_word' id='word_1_847' title='bbox 3103 4872 3218 4925; x_wconf 89' lang='lat' dir='ltr'>suis</span> <span class='ocrx_word' id='word_1_848' title='bbox 3262 4873 3507 4942; x_wconf 90' lang='lat' dir='ltr'>peccatis</span> <span class='ocrx_word' id='word_1_849' title='bbox 3531 4877 3703 4943; x_wconf 86' lang='lat' dir='ltr'>atque</span> 
     </span>
    </p>
   </div>
   <div class='ocr_carea' id='block_1_112' title="bbox 2012 4959 3703 5030">
    <p class='ocr_par' dir='ltr' id='par_1_112' title="bbox 2012 4959 3703 5030">
     <span class='ocr_line' id='line_1_112' title="bbox 2012 4959 3703 5030; baseline -0.002 -17"><span class='ocrx_word' id='word_1_850' title='bbox 2012 4959 2308 5030; x_wconf 88' lang='lat' dir='ltr'>impietate</span> <span class='ocrx_word' id='word_1_851' title='bbox 2358 4959 2687 5021; x_wconf 88' lang='lat' dir='ltr'>morituros,</span> <span class='ocrx_word' id='word_1_852' title='bbox 2740 4975 2842 5012; x_wconf 89' lang='lat' dir='ltr'>nec</span> <span class='ocrx_word' id='word_1_853' title='bbox 2885 4966 3154 5012; x_wconf 87' lang='lat' dir='ltr'>venturos</span> <span class='ocrx_word' id='word_1_854' title='bbox 3202 4959 3267 5012; x_wconf 83' lang='lat' dir='ltr'>ad</span> <span class='ocrx_word' id='word_1_855' title='bbox 3317 4959 3703 5028; x_wconf 89' lang='lat' dir='ltr'>regeneratio-</span> 
     </span>
    </p>
   </div>
   <div class='ocr_carea' id='block_1_113' title="bbox 2013 5046 3706 5119">
    <p class='ocr_par' dir='ltr' id='par_1_113' title="bbox 2013 5046 3706 5119">
     <span class='ocr_line' id='line_1_113' title="bbox 2013 5046 3706 5119; baseline -0.001 -17"><span class='ocrx_word' id='word_1_856' title='bbox 2013 5064 2167 5116; x_wconf 91' lang='lat' dir='ltr'>nem,</span> <span class='ocrx_word' id='word_1_857' title='bbox 2219 5048 2278 5101; x_wconf 91' lang='lat' dir='ltr'>in</span> <span class='ocrx_word' id='word_1_858' title='bbox 2309 5065 2422 5119; x_wconf 86' lang='lat' dir='ltr'>qua</span> <span class='ocrx_word' id='word_1_859' title='bbox 2453 5051 2641 5100; x_wconf 89' lang='lat' dir='ltr'>essent</span> <span class='ocrx_word' id='word_1_860' title='bbox 2684 5046 2790 5100; x_wconf 81' lang='lat' dir='ltr'>filii</span> <span class='ocrx_word' id='word_1_861' title='bbox 2830 5048 2950 5113; x_wconf 91' lang='lat' dir='ltr'>Dei,</span> <span class='ocrx_word' id='word_1_862' title='bbox 2985 5048 3092 5100; x_wconf 89' lang='lat' dir='ltr'>hoc</span> <span class='ocrx_word' id='word_1_863' title='bbox 3139 5052 3224 5099; x_wconf 90' lang='lat' dir='ltr'>est</span> <span class='ocrx_word' id='word_1_864' title='bbox 3253 5063 3318 5100; x_wconf 82' lang='lat' dir='ltr'>ex</span> <span class='ocrx_word' id='word_1_865' title='bbox 3355 5049 3468 5100; x_wconf 78' lang='lat' dir='ltr'>Det)</span> <span class='ocrx_word' id='word_1_866' title='bbox 3500 5047 3640 5108; x_wconf 89' lang='lat' dir='ltr'>nati,</span> <span class='ocrx_word' id='word_1_867' title='bbox 3673 5063 3706 5100; x_wconf 92' lang='lat' dir='ltr'>a</span> 
     </span>
    </p>
   </div>
   <div class='ocr_carea' id='block_1_114' title="bbox 2016 5135 3704 5208">
    <p class='ocr_par' dir='ltr' id='par_1_114' title="bbox 2016 5135 3704 5208">
     <span class='ocr_line' id='line_1_114' title="bbox 2016 5135 3704 5208; baseline -0.001 -18"><span class='ocrx_word' id='word_1_868' title='bbox 2016 5153 2130 5208; x_wconf 89' lang='lat' dir='ltr'>quo</span> <span class='ocrx_word' id='word_1_869' title='bbox 2164 5140 2328 5190; x_wconf 88' lang='lat' dir='ltr'>erant</span> <span class='ocrx_word' id='word_1_870' title='bbox 2377 5135 2638 5189; x_wconf 91' lang='lat' dir='ltr'>homines</span> <span class='ocrx_word' id='word_1_871' title='bbox 2679 5136 2872 5190; x_wconf 87' lang='lat' dir='ltr'>creati.</span> <span class='ocrx_word' id='word_1_872' title='bbox 2924 5135 3248 5190; x_wconf 89' lang='lat' dir='ltr'>Secundum</span> <span class='ocrx_word' id='word_1_873' title='bbox 3293 5135 3441 5188; x_wconf 88' lang='lat' dir='ltr'>hanc</span> <span class='ocrx_word' id='word_1_874' title='bbox 3484 5135 3704 5204; x_wconf 62' lang='lat' dir='ltr'>praede-</span> 
     </span>
    </p>
   </div>
   <div class='ocr_carea' id='block_1_115' title="bbox 2016 5220 3704 5291">
    <p class='ocr_par' dir='ltr' id='par_1_115' title="bbox 2016 5220 3704 5291">
     <span class='ocr_line' id='line_1_115' title="bbox 2016 5220 3704 5291; baseline -0.002 -13"><span class='ocrx_word' id='word_1_875' title='bbox 2016 5225 2384 5278; x_wconf 90' lang='lat' dir='ltr'>stinatiouem</span> <span class='ocrx_word' id='word_1_876' title='bbox 2452 5225 2671 5277; x_wconf 89' lang='lat' dir='ltr'>locutus</span> <span class='ocrx_word' id='word_1_877' title='bbox 2737 5227 2822 5277; x_wconf 90' lang='lat' dir='ltr'>est</span> <span class='ocrx_word' id='word_1_878' title='bbox 2888 5223 3180 5288; x_wconf 90' lang='lat' dir='ltr'>Dominus,</span> <span class='ocrx_word' id='word_1_879' title='bbox 3232 5220 3364 5291; x_wconf 61' lang='grc' dir='ltr'>εἰς.)</span> <span class='ocrx_word' id='word_1_880' title='bbox 3437 5224 3579 5274; x_wconf 90' lang='lat' dir='ltr'>Item</span> <span class='ocrx_word' id='word_1_881' title='bbox 3627 5222 3704 5276; x_wconf 88' lang='lat' dir='ltr'>ibi</span> 
     </span>
    </p>
   </div>
   <div class='ocr_carea' id='block_1_116' title="bbox 2014 5310 3706 5382">
    <p class='ocr_par' dir='ltr' id='par_1_116' title="bbox 2014 5310 3706 5382">
     <span class='ocr_line' id='line_1_116' title="bbox 2014 5310 3706 5382; baseline -0.003 -15"><span class='ocrx_word' id='word_1_882' title='bbox 2014 5315 2216 5382; x_wconf 82' lang='lat' dir='ltr'>(Tract.</span> <span class='ocrx_word' id='word_1_883' title='bbox 2248 5313 2333 5382; x_wconf 70' lang='lat'>4_3)</span> <span class='ocrx_word' id='word_1_884' title='bbox 2367 5329 2378 5365; x_wconf 94' lang='lat'>:</span> <span class='ocrx_word' id='word_1_885' title='bbox 2408 5311 2505 5366; x_wconf 91' lang='lat' dir='ltr'>Isti</span> <span class='ocrx_word' id='word_1_886' title='bbox 2528 5318 2718 5365; x_wconf 89' lang='lat' dir='ltr'>autem</span> <span class='ocrx_word' id='word_1_887' title='bbox 2750 5311 3138 5381; x_wconf 86' lang='lat' dir='ltr'>indignantes,</span> <span class='ocrx_word' id='word_1_888' title='bbox 3175 5310 3406 5379; x_wconf 86' lang='lat' dir='ltr'>mortui,</span> <span class='ocrx_word' id='word_1_889' title='bbox 3451 5314 3504 5363; x_wconf 87' lang='lat' dir='ltr'>et</span> <span class='ocrx_word' id='word_1_890' title='bbox 3534 5310 3706 5362; x_wconf 85' lang='lat' dir='ltr'>morti</span> 
     </span>
    </p>
   </div>
   <div class='ocr_carea' id='block_1_117' title="bbox 2017 5378 3706 5471">
    <p class='ocr_par' dir='ltr' id='par_1_117' title="bbox 2017 5378 3706 5471">
     <span class='ocr_line' id='line_1_117' title="bbox 2017 5378 3706 5471; baseline -0.003 -15"><span class='ocrx_word' id='word_1_891' title='bbox 2017 5378 2380 5471; x_wconf 68' lang='lat' dir='ltr'>sempiternae</span> <span class='ocrx_word' id='word_1_892' title='bbox 2443 5400 2835 5471; x_wconf 60' lang='lat' dir='ltr'>pra’destinati</span> <span class='ocrx_word' id='word_1_893' title='bbox 2907 5399 3328 5470; x_wconf 87' lang='lat' dir='ltr'>respondebant</span> <span class='ocrx_word' id='word_1_894' title='bbox 3393 5397 3706 5452; x_wconf 90' lang='lat' dir='ltr'>conviciose</span> 
     </span>
    </p>
   </div>
   <div class='ocr_carea' id='block_1_118' title="bbox 2016 5487 3706 5559">
    <p class='ocr_par' dir='ltr' id='par_1_118' title="bbox 2016 5487 3706 5559">
     <span class='ocr_line' id='line_1_118' title="bbox 2016 5487 3706 5559; baseline -0.002 -14"><span class='ocrx_word' id='word_1_895' title='bbox 2016 5496 2071 5545; x_wconf 90' lang='lat' dir='ltr'>et</span> <span class='ocrx_word' id='word_1_896' title='bbox 2111 5491 2416 5544; x_wconf 87' lang='lat' dir='ltr'>dicebant:</span> <span class='ocrx_word' id='word_1_897' title='bbox 2456 5511 2483 5540; x_wconf 78' lang='grc' dir='ltr'>(ι</span> <span class='ocrx_word' id='word_1_898' title='bbox 2531 5490 2691 5544; x_wconf 77' lang='lat' dir='ltr'>Modo</span> <span class='ocrx_word' id='word_1_899' title='bbox 2735 5489 3129 5559; x_wconf 88' lang='lat' dir='ltr'>cognovimus,</span> <span class='ocrx_word' id='word_1_900' title='bbox 3177 5488 3311 5559; x_wconf 89' lang='lat' dir='ltr'>quia</span> <span class='ocrx_word' id='word_1_901' title='bbox 3357 5487 3706 5542; x_wconf 76' lang='lat' dir='ltr'>daemonium</span> 
     </span>
    </p>
   </div>
   <div class='ocr_carea' id='block_1_119' title="bbox 2017 5576 3706 5648">
    <p class='ocr_par' dir='ltr' id='par_1_119' title="bbox 2017 5576 3706 5648">
     <span class='ocr_line' id='line_1_119' title="bbox 2017 5576 3706 5648; baseline -0.003 -15"><span class='ocrx_word' id='word_1_902' title='bbox 2017 5580 2196 5634; x_wconf 90' lang='lat' dir='ltr'>habes</span> <span class='ocrx_word' id='word_1_903' title='bbox 2251 5580 2428 5648; x_wconf 70' lang='lat' dir='ltr'>(Joan.</span> <span class='ocrx_word' id='word_1_904' title='bbox 2484 5595 2596 5642; x_wconf 82' lang='lat' dir='ltr'>vin,</span> <span class='ocrx_word' id='word_1_905' title='bbox 2637 5579 2749 5648; x_wconf 74' lang='lat'>5&#39;2).</span> <span class='ocrx_word' id='word_1_906' title='bbox 2807 5600 2831 5626; x_wconf 75' lang='grc' dir='ltr'>ιο</span> <span class='ocrx_word' id='word_1_907' title='bbox 2880 5580 3017 5631; x_wconf 90' lang='lat' dir='ltr'>Item</span> <span class='ocrx_word' id='word_1_908' title='bbox 3052 5577 3159 5630; x_wconf 86' lang='lat' dir='ltr'>alio</span> <span class='ocrx_word' id='word_1_909' title='bbox 3211 5576 3566 5646; x_wconf 80' lang='lat' dir='ltr'>loco(T-ract.</span> <span class='ocrx_word' id='word_1_910' title='bbox 3618 5576 3706 5641; x_wconf 76' lang='grc'>48)</span> 
     </span>
    </p>
   </div>
  </div>
