4096 6186
410 286 542 371 i103

1538 307 1593 361 s.
1637 307 1905 362 REMIGII
1944 307 2422 363 LUGDUNENSIS
2460 284 2768 361 EPISCOPI

3776 304 3905 357 1104

406 467 697 522 exponens
743 449 912 503 verba
964 445 1189 501 Domini
1240 444 1446 514 quibus
1495 445 1575 497 ait
1615 445 1682 497 de
1716 444 1913 498 ovibus
1957 442 2092 508 suis,
2133 446 2180 497 Α
2211 448 2397 496 autem
2461 458 2591 496 cum
2655 457 2773 495 non
2822 441 3130 504 secederet,
3181 440 3401 505 cecidit,
3443 444 3764 509 negaturus
3812 455 3905 492 re-

413 564 433 590 ι
470 543 538 594 Et
560 556 674 594 non
703 538 888 608 rapiet
919 536 1221 607 quisquam
1256 550 1349 586 eas
1380 533 1447 586 de
1481 550 1654 587 manu
1686 550 1830 586 mea.
1870 553 1895 583 »
1931 532 2100 602 [Quid

408 633 614 700 potest,
666 626 873 695 inquit,
908 647 929 674 ι
978 625 1169 693 lupus,
1212 641 1240 673 ν
1274 622 1412 692 quid
1462 626 1650 691 potest
1683 622 1774 674 fur
1821 627 1877 675 et
1907 622 2050 674 latro
2072 618 2099 672 ?

408 720 531 772 Non
564 716 811 787 perdunt
838 712 949 766 nisi
996 712 1067 766 ad
1101 710 1397 764 interitum
1441 708 1923 779 prtedestinatos.]
1959 711 2100 763 Item

407 806 518 860 alio
550 805 672 858 loco
711 803 926 873 (Tract.
990 803 1146 869 107):
1183 798 1311 871 [Qui
1342 798 1516 864 enim,
1550 797 1759 868 inquit,
1823 796 1990 851 certis
2047 801 2103 850 et

407 891 870 947 immutabilibus
913 888 1096 942 causis
1161 886 1357 940 omnia
1404 886 1595 939 futura
1652 884 2097 955 praedestinavit,

407 981 688 1053 quidquid
722 980 975 1033 facturus
1023 982 1107 1030 est
1135 976 1287 1029 fecit.
1329 976 1469 1029 Nam
1520 980 1576 1027 et
1604 991 1709 1044 per
1756 974 2101 1044 prophetam

408 1072 475 1126 de
505 1071 603 1124 illo
635 1071 849 1124 dictum
879 1072 965 1120 est
996 1083 1009 1121 :
1045 1088 1064 1113 α
1102 1064 1209 1129 Qui
1252 1064 1379 1119 fecit
1408 1080 1536 1134 qua;
1587 1064 1777 1117 futura
1808 1067 1943 1115 sunt
1968 1064 2098 1130 (15a.

405 1175 529 1224 XLV,
567 1162 651 1224 tl,
696 1172 796 1211 sec.
833 1154 1043 1225 LXX)].
1098 1176 1118 1202 ι
1169 1155 1232 1207 Et
1266 1152 1443 1206 alibi:
1483 1151 1550 1223 [α
1585 1152 1779 1217 Filius,
1815 1171 1841 1202 »
1892 1151 2100 1221 inquit,

408 1266 436 1297 ‹‹
466 1246 810 1317 perditionis
843 1266 870 1294 »
904 1244 1090 1298 dictus
1135 1249 1219 1295 est
1251 1241 1492 1295 traditor
1522 1240 1756 1309 Christi,
1791 1238 2103 1309 perditioni

402 1334 871 1405 praedestinatus,
923 1331 1237 1385 secundum
1271 1330 1646 1399 Scripturam,
1680 1345 1792 1397 qua
1821 1330 1889 1382 de
1916 1328 2014 1381 illo
2044 1328 2103 1380 in

407 1426 627 1494 psalmo
656 1423 965 1476 centesimo
995 1425 1190 1473 octavo
1222 1418 1470 1471 maxime
1496 1415 1922 1487 prophetatur.]

483 1557 558 1608 De
591 1554 784 1607 divina
831 1569 1060 1623 quoque
1091 1550 1475 1620 praescientia,
1526 1566 1637 1619 qua
1669 1549 1864 1602 omnia
1913 1549 2104 1602 futura

409 1645 495 1697 vel
542 1643 693 1695 bona
740 1643 829 1695 vel
862 1643 1011 1695 mala
1048 1638 1493 1694 immutabiliter
1535 1638 1735 1691 novit:
1765 1654 1869 1691 nec
1911 1646 2103 1691 tamen

409 1748 474 1786 ea
509 1731 759 1799 aliquem
810 1731 878 1783 ad
909 1729 1259 1800 peccandum
1291 1727 1604 1795 compellit,
1657 1726 1714 1778 in
1748 1725 1963 1779 eisdem
1994 1731 2101 1778 tra-

409 1820 651 1874 ctatibus
704 1820 782 1872 ita
832 1817 1089 1888 loquitur
1138 1819 1345 1886 (Tract.
1403 1815 1488 1885 53)
1524 1829 1535 1867 :
1574 1815 1721 1884 [Non
1770 1814 1922 1867 enim
1974 1830 2108 1883 pro-

407 1914 603 1980 pterea
654 1910 800 1962 Deus
857 1921 1208 1977 quemquam
1258 1904 1326 1957 ad
1368 1903 1718 1974 peccandum
1768 1903 1940 1973 cogit,
1972 1902 2111 1972 quia

412 1997 604 2049 futura
654 1993 957 2048 hominum
1003 1999 1232 2063 peccata
1269 1992 1391 2061 jam
1426 1991 1598 2045 novit.
1650 1992 1927 2044 Fecerunt
1974 2006 2109 2059 ergo

409 2090 708 2154 peccatum
743 2082 947 2145 Judaei,
982 2082 1137 2151 quod
1183 2096 1280 2133 eos
1324 2080 1507 2132 facere
1551 2095 1667 2133 non
1693 2079 1991 2149 compulit,
2020 2079 2109 2131 cui

411 2177 711 2244 peccatum
765 2186 881 2224 non
940 2171 1144 2239 placet,
1191 2168 1289 2222 sed
1349 2167 1599 2221 facturos
1645 2184 1767 2221 esse
1825 2167 2107 2238 praedixit,

414 2277 585 2331 quem
619 2260 763 2314 nihil
814 2260 968 2313 latet.
1006 2259 1067 2311 Et
1099 2258 1225 2311 ideo
1257 2255 1301 2309 si
1336 2273 1450 2331 non
1480 2257 1719 2324 malum,
1753 2257 1849 2309 sed
1894 2256 2111 2309 bonum

413 2350 596 2403 facere
642 2348 973 2412 voluissent,
1006 2363 1121 2400 non
1172 2346 1638 2415 prohiberentur,
1675 2349 1729 2398 et
1760 2345 1865 2398 hoc
1906 2344 2112 2398 facturi

413 2437 869 2508 prmviderentur
927 2436 997 2489 ab
1054 2451 1141 2497 eo,
1194 2435 1294 2504 qui
1351 2434 1507 2487 novit
1559 2433 1695 2503 quid
1751 2434 1822 2486 sit
1870 2434 2112 2503 quisque

412 2526 685 2590 facturus,
756 2528 812 2578 et
849 2524 988 2593 quid
1059 2523 1141 2576 eis
1196 2523 1266 2576 sit
1332 2538 1437 2592 pro
1497 2521 1619 2590 ejus
1685 2538 1858 2592 opere
1922 2522 2110 2576 reddi-

411 2613 619 2681 turusj

487 2744 640 2796 Hanc
672 2740 878 2795 divina}
925 2740 1445 2811 praedestinationis
1480 2740 1774 2793 veritatem
1824 2756 1929 2809 per
1957 2739 2112 2794 Scri—

416 2836 613 2902 pturas
681 2828 1080 2898 multipliciter
1141 2828 1505 2896 declaratum,
1558 2832 1611 2881 et
1659 2845 1691 2881 a
1753 2829 2111 2883 sanctissimo

414 2922 644 2974 doctore
675 2918 921 2971 fideliter
968 2918 1429 2971 commendatam
1472 2918 1641 2971 etiam
1675 2918 2113 2987 antiquissimus

414 3015 471 3063 et
502 3007 866 3062 beatissimus
916 3008 1130 3067 doctor,
1165 3010 1219 3059 et
1259 3006 1533 3075 magister
1563 3006 1877 3074 Cyprianus
1922 3006 2110 3059 claris-

412 3097 554 3151 sime
586 3097 775 3163 docet,
808 3096 1001 3150 dicens
1037 3111 1049 3148 :
1086 3095 1215 3164 [Qui
1248 3111 1418 3148 omne
1445 3094 1725 3164 judicium
1758 3112 1790 3147 a
1821 3096 1984 3148 Patre
2016 3112 2109 3147 so-

414 3187 501 3239 lus
562 3185 797 3255 accepit,
845 3189 900 3238 et
929 3184 1064 3255 quid
1108 3188 1382 3236 venturus
1420 3188 1504 3236 est
1561 3182 1938 3252 judicaturns,
1988 3184 2107 3253 jam

407 3274 611 3344 judicii
669 3278 723 3327 et
784 3272 1130 3343 cognitionis
1192 3272 1398 3326 futuras
1450 3272 1792 3325 sententiam
1848 3273 2108 3343 protulit,

413 3361 808 3433 prmnuntians
840 3367 895 3414 et
947 3366 1273 3414 contestans
1307 3380 1333 3409 «
1379 3360 1770 3413 confessurum
1804 3378 1863 3413 se
1917 3376 2110 3414 coram

415 3454 581 3506 Patre
615 3466 717 3503 suo
752 3449 1105 3511 confitentes,
1131 3454 1187 3502 et
1218 3453 1557 3519 negaturum
1583 3452 1859 3517 negantes
1890 3450 2109 3513 (Matth.

417 3557 470 3606 x,
501 3541 611 3606 32).
650 3538 698 3608 »]
734 3540 871 3592 Item
904 3553 1036 3590 cum
1067 3537 1136 3590 de
1169 3536 1277 3601 his,
1312 3536 1410 3606 qui
1442 3536 1498 3589 in
1525 3538 1921 3605 persecutione
1955 3553 2113 3591 com-

418 3626 685 3697 prehensi
718 3641 819 3695 pro
851 3624 1072 3678 Christo
1121 3640 1299 3694 usque
1331 3623 1402 3677 ad
1435 3628 1673 3676 mortem
1730 3623 2024 3689 dimicant,
2060 3628 2114 3677 et

416 3717 484 3768 de
534 3714 644 3780 liis,
695 3713 794 3783 qui
826 3712 1178 3766 infirmitatis
1206 3728 1321 3765 suae
1352 3710 1565 3765 conscii
1614 3716 1776 3765 caute
1823 3712 2110 3779 secedunt,

418 3804 755 3873 disputaret,
812 3802 891 3854 sic
940 3802 1067 3855 ait:
1111 3802 1249 3867 [Illic
1305 3800 1582 3854 fortitudo
1638 3800 1980 3870 promptior,
2023 3801 2115 3854 hic

418 3891 742 3945 sollicitudo
796 3890 1069 3944 securior.
1120 3890 1241 3955 Ille,
1287 3889 1785 3960 appropinquante
1819 3889 1961 3943 hora
1992 3906 2113 3955 sua,

420 3981 543 4050 jam
590 3984 852 4034 maturus
884 3979 1145 4032 inventus
1190 3985 1303 4045 est;
1340 3979 1431 4032 hic
1479 3979 1716 4033 fortasse
1759 3978 1966 4032 dilatus
2012 3983 2114 4046 est,

420 4069 519 4138 qui
566 4068 921 4137 patrimonio
962 4068 1229 4121 derelicto
1284 4066 1489 4120 idcirco
1536 4066 1784 4132 secessit,
1839 4067 1974 4137 quia
2002 4084 2115 4120 non

418 4161 541 4210 erat
571 4163 883 4226 negaturus
920 4172 931 4207 :
970 4156 1342 4210 confiteretur
1374 4155 1573 4224 utique
1605 4160 1659 4208 et
1689 4155 1810 4223 ipse
1842 4156 1888 4208 si
1918 4155 2120 4209 fuisset

424 4244 727 4315 detentus]
763 4246 903 4297 Item
939 4243 1093 4308 alibi,
1137 4259 1265 4296 cum
1301 4248 1555 4312 tempore
1592 4242 1953 4296 mortalitatis
1979 4260 2116 4297 con-

2208 531 2467 600 mansit.]

2286 620 2441 673 Hanc
2490 618 2864 689 prazscientize
2907 626 2957 671 et
2990 616 3511 687 praedestinationis
3554 616 3767 669 divinae
3798 615 3908 668 im-

2210 707 2483 760 mobilem
2511 708 2843 761 firmitatem
2876 706 3077 760 beatus
3103 722 3332 776 quoque
3378 706 3646 769 Hilarius,
3707 706 3788 757 ita
3819 704 3913 757 do-

2209 800 2297 849 cet
2327 796 2519 849 dicens
2554 812 2566 848 :
2603 796 2741 864 [Deo
2775 810 3025 864 namque
3066 795 3466 865 complectenti
3512 795 3571 846 in
3603 810 3663 846 se
3693 793 3909 854 omnia,

2208 882 2401 938 futura
2450 899 2555 953 pro
2586 882 2749 937 factis
2780 887 2929 935 sunt.
2969 883 3139 952 Cujus
3183 889 3301 935 tam
3333 882 3518 936 fidelis
3548 881 3915 950 praescientia

2211 978 2315 1042 est,
2348 977 2411 1028 ut
2436 989 2565 1044 quae
2601 973 2859 1026 nondum
2892 978 3051 1042 gesta
3094 978 3251 1040 sunt,
3282 979 3473 1027 tamen
3499 973 3623 1042 jam
3654 972 3725 1025 ab
3762 988 3829 1025 eo
3860 977 3914 1024 et

2210 1079 2314 1133 pro
2345 1062 2649 1133 praeteritis
2698 1062 3021 1115 habeantur
3053 1066 3108 1114 et
3138 1061 3356 1131 gestis]
3390 1062 3461 1115 Et
3491 1062 3702 1115 iterum
3742 1078 3756 1114 :
3797 1059 3914 1131 [Di-

2210 1168 2391 1224 gnum
2418 1157 2503 1205 est
2524 1152 2702 1216 enim,
2725 1150 2931 1220 inquit,
2969 1155 3028 1202 ut
3052 1150 3440 1204 miserabilem
3462 1151 3661 1220 populi
3693 1165 3910 1214 casum,

2212 1247 2269 1296 et
2330 1240 2612 1310 impietati
2681 1239 2803 1309 ejus
2853 1239 3105 1293 debitam
3137 1255 3385 1308 pcenam,
3424 1245 3481 1293 et
3537 1244 3667 1309 post
3727 1240 3915 1307 longa:

2211 1329 2500 1383 servitutis
2547 1329 2927 1382 sufficientem
2982 1328 3228 1397 peccatis
3278 1328 3543 1397 gravibus
3583 1327 3916 1380 satisfactio-

2213 1434 2343 1472 nem
2413 1422 2469 1470 et
2503 1416 2931 1470 misericordem
2965 1416 3023 1469 in
3091 1433 3188 1469 eos
3233 1416 3334 1470 Dei
3404 1416 3655 1485 (indulto
3704 1416 3917 1481 reditu)

2211 1508 2585 1573 voluntatem,
2637 1504 2947 1558 secundum
2999 1504 3391 1574 providentem
3437 1505 3735 1557 scientiam
3777 1519 3919 1572 pro-

2213 1595 2425 1665 phetize
2452 1594 2683 1665 spiritus
2725 1593 3035 1663 loquatur]
3072 1594 3211 1646 Item
3246 1609 3372 1646 cum
3410 1593 3549 1646 illud
3585 1592 3655 1646 de
3690 1592 3917 1645 Psalmo

2213 1688 2562 1753 exponeret:
2598 1683 2643 1751 [ε
2682 1683 2749 1734 Et
2792 1682 3012 1734 surrexi
3040 1685 3094 1733 et
3126 1681 3313 1734 adhuc
3351 1685 3539 1733 tecum
3592 1695 3719 1732 sum
3750 1680 3914 1749 (Psal.

2216 1788 2471 1833 cxxxvm,
2530 1773 2638 1838 18),
2705 1792 2731 1819 »
2784 1770 3023 1835 surrexi,
3084 1770 3296 1839 inquit,
3346 1770 3412 1823 ad
3475 1768 3918 1822 resurrectionis

2216 1860 2458 1931 gloriam
2519 1863 2761 1929 spectat;
2813 1859 2908 1912 sed
2966 1857 3280 1911 secundum
3332 1857 3761 1928 priescientiam
3796 1855 3913 1923 Dei,

2218 1949 2275 2003 id
2305 1948 2463 2018 quod
2491 1947 2749 2000 futurum
2792 1952 2895 2010 est,
2931 1951 3203 2016 tanquam
3235 1946 3595 2015 praateritnm
3639 1945 3914 2015 loquitur,

2217 2038 2350 2107 quia
2397 2038 2509 2089 Deo
2544 2036 2615 2089 ob
2650 2035 2945 2088 scientiam
2990 2040 3045 2087 et
3074 2035 3345 2099 virtutem
3378 2051 3506 2104 quae
3540 2035 3735 2088 futura
3767 2039 3914 2100 sunt,

2217 2127 2361 2180 facta
2395 2118 2556 2189 sunt;
2592 2128 2654 2178 ut
2698 2124 2871 2176 etiam
2921 2124 3259 2193 nosmetipsi
3303 2123 3445 2177 facta
3478 2139 3603 2176 esse
3634 2122 3921 2175 existima-

2218 2230 2367 2280 mus,
2402 2229 2531 2283 quaa
2580 2213 2771 2265 futura
2816 2228 2935 2265 esse
2968 2211 3356 2280 confidimus.]
3408 2212 3549 2264 Item
3587 2227 3719 2264 cum
3754 2227 3922 2280 expo-

2221 2306 2381 2354 neret
2408 2300 2571 2353 illum
2605 2301 2790 2354 locum
2820 2299 3027 2352 Psalmi
3061 2299 3154 2352 ubi
3185 2298 3389 2352 dicitur
3420 2316 3432 2351 :
3463 2319 3491 2347 ‹‹
3529 2298 3922 2351 Dinumerabo

2220 2407 2333 2457 eos,
2373 2395 2430 2442 et
2470 2405 2640 2459 super
2671 2404 2901 2441 arenam
2953 2386 3489 2458 multiplicabuntur
3532 2388 3747 2457 (Ibid),
3783 2408 3811 2437 ι)
3856 2388 3923 2441 de

2219 2484 2374 2531 certo
2439 2483 2493 2531 et
2540 2477 2941 2547 praedestinato
2993 2477 3303 2530 electorum
3341 2492 3584 2530 numero
3646 2477 3728 2529 sic
3790 2477 3922 2529 ait:

2222 2565 2516 2637 [Nunquid
2552 2582 2826 2619 numerus
2853 2565 3103 2619 incertus
3134 2570 3236 2631 est,
3271 2566 3371 2635 qui
3404 2565 3461 2617 in
3494 2564 3643 2618 libro
3670 2564 3771 2617 Dei
3796 2565 3926 2617 scri-

2219 2653 2473 2708 buntur?
2504 2654 2649 2723 Ergo
2672 2655 2827 2707 nulla
2851 2658 2935 2706 est
2967 2653 3269 2707 difficultas
3296 2653 3355 2706 in
3382 2669 3648 2719 numero,
3674 2668 3923 2723 quorum

2222 2743 2427 2797 veritas
2462 2747 2654 2796 manet
2679 2743 2739 2796 in
2770 2742 3022 2812 scripto]

2293 2832 2447 2885 Hanc
2476 2831 2653 2885 divini
2690 2830 2893 2900 judicii
2924 2830 2983 2884 in
3016 2835 3320 2900 utramque
3353 2836 3573 2900 partem
3604 2833 3722 2883 tam
3754 2829 3921 2883 boni-

2222 2924 2422 2989 tatem,
2471 2936 2645 2989 quam
2678 2919 3035 2972 severitatem
3070 2918 3239 2971 etiam
3285 2917 3649 2971 beatissimus
3680 2919 3925 2971 Ambro-

2224 3007 2341 3059 sius
2372 3023 2438 3060 ex
2483 3007 2668 3059 verbis
2720 3007 2981 3077 Epistolas
3032 3007 3101 3059 ad
3138 3007 3419 3059 Romanos
3449 3007 3510 3058 in
3561 3006 3924 3075 expositione

2219 3095 2427 3149 Psalmi
2466 3094 2762 3148 centesimi
2810 3094 3016 3148 decimi
3048 3095 3250 3160 octavi,
3302 3094 3379 3147 ita
3410 3094 3661 3147 breviter
3711 3096 3925 3147 confir-

2219 3188 2336 3237 mat
2379 3183 2573 3237 dicens
2608 3200 2620 3237 :
2654 3184 2701 3253 [ι
2744 3185 2887 3253 Ergo
2930 3184 3093 3252 cujus
3125 3184 3246 3236 vult
3292 3183 3619 3249 miseretur,
3655 3190 3716 3235 et
3748 3200 3926 3253 quem

2219 3274 2338 3325 vult
2384 3272 2613 3325 indurat
2662 3274 2828 3341 (Rom.
2877 3289 2947 3338 ix,
2988 3275 3092 3341 l8).
3129 3292 3155 3321 »
3204 3272 3385 3339 Hunc,
3425 3272 3635 3341 inquit,
3691 3272 3927 3325 misera-

2220 3364 2308 3412 tus
2355 3360 2667 3413 hortatur:
2703 3359 2868 3412 illum
2913 3375 3027 3413 non
3076 3362 3302 3412 revocat
3356 3357 3724 3429 exsecratus}
3783 3361 3929 3414 Item

2220 3447 2355 3501 alibi
2388 3464 2399 3501 :
2438 3446 2632 3519 [Deus,
2667 3447 2873 3518 inquit,
2909 3448 3277 3517 omnipotens
3316 3450 3500 3511 Pater,
3535 3448 3595 3500 in
3630 3449 3811 3518 Moysi
3844 3450 3929 3502 fa-

2221 3536 2303 3590 cie
2358 3556 2386 3586 «
2427 3537 2729 3589 exczecavit
2758 3536 3036 3605 populum
3084 3537 3412 3590 Judteorum
3454 3556 3482 3584 »
3518 3552 3633 3589 non
3687 3537 3927 3599 duritia,

2221 3625 2316 3679 sed
2368 3625 2748 3695 prmscientia;
2806 3641 2908 3678 nec
2964 3625 3202 3690 malitia,
3268 3626 3363 3678 sed
3413 3626 3684 3695 aequitate
3751 3631 3928 3696 atque

2216 3714 2457 3784 justitia.
2492 3712 2602 3782 Ipsi
2636 3712 2788 3766 enim
2844 3713 2952 3766 sibi
2984 3730 3225 3783 posuere
3270 3714 3549 3777 velamen,
3601 3712 3703 3782 qui
3736 3715 3927 3784 legem

2223 3801 2547 3870 intelligere
2577 3801 2935 3872 noluerunt._|
2973 3803 3106 3854 Item
3142 3802 3196 3853 in
3230 3801 3391 3853 libris
3436 3801 3506 3855 de
3536 3801 3650 3855 fide
3681 3803 3750 3854 ad
3786 3804 3925 3856 Cra-

2222 3890 2445 3943 tianum
2482 3889 2550 3943 de
2581 3889 2779 3943 eadem
2826 3906 2886 3943 re
2920 3890 2997 3943 sic
3036 3890 3173 3943 dicit
3207 3906 3219 3942 :
3252 3890 3402 3960 [Haec
3448 3891 3810 3944 consuetudo
3844 3899 3930 3944 est

2225 3978 2563 4049 prophetiae,
2596 3983 2660 4031 ut
2700 3995 2827 4049 qua:
2860 3978 3051 4031 futura
3081 3983 3231 4044 sunt,
3265 3979 3349 4032 vel
3382 3980 3542 4047 quasi
3592 3982 3926 4049 praesentia,

2226 4068 2310 4120 vel
2345 4066 2506 4137 quasi
2521 4067 2715 4119 futura
2739 4067 3037 4121 dicantur:
3066 4068 3177 4120 Deo
3201 4068 3375 4132 enim,
3401 4084 3527 4137 quae
3552 4073 3689 4121 sunt
3708 4069 3926 4135 futura,

2226 4156 2531 4227 praesentia
2588 4160 2747 4225 sunt;
2782 4161 2838 4210 et
2869 4157 2940 4222 ei,
2993 4156 3081 4209 cui
3130 4157 3481 4226 praecognita
3519 4162 3651 4210 sunt
3707 4159 3926 4219 omnia,

2227 4248 2466 4297 ventura
2504 4260 2608 4313 pro
2658 4244 2819 4297 factis
2868 4250 3022 4307 sunt,
3069 4244 3214 4297 sicut
3263 4245 3538 4314 scriptum
3573 4250 3702 4298 est:
3742 4266 3769 4296 α
3821 4246 3926 4310 Qui

431 4332 711 4384 solaretur
751 4346 904 4396 eum,
934 4330 1034 4400 qui
1079 4347 1137 4383 se
1170 4330 1396 4384 dolebat
1443 4335 1625 4383 morte
1679 4332 1997 4400 praeveniri,
2050 4349 2118 4385 ne
2158 4340 2201 4392 D
2229 4333 2361 4387 fecit
2389 4348 2514 4402 quae
2544 4332 2737 4386 futura
2764 4337 2896 4385 sunt
2926 4332 3057 4401 (Isa.
3094 4349 3220 4400 XLV,
3259 4336 3341 4399 ll,
3383 4348 3485 4386 sec.
3518 4332 3713 4406 LXX).]
3754 4355 3783 4383 υ

421 4434 480 4472 se
510 4418 713 4472 offerre
763 4424 953 4488 posset
999 4418 1066 4473 ad
1097 4418 1421 4488 passionem
1478 4419 1758 4489 martyrii,
1806 4419 1883 4473 ita
1930 4421 2109 4476 dicit:

422 4506 638 4576 [Primo
687 4507 746 4559 in
777 4508 899 4560 loco
934 4523 1048 4560 non
1095 4512 1176 4560 est
1213 4507 1273 4560 in
1318 4511 1413 4559 tua
1440 4511 1739 4577 potestate,
1791 4507 1885 4561 sed
1920 4508 1980 4561 in
2013 4508 2113 4561 Dei

419 4594 751 4665 dignatione
800 4596 1190 4665 martyrium:
1229 4611 1331 4649 nec
1378 4601 1540 4666 potes
1575 4602 1629 4649 te
1687 4596 1873 4649 dicere
1920 4596 2111 4665 perdi-

419 4684 587 4751 disse,
634 4684 785 4754 quod
828 4684 1009 4736 nescis
1050 4700 1123 4737 an
1159 4685 1427 4737 merearis
1480 4684 1753 4754 accipere,
1792 4683 1925 4756 etc.]
1971 4686 2112 4737 Item

420 4773 530 4827 alio
573 4773 693 4826 loco
729 4789 742 4826 :
773 4772 992 4843 [Neque
1043 4772 1217 4835 enim,
1269 4773 1478 4843 inquit,
1511 4778 1702 4842 potest
1742 4774 1948 4842 perire,
2003 4772 2112 4826 nisi

421 4878 591 4933 quem
660 4866 878 4914 constat
937 4877 1059 4913 esse
1126 4861 1496 4929 periturum:
1533 4879 1663 4915 cum
1722 4862 1996 4915 Dominus
2052 4863 2113 4915 in

421 4951 725 5021 Evangelio
775 4966 876 5003 suo
908 4948 1059 5003 dicat
1091 4966 1103 5002 ε
1138 4972 1157 4997 α
1195 4949 1391 5002 Omnis
1442 4952 1742 5020 plantatio,
1791 4967 1961 5021 quam
1997 4967 2113 5005 non

421 5040 700 5110 plantavit
741 5040 909 5093 Pater
953 5054 1114 5091 meus
1163 5037 1423 5104 caelestis,
1469 5040 1852 5093 cradicabitur
1892 5039 2110 5111 (Matth.

420 5145 533 5197 XIX,
572 5127 707 5197 l3).]
740 5147 769 5179 »
818 5129 958 5181 Item
993 5127 1128 5181 alibi
1174 5126 1354 5181 dicit:
1393 5125 1695 5198 [Dominus
1742 5129 1801 5182 in
1839 5145 2113 5198 persecu-

420 5220 575 5273 tione
620 5216 884 5270 secedere
934 5221 991 5270 et
1033 5216 1231 5286 fugere
1263 5216 1574 5280 mandavit,
1615 5221 1787 5286 atque
1818 5221 1879 5270 ut
1909 5216 1967 5271 id
2017 5217 2117 5271 fie-

421 5310 509 5360 ret
539 5310 594 5359 et
644 5304 836 5358 docuit
874 5310 930 5357 et
978 5304 1129 5359 fecit.
1182 5304 1320 5357 Nam
1352 5319 1480 5357 cum
1522 5319 1734 5357 corona
1778 5305 1847 5379 de
1878 5305 1977 5358 Dei
2028 5305 2116 5359 di-

422 5394 692 5463 gnatione
740 5393 1064 5459 descendat,
1130 5408 1237 5445 nec
1296 5391 1475 5462 possit
1519 5392 1716 5461 accipi,
1769 5392 1879 5445 nisi
1943 5394 2117 5448 fuerit

424 5481 565 5533 hora
616 5480 899 5547 sumendi,
948 5479 1210 5550 quisquis
1239 5479 1300 5533 in
1349 5479 1572 5535 Christo
1607 5495 1843 5534 manens
1885 5481 2115 5536 interim

424 5566 592 5634 cedit,
625 5582 743 5619 non
788 5568 959 5621 fidem
995 5574 1187 5638 negat,
1235 5567 1331 5621 sed
1380 5574 1606 5639 tempus
1657 5574 1979 5639 exspectat:
2016 5571 2115 5640 qui

2296 4423 2500 4474 Beatus
2531 4421 2703 4474 etiam
2753 4421 3130 4491 Hieronymus
3178 4421 3247 4474 de
3280 4422 3481 4474 eadem
3532 4438 3592 4474 re
3626 4423 3929 4492 disputans

2224 4510 2281 4562 in
2329 4509 2682 4579 expositione
2721 4509 2982 4579 Epistulae
3029 4510 3093 4563 ad
3146 4509 3441 4579 Ephesios,
3478 4510 3557 4563 ita
3606 4511 3927 4564 clarissime

2221 4597 2403 4651 dicit:
2440 4597 2951 4667 [Considerandum
2998 4597 3153 4666 quod
3214 4602 3271 4651 et
3318 4598 3411 4651 hic
3461 4603 3822 4671 προώρισμος,
3875 4604 3927 4651 et

2222 4687 2521 4758 προσθεσις,
2556 4685 2610 4739 id
2648 4690 2731 4737 est
2774 4685 3220 4755 praedestinatio,
3267 4690 3323 4737 et
3361 4686 3723 4755 propositum
3751 4688 3928 4741 simul

2223 4774 2403 4844 posita
2438 4779 2589 4839 sunt,
2617 4773 2777 4843 juxta
2830 4789 2958 4843 qum
2990 4779 3264 4842 operatur
3296 4774 3492 4828 omnia
3536 4776 3686 4829 Deus
3728 4791 3928 4829 secuu~

2223 4864 2359 4917 dum
2392 4862 2699 4916 consilium
2732 4862 3040 4915 voluntatis
3074 4879 3189 4915 sua:
3224 4878 3237 4915 :
3272 4880 3383 4916 non
3416 4879 3533 4933 quo
3566 4865 3761 4918 omnia
3800 4881 3925 4935 qua:

2222 4952 2282 5004 in
2315 4951 2529 5005 mundo
2563 4950 2722 5015 ﬁant,
2760 4950 2859 5004 Dei
2892 4950 3190 5004 voluntate
3217 4955 3273 5005 et
3302 4951 3539 5005 consilio
3574 4960 3927 5023 peragantur

2224 5039 2502 5110 (alioquin
2534 5044 2590 5093 et
2619 5040 2771 5093 mala
2818 5040 2934 5092 Deo
2967 5044 3243 5108 poterunt
3295 5039 3621 5109 imputari),
3669 5042 3760 5094 sed
3812 5058 3927 5111 quo

2225 5129 2487 5181 universa
2523 5144 2650 5198 qua:
2684 5128 2852 5181 faciat
2880 5144 3008 5181 cum
3052 5128 3289 5181 consilio
3322 5128 3491 5181 faciat
3520 5136 3575 5182 et
3609 5130 3925 5195 voluntate,

2226 5233 2355 5285 quae
2385 5217 2597 5270 scilicet
2642 5217 2865 5271 ratione
2913 5218 3085 5286 plena
3113 5217 3185 5270 sit
3216 5222 3269 5270 et
3309 5220 3590 5285 potestate
3642 5217 3922 5271 facientis.

2225 5306 2336 5359 Nos
2366 5305 2627 5359 homines
2672 5307 2946 5375 pleraque
2989 5306 3251 5359 volumus
3295 5307 3481 5358 facere
3513 5306 3776 5371 consilio,
3830 5306 3931 5359 sed

2226 5410 2591 5465 nequaquam
2621 5395 2974 5447 voluntatem
3012 5393 3271 5464 sequitur
3300 5393 3535 5447 effectus
3571 5410 3583 5446 :
3612 5395 3701 5448 illi
3730 5401 3927 5448 autem

2224 5483 2416 5537 nullus
2444 5483 2709 5537 resistere
2752 5486 2958 5554 potest,
2992 5483 3129 5553 quin
3162 5483 3356 5536 omnia
3384 5499 3514 5552 quae
3555 5484 3805 5537 voluerit
3850 5484 3931 5536 fa-

2223 5571 2351 5625 ciat.
2388 5572 2519 5626 Vult
2566 5575 2757 5626 autem
2786 5588 2853 5625 ea
2905 5588 3031 5642 qua?
3065 5577 3201 5625 sunt
3244 5572 3417 5641 plena
3464 5572 3705 5626 rationis
3751 5578 3931 5643 atque
