4096 6186
220 315 360 365 1105

1318 313 1407 367 DE
1448 313 1771 367 TENENDA
1811 312 2223 368 SCRIPTUR/E
2263 312 2635 369 VEBITATE.

3588 316 3725 369 1106

214 440 488 514 consilii.]
514 443 654 495 Item
677 442 888 496 alibiin
902 442 1159 511 ejusdem
1182 442 1439 511 Epistolte
1454 442 1909 496 commentariis:
1951 446 1996 497 A
2024 442 2277 513 profecto
2300 442 2359 496 in
2390 442 2494 496 hac
2524 442 2928 496 obscurissima
2958 442 3273 513 quazstione
3311 444 3380 498 de
3412 444 3723 514 praescien-

217 532 404 601 [Quod
438 536 653 595 autem,
699 530 904 600 inquit,
936 552 962 579 ‹‹
994 532 1199 585 electos
1240 548 1363 597 nus,
1412 537 1475 584 ut
1504 548 1756 585 essemus
1788 548 1916 584 san-

214 620 295 672 cti
328 626 386 673 et
412 619 766 672 immaculati
815 635 1005 672 coram
1054 620 1177 688 ipso
1230 621 1404 687 (Eph.
1438 637 1476 685 ι,
1501 621 1576 684 4),
1604 642 1630 667 ››
1674 621 1783 673 hoc
1814 625 1917 685 est,

213 724 417 762 coram
466 710 605 773 Deo,
659 712 787 760 ante
839 708 1113 761 fabricam
1164 709 1364 761 mundi
1416 714 1656 761 testatus
1702 714 1803 773 est,
1848 709 1916 762 ad

216 796 645 867 prmscientiam
682 797 781 848 Dei
813 798 1078 866 pertinet,
1114 798 1205 850 cui
1237 798 1432 850 omnia
1463 800 1655 851 futura
1678 797 1798 866 jam
1830 797 1919 851 fa-

213 892 308 938 cta
338 890 495 949 sunt,
530 889 585 937 et
606 891 916 955 antequam
937 886 1097 949 fiant,
1132 886 1393 938 universa
1418 892 1549 939 sunt
1575 893 1707 939 nota
1734 903 1746 939 :
1776 886 1920 939 sicut

215 979 276 1027 et
311 974 522 1027 Paulus
568 973 688 1043 ipse
743 974 1188 1042 praedestinatur
1237 975 1293 1027 in
1350 981 1509 1028 utero
1558 975 1754 1027 matris
1802 992 1919 1028 sua:

219 1063 371 1131 (Gal.
412 1062 451 1131 ι)
480 1078 493 1129 ;
519 1066 573 1114 et
601 1063 875 1115 Jeremias
908 1064 965 1114 in
1000 1064 1165 1116 vulva
1198 1065 1394 1117 matris
1434 1081 1550 1117 suae
1598 1064 1919 1117 sanctiﬁca-

217 1156 338 1217 tur,
364 1150 617 1220 eligitur,
672 1151 993 1217 roboratur,
1027 1157 1083 1203 et
1118 1151 1176 1203 in
1209 1156 1343 1221 typo
1392 1151 1600 1205 Christi
1640 1152 1921 1221 propheta

215 1240 491 1309 gentibus
520 1240 770 1293 mittitur
813 1240 940 1309 (Jer.
998 1257 1029 1301 ι,
1090 1240 1187 1311 5).]
1223 1241 1290 1292 Et
1338 1247 1464 1309 post
1509 1241 1735 1309 aliqua:
1775 1242 1920 1310 [Non

218 1328 301 1381 ait
334 1328 570 1393 Paulus,
604 1328 813 1398 inquit,
841 1352 861 1375 ί
910 1328 1082 1398 elegit
1122 1345 1226 1381 nos
1275 1335 1404 1382 ante
1449 1329 1918 1382 constitutionem

217 1417 448 1482 mundi,
484 1432 613 1469 cum
645 1432 898 1469 essemus
926 1416 1106 1469 sancti
1138 1423 1193 1469 et
1218 1416 1570 1470 immaculati
1610 1440 1628 1465 υ
1662 1417 1764 1470 hoc
1794 1424 1915 1471 est:

216 1505 359 1575 quia
392 1506 573 1558 sancti
602 1511 658 1557 et
688 1504 1042 1558 immaculati
1069 1512 1199 1559 ante
1220 1522 1335 1558 non
1361 1506 1595 1569 fuimus,
1631 1512 1692 1559 ut
1720 1512 1921 1575 postea

217 1609 483 1647 essemus
524 1592 839 1646 constituit.
894 1594 1012 1647 Non
1064 1593 1218 1647 enim
1269 1594 1562 1663 eliguntur
1604 1595 1829 1658 Paulus,
1863 1600 1920 1647 et

216 1682 322 1752 qui
354 1682 410 1735 ei
436 1683 652 1735 similes
685 1689 838 1747 sunt,
871 1681 1005 1751 quia
1035 1687 1199 1735 erant
1235 1683 1414 1736 sancti
1445 1688 1501 1735 et
1540 1683 1915 1749 immaculati,

216 1771 315 1824 sed
352 1771 651 1840 eliguntur
697 1776 752 1823 et
790 1771 1298 1840 praedestinantur,
1332 1776 1395 1825 ut
1442 1772 1501 1824 in
1550 1772 1921 1841 consequenti

214 1860 334 1912 vita
369 1875 474 1928 per
516 1874 690 1928 opera
738 1864 907 1929 atque
950 1859 1188 1913 virtutes
1240 1859 1420 1913 sancti
1467 1864 1522 1913 et
1569 1859 1920 1914 immaculati

214 1946 405 2017 ﬁant.]

287 2036 399 2089 Sed
433 2039 491 2087 et
532 2035 733 2088 beatus
776 2035 887 2087 Leo
936 2036 1004 2088 de
1049 2035 1351 2105 utriusque
1400 2036 1919 2105 praedestinationis

214 2128 441 2176 aeterno
477 2123 623 2192 apud
667 2125 845 2176 Deum
893 2123 1152 2184 consilio,
1206 2124 1261 2175 in
1298 2124 1658 2177 sermonibus
1700 2125 1817 2177 suis
1851 2126 1919 2179 ad

210 2211 504 2281 populum
555 2211 632 2263 ita
675 2211 968 2265 evidenter
1002 2211 1187 2275 docet,
1239 2212 1474 2265 dicens:
1510 2213 1594 2282 [In
1633 2213 1918 2268 salvandis

214 2300 379 2354 enim
430 2299 696 2352 omnibus
747 2315 847 2369 per
895 2316 1121 2353 crucem
1173 2300 1382 2354 Christi
1430 2303 1753 2354 communis
1798 2308 1919 2356 erat

214 2390 487 2441 voluntas
542 2388 724 2441 Patris
760 2393 814 2441 et
863 2388 1027 2442 Filii:
1081 2404 1390 2441 commune
1443 2390 1767 2456 consilium,
1816 2408 1918 2445 nec

216 2478 338 2529 ulla
367 2481 590 2546 poterat
611 2476 828 2528 ratione
852 2476 1089 2541 turbari,
1115 2476 1270 2546 quod
1293 2483 1424 2530 ante
1448 2481 1665 2530 aeterna
1686 2480 1913 2545 saecula,

216 2570 275 2619 et
317 2565 763 2618 misericorditer
783 2569 903 2617 erat
949 2565 1288 2633 dispositum
1337 2571 1392 2618 et
1430 2566 1915 2621 incommutabili-

213 2658 308 2708 ter
340 2652 739 2723 praeﬁnitum]
784 2655 922 2707 Item
955 2654 1068 2705 alio
1115 2654 1270 2706 loco:
1323 2652 1484 2725 [Cum
1530 2670 1666 2723 ergo
1701 2657 1915 2723 omnia,

218 2760 354 2813 quae
389 2742 447 2796 in
480 2742 724 2795 Domino
760 2742 1072 2812 majestatis
1096 2742 1329 2796 Iudaica
1361 2744 1591 2797 admisit
1630 2744 1915 2814 impietas,

216 2836 383 2885 tanto
428 2835 559 2883 ante
609 2831 882 2899 prmdicta
940 2831 1073 2895 sint,
1129 2835 1190 2883 ut
1238 2848 1352 2884 non
1400 2837 1516 2885 tam
1565 2832 1633 2886 de
1689 2834 1915 2901 futuris,

222 2937 400 2991 quam
433 2920 501 2973 de
537 2919 841 2989 praeteritis
874 2919 1240 2990 propheticus
1284 2920 1356 2973 sit
1383 2937 1571 2974 sermo
1604 2928 1915 2991 contextus,

220 3009 370 3079 quid
408 3009 559 3062 aliud
609 3008 797 3075 nobis,
848 3024 1021 3079 quam
1075 3010 1553 3079 sempiternarum
1602 3010 1917 3080 dispositio-

220 3112 367 3151 num
396 3097 497 3150 Dei
527 3097 1012 3150 incommutabilis
1034 3098 1173 3150 ordo
1206 3102 1529 3151 reseratur:
1562 3100 1711 3168 apud
1747 3115 1918 3169 quem

221 3184 603 3239 discernenda
660 3186 778 3253 jam
821 3184 1098 3253 judicata,
1139 3186 1330 3237 futura
1390 3186 1510 3254 jam
1562 3187 1704 3239 facta
1763 3193 1915 3240 sunt.

221 3275 371 3328 Cum
403 3274 558 3326 enim
590 3280 647 3327 et
673 3274 975 3342 qualitates
1003 3273 1291 3326 actionum
1322 3279 1669 3337 nostrarum,
1695 3281 1753 3328 et
1786 3275 1918 3328 eﬂ'e-

219 3368 348 3417 ctus
378 3362 637 3415 omnium
686 3363 1046 3415 voluntatum
1088 3362 1324 3415 scientia
1358 3362 1550 3416 divina
1585 3364 1916 3431 prteveniat,

218 3456 442 3521 quanto
475 3452 657 3519 magis
689 3455 822 3503 nota
852 3455 986 3503 sunt
1011 3451 1123 3503 Deo
1156 3467 1329 3519 opera
1359 3467 1460 3503 sua
1480 3450 1506 3502 ?
1539 3455 1596 3503 et
1622 3456 1769 3503 recte
1796 3452 1918 3521 pla-

216 3541 343 3594 cuit
385 3539 550 3609 quasi
582 3538 729 3592 facta
780 3538 974 3607 recoli,
1025 3554 1152 3609 qua)
1205 3555 1320 3592 non
1370 3544 1635 3609 poterant
1679 3540 1917 3593 omnino

220 3645 343 3683 non
366 3628 538 3697 ﬁeri.]

294 3719 501 3771 Beatus
528 3732 757 3787 quoque
788 3716 1024 3769 antistes
1055 3720 1109 3769 et
1140 3716 1425 3785 gloriosus
1466 3716 1757 3770 confessor
1789 3719 1916 3771 Ful-

216 3806 475 3877 gentius,
527 3807 595 3859 de
642 3807 747 3858 hac
789 3806 992 3875 judicii
1046 3806 1103 3858 in
1146 3810 1449 3875 utramque
1498 3810 1719 3874 partem
1770 3822 1920 3875 prae-

219 3894 477 3960 scientia,
510 3898 566 3947 et
598 3894 1101 3963 prmdestinatione
1125 3894 1422 3963 egregium
1447 3894 1655 3947 librum
1682 3895 1877 3948 scribit
1902 3912 1915 3949 :

218 3982 344 4053 qui,
389 3983 534 4035 sicut
581 3987 636 4035 et
682 3989 889 4035 caetera
938 3982 1057 4052 ejus
1106 3983 1440 4036 admiranda
1491 3987 1547 4036 et
1596 3984 1918 4037 veneranda

220 4071 456 4139 scripta,
509 4087 734 4140 semper
783 4072 855 4125 ab
922 4071 1168 4125 Ecclesia
1235 4071 1482 4125 fideliter
1530 4076 1813 4141 receptus,
1863 4076 1919 4125 et

218 4160 375 4213 inter
424 4160 729 4228 scriptores
769 4160 1181 4213 ecclesiasticos
1218 4159 1583 4213 laudabiliter
1633 4176 1917 4213 annume-

220 4254 385 4301 ratus
415 4254 519 4301 est.
552 4249 621 4302 Et
649 4264 799 4301 nunc
829 4249 1113 4301 nescimus
1140 4264 1251 4318 qua
1288 4248 1525 4311 ratione,
1560 4249 1676 4302 imo
1711 4250 1917 4302 inlide-

219 4338 386 4391 litate
420 4342 476 4391 et
506 4338 873 4390 contentione
904 4338 1075 4389 simul
1112 4352 1242 4389 cum
1276 4337 1439 4389 beato
1470 4339 1793 4407 Augustino
1818 4339 1916 4391 ab-

214 4426 419 4496 jicitur
446 4442 459 4479 :
492 4431 547 4479 et
569 4427 637 4479 ab
669 4426 751 4479 eis
783 4426 883 4496 qui
922 4424 1188 4479 catholici
1225 4425 1407 4478 videri
1438 4426 1654 4492 volunt,
1688 4426 1827 4479 tales
1860 4443 1921 4479 ac

219 4516 369 4569 tanti
404 4514 512 4567 viri
550 4515 647 4568 Dei
690 4514 1053 4584 iniquissime
1104 4513 1382 4583 injuriati,
1435 4517 1490 4566 et
1538 4514 1735 4583 spreti,
1769 4516 1923 4569 velut

222 4603 554 4674 quisquilia:
586 4608 641 4656 et
679 4608 1060 4673 purgamenta
1094 4602 1364 4655 vilissima
1396 4603 1824 4656 conculcantur.
1862 4604 1925 4657 Et

223 4697 307 4747 est
339 4690 515 4745 nimis
546 4690 807 4743 mirabile
857 4691 973 4744 imo
1020 4690 1292 4743 horribile
1341 4691 1653 4759 quomodo,
1703 4696 1766 4743 ut
1808 4692 1924 4745 suis

223 4780 735 4837 adinventionibus
796 4785 852 4833 et
895 4780 1127 4849 ineptiis
1170 4780 1453 4845 credatur,
1494 4780 1743 4849 exigant,
1793 4796 1923 4834 cum

220 4872 333 4942 ipsi
376 4868 736 4923 beatissimos
783 4870 997 4935 Patres,
1064 4873 1122 4921 et
1189 4867 1601 4921 illustrissimos
1665 4868 1924 4922 doctores

220 4959 493 5015 Ecclesiae
526 4957 868 5027 abjecerint;
902 4972 965 5009 ac
1002 4973 1107 5026 per
1138 4957 1244 5010 hoc
1274 4956 1384 5010 nisi
1419 4973 1477 5010 se
1528 4955 1694 5009 citius
1742 4957 1923 5010 corri-

223 5064 362 5119 gere
416 5046 685 5101 studeant
736 5045 1027 5099 verissime
1073 5044 1323 5098 haeretici
1352 5044 1597 5115 judicari
1645 5050 1920 5115 possunt:

224 5136 327 5207 qui
358 5134 518 5201 ﬁdei,
570 5140 628 5188 et
672 5134 955 5199 charitati,
1003 5138 1058 5187 et
1105 5133 1502 5187 sincerissime
1553 5135 1782 5187 Patrum
1824 5133 1921 5187 do-

224 5221 430 5275 ctrina:
480 5236 599 5273 non
656 5220 1120 5286 communicant;
1171 5221 1269 5273 sed
1328 5220 1564 5289 insuper
1611 5236 1741 5273 cum
1789 5220 1926 5290 ipsis

225 5311 405 5365 etiam
447 5309 756 5377 Scriptura:
792 5312 999 5361 sanctae
1044 5309 1331 5362 caelestem
1362 5309 1759 5362 auctoritatem
1787 5324 1923 5362 con-

224 5403 515 5453 temnunt.
551 5398 690 5451 Nam
723 5396 768 5450 si
804 5396 965 5450 illum
1013 5396 1409 5451 ﬁdelissimum
1463 5396 1923 5465 copiosissimum

226 5494 285 5540 et
316 5486 791 5540 ﬂorentissimum
824 5486 1033 5538 librum
1080 5485 1234 5539 beati
1285 5485 1568 5553 Fulgentii
1619 5501 1751 5538 eum
1802 5485 1926 5555 pie-

226 5580 345 5629 tate
378 5582 435 5628 et
473 5576 803 5629 obedientia
843 5576 1032 5645 legere
1083 5580 1137 5627 et
1181 5573 1503 5644 intelligere
1557 5573 1923 5639 studuissent,

2030 532 2112 584 tia
2155 534 2208 585 et
2261 532 2766 601 prmdcstinatione
2814 531 3003 585 divina
3047 532 3185 600 (Deo
3227 532 3513 602 aspirante
3558 538 3727 603 atque

2030 620 2409 687 illuminante)
2446 621 2604 674 nulla
2635 620 2844 674 erroris
2887 620 3068 689 caligo
3099 620 3159 672 in
3209 636 3409 673 eorum
3463 622 3727 676 cordibus

2030 708 2413 762 remansisset.
2446 710 2537 762 Ait
2586 726 2832 779 namque
2878 710 3150 779 praefatus
3200 709 3397 762 doctor
3431 710 3581 763 inter
3612 727 3721 766 ca:-

2030 803 2150 851 tera
2182 798 2239 850 in
2274 798 2416 851 libro
2438 799 2559 867 jam
2601 798 2789 851 dicto:
2824 797 3002 869 [Quod
3034 813 3172 867 ergo
3216 803 3347 852 ante
3396 799 3726 868 gehennam

2031 887 2162 940 mali
2205 892 2469 956 pereunt,
2514 903 2632 940 non
2682 892 2766 940 est
2812 887 2991 940 divini
3038 886 3249 956 operis,
3302 888 3401 939 sed
3442 886 3719 941 humani:

2029 977 2177 1045 quod
2208 980 2399 1029 autem
2442 977 2502 1029 in
2532 978 2798 1045 gehenna
2831 975 3068 1045 perituri
3119 980 3269 1040 sunt,
3320 976 3428 1028 hoc
3459 975 3593 1029 facit
3624 976 3723 1030 Dei

2028 1065 2289 1134 aequitas,
2324 1065 2414 1118 cui
2458 1066 2611 1117 nulla
2641 1064 2821 1134 placet
2848 1064 3132 1133 peccantis
3166 1062 3481 1135 iniquitas]
3521 1064 3587 1117 Et
3615 1064 3724 1117 ite-

2030 1169 2158 1205 rum
2208 1153 2752 1223 praedestinationis,
2805 1152 3014 1222 inquit,
3077 1152 3311 1205 nomine
3364 1168 3479 1204 non
3530 1152 3724 1222 aliqua

2030 1242 2342 1295 voluntatis
2386 1242 2656 1295 humanae
2702 1242 2961 1295 coactitia
3012 1240 3315 1293 necessitas
3360 1241 3722 1309 exprimitur,

2030 1330 2129 1382 sed
2160 1330 2480 1382 misericors
2531 1334 2583 1382 et
2622 1329 2776 1398 justa
2828 1329 3006 1382 futuri
3052 1328 3245 1398 operis
3283 1328 3471 1381 divina
3513 1329 3720 1398 sempi-

2029 1423 2193 1470 terna
2215 1418 2510 1487 dispositio
2543 1417 2890 1489 praedicatur
2916 1434 2928 1471 :
2961 1437 2986 1467 «
3014 1419 3125 1472 Deo
3143 1432 3414 1486 namque,
3445 1421 3518 1483 et,
3552 1418 3722 1471 mise-

2029 1505 2333 1558 ricordiam
2368 1510 2425 1557 et
2467 1505 2750 1574 judicium
2791 1508 2980 1557 cantat
3011 1505 3258 1557 Ecclesia
3298 1504 3465 1573 (Psal.
3500 1521 3547 1571 c,
3599 1505 3669 1575 1).
3700 1528 3720 1552 ι

2101 1594 2242 1647 Item
2280 1592 2388 1645 ibi:
2424 1592 2708 1662 [Proinde,
2739 1592 2949 1662 inquit,
2974 1593 3158 1661 potuit
3191 1592 3336 1645 sicut
3358 1593 3539 1645 voluit
3572 1609 3725 1662 prae-

2030 1681 2315 1735 destinare
2348 1682 2623 1751 quosdam
2646 1682 2717 1734 ad
2746 1681 3011 1751 gloriam,
3045 1680 3324 1750 quosdam
3358 1680 3431 1734 ad
3458 1697 3724 1750 poenam:

2032 1771 2127 1825 sed
2161 1786 2302 1840 quos
2335 1770 2764 1839 praadestinavit
2793 1769 2863 1823 ad
2910 1770 3149 1838 gloriam
3200 1770 3626 1839 praedestinavit
3656 1771 3724 1825 ad

2024 1858 2345 1931 justitiam;
2381 1874 2522 1928 quos
2544 1864 2737 1911 autem
2776 1857 3202 1927 praedestinavit
3248 1858 3319 1911 ad
3350 1874 3577 1927 poenam
3610 1874 3723 1911 non

2029 1947 2456 2017 praedestinavit
2506 1948 2575 2000 ad
2622 1949 2870 2016 culpam.
2922 1948 2981 2000 In
3025 1947 3139 2000 illis
3208 1962 3342 2015 ergo
3400 1963 3573 2015 opera
3623 1963 3725 2000 sua

2030 2036 2345 2106 glorificat;
2377 2036 2435 2088 in
2467 2035 2588 2087 istis
2618 2041 2810 2088 autem
2860 2052 3033 2105 opera
3064 2051 3177 2088 non
3221 2051 3322 2088 sua
3353 2035 3717 2090 condemnat.

2031 2127 2146 2179 Hoc
2185 2126 2379 2195 itaque
2428 2124 2854 2194 praedestinavit
2902 2126 3067 2191 Deus,
3118 2124 3270 2194 quod
3313 2129 3433 2177 erat
3474 2124 3596 2192 ipse
3637 2124 3721 2177 fa-

2028 2219 2239 2280 cturus,
2264 2214 2529 2283 autquod
2554 2213 2738 2266 fuerat
2769 2214 3079 2283 largiturus
3104 2229 3116 2277 ;
3150 2212 3291 2265 illud
3318 2228 3449 2266 vero
3478 2213 3721 2266 nullate-

2029 2318 2136 2356 nus
2169 2302 2612 2372 praedestinavit,
2648 2303 2799 2371 quod
2849 2303 2964 2354 sive
3011 2318 3114 2371 per
3157 2301 3422 2371 gratiam,
3473 2301 3589 2354 sive
3619 2318 3720 2370 per

2021 2392 2306 2462 justitiam
2367 2392 2619 2444 facturus
2661 2392 2780 2460 ipse
2832 2406 2946 2443 non
2993 2391 3142 2457 fuit.)
3204 2393 3341 2443 Item
3390 2390 3504 2445 ibi:
3557 2391 3723 2460 [Mala

2029 2480 2242 2550 quippe
2270 2480 2531 2533 voluntas
2554 2496 2667 2532 non
2700 2480 2950 2549 pertinet
2970 2480 3038 2533 ad
3068 2481 3351 2549 optimum
3375 2485 3718 2532 creatorem:

2023 2570 2177 2639 justa
2204 2585 2336 2622 vero
2366 2568 2565 2639 injusti
2610 2569 2817 2637 angeli,
2870 2568 3234 2638 hominisque
3264 2568 3557 2621 damnatio
3594 2584 3721 2637 per-

2030 2659 2178 2712 tinet
2244 2659 2312 2711 ad
2364 2657 2759 2727 aequissimum
2820 2657 3198 2725 cognitorem.
3242 2656 3326 2708 Ad
3372 2655 3723 2708 voluntatem

2030 2747 2208 2818 igitur
2257 2746 2465 2799 malam
2534 2747 2683 2799 Deus
2728 2745 3023 2798 hominem
3095 2760 3213 2797 non
3279 2744 3720 2813 pmdestinavit,

2030 2836 2166 2905 quia
2196 2835 2416 2887 homini
2462 2850 2585 2887 eam
2631 2835 2867 2887 daturus
2897 2834 3016 2902 ipse
3049 2849 3163 2885 non
3194 2832 3343 2901 fuit]
3381 2834 3443 2885 Et
3473 2832 3680 2885 iterum
3709 2848 3720 2885 :

2030 2926 2250 2994 [Neque
2283 2923 2435 2975 enim
2468 2928 2553 2975 est
2601 2922 2708 2975 alia
2759 2922 2882 2990 ejus
2935 2921 3383 2991 prmdestinatio,
3426 2921 3537 2974 nisi
3575 2921 3723 2973 futu-

1936 3008 1997 3074 ‘C
2028 3028 2220 3066 rorum
2255 3027 2494 3080 operum
2526 3010 2647 3079 ejus
2678 3014 2891 3063 aeterna
2931 3009 3297 3079 praeparatio,
3330 3010 3389 3061 in
3422 3025 3535 3079 qua
3564 3008 3723 3062 nulla

2028 3116 2197 3153 causa
2227 3100 2362 3152 mali
2412 3100 2695 3152 ullatenus
2742 3098 2955 3168 poterit
2998 3097 3283 3151 inveniri:
3320 3096 3454 3167 quia
3502 3114 3568 3151 ex
3620 3113 3719 3149 vo-

2030 3189 2247 3241 luntate
2280 3187 2374 3241 Dei
2410 3203 2706 3255 nunquam
2739 3186 3012 3256 processit
3043 3185 3203 3255 origo
3234 3185 3470 3253 peccati.
3506 3207 3531 3234 ‹‹
3564 3185 3721 3239 Mise-

2027 3277 2206 3330 ricors
2231 3277 2386 3330 enim
2413 3276 2684 3330 Dominus
2713 3281 2769 3329 et
2791 3275 2980 3344 justus
3002 3275 3165 3343 (Psal.
3188 3290 3327 3338 cxrv,
3358 3276 3430 3341 ὅ).
3460 3296 3479 3321 ιι
3504 3276 3580 3329 De
3603 3290 3716 3343 quo

2028 3366 2140 3419 alio
2172 3367 2293 3418 loco
2334 3365 2610 3434 scriptum
2645 3369 2766 3418 est:
2806 3388 2825 3412 α
2860 3363 3305 3417 Misericordiam
3335 3368 3392 3416 et
3420 3363 3715 3415 veritatem

2029 3455 2217 3525 diligit
2246 3454 2524 3507 Dominus
2558 3454 2705 3506 Deus
2739 3454 2906 3520 (Psal.
2936 3468 3149 3519 LXXXIV,
3178 3452 3282 3520 l2).
3308 3472 3333 3499 ››
3360 3452 3422 3504 In
3452 3449 3719 3503 omnibus

2028 3560 2166 3614 ergo
2189 3543 2457 3613 operibus
2476 3542 2598 3611 ejus
2616 3547 2714 3595 aut
2728 3543 2881 3611 justa
2900 3541 3106 3594 veritas
3131 3540 3466 3601 custoditur,
3496 3544 3593 3592 aut
3622 3538 3719 3608 pia

2028 3631 2421 3686 misericordia
2454 3636 2771 3702 proerogatu
2785 3629 2855 3701 r.]
2892 3631 3031 3684 Item
3065 3629 3180 3683 ibi:
3230 3628 3350 3702 [Dei
3380 3628 3534 3682 enim
3566 3643 3719 3698 pra:-

2028 3721 2410 3775 destinatione
2450 3725 2549 3774 aut
2595 3724 2955 3790 peccatorum
3002 3724 3324 3787 praeparata
3357 3722 3444 3770 est
3492 3716 3587 3786 pia
3624 3730 3720 3769 re-

2027 3807 2244 3871 missio,
2282 3812 2377 3859 aut
2406 3812 2767 3874 peccatorum
2794 3804 2951 3873 justa
2981 3804 3223 3874 punitio.
3262 3805 3565 3872 Nunquam
3610 3802 3718 3871 igi-

2027 3900 2121 3947 tur
2152 3896 2298 3947 Deus
2332 3893 2624 3947 hominem
2660 3894 2727 3946 ad
2757 3894 2862 3946 hoc
2894 3891 3082 3962 potuit
3111 3891 3539 3961 praedestinare,
3566 3888 3718 3958 quod

2025 3981 2148 4051 ipse
2191 3981 2550 4050 disposuerat
2594 3985 2649 4033 et
2695 3984 2983 4048 praecepto
3030 3978 3352 4047 prohibere,
3401 3982 3457 4030 et
3495 3976 3717 4029 miseri-

2026 4069 2221 4123 cordia
2280 4069 2519 4133 diluere,
2581 4072 2637 4121 et
2683 4066 2908 4136 justitia
2967 4065 3218 4136 punire]
3283 4065 3541 4134 Itemque
3600 4065 3716 4119 ibi:

2028 4159 2201 4228 [Deus
2229 4158 2423 4227 itaque
2451 4157 2644 4210 omnia
2672 4154 2975 4209 hominum
3005 4169 3180 4223 opera
3228 4153 3343 4204 sive
3386 4153 3553 4213 bona,
3603 4152 3719 4206 sive

2027 4246 2176 4298 mala
2206 4244 2504 4314 praescivit,
2530 4243 2667 4313 quia
2691 4258 2823 4296 eum
2848 4242 3021 4294 latere
3047 4240 3189 4293 nihil
3218 4239 3405 4310 potuit
3432 4256 3445 4306 ;
3474 4240 3573 4293 sed
3595 4240 3717 4293 sola

1958 4320 2001 4374 D
2030 4334 2180 4388 bona
2212 4332 2657 4405 prmdestinavit,
2691 4347 2820 4402 qua
2852 4346 2909 4384 se
2952 4330 3013 4383 in
3037 4329 3171 4382 filiis
3200 4328 3399 4398 gratiae
3437 4329 3720 4382 facturum

2032 4438 2151 4475 esse
2205 4421 2527 4492 praiscivit;
2588 4421 2740 4474 mala
2799 4434 2932 4472 vero
2987 4419 3203 4479 Sfutura
3264 4433 3436 4487 opera
3492 4417 3721 4471 illorum

2032 4525 2177 4580 quos
2208 4525 2324 4562 non
2355 4508 2785 4579 prmdestinavit
2828 4508 2898 4560 ad
2942 4522 3212 4576 regnum,
3266 4507 3359 4559 sed
3407 4506 3477 4560 ad
3529 4506 3723 4560 interi-

2032 4602 2177 4664 tum,
2238 4596 2521 4666 prmscivit
2577 4582 2973 4665 potentissima
3039 4594 3268 4659 deitate,
3333 4594 3621 4648 ordinavit
3666 4598 3724 4646 et

2032 4684 2270 4755 provida
2303 4684 2604 4754 bonitate.]
2653 4686 2720 4737 Et
2768 4684 3015 4737 iterum:
3072 4681 3381 4754 [Praescivit
3420 4682 3570 4735 enim
3620 4696 3720 4733 vo-

2033 4776 2280 4828 luntates
2301 4774 2600 4827 hominum
2628 4772 2806 4825 bonas
2840 4778 2896 4825 et
2926 4772 3127 4837 malas,
3150 4769 3576 4843 praedestinavit
3608 4785 3718 4821 non

2036 4861 2235 4926 malas,
2269 4862 2365 4915 sed
2391 4862 2539 4914 solas
2576 4861 2775 4914 bonas.
2810 4862 2878 4915 Et
2924 4860 3059 4915 licet
3090 4861 3148 4913 in
3182 4861 3302 4930 ejus
3353 4856 3719 4927 praedestina-

2034 4950 2188 5003 tione
2223 4965 2335 5001 non
2362 4948 2552 5015 fuerit,
2589 4954 2649 5001 ut
2681 4947 2956 5002 malitiam
3000 4947 3277 5002 voluntati
3322 4946 3589 4999 humanas
3623 4945 3720 4998 de-

2034 5038 2227 5102 disset,
2263 5038 2370 5090 fuit
2398 5040 2588 5090 tamen
2620 5039 2677 5090 in
2720 5038 2843 5107 ejus
2890 5034 3391 5107 prmdestinatione
3441 5033 3580 5104 quid
3613 5033 3718 5086 hu-

2035 5142 2221 5180 manae
2255 5126 2562 5179 voluntatis
2591 5126 2824 5179 malitias
2856 5123 3235 5192 reddidisset.]

2708 5250 2931 5304 CAPUT
2969 5249 3057 5303 IX.

2355 5358 2613 5427 Sequitur
2639 5357 2704 5410 de
2736 5357 2915 5411 eodem
2945 5356 3182 5423 capitulo
3203 5358 3400 5425 primo.

2112 5484 2239 5537 Haec
2285 5484 2554 5553 praefatus
2604 5480 2942 5535 venerabilis
2990 5481 3183 5535 doctor
3232 5480 3292 5533 in
3332 5478 3497 5545 libro,
3552 5494 3725 5549 quem

2037 5588 2211 5643 supra
2256 5571 2716 5637 memoravimus,
2760 5571 2923 5639 juxta
2970 5569 3274 5639 Scriptura:
3320 5572 3527 5622 sanctae
3578 5567 3725 5621 veri-
