4108 6190
397 289 528 340 110⁸7

1526 287 1582 371 ὃ.
1628 284 1893 340 REMIGII
1936 285 2408 341 LUGDUNENSIS
2447 284 2763 341 EPISCOPI

3750 287 3882 337 1108

394 422 592 485 tatem,
620 424 675 473 et
718 418 1165 489 praecedentium
1217 419 1445 471 Patrum
1494 418 1862 471 reverendam
1898 421 2087 471 aucto-
2124 422 2169 472 A
2200 417 2457 487 ejusdem
2492 416 2787 486 scripturae
2832 416 2934 468 iste
2980 415 3052 469 sit
3100 414 3337 467 titulus:
3385 416 3484 483 [De
3533 421 3723 468 sancto
3754 415 3884 483 epi—

395 507 625 560 ritatem
653 512 709 559 et
740 506 920 558 multa
952 505 1083 571 alia,
1136 521 1263 574 qum
1314 504 1383 558 ad
1432 510 1775 574 prtesentem
1819 494 2089 576 quiestio-

399 612 529 649 nem
581 594 871 648 sufﬁciunt
918 595 1069 648 claro
1117 610 1382 647 sermone
1426 596 1705 649 disseruit.
1753 596 1933 659 Quem
1985 612 2089 649 nos

399 684 648 738 ﬁdeliter
696 684 1103 752 disputantem,
1153 689 1208 736 et
1253 685 1533 753 majorum
1585 685 1818 754 vestigia
1866 684 1960 753 pie
2004 701 2085 737 se-

400 777 671 843 quentem
722 772 1071 838 obedienter,
1124 778 1180 825 et
1218 772 1514 825 sinceriter
1561 773 1723 843 sequi
1775 774 2085 828 debemus:

400 861 533 930 quia
567 864 621 913 et
650 860 756 913 hoc
786 861 857 915 ad
888 860 1024 914 ﬁdei
1065 865 1272 913 nostrae
1304 861 1695 930 integritatem
1724 862 1993 931 pertinet,
2031 868 2093 915 ut

399 949 544 1002 sicut
576 950 632 1001 in
665 949 906 1012 caeteris,
937 965 1065 1019 quae
1102 949 1166 1002 :le
1212 950 1326 1002 Deo
1369 950 1673 1016 credimus,
1708 951 1787 1004 ita
1813 955 1870 1003 et
1896 950 1953 1003 in
1988 950 2092 1003 hac

399 1042 560 1107 parte
584 1038 725 1091 nihil
758 1038 1059 1107 indignum
1091 1036 1279 1091 divina
1330 1040 1641 1108 majestate,
1692 1039 1834 1092 nihil
1883 1040 2092 1093 falsum

400 1127 469 1180 de
505 1127 710 1180 divinis
744 1127 977 1196 judiciis
1017 1127 1353 1181 sentiamus.
1399 1129 1718 1181 Praesertim
1752 1144 1881 1181 cum
1922 1130 2092 1198 hujus

398 1215 920 1285 praedestinationis
960 1216 1187 1283 veritas,
1242 1220 1298 1270 et
1344 1217 1476 1270 ﬁdei
1529 1217 1588 1270 in
1640 1217 1800 1271 nobis
1852 1217 2094 1271 mdiﬁcet

401 1304 807 1370 sinceritatem,
868 1313 925 1357 et
969 1305 1111 1357 nulli
1159 1305 1410 1374 praebeat
1460 1305 1875 1374 desperationis
1914 1305 2094 1359 offen—

400 1393 645 1458 sionem,
678 1399 734 1445 et
773 1393 990 1446 cunctis
1042 1393 1139 1463 qui
1184 1394 1244 1446 in
1295 1393 1412 1446 suis
1461 1394 1611 1447 vitiis
1656 1394 1994 1463 perniciose,
2037 1400 2096 1448 et

399 1480 772 1550 pertinaciter
828 1482 1015 1535 vivere
1077 1482 1451 1546 delectantur,
1526 1482 1966 1536 saluberrimum
2016 1484 2093 1536 ti-

401 1584 621 1622 morem
668 1572 909 1639 ingerat.
961 1571 1099 1623 Nam
1149 1570 1218 1624 de
1262 1576 1614 1640 contemptu,
1670 1577 1724 1624 et
1774 1572 2092 1641 abjectione

400 1658 856 1711 beatissimorum
909 1664 1079 1728 atque
1128 1659 1645 1713 illustrissimorum
1695 1662 1941 1725 Patrum,
1996 1660 2095 1730 qui

403 1763 431 1799 a
466 1746 662 1799 multis
702 1747 873 1799 nimis
922 1747 1236 1801 insolenter
1284 1754 1456 1818 atque
1501 1748 1817 1819 irreligiose
1860 1749 2090 1802 concul-

400 1840 620 1900 cantnr,
655 1835 791 1905 quid
826 1835 995 1889 nobis
1031 1837 1185 1890 aliud
1226 1838 1611 1903 sentiendum,
1647 1838 1756 1890 nisi
1785 1842 1850 1891 ut
1896 1842 2093 1891 contra

400 1923 521 1976 haec
547 1924 729 1994 magis
771 1924 1092 1989 audiamus,
1139 1929 1195 1977 et
1225 1925 1591 1978 observemus
1631 1925 1765 1995 quid
1801 1925 2094 1994 Scriptura

401 2011 469 2065 de
503 2011 717 2065 eisdem
751 2013 958 2066 sanctis
988 2014 1250 2067 Patribus
1282 2014 1558 2083 praecepit
1589 2014 1781 2067 dicens
1808 2030 1820 2068 :
1853 2035 1880 2062 ‹‹
1913 2015 2091 2067 Inter-

401 2115 538 2169 roga
569 2104 789 2169 patrem
817 2106 1004 2168 tuum,
1038 2106 1094 2155 et
1120 2102 1487 2156 annuntiabit
1513 2102 1636 2167 tibi,
1664 2102 1908 2171 majores
1937 2108 2093 2165 tuos,

400 2194 458 2241 et
480 2188 671 2242 dicent
701 2189 805 2242 tibi
851 2189 1029 2259 (Deut.
1081 2206 1249 2257 xxxu,
1285 2191 1375 2260 7);
1427 2210 1453 2240 η
1506 2207 1577 2243 ne
1626 2190 1986 2243 incurramus
2035 2191 2093 2244 in

404 2275 544 2329 illud
596 2277 748 2345 quod
811 2293 913 2347 per
960 2277 1323 2332 Salomonem
1372 2278 1623 2331 dicitur:
1678 2298 1707 2326 ‹
1759 2278 1963 2331 Malum
2015 2281 2098 2331 est

401 2364 623 2417 homini
682 2365 937 2434 dejerare
994 2372 1240 2435 sanctos,
1310 2372 1366 2420 et
1416 2371 1544 2436 post
1610 2370 1737 2419 vota
1788 2370 2096 2420 retractare

404 2452 585 2520 (Prov.
618 2469 710 2519 xx,
760 2454 853 2523 5);
907 2474 934 2500 ››
988 2453 1279 2523 simusque
1323 2454 1658 2523 parentibus
1707 2453 2096 2524 spiritualibus

405 2540 675 2609 (quorum
706 2539 837 2604 ﬁde,
891 2540 1149 2593 doctrina
1195 2543 1253 2594 in
1299 2541 1519 2597 Christo
1555 2544 1808 2611 generati
1841 2560 1902 2596 ac
1932 2559 2096 2613 rege-

406 2626 589 2679 nerati
636 2627 852 2696 sumus)
895 2628 1314 2695 inobedientes,
1368 2637 1423 2683 et
1476 2636 1901 2700 contemptores
1942 2630 2097 2685 Scri-

408 2719 610 2786 pturaa,
640 2732 768 2785 qua:
805 2716 979 2770 dicit:
1013 2738 1040 2765 ‹‹
1076 2718 1244 2784 Audi,
1278 2718 1359 2771 ﬁli
1393 2718 1489 2786 mi,
1535 2719 1892 2789 disciplinam
1919 2720 2097 2789 patris

406 2804 506 2870 tui,
544 2827 563 2853 ι
600 2805 656 2858 id
681 2810 765 2858 est
793 2807 1205 2877 omnipotentis
1238 2808 1358 2875 Dei,
1397 2832 1421 2853 ιι
1448 2814 1504 2861 et
1525 2824 1596 2862 ne
1630 2809 1881 2863 dimittas
1910 2810 2097 2880 legem

407 2893 604 2947 matris
635 2898 748 2948 tua:
780 2896 957 2963 (Prov.
984 2913 1022 2963 Ι,
1054 2896 1134 2963 8),
1172 2916 1198 2947 ι)
1232 2896 1287 2949 id
1325 2902 1409 2950 est
1452 2901 1659 2951 sanctae
1694 2896 1954 2950 Ecclesiae
1988 2897 2095 2951 do-

405 2988 597 3053 gmata
629 2988 686 3036 et
712 2988 920 3037 statuta
952 2984 1166 3050 ﬁdelia,
1196 3001 1323 3055 quae
1348 3001 1463 3039 non
1484 2991 1707 3039 tantum
1735 2990 1798 3040 ut
1818 2986 2094 3056 legitima,
2139 3019 2177 3072 ρ

406 3072 505 3124 sed
554 3087 704 3139 vere,
764 3076 825 3124 ut
866 3073 1050 3141 legem
1115 3072 1410 3126 observare
1455 3074 1759 3126 debemus:
1813 3075 1948 3144 quia
1996 3092 2101 3146 per

405 3160 683 3229 Spiritum
710 3166 965 3214 sanctum
1002 3161 1153 3215 edita
1184 3162 1420 3215 minime
1452 3161 1801 3218 dubitamus.

478 3250 731 3319 Denique
781 3250 849 3303 de
895 3250 1047 3305 beati
1104 3251 1408 3320 Augustini
1459 3251 1619 3305 libris
1665 3256 1721 3305 et
1764 3251 1989 3322 scriptis
2038 3253 2098 3307 in

407 3337 616 3406 quibus
647 3355 709 3392 ex
744 3340 1075 3393 necessitate
1107 3355 1292 3406 novae,
1324 3340 1385 3393 id
1426 3344 1509 3393 est
1560 3340 1880 3410 Pelagiana:
1913 3342 2098 3395 haere-

405 3426 479 3477 sis
505 3427 861 3481 destruendae
890 3432 945 3481 et
975 3426 1107 3481 ﬁdei
1149 3427 1442 3480 catholicae
1472 3428 1846 3482 defendendae
1880 3429 2093 3482 instan-

404 3514 621 3567 tissima
656 3515 970 3569 intentione
1012 3516 1081 3570 de
1126 3522 1331 3570 natura
1371 3519 1427 3568 et
1469 3517 1673 3586 gratia,
1729 3518 1795 3570 de
1828 3518 2013 3587 gratia
2043 3522 2099 3572 et

403 3600 587 3653 libero
618 3602 875 3664 arbitrio,
908 3603 977 3656 de
1020 3603 1375 3673 correptione
1405 3608 1463 3657 et
1503 3604 1705 3673 gratia,
1755 3604 1822 3657 de
1868 3604 2095 3674 praede-

404 3689 711 3743 stinatione
740 3698 1067 3745 sanctorum
1113 3697 1169 3745 et
1217 3692 1368 3745 bono
1406 3693 1866 3762 perseverantiae,
1901 3709 1965 3746 ac
1994 3695 2095 3748 ha-

404 3779 615 3848 ptismo
647 3780 1034 3849 parvulorum,
1080 3782 1244 3851 juxta
1294 3781 1740 3851 profunditatem
1793 3783 2095 3853 Scripturae

404 3873 635 3929 sanctae,
688 3875 744 3924 et
800 3871 1141 3940 evangelicae
1193 3876 1363 3940 atque
1434 3871 1756 3941 apostolica:
1818 3871 2095 3925 doctrinae

401 3958 660 4028 regulam
691 3959 1088 4029 multipliciter
1118 3960 1465 4030 disputavit;
1491 3959 1675 4013 adhuc
1707 3959 1830 4030 ipso
1845 3960 2092 4027 vivente,

403 4046 550 4100 sicut
579 4050 824 4119 Prosper
872 4054 929 4102 et
988 4049 1230 4102 Hilarius
1279 4049 1347 4103 ad
1397 4048 1665 4102 eumdem
1714 4049 2005 4102 scribunt:
2040 4054 2096 4102 et

405 4137 585 4189 multo
617 4138 800 4208 magis
834 4142 965 4208 post
996 4139 1215 4191 obitum
1257 4138 1381 4208 ejus
1425 4142 1659 4207 propter
1690 4138 2092 4191 obscuritatem

406 4240 619 4293 rerum,
674 4232 730 4279 et
779 4227 1109 4280 tarditatem
1152 4226 1342 4279 minus
1392 4226 1861 4295 intelligentium,
1894 4226 2091 4279 multi-

2196 522 2370 575 scopo
2402 504 2726 575 Augustino
2759 504 2905 558 mira
2936 503 3121 558 laudis
3162 503 3398 557 assertio
3424 508 3514 569 ;et
3546 503 3677 557 huic
3722 504 3888 556 titulo

2198 595 2621 665 subjungantur
2662 594 2835 647 verba
2882 594 3105 664 praefati
3154 592 3463 658 Pontiﬁcis,
3528 606 3655 661 quae
3706 593 3783 644 ita
3832 609 3890 645 se

2200 684 2447 737 habent:
2511 683 2894 753 Augustinum
2969 688 3173 736 sanctae
3247 682 3659 735 recordationis
3703 682 3892 733 virum

2200 788 2302 841 pro
2334 772 2447 824 vita
2481 788 2604 835 sua,
2646 776 2817 841 atque
2868 771 3090 824 meritis
3133 771 3188 823 in
3245 774 3437 823 nostra
3484 770 3893 821 communione

2200 876 2427 929 semper
2474 859 2821 913 habuimus:
2870 878 2969 912 me
3022 875 3275 929 unquam
3320 859 3472 911 hunc
3507 858 3746 911 sinistra?
3795 873 3895 909 su-

2201 949 2468 1017 spicionis
2499 949 2701 1001 saltem
2747 962 2944 1000 rumor
2973 945 3234 1015 aspersit,
3277 961 3447 1015 quem
3492 949 3664 998 tanta:
3711 945 3895 997 scien-

2201 1037 2294 1089 tiae
2320 1036 2457 1089 olim
2493 1036 2663 1089 fuisse
2697 1034 3090 1099 meminimus,
3127 1040 3189 1087 ut
3225 1034 3373 1086 inter
3417 1034 3721 1101 magistros
3754 1034 3901 1102 opti-

2202 1142 2325 1179 mos
2355 1128 2527 1178 etiam
2585 1142 2617 1177 a
2656 1124 2796 1178 meis
2836 1139 3062 1194 semper
3123 1123 3516 1176 decessoribus
3555 1123 3892 1175 haberetur.

2203 1216 2350 1268 Bene
2384 1229 2520 1283 ergo
2548 1213 2617 1267 de
2669 1229 2736 1266 eo
2788 1228 2957 1266 omne
2988 1213 3049 1265 in
3080 1227 3411 1264 communes
3445 1216 3772 1277 senserunt,
3806 1218 3898 1263 ut-

2201 1307 2334 1371 pote
2366 1302 2465 1372 qui
2498 1301 2711 1371 ubique
2742 1302 2977 1368 cunctis,
3020 1300 3297 1375 et‘amori
3338 1298 3525 1367 fuerit,
3566 1305 3622 1352 et
3655 1299 3896 1352 honori:

2204 1389 2354 1442 unde
2385 1389 2684 1442 resistatur
2704 1388 2935 1454 talibus,
2977 1405 3121 1459 quos
3152 1389 3300 1442 male
3329 1404 3579 1441 crescere
3612 1388 3899 1441 videmus.

2202 1478 2369 1530 Nefas
2401 1482 2483 1530 est
2518 1478 2640 1530 haec
2672 1478 2793 1547 pati
2838 1477 3133 1547 religiosas
3180 1477 3421 1541 animas,
3469 1492 3717 1546 quarum
3755 1476 3904 1528 afﬁi-

2203 1565 2467 1629 ctatione,
2497 1564 2596 1635 qui
2640 1565 2897 1618 membra
2940 1570 3129 1618 nostra
3178 1569 3330 1630 sunt,
3378 1580 3479 1617 nos
3511 1581 3741 1634 quoque
3772 1580 3904 1616 con-

2207 1653 2362 1706 venit
2395 1654 2690 1706 macerari.
2724 1653 2991 1716 Quamvis
3034 1659 3260 1706 maneat
3288 1654 3391 1705 hos
3446 1653 3743 1706 beatitudo
3776 1670 3906 1723 pro-

2136 1720 2175 1773 B
2206 1742 2398 1806 missa,
2430 1742 2758 1812 quicunque
2790 1742 3109 1813 probantur
3155 1740 3611 1811 persecutionem
3663 1748 3905 1811 propter

2196 1830 2478 1900 justitiam
2514 1831 2795 1885 sustinere
2830 1831 3043 1899 (Matth.
3091 1847 3143 1895 v,
3199 1832 3302 1895 10).
3336 1830 3553 1894 Quibus
3587 1831 3727 1900 quid
3765 1846 3902 1899 pro-

2205 1918 2391 1972 mittat
2414 1920 2692 1973 Dominus
2731 1920 2793 1972 in
2826 1919 3085 1973 futurum
3117 1936 3359 1989 sequens
3390 1936 3575 1973 sermo
3621 1920 3901 1972 declarat.

2203 2008 2325 2061 Non
2348 2013 2431 2060 est
2464 2008 2758 2077 agentium
2789 2024 2961 2061 causa
3014 2007 3287 2062 solorum.
3342 2007 3681 2061 Universalis
3716 2007 3900 2059 Eccle-

2203 2094 2285 2147 sia
2330 2110 2672 2165 quacunque
2724 2097 2969 2151 novitate
3008 2099 3289 2165 pulsatur,
3339 2098 3727 2167 intelligamus
3785 2098 3901 2148 hare

2203 2185 2325 2254 ipsa
2354 2184 2524 2247 vobis,
2558 2202 2686 2256 quae
2719 2187 2881 2239 nobis
2912 2202 3027 2239 non
3079 2188 3321 2256 placent,
3368 2186 3707 2255 displicere:
3744 2185 3899 2254 quod

2201 2272 2279 2325 ita
2314 2272 2548 2326 demum
2580 2274 2819 2342 probare
2865 2273 3203 2343 poterimus,
3239 2274 3284 2326 si
3319 2274 3587 2344 imposito
3622 2272 3901 2341 improbis

2204 2361 2427 2414 silentio
2454 2361 2521 2414 de
2546 2362 2645 2414 tali
2682 2378 2741 2414 re
2773 2361 3147 2431 imposterum
3181 2362 3412 2432 querela
3442 2361 3727 2429 cessabitj

2276 2449 2437 2504 Hunc
2472 2450 2647 2519 igitur
2693 2450 3081 2505 beatissimum
3117 2455 3173 2503 et
3222 2450 3618 2504 fidelissimum
3676 2452 3901 2503 Patrem

2204 2554 2430 2608 semper
2450 2539 2507 2592 in
2533 2539 2942 2592 communione
2975 2539 3124 2592 sedis
3163 2540 3488 2608 apostolicae
3534 2538 3821 2599 habitum,
3850 2546 3904 2589 et

2207 2627 2275 2680 ab
2306 2629 2427 2695 ejus
2466 2629 2639 2681 etiam
2683 2627 3048 2698 pontiﬁcibus
3094 2628 3244 2682 inter
3284 2628 3582 2699 magistros
3630 2628 3770 2679 ﬁdei
3802 2626 3901 2679 do-

2207 2716 2401 2769 ctrinae
2431 2717 2837 2770 venerabiliter
2872 2721 3187 2786 receptum,
3220 2720 3275 2768 et
3306 2716 3375 2769 ab
3409 2715 3543 2786 ipsis
3575 2722 3690 2767 tam
3726 2714 3899 2779 clare,

2209 2808 2263 2858 et
2292 2805 2605 2858 honorifice
2636 2810 2833 2859 contra
2871 2806 3254 2858 obtrectantes
3285 2811 3341 2857 et
3391 2805 3775 2874 obloquentes
3806 2804 3902 2856 de-

2206 2893 2450 2961 fensum,
2478 2894 2556 2947 ita
2582 2899 2640 2947 ut
2672 2894 2944 2965 imposito
2973 2894 3247 2963 improbis
3279 2894 3528 2961 silentio,
3562 2908 3800 2945 omnem
3835 2892 3901 2944 de

2208 2998 2273 3034 eo
2328 2982 2785 3036 mussitationem
2832 2982 3348 3053 comprimendam,
3394 2999 3459 3034 ac
3508 2981 3903 3051 repellendam

2209 3070 2597 3136 decernerent,
2650 3072 2824 3124 etiam
2874 3088 2974 3123 nos
3024 3074 3145 3124 tota
3192 3071 3325 3124 ﬁdei
3372 3070 3674 3123 devotione
3718 3070 3905 3122 hono-

2208 3175 2418 3221 remus,
2455 3164 2574 3213 toto
2615 3160 2804 3213 studio
2838 3165 2894 3213 et
2941 3160 3258 3213 intentione
3309 3160 3537 3229 pietatis
3567 3174 3896 3228 sequamur.

2208 3249 2273 3300 Et
2303 3248 2359 3300 in
2389 3249 2596 3318 quibus
2643 3254 2880 3319 propter
2932 3248 3336 3302 obscuritatem
3392 3264 3605 3314 rerum,
3662 3252 3719 3299 et
3768 3247 3902 3301 sub-

2206 3336 2467 3390 tilitatem
2500 3337 2956 3407 disputationum
2990 3337 3180 3390 minus
3221 3353 3353 3390 eum
3394 3336 3720 3405 intelligere
3771 3353 3903 3406 pos-

2206 3442 2423 3492 sumus,
2448 3427 2535 3479 vel
2566 3443 2599 3480 a
2629 3427 2873 3480 Domino
2921 3426 3365 3497 intelligentiam
3399 3426 3781 3495 postulamus,
3816 3426 3902 3478 vel

2205 3515 2275 3568 ab
2304 3516 2403 3581 eis,
2449 3531 2593 3585 quos
2626 3516 2744 3585 ipse
2787 3532 2890 3569 suo
2924 3516 3075 3569 dono
3110 3515 3437 3568 illuminare
3476 3515 3749 3584 dignatus
3795 3520 3899 3579 est,

2204 3602 2501 3656 humiliter
2530 3619 2631 3657 nos
2659 3603 2849 3657 doceri
2883 3604 3171 3673 patiamur
3199 3620 3263 3656 ac
3294 3603 3689 3673 deprecemur.

2279 3694 2415 3745 Nam
2451 3694 2607 3763 quod
2638 3698 2721 3747 est
2753 3693 2934 3762 magis
2977 3693 3308 3759 dolendum,
3359 3698 3414 3746 et
3461 3708 3659 3744 amore
3693 3691 3901 3745 divinae

2205 3781 2457 3835 veritatis
2486 3783 2714 3852 penitus
2760 3782 3158 3836 detestandum
3207 3782 3618 3836 circumferunt
3666 3782 3902 3851 quidem

2203 3871 2458 3925 libellum
2490 3873 2643 3924 velut
2672 3870 2850 3942 ipsius
2881 3872 3117 3924 nomine
3156 3871 3472 3934 titulatum,
3499 3886 3672 3940 quem
3706 3870 3899 3924 Graeco

2203 3961 2479 4015 vocabulo
2546 3961 2932 4031 ὑπομνηστικὸν
2980 3961 3290 4030 appellant,
3342 3975 3514 4030 quem
3565 3974 3757 4029 neque
3809 3960 3899 4011 ille

2204 4056 2431 4103 sanctus
2453 4049 2775 4120 episcopus,
2809 4049 2907 4119 qui
2955 4049 3155 4119 utique
3187 4049 3372 4101 Vitam
3422 4047 3605 4116 ipsius
3650 4046 3894 4116 scripsit,

2203 4144 2257 4193 et
2289 4138 2537 4192 indicem
2588 4138 2848 4191 omnium
2884 4136 3160 4190 librorum
3206 4137 3325 4189 sive
3358 4136 3737 4206 epistolarum
3778 4138 3897 4205 ejus

2203 4226 2638 4297 diligentissime
2669 4226 2728 4279 in
2761 4227 2875 4279 ﬁne
2922 4225 3177 4295 ejusdem
3225 4225 3522 4293 scripturae
3580 4224 3896 4293 subjunxit,

404 4314 533 4383 plex
582 4315 833 4383 querela,
882 4314 1130 4367 maxime
1175 4313 1324 4367 intra
1373 4314 1577 4368 Gallias
1618 4319 1810 4367 exorta
1842 4320 1963 4384 est;
1996 4316 2092 4369 sed
2134 4318 2177 4371 D
2211 4316 2309 4386 qui
2336 4315 2534 4385 utique
2564 4314 2755 4367 omnia
2786 4315 2906 4383 ejus
2937 4314 3147 4383 scripta
3174 4313 3390 4382 optime
3417 4317 3675 4376 noverat,
3703 4319 3898 4381 utpote

404 4401 677 4453 continuo
719 4417 823 4471 per
866 4401 1071 4455 divinae
1120 4401 1522 4455 misericordiae
1570 4403 2010 4473 providentiam,
2043 4410 2098 4458 et

406 4489 659 4543 conciliis
691 4505 755 4542 ac
802 4490 1027 4543 statutis
1076 4490 1539 4546 beatissimorum
1598 4494 1852 4560 Patrum,
1907 4498 1963 4546 et
1992 4494 2088 4547 de-

404 4578 573 4632 cretis
618 4583 789 4649 atque
830 4580 1163 4634 auctoritate
1202 4581 1528 4650 apostolica:
1568 4582 1717 4636 sedis
1758 4582 2097 4652 pontiﬁcum

405 4667 772 4722 solertissime
814 4669 1026 4734 sedata,
1074 4674 1246 4739 atque
1299 4674 1534 4724 sanata:
1590 4671 1670 4723 ita
1715 4676 1779 4724 ut
1822 4671 2009 4724 stultis
2041 4676 2095 4724 et

403 4753 843 4826 indisciplinatis
896 4756 1305 4826 quaestionibus
1350 4756 1642 4809 silentium
1674 4756 2093 4827 imponeretur,

403 4848 460 4897 et
485 4844 825 4898 sanctissimi
865 4860 928 4897 ac
968 4844 1339 4898 sincerissimi
1385 4845 1632 4899 doctoris
1680 4846 1991 4898 auctoritas
2034 4845 2095 4898 in

403 4933 669 4986 omnibus
732 4934 1007 5000 Ecclesiis,
1079 4938 1249 5005 atque
1316 4935 1375 4987 in
1430 4934 1556 5004 ipsa
1613 4934 1745 4988 sede
1788 4934 2097 5004 apostolica

402 5023 860 5077 conﬁrmaretur.
912 5024 1168 5094 Denique
1222 5023 1579 5078 beatissimus
1641 5041 1789 5095 papa
1837 5024 2097 5081 Caelesti-

404 5129 531 5180 nus,
564 5113 724 5182 cujus
763 5112 1099 5166 auctoritate
1147 5117 1203 5166 et
1259 5112 1538 5166 industria
1596 5113 1928 5167 Nestoriana
1979 5114 2094 5167 hae-

403 5201 540 5254 resis
572 5216 831 5270 surgens,
866 5216 995 5254 cum
1030 5217 1133 5254 suo
1182 5207 1412 5254 auctore
1445 5217 1718 5273 oppressa
1758 5206 1862 5267 est,
1896 5208 2094 5255 contra

403 5290 547 5344 tanti
585 5288 691 5343 viri
742 5291 1203 5360 reprehensores,
1256 5291 1341 5344 vel
1392 5292 1585 5360 potius
1628 5289 2091 5358 calumniatores,

402 5378 547 5431 sicut
567 5378 625 5431 in
657 5379 816 5433 libris
846 5379 1143 5433 Canonum
1178 5379 1327 5433 inter
1358 5380 1586 5433 decreta
1616 5379 1951 5449 pontiﬁcum
1982 5380 2091 5434 Ro-

403 5482 703 5521 manorum
737 5468 1146 5534 contineretur,
1180 5468 1405 5539 scripsit
1437 5469 1506 5523 ad
1554 5468 1849 5539 episcopos
1884 5468 2092 5524 Gallia-

400 5569 551 5621 rum,
584 5559 739 5609 tanta
768 5557 1084 5611 reverentia
1106 5558 1346 5611 etlaude
1369 5558 1531 5611 illum
1566 5559 1996 5625 commendans,
2029 5562 2094 5613 ut

2205 4404 2273 4457 ab
2306 4403 2429 4473 ipso
2461 4403 2731 4468 nutritus,
2779 4407 2833 4455 et
2861 4418 2991 4455 cum
3023 4419 3090 4456 eo
3125 4402 3321 4454 multis
3368 4401 3667 4454 curriculis
3712 4417 3897 4453 anno-

2203 4508 2329 4545 rum
2363 4497 2726 4545 conversatus
2755 4491 2906 4544 inter
2951 4496 3180 4544 caeteros
3225 4490 3398 4543 libros
3438 4490 3560 4559 ejus
3592 4495 3895 4542 memorat.

2207 4582 2400 4650 Neque
2444 4581 2591 4633 ullus
2644 4580 2760 4633 fere
2811 4579 3223 4632 ecclesiasticus
3279 4578 3522 4648 scriptor
3570 4578 3694 4647 ejus
3746 4594 3901 4630 men-

2202 4669 2417 4721 tionem
2448 4668 2632 4722 facere
2654 4668 2963 4732 invenitur,
2998 4671 3055 4720 et
3086 4666 3212 4719 ideo
3246 4666 3386 4718 falsa
3407 4665 3901 4734 superscriptione

2200 4758 2493 4811 titulatum
2523 4757 2758 4810 minime
2786 4755 3026 4810 dubium
3058 4762 3158 4807 est.
3195 4756 3354 4809 Hunc
3384 4770 3519 4823 ergo
3565 4753 3659 4806 isti
3686 4754 3901 4807 relictis

2202 4847 2324 4914 ejus
2356 4845 2716 4910 authenticis,
2753 4852 2810 4898 et
2858 4844 3187 4897 clarissimis
3236 4843 3414 4906 libris,
3445 4858 3590 4913 quos
3632 4842 3901 4895 universa

2204 4934 2447 4988 Ecclesia
2479 4933 2760 5004 sequitur,
2796 4933 3134 5003 contingunt
3166 4948 3269 4985 suo
3299 4947 3489 4985 errore
3537 4936 3709 5001 atque.
3743 4947 3901 4983 men-

2202 5025 2383 5087 dacio,
2417 5024 2573 5077 velut
2602 5028 2731 5092 post
2763 5038 2962 5076 omnes
2995 5022 3173 5075 libros
3213 5037 3342 5074 suos
3375 5021 3669 5090 praefatum
3706 5022 3898 5089 ponti-

2200 5114 2365 5167 ficem
2440 5113 2707 5166 ultimum
2783 5110 3203 5180 conscripsisse,
3266 5114 3321 5162 et
3364 5113 3646 5175 asserunt,
3740 5106 3893 5177 quod

2200 5201 2480 5274 quidquid
2537 5201 2597 5255 in
2656 5200 3109 5271 praecedentibus
3152 5198 3311 5252 libris
3364 5197 3478 5249 suis
3527 5197 3597 5251 de
3627 5199 3812 5267 gratia
3846 5202 3901 5249 et

2201 5291 2378 5345 libero
2432 5289 2687 5356 arbitrio,
2739 5289 2808 5343 de
2852 5287 3360 5359 praedestinatione
3406 5290 3463 5339 et
3534 5286 3899 5355 prazscientia

2201 5381 2301 5436 Dei
2333 5388 2635 5450 perperam
2662 5378 2906 5442 dixerat,
2943 5378 3002 5429 in
3027 5376 3133 5429 isto
3157 5375 3419 5429 correxit.
3448 5374 3611 5438 Quod
3653 5375 3893 5427 omnino

2199 5470 2344 5524 absit
2373 5485 2404 5522 a
2442 5468 2626 5534 nobis,
2660 5472 2724 5521 ut
2772 5472 2889 5520 tam
2946 5465 3226 5519 nefarium
3278 5468 3667 5517 commentum
3719 5464 3893 5516 susci-

2199 5573 2334 5627 pere
2381 5558 2703 5626 patiamur:
2757 5560 2822 5609 ut
2870 5558 3107 5625 propter
3152 5551 3473 5606 istiusmodi
3507 5550 3717 5604 librum
3771 5550 3895 5620 (qui
