4096 6186
200 311 335 362 1109

1292 312 1383 366 DE
1424 311 1760 366 TENENDA
1798 311 2205 366 SCRIPTUHAS
2244 312 2617 366 VERITATE.

3567 317 3699 367 HlO

191 455 385 511 neque
434 440 492 493 in
541 441 800 510 catalogo
851 442 1126 494 librorum
1177 441 1320 511 ejus,
1383 457 1568 511 neque
1620 441 1679 495 in
1730 442 1890 496 libris
1930 443 2170 511 Aplexa
2213 441 2529 513 quaestione
2568 442 2637 496 de
2690 443 3048 513 praescientia
3094 448 3149 497 et
3198 445 3697 514 przedestinatione

194 529 676 583 Retractationum
720 530 859 600 ejus,
906 546 1090 600 neque
1133 530 1191 583 in
1240 531 1461 600 scriptis
1509 530 1747 601 alicujus
1788 532 1894 585 viri

188 618 558 671 ecclesiastici
608 618 753 672 forte
803 624 1151 671 memoratus
1200 619 1502 689 reperitur,
1548 626 1604 673 et
1653 621 1893 673 manife-

187 706 444 759 stissime
495 707 758 775 priedicti
806 707 1051 760 doctoris
1104 709 1388 775 sensibus,
1435 709 1549 761 imo
1599 710 1894 762 catholica:

186 794 513 847 sinceritati
559 796 836 864 probatur
900 798 1187 862 adversus,
1242 812 1345 849 nec
1395 797 1519 867 ipso
1566 798 1710 867 stylo
1757 799 1895 850 ulla-

185 886 357 935 tenus
405 898 533 935 cum
584 884 706 951 ejus
764 884 992 954 eloquio
1040 886 1355 954 consonat),
1400 886 1737 955 abjiciamus
1786 888 1894 939 cla-

184 970 421 1023 rissima
449 972 696 1025 veritatis
726 972 1018 1041 dogmata,
1055 989 1181 1042 qua:
1208 973 1267 1026 in
1314 973 1625 1027 verissimis
1671 978 1725 1026 et
1756 990 1892 1043 pro-

182 1058 501 1112 batissimis
547 1061 705 1113 libris
748 1062 869 1129 ejus
906 1077 1024 1115 non
1081 1063 1264 1115 solum
1312 1062 1369 1115 iu
1421 1062 1640 1115 caeteris
1690 1063 1892 1116 mundi

184 1148 472 1216 partibus,
522 1150 617 1202 sed
659 1149 830 1202 etiam
879 1150 936 1203 in
979 1149 1103 1220 ipsa
1147 1152 1280 1203 sede
1339 1150 1669 1220 apostolica,
1704 1151 1891 1203 omnis

183 1237 473 1289 catholica
533 1238 771 1307 suscipit
836 1243 890 1291 et
947 1244 1129 1291 servat
1189 1239 1451 1295 Ecclesia.
1512 1240 1646 1303 Quae
1698 1239 1892 1292 omnia

184 1324 400 1377 idcirco
469 1330 584 1378 tam
671 1326 978 1395 diligenter
1052 1328 1382 1397 replicanda
1461 1328 1765 1394 credimus,
1831 1332 1891 1381 ut

184 1419 418 1466 tantum
460 1416 674 1467 malum
720 1416 789 1468 de
837 1421 1172 1485 contemptu
1207 1422 1263 1468 et
1307 1416 1621 1484 abjectione
1662 1416 1890 1469 sanctis-

183 1503 472 1555 simorum
509 1506 759 1565 Patrum,
790 1509 1013 1557 tantum
1046 1506 1409 1558 mendacium
1441 1506 1509 1558 de
1559 1505 1715 1558 libris
1748 1506 1877 1559 fide-

184 1591 393 1643 lissimi
429 1596 487 1644 et
517 1592 886 1645 sincerissimi
918 1594 1183 1657 doctoris,
1210 1610 1310 1662 per
1332 1594 1482 1663 quod
1512 1593 1887 1647 clarissimam

184 1680 486 1733 veritatem
554 1683 959 1749 respuendam,
1019 1688 1074 1735 et
1130 1683 1482 1735 fallaciarum
1531 1682 1759 1736 umbras
1826 1698 1888 1735 ac

182 1770 431 1822 nebulas
489 1770 805 1839 sequendas
862 1770 953 1823 isti
1010 1771 1375 1840 persuadent,
1421 1772 1652 1839 penitus
1706 1788 1737 1823 a
1784 1788 1883 1824 no-

182 1858 317 1909 stris
354 1857 565 1910 animis
604 1859 967 1927 repellamus.
998 1859 1141 1922 Quia
1167 1859 1215 1911 si
1250 1859 1569 1912 istiusmodi
1602 1859 1886 1913 fallaciam

179 1944 414 1998 incaute
465 1946 825 2015 suscipimus,
876 1946 1051 1999 intrat
1101 1947 1345 2015 putredo
1397 1947 1465 2000 de
1513 1964 1732 2001 veneno
1771 1931 1887 2001 ser:

178 2034 393 2103 pentis,
438 2042 494 2087 et
524 2034 665 2088 nihil
694 2036 983 2103 integrum
1018 2035 1353 2089 remanebit.

248 2121 560 2175 Proferuut
592 2128 647 2175 et
672 2123 848 2176 alium
886 2123 1168 2191 libellum,
1212 2125 1367 2176 velut
1408 2123 1515 2176 sub
1565 2122 1795 2177 nomine
1828 2124 1882 2177 S.

180 2210 519 2279 Hieronymi
586 2211 655 2262 de
718 2210 895 2262 libero
942 2211 1177 2263 arbitrio
1240 2211 1646 2279 conscriptum,
1715 2227 1886 2281 quem

184 2300 389 2369 utique
422 2298 631 2350 clarius
658 2298 869 2352 debent
899 2300 1220 2364 ostendere,
1256 2304 1315 2351 ut
1345 2301 1635 2370 probetur,
1667 2302 1728 2370 {si
1760 2317 1887 2353 vere

182 2388 370 2457 ipsius
401 2404 525 2440 esse
552 2387 868 2440 credendus
899 2388 989 2440 sit.
1027 2389 1137 2440 Nos
1179 2388 1331 2441 enim
1382 2389 1591 2441 scimus
1620 2390 1886 2442 eumdem

182 2482 449 2529 sanctum
508 2475 918 2545 Hieronymum
960 2478 1019 2529 in
1064 2478 1315 2545 quodam
1366 2493 1540 2547 opere
1583 2478 1651 2531 de
1708 2478 1887 2531 libero

181 2565 479 2633 scripsisse
549 2564 803 2627 arbitrio,
863 2570 918 2617 et
982 2565 1237 2633 posuisse
1303 2565 1441 2618 duas
1503 2567 1886 2635 quorumdam

182 2653 509 2723 opiniones,
542 2669 787 2723 quarum
839 2669 1010 2705 unam
1056 2655 1337 2724 sequitur,
1375 2656 1610 2707 alteram
1647 2655 1885 2709 omnino

183 2743 410 2810 respuit
460 2742 718 2795 Ecclesia.
753 2744 1063 2795 Caveamus
1116 2742 1311 2812 itaque
1362 2742 1727 2813 (inquautum
1775 2746 1886 2797 Deo

181 2831 500 2884 auxiliante
550 2832 877 2899 possumus)
929 2830 1227 2883 mendacia
1289 2831 1560 2883 adversus
1606 2832 1779 2884 fidem
1832 2836 1887 2884 et

180 2920 487 2971 veritatem
557 2918 851 2986 surgentia
915 2935 926 2970 :
986 2916 1041 2970 et
1110 2918 1353 2972 maxime
1414 2919 1521 2972 hoc
1602 2925 1881 2988 tempore,

180 3006 420 3077 quando
454 3006 701 3058 terribili
733 3005 831 3058 Dei
856 3005 1092 3074 judicio,
1142 3010 1197 3060 et
1245 3007 1573 3076 ignorantia
1612 3008 1796 3076 major
1825 3008 1884 3061 in

182 3092 518 3146 hominibus
576 3093 745 3163 coepit
812 3108 1187 3156 succrescere,
1246 3098 1300 3146 et
1368 3095 1668 3164 multiplex
1722 3110 1883 3148 error

180 3181 423 3234 liberius
455 3180 757 3249 pullulare.
794 3180 901 3234 Sed
948 3187 1002 3234 et
1034 3182 1078 3234 si
1120 3182 1247 3250 quis
1278 3182 1338 3233 in
1374 3182 1590 3235 ratione
1632 3182 1763 3235 fidei
1797 3183 1882 3235 vel

176 3275 356 3333 errat,
390 3269 478 3322 vel
509 3284 700 3321 errare
747 3274 1000 3339 putatur,
1037 3268 1235 3339 utique
1282 3286 1398 3323 non
1433 3271 1730 3324 mendacio
1757 3271 1884 3324 vin-

176 3358 395 3411 cendos
427 3362 532 3423 est,
565 3358 661 3411 sed
714 3358 971 3422 veritate,
1014 3358 1161 3411 sicut
1206 3364 1261 3411 et
1303 3359 1505 3412 beatus
1535 3360 1882 3429 Augustinus

178 3448 248 3500 ad
319 3448 630 3516 quemdam
693 3447 1028 3517 scriptorem
1085 3447 1471 3517 improvidum
1524 3448 1882 3502 Vincentium

182 3536 466 3589 Victorem
499 3535 636 3587 dicit
667 3550 681 3587 :
739 3536 873 3604 [Nos
905 3542 957 3589 te
991 3536 1070 3588 ita
1117 3536 1381 3589 volumus
1422 3552 1541 3590 esse
1584 3537 1879 3604 victorem,

182 3630 247 3677 ut
280 3624 536 3676 veritatis
567 3623 753 3676 vincat
794 3640 1069 3688 errorem,
1117 3640 1231 3677 non
1267 3641 1427 3678 error
1474 3642 1750 3693 errorem,
1803 3630 1878 3693 et,

181 3714 338 3784 quod
368 3719 451 3766 est
482 3714 665 3783 pejus,
697 3714 879 3782 major
909 3713 1235 3781 minorem.]

256 3803 390 3856 Haec
438 3802 507 3855 de
558 3803 745 3871 primo
797 3802 1045 3871 capitulo
1107 3801 1511 3855 definitionum
1563 3804 1879 3858 necessario

180 3890 333 3944 dicta
383 3890 521 3955 sint,
576 3895 638 3943 ut
690 3895 745 3943 et
789 3891 834 3942 si
872 3889 1030 3960 quid,
1076 3896 1347 3961 surgente
1391 3891 1629 3945 obscura
1658 3897 1713 3945 et
1753 3909 1880 3962 per-

2001 530 2211 595 divina,
2248 532 2723 585 inconsideratius
2754 538 2925 603 atque
2954 532 3449 585 inconvenientius
3478 533 3697 588 dictum

2002 624 2105 684 est,
2146 636 2259 673 non
2288 620 2641 673 contentiose
2682 620 3040 685 defendatur,
3093 636 3193 673 nec
3227 621 3489 689 synodali
3522 622 3693 674 etiam

2000 709 2333 761 auctoritate
2360 709 2713 761 fulciendum
2749 714 2983 778 putetur
3009 725 3021 761 :
3048 710 3145 761 sed
3181 710 3371 777 potius
3406 710 3600 777 agnita
3619 712 3696 765 di.

2002 798 2133 849 vina
2165 798 2422 862 veritate,
2473 804 2529 850 et
2563 801 2788 866 recepta
2828 796 3123 850 humiliter
3169 802 3408 866 paterna
3448 799 3694 852 auctori-

2000 890 2135 951 tate,
2169 887 2419 939 velocius
2440 891 2496 939 et
2527 886 2799 938 attentius
2826 886 3167 953 corrigatur.

2703 992 2924 1045 CAPUT
2963 993 3021 1045 .

2001 1082 2238 1135 Censura
2285 1082 2516 1148 capituli
2570 1080 2814 1135 secundi.
2867 1083 2938 1133 De
2981 1096 3108 1132 vera
3159 1081 3365 1136 Christi
3412 1082 3599 1146 gratia
3644 1085 3694 1132 et

2622 1153 2788 1204 libero
2818 1152 3069 1203 arbitrio.

2066 1237 2335 1308 Sequitur
2362 1239 2673 1292 secundum
2726 1239 3059 1293 earumdem
3093 1238 3490 1292 definitionum
3539 1238 3691 1305 capi-

1998 1326 2206 1393 tulum,
2241 1328 2401 1396 cujus
2438 1329 2612 1380 verba
2642 1329 2763 1380 haec
2793 1332 2925 1380 sunt
2958 1345 2969 1380 :

2071 1417 2476 1471 Libertatem
2538 1417 2758 1471 arbitrii
2808 1418 2865 1470 in
2916 1417 3105 1486 primo
3166 1415 3399 1469 homine
3448 1414 3696 1483 perdidi-

2000 1520 2143 1568 mus,
2184 1521 2355 1575 quam
2390 1522 2494 1575 per
2523 1506 2812 1559 Christum
2863 1506 3168 1559 Dominum
3201 1510 3459 1559 nostrum
3492 1502 3696 1571 recipi-

1998 1610 2144 1659 mus,
2179 1600 2230 1646 et
2258 1595 2534 1648 habemus
2567 1595 2806 1647 liberum
2839 1594 3141 1647 arbitrium
3176 1594 3244 1645 ad
3276 1594 3514 1655 bonum,
3546 1608 3699 1660 pras-

1996 1690 2251 1747 veutum,
2303 1691 2359 1735 et
2416 1684 2676 1751 adjutum
2723 1683 2951 1752 gratia:
3002 1688 3057 1735 et
3112 1682 3385 1735 habemus
3446 1682 3694 1733 liberum

1997 1772 2295 1824 arbitrium
2331 1771 2399 1824 ad
2452 1772 2687 1835 malum,
2732 1772 3018 1825 desertum
3062 1772 3262 1841 gratia.
3298 1770 3563 1823 Liberum
3594 1786 3695 1821 au-

1997 1865 2111 1913 tem
2156 1860 2430 1914 habemus
2479 1860 2806 1925 arbitrium,
2857 1860 2992 1929 quia
3044 1859 3229 1928 gratia
3278 1858 3606 1923 liberatum,
3640 1860 3696 1909 et

1996 1948 2180 2017 gratia
2212 1948 2281 2002 de
2311 1953 2583 2017 corrupto
2618 1954 2902 2001 sanatum.

2694 2051 2998 2090 CENSL'RA.

2067 2124 2270 2179 Mirum
2304 2128 2387 2177 est
2426 2125 2621 2194 igitur,
2654 2141 2756 2178 cur
2799 2141 2901 2194 per
2931 2124 3037 2177 hoc
3077 2129 3191 2175 tam
3238 2120 3469 2174 confuse
3498 2126 3554 2173 et
3583 2121 3690 2172 ob-

1994 2216 2141 2279 tuse,
2192 2230 2253 2266 ac
2303 2214 2592 2266 decurtate
2647 2214 2714 2267 de
2752 2213 2933 2266 libero
2981 2212 3221 2265 arbitrio
3264 2210 3567 2263 definitum
3597 2210 3688 2273 sit,

1994 2318 2123 2354 cum
2186 2302 2424 2355 Domino
2481 2302 2757 2371 largiente
2815 2301 3107 2354 abundent
3166 2300 3222 2353 in
3268 2298 3512 2352 Ecclesia
3564 2298 3690 2365 ejus

1995 2397 2318 2443 sanctorum
2374 2396 2544 2459 atque
2592 2390 3047 2443 orthodoxorum
3089 2390 3321 2441 Patrum
3368 2387 3436 2438 de
3478 2386 3583 2438 hac
3628 2402 3686 2437 re

1993 2479 2343 2548 plenissimae
2371 2484 2429 2533 et
2457 2478 2787 2532 clarissima:
2816 2478 3179 2532 definitiones
3206 2493 3218 2529 :
3260 2476 3319 2529 in
3347 2475 3555 2545 quibus
3588 2491 3690 2527 nec

1993 2568 2315 2621 addendum
2370 2568 2588 2637 aliquid
2637 2569 2844 2631 fuerat,
2884 2583 2987 2619 nec
3032 2565 3505 2629 subtrahendum,
3554 2564 3692 2633 quia

1993 2662 2052 2709 et
2090 2656 2242 2726 quod
2275 2656 2405 2709 fidei
2451 2657 2746 2709 catholica:
2792 2655 3173 2708 necessarium
3214 2658 3319 2718 est,
3364 2652 3693 2722 plenissime

1994 2745 2309 2810 continent,
2343 2750 2397 2797 et
2427 2746 2471 2796 si
2506 2745 2633 2813 quis
2666 2745 2799 2797 inde
2832 2744 3219 2807 subtrahatur,
3256 2740 3508 2795 veritatis
3540 2741 3690 2793 inte-

1993 2833 2172 2903 gritas
2230 2833 2495 2886 violatur.
2544 2833 2583 2884 E
2640 2833 2848 2902 quibus
2892 2832 3141 2901 paternis
3183 2836 3241 2883 et
3300 2828 3694 2882 ecclesiasticis

1994 2920 2445 2985 definitionibus,
2463 2920 2710 2989 exempli
2735 2920 2941 2985 gratia,
2961 2921 3079 2972 haec
3092 2935 3273 2987 pauca
3286 2917 3685 2986 proponimus.

2070 3013 2116 3062 l.
2172 3012 2280 3073 (Ea:
2310 3012 2488 3076 Epist.
2537 3010 2807 3063 C(Blestini
2855 3023 2985 3074 pap.
3036 3024 3082 3059 c.
3127 3007 3205 3071 4.)
3248 3007 3310 3058 lu
3361 3004 3691 3073 prwvarica-

1990 3096 2148 3150 tione
2197 3097 2327 3149 Adae
2378 3112 2578 3149 omnes
2626 3095 2891 3148 homines
2976 3096 3293 3147 naturalem
3342 3092 3689 3162 possibilita-

1993 3190 2110 3239 tem
2141 3191 2197 3239 et
2228 3184 2612 3239 innocentiam
2650 3184 2964 3253 perdidisse
2998 3200 3010 3235 :
3045 3187 3101 3235 et
3124 3183 3419 3235 neminem
3452 3181 3520 3233 de
3561 3196 3690 3249 pro-

1993 3275 2171 3327 fundo
2202 3274 2354 3327 illius
2381 3274 2562 3326 ruinae
2596 3288 2698 3342 per
2726 3264 2973 3327 liberum
3005 3271 3304 3323 arbitrium
3347 3286 3511 3339 posse
3542 3284 3684 3321 con-

1994 3378 2249 3431 surgere,
2281 3362 2392 3415 nisi
2422 3378 2553 3414 eum
2585 3361 2766 3429 gratia
2800 3360 2899 3413 Dei
2926 3359 3249 3412 miserantis
3280 3358 3541 3411 erexerit.

2066 3454 2115 3504 2.
2151 3451 2347 3519 (Ibid,
2408 3468 2454 3503 c.
2508 3453 2586 3515 7.)
2637 3449 2797 3513 Quod
2855 3464 3023 3502 nemo
3081 3448 3190 3500 nisi
3238 3463 3341 3516 per
3399 3445 3688 3499 Christum

1995 3537 2175 3591 libero
2208 3538 2350 3591 bene
2385 3542 2577 3591 utatur
2608 3537 2863 3591 arbitrio.

2075 3630 2125 3680 3.
2158 3627 2344 3695 (lbid.,
2383 3643 2430 3679 c.
2465 3629 2542 3692 8.)
2580 3625 2742 3689 Quod
2771 3624 2966 3679 omnia
2997 3624 3183 3677 studia
3209 3628 3265 3677 et
3295 3623 3490 3677 omnia
3516 3639 3690 3693 opera

1996 3732 2058 3770 ac
2089 3716 2291 3769 merita
2320 3723 2643 3768 sanctorum
2692 3715 2759 3767 ad
2804 3714 2901 3767 Dei
2948 3713 3191 3781 gloriam
3233 3712 3575 3782 laudemque
3609 3729 3691 3765 re-

1993 3805 2228 3859 ferenda
2261 3804 2392 3867 sint,
2425 3804 2561 3873 quia
2604 3819 2771 3855 nemo
2818 3802 3049 3855 aliunde
3099 3802 3150 3853 ei
3189 3802 3430 3869 placeat,
3483 3800 3589 3852 nisi
3620 3816 3686 3854 ex

1994 3910 2060 3947 eo
2094 3894 2246 3963 quod
2270 3892 2391 3961 ipse
2416 3892 2728 3946 donaverit.

1490 4019 1815 4077 DUVALLII
1858 4020 2198 4076 DOCTORIS
2238 4021 2620 4077 SORBONICI.

304 4123 462 4195 Hanc
493 4121 629 4195 dicit
659 4137 762 4174 nos
792 4138 894 4192 per
927 4128 1223 4191 peccatum
1250 4123 1383 4177 Ad
1424 4124 1701 4177 amisisse.
1727 4125 1880 4179 Sicut
1920 4127 1962 4181 D
1992 4132 2202 4189 catum,
2257 4126 2369 4179 sive
2424 4125 2752 4195 praecedens
2806 4124 2917 4176 sive
2970 4123 3344 4191 subsequens,
3388 4137 3493 4195 nos
3540 4122 3685 4195 Deus

180 4198 237 4245 et
286 4192 641 4265 Caelestinusi
677 4209 841 4262 papa,
894 4210 1016 4263 cap.
1050 4196 1083 4247 4
1113 4195 1412 4263 Apologia:
1464 4212 1566 4265 pro
1601 4198 1878 4265 Prospero

181 4268 239 4315 et
273 4264 508 4316 Hilario.
540 4264 645 4318 Sed
683 4280 783 4333 per
812 4280 936 4317 eam
986 4265 1254 4334 intelligit
1292 4264 1543 4318 sanctam
1589 4264 1883 4333 cogitatio-

182 4350 341 4395 nem,
375 4336 535 4402 pium
568 4335 870 4387 consilium
914 4352 1261 4405 omnemque
1293 4336 1457 4389 bona:
1489 4343 1545 4389 et
1585 4344 1749 4389 rectas
1782 4354 1877 4389 vo-

183 4407 426 4458 luntatis
466 4411 708 4477 motum,
756 4422 884 4475 quae
932 4412 1062 4459 ante
1105 4414 1402 4476 peccatum
1448 4423 1551 4475 per
1595 4408 1879 4477 justitiam

185 4477 534 4543 originalem
580 4476 806 4529 inerant
854 4478 1091 4541 homini,
1152 4494 1266 4530 non
1312 4478 1546 4547 quidem
1602 4476 1880 4547 tauquam

186 4554 412 4599 naturae
444 4547 846 4617 proprietates,
890 4549 988 4601 sed
1018 4550 1200 4601 solum
1246 4548 1315 4601 ab
1356 4548 1593 4601 instanti
1632 4550 1877 4601 creatio-

182 4619 270 4670 nis
309 4617 495 4686 ipsius
538 4624 805 4670 naturm:
852 4634 966 4688 quo
1015 4635 1184 4671 sensu
1233 4619 1302 4671 ab
1358 4619 1606 4673 Ecclesia
1654 4620 1878 4687 Lugdu

183 4690 347 4742 nensi
378 4688 585 4741 dicitur
617 4690 891 4742 naturalis
920 4690 1282 4759 possibilitas.
1318 4691 1411 4742 Vel
1445 4690 1615 4743 dicito
1648 4691 1883 4743 nomine

185 4760 470 4811 naturalis
524 4758 679 4811 illius
746 4758 1134 4827 possibilitatis
1220 4761 1530 4829 significari
1602 4762 1881 4830 justitiam

182 4832 371 4899 ipsam
425 4830 787 4898 originalem,
831 4831 965 4900 quia
1006 4847 1206 4883 omnes
1252 4832 1545 4884 facultates
1595 4834 1883 4885 naturales

180 4907 298 4954 tam
336 4901 516 4953 animi
547 4916 720 4970 quam
766 4901 1021 4970 corporis
1067 4902 1124 4954 in
1165 4902 1357 4955 debito
1404 4903 1648 4971 quodam
1696 4904 1883 4957 officio

181 4971 539 5036 continebat,
571 4977 625 5023 et
652 4972 945 5024 hominem
978 4972 1037 5024 in
1084 4977 1231 5025 statu
1284 4977 1501 5025 naturae
1547 4975 1786 5043 integra:
1829 4979 1884 5027 et

181 5059 285 5113 per
316 5048 614 5110 peccatum
646 5043 881 5113 minime
916 5044 1119 5095 sauciae
1152 5044 1548 5097 constituebat.

251 5114 399 5194 Sub
442 5113 615 5165 finem
655 5112 924 5194 Ividetur
962 5114 1289 5194 admittere
1316 5114 1882 5194 prazdestinatiouem

182 5188 447 5254 respectu
478 5187 860 5251 peccatorum.
895 5183 1003 5237 Sed
1062 5185 1167 5237 hoc
1207 5183 1571 5254 veliutellige
1617 5186 1684 5237 de
1753 5201 1883 5253 pec-

178 5256 322 5307 catis
368 5254 866 5323 subsequentibus,
902 5270 1031 5322 quaa
1073 5262 1134 5307 ut
1175 5255 1490 5324 plurimum
1538 5271 1719 5325 preme
1752 5260 1885 5308 sunt

178 5326 670 5396 praecedentium;
732 5330 865 5377 tunc
908 5326 1060 5378 enim
1120 5342 1233 5378 non
1280 5326 1337 5378 in
1380 5327 1599 5379 ratione
1645 5327 1880 5395 peccati.

178 5396 282 5449 sed
316 5397 379 5449 in
409 5396 633 5448 ratione
667 5412 842 5463 pmnaa
886 5396 1115 5449 decerni
1146 5402 1200 5449 et
1228 5397 1623 5465 praedestinari
1648 5414 1814 5466 posse
1847 5415 1879 5451 a

182 5470 301 5521 Deo
336 5466 587 5519 affirmat
619 5467 862 5519 Ecclesia
909 5468 1299 5535 Lugdunensis
1338 5484 1350 5519 :
1386 5468 1492 5520 hoc
1523 5468 1675 5520 enim
1710 5469 1877 5521 modo

180 5539 443 5608 aliquam
487 5538 772 5607 aequitatis
821 5543 877 5589 et
907 5538 1145 5604 justitize
1194 5539 1547 5591 vindicativae
1596 5539 1877 5593 rationem

180 5609 557 5680 participant.
596 5610 801 5661 Verum
837 5611 965 5677 quia
993 5625 1285 5679 nunquam
1326 5610 1396 5662 ad
1424 5610 1720 5680 quodlibet
1751 5627 1877 5680 pec-

1990 4197 2337 4267 praaordinat
2386 4192 2743 4267 (sequeretur
2783 4195 2935 4247 enim
2986 4196 3131 4271 Deus
3167 4210 3285 4271 esse
3318 4194 3517 4271 saltem
3553 4192 3687 4271 sub-

1990 4264 2358 4337 sequentium
2394 4264 2769 4337 peccatorum
2815 4266 3165 4329 auctorem),
3206 4264 3331 4315 ideo
3360 4264 3552 4337 satius
3581 4268 3689 4337 est

1992 4334 2335 4407 respondere
2404 4334 2706 4392 Ecclesiam
2758 4337 3197 4407 Lugdunensem
3259 4334 3513 4402 accipere
3579 4334 3689 4386 hoc

1992 4406 2111 4461 loco
2176 4410 2706 4477 prwdcstinationem
2780 4424 2881 4477 pro
2947 4406 3291 4474 providentia
3349 4411 3688 4473 tantumque

1988 4480 2133 4532 velle
2187 4482 2365 4532 Deum
2418 4481 2625 4532 habere
2675 4477 3089 4548 providentiam
3125 4481 3509 4548 peccatorum,
3555 4478 3689 4548 quia

1989 4555 2053 4602 ut
2106 4551 2321 4619 aliquid
2370 4551 2473 4602 sub
2522 4547 2882 4619 providentia
2929 4548 3093 4619 cadat
3154 4547 3421 4619 satisrest
3470 4548 3516 4599 si
3568 4547 3689 4619 hinc

1989 4620 2098 4673 tria
2164 4616 2588 4673 concurranh:
2662 4623 2716 4672 1
2780 4624 2840 4670 ut
2906 4634 2937 4669 a
2996 4618 3109 4669 Deo
3174 4618 3346 4669 fuerit
3408 4634 3475 4669 ex
3533 4616 3687 4669 omni

1989 4692 2308 4746 asternitate
2352 4690 2692 4760 praevisum;
2751 4692 2812 4741 2
2872 4693 2935 4760 ut
2979 4687 3194 4758 absque
3250 4689 3348 4741 Dei
3396 4690 3685 4760 voluntate

1991 4764 2193 4815 saltem
2229 4757 2560 4833 permissiva
2593 4778 2705 4813 non
2750 4757 3114 4833 eveniat;_2'
3155 4765 3217 4812 ut
3247 4775 3376 4833 eum
3409 4757 3681 4833 evenerit,

1991 4828 2402 4886 ordinet-illud
2450 4834 2595 4885 Deus
2638 4833 2706 4883 ad
2752 4832 2922 4883 finem
2973 4831 3222 4900 aliquem
3277 4830 3510 4881 bonum.
3543 4828 3683 4880 Cum

1992 4920 2127 4973 ergo
2158 4912 2383 4974 peccata
2417 4902 2806 4974 sintprrevisa
2860 4909 2913 4954 et
2966 4902 3239 4974 permissa
3290 4915 3321 4949 a
3356 4900 3467 4949 Deo
3514 4904 3683 4974 atque

1992 4970 2175 5027 etiam
2196 4974 2457 5027 ordinata
2488 4970 2809 5046 ad'bonum
2840 4970 3036 5046 tinem,
3073 4970 3345 5046 nimirum
3380 4974 3440 5019 ut
3464 4984 3567 5046 per
3590 4970 3686 5046 illa

1990 5046 2239 5099 declaret
2284 5047 2429 5097 Deus
2470 5060 2629 5097 suam
2669 5044 2954 5116 justitiam
2996 5042 3129 5095 dum
3182 5040 3239 5091 in
3270 5040 3387 5116 .illa
3434 5039 3685 5116 animad-

1993 5117 2177 5177 vertit,
2242 5122 2337 5169 aut
2389 5108 2857 5182 misericordiam,
2920 5115 3054 5187 dum
3121 5108 3685 5187 quaidambenigue

1994 5188 2208 5240 relaxat
2244 5203 2254 5239 :
2290 5186 2485 5255 negari
2516 5204 2630 5239 non
2662 5180 2849 5256 potest
2879 5182 3283 5260 quiu'peccata
3308 5180 3517 5260 divina).
3552 5195 3682 5260 pro-

1990 5258 2255 5330 videntia:
2285 5252 2616 5330 subjaceant
2658 5252 2754 5330 seu
2790 5252 3403 5330 prafdestinationizf
3442 5255 3681 5330 August.

1990 5329 2051 5381 in
2102 5322 2447 5392 Enchiridib,
2498 5345 2619 5401 cap.
2660 5328 2750 5401 ll,
2797 5324 3039 5401 etiiqu
3090 5322 3159 5375 de
3200 5322 3556 5401 Civit.,_canp.
3587 5324 3685 5401 17,

1996 5402 2059 5452 l8
2091 5404 2147 5452 et
2178 5403 2275 5465 23;
2308 5393 2582 5452 Ambros:
2607 5400 2642 5451 l.
2722 5397 2789 5449 de
2821 5393 3052 5455 Ofciis,
3094 5409 3217 5465 cap.
3268 5394 3330 5445 14
3363 5398 3419 5444 et
3454 5395 3547 5456 16;
3584 5393 3686 5445 Eu-

1988 5472 2108 5526 seb.
2159 5464 2267 5523 lib.
2307 5488 2378 5523 vn
2428 5466 2867 5537 Praeparationis
2914 5464 3276 5537 evangelicze,
3332 5479 3456 5537 cap.
3506 5466 3571 5527 5;
3628 5468 3683 5516 et

1992 5542 2053 5594 D.
2087 5541 2349 5603 Thomas,
2388 5533 2588 5610 quiest.
2624 5541 2710 5604 22,
2797 5541 2964 5607 part.,
3002 5535 3155 5587 artic.
3193 5538 3245 5599 2,
3280 5533 3346 5587 ad
3379 5536 3431 5585 2.
