4096 6186
428 309 559 361 illi

1546 303 1599 357 S.
1642 301 1923 356 REMIGII
1965 300 2445 359 LCGDUNENSIS
2485 300 2797 359 EPISCOPI

3800 311 3936 361 ill?

495 440 549 494 4.
581 438 769 510 (Ibid,
803 454 850 492 c.
886 437 963 506 9.)
1015 436 1177 500 Quod
1218 434 1294 489 ita
1335 437 1479 490 Deus
1521 434 1579 488 in
1617 434 1883 488 cordibus
1922 433 2114 488 homi-
2152 436 2197 486 Α
2301 436 2439 489 Cum
2474 436 2595 489 haec
2624 436 2701 489 ita
2746 436 2879 502 sint,
2924 441 2977 491 et
3028 436 3272 491 liberum
3315 438 3619 493 arbitrium
3664 440 3935 494 omnibus

426 544 589 595 num,
623 532 791 597 atque
817 525 877 579 in
908 525 1031 594 ipso
1061 524 1243 579 libero
1265 528 1532 594 operetur
1560 523 1822 588 arbitrio,
1846 528 1908 576 ut
1927 527 2122 576 sancta

426 616 714 689 cogitatio,
772 614 934 684 pium
985 614 1291 668 consilium
1347 612 1653 682 omnisque
1714 618 1899 665 motus
1954 612 2121 665 bona:

406 704 737 760 voluntatis
782 719 843 756 ex
888 704 1001 757 Deo
1051 702 1120 756 sit
1154 719 1166 755 :
1198 702 1333 772 quia
1373 717 1475 770 per
1526 701 1687 755 illum
1740 700 1955 771 aliquid
1987 700 2122 754 boni

427 808 753 865 possumus,
786 792 911 846 sine
943 807 1057 861 quo
1087 790 1233 844 nihil
1266 805 1589 859 possumus.

500 885 548 935 5.
587 880 778 947 (Ibat,
827 896 874 933 c.
922 878 1029 948 12.)
1068 878 1337 933 Omnium
1391 877 1708 930 studiorum
1747 876 2125 946 omniumque

431 970 729 1035 virtutum,
779 968 991 1039 quibus
1033 967 1102 1020 ab
1153 966 1319 1019 initio
1364 966 1494 1019 ﬁdei
1539 965 1610 1019 ad
1652 965 1957 1019 Dominum
2001 970 2124 1018 ten-

427 1058 600 1125 ditur,
645 1059 826 1112 Deum
857 1056 1199 1127 proﬁtemur
1229 1059 1551 1117 auctorem;
1585 1057 1639 1107 et
1668 1069 1779 1107 non
1800 1054 2128 1107 dubitamus

430 1148 500 1202 ad
531 1146 710 1217 ipsius
740 1147 925 1217 gratia
955 1144 1151 1198 omnia
1182 1142 1430 1197 hominis
1454 1142 1662 1196 merita
1691 1142 1995 1212 praeveniri
2026 1157 2129 1211 per

431 1252 605 1308 quem
643 1236 708 1288 ﬁt
738 1240 802 1288 ut
832 1234 1048 1304 aliquid
1078 1232 1212 1286 boni
1235 1238 1291 1285 et
1312 1233 1453 1285 velle
1474 1231 1816 1300 incipiamus
1839 1235 1896 1284 et
1920 1230 2124 1285 facere.

431 1324 554 1389 Quo
585 1323 785 1393 utique
816 1322 1031 1374 auxilio
1065 1325 1120 1373 et
1150 1319 1537 1373 misericordia
1570 1319 1671 1373 Doi
1703 1335 1817 1371 non
1874 1319 2130 1371 aufertur

435 1413 680 1467 liberum
730 1410 1055 1479 arbitrium,
1100 1408 1197 1463 sed
1239 1408 1547 1477 ;liberatur,
1603 1412 1666 1461 ut
1714 1408 1782 1461 de
1830 1408 2128 1461 tenebroso

434 1501 713 1567 lucidum,
747 1499 816 1553 de
862 1515 1037 1569 pravo
1082 1503 1321 1562 rectum,
1353 1498 1421 1551 de
1467 1496 1739 1567 languido
1788 1512 2012 1563 sanum,
2061 1496 2131 1549 de

434 1588 799 1659 imprudente
830 1588 902 1640 sit
932 1586 1257 1657 providum.
1288 1587 1469 1640 Tanta
1508 1586 1662 1638 enim
1710 1590 1793 1639 est
1836 1601 1972 1654 erga
2020 1600 2132 1638 om-

434 1694 536 1733 nes
565 1677 826 1731 homines
855 1676 1082 1729 bonitas
1111 1676 1228 1742 Dei,
1265 1679 1329 1728 ut
1364 1680 1561 1728 nostra
1593 1674 1727 1727 velit
1765 1691 1885 1727 esse
1928 1674 2133 1727 merita

435 1782 564 1839 quae
597 1770 728 1819 sunt
756 1764 937 1835 ipsius
983 1765 1131 1818 dona
1164 1780 1176 1817 :
1220 1768 1277 1817 et
1324 1780 1426 1833 pro
1474 1763 1562 1817 his
1594 1779 1721 1833 qua:
1761 1762 1999 1833 largitus
2027 1767 2129 1828 est,

435 1860 650 1910 aeterna
679 1853 917 1923 praemia
947 1852 1021 1906 sit
1064 1853 1397 1906 donaturus.
1429 1851 1561 1921 Agit
1599 1850 1814 1921 quippe
1844 1851 1904 1903 in
1942 1850 2128 1918 nobis,

433 1948 501 1999 ut
533 1943 683 2014 quod
712 1943 851 2009 vult,
887 1946 943 1994 et
968 1940 1230 2005 velimus,
1264 1944 1320 1992 et
1349 1954 1607 2009 agamus.

508 2036 558 2085 6.
598 2032 705 2102 (Ea:
736 2031 1038 2098 Augustini
1062 2031 1219 2097 epist.
1259 2026 1406 2096 l07.)
1443 2028 1706 2081 Fatemur
1735 2026 1981 2095 gratiam
2034 2025 2133 2081 Dei

437 2124 495 2176 et
518 2119 870 2190 adjutorium
908 2119 1080 2172 etiam
1109 2117 1177 2170 ad
1223 2116 1475 2186 singulos
1503 2119 1659 2168 actus
1698 2114 1849 2180 dari;
1883 2130 2133 2184 namque

438 2225 556 2262 non
587 2208 709 2261 dari
740 2206 1057 2260 secundum
1086 2203 1289 2257 merita
1320 2208 1535 2269 nostra,
1572 2208 1636 2256 ut
1661 2218 1791 2255 vera
1826 2203 1897 2255 sit
1925 2202 2132 2273 gratia,

436 2297 494 2351 id
525 2301 609 2350 est
646 2295 820 2367 gratis
851 2295 1004 2358 data,
1037 2309 1140 2363 per
1170 2293 1294 2362 ejus
1333 2291 1786 2346 misericordiam
1821 2291 1921 2361 qui
1947 2292 2085 2345 dixit
2118 2307 2131 2345 :

445 2408 465 2433 ι
496 2384 803 2440 Miserebor
842 2383 932 2437 cui
980 2382 1246 2436 misertus
1291 2398 1387 2435 ero
1434 2380 1605 2451 (Rom.
1657 2396 1728 2446 1x,
1785 2378 1890 2448 15).
1945 2400 1971 2427 ››
2020 2380 2131 2432 Et:

442 2493 471 2525 ((
528 2471 969 2527 Misericordiam
1038 2471 1341 2542 praestabo,
1421 2470 1515 2524 cui
1590 2469 1911 2524 misericors
1979 2468 2135 2522 fuero

442 2562 640 2629 (Exod.
678 2577 797 2625 Lm,
834 2560 936 2629 19).
972 2581 998 2607 ››

512 2655 566 2703 ‘7.
600 2651 867 2703 Fatemur
900 2664 1019 2701 esse
1051 2647 1295 2700 liberum
1329 2646 1632 2700 arbitrium
1672 2644 1902 2698 etiamsi
1947 2643 2137 2698 divino

443 2736 666 2807 indiget
694 2734 1001 2805 adjutorio.

514 2824 715 2893 8.‘(Ea:
768 2823 965 2878 Concit.
1024 2821 1279 2875 Arausic.
1340 2835 1463 2873 can.
1534 2819 1639 2890 l3.)
1674 2819 1987 2874 Arbitrium
2048 2837 2139 2873 vo-

446 2913 679 2967 luntatis
705 2912 765 2966 in
796 2911 983 2981 primo
1012 2910 1246 2964 homine
1282 2909 1658 2976 inﬁrmatum,
1699 2909 1805 2962 nisi
1854 2925 1957 2981 per
2005 2924 2138 2979 gra-

444 3002 580 3056 tiam
613 2999 881 3071 baptismi
914 3015 1028 3053 non
1060 3002 1246 3069 potest
1276 2998 1549 3069 reparari.

517 3095 567 3146 9.
597 3091 913 3146 Arbitrium
939 3088 1249 3143 voluntatis
1278 3093 1413 3142 tunc
1443 3094 1527 3141 est
1552 3103 1680 3141 vere
1711 3088 1981 3155 liberum,
2009 3104 2140 3142 cum

446 3180 596 3234 vitiis
624 3179 983 3250 peccatisque
1027 3193 1143 3231 non
1188 3177 1377 3231 servit.
1416 3178 1546 3230 Tale
1581 3176 1778 3230 datum
1818 3180 1900 3230 est
1938 3193 1970 3229 a
2004 3179 2137 3244 Deo,

448 3270 644 3339 utique
676 3267 897 3322 homini
928 3267 1113 3337 primo
1140 3282 1152 3319 :
1188 3266 1342 3336 quod
1372 3265 1667 3331 amissum,
1693 3265 1804 3319 nisi
1838 3285 1871 3320 a
1901 3283 2015 3338 quo
2046 3283 2144 3336 po-

447 3358 557 3411 tuit
610 3356 754 3418 dari,
805 3372 920 3409 non
985 3356 1173 3425 potuit
1219 3353 1400 3407 reddi.
1464 3354 1621 3407 Unde
1684 3354 1901 3408 Veritas
1962 3356 2133 3410 dicit:

449 3464 475 3497 α
510 3447 567 3500 Si
609 3463 708 3499 vos
742 3446 916 3500 Filius
967 3442 1305 3506 liberaverit,
1357 3457 1485 3495 vere
1534 3441 1701 3496 liberi
1761 3442 1916 3495 eritis
1958 3443 2138 3511 (Joan.

447 3550 571 3601 Vm,
600 3533 709 3603 36).
746 3554 773 3582 »
1325 3585 1333 3599 ,

522 3624 656 3675 Ecce
703 3619 1043 3674 sanctissimi
1094 3621 1283 3672 Patres
1342 3633 1457 3671 non
1503 3623 1717 3688 negant
1762 3618 2007 3672 liberum
2057 3636 2141 3672 ar-

449 3710 687 3764 bitrium
743 3724 864 3762 esse
904 3707 963 3760 in
1004 3706 1357 3773 hominibus,
1403 3706 1502 3760 sed
1549 3706 1754 3760 docent
1789 3707 1845 3759 in
1871 3708 2143 3777 praevari-

451 3799 673 3855 catione
728 3798 863 3851 Adae
914 3796 1233 3849 naturalem
1295 3794 1731 3864 possibilitatem
1782 3801 1836 3848 et
1878 3797 2143 3850 innocen-

450 3889 589 3943 tiam
622 3886 956 3959 perdidisse.

526 3978 646 4032 Non
695 3981 913 4046 negant
960 3974 1207 4028 liberum
1256 3972 1494 4026 humani
1547 3971 1773 4042 generis
1817 3971 2140 4039 arbitrium,

450 4067 548 4121 sed
579 4066 783 4120 docent
814 4063 962 4135 quod
998 4078 1165 4117 nemo
1201 4061 1309 4115 nisi
1341 4077 1444 4131 per
1474 4060 1761 4114 Christum
1791 4061 1968 4115 libero
2001 4060 2145 4115 bene

450 4160 641 4210 utatur
670 4154 904 4209 arbitrio
941 4169 953 4205 :
988 4167 1105 4205 non
1156 4155 1369 4220 negant
1414 4150 1654 4203 liberum
1690 4150 2017 4214 arbitrium,
2049 4149 2144 4203 sed

452 4246 656 4299 docent
696 4242 848 4313 quod
879 4241 961 4295 ita
1002 4242 1146 4293 Deus
1199 4239 1256 4291 in
1288 4238 1412 4307 ipso
1463 4238 1642 4291 libero
1694 4242 1963 4307 Operetur
2002 4236 2147 4290 arbi-

2230 523 2419 576 inesse
2452 524 2784 578 hominibus
2826 526 3024 594 negari
3064 527 3391 580 nullatenus
3444 528 3667 594 debeat,
3705 545 3775 583 ne
3820 535 3939 581 tan-

2230 616 2349 665 tam
2381 613 2807 668 multitudinem
2841 614 3141 668 hominum
3176 614 3520 681 inﬁdelium,
3558 634 3686 686 quae
3720 617 3940 670 exstitit

2234 702 2303 754 al)
2334 700 2497 753 initio
2529 701 2721 754 saeculi
2760 717 2943 771 usque
2983 702 3053 755 ad
3087 702 3398 755 adventum
3433 703 3663 771 Christi,
3698 709 3753 757 et
3788 721 3941 757 nunc

2233 788 2419 841 adhuc
2452 788 2656 855 existit,
2701 794 2758 842 et
2798 791 2999 841 existet
3038 807 3220 861 usque
3270 792 3341 844 ad
3375 793 3940 846 consummationem

2235 878 2455 941 mundi,
2502 882 2797 930 excusatos
2835 880 3130 941 detdllltiS,
3180 879 3331 948 quod
3379 880 3648 934 videlicet
3683 897 3808 934 non
3853 881 3943 933 ha-

2234 965 2466 1019 buerint
2517 966 2606 1019 vel
2664 966 2913 1020 habeant
2976 967 3198 1021 arbitrii
3258 968 3579 1022 libertatem
3637 986 3821 1039 quam
3891 969 3943 1021 in

2235 1054 2411 1107 Adam
2458 1053 2833 1123 perdiderint,
2893 1058 2949 1108 et
2997 1056 3123 1109 ideo
3168 1072 3272 1109 nec
3314 1057 3467 1126 juste
3522 1059 3839 1127 culpentur
3892 1057 3941 1110 in

2236 1142 2421 1207 malis,
2455 1158 2582 1211 quas
2606 1148 2802 1212 agunt,
2838 1159 2940 1196 nec
2978 1159 3082 1213 pro
3112 1144 3328 1198 eisdem
3362 1146 3526 1198 malis
3551 1145 3705 1214 juste
3763 1145 3829 1198 in
3862 1145 3942 1197 di-

2237 1230 2368 1283 vino
2397 1230 2611 1299 judicio
2645 1231 3063 1285 condemnandi
3093 1239 3243 1286 sunt.
3276 1235 3479 1286 Contra
3500 1233 3652 1286 hunc
3682 1250 3941 1304 namque

2239 1334 2493 1371 errorem
2540 1324 2596 1371 et
2624 1335 2827 1372 vanam
2879 1320 3306 1373 excusationem
3354 1322 3411 1373 Β.
3455 1322 3817 1390 Augustinus
3855 1338 3945 1372 ve-

2237 1407 2465 1460 ritatem
2498 1407 2632 1461 ﬁdei
2682 1408 3015 1474 defendens,
3054 1409 3135 1461 ita
3174 1409 3351 1463 dicit:
3392 1410 3605 1479 [Primo
3648 1409 3810 1462 enim
3846 1410 3947 1462 Do~

2240 1493 2428 1548 minus
2471 1497 2652 1563 Jesus,
2698 1496 2844 1549 sicut
2888 1496 3161 1567 scriptum
3213 1504 3295 1549 est
3336 1496 3397 1550 in
3440 1497 3744 1568 Evangelia
3776 1498 3947 1551 Joan-

2239 1584 2329 1637 nis
2356 1584 2615 1654 apostoli,
2652 1600 2762 1637 non
2795 1584 2953 1637 venit
2983 1590 3046 1638 ut
3083 1586 3367 1654 judicaret
3409 1586 3717 1649 mundum,
3751 1586 3860 1639 sed
3893 1591 3946 1637 ut

2242 1673 2554 1725 salvaretur
2585 1673 2835 1725 mundus
2867 1689 2969 1743 per
2997 1674 3186 1744 ipsum
3240 1676 3410 1742 (Joan.
3466 1692 3543 1739 ιιι,
3592 1675 3696 1742 t7).
3741 1676 3946 1727 Postea

2241 1779 2394 1828 vero,
2456 1762 2602 1815 sicut
2662 1762 2858 1816 scribit
2927 1763 3218 1833 apostolus
3276 1764 3502 1830 Paulus,
3569 1786 3589 1810 α
3656 1763 3947 1817 Judicabit

2243 1852 2389 1904 Deus
2420 1850 2705 1904 mundum
2753 1851 2983 1922 quando
3017 1857 3288 1905 venturus
3339 1857 3422 1904 est
3453 1853 3637 1922 (Rom.
3676 1867 3757 1909 Ill.
3806 1854 3882 1919 6},
3921 1872 3944 1901 π

2240 1939 2386 1992 sicut
2415 1943 2534 1993 tota
2586 1939 2832 1993 Ecclesia
2870 1938 2929 1993 in
2968 1939 3236 2010 Symbolo
3278 1940 3583 1994 conﬁtetur
3622 1960 3648 1989 (ι
3680 1939 3947 1993 iudicare

2240 2027 2397 2079 vivos
2428 2031 2483 2080 et
2525 2032 2799 2080 mortuos.
2839 2048 2866 2076 »
2899 2027 2956 2081 Si
2997 2045 3133 2098 ergo
3171 2045 3287 2082 non
3318 2034 3401 2081 est
3433 2028 3530 2082 Dei
3565 2028 3774 2097 gratia,
3803 2044 3944 2098 quo-

2243 2115 2413 2169 modo
2461 2115 2638 2168 salvat
2681 2115 2999 2169 mundum?
3037 2121 3091 2169 et
3122 2116 3169 2168 si
3212 2132 3326 2169 non
3376 2121 3459 2169 est
3503 2117 3750 2169 liberum
3796 2116 3944 2170 arbi-

2242 2203 2439 2270 trium,
2465 2207 2754 2273 quomodo
2781 2204 3000 2273 judicat
3023 2205 3303 2257 mundum
3319 2203 3365 2277 ?]

2313 2296 2455 2349 Cum
2503 2308 2640 2361 ergo
2674 2292 2919 2346 liberum
2969 2292 3273 2347 arbitrium
3322 2294 3527 2347 habeat
3570 2299 3728 2348 totus
3772 2310 3940 2347 mun-

2244 2381 2369 2447 dus,
2409 2386 2465 2434 et
2494 2381 2624 2435 ideo
2678 2383 2821 2436 Deus
2846 2381 2997 2451 juste
3042 2382 3259 2451 judicet
3296 2383 3599 2437 mundum.
3648 2382 3943 2454 quomodo

2243 2469 2303 2522 in
2335 2468 2439 2522 hac
2473 2484 2617 2521 nova
2643 2468 2977 2523 deﬁnitione
3018 2469 3234 2523 dictum
3265 2475 3347 2524 est
3380 2485 3392 2525 :
3442 2490 3470 2521 α
3502 2471 3667 2535 Quod
3718 2471 3943 2524 liberta-

2245 2562 2362 2612 tem
2394 2557 2615 2611 arbitrii
2658 2558 2718 2611 in
2760 2558 2948 2628 primo
2997 2558 3230 2612 homine
3281 2560 3660 2629 perdidimus.
3698 2582 3725 2607 »ι
3761 2558 3944 2613 Sancti

2248 2649 2441 2700 Patres
2500 2646 2696 2699 dicunt
2734 2646 2977 2700 liberum
3024 2648 3324 2702 arbitrium
3368 2649 3427 2701 in
3478 2648 3943 2719 prmvaricatione

2247 2734 2385 2788 Adae
2447 2734 2823 2802 inﬁrmatum,
2870 2736 3065 2789 dicunt
3118 2737 3437 2791 naturalem
3497 2736 3943 2805 possibilitatem

2249 2830 2307 2879 et
2353 2824 2737 2877 innocentiam
2786 2824 3116 2895 perdidisse.
3182 2826 3383 2879 Dicunt
3430 2826 3585 2896 quod
3620 2842 3711 2890 eo,
3765 2825 3821 2878 id
3868 2830 3945 2877 est

2247 2913 2431 2967 libero
2497 2913 2753 2979 arbitrio,
2813 2929 2983 2967 nemo
3035 2914 3180 2967 bene
3248 2917 3441 2967 utatur
3507 2914 3633 2967 sine
3703 2914 3937 2967 Christo.

2179 3028 2218 3083 ρ
2250 3002 2458 3056 Dicunt
2497 3003 2743 3056 liberum
2774 3019 2894 3057 esse
2936 3002 3258 3069 arbitrium,
3294 3002 3519 3057 etiamsi
3562 3002 3762 3056 divino
3801 3002 3940 3055 indi-

2249 3095 2379 3162 geat
2408 3091 2473 3144 ad
2476 3091 2713 3160 jutorio.

2925 3217 3151 3270 CAPUT
3180 3216 3268 3271 XI.

2252 3339 2397 3405 Quid
2424 3341 2601 3408 possit
2631 3339 2858 3392 liberum
2895 3339 3189 3393 arbitrium
3220 3355 3320 3408 per
3342 3354 3414 3393 se.
3452 3341 3612 3404 Quod
3651 3357 3762 3395 non
3778 3343 3939 3409 possit

2634 3411 2861 3463 liberum
2893 3410 3185 3464 arbitrium
3218 3413 3332 3465 sine
3360 3414 3564 3479 gratia.

2321 3532 2542 3587 Habent
2564 3532 2753 3602 itaque
2768 3548 2965 3586 omnes
2987 3532 3274 3600 homines,
3298 3534 3468 3587 etiam
3493 3534 3594 3604 qui
3623 3534 3801 3587 alieni
3820 3538 3939 3586 sunt

2250 3639 2280 3675 a
2315 3621 2561 3691 Christo,
2585 3621 2829 3675 liberum
2855 3622 3155 3675 arbitrium
3180 3623 3311 3690 ;sed
3328 3623 3440 3676 tale
3454 3624 3625 3694 quale
3649 3624 3747 3677 isti
3764 3625 3937 3676 Patres

2250 3711 2576 3776 ostendunt,
2609 3710 2663 3764 id
2696 3717 2781 3764 est
2811 3710 2870 3763 in
2899 3712 3367 3780 praevaricatione
3400 3712 3535 3765 Δότε
3568 3712 3935 3771 inﬁrmatam,

2250 3799 2501 3853 naturali
2543 3798 2919 3868 possibilitate
2967 3804 3021 3852 et
3067 3799 3396 3853 innocentia
3444 3800 3781 3870 spoliatum,
3832 3800 3937 3853 sine

2252 3888 2474 3945 Christo
2520 3888 2664 3941 nulli
2712 3888 2859 3942 bono
2908 3887 3036 3941 usui
3080 3893 3299 3958 aptum.
3331 3889 3555 3942 Habent
3599 3906 3803 3943 omnes
3850 3890 3938 3942 ho-

2252 3977 2436 4031 mines
2493 3977 2832 4031 naturaliter
2882 3983 3133 4031 mentem
3191 3979 3531 4031 rationalem
3583 3984 3640 4032 et
3699 3980 3935 4033 intellec-

2252 4065 2488 4130 tualem,
2524 4081 2636 4134 qua
2678 4064 2896 4135 possint
2953 4065 3276 4119 discernere
3328 4081 3391 4120 ac
3440 4066 3785 4136 dijudicare,
3824 4082 3934 4120 cum

2253 4154 2321 4207 ad
2360 4154 2667 4207 rationales
2717 4169 2897 4207 annos
2947 4154 3227 4221 venerint,
3291 4154 3440 4208 inter
3493 4155 3650 4209 bona
3690 4162 3748 4209 et
3783 4158 3934 4220 mala,

2251 4242 2401 4295 inter
2424 4242 2578 4311 justa
2620 4246 2676 4295 et
2702 4241 2934 4311 injusta.
2970 4243 3188 4296 Habent
3222 4243 3394 4297 etiam
3436 4245 3778 4298 naturaliter
3814 4244 3932 4296 insi-

452 4332 564 4386 trio
606 4335 670 4385 ut
708 4335 902 4383 sancta
951 4326 1241 4396 cogitatio,
1286 4326 1443 4396 pium
1484 4324 1799 4392 consilium,
1836 4325 2139 4396 omnisque
2182 4332 2222 4385 D
2251 4335 2377 4385 tum
2408 4330 2707 4384 arbitrium
2751 4330 3057 4385 voluntatis
3100 4335 3160 4385 ut
3187 4332 3391 4385 eodem
3442 4332 3685 4385 arbitrio
3736 4333 3932 4402 possint

453 4422 641 4470 motus
672 4417 835 4471 bonae
863 4416 1169 4469 voluntatis
1198 4431 1263 4469 ex
1296 4416 1411 4468 Deo
1448 4413 1537 4467 sit.

525 4505 653 4558 Non
690 4509 900 4574 negant
940 4504 1180 4558 liberum
1226 4501 1549 4570 arbitrium,
1583 4502 1678 4556 sed
1724 4503 1949 4569 docent,
1992 4502 2145 4573 quod

451 4592 665 4647 auxilio
721 4597 777 4646 et
817 4609 1055 4647 munere
1108 4592 1206 4646 Dei
1249 4608 1362 4646 non
1412 4590 1668 4645 aufertur
1714 4591 1956 4645 liberum
1998 4590 2145 4645 arbi-

452 4683 651 4749 trium,
704 4681 800 4735 sed
848 4681 1258 4747 liberatur-,ut
1298 4681 1366 4735 de
1417 4682 1718 4735 tenebroso
1762 4681 2033 4747 lucidum,
2077 4681 2143 4733 de

453 4788 625 4844 pravo
665 4775 907 4835 rectum,
955 4770 1023 4823 de
1065 4769 1336 4839 languido
1386 4785 1609 4835 sanum,
1661 4769 1729 4823 de
1777 4769 2144 4839 imprudente

452 4863 526 4915 sit
554 4858 878 4931 providum.

526 4951 651 5003 Non
689 4952 901 5018 negent
937 4946 1180 5000 liberum
1231 4944 1551 5013 arbitrium,
1597 4947 1694 5001 sed
1753 4946 1961 5000 docent
1990 4946 2144 5017 quod

452 5038 511 5092 in
542 5036 730 5108 primo
766 5034 999 5089 homine
1020 5032 1393 5099 inﬁrmatum,
1428 5033 1539 5087 nisi
1568 5049 1673 5104 per
1693 5034 1937 5104 gratiam
1968 5034 2146 5105 bapti-

453 5126 563 5181 smi
594 5141 711 5179 non
743 5130 931 5193 potest
952 5121 1219 5193 reparari.

527 5217 653 5271 Non
709 5217 921 5284 negent
970 5212 1218 5265 liberum
1271 5211 1596 5277 arbitrium,
1629 5213 1726 5267 sed
1758 5213 1962 5267 docent
2009 5217 2145 5267 tunc

451 5321 573 5361 esse
598 5319 728 5357 vere
757 5302 1025 5370 liberum,
1057 5316 1187 5354 cum
1219 5300 1367 5354 vitiis
1401 5301 1752 5371 peccatisque
1798 5317 1915 5356 non
1944 5302 2143 5369 servit;

453 5395 654 5448 docent
683 5391 794 5446 tale
825 5390 1020 5443 datum
1053 5405 1173 5442 esse
1202 5406 1233 5443 a
1266 5390 1399 5443 Deo.
1428 5390 1641 5442 Docent
1670 5389 1824 5460 quod
1846 5390 2143 5457 amissum,

457 5480 565 5534 nisi
585 5497 618 5533 a
642 5496 754 5550 quo
776 5479 969 5548 potuit
989 5478 1134 5545 dari,
1165 5494 1278 5532 non
1299 5477 1488 5548 potuit
1521 5477 1703 5531 reddi.
1738 5478 1894 5532 Unde
1923 5478 2145 5533 Veritas

455 5567 595 5623 dicit
624 5584 636 5619 :
674 5586 702 5617 α
734 5568 793 5622 Si
825 5583 920 5620 vos
952 5566 1126 5621 Filius
1154 5566 1501 5633 liberaverit,
1536 5583 1668 5621 vere
1699 5566 1867 5621 liberi
1897 5566 2073 5621 eritis.
2114 5588 2143 5617 ι)

2252 4421 2395 4474 velle
2431 4419 2598 4486 mala,
2647 4418 2871 4489 possint
2916 4419 3057 4472 velle
3100 4420 3274 4473 etiam
3316 4419 3579 4491 quaedam
3622 4421 3816 4474 bona:
3848 4418 3927 4473 sed

2252 4510 2508 4564 humana
2562 4507 2857 4562 affectione
2906 4508 2979 4562 ad
3037 4507 3348 4562 humanam
3409 4509 3746 4563 societatem
3785 4516 3931 4579 atque

2254 4598 2609 4651 honestatem
2658 4596 3026 4666 pertinentia.
3088 4597 3225 4660 Quae
3268 4598 3469 4650 eadem
3511 4598 3769 4651 humana
3815 4597 3929 4650 atte-

2255 4687 2465 4752 ctione,
2499 4686 2582 4738 vel
2628 4690 2860 4754 propter
2898 4685 3092 4756 aliqua
3122 4686 3466 4754 temporalia
3518 4688 3822 4740 commoda
3849 4703 3929 4755 ap-

2253 4779 2553 4845 petuntur,
2586 4775 2668 4826 vel
2718 4780 2953 4844 propter
2984 4774 3168 4844 ipsam
3199 4774 3563 4829 solummodo
3612 4776 3746 4830 vita:
3777 4777 3929 4830 hone-

2255 4868 2479 4916 statem.
2510 4862 2614 4916 Sed
2649 4863 2983 4932 hujusmodi
3019 4864 3271 4917 humana
3312 4865 3481 4929 bona,
3534 4881 3669 4934 quae
3700 4866 3929 4919 humana

2254 4950 2553 5005 affectione
2603 4955 2789 5020 potest
2836 4952 3001 5020 velle,
3060 4957 3246 5021 potest
3293 4953 3466 5005 etiam
3528 4967 3926 5024 nonnunquam

2256 5056 2425 5110 agere
2450 5039 2706 5092 humana
2740 5043 2943 5093 natura
2978 5056 2990 5093 :
3024 5056 3152 5093 cnm
3186 5046 3422 5111 propter
3450 5042 3928 5110 temporaliabena

2254 5131 2627 5198 appetuntur,
2660 5127 2782 5180 sine
2799 5126 2971 5182 dubio
3004 5127 3343 5198 cupiditates
3374 5135 3538 5194 sunt;
3573 5145 3705 5182 cum
3729 5136 3927 5199 propter

2254 5216 2435 5269 solam
2464 5215 2592 5269 vita:
2608 5215 2985 5284 honestatem,
3007 5215 3127 5269 sine
3155 5215 3543 5270 dubioinﬁata
3556 5223 3611 5270 et
3638 5218 3783 5271 elata
3796 5222 3920 5271 sunt.

2253 5303 2462 5357 Tamen
2491 5307 2678 5372 potest
2715 5319 2781 5356 ea
2807 5303 3147 5369 discernere,
3175 5309 3365 5374 potest
3381 5305 3554 5359 etiam
3577 5306 3745 5371 velle,
3768 5308 3923 5375 potest

2254 5391 2421 5445 etiam
2456 5391 2684 5457 habere,
2708 5392 3051 5462 inquantum
3074 5393 3320 5446 naturali
3352 5392 3505 5447 bono
3537 5394 3849 5465 adjuvetur,
3878 5396 3921 5443 et

2257 5480 2357 5534 Dei
2404 5479 2777 5550 dispositione
2825 5481 3173 5549 permittitur
3229 5481 3485 5536 humana
3528 5488 3748 5536 natura.
3792 5480 3921 5534 Talia

2257 5585 2504 5639 namque
2531 5569 2676 5623 bona
2720 5573 2776 5623 et
2802 5568 2862 5623 in
2892 5569 3109 5623 caeteris
3150 5570 3329 5625 videri
3381 5572 3563 5625 solent
3598 5571 3919 5626 hominibus»
