4108 6190
270 319 409 370 1113

1357 318 1450 371 DE
1487 316 1814 372 TENENDA
1852 316 2262 374 SCRIPTURE
2303 316 2679 374 VERITATE.

3634 324 3767 377 1114

268 458 329 507 et
393 454 641 508 maxime
708 454 767 507 in
808 454 1003 507 multis
1040 453 1404 526 philosophis
1458 453 1738 523 gentium,
1804 459 1859 509 et
1900 455 1960 508 in
1997 456 2175 523 Aper
2204 454 2493 509 Christum
2542 456 2601 509 in
2633 456 2799 511 nobis
2852 456 2916 511 ﬁt
2959 456 3239 522 liberum,
3299 463 3514 528 quanto
3576 458 3766 512 minus

268 542 499 612 magnis
551 542 705 608 viris,
739 542 839 613 qui
883 543 943 596 in
973 543 1268 613 republica
1314 543 1571 612 praeclari
1602 546 1961 610 exstiterunt,

268 632 445 685 etiam
481 631 824 686 mirabiliter
847 633 1232 698 commendat,
1266 637 1319 685 et
1346 632 1538 685 laudat
1562 631 1819 685 historia.

347 722 422 774 De
458 736 571 790 qua
598 722 710 774 vita
760 720 1013 775 humana
1055 722 1215 789 juxta
1245 721 1558 774 humanam
1604 720 1965 774 affectionem

269 813 328 862 et
357 809 858 870 consuetudinem,
889 810 1043 863 velut
1088 809 1238 862 bona
1263 814 1317 862 et
1349 809 1626 863 laudabili
1673 812 1730 864 Β.
1766 812 1966 879 Augu-

267 898 456 952 stinus
477 898 537 951 iu
566 899 896 951 tractatibus
928 898 1217 967 Evangelii
1240 899 1551 952 secundum
1592 900 1866 952 Joannem
1890 898 1968 950 sic

271 992 470 1055 aperte
501 993 930 1053 commemorat,
978 987 1171 1041 dicens
1204 988 1388 1056 (tract.
1429 986 1518 1057 40)
1554 1004 1565 1041 :
1602 986 1781 1058 [Multi
1812 987 1967 1039 enim

267 1079 426 1139 sunt,
461 1074 556 1144 qui
584 1077 895 1128 secundum
927 1076 1232 1145 quamdam
1261 1076 1392 1129 vitae
1420 1076 1591 1145 hujus
1613 1074 1971 1129 consuetudi-

270 1178 407 1216 nem
438 1162 707 1215 dicuutur
731 1162 866 1215 boni
899 1162 1177 1227 homines,
1209 1162 1347 1215 boni
1378 1162 1506 1230 viri,
1529 1163 1694 1217 bonae
1715 1162 1965 1230 feminae,

270 1251 628 1318 innocentes,
660 1257 716 1305 et
749 1252 911 1321 quasi
944 1251 1307 1305 observantes
1338 1268 1405 1305 ea
1432 1268 1558 1322 quae
1586 1252 1644 1305 in
1679 1253 1798 1322 lege
1830 1269 1970 1322 prae-

270 1345 441 1410 cepta
496 1345 654 1400 sunt;
712 1340 1030 1393 deferentes
1104 1339 1380 1393 honorem
1442 1341 1777 1410 parentibus
1832 1342 1966 1407 suis,

271 1444 392 1482 non
438 1427 804 1495 mcechantes,
857 1444 972 1481 non
1004 1428 1379 1482 homicidium
1412 1433 1825 1499 perpetrantes,
1857 1447 1971 1483 non

271 1517 495 1571 furtum
552 1517 842 1582 facientes,
887 1534 1001 1570 non
1049 1517 1254 1571 falsum
1308 1518 1575 1571 adversus
1622 1534 1971 1589 quemquam

274 1606 670 1659 testimonium
730 1606 1117 1676 perhibentes,
1179 1611 1235 1659 et
1290 1611 1494 1659 caetera
1544 1623 1673 1677 quae
1724 1608 1782 1660 in
1846 1608 1972 1678 lege

275 1695 549 1748 mandata
603 1698 734 1747 sunt
787 1695 940 1747 velut
1001 1693 1319 1760 observant,
1374 1697 1429 1746 et
1486 1694 1788 1749 Christiani
1854 1712 1972 1748 non

274 1788 430 1836 sunt.
467 1782 612 1845 Quid
648 1798 783 1852 ergo
832 1782 937 1835 ista
970 1782 1162 1836 omnia
1193 1798 1321 1852 quas
1352 1782 1579 1849 faciant,
1614 1784 1875 1837 nesciunt
1905 1785 1973 1838 ad

273 1885 450 1941 quem
499 1870 674 1923 ﬁnem
710 1869 978 1935 referant,
1023 1869 1274 1923 inaniter
1314 1869 1550 1923 faciunt.
1599 1870 1796 1925 Dicant
1839 1887 1973 1941 ergo

273 1958 490 2029 pagani
525 1973 537 2011 :
569 1958 717 2011 Bene
766 1957 1029 2011 vivimus.
1081 1957 1138 2011 Si
1187 1973 1292 2027 per
1319 1957 1528 2013 ostium
1568 1974 1686 2012 non
1735 1960 1970 2027 intrant,

276 2046 417 2118 quid
446 2045 526 2098 eis
556 2046 787 2115 prodest
812 2046 963 2099 unde
994 2045 1353 2115 gloriantur?
1377 2048 1456 2100 Ad
1488 2047 1592 2100 hoc
1620 2048 1788 2101 debet
1818 2049 1973 2103 enim

278 2133 487 2203 cuique
532 2134 801 2203 prodesse
856 2135 1000 2187 bene
1052 2135 1262 2201 vivere,
1300 2141 1363 2188 ut
1395 2136 1565 2189 detur
1614 2136 1694 2189 illi
1750 2154 1976 2208 semper

275 2221 469 2275 vivere
506 2238 518 2275 :
557 2238 690 2276 nam
723 2223 817 2276 cui
846 2238 960 2277 non
992 2223 1158 2276 datur
1187 2240 1413 2293 semper
1444 2225 1648 2287 vivere,
1673 2226 1811 2296 quid
1839 2243 1972 2297 pro-

276 2309 402 2363 dest
432 2310 578 2363 bene
604 2310 834 2365 vivere?
863 2310 1004 2375 Quia
1035 2327 1139 2365 nec
1166 2312 1310 2365 bene
1343 2312 1532 2366 vivere
1563 2314 1791 2368 dicendi
1821 2322 1971 2381 sunt,

278 2398 376 2468 qui
414 2398 588 2452 ﬁnem
637 2399 781 2454 bene
824 2399 1066 2465 vivendi,
1123 2401 1209 2453 vel
1257 2400 1509 2455 caecitate
1555 2404 1835 2472 nesciunt,
1889 2406 1974 2457 vel

277 2486 578 2541 inﬂatione
609 2492 1003 2541 contemnunt.
1055 2490 1176 2544 Non
1215 2494 1297 2541 est
1328 2496 1521 2544 autem
1553 2492 1818 2562 cuiquam
1849 2510 1976 2564 spes

276 2591 433 2643 vera,
464 2581 520 2630 et
559 2580 711 2630 certa
754 2592 982 2646 semper
1013 2576 1267 2641 vivendi,
1312 2578 1423 2631 nisi
1452 2585 1725 2649 agnoscat
1777 2581 1972 2647 vitam,

281 2666 436 2735 quod
495 2668 579 2719 est
613 2665 891 2732 Christus,
940 2670 996 2719 et
1027 2682 1127 2735 per
1182 2667 1423 2736 januam
1471 2668 1643 2722 intret
1694 2669 1753 2722 in
1804 2671 1972 2724 ovile.

280 2755 538 2807 Fuerunt
583 2754 816 2825 quidam
867 2754 1199 2825 philosophi
1237 2755 1305 2809 de
1361 2757 1664 2811 virtutibus
1705 2764 1759 2811 et
1828 2759 1977 2814 vitiis

279 2843 514 2897 subtilia
573 2844 754 2897 multa
812 2848 1142 2911 tractantes,
1194 2845 1548 2914 dividentes,
1598 2847 1975 2915 deﬁnientes,

280 2931 382 3001 qui
431 2932 600 2985 etiam
647 2932 835 2985 dicere
886 2934 1164 2987 auderent
1204 2933 1536 2988 hominibus
1573 2950 1585 2987 :
1620 2936 1732 2988 Nos
1780 2937 1977 3007 sequi—

281 3020 444 3084 mini,
479 3026 690 3075 sectam
722 3026 977 3075 nostram
1008 3026 1217 3086 tenete,
1269 3021 1316 3075 si
1358 3023 1526 3076 vultis
1556 3022 1719 3077 beate
1750 3026 1934 3079 vivere
1960 3044 1971 3091 ;
2016 3050 2057 3104 ο

280 3108 378 3161 sed
406 3124 519 3161 non
547 3108 831 3162 intrarant
852 3125 957 3179 per
977 3108 1187 3163 ostium
1221 3125 1234 3162 :
1270 3110 1510 3180 perdere
1534 3111 1818 3182 volebant,
1845 3117 1978 3189 etc.]

353 3197 421 3248 In
454 3197 658 3251 talibus
687 3198 865 3268 igitur
894 3198 1061 3252 bonis
1091 3204 1146 3251 et
1178 3198 1352 3269 viget,
1386 3203 1440 3253 et
1461 3201 1685 3254 excellit
1714 3202 1983 3260 humanae

282 3284 593 3338 voluntatis
621 3286 944 3353 arbitrium,
976 3285 1037 3339 in
1070 3291 1371 3356 quantum,
1407 3292 1471 3341 ut
1499 3288 1712 3342 dictum
1746 3294 1848 3357 est,
1887 3308 1985 3345 na-

280 3373 456 3426 turali
490 3374 640 3428 bono
676 3374 996 3444 adjuvatur.
1041 3374 1149 3429 Sed
1179 3380 1241 3428 ut
1272 3376 1459 3445 ipsum
1491 3378 1802 3432 voluntatis
1833 3381 1985 3434 arbi-

280 3463 461 3517 trium
497 3462 689 3515 divina
732 3462 1030 3517 affectione
1074 3462 1264 3517 divina
1294 3464 1445 3517 bona
1476 3471 1647 3531 amet,
1681 3466 1981 3537 intelligat,

284 3551 563 3621 recipiat,
624 3556 919 3617 exerceat,
988 3556 1043 3605 et
1080 3557 1514 3621 perseveranter
1571 3559 1799 3626 teneat,
1866 3573 1984 3611 non

283 3646 524 3710 propter
571 3640 763 3710 aliqua
810 3640 1151 3709 temporalia
1215 3641 1535 3708 commoda,
1589 3643 1684 3696 sed
1748 3650 1987 3715 propter

282 3730 526 3800 praemia
568 3734 809 3795 aaterna;
850 3745 952 3782 nec
1006 3734 1238 3800 propter
1284 3730 1462 3783 solam
1512 3730 1641 3784 vitae
1692 3734 1985 3801 prresentis

206 3874 215 3877 _
283 3819 666 3885 honestatem,
696 3818 792 3872 sed
829 3824 1067 3888 propter
1110 3819 1284 3872 solam
1318 3818 1446 3871 vitm
1482 3823 1709 3874 aeternae
1739 3821 1987 3875 beatitu-

286 3907 481 3962 dinem
516 3924 529 3960 :
564 3912 626 3961 ut
670 3907 792 3961 haec
841 3907 1125 3977 (inquam)
1175 3907 1481 3960 arbitrium
1528 3909 1837 3962 voluntatis
1878 3911 1985 3964 hu-

282 4012 476 4051 manas
509 3996 685 4066 possit
714 3996 878 4063 velle,
916 3996 1094 4065 possit
1132 4012 1463 4066 agnoscere,
1498 3997 1678 4067 possit
1708 3999 1984 4068 accipere,

284 4085 470 4155 possit
511 4085 739 4148 habere,
782 4085 1113 4137 nullatenus
1160 4085 1309 4137 valet
1338 4085 1447 4137 nisi
1495 4084 1706 4139 divinas
1736 4086 1987 4157 inspira-

284 4173 462 4227 tionis
501 4173 684 4241 gratia
733 4172 1019 4236 incitetur,
1063 4172 1425 4225 illuminetur
1468 4178 1523 4225 et
1568 4174 1889 4244 adjuvetur,
1926 4192 1988 4229 ac

285 4262 447 4316 velut
494 4278 556 4314 ex
625 4260 865 4314 mortuis
927 4261 995 4314 ad
1046 4260 1220 4313 vitam
1281 4262 1649 4315 resuscitetur
1690 4279 1702 4316 :
1738 4268 1870 4333 quia
1933 4270 1990 4318 et

2074 543 2230 596 vitiis
2262 543 2621 614 peccatisque
2669 545 2940 599 servierit.
2994 547 3149 599 Tunc
3181 551 3368 601 autem
3402 548 3511 601 erit
3550 563 3678 601 vere
3710 552 3767 600 et

2075 633 2243 701 plene
2289 631 2569 696 liberum,
2615 634 2841 703 quando
2880 635 3000 704 jam
3051 636 3298 705 perfecte
3342 635 3672 703 liberatum,
3710 635 3769 689 in

2075 720 2206 773 vitae
2255 725 2485 774 aeternas
2518 721 2868 775 beatitudine
2922 724 3093 776 nullis
3124 725 3328 777 serviet
3372 724 3523 776 vitiis
3553 728 3609 776 et
3638 740 3769 794 pec-

2077 807 2233 859 catis.
2269 808 2470 878 Sicque
2499 810 2597 862 illa
2628 810 2855 863 Domini
2888 811 3137 881 benigna
3169 811 3473 880 promissio
3510 804 3623 881 qua
3656 811 3767 864 ait:

2079 914 2104 946 α
2141 896 2197 949 Si
2243 912 2340 949 vos
2392 897 2565 949 Filius
2615 897 2959 964 liberaverit,
3014 915 3143 952 vere
3176 899 3339 952 liberi
3385 899 3543 951 eritis
3592 898 3770 969 (Joan.

2076 1002 2193 1049 vm,
2226 988 2349 1053 36);
2387 1008 2407 1034 »
2468 986 2557 1040 hic
2603 986 2907 1040 inchoatur
2959 988 3019 1040 in
3066 988 3434 1043 innovatione
3484 988 3766 1056 ﬁdelium,

2075 1073 2155 1128 ibi
2182 1075 2511 1143 perﬁcietur
2542 1076 2599 1129 in
2632 1076 3063 1146 incorruptione
3094 1078 3480 1145 regnantium.

2148 1163 2203 1217 Si
2235 1181 2369 1233 ergo
2417 1171 2721 1235 propterea
2768 1166 2981 1218 dictum
3032 1170 3117 1217 est
3162 1165 3223 1217 in
3276 1166 3379 1218 hac
3412 1165 3768 1232 deﬁnitione,

2081 1272 2108 1303 α
2147 1253 2487 1306 Libertatem
2521 1253 2742 1306 arbitrii
2766 1253 2823 1306 in
2853 1254 3039 1323 primo
3068 1254 3303 1307 homine
3336 1254 3710 1322 perdidimus,
3747 1274 3765 1301 θ

2081 1339 2265 1410 [quasi
2292 1346 2419 1410 post
2467 1341 2622 1394 illius
2663 1342 2913 1394 hominis
2958 1341 3494 1410 transgressionem,
3548 1342 3773 1395 nullum

2079 1427 2136 1481 in
2170 1427 2502 1481 hominibus
2534 1428 2876 1481 remanserit
2906 1429 3151 1481 liberum
3182 1428 3510 1495 arbitrium,
3542 1433 3777 1497 apparet

2082 1517 2234 1586 quod
2272 1533 2387 1569 nou
2417 1516 2489 1568 sit
2519 1532 2838 1569 consonum
2871 1517 3094 1570 veritati
3135 1533 3147 1569 :
3184 1517 3320 1585 quia
3360 1518 3405 1569 si
3440 1518 3666 1570 nullum
3694 1518 3778 1569 est

2080 1604 2319 1658 humani
2370 1606 2594 1675 generis
2644 1606 2887 1658 liberum
2937 1606 3259 1671 arbitrium,
3315 1606 3605 1675 quomodo
3640 1606 3781 1675 «ju-

2083 1693 2294 1746 dicabit
2342 1695 2490 1746 Deus
2523 1693 2799 1746 mundum
2826 1693 2853 1745 ‘?
2897 1693 3073 1761 (Rom.
3122 1692 3225 1761 in.)
3262 1712 3288 1742 »
3334 1693 3387 1745 Si
3423 1698 3615 1746 autem
3646 1708 3779 1763 pro-

2082 1786 2278 1851 pterea
2311 1781 2528 1835 dictum
2577 1786 2682 1847 est,
2715 1781 2851 1851 quia
2882 1782 3203 1835 naturalem
3244 1781 3680 1851 possibilitatem
3723 1785 3782 1835 et

2082 1872 2349 1924 virtutem
2383 1870 2549 1923 liberi
2584 1870 2826 1937 arbitrii,
2880 1871 3065 1940 qualis
3098 1870 3156 1923 in
3187 1870 3285 1922 illo
3316 1870 3503 1940 primo
3547 1870 3779 1923 homine

2086 1959 2313 2014 condita
2361 1964 2463 2024 est,
2500 1959 2705 2012 merito
2738 1959 2895 2012 illius
2943 1958 3427 2029 praevaricationis
3458 1957 3776 2025 amisimus,

2084 2048 2398 2103 cavendum
2432 2053 2516 2100 est
2546 2047 2807 2114 omnino,
2839 2063 2910 2100 ne
2950 2048 3059 2101 hoc
3090 2048 3243 2117 quod
3275 2048 3343 2101 de
3386 2046 3593 2100 amissa
3623 2046 3781 2116 ejus-

2085 2136 2215 2190 dem
2250 2135 2472 2188 arbitrii
2500 2134 2761 2188 libertate
2794 2134 3164 2205 subjungitur
3198 2150 3209 2187 :
3243 2154 3268 2184 «
3295 2134 3476 2197 Quam
3501 2149 3605 2203 per
3631 2132 3782 2188 Chri-

2086 2232 2236 2277 stum
2270 2223 2575 2277 Dominum
2600 2231 2858 2277 nostrum
2882 2224 3224 2294 recepimus,
3262 2223 3309 2292 ›]
3343 2223 3419 2276 ita
3451 2223 3521 2276 sit
3543 2222 3777 2286 dictum,

2084 2312 2248 2382 quasi
2292 2329 2357 2365 ex
2406 2328 2519 2382 quo
2564 2312 2624 2363 in
2672 2311 2897 2365 Christo
2948 2312 3272 2383 regenerati
3321 2327 3555 2377 sumus,
3609 2311 3784 2364 talem

2086 2404 2321 2468 statum,
2370 2406 2427 2453 et
2471 2400 2744 2453 virtutem
2788 2400 2952 2454 liberi
2985 2399 3204 2453 arbitrii
3250 2399 3682 2469 receperimus:
3717 2399 3782 2450 ut

2086 2489 2291 2542 exinde
2336 2488 2395 2541 in
2439 2489 2707 2558 praesenti
2752 2488 2864 2542 vita
2908 2489 3050 2542 tales
3089 2504 3209 2541 esse
3241 2488 3545 2557 possimus,
3597 2483 3782 2554 qualis

2087 2578 2182 2630 ille
2214 2577 2386 2630 homo
2424 2582 2546 2629 erat
2582 2581 2708 2629 ante
2756 2581 3085 2647 peccatum;
3122 2579 3182 2629 ut
3214 2576 3356 2628 sicut
3402 2574 3524 2643 ipse
3558 2572 3781 2625 vivebat

2084 2666 2144 2718 in
2176 2664 2440 2735 paradiso
2487 2664 2702 2734 absque
2738 2666 2854 2718 ullo
2886 2670 3136 2735 peccato,
3184 2663 3262 2717 ita
3305 2668 3360 2716 et
3388 2663 3585 2715 ﬁdeles
3619 2675 3782 2730 rege-

2089 2754 2268 2808 nerati
2298 2754 2358 2806 in
2399 2753 2623 2808 Christo
2669 2754 2882 2823 absque
2927 2758 3156 2821 peccato
3204 2752 3395 2804 vivant
3421 2750 3480 2805 in
3512 2749 3730 2803 mundo
3764 2763 3778 2802 :

2087 2842 2239 2911 quod
2292 2842 2592 2895 manifeste
2636 2857 2752 2895 non
2811 2842 3064 2911 pertinet
3106 2840 3173 2893 ad
3220 2845 3429 2892 statum
3483 2836 3783 2907 praesentis

2086 2932 2238 2996 vitae,
2270 2926 2383 2983 sed‘
2425 2931 2496 2984 ad
2530 2931 2860 2983 felicitatem
2917 2929 3041 2981 vitae
3090 2933 3335 2980 aeternas.
3391 2927 3531 2978 Nam
3565 2924 3624 2976 in
3674 2923 3780 2976 hac

2086 3020 2199 3073 vita
2230 3040 2257 3067 ‹‹
2288 3018 2334 3072 si
2367 3018 2698 3084 dixerimus,
2728 3016 2864 3088 quia
2894 3022 3187 3087 peccatum
3219 3031 3334 3068 non
3356 3014 3658 3076 habemus,
3683 3026 3785 3063 nos

2090 3109 2244 3178 ipsos
2289 3107 2630 3172 seducimus,
2688 3112 2744 3160 et
2770 3106 2977 3159 veritas
3014 3105 3076 3158 in
3110 3104 3274 3158 nobis
3314 3118 3431 3156 non
3466 3105 3550 3154 est
3603 3102 3782 3169 (Joan.

2092 3215 2127 3259 1.
2166 3198 2239 3267 8).
2282 3219 2302 3245 »
2342 3198 2409 3250 Et
2446 3197 2592 3250 sicut
2630 3196 2743 3250 alia
2774 3196 3071 3265 Scriptura
3119 3194 3243 3247 ait:
3286 3215 3306 3241 «
3346 3193 3472 3245 Non
3502 3196 3587 3243 est
3613 3190 3785 3242 homo

2085 3287 2272 3357 justus
2322 3302 2493 3356 super
2524 3289 2737 3338 terram
2780 3284 2881 3354 qui
2918 3284 3086 3336 faciat
3136 3283 3373 3347 bonum,
3410 3283 3465 3333 et
3512 3294 3628 3331 non
3658 3292 3791 3348 pec-

2091 3382 2180 3430 cet
2225 3375 2412 3445 (Eccli.
2446 3390 2542 3439 vn,
2576 3376 2649 3443 2).
2690 3395 2709 3421 ι
2761 3373 2919 3426 Unde
2950 3376 3007 3424 et
3048 3370 3344 3425 Psalmista
3374 3368 3445 3421 ad
3478 3365 3788 3421 Dominum

2092 3464 2230 3519 dicit
2264 3480 2275 3517 :
2308 3484 2333 3512 ‹‹
2391 3464 2514 3516 Non
2560 3461 2969 3533 justiﬁcabitur
3015 3461 3077 3513 in
3107 3463 3409 3528 conspectu
3457 3462 3557 3510 tuo
3603 3454 3791 3508 omnis

2090 3553 2287 3607 vivens
2342 3553 2706 3623 (Psal.cx1.u,
2763 3553 2841 3619 2).
2892 3570 2920 3600 »
2969 3551 3035 3603 Et
3068 3547 3330 3619 quotidie
3379 3546 3437 3598 in
3496 3542 3793 3598 Dominica

2093 3641 2349 3695 oratione
2397 3640 2583 3693 dicere
2647 3639 2961 3708 jubemur:
3016 3658 3043 3689 ι(
3090 3636 3321 3691 Dimitte
3387 3634 3551 3687 nobis
3602 3630 3794 3685 debita

2094 3734 2305 3794 nostra,
2349 3728 2493 3781 sicut
2536 3733 2591 3781 et
2620 3744 2725 3781 nos
2780 3727 3122 3781 dimittimus
3166 3723 3520 3778 debitoribus
3580 3719 3793 3774 nostris

2095 3818 2313 3887 (Matth.
2350 3832 2424 3881 VI,
2462 3819 2572 3883 12).
2611 3834 2638 3866 ››

2166 3905 2497 3959 Cavendum
2531 3910 2614 3958 est
2646 3903 2840 3973 igitur,
2878 3905 2939 3954 ut
2975 3900 3096 3970 jam
3139 3899 3406 3964 diximus,
3440 3913 3511 3949 ne
3558 3896 3662 3950 sub
3693 3896 3795 3951 tali

2094 3993 2501 4064 praedicatione
2569 3992 2766 4063 gratim
2829 3989 3060 4055 Christi,
3120 4004 3233 4058 qua
3293 4001 3440 4052 eam,
3496 4000 3670 4055 quam
3734 3984 3795 4037 in

2095 4083 2273 4136 Adam
2306 4081 2683 4151 perdidimus,
2710 4080 2831 4150 jam
2861 4078 3142 4147 recepisse
3174 4075 3422 4129 dicimur
3464 4074 3787 4127 libertatem

2097 4170 2316 4225 arbitrii
2368 4171 2630 4242 impietas
2663 4169 2933 4238 subrepat
2962 4164 3170 4220 erroris
3207 4162 3519 4231 Pelagiani,
3556 4168 3617 4215 ut
3649 4160 3795 4215 sicut

2097 4262 2191 4315 ille
2239 4262 2500 4326 asseruit,
2534 4260 2654 4314 sola
2684 4260 2892 4312 virtute
2940 4254 3108 4310 liberi
3148 4252 3370 4306 arbitrii
3402 4251 3669 4305 credatur
3699 4250 3796 4303 ho-

287 4367 487 4405 revera
531 4349 627 4404 illa
660 4350 913 4403 humana
940 4349 1055 4402 vita
1083 4350 1335 4402 humana
1375 4350 1672 4403 affectione
1704 4358 1847 4417 acta,
1876 4352 1984 4405 ho-
2028 4353 2072 4407 D
2104 4366 2196 4403 mo
2243 4367 2365 4404 esse
2407 4366 2567 4420 posse
2610 4348 2823 4418 absque
2872 4349 3124 4416 peccato,
3173 4342 3419 4395 maxime
3470 4355 3601 4393 cum
3632 4344 3689 4391 et
3736 4338 3798 4390 in

288 4438 547 4493 minibus
602 4438 778 4491 videri
827 4442 1011 4507 potest
1059 4438 1223 4507 quasi
1268 4438 1402 4499 vita,
1458 4438 1554 4490 sed
1604 4439 1715 4491 Deo
1767 4445 1993 4492 mortua

289 4534 397 4581 est.
434 4529 544 4581 Hac
574 4526 796 4580 ratione
830 4530 887 4579 et
914 4530 1131 4579 bonum
1184 4525 1347 4578 liberi
1376 4525 1599 4579 arbitrii
1647 4526 1707 4578 in
1738 4527 1991 4580 homini-

292 4618 399 4670 bus
444 4615 789 4686 agnoscitur,
832 4618 887 4666 et
938 4614 1036 4667 Dei
1068 4615 1253 4683 gratia
1299 4614 1641 4667 omnimodis
1673 4616 1994 4669 necessaria

290 4706 635 4770 declaratur,
669 4720 768 4773 per
800 4719 972 4773 quam
1002 4703 1255 4756 humana
1280 4708 1485 4755 natura
1510 4704 1719 4756 merito
1744 4705 1994 4773 antiquas

292 4793 776 4865 praavaricationis
827 4792 1135 4857 inﬁrmata,
1168 4807 1271 4861 per
1312 4791 1485 4845 ﬁdem
1518 4792 1727 4845 Christi
1756 4808 1991 4862 regene-

291 4888 419 4937 rata
465 4886 634 4952 atque
679 4881 972 4947 innovata,
1010 4887 1063 4933 et
1121 4881 1189 4933 ad
1241 4881 1520 4935 honorem
1565 4880 1654 4934 sui
1684 4882 1995 4935 reformata

292 4971 586 5043 principii,
652 4970 890 5040 recipiat
960 4969 1401 5038 possibilitatem
1465 4975 1521 5023 et
1584 4970 1991 5037 innocentiam,

294 5076 471 5130 quam
502 5060 561 5112 in
590 5059 768 5112 Adam
803 5057 1068 5128 perdidit,
1104 5062 1160 5110 et
1188 5073 1291 5127 per
1322 5057 1607 5111 Christum
1639 5058 1815 5112 libero
1848 5059 1993 5112 bene

295 5148 380 5201 uti
422 5147 659 5218 incipiat
688 5146 926 5200 arbitrio
961 5162 975 5199 :
1013 5149 1075 5199 ut
1100 5146 1221 5216 ejus
1269 5146 1452 5215 gratia
1480 5146 1655 5216 possit
1686 5147 1744 5200 in
1776 5164 1841 5200 eo
1872 5164 1992 5201 esse

294 5240 491 5290 sancta
534 5235 829 5306 cogitatio,
881 5234 1039 5303 pium
1090 5220 1413 5302 censilium,
1451 5235 1755 5305 omnisque
1805 5241 1992 5290 motus

295 5328 465 5381 bona:
516 5324 843 5391 voluntatis,
878 5324 1070 5394 sicquc
1101 5324 1382 5377 efficiatur
1412 5324 1679 5378 humanas
1724 5324 1993 5377 volunta—

292 5415 367 5469 tis
425 5414 727 5468 arbitrium
777 5429 895 5467 non
949 5412 1200 5467 ablatum
1261 5414 1354 5466 sed
1400 5413 1745 5479 liberatum;
1816 5421 1873 5467 et
1922 5413 1992 5466 de

294 5503 599 5557 tenebroso
648 5503 927 5566 lucidum,
978 5502 1047 5555 de
1100 5517 1274 5570 pravo
1325 5508 1565 5567 rectum,
1601 5503 1669 5555 de
1722 5503 1992 5571 languido

293 5608 525 5655 sanum,
562 5591 631 5644 de
661 5590 1025 5661 imprudente
1055 5589 1379 5659 providum.
1430 5590 1587 5654 Quod
1621 5594 1777 5644 tanto
1810 5591 1991 5663 magis

2102 4439 2288 4506 primo
2338 4440 2587 4507 capitulo
2636 4438 2872 4489 istarum
2920 4433 3340 4491 deﬁnitionum.
3398 4430 3476 4483 ita
3516 4429 3575 4482 in
3609 4429 3797 4498 primo

2102 4526 2199 4580 illo
2233 4527 2467 4580 homine
2501 4527 2746 4579 liberum
2780 4524 3081 4577 arbitrium
3116 4521 3441 4585 deﬁniatur,
3478 4522 3537 4571 ut
3562 4516 3798 4571 omnino

2105 4616 2202 4669 Dei
2238 4615 2422 4685 gratia
2452 4619 2723 4667 taceatur.
2755 4612 2917 4675 Quod
2956 4611 3003 4663 si
3034 4609 3365 4677 simpliciter
3400 4605 3798 4661 tantummodo

2104 4703 2318 4757 dictum
2358 4708 2463 4766 est,
2500 4708 2561 4755 ut
2608 4706 2843 4770 propter
2899 4697 3320 4751 inchoationem
3370 4696 3590 4766 gratiae,
3622 4710 3797 4765 quam

2104 4792 2162 4845 in
2195 4791 2627 4858 regeneratione
2653 4787 3026 4859 percipimus,
3055 4787 3175 4855 jam
3205 4785 3520 4838 libertatem
3554 4782 3794 4849 arbitrii,

2103 4897 2274 4951 quam
2305 4880 2363 4933 in
2412 4879 2587 4933 Adam
2620 4877 2933 4947 perdidisse
2967 4875 3237 4942 dicimur,
3282 4873 3561 4943 recepisse
3605 4872 3796 4925 videa-

2104 4986 2251 5034 mur,
2285 4985 2414 5022 cum
2466 4975 2654 5021 tamen
2691 4967 2813 5037 ejus
2861 4965 3160 5036 plenitudo
3209 4969 3377 5032 atque
3418 4961 3691 5030 perfectio
3737 4960 3799 5013 in

2101 5058 2296 5111 futura
2361 5057 2475 5109 vita
2539 5056 2786 5109 ﬁdeliter
2859 5053 3239 5123 exspectanda
3300 5051 3581 5115 credatur,
3658 5049 3799 5119 quid

2103 5163 2327 5200 necesse
2352 5146 2461 5199 fuit
2504 5149 2663 5198 tanta
2693 5142 3092 5213 ambiguitate,
3125 5145 3180 5193 et
3211 5139 3545 5192 confusione
3586 5144 3798 5190 verbo-

2100 5251 2229 5289 rum
2263 5235 2638 5288 elarissimam
2687 5234 2990 5287 obscurare
3024 5229 3321 5282 veritatem
3360 5244 3372 5278 :
3402 5243 3531 5280 cum
3566 5229 3797 5294 possent

2102 5340 2169 5377 ex
2230 5324 2599 5393 praefatorum
2662 5324 2892 5375 Patrum
2943 5317 3394 5381 deﬁnitionibus,
3455 5315 3541 5366 vel
3591 5328 3794 5377 unum,

2099 5414 2189 5466 vel
2220 5414 2414 5482 aliqua
2443 5412 2691 5481 capitula
2721 5409 2930 5463 assumi
2965 5414 3019 5461 et
3054 5408 3210 5478 poni,
3244 5406 3454 5476 quibus
3484 5407 3541 5457 et
3572 5400 3795 5456 arbitrii

2102 5498 2352 5565 libertas,
2388 5508 2442 5555 et
2476 5502 2573 5555 Dei
2636 5500 2818 5571 gratia
2858 5499 3081 5573 plenius
3125 5514 3189 5552 ac
3240 5494 3590 5550 manifestius
3630 5507 3795 5552 com—

2100 5591 2531 5646 mandarentur.
