4108 6190
378 302 511 353 1115

1025 435 1252 488 CAPUT
1292 436 1403 488 Xll.

376 581 501 632 Item
534 578 598 631 de
628 578 857 631 secundo
908 578 1162 645 capitulo.
1200 607 1267 615 —
1299 577 1387 631 Ad
1436 576 1599 645 ﬁdem
1632 582 1682 631 et
1728 579 1863 631 alios
1905 576 2064 630 bonos

808 654 959 701 actus
986 651 1169 714 gratia
1196 652 1274 701 est
1298 651 1620 701 necessaria.

440 779 562 841 1am
598 793 812 859 quanta
851 788 1174 841 absurditas
1206 792 1290 841 est
1315 788 1375 841 in
1405 804 1471 841 eo
1505 790 1655 858 quod
1691 791 1969 860 sequitur,
2004 798 2066 847 ut

374 881 674 946 postquam
706 878 921 931 dictum
955 882 1037 929 est
1070 893 1083 929 :
1120 898 1145 925 ι(
1178 878 1517 930 Libertatem
1544 878 1765 931 arbitrii
1794 880 1847 931 in
1872 882 2061 949 primo

369 964 604 1019 homine
647 966 1025 1035 perdidimus,
1070 981 1243 1035 quam
1285 982 1387 1035 per
1415 967 1698 1019 Christum
1754 968 2061 1023 Dominum

369 1060 627 1108 nostrum
657 1052 995 1124 recepimus,
1032 1076 1057 1101 ››
1092 1055 1283 1107 statim
1322 1056 1782 1125 subjungeretur,
1819 1077 1843 1107 α
1876 1063 1930 1110 et
1960 1058 2060 1112 ha-

369 1143 572 1197 bemus
602 1144 846 1197 liberum
879 1143 1180 1195 arbitrium
1229 1144 1296 1197 ad
1330 1144 1565 1207 bonum,
1616 1152 1968 1213 praeventum
2008 1152 2065 1200 et

370 1231 632 1301 adjutum
680 1232 892 1299 gratia;
923 1236 977 1283 ct
1023 1231 1299 1284 habemus
1346 1232 1592 1285 liberum
1638 1234 1939 1287 arbitrium
1992 1237 2062 1290 ad

370 1320 589 1373 malum
622 1320 909 1372 desertum
957 1320 1157 1389 gratia.
1195 1344 1220 1367 ››
1255 1320 1423 1383 Quasi
1455 1327 1758 1391 postquam
1801 1339 1903 1391 per
1933 1340 2063 1393 gra-

370 1408 509 1460 tiam
550 1408 755 1461 Christi
790 1408 1015 1461 Domini
1048 1410 1368 1477 regenerati
1404 1426 1619 1475 sumus,
1655 1416 1790 1463 tunc
1818 1413 2063 1481 coeperi-

370 1510 498 1547 mus
536 1495 767 1562 habere,
800 1497 943 1549 sicut
971 1496 1212 1549 liberum
1259 1497 1559 1551 arbitrium
1593 1499 1659 1552 ad
1706 1500 1943 1565 bonum,
1980 1502 2063 1556 ita

372 1588 429 1635 et
454 1583 695 1637 liberum
724 1584 1022 1637 arbitrium
1056 1584 1121 1637 ad
1156 1585 1371 1638 malum
1404 1602 1415 1639 :
1453 1587 1614 1656 quasi
1664 1604 1729 1640 ex
1765 1589 1860 1641 illa
1893 1607 2060 1660 rege-

371 1671 666 1724 neratione
697 1688 825 1724 cum
856 1674 1041 1741 gratia
1064 1673 1449 1742 praevenimur
1475 1680 1531 1726 et
1560 1674 1916 1743 adjuvamur,
1954 1678 2059 1731 ha—

370 1758 608 1812 beamus
638 1759 883 1813 liberum
916 1759 1215 1813 arbitrium
1243 1761 1309 1813 ad
1343 1762 1580 1825 bonum,
1615 1767 1671 1814 et
1702 1779 1829 1816 cum
1862 1766 2058 1818 eadem

371 1847 690 1901 deserimur
750 1849 953 1917 gratia,
1000 1848 1312 1901 habeamus
1355 1849 1600 1903 liberum
1651 1852 1951 1905 arbitrium
1992 1855 2062 1908 ad

368 1935 603 1988 malum.
640 1936 774 1999 Qum
824 1936 913 1989 hic
946 1938 1091 1990 ratio
1134 1941 1189 1990 et
1227 1940 1631 2007 consequentia
1680 1957 1878 1993 sensus
1906 1943 2057 1995 inve-

370 2022 477 2078 niri
511 2025 733 2092 potest?
766 2025 1033 2094 Nunquid
1068 2031 1197 2077 ante
1223 2026 1376 2078 illam
1409 2029 1904 2095 regenerationem
1933 2032 2061 2084 nul-

368 2112 489 2166 lum
538 2113 773 2166 omnino
820 2114 1060 2166 liberum
1114 2115 1426 2167 habeamus
1474 2116 1794 2183 arbitrium,
1839 2135 1943 2172 nec
1992 2120 2063 2173 ad

370 2200 607 2265 bonum,
637 2217 740 2254 nec
764 2203 833 2255 ad
858 2204 1116 2255 malum?
1147 2203 1411 2273 Nunquid
1438 2204 1589 2256 illius
1614 2207 2065 2275 regenerationis

369 2287 553 2356 gratia
582 2288 688 2341 hoc
722 2289 837 2359 egit
867 2290 925 2342 in
955 2289 1137 2355 nobis,
1170 2296 1231 2342 ut
1260 2291 1465 2345 exinde
1498 2293 1884 2362 acciperemus
1922 2297 2066 2351 sicut

369 2374 437 2428 ad
469 2376 705 2442 bonum,
746 2377 825 2429 ita
869 2377 1039 2431 etiam
1087 2378 1151 2431 ad
1189 2378 1402 2431 malum
1436 2380 1682 2434 liberum
1716 2383 2065 2439 arbitrium?

366 2464 490 2515 Jam
522 2463 661 2517 illud
702 2466 857 2535 quod
887 2466 944 2518 in
993 2467 1191 2520 eadem
1224 2466 1559 2521 deﬁnitione
1591 2470 1825 2538 ponitur
1860 2487 1871 2523 :
1907 2493 1933 2520 ‹‹
1970 2474 2063 2526 Li—

367 2551 570 2605 berum
601 2552 904 2605 arbitrium
947 2554 1014 2607 ad
1047 2554 1285 2622 bonum,
1319 2562 1671 2624 praeventum
1716 2563 1771 2611 et
1803 2561 2061 2628 adiutum

368 2640 571 2707 gratia,
623 2645 678 2693 et
728 2640 973 2694 liberum
1026 2642 1327 2695 arbitrium
1379 2645 1445 2695 ad
1481 2646 1715 2711 malum,
1769 2646 2062 2702 desertum

369 2727 572 2795 gratia,
608 2748 635 2777 ι)
672 2730 961 2798 quomodo
1014 2729 1259 2800 intelligi
1289 2732 1516 2800 potest?
1556 2733 1613 2786 Si
1644 2734 1798 2787 enim
1830 2737 2060 2805 quando

368 2816 687 2885 regenerati
719 2832 917 2869 sumus
946 2818 1005 2871 in
1045 2818 1351 2888 baptismo,
1383 2823 1518 2873 tunc
1548 2821 1870 2876 libertatem
1900 2825 2059 2878 arbi-

367 2902 460 2955 trii
493 2903 550 2956 in
597 2904 774 2957 Adam
807 2906 1111 2975 perditam,
1161 2906 1220 2959 in
1248 2908 1472 2961 Christo
1526 2910 1865 2979 recepimus,
1914 2928 2060 2965 nun-

1485 303 1539 355 S.
1585 300 1859 355 REMlGll
1901 298 2386 356 LUGDUNENSIS
2428 296 2747 354 EPISCOPI

3731 305 3861 354 tttﬁ

2103 434 2149 485 A
2179 432 2449 502 Apostolo
2479 448 2491 485 :
2529 454 2555 480 «
2588 434 2710 485 Non
2760 449 2825 486 ex
2859 432 3129 502 operibus
3166 432 3428 501 justitiae,
3469 448 3598 501 quae
3629 432 3865 486 fecimus

2174 538 2297 586 nos,
2344 522 2440 575 sed
2490 523 2797 575 secundum
2840 539 3002 575 suam
3052 521 3502 575 misericordiam
3549 523 3731 575 salvos
3759 539 3866 575 nos

2172 610 2305 663 fecit
2364 626 2467 681 per
2519 612 2800 664 lavacrum
2868 610 3316 680 regenerationis
3378 615 3433 663 et
3486 611 3868 663 renovationis

2173 698 2418 767 Spiritus
2470 699 2649 752 sancti
2683 702 2806 767 (Tit.
2866 716 2945 765 ιιι,
2998 700 3133 767 3).»
3178 699 3505 768 lndigemus
3552 699 3737 768 gratia
3769 700 3869 752 Dei

2173 789 2241 841 ad
2285 788 2474 841 omnia
2506 793 2562 841 et
2593 789 2817 857 singula
2850 788 3003 841 bona
3032 804 3133 857 per
3184 788 3441 857 singulos
3468 787 3609 852 dies,
3641 787 3870 840 dicente

2173 876 2472 929 Psalmista
2502 893 2513 929 ε
2550 898 2575 923 ι(
2618 878 2679 929 ln
2706 892 3050 946 quacunque
3080 876 3171 930 die
3203 877 3536 929 invocavero
3563 881 3638 940 te,
3665 876 3872 929 exaudi

2172 980 2262 1018 me
2314 965 2479 1032 (Psal.
2516 982 2584 1031 Cl,
2620 968 2689 1029 3).
2727 987 2753 1013 ››
2812 966 2875 1017 Et
2914 965 3124 1017 iterum
3160 980 3171 1016 :
3214 984 3240 1013 «
3275 965 3334 1017 In
3386 980 3731 1034 quacunque
3777 964 3870 1017 die

2171 1054 2438 1117 tribulor,
2490 1053 2701 1106 inclina
2729 1053 2795 1105 ad
2829 1068 2920 1107 me
2962 1068 3159 1106 aurem
3189 1057 3345 1105 tuam
3378 1052 3586 1121 (Ibid.).
3622 1073 3648 1099 »
3682 1053 3869 1115 Quam

2170 1144 2411 1213 gratiam
2469 1142 2862 1212 quotidianam
2903 1146 2959 1195 et
3005 1142 3291 1194 assiduam
3347 1142 3624 1194 Dominus
3671 1147 3872 1194 noster

2172 1233 2428 1284 Ecclesiae
2494 1247 2609 1283 sua).
2712 1230 3040 1299 promittere
3116 1230 3381 1299 dignatus
3448 1236 3552 1295 est,
3624 1229 3868 1284 dicens:

2173 1342 2200 1370 ‹‹
2236 1322 2372 1374 Ecce
2404 1336 2509 1388 ego
2542 1319 2829 1372 vobiscum
2865 1334 2989 1371 sum
3038 1319 3303 1371 omnibus
3334 1318 3534 1371 diebus
3566 1334 3749 1388 usque
3796 1318 3868 1371 ad

2171 1408 2724 1463 consummationem
2774 1408 2967 1461 saeculi
3017 1409 3231 1475 (Matth.
3279 1408 3584 1475 xxvm,’20).
3631 1426 3655 1458 ι
3706 1407 3865 1459 Indi-

2171 1514 2369 1563 gemus
2402 1514 2468 1549 ea
2511 1497 2579 1549 ad
2630 1495 2985 1549 excitandam
3018 1496 3077 1549 in
3124 1495 3282 1549 nobis
3333 1496 3539 1549 bonam
3591 1496 3866 1549 volunta—

2168 1591 2306 1646 tem,
2364 1584 2508 1638 sicut
2558 1585 2862 1654 Apostolus
2910 1584 3049 1636 dicit
3092 1600 3103 1636 :
3140 1604 3166 1631 «
3208 1583 3427 1637 Gratias
3473 1590 3665 1636 autem
3724 1584 3867 1649 Deo,

2169 1675 2266 1745 qui
2310 1674 2467 1727 dedit
2515 1674 2771 1727 eamdem
2822 1673 3263 1726 sollicitudinem
3310 1673 3365 1724 in
3416 1673 3582 1725 corde
3626 1672 3737 1725 Titi
3794 1673 3871 1735 (ll

2172 1764 2311 1833 (Cor.
2349 1780 2463 1827 VIII,
2518 1763 2619 1831 16).
2658 1784 2684 1810 ››
2720 1763 2784 1815 Et
2814 1763 2871 1815 Β.
2908 1762 3079 1815 David
3128 1766 3251 1814 orat
3283 1777 3382 1831 pro
3419 1762 3652 1830 populo,
3686 1775 3871 1830 quem

2170 1853 2368 1906 devote
2416 1856 2470 1905 et
2501 1851 2765 1904 alacriter
2798 1852 2908 1904 Deo
2953 1850 3103 1903 dona
3146 1850 3479 1903 offerentem
3524 1834 3772 1909 videbat,
3806 1853 3871 1902 ut

2172 1942 2433 1995 eamdem
2482 1940 2693 1993 bonam
2751 1942 3121 2004 voluntatem,
3166 1954 3339 2009 quam
3394 1938 3628 1991 dederat
3682 1938 3740 1989 in
3789 1937 3871 1991 eis

2174 2031 2345 2095 Deus,
2398 2033 2777 2088 conservaret,
2828 2028 3065 2080 dicens:
3104 2049 3129 2074 ‹‹
3168 2027 3442 2080 Dominus
3494 2027 3642 2078 Deus
3685 2026 3867 2078 Abra-

2172 2119 2329 2183 ham,
2363 2123 2419 2171 et
2452 2120 2620 2181 lsaac,
2655 2122 2710 2169 et
2741 2118 2908 2169 lsrael
2939 2116 3117 2168 Patris
3147 2116 3348 2181 nostri,
3378 2115 3595 2169 custodi
3628 2116 3687 2167 in
3730 2131 3873 2167 sem-

2175 2207 2463 2277 piternum
2495 2206 2641 2259 hanc
2672 2207 3019 2259 voluntatem
3054 2205 3239 2258 cordis
3277 2220 3497 2269 eorum,
3532 2209 3588 2257 et
3636 2220 3873 2271 semper

2172 2298 2229 2351 in
2279 2296 2707 2349 venerationem
2755 2294 2839 2347 tui
2889 2310 3052 2347 mens
3104 2294 3213 2346 ista
3266 2297 3601 2362 permaneat
3650 2294 3699 2359 (Ι
3737 2294 3868 2345 Par.

2173 2402 2317 2450 xxxx,
2357 2385 2459 2453 18).
2497 2404 2523 2431 ››
2572 2383 2900 2448 Indigemus
2943 2382 3127 2451 gratia
3176 2382 3271 2434 Dei
3304 2381 3371 2434 ad
3423 2382 3575 2433 bona
3609 2386 3665 2431 et
3708 2382 3872 2433 salu-

2171 2474 2296 2527 bria
2325 2473 2635 2542 loquenda,
2680 2472 2825 2523 sicut
2867 2471 2987 2540 ipse
3023 2472 3297 2524 Dominus
3344 2470 3402 2522 in
3438 2470 3745 2540 Evangelio
3791 2470 3875 2522 di-

2172 2561 2286 2614 cit:
2324 2580 2349 2610 «
2386 2562 2508 2614 Non
2550 2559 2704 2612 enim
2739 2576 2836 2611 vos
2868 2560 3001 2612 estis
3048 2560 3147 2629 qui
3180 2558 3503 2628 loquimini,
3555 2559 3653 2611 sed
3687 2558 3873 2627 Spiri-

2172 2655 2261 2703 tus
2312 2650 2491 2703 Patris
2544 2648 2713 2701 vestri
2747 2648 2847 2717 qui
2901 2648 3157 2718 loquitur
3208 2648 3266 2700 in
3314 2647 3469 2700 vobis
3528 2647 3759 2715 (Matth.
3818 2662 3871 2709 χ,

2172 2740 2279 2805 20).
2315 2759 2343 2786 >›
2383 2738 2491 2801 Qui
2537 2737 2708 2789 etiam
2757 2736 2892 2788 alibi
2946 2736 3230 2805 promittit
3262 2752 3274 2788 :
3304 2754 3329 2784 ί(
3360 2735 3531 2804 Aperi
3572 2750 3636 2787 os
3679 2740 3870 2799 tuum,

2172 2832 2229 2880 et
2258 2843 2366 2896 ego
2416 2825 2743 2895 adimplebo
2799 2825 2939 2878 illud
2988 2826 3159 2893 (Psal.
3206 2840 3364 2888 Lxxx,
3420 2827 3524 2891 tl).
3566 2845 3585 2869 ο
3641 2824 3875 2892 [ndige-

2174 2931 2300 2968 mus
2346 2914 2444 2967 Dei
2500 2913 2683 2983 gratia
2724 2913 2794 2965 ad
2843 2929 3041 2965 omnes
3092 2912 3207 2966 vias
3263 2928 3505 2982 operum
3551 2912 3869 2966 bonorum.

366 2989 505 3059 quid
536 2994 673 3044 tunc
706 2997 927 3046 tantum
975 2995 1273 3062 praevenit,
1308 3001 1363 3049 et
1400 2997 1617 3065 adjuvit
1664 3015 1763 3051 nos
1801 3001 1896 3053 Dei
1927 3017 2050 3071 gra-
2101 3008 2140 3062 Ο
2174 3003 2381 3057 Paulus
2413 3002 2717 3072 Apostolus
2756 3006 2952 3070 optare
3001 3017 3058 3054 se
3090 3001 3240 3062 dicit,
3291 3000 3386 3053 ubi
3419 3001 3493 3053 ait
3528 3017 3541 3053 :
3573 3021 3598 3049 ‹‹
3642 3001 3784 3052 Nam
3817 3006 3876 3052 et

367 3077 442 3129 tia
480 3092 491 3131 :
526 3084 625 3132 aut
674 3081 871 3134 eadem
918 3082 1017 3135 Dei
1048 3083 1246 3152 gratia,
1284 3083 1433 3137 sicut
1476 3087 1652 3138 semel
1690 3103 1794 3139 nos
1845 3089 2064 3157 adjuvit

364 3170 429 3218 ut
456 3166 817 3222 efﬁceremur
847 3170 1011 3223 liberi
1039 3171 1107 3224 ad
1130 3171 1369 3235 bonum,
1402 3172 1478 3225 ita
1502 3175 1672 3227 semel
1697 3191 1799 3228 nos
1830 3176 2060 3241 deserit,

368 3259 429 3306 ut
459 3256 773 3310 efﬁciamur
841 3258 1003 3311 liberi
1048 3261 1119 3312 ad
1170 3261 1424 3313 malum?
1489 3263 1625 3324 Quae
1673 3269 1755 3317 est
1802 3264 1901 3329 ita,
1944 3271 2061 3319 tam

366 3341 606 3395 obscura
635 3350 690 3397 et
716 3346 1003 3415 ambigua,
1029 3364 1092 3400 ac
1119 3364 1263 3417 pene
1290 3349 1445 3401 nulla
1468 3351 1665 3418 gratiae
1690 3353 2062 3419 praedicatio?

365 3430 565 3485 Nonne
617 3435 822 3487 melius
870 3442 1012 3501 erat,
1066 3444 1126 3488 ut
1160 3438 1526 3506 przefatorum
1574 3441 1807 3494 Patrum
1839 3447 2063 3495 senten-

366 3518 457 3571 tias
489 3536 617 3589 quae
648 3523 717 3575 de
750 3522 854 3576 hac
877 3540 933 3575 re
964 3524 1295 3593 plenissime
1325 3532 1381 3579 et
1413 3527 1724 3581 clarissime
1754 3529 2057 3597 definiunt,

364 3615 809 3676 assumerentur,
858 3612 945 3665 vel
993 3628 1194 3666 eorum
1239 3615 1423 3668 verbis
1456 3616 1563 3669 ista
1612 3617 1874 3671 delinitio
1926 3635 2059 3672 con-

364 3699 679 3764 texeretur;
717 3704 773 3753 et
817 3706 1012 3770 aperte
1059 3702 1137 3754 ibi
1176 3708 1321 3756 esset
1351 3706 1623 3773 positum,
1677 3706 1926 3776 qualiter
1957 3723 2060 3760 nos

365 3786 677 3853 praeveniat
718 3793 775 3842 et
824 3790 1052 3860 adjuvet
1104 3791 1223 3845 hinc
1258 3793 1355 3846 Dei
1385 3794 1590 3862 gratia,
1648 3794 1703 3849 id
1737 3800 1826 3848 ct
1868 3799 2059 3849 utrum

364 3874 541 3927 semel
586 3875 836 3930 nobisin
871 3878 1213 3949 baptismate
1262 3886 1419 3933 tanta
1467 3881 1773 3947 tribuatur,
1827 3900 1955 3953 quae
1990 3884 2057 3938 ad

363 3966 546 4016 totum
588 3969 814 4035 tempus
846 3967 972 4020 vita;
1006 3974 1217 4022 nostra:
1250 3970 1512 4037 sufﬁciat,
1558 3986 1633 4024 an
1664 3972 1917 4040 quotidie
1949 3972 2055 4026 im-

366 4051 643 4119 ploranda
689 4060 745 4108 et
785 4056 1113 4126 accipienda
1154 4058 1253 4122 sit;
1316 4065 1370 4112 et
1401 4064 1593 4112 utrum
1642 4076 1708 4113 ea
1739 4062 1808 4113 ad
1862 4061 2060 4131 aliqua

361 4139 534 4206 bona,
574 4158 648 4195 an
696 4144 764 4197 ad
796 4144 991 4198 omnia
1020 4145 1420 4216 indigeamus?
1462 4148 1624 4203 Certe
1658 4148 1800 4201 nihil
1851 4150 2059 4203 horum

364 4226 421 4278 in
454 4227 560 4281 hac
612 4228 948 4285 deﬁnitione
1008 4239 1277 4301 apparet;
1333 4239 1388 4286 et
1437 4234 1564 4287 ideo
1614 4236 1819 4288 melius
1872 4236 2060 4291 fuerat

364 4320 571 4384 tacere,
621 4334 796 4387 quam
852 4320 919 4372 de
965 4336 1024 4371 re
1066 4326 1222 4373 tanta
1271 4330 1386 4375 tam
1419 4323 1609 4392 inepte
1668 4329 1722 4376 et
1774 4323 2057 4379 inutiliter
2096 4346 2139 4399 ι)

364 4404 549 4473 loqui.

438 4491 769 4561 Indigemus
837 4512 1086 4566 namque
1139 4499 1320 4567 gratia
1386 4499 1506 4565 Dei,
1579 4516 1689 4554 non
1736 4502 1917 4554 solum
1986 4503 2059 4556 ad

364 4595 509 4649 opus
554 4582 792 4650 bonum,
854 4586 1001 4639 sicut
1057 4588 1113 4640 in
1164 4588 1269 4640 hoc
1329 4588 1580 4658 capitulo
1629 4590 1917 4658 deﬁnitur,
1961 4592 2058 4645 sed

364 4669 536 4723 etiam
607 4672 678 4725 ad
758 4673 945 4743 ipsum
1032 4676 1262 4730 initium
1330 4678 1503 4742 ﬁdei,
1574 4678 1694 4731 sine
1763 4696 1877 4749 qua
1940 4697 2058 4733 non

364 4774 664 4828 possumus
730 4764 997 4817 accedere
1063 4766 1131 4819 ad
1209 4768 1657 4835 regenerationis
1735 4784 2057 4821 sacramen-

364 4853 516 4913 tum;
585 4850 729 4904 sicut
766 4855 1071 4922 Apostolus
1127 4855 1263 4907 dicit
1317 4857 1384 4908 de
1446 4856 1632 4926 seipso
1686 4873 1699 4910 :
1756 4878 1781 4904 «
1843 4857 2059 4911 Miseri-

363 4937 613 4990 cordiam
657 4946 991 4995 consecutus
1025 4958 1172 5009 sum,
1202 4948 1264 4996 ut
1294 4944 1479 4997 ﬁdelis
1511 4961 1691 4997 essem
1727 4948 1772 5012 (Ι
1809 4948 1927 5001 Cor.
1961 4962 2056 5014 vn,

364 5030 479 5093 25).
516 5047 542 5075 »
578 5029 643 5081 Et
680 5030 943 5083 ﬁdelibus
985 5032 1241 5101 loquitur
1274 5049 1285 5085 :
1329 5056 1347 5080 ι
1385 5033 1529 5096 Quia
1574 5034 1731 5087 vobis
1780 5035 2057 5089 donatum

363 5120 448 5169 est
483 5132 585 5185 pro
618 5118 863 5184 Christo,
898 5136 1012 5172 non
1043 5121 1227 5173 solum
1261 5125 1323 5173 ut
1351 5121 1410 5173 in
1441 5138 1571 5175 eum
1612 5124 1854 5175 credatis
1889 5127 2055 5192 (Phil.

366 5221 402 5268 ι,
444 5206 559 5272 29),
611 5211 715 5258 etc.
783 5208 845 5259 Et
896 5207 1032 5261 alibi
1096 5208 1173 5261 ait
1207 5226 1218 5262 :
1251 5228 1279 5258 (ι
1344 5210 1696 5280 Aspicientes
1746 5211 1805 5263 in
1860 5218 2059 5265 aucto-

365 5309 484 5347 rem
538 5294 691 5360 tidei,
748 5300 804 5349 et
869 5303 1394 5351 consummatorem
1459 5300 1671 5365 Iesum,
1735 5300 2061 5371 indigemus

365 5382 549 5447 gratia
582 5382 678 5436 Dei
711 5383 769 5437 in
815 5384 937 5454 ipso
969 5387 1415 5453 regenerationis
1463 5387 1685 5441 lavacro
1728 5388 1926 5457 (Hebr.
1962 5407 2057 5457 xu,

366 5470 419 5532 “2)
454 5484 465 5520 :
500 5491 527 5516 »
558 5472 693 5538 quia
741 5474 865 5525 sine
916 5473 1007 5524 illa
1072 5491 1175 5527 nec
1231 5475 1642 5545 indulgentiam
1696 5483 2057 5546 peccatorum

366 5558 657 5626 consequi,
694 5577 795 5613 nec
826 5562 932 5614 tiili
968 5562 1066 5617 Dei
1111 5563 1235 5617 fieri
1273 5565 1551 5631 valemus;
1598 5565 1822 5620 dicente
1858 5568 2060 5622 eodem

2174 3093 2273 3162 qui
2319 3108 2515 3144 sumus
2547 3091 2607 3143 in
2656 3090 3023 3143 tabernaculo
3069 3089 3498 3159 ingemiscimus
3544 3090 3766 3157 gravati
3813 3088 3875 3141 in

2173 3197 2239 3235 eo
2284 3180 2436 3250 quod
2488 3180 2755 3232 nolumus
2805 3179 3137 3249 exspoliari,
3192 3179 3287 3231 sed
3345 3178 3751 3247 supervestiri,
3815 3182 3874 3230 ut

2172 3269 2546 3322 absorbeatur
2580 3267 2729 3337 quod
2766 3273 2848 3320 est
2894 3268 3133 3321 mortale
3164 3283 3197 3319 a
3222 3266 3335 3319 vita
3371 3268 3441 3337 (Il
3487 3268 3607 3322 Cor.
3646 3283 3699 3332 v,
3727 3268 3806 3331 4).
3847 3288 3867 3312 ι

2243 3360 2361 3427 (Hic
2408 3359 2649 3425 plurima
2698 3356 2911 3421 desunt,
2960 3357 3159 3409 scilicet
3196 3372 3397 3423 magna
3440 3371 3573 3424 pars
3622 3356 3874 3410 Censura

2172 3448 2335 3515 hujus
2379 3446 2605 3500 secundi
2645 3447 2897 3514 capituli,
2934 3449 2983 3498 ct
3014 3447 3257 3498 maxima
3286 3460 3418 3512 pars
3448 3458 3690 3497 censura
3721 3446 3873 3497 tertii

2170 3550 2291 3603 cap.
2325 3534 2469 3603 quod
2499 3534 2789 3603 sequitur.)

2712 3672 2780 3708 DE
2818 3671 3002 3708 TERTIO
3042 3670 3102 3708 CA
3112 3670 3319 3708 PlTULO.

2245 3785 2272 3812 «
2322 3765 2469 3818 Deus
2533 3762 2901 3831 omnipotens
2956 3778 3151 3819 omnes
3202 3760 3465 3813 homines
3527 3760 3651 3812 sine
3711 3775 3873 3812 exce-

2168 3854 2367 3924 ptione
2398 3854 2518 3906 vult
2566 3854 2750 3905 salvos
2779 3853 2926 3915 fieri,
2968 3852 3098 3906 licet
3137 3868 3252 3905 non
3302 3866 3501 3903 omnes
3551 3850 3868 3902 salventur.

2168 3943 2325 4007 Quod
2358 3946 2548 3995 autem
2583 3941 2819 4011 quidam
2857 3942 3167 4007 salvantur,
3201 3939 3468 3993 salvantis
3498 3942 3581 3991 est
3614 3938 3868 3997 donum;

2168 4032 2319 4103 quod
2349 4036 2539 4085 autem
2587 4030 2822 4100 quidam
2867 4034 3130 4099 pereunt,
3166 4028 3531 4099 pereuntium
3579 4034 3664 4081 est
3699 4028 3868 4079 meri-

2168 4126 2311 4173 tum.
2346 4139 2374 4170 »

2710 4223 2960 4260 CENSURJS
2999 4222 3313 4259 CONCLUSIO.

2434 4330 2575 4385 Cum
2613 4346 2749 4400 ergo
2798 4330 2885 4384 ha:
2914 4330 3040 4383 dum
3082 4329 3385 4399 opiniones
3418 4329 3474 4382 in
3517 4329 3757 4397 praefato
3798 4328 3871 4380 li-

2171 4420 2319 4474 bello
2372 4420 2461 4489 (de
2512 4420 2684 4474 tribus
2734 4418 3024 4487 Epistolis)
3075 4418 3142 4471 de
3192 4418 3297 4471 hac
3348 4433 3409 4470 re
3453 4419 3765 4487 proposita:
3816 4422 3873 4469 et

2170 4508 2439 4579 expositze
2491 4508 2751 4571 fuissent,
2817 4507 3184 4575 subjunctum
3245 4512 3329 4559 est
3384 4506 3651 4574 protinus
3708 4504 3870 4557 valde

2170 4597 2406 4661 utiliter,
2440 4601 2495 4649 et
2521 4595 2733 4649 dictum
2769 4610 2781 4647 :
2820 4616 2845 4643 ‹‹
2876 4595 3141 4658 Quolibet
3162 4594 3290 4663 quis
3320 4594 3643 4664 acquiescat
3676 4593 3868 4659 modo,

2170 4702 2283 4738 non
2318 4690 2402 4738 est
2450 4684 2784 4737 haereticum
2830 4684 2937 4735 nisi
2987 4684 3278 4736 contentio
3323 4682 3654 4735 hmreticum
3687 4682 3804 4734 ﬁat.
3840 4700 3866 4727 ι)

2168 4773 2423 4826 Similem
2493 4788 2719 4842 quoque
2786 4772 3126 4825 sententiam
3190 4772 3249 4825 Β.
3326 4786 3469 4839 papa
3527 4770 3870 4824 leestinus

2168 4862 2235 4915 de
2325 4861 2670 4931 quibusdam
2756 4860 3229 4929 profundioribus
3310 4860 3725 4929 quaestionibus
3810 4858 3870 4910 in

2173 4950 2419 5003 Decretis
2494 4952 2609 5003 suis
2664 4949 2876 5017 posuit,
2954 4939 3162 5002 dicens'
3215 4948 3285 5001 de
3344 4948 3425 5001 eis
3493 4951 3699 5015 (Epist.
3793 4946 3872 5000 ad

2173 5040 2351 5105 Episc.
2386 5039 2546 5105 Gali.)
2584 5053 2595 5089 :
2630 5036 2766 5099 Quae
2817 5036 2963 5090 sicut
2992 5052 3105 5090 non
3151 5036 3430 5089 audemus
3470 5042 3868 5097 contemnere,

2168 5126 2247 5179 ita
2296 5142 2408 5179 non
2459 5140 2688 5179 necesse
2744 5124 3023 5178 habemus
3071 5131 3346 5178 astruere.
3390 5125 3473 5178 Sit
3532 5140 3671 5195 ergo
3721 5125 3873 5177 inter

2172 5232 2275 5268 nos
2306 5214 2475 5269 etiam
2508 5214 2577 5267 de
2621 5214 2726 5268 hac
2754 5229 2816 5267 re
2845 5214 3168 5267 istiusmodi
3198 5214 3293 5283 pia
3322 5213 3547 5267 cautela
3587 5218 3645 5267 et
3673 5213 3871 5267 mode-

2170 5304 2335 5370 ratio,
2391 5308 2671 5374 quatenus
2706 5307 2762 5356 et
2808 5303 3016 5356 sanctis
3064 5302 3325 5356 Patribus
3353 5307 3613 5355 servetur
3662 5302 3867 5366 honor,

2172 5399 2228 5447 et
2258 5393 2516 5463 quolibet
2559 5392 2688 5462 quis
2728 5392 3049 5462 acquiescat
3098 5391 3270 5444 modo
3303 5407 3369 5444 ex
3414 5390 3528 5443 illis
3582 5390 3867 5455 sensibus,

2172 5480 2269 5550 qui
2303 5480 2371 5533 de
2401 5480 2505 5533 hac
2544 5479 2827 5532 sententia
2876 5480 2946 5533 ab
2980 5479 3061 5532 eis
3092 5479 3266 5548 positi
3311 5484 3463 5544 sunt,
3498 5495 3614 5532 non
3644 5479 3867 5548 judice-

2173 5584 2299 5622 mus
2328 5585 2451 5623 esse
2481 5568 2841 5635 heareticum;
2868 5569 2964 5622 sed
2997 5568 3188 5638 potius
3219 5568 3461 5622 vitemus
3481 5565 3867 5621 contentionis
