4108 6190
228 319 370 371 1117

1320 316 1410 371 DE
1453 314 1782 369 TENENDA
1819 314 2229 370 ΞΟΒΙΡΤΠΒᾹΞ
2266 313 2641 371 VERITATE.

3594 317 3729 370 1118

226 449 470 515 malum,
507 464 609 519 per
638 446 793 517 quod
820 446 990 499 etiam
1038 445 1107 497 dc
1152 444 1402 515 pacificis
1451 449 1507 497 et
1536 443 1925 498 ecclesiasticis
1962 452 2008 502 A
2039 444 2445 498 misericordiae
2475 462 2591 498 sua:
2624 445 2743 515 ipse
2771 450 3043 516 operatur
3083 446 3342 499 eamdem
3375 445 3586 499 bonam
3633 462 3728 499 vo-

228 538 493 591 sensibus
527 541 713 607 potest
751 536 850 606 qui
898 533 1286 587 contentiosus
1322 550 1441 587 esse
1491 534 1755 600 voluerit,
1806 533 1930 586 hie-

229 627 473 679 reticum
510 626 734 679 efticere
757 624 910 693 quod
945 624 1135 677 sentit.
1172 624 1369 693 Itaque
1420 622 1479 675 in
1525 623 1691 675 rebus
1722 622 1930 675 talibus

229 715 603 768 cohibeamus
652 730 758 766 nos
799 713 956 783 ipsos
996 712 1210 765 salubri
1254 711 1673 771 moderatione,
1725 716 1785 763 ut
1826 725 1931 762 nec

228 808 598 856 contemnere
644 802 976 867 audeamus,
1038 816 1143 855 nec
1188 800 1350 871 quasi
1402 799 1719 853 necessario
1774 799 1926 852 afﬁr-

229 902 393 941 mare
438 905 736 954 conemur,
792 905 1076 942 memores
1125 904 1352 957 semper
1404 888 1556 942 illius
1606 888 1930 958 apostolicae

232 976 566 1029 sententiae:
627 998 654 1025 ‹‹
704 977 760 1030 Si
829 978 957 1045 quis
1026 982 1217 1030 autem
1271 976 1497 1029 videtur
1547 976 1930 1029 contentiosus

235 1081 378 1130 esse,
416 1081 514 1117 nos
546 1066 717 1118 talem
749 1065 1223 1119 consuetudinem
1257 1081 1374 1118 non
1406 1065 1703 1130 habemus,
1741 1080 1929 1134 neque

235 1152 480 1205 Ecclesia
525 1152 624 1205 Dei
671 1154 714 1221 (Ι
758 1154 874 1208 Cor.
933 1169 1007 1217 x1,
1062 1156 1168 1216 16).
1209 1173 1235 1200 ›
1284 1153 1562 1222 Legamus
1606 1168 1741 1221 ergo
1785 1152 1931 1222 paci-

233 1243 357 1307 tice,
380 1246 435 1293 et
458 1245 737 1310 quantum
772 1242 1045 1294 Dominus
1066 1241 1642 1311 donatintelligamus
1661 1242 1930 1311 dogmata

233 1329 749 1383 ecclesiasticorum
801 1330 1074 1395 virorum,
1117 1345 1222 1383 nec
1268 1346 1370 1399 pro
1428 1330 1554 1382 aliis
1602 1329 1929 1383 doctoribus

233 1418 503 1471 adversus
536 1418 677 1471 alios
721 1417 1013 1488 litigemus
1040 1434 1053 1483 ;
1096 1419 1233 1489 quia
1262 1423 1317 1471 et
1349 1419 1457 1489 ipsi
1492 1418 1649 1471 inter
1690 1434 1749 1470 se
1774 1417 1929 1487 paci-

232 1507 344 1560 ﬁci.
383 1528 409 1556 «
446 1508 846 1578 Unusquisque
867 1509 925 1560 in
949 1525 1049 1561 suo
1080 1524 1249 1561 sensu
1281 1509 1718 1562 abundaverunt
1751 1509 1925 1575 (Rom.

235 1611 350 1660 xxv,
388 1599 473 1666 5);
524 1618 545 1643 ι
599 1596 744 1648 alius
789 1596 1021 1666 quidem
1066 1596 1164 1663 sic,
1217 1596 1361 1649 alius
1408 1613 1540 1648 vero
1582 1598 1680 1661 sic,
1729 1611 1929 1665 exspe-

231 1690 447 1737 ctantes
507 1684 753 1737 ﬁdeliter
818 1688 988 1753 atque
1050 1684 1349 1738 humiliter
1409 1685 1561 1755 quod
1622 1686 1929 1754 Apostolus

231 1772 535 1842 promittit,
583 1772 813 1826 dicens:
877 1792 902 1823 ι(
958 1774 1021 1825 Et
1066 1772 1112 1825 si
1158 1772 1298 1843 quid
1348 1772 1513 1825 aliter
1549 1772 1766 1841 sapitis,
1821 1772 1928 1824 hoc

231 1878 465 1931 quoque
511 1861 666 1914 vobis
720 1862 865 1914 Deus
920 1861 1196 1915 revelabit
1240 1862 1403 1928 (Phil.
1458 1878 1536 1928 111,
1585 1865 1686 1927 15).
1726 1880 1751 1911 ι)
1786 1862 1928 1913 Nam

237 1949 337 2020 qui
373 1965 488 2003 non
512 1950 817 2018 tranquille
851 1955 909 2003 et
951 1949 1186 2018 paciﬁce
1237 1950 1574 2003 moderatur
1619 1950 1770 2019 quod
1802 1966 1931 2002 sen-

233 2038 324 2103 tit,
359 2038 457 2091 sed
490 2039 677 2092 statim
710 2044 946 2107 paratus
998 2045 1083 2092 est
1128 2039 1196 2092 ad
1243 2039 1656 2104 contentiones,
1713 2038 1930 2093 dissen-

231 2126 427 2179 siones
475 2131 527 2179 et
569 2127 850 2191 scandala,
906 2127 1130 2179 etiamsi
1190 2143 1306 2179 non
1347 2126 1551 2180 habeat
1596 2127 1931 2179 hwreticum

229 2231 465 2268 sensum
495 2215 807 2269 certissime
837 2215 1012 2268 habet
1042 2215 1372 2269 haereticum
1407 2216 1685 2269 animum.

304 2304 484 2367 Quam
527 2304 755 2373 pietatis
817 2304 1269 2358 moderationem
1323 2305 1371 2357 si
1425 2305 1597 2357 etiam
1651 2304 1745 2357 isti
1790 2304 1930 2357 boni

232 2393 363 2455 viri,
393 2393 489 2462 qui
521 2394 668 2447 hanc
715 2409 922 2447 novam
974 2393 1370 2447 deﬁnitionem
1422 2397 1764 2457 statuerunt,
1812 2409 1926 2446 ser-

229 2498 363 2534 vare
392 2482 724 2549 voluissent,
751 2482 957 2535 melius
986 2483 1132 2535 hanc
1169 2499 1289 2535 rem
1342 2482 1567 2536 silentio
1614 2482 1927 2552 praeteriis-

230 2574 398 2633 sent;
433 2574 488 2623 et
522 2569 833 2639 unicuique
882 2571 951 2623 de
1001 2585 1067 2623 ea
1107 2571 1419 2623 secundum
1469 2571 1643 2623 ﬁdem
1680 2586 1841 2623 suam
1873 2576 1926 2624 et

230 2658 650 2724 auctoritatem,
710 2658 799 2711 cui
869 2658 1052 2729 magis
1126 2658 1605 2729 acquiescendum
1675 2663 1924 2728 putaret,

232 2746 596 2801 sentiendum
659 2748 1080 2817 permitterent,
1146 2749 1425 2819 ﬁnitoque
1466 2749 1617 2801 inter
1666 2764 1763 2800 eos
1808 2754 1927 2800 tam

230 2836 419 2904 longae
469 2841 525 2889 et
580 2837 909 2907 perniciosae
963 2838 1345 2892 contentionis
1416 2837 1629 2907 jurgio.
1708 2853 1814 2906 pax
1873 2841 1928 2889 et

230 2925 421 2979 unitas
453 2926 661 2979 Christi
701 2927 956 2980 Ecclesia?
993 2927 1419 2981 reformaretur.
1470 2928 1603 2979 Ecce
1635 2926 1788 2979 enim
1822 2926 1923 2977 ali-

2039 534 2316 587 lantatem
2352 549 2533 598 suam,
2571 539 2633 586 ut
2677 539 2731 587 et
2760 534 2868 604 ipsi
2915 534 3116 587 salvari
3166 535 3360 601 velint,
3410 541 3579 604 atque
3614 536 3730 588 sal-

2041 627 2264 675 ventur.
2299 623 2573 686 Qualibus
2608 624 2988 691 etApostolus
3018 624 3174 688 dicit,
3212 646 3237 671 ‹‹
3272 624 3412 677 Cum
3444 624 3651 677 timore
3675 628 3732 676 et

2038 715 2288 764 tremore
2346 717 2592 763 vestram
2673 712 2914 764 salutem
3002 712 3365 782 operamini:
3430 714 3576 765 Deus
3648 716 3733 765 est

2040 800 2217 865 enim,
2250 801 2347 870 qui
2382 806 2652 869 operatur
2703 799 2759 851 in
2810 800 2990 864 vobis,
3048 807 3104 853 et
3154 801 3319 865 velle,
3374 806 3428 853 et
3455 801 3729 869 perﬁcere

2040 904 2143 957 pro
2173 888 2325 941 bona
2350 889 2643 940 voluntate
2673 888 2838 955 (Phil.
2884 904 2942 949 ιι,
2993 892 3073 955 12,
3130 892 3238 957 l3).
3286 908 3311 937 »
3368 890 3431 941 In
3484 889 3731 942 aliorum

2039 981 2229 1028 autem
2264 976 2535 1029 cordibus
2577 976 2873 1028 severitate
2898 976 3042 1045 justi
3077 982 3129 1028 et
3175 976 3381 1028 occulti
3409 976 3610 1045 judicii
3644 974 3732 1027 sui

2042 1081 2155 1117 non
2182 1070 2454 1133 operatur
2482 1066 2628 1117 hanc
2655 1066 2965 1118 salutarem
2998 1065 3370 1129 voluntatem,
3410 1064 3505 1117 sed
3538 1064 3727 1117 dimit-

2040 1152 2105 1206 tit
2134 1169 2228 1205 eos
2255 1170 2356 1205 suo
2390 1153 2623 1205 arbitrio
2650 1168 2663 1205 :
2697 1158 2757 1205 ut
2787 1152 2921 1222 quia
2962 1153 3275 1205 noluerunt
3297 1153 3547 1217 credere,
3574 1153 3731 1222 justa

2042 1241 2257 1294 ultione
2290 1241 2655 1295 damnentur.
2692 1242 2759 1294 Et
2789 1242 2895 1294 hoc
2927 1241 3155 1311 quidem
3206 1240 3275 1293 de
3318 1240 3427 1294 illis
3478 1241 3588 1293 dici
3634 1256 3732 1310 po-

2038 1334 2168 1394 test,
2201 1330 2299 1400 qui
2331 1329 2566 1382 verbum
2605 1330 2892 1399 Evangelii
2921 1330 3244 1394 audierunt,
3282 1328 3381 1382 sed
3411 1329 3621 1382 duritia
3649 1329 3732 1381 in-

2039 1418 2395 1471 credulitatis
2427 1435 2545 1471 suse
2573 1418 2828 1488 recipere
2861 1419 3189 1470 noluerunt.
3240 1424 3251 1429 ”

2111 1508 2255 1571 Quid
2287 1524 2420 1560 vero
2450 1507 2751 1560 dicendum
2796 1512 2879 1560 est
2927 1506 2995 1559 de
3028 1512 3182 1559 tanta
3221 1504 3585 1559 multitudine
3618 1504 3732 1557 im-

2039 1596 2289 1666 piorum,
2324 1597 2421 1666 qui
2450 1597 2682 1649 fuerunt
2711 1596 2781 1649 ab
2812 1594 3043 1648 exordio
3075 1594 3271 1647 mundi
3306 1609 3487 1663 usque
3531 1593 3599 1646 ad
3631 1593 3731 1645 ad-

2042 1690 2274 1737 ventum
2306 1685 2532 1739 Christi.
2584 1686 2647 1737 Et
2697 1684 2883 1737 adhuc
2922 1699 3038 1737 non
3070 1682 3318 1749 negandi
3357 1685 3490 1733 sunt
3520 1698 3640 1734 esse
3672 1681 3732 1735 in

2039 1774 2306 1826 extremis
2355 1774 2616 1844 partibus
2663 1773 2817 1825 orbis
2862 1776 3050 1837 terrae,
3100 1773 3170 1824 ad
3220 1786 3361 1840 quos
3404 1770 3597 1823 nullus
3624 1786 3728 1821 un-

2038 1879 2212 1933 quam
2246 1863 2583 1933 praedicator
2631 1862 2882 1925 accessit,
2930 1862 3154 1913 nullum
3203 1875 3458 1929 unquam
3494 1857 3731 1911 verbum

2037 1952 2169 2005 ﬁdei
2217 1953 2541 2017 audierunt,
2594 1952 2693 2021 qui
2757 1950 2955 2018 utique
3022 1950 3347 2001 nullatenus
3415 1950 3733 2017 potuerunt

2041 2060 2069 2089 «
2098 2041 2327 2094 credere
2360 2041 2410 2093 ei
2436 2056 2609 2111 quem
2636 2055 2754 2092 non
2787 2039 3112 2100 audierunt,
3152 2052 3339 2108 neque
3377 2037 3575 2089 audire
3608 2034 3730 2088 sine

2038 2131 2381 2200 praedicante
2433 2130 2609 2187 (Rom.
2664 2145 2715 2194 x,
2762 2129 2847 2193 l4,
2915 2128 3021 2196 15),
3076 2148 3094 2173 ι
3162 2141 3231 2179 ne
3293 2126 3731 2196 praedicatorem

2038 2221 2313 2289 recipere,
2346 2219 2447 2289 qui
2476 2220 2668 2272 nullus
2697 2218 2767 2271 ad
2807 2234 2900 2271 eos
2952 2218 3157 2269 missus
3199 2221 3319 2269 est:
3379 2214 3644 2283 nunquid
3676 2217 3732 2266 et

2036 2309 2176 2361 tales
2207 2314 2513 2378 propterea
2561 2307 3007 2372 damnabuntur,
3052 2307 3186 2375 quia
3219 2322 3332 2358 non
3368 2304 3731 2358 crediderunt

2037 2398 2187 2467 quod
2223 2413 2519 2466 nunquam
2554 2397 2747 2450 audire
2777 2394 3137 2465 potuerunt?
3168 2396 3231 2447 Et
3264 2399 3454 2447 tamen
3488 2393 3727 2446 omnino

2037 2485 2467 2539 damnabuntur
2498 2501 2599 2553 pro
2631 2485 2754 2538 aliis
2798 2484 3039 2553 peccatis
3071 2484 3207 2549 suis,
3242 2488 3296 2536 et
3333 2482 3729 2552 principaliter

2036 2590 2139 2643 pro
2174 2574 2269 2627 illo
2325 2574 2512 2643 primo
2545 2579 2601 2627 et
2630 2572 2897 2642 originali
2938 2576 3190 2642 peccato,
3230 2592 3257 2619 ‹‹
3288 2572 3344 2623 in
3382 2588 3496 2641 quo
3528 2586 3730 2623 omnes

2036 2666 2413 2731 peccaverunt
2460 2662 2635 2730 (Rom.
2674 2677 2726 2727 v,
2776 2663 2879 2727 12),
2930 2683 2949 2707 υ
2995 2660 3127 2729 quia
3174 2675 3289 2712 non
3334 2659 3543 2710 frustra
3596 2656 3727 2709 scri-

2034 2756 2197 2820 ptum
2225 2755 2345 2803 est:
2388 2772 2407 2799 ι
2446 2750 2686 2803 Etfunde
2706 2750 2850 2802 iram
2875 2754 3029 2802 tuam
3054 2749 3109 2800 in
3134 2752 3351 2817 gentes,
3375 2763 3503 2815 quae
3527 2751 3581 2799 te
3613 2761 3729 2799 non

2034 2844 2354 2903 noverunt;
2389 2844 2444 2891 et
2476 2839 2535 2891 in
2566 2854 2763 2907 regna,
2796 2853 2923 2907 quae
2975 2852 3183 2889 nomen
3217 2842 3377 2887 tuum
3411 2850 3527 2886 non
3560 2834 3727 2887 invo—

2032 2934 2304 2981 caverunt
2367 2928 2531 2995 (Psal.
2594 2943 2813 2992 Lxxvm,
2860 2926 2935 2991 6).
2992 2947 3017 2973 ››
3074 2926 3135 2976 Et
3183 2923 3490 2992 Apostolus
3551 2922 3723 2975 dicit:

227 3015 360 3084 quis
392 3015 599 3068 sentiat
629 3021 686 3069 et
715 3016 883 3081 dicat,
930 3016 1073 3069 sicut
1106 3017 1275 3069 etiam
1312 3016 1647 3086 antiquitus,
1697 3019 1752 3067 et
1796 3031 1924 3067 sen-
1964 3032 2003 3087 ρ
2036 3036 2063 3066 ‹‹
2099 3018 2294 3069 Dantis
2322 3015 2630 3067 vindictam
2655 3015 2712 3066 in
2737 3016 3029 3066 tlammam
3050 3011 3196 3081 ignis
3228 3011 3334 3076 his,
3366 3010 3466 3080 qui
3498 3025 3615 3062 non
3636 3025 3729 3061 no-

226 3119 352 3156 sum
387 3109 488 3169 est,
538 3109 595 3157 et
632 3104 885 3158 dictum:
934 3106 1054 3157 Non
1097 3103 1237 3157 dixit
1285 3104 1586 3173 Apostolus
1640 3102 1924 3156 universa-

228 3193 360 3245 liter
392 3199 447 3246 et
493 3193 861 3263 generaliter,
911 3199 967 3246 et
997 3198 1058 3245 ut
1101 3193 1195 3246 isti
1224 3192 1569 3246 addiderunt
1603 3192 1724 3244 sine
1756 3207 1923 3245 exce-

225 3281 444 3350 ptione,
498 3301 524 3328 «
576 3280 683 3344 Qui
732 3281 853 3334 vult
892 3298 1092 3335 omnes
1140 3282 1403 3335 homines
1468 3282 1653 3333 salvos
1715 3279 1839 3333 ﬁeri
1874 3278 1931 3345 (I

232 3371 365 3423 Tim.
399 3385 454 3431 ιι,
486 3370 560 3437 4),
598 3387 624 3420 ι
658 3370 752 3423 sed
787 3370 1105 3439 specialiter
1135 3370 1201 3423 ad
1234 3385 1331 3423 eos
1360 3368 1575 3434 retulit,
1612 3368 1680 3421 de
1715 3368 1923 3438 quibus

224 3474 401 3527 supra
435 3458 673 3524 dixerat,
710 3476 737 3508 «
770 3474 873 3528 pro
905 3458 1190 3525 omnibus,
1225 3458 1576 3523 hominibus,
1618 3473 1721 3527 pro
1766 3457 1923 3527 regi-

224 3548 351 3611 bus,
390 3552 447 3599 et
466 3546 551 3599 his
573 3547 670 3617 qui
694 3547 751 3600 in
770 3548 1120 3601 sublimitate
1148 3552 1283 3600 sunt
1314 3548 1475 3611 (Ibid.
1508 3551 1601 3616 2);
1636 3566 1661 3596 ι)
1686 3548 1920 3617 utquod

225 3635 370 3688 dixit
402 3656 423 3683 ε
463 3650 660 3688 omnes
696 3656 723 3683 ››
760 3635 952 3688 omnia
980 3652 1191 3705 genera
1219 3634 1523 3689 hominum
1557 3635 1798 3705 intelligi
1834 3652 1923 3687 vo-

222 3724 418 3789 luerit,
460 3725 716 3778 omnium
766 3724 978 3777 scilicet
1025 3725 1302 3794 gentium,
1342 3741 1606 3792 sexuum,
1639 3723 1923 3778 conditio-

224 3829 388 3877 num,
422 3812 710 3879 ordinum,
748 3813 1116 3882 dignitatum.
1154 3814 1299 3877 Quid
1348 3814 1522 3866 habet
1557 3813 1679 3865 htec
1712 3811 1921 3864 intelli-

224 3902 421 3971 gentia
450 3901 872 3973 inconsequens
923 3907 1023 3955 aut
1065 3901 1414 3955 contrarium
1463 3900 1689 3953 veritati
1723 3901 1750 3955 ?
1780 3901 1921 3953 Item

223 3990 371 4043 alius
400 3990 551 4044 dicat
582 3996 637 4044 et
666 3991 893 4057 sentiat,
926 3991 1071 4044 sicut
1102 3990 1273 4043 etiam
1306 4006 1337 4042 a
1369 3990 1713 4060 quibusdam
1742 3989 1922 4057 majo-

224 4079 384 4132 ribus
416 4079 653 4145 dictum,
697 4084 755 4133 et
783 4096 1013 4133 sensum
1046 4080 1369 4149 reperitur:
1421 4078 1749 4149 Apostolus,
1791 4092 1923 4130 cum

224 4168 489 4237 superius
521 4168 672 4221 orari
710 4168 969 4239 jussisset
1015 4188 1043 4219 ε(
1090 4185 1193 4238 pro
1255 4168 1523 4222 omnibus
1563 4165 1917 4233 hominibus,

226 4271 336 4325 pro
368 4256 600 4326 regibus
631 4261 686 4311 et
725 4257 811 4309 his
866 4258 964 4327 qui
1006 4257 1067 4309 in
1122 4256 1472 4310 sublimitate
1525 4261 1678 4323 sunt,
1721 4274 1747 4307 »
1794 4260 1923 4324 post

225 4344 323 4398 illa
360 4345 551 4398 omnia
601 4345 946 4414 generaliter
982 4345 1050 4399 de
1099 4344 1362 4397 universo
1404 4359 1612 4413 genere
1663 4345 1917 4397 humano

226 4434 555 4503 subjunxit:
591 4455 618 4483 ‹‹
645 4434 750 4497 Qui
801 4435 923 4487 vult
970 4449 1168 4487 omnes
1201 4432 1465 4486 homines
1495 4433 1677 4485 salvos
1706 4431 1851 4486 ﬁeri.
1889 4453 1917 4480 ››

224 4523 376 4587 Quid
406 4523 575 4576 habet
601 4523 734 4576 mali
767 4527 865 4575 aut
895 4522 1135 4592 periculi
1160 4521 1333 4574 etiam
1356 4522 1461 4573 ista
1487 4520 1866 4590 intelligentia
1893 4518 1920 4571 ’ἲ

226 4612 424 4681 Neque
451 4613 601 4665 enim
643 4612 742 4683 qui
792 4612 873 4664 ita
904 4610 1077 4663 sentit
1123 4615 1289 4679 putat
1335 4609 1618 4662 voluntati
1677 4608 1775 4661 Dei
1808 4624 1921 4678 qua

225 4722 253 4748 ‹‹
286 4700 409 4753 vult
439 4717 637 4753 omnes
666 4700 925 4753 homines
949 4699 1133 4751 salvos
1151 4697 1295 4763 ﬁeri,
1320 4717 1345 4748 ν)
1371 4698 1625 4766 aliquem
1655 4698 1921 4750 resistere

222 4794 280 4841 et
311 4790 616 4852 contraire,
663 4794 728 4842 ut
772 4804 887 4842 non
935 4788 1115 4857 possit
1163 4788 1407 4855 implere
1453 4786 1603 4856 quod
1656 4786 1829 4851 velit;
1865 4791 1920 4839 et

222 4877 395 4930 ambo
428 4877 534 4929 sibi
567 4881 622 4930 et
651 4877 755 4931 iste
807 4877 1068 4929 videlicet
1108 4881 1163 4929 et
1211 4876 1325 4943 ille,
1361 4875 1492 4928 licet
1535 4875 1757 4928 diversa
1788 4891 1918 4927 sen-

222 4967 453 5026 tientes,
482 4965 730 5019 ﬁdeliter
760 4969 929 5035 atque
962 4964 1317 5017 unanimiter
1355 4963 1723 5016 concordant.
1761 4963 1920 5026 Quod

221 5055 486 5125 quolibet
517 5056 686 5107 modo
720 5054 927 5107 dixerit
961 5053 1265 5122 Apostolus
1297 5052 1365 5106 de
1402 5053 1537 5117 Deo,
1572 5073 1598 5099 «
1647 5051 1752 5114 Qui
1802 5052 1922 5105 vult
1982 5126 1985 5127 ν

219 5160 425 5197 omnes
475 5143 743 5197 homines
789 5144 970 5196 salvos
1015 5143 1139 5195 ﬁeri
1174 5164 1194 5188 ιο
1249 5146 1444 5194 tamen
1494 5142 1683 5194 nullus
1731 5140 1919 5193 homi-

216 5248 384 5297 num,
420 5232 529 5285 nisi
561 5232 811 5302 gratuita
851 5231 973 5300 ejus
1000 5229 1388 5284 misericordia
1421 5230 1691 5296 solvetur,
1728 5230 1919 5283 nullus

219 5320 332 5374 nisi
358 5321 512 5389 justo
543 5322 663 5389 ejus
687 5320 902 5390 judicio
938 5320 1122 5390 perire
1155 5318 1542 5388 permittatur.
1582 5322 1744 5373 Certe
1776 5319 1916 5373 illud

172 5456 175 5457 ν
220 5410 280 5463 in
315 5409 421 5461 hac
452 5409 769 5478 quaestione
802 5408 1165 5461 manifestum
1185 5412 1287 5471 est,
1314 5406 1465 5476 quod
1495 5407 1718 5459 etiamsi
1751 5422 1920 5477 gene-

217 5499 442 5563 raliter,
475 5503 532 5551 et
576 5498 965 5552 indifferenter
1000 5517 1027 5547 (ι
1059 5512 1257 5550 omnes
1304 5496 1568 5549 homines
1606 5497 1752 5549 Deus
1800 5499 1919 5549 vult

217 5585 406 5637 salvos
436 5585 581 5649 ﬁeri,
614 5605 642 5636 ν
679 5586 736 5640 in
768 5585 1009 5639 aliorum
1040 5589 1235 5637 tamen
1267 5584 1530 5638 cordibus
1562 5584 1917 5655 benignitate

2032 3109 2237 3158 verunt
2290 3104 2595 3157 Dominum
2627 3104 2712 3173 (II
2750 3105 2933 3157 Thess.
2979 3119 3017 3165 ι,
3055 3105 3135 3171 8).
3182 3121 3209 3148 >›
3261 3100 3317 3153 Si
3366 3098 3493 3168 quis
3540 3098 3607 3150 de
3640 3103 3723 3150 ta-

2031 3194 2181 3246 libus
2218 3193 2555 3263 interroget,
2609 3192 2744 3262 quid
2798 3192 2856 3244 in
2916 3190 2997 3243 eis
3056 3187 3239 3258 egerit
3290 3188 3550 3241 voluntas
3599 3186 3720 3252 Dei,

2034 3301 2063 3333 α
2096 3282 2195 3352 qui
2226 3298 2427 3334 omnes
2467 3281 2730 3334 homines
2777 3280 2899 3332 vult
2944 3280 3123 3331 salvos
3172 3277 3314 3343 ﬁeri,
3364 3281 3419 3329 et
3467 3275 3537 3329 ad
3568 3273 3725 3344 agni-

2031 3370 2244 3424 tionem
2272 3369 2522 3423 veritatis
2549 3370 2757 3434 venire,
2794 3390 2820 3415 ››
2846 3368 2981 3438 quid
3008 3366 3447 3437 respondebitur
3467 3364 3492 3414 ?
3525 3364 3727 3417 Nonne

2032 3459 2207 3512 homo
2241 3464 2439 3511 cautus
2471 3463 2525 3511 et
2570 3458 2697 3527 pius
2744 3457 2927 3527 magis
2977 3456 3146 3524 eliget
3193 3460 3395 3519 tacere,
3448 3458 3545 3505 aut
3574 3456 3727 3505 certe

2030 3564 2159 3600 cum
2197 3547 2481 3618 PrOpheta
2512 3551 2566 3599 et
2604 3546 2880 3615 Apostolo
2918 3545 3270 3598 exclamare:
3303 3567 3322 3591 ε
3369 3542 3591 3597 Judicia
3630 3546 3727 3593 tua

2031 3637 2266 3706 abyssus
2297 3637 2470 3689 multa
2502 3636 2663 3706 (Psal.
2702 3651 2865 3701 xxxv,
2901 3638 2953 3700 7)
2980 3652 3001 3695 ;
3033 3655 3051 3679 ιι
3091 3638 3181 3686 et:
3218 3650 3239 3682 α
3290 3633 3332 3685 Ο
3378 3631 3727 3700 profundum

2031 3724 2361 3777 divitiarum
2398 3724 2695 3793 sapientiae
2733 3729 2788 3775 et
2832 3722 3082 3775 scientiae
3116 3721 3232 3774 Dei.
3284 3720 3464 3783 Quam
3512 3719 3727 3771 incom-

2032 3813 2604 3882 prehensibilia‘sunt
2637 3812 2850 3882 judicia
2893 3811 3015 3881 ejus
3049 3817 3121 3875 et,
3168 3808 3591 3878 investigabiles
3620 3807 3726 3860 viae

2030 3902 2150 3970 ejus
2197 3903 2376 3969 (Rom.
2411 3919 2487 3970 x1,
2523 3903 2629 3969 33).
2669 3923 2688 3950 ι
2727 3904 2803 3956 De
2852 3901 2957 3955 hoc
3011 3918 3148 3971 ergo
3198 3899 3449 3970 capitulo
3502 3897 3605 3950 iste
3651 3895 3727 3949 sit

2031 3991 2181 4045 ﬁnis.

2680 4116 2903 4171 CAPUT
2946 4116 3081 4169 XIII.

2030 4243 2291 4312 Sequitur
2341 4240 2585 4307 deﬁnitio
2638 4245 2869 4363 (ιλιανέαό
2915 4255 3032 4306 qum
3087 4243 3137 4291 et
3188 4238 3380 4289 ultima
3420 4236 3637 4300 cst,‘ita
3666 4249 3721 4287 se

2803 4327 2835 4363 a
2875 4326 2984 4363 ens.

2803 4326 2984 4364 aocns.

2104 4434 2422 4488 «Christus
2468 4436 2628 4488 Jesus
2697 4433 2971 4486 Dominus
3048 4438 3255 4496 noster,
3327 4429 3469 4483 sicut
3529 4428 3723 4482 nullus

2030 4524 2201 4577 homo
2232 4529 2333 4589 est,
2370 4523 2495 4587 fuit,
2530 4523 2615 4575 vel
2646 4523 2772 4586 erit,
2805 4522 2965 4589 cujus
2997 4519 3275 4572 naturain
3307 4520 3402 4571 illo
3432 4523 3725 4586 assumpta

2030 4629 2146 4665 non
2180 4612 2373 4676 fuerit,
2410 4612 2486 4663 ita
2519 4611 2707 4663 nullus
2739 4615 2842 4676 est,
2878 4610 2989 4663 fuit
3012 4609 3096 4661 vel
3122 4608 3229 4661 erit
3253 4608 3447 4671 homo,
3484 4622 3585 4677 pro
3609 4623 3722 4676 quo

2029 4716 2229 4771 passus
2270 4716 2384 4752 non
2430 4700 2625 4764 fuerit,
2680 4699 2810 4751 licet
2866 4714 2982 4751 non
3034 4712 3234 4749 omnes
3278 4696 3558 4765 passionis
3602 4695 3723 4764 ejus

2030 4790 2301 4859 mysterio
2331 4789 2705 4841 redimantur.
2741 4788 2899 4851 Quod
2952 4793 3143 4840 autem
3192 4802 3309 4838 non
3359 4801 3558 4837 omnes
3590 4800 3722 4853 pas-

2028 4876 2207 4930 sionis
2267 4876 2387 4945 ejus
2445 4876 2713 4945 mysterio
2773 4874 3149 4938 redimantur,
3206 4889 3321 4925 non
3375 4871 3603 4941 respicit
3651 4871 3722 4925 ad

2028 4964 2508 5034 magnitudinem,
2546 4970 2600 5016 et
2641 4963 2807 5033 pretii
2836 4963 3252 5029 copiositatem,
3283 4962 3379 5015 sed
3409 4963 3477 5014 ad
3511 4961 3721 5013 intide-

2029 5054 2192 5120 lium,
2232 5058 2288 5107 et
2317 5054 2386 5107 ad
2421 5070 2539 5106 non
2571 5053 2922 5106 credentium
2961 5072 2987 5103 »
3022 5069 3087 5104 ea
3114 5052 3225 5105 lide
3254 5076 3273 5099 α
3312 5068 3438 5121 qua:
3465 5067 3565 5121 per
3587 5050 3722 5103 dile-

2027 5143 2274 5196 ctionem
2308 5147 2578 5211 operatur
2610 5141 2757 5211 (Gal.
2795 5158 2845 5207 v,
2879 5142 2956 5209 6),
2997 5163 3021 5189 »
3050 5172 3116 5179 ν-
3154 5159 3178 5191 α
3222 5141 3450 5210 respicit
3478 5146 3716 5210 partem,

2028 5232 2163 5301 quia
2193 5232 2464 5300 poculum
2500 5231 2763 5284 humanm
2807 5230 3025 5297 salutis,
3077 5230 3230 5299 quod
3288 5230 3604 5282 confectum
3638 5232 3721 5280 est

2027 5321 2360 5375 inﬁrmitate
2390 5326 2583 5375 nostra
2614 5326 2669 5373 et
2705 5320 2912 5372 virtute
2953 5318 3163 5384 divina,
3193 5319 3365 5371 habet
3395 5317 3629 5386 quidem
3660 5315 3720 5369 in

2028 5428 2104 5475 se,
2140 5415 2204 5463 ut
2232 5410 2498 5463 omnibus
2543 5409 2760 5479 prosit;
2794 5409 2910 5475 sed,
2946 5408 2991 5460 si
3034 5424 3147 5460 non
3179 5407 3417 5469 bibitur,
3456 5422 3570 5459 non
3602 5422 3718 5458 me—

2026 5500 2211 5553 detur.
2245 5520 2264 5545 ι
