4096 6186
396 282 529 335 illi)

1082 428 1397 468 CENSURA.

636 504 890 555 Christus
922 517 1028 555 non
1056 516 1126 555 ea:
1154 504 1470 554 necessitate
1500 503 1837 554 incarnatus.

465 591 529 644 Et
554 590 615 643 in
641 590 745 643 hac
775 605 920 642 nova
969 594 1025 642 et
1062 588 1338 644 inusitata
1384 589 1718 643 deﬁnitione
1764 594 1875 642 tres
1920 588 2083 643 nobis

392 679 733 749 quaestiones
771 682 1209 746 proponuntur:

464 766 673 834 Prima,
707 767 861 836 quod
893 766 1139 818 dicitur:
1178 788 1197 813 ι
1234 765 1378 829 Quia
1410 765 1599 818 nullus
1622 765 1792 818 homo
1815 769 1918 830 est,
1952 766 2080 832 fuit,

393 852 475 905 vel
532 855 659 918 erit,
711 855 873 923 cujus
937 860 1142 906 natura
1207 853 1267 906 in
1341 853 1563 907 Christo
1628 859 1918 923 assumpta
1967 868 2083 906 non

389 940 579 994 fuerit.
618 963 643 988 ››

463 1029 743 1095 Secunda,
774 1030 923 1100 quod
954 1030 1302 1083 afﬁrmatur:
1329 1054 1353 1075 «
1389 1030 1550 1093 Quod
1602 1030 1790 1083 nullus
1821 1034 1923 1096 est,
1957 1030 2082 1097 fuit,

391 1117 477 1169 vel
509 1118 619 1170 erit
651 1118 843 1183 homo,
879 1134 982 1187 pro
1013 1134 1124 1186 quo
1172 1117 1426 1171 Christus
1472 1133 1673 1186 passus
1727 1134 1839 1170 non
1885 1119 2081 1185 fuerit,

392 1205 521 1259 licet
552 1223 667 1259 non
710 1222 906 1259 omnes
955 1206 1238 1276 passionis
1291 1206 1414 1275 ejus
1466 1206 1736 1275 mysterio
1793 1207 2083 1260 rediman-

392 1299 504 1349 tur.

460 1383 666 1448 Tertia,
702 1384 854 1453 quod
886 1383 1238 1453 adjungitur,
1270 1402 1297 1434 α
1332 1384 1474 1447 Quia
1520 1384 1771 1453 ejusdem
1806 1384 2087 1455 passionis

392 1472 517 1541 ejus
565 1472 835 1541 mysterio
882 1472 1257 1525 redimantur.
1310 1494 1336 1521 ››
1386 1473 1512 1526 Νοη
1563 1472 1746 1526 solum
1801 1474 2084 1541 inﬁdeles,

393 1561 492 1613 sed
521 1576 707 1629 neque
738 1560 845 1629 ipsi
893 1561 1110 1625 ﬁdeles,
1153 1579 1179 1608 α
1216 1561 1325 1614 nisi
1356 1561 1443 1615 illi
1473 1563 1595 1623 soli,
1633 1562 1729 1632 qui
1762 1578 1885 1615 eam
1914 1564 2086 1616 ﬁdem

392 1649 625 1713 habent,
657 1664 785 1718 quae
813 1664 916 1717 per
945 1649 1305 1702 dilectionem
1348 1655 1637 1719 operatur.
1666 1670 1691 1702 »

1524 279 1578 330 ὃ.
1622 276 1893 331 REMIGII
1924 276 2407 334 LUGDUNENSIS
2438 276 2746 334 EPISCOPI

3750 282 3885 333 “20

2118 411 2165 463 A
2197 411 2295 465 sed
2341 413 2461 465 sola
2503 413 2626 482 ejus
2678 416 2976 483 potestate,
3040 418 3097 465 et
3147 413 3349 483 gratia,
3394 420 3449 468 et
3496 411 3885 469 misericordia

2188 499 2335 554 facta
2366 505 2467 565 est,
2503 501 2582 553 sic
2612 517 2714 570 per
2759 517 2958 555 omnes
3004 500 3130 555 illas
3181 502 3581 571 generationes
3612 504 3887 557 veraciter

2190 604 2321 642 caro
2352 590 2472 659 ejus
2512 590 2824 655 descendit,
2857 590 2937 644 sic
2966 607 3030 643 ex
3062 591 3142 643 eis
3194 591 3468 644 veraciter
3514 597 3680 645 natus
3718 607 3885 644 verus

2191 678 2360 731 homo
2390 678 2569 732 factus
2615 684 2717 745 est,
2755 686 2814 731 ut
2867 679 3017 749 quod
3077 679 3129 732 ei
3167 679 3404 749 placuit,
3460 679 3787 733 miserando
3828 684 3887 733 et

2192 767 2469 836 sanando,
2501 784 2563 821 ac
2593 768 2928 821 redimendo
2950 768 3085 821 inde
3120 774 3472 833 assumeret;
3505 769 3657 838 quod
3689 772 3883 821 autem

2191 871 2307 908 non
2339 856 2574 925 placuit,
2610 856 2963 925 reprobaret.
2994 856 3150 909 Sicut
3182 856 3507 909 admirabili
3539 855 3801 925 potentia
3830 858 3886 908 et

2190 944 2491 998 veritatem
2535 950 2757 998 natura:
2830 945 3096 997 humanae
3142 944 3466 1013 assumpsit,
3520 949 3576 997 et
3626 943 3883 1013 ejusdem

2190 1037 2427 1097 naturae,
2464 1031 2667 1085 vitium
2710 1048 2825 1085 non
2874 1032 3201 1101 assumpsit,
3238 1037 3298 1085 ut
3327 1032 3485 1084 illam
3526 1031 3885 1101 suscipiendo

2192 1121 2454 1183 salvaret,
2490 1125 2547 1173 et
2576 1120 2715 1173 illud
2760 1137 2874 1173 non
2927 1120 3290 1189 suscipiendo
3335 1119 3673 1173 damnaret:
3705 1119 3786 1172 ita
3823 1118 3885 1171 in

2189 1208 2291 1262 illo
2311 1207 2587 1262 ineffabili
2616 1207 3024 1261 incarnationis
3053 1223 3170 1260 sum
3194 1207 3463 1277 mysterio
3497 1206 3704 1259 electos
3728 1221 3882 1269 suos,

2191 1302 2430 1366 propter
2459 1313 2600 1367 quos
2626 1296 2992 1349 redimendos
3014 1294 3477 1364 etjustiﬁcandos
3496 1311 3560 1347 ac
3588 1293 3886 1347 salvandos

2193 1386 2519 1451 advenerat,
2552 1385 2997 1439 misericorditer
3043 1385 3324 1453 suscepit:
3362 1402 3503 1455 quos
3559 1388 3753 1437 autem
3804 1385 3887 1436 in-

2195 1472 2400 1540 dignos
2443 1473 2539 1526 illa
2611 1473 3005 1527 misericordia
3052 1478 3107 1526 et
3156 1472 3553 1541 redemptione
3586 1470 3885 1540 judicavit,

2193 1562 2412 1613 alienos
2456 1561 2527 1613 ab
2558 1561 2655 1614 illa
2706 1561 2955 1614 mirabili
3011 1560 3369 1629 susceptione
3415 1559 3738 1627 dereliquit.
3773 1559 3888 1611 De-

2200 1650 2373 1720 nique
2412 1650 2472 1704 in
2512 1650 2625 1703 illis
2674 1650 3164 1720 generationibus,
3197 1649 3349 1702 unde
3378 1665 3509 1701 caro
3538 1648 3662 1718 ejus
3692 1652 3891 1700 exorta

462 1738 541 1790 De
566 1710 752 1806 prima
782 1710 918 1807 ergo
946 1740 1259 1807 quaestione
1292 1710 1402 1793 hoe
1443 1739 1604 1792 nobis
1650 1740 1999 1794 credendum
2032 1743 2087 1794 et
2126 1710 2166 1764 Β
2200 1710 2304 1806 est,
2335 1744 2392 1793 et
2449 1710 2733 1793 Abrahae:
2785 1744 2840 1793 et
2877 1739 3052 1793 David
3099 1710 3437 1807 ponuntur;
3484 1742 3541 1790 et
3566 1710 3776 1791 'Achaz
3831 1739 3890 1788 et

390 1825 706 1879 tenendum
756 1825 999 1889 videtur,
1052 1826 1186 1895 quia
1235 1828 1520 1895 susceptio
1571 1826 1668 1879 illa
1708 1833 1927 1881 natura:
1976 1828 2083 1881 hn-

392 1929 579 1966 manas
628 1913 685 1965 in
728 1912 952 1967 Christo
1001 1930 1118 1967 non
1181 1914 1289 1967 fuit
1330 1932 1393 1967 ex
1442 1915 1778 1968 necessitate
1821 1915 2083 1984 originis,

392 2002 489 2055 sed
523 2017 589 2055 ex
621 2005 920 2071 potestate,
955 2008 1012 2056 et
1040 2002 1246 2072 gratia,
1280 2008 1335 2056 et
1357 2003 1768 2071 misericordia,
1794 2008 1850 2057 et
1878 2005 2087 2074 digna-

392 2090 551 2144 tione
592 2090 972 2159 suscipientis.
1022 2090 1218 2145 Caeteri
1258 2108 1505 2161 namque
1555 2092 1838 2161 homines,
1872 2109 1988 2145 non
2021 2109 2088 2146 ex

394 2195 493 2232 sua
528 2179 820 2232 voluntate
849 2183 906 2233 et
938 2184 1237 2249 potestate,
1269 2181 1365 2232 sed
1399 2197 1465 2234 ex
1504 2182 1604 2235 Dei
1642 2181 1855 2250 judicio
1882 2187 1938 2235 et
1970 2182 2085 2235 dis-

393 2265 701 2335 positione,
733 2267 1000 2337 originali
1033 2270 1364 2321 necessitate
1398 2274 1453 2322 et
1486 2270 1809 2323 conditione
1844 2286 2085 2323 nascun-

394 2359 524 2421 tur;
559 2375 587 2403 «
635 2356 910 2409 Dominus
954 2361 1147 2410 autem
1177 2359 1338 2410 Jesus
1378 2358 1652 2425 Christus,
1699 2358 1798 2428 qui
1853 2364 2089 2429 propter

397 2458 501 2496 nos
532 2444 816 2510 homines,
858 2450 913 2498 et
960 2452 1199 2515 propter
1228 2452 1479 2501 nostram
1517 2448 1757 2501 salutem
1794 2447 2090 2501 descendit

397 2531 466 2584 de
524 2532 702 2597 caelis,
745 2539 801 2585 et
852 2533 1179 2587 incarnatus
1237 2541 1323 2587 est
1373 2535 1442 2588 de
1503 2535 1716 2603 Spiritu
1777 2538 1972 2588 sancto
2021 2551 2089 2588 ex

399 2618 574 2672 Maria
601 2619 846 2688 virgine,
884 2642 903 2669 ι
959 2637 1074 2675 non
1124 2622 1458 2675 necessitate
1509 2628 1563 2677 et
1609 2622 1935 2676 conditione
1988 2624 2090 2676 hu-

398 2722 583 2761 manm
631 2707 892 2778 originis,
944 2710 1042 2763 sed
1091 2714 1367 2779 potestate
1418 2716 1474 2764 et
1534 2711 1929 2764 misericordia
1970 2727 2088 2764 suae

395 2796 702 2849 voluntatis
725 2818 753 2845 ι(
788 2798 967 2851 Homo
1014 2798 1196 2852 factus
1245 2802 1348 2851 est.
1384 2818 1411 2849 »
1463 2800 1623 2853 Unde
1654 2805 1711 2853 et
1760 2801 1815 2854 Β.
1850 2816 2091 2871 evange-

395 2883 524 2937 lista
573 2885 883 2951 Mattheeus,
928 2902 1056 2940 cum
1107 2888 1313 2941 seriem
1378 2888 1729 2957 genealogis:
1776 2889 1898 2959 ejus
1949 2910 1975 2937 «
2016 2890 2087 2942 ab

394 2972 684 3027 Abraham
718 2990 897 3045 usque
927 2976 999 3030 ad
1034 2976 1230 3040 David,
1258 2983 1311 3029 et
1337 2993 1369 3029 a
1398 2977 1574 3031 David
1599 2994 1776 3047 usque
1809 2978 1879 3031 ad
1914 2983 2091 3031 trans-

396 3060 803 3132 migrationem
846 3064 1195 3135 Babylonim,
1252 3070 1305 3118 et
1355 3082 1385 3117 a
1431 3066 1933 3135 transmigratione
1984 3068 2087 3119 Ba-

392 3150 641 3221 byloniae
695 3168 873 3222 usque
923 3153 993 3206 ad
1040 3153 1218 3223 ipsius
1278 3154 1631 3207 nativitatem
1665 3172 1690 3207 ι
1745 3154 2089 3208 describeret

397 3240 618 3309 (Matth.
654 3242 714 3309 ι),
781 3245 1013 3295 caeteras
1096 3258 1295 3296 omnes
1381 3242 1782 3312 generationes
1839 3244 2088 3298 naturali

395 3344 561 3382 cursu
594 3335 650 3383 et
693 3330 1019 3384 conditione
1069 3332 1338 3384 humana:
1385 3333 1804 3401 procurationis
1852 3349 1916 3385 ac
1955 3349 2085 3402 pro-

394 3417 717 3487 pagationis
747 3418 999 3488 digessit,
1034 3417 1254 3471 dicens:
1293 3438 1319 3469 (ί
1364 3419 1647 3473 Abraham
1686 3420 1885 3489 genuit
1916 3421 2084 3487 Isaac,

396 3506 552 3559 Isaac
591 3508 790 3575 genuit
844 3507 1037 3572 Jacob,
1090 3507 1261 3560 Jacob
1304 3507 1506 3576 genuit
1549 3508 1751 3562 Judam
1790 3514 1845 3561 et
1888 3508 2089 3562 fratres

396 3595 596 3663 ejus,»
632 3603 688 3648 et
720 3599 923 3649 caetera
961 3595 1243 3649 similiter.
1299 3596 1439 3649 Cum
1498 3597 1743 3650 venisset
1795 3604 1989 3651 autem
2018 3598 2085 3652 ad

398 3684 625 3736 unicam
658 3688 716 3736 et
751 3683 1097 3753 singularem
1150 3684 1502 3737 nativitatem
1554 3685 1780 3752 Christi,
1824 3686 2091 3741 discrevit

395 3787 522 3824 eam
554 3770 897 3826 mirabiliter
926 3790 956 3825 a
991 3773 1210 3826 caeteris
1251 3774 1538 3839 omnibus,
1573 3780 1626 3827 et
1656 3774 1768 3828 ait:
1808 3795 1835 3825 «
1880 3776 2090 3829 Christi

396 3865 589 3914 autem
621 3861 916 3930 generatio
950 3861 1029 3915 sic
1060 3867 1200 3929 erat,
1238 3881 1263 3911 »
1299 3863 1406 3915 hoc
1436 3866 1520 3914 est
1549 3879 1663 3916 non
1694 3864 1839 3917 sicut
1866 3865 2091 3934 priores

396 3950 795 4017 generationes
826 3950 1075 4004 naturali
1106 3966 1295 4014 cursu,
1331 3956 1387 4003 et
1414 3951 1742 4005 conditione
1774 3958 2085 4017 currentes,

395 4054 459 4090 ac
492 4037 601 4090 sibi
635 4037 878 4091 invicem
921 4039 1307 4105 succedentes,
1350 4039 1445 4093 sed
1481 4040 1757 4111 singulari
1788 4046 2087 4116 potestate,
2116 4052 2121 4057 ‘

396 4133 453 4179 et
496 4126 729 4193 virtute,
777 4131 832 4180 et
884 4127 1067 4197 gratia
1129 4128 1424 4180 excellens.
1479 4130 1539 4180 Et
1590 4128 1783 4181 statim
1832 4130 2088 4197 ejusdem

395 4215 785 4284 generationis
815 4216 1119 4284 specialem
1141 4216 1377 4268 modum
1400 4216 1648 4285 qualiter
1677 4217 1749 4269 sit
1779 4216 1925 4269 facta
1956 4218 2088 4270 sub-

2193 1829 2470 1882 Manasses
2514 1826 2729 1898 pariter
2776 1831 3269 1880 annumerantur:
3303 1831 3358 1879 et
3406 1830 3598 1879 tamen
3655 1822 3888 1893 speciali

2194 1914 2380 1984 gratia
2415 1940 2440 1960 (ι
2473 1931 2667 1968 semen
2696 1914 2938 1969 Abrahae
2972 1936 2999 1963 ››
3037 1914 3263 1981 dicitur,
3306 1914 3543 1967 Domino
3563 1914 3613 1965 ei
3643 1912 3887 1983 promit-

2193 2005 2383 2056 tente:
2415 2022 2442 2053 α
2495 2003 2639 2067 Quia
2695 2002 2752 2055 in
2801 2001 3018 2055 semine
3074 2006 3174 2054 tuo
3228 2002 3639 2054 benedicentur
3686 2015 3887 2052 omnes

2195 2095 2394 2159 gentes
2434 2096 2601 2144 terra:
2631 2092 2792 2159 (Gen.
2845 2107 2978 2158 xxu,
3032 2092 3131 2157 18).
3172 2108 3196 2141 ι
3227 2087 3501 2143 Similiter
3535 2093 3590 2141 et
3621 2110 3649 2137 ‹‹
3690 2102 3885 2141 semen

2198 2180 2392 2246 David,
2430 2201 2458 2229 ››
2492 2180 2713 2233 dicente
2739 2180 3010 2249 Apostolo
3037 2196 3049 2232 :
3082 2200 3108 2227 ‹‹
3138 2179 3246 2243 Qui
3266 2179 3443 2231 factus
3466 2182 3635 2231 estex
3665 2176 3886 2230 semine

2196 2269 2372 2322 David
2412 2269 2723 2323 secundum
2756 2284 2985 2321 carnem
3008 2268 3179 2337 (Rom.
3217 2284 3250 2321 ι.
3279 2268 3367 2335 3).
3396 2287 3421 2315 ››
3459 2266 3673 2319 Dicitur
3711 2264 3887 2318 etiam

2197 2377 2224 2406 ‹‹
2256 2357 2408 2411 ﬁlius
2439 2357 2610 2411 David
2647 2362 2701 2411 et
2731 2356 2882 2409 ﬁlius
2920 2356 3226 2421 Abraham,
3264 2377 3283 2403 ι
3343 2359 3585 2407 testante
3630 2354 3885 2422 Evange-

2195 2445 2323 2499 lista
2357 2462 2369 2500 :
2406 2468 2434 2495 ‹‹
2476 2445 2640 2501 Liber
2684 2445 3074 2516 generationis
3120 2445 3252 2499 Jesu
3297 2443 3504 2497 Christi
3540 2442 3642 2496 ﬁlii
3689 2441 3884 2509 David,

2195 2534 2301 2587 ﬁlii
2334 2535 2642 2588 Abraham.
2678 2553 2705 2585 »
2743 2534 3080 2603 Aliquorum
3115 2537 3306 2585 autem
3356 2530 3689 2601 impiorum,
3737 2536 3793 2580 et
3826 2528 3887 2579 in

2196 2639 2299 2675 sua
2329 2621 2623 2692 impietate
2655 2621 3007 2692 perditorum
3039 2620 3190 2674 titius
3235 2634 3597 2690 nequaquam
3630 2616 3841 2681 legitur
3870 2630 3884 2681 ;

2194 2712 2328 2765 licet
2355 2726 2484 2764 caro
2533 2712 2654 2781 ejus
2712 2727 2827 2763 non
2881 2710 3061 2763 solum
3103 2725 3171 2762 ex
3212 2709 3400 2778 justis,
3453 2707 3549 2761 sed
3609 2707 3779 2760 etiam
3818 2721 3887 2758 ex

2198 2799 2590 2872 peccatoribus
2622 2798 2895 2852 veraciter
2932 2798 3107 2851 fuerit
3136 2802 3440 2867 assumpta.
3472 2798 3547 2850 De
3591 2811 3705 2865 quo
3734 2797 3886 2863 Apo-

2197 2890 2373 2944 stolus
2424 2888 2560 2942 dicit
2608 2909 2635 2935 ‹‹
2706 2888 2842 2958 quia
2888 2886 3146 2940 Christus
3221 2887 3380 2940 Jesus
3428 2884 3582 2938 venit
3626 2884 3684 2936 in
3734 2884 3889 2935 hunc

2130 3003 2169 3056 η
2201 2977 2478 3031 mundum
2507 2982 2830 3045 peceatores
2874 2976 3058 3028 salvos
3108 2974 3291 3027 facere
3323 2976 3369 3039 (ι
3418 2975 3557 3040 Tim,
3610 2988 3667 3037 ιι,
3709 2972 3818 3039 15).
3854 2990 3883 3019 ››

2269 3066 2558 3120 Manifeste
2599 3081 2735 3135 ergo
2781 3068 3019 3129 constat,
3055 3062 3186 3134 quia
3216 3061 3502 3130 susceptio
3534 3061 3632 3113 illa
3660 3059 3887 3113 redem-

2196 3155 2316 3225 ptio
2349 3155 2475 3219 fnit,
2532 3159 2592 3207 ut
2634 3153 2731 3224 qui
2784 3153 3031 3222 suscepti
3062 3156 3217 3217 sunt,
3255 3152 3367 3204 sint
3402 3156 3458 3203 et
3488 3148 3787 3218 redempti,
3831 3152 3889 3201 et

2197 3243 2297 3314 qui
2326 3242 2612 3312 redempti
2641 3241 2750 3310 ipsi
2778 3240 3043 3308 suscepti.
3084 3241 3239 3293 Unde
3266 3245 3324 3293 et
3349 3239 3544 3293 ﬁdeles
3570 3238 3631 3291 in
3660 3237 3887 3291 Christo

2197 3338 2348 3397 sunt,
2376 3337 2431 3385 et
2460 3331 2716 3386 Christus
2748 3330 2807 3383 in
2854 3329 2988 3383 illis.
3036 3329 3295 3384 [nﬁdeles
3326 3344 3439 3381 non
3473 3334 3604 3381 sunt
3639 3327 3700 3380 in
3730 3325 3889 3380 Chri-

2197 3426 2304 3485 sto,
2339 3437 2443 3474 nec
2490 3421 2548 3473 in
2597 3420 2678 3472 eis
2724 3419 2998 3474 Christus.
3050 3419 3194 3473 Solis
3247 3417 3509 3471 ﬁdelibus
3557 3416 3709 3482 dicit,
3745 3431 3889 3486 quos

2197 3508 2302 3561 sibi
2326 3525 2427 3578 per
2453 3512 2876 3561 sacramentum
2902 3523 3051 3561 verae
3092 3506 3519 3572 lncarnationis,
3554 3510 3609 3558 et
3640 3504 3887 3574 gratiam

2197 3595 2607 3666 redemptionis
2634 3595 2817 3649 univit
2842 3612 2853 3649 :
2886 3617 2914 3644 ‹‹
2944 3596 3163 3649 Manete
3185 3594 3245 3647 in
3269 3610 3382 3660 me,
3412 3598 3468 3647 et
3496 3609 3603 3662 ego
3623 3594 3681 3645 in
3703 3591 3884 3645 vobis.

2197 3686 2352 3740 Sicut
2399 3685 2617 3755 palmes
2671 3700 2785 3737 non
2838 3689 3027 3754 potest
3080 3684 3227 3738 ferre
3267 3699 3298 3735 a
3348 3699 3406 3735 se
3450 3676 3721 3749 fructum,
3779 3680 3891 3734 nisi

2198 3774 2470 3828 manserit
2492 3773 2551 3826 in
2583 3772 2717 3839 vite,
2753 3772 2830 3826 sic
2861 3789 2964 3827 nec
2995 3788 3115 3835 vos,
3150 3772 3260 3825 nisi
3308 3772 3364 3826 in
3412 3787 3504 3824 me
3540 3769 3884 3823 manseritis.

2200 3863 2316 3931 Ego
2349 3877 2477 3913 sum
2532 3860 2680 3925 vitis,
2730 3876 2826 3913 vos
2865 3859 3147 3929 palmites.
3197 3858 3305 3922 Qui
3348 3862 3543 3911 manet
3588 3856 3646 3910 in
3697 3872 3809 3923 me,
3835 3861 3893 3910 et

2199 3966 2304 4020 ego
2334 3950 2395 4002 in
2425 3965 2514 4015 eo,
2542 3949 2634 4003 hic
2660 3949 2771 4002 fert
2790 3948 3039 4002 fructum
3070 3949 3315 4001 multum
3340 3947 3513 4016 (Joan.
3547 3962 3638 4011 xv,
3666 3946 3719 4009 4,
3751 3948 3822 4015 5).
3860 3965 3888 3995 ››

2200 4040 2340 4092 Item
2372 4038 2442 4091 de
2475 4038 2608 4090 solis
2637 4037 2903 4091 ﬁdelibus
2928 4036 3099 4089 dicit:
3140 4059 3159 4085 ε
3197 4035 3305 4098 Qui
3326 4035 3631 4089 manducat
3660 4050 3888 4087 carnem

2200 4142 2411 4192 meam,
2446 4131 2505 4179 et
2554 4126 2694 4179 bibit
2735 4125 3076 4194 sanguinem
3131 4141 3322 4178 meum
3370 4123 3430 4176 in
3463 4139 3553 4177 me
3590 4128 3801 4186 manet,
3834 4127 3892 4175 et.

2201 4231 2306 4284 ego
2338 4214 2397 4267 in
2450 4230 2517 4267 eo
2573 4217 2744 4282 (Joan.
2794 4229 2870 4281 vr,
2930 4213 3042 4281 5'2).
3107 4234 3127 4260 »
3183 4213 3489 4283 Apostolus
3542 4227 3770 4282 quoque
3820 4211 3891 4265 de

391 4303 599 4372 junxit,
636 4304 858 4357 dicens:
896 4326 915 4350 ι
966 4305 1109 4358 Cum
1158 4310 1305 4356 esset
1363 4306 1701 4373 desponsata
1754 4310 1935 4358 mater
1965 4306 2087 4375 ejus
2126 4298 2171 4352 D
2205 4304 2427 4358 Christo
2468 4307 2524 4356 et
2577 4302 2867 4371 ﬁdelibus,
2912 4302 2981 4356 de
3030 4319 3097 4356 eo
3159 4301 3257 4372 qui
3316 4300 3652 4367 sanctiﬁcat,
3697 4305 3753 4353 et
3792 4300 3890 4369 qui

396 4392 564 4446 Maria
595 4393 827 4461 Joseph,
883 4397 1188 4462 antequam
1221 4393 1609 4456 convenirent,
1653 4395 1881 4448 inventa
1922 4396 2090 4448 estin

397 4485 564 4535 utero
605 4482 821 4535 habens
852 4482 922 4535 de
953 4482 1167 4551 Spiritu
1216 4489 1428 4535 sancto.
1464 4503 1492 4531 ››
1543 4483 1705 4548 Q'uod
1757 4490 1813 4538 et
1855 4485 2091 4554 angelus

399 4574 597 4639 postea
662 4570 735 4623 ad
788 4570 998 4640 Joseph
1060 4572 1299 4641 loquens
1363 4573 1747 4638 commendat,
1810 4579 1865 4628 et
1918 4574 2086 4629 dicit:

402 4678 431 4705 ‹‹
467 4657 627 4720 Quod
661 4657 813 4710 enim
848 4658 903 4710 in
937 4674 1003 4711 ea
1028 4664 1224 4711 natum
1258 4664 1363 4725 est,
1389 4659 1456 4711 de
1480 4659 1695 4728 Spiritu
1717 4666 1905 4714 sancto
1934 4666 2034 4715 est.
2064 4682 2089 4707 ››

393 4747 468 4799 'Et
496 4746 752 4800 adhibito
789 4746 1122 4816 prophetico
1168 4748 1495 4800 testimonio
1532 4749 1741 4801 docens
1772 4765 1903 4802 eum
1933 4750 2094 4818 cujus

402 4834 697 4902 potestatis
723 4838 777 4886 et
805 4833 1028 4885 virtutis
1076 4838 1240 4899 esset,
1301 4835 1399 4904 qui
1448 4836 1799 4892 nascebatur.
1833 4836 2097 4890 videlicet

405 4921 555 4991 quod
593 4938 759 4975 verus
813 4922 1148 4975 Emmanuel
1202 4924 1347 4977 Deus
1387 4924 1446 4975 in
1496 4924 1728 4977 homine
1780 4924 2092 4992 adveniret,

405 5009 520 5064 ait:
557 5029 584 5058 α
614 5012 727 5064 Hoc
755 5015 947 5063 autem
994 5010 1208 5063 factum
1247 5014 1352 5075 est,
1386 5018 1445 5064 ut
1496 5012 1910 5080 adimpleretur
1939 5013 2095 5083 quod

406 5097 620 5152 dictum
653 5102 755 5162 est,
791 5120 810 5145 ι
848 5114 949 5168 per
977 5099 1181 5151 Isaiam
1216 5100 1591 5167 prophetam:
1629 5122 1647 5147 α
1675 5101 1813 5153 Ecce
1843 5101 2003 5171 virgo
2036 5101 2096 5154 in

406 5192 570 5241 utero
611 5187 862 5252 habebit,
901 5192 957 5240 et
987 5187 1171 5257 pariet
1197 5186 1403 5251 ﬁlium,
1456 5193 1510 5241 et
1560 5189 1846 5243 vocabunt
1889 5206 2097 5243 nomen

409 5275 530 5344 ejus
576 5276 937 5341 Emmanuel,
989 5276 1142 5345 quod
1203 5281 1286 5328 est
1333 5276 1771 5346 interpretatum
1824 5279 2099 5333 nobiscum

412 5368 547 5419 Deus
581 5368 712 5434 (Isa.
739 5381 831 5431 vu,
864 5365 969 5430 14).
1001 5386 1029 5412 ››

480 5455 618 5515 Quia
650 5470 787 5521 ergo
825 5454 932 5505 ista
963 5458 1074 5504 tam
1126 5452 1337 5517 divina,
1372 5456 1428 5505 et
1460 5459 1571 5506 tam
1600 5453 1905 5524 singularis
1933 5472 2101 5527 gene-

411 5540 554 5593 ratio
578 5542 829 5594 hominis
861 5541 1065 5594 Christi
1095 5558 1210 5594 non
1242 5543 1435 5612 aliqua
1460 5543 1707 5596 naturali
1736 5545 2096 5605 necessitate,

2199 4391 2645 4455 sanctiﬁcantur,
2682 4396 2735 4443 et
2778 4392 2847 4444 de
2892 4407 3040 4444 verae
3084 4389 3496 4443 lncarnationis
3531 4388 3654 4457 ejus
3688 4393 3893 4457 myste-

2201 4481 2305 4546 rio,
2341 4496 2511 4551 quam
2548 4496 2611 4533 ex
2662 4480 2834 4534 Adam
2890 4479 3165 4533 veraciter
3215 4478 3404 4544 traxit,
3460 4483 3516 4530 et
3565 4492 3669 4546 per
3716 4491 3892 4545 quam

2201 4570 2564 4623 credentibus
2613 4568 2952 4621 naturaliter
3008 4567 3157 4621 uniri
3220 4567 3486 4636 dignatus
3545 4569 3651 4630 est,
3714 4564 3887 4618 dicit:

2202 4680 2231 4707 ‹‹
2263 4659 2367 4721 Qui
2399 4658 2551 4710 enim
2582 4657 2897 4711 sanctiﬁcat
2942 4662 2999 4710 et
3033 4656 3133 4725 qui
3184 4656 3628 4720 sanctiﬁcantur,
3681 4669 3759 4719 ex,
3781 4668 3895 4705 uno

2202 4764 2401 4801 omnes
2435 4747 2613 4813 (Hebr.
2664 4763 2722 4813 ιι,
2778 4748 2945 4814 11),»
2999 4747 3237 4814 Propter
3282 4760 3454 4815 quam
3512 4758 3739 4796 causam
3781 4757 3897 4794 nou

2203 4835 2572 4889 confunditur
2618 4835 2819 4887 fratres
2882 4851 2979 4887 eos
3013 4850 3234 4896 vocare,
3299 4834 3533 4887 dicens:
3572 4851 3598 4881 (ι
3646 4829 3896 4885 Narrabo

2206 4941 2417 4978 nomen
2465 4930 2628 4977 tuum
2685 4923 2957 4977 fratribus
3000 4922 3141 4976 meis
3190 4922 3511 4992 (Psal.xx1,
3556 4922 3670 4987 23),
3718 4941 3737 4967 υ
3787 4925 3892 4972 etc.

2204 5014 2356 5077 Quos
2395 5029 2531 5082 ergo
2562 5012 2832 5081 suscepit,
2879 5012 3033 5082 ipsos
3083 5018 3138 5065 et
3178 5030 3206 5061 ι(
3259 5009 3649 5073 sanctiﬁcavit,
3683 5030 3710 5056 »
3744 5008 3899 5076 ipsos

2206 5108 2261 5157 et
2293 5124 2319 5151 «
2351 5103 2553 5155 fratres
2584 5120 2611 5153 ι)
2637 5117 2766 5155 suos
2819 5101 2970 5166 fecit,
3020 5121 3047 5148 «
3079 5105 3143 5152 ut
3201 5101 3274 5153 sit
3320 5099 3439 5169 ipse
3480 5097 3899 5167 primogenitus

2208 5192 2264 5245 in
2296 5190 2492 5244 multis
2523 5190 2792 5253 fratribus
2818 5188 2998 5258 (Rom.
3028 5205 3145 5255 VIII,
3180 5190 3293 5255 29).
3340 5207 3365 5235 ιι
3399 5188 3538 5241 Nam
3571 5186 3618 5237 si
3646 5185 3899 5254 diligen-

2208 5286 2293 5333 ter
2323 5278 2736 5343 consideretur,
2778 5278 3058 5330 nescimus
3089 5277 3136 5329 si
3184 5276 3355 5329 etiam
3400 5276 3469 5329 de
3505 5274 3764 5344 quolibet
3794 5274 3899 5326 ho-

2208 5368 2364 5422 mine
2394 5369 2803 5421 convenienter
2831 5366 2941 5419 dici
2972 5366 3169 5434 possit,
3204 5364 3355 5435 quod
3405 5363 3666 5417 omnium
3712 5362 3899 5415 homi-

2210 5472 2345 5509 num
2406 5460 2669 5508 naturam
2743 5454 3027 5507 nascendo
3100 5452 3488 5522 assumpserit.
3551 5453 3690 5504 Cum
3745 5451 3897 5501 enim

2210 5550 2376 5599 natus
2414 5550 2517 5611 est,
2555 5544 2865 5613 assumpsit
2915 5543 3110 5612 utique
3159 5546 3423 5595 naturam
3472 5544 3798 5611 parentum,
3829 5537 3901 5591 de
