4096 6186
200 290 324 342 1121

1287 285 1378 337 DE
1418 285 1747 339 TENENDA
1788 284 2202 340 SCRIPTURE
2242 284 2617 341 VERITATE.

3573 290 3706 341 “22

196 426 408 495 quibus
458 430 541 475 cst
575 423 827 491 genitus.
887 421 1207 491 Assumpsit
1254 428 1515 476 naturam
1564 422 1896 491 progenito-
1937 428 1976 478 A
2010 443 2036 469 ‹‹
2074 423 2137 474 Et
2168 422 2325 474 omni
2359 442 2384 469 ››
2440 421 2661 474 homini
2716 423 3032 475 renascenti
3090 444 3115 470 ‹‹
3160 438 3308 492 aqua
3349 423 3707 492 baptismatis

196 530 351 579 rum,
408 514 476 566 de
510 528 759 582 qnerum
818 511 994 581 stirpe
1026 516 1111 563 est
1158 516 1529 580 propagatus.
1580 510 1903 580 Assumpsit

196 608 470 656 naturam
502 600 677 670 primi
705 600 973 664 hominis,
1006 599 1159 653 unde
1202 600 1377 653 totius
1407 599 1643 652 humani
1680 599 1903 669 generis

199 691 369 755 origo
402 689 698 758 processit.

272 778 603 833 Secundum
647 777 751 830 hoc
783 792 918 845 ergo
950 780 1242 846 utcunque
1278 775 1388 829 dici
1431 780 1633 846 potest,
1663 775 1905 846 quilibet

199 869 381 923 homo
421 882 657 920 nascens
714 865 973 918 omnium
1023 863 1326 919 hominum
1377 864 1688 934 suscepisse
1733 870 1903 918 natu-

202 973 354 1023 ram,
407 954 541 1026 quia
576 970 639 1007 ex
692 953 793 1007 illo
826 953 1109 1022 originem
1159 953 1353 1014 trahit,
1387 969 1451 1005 ex
1494 969 1608 1023 quo
1643 953 1902 1006 omnium

204 1050 417 1098 natura
466 1042 816 1114 principium
866 1042 1126 1111 sumpsit.
1179 1042 1253 1095 De
1285 1059 1398 1112 quo
1431 1042 1617 1112 primo
1669 1043 1903 1096 homine

201 1134 389 1187 Adam
431 1132 602 1185 etiam
660 1130 935 1184 Dominus
985 1134 1181 1183 noster
1228 1132 1384 1184 Jesus
1430 1132 1685 1185 Christus
1738 1132 1905 1185 veris-

204 1222 353 1275 sime
383 1220 569 1275 carnis
600 1219 979 1272 substantiam
1028 1219 1221 1272 traxit.
1260 1220 1416 1273 Unde
1448 1225 1503 1273 et
1532 1220 1602 1273 ab
1632 1220 1903 1289 Apostolo

206 1334 233 1359 ι(
278 1308 563 1363 secundus
618 1308 799 1361 Adam
851 1329 877 1355 »
936 1307 1168 1360 dicitur.
1226 1309 1290 1360 Et
1337 1308 1584 1376 seipsum
1642 1330 1668 1355 ‹‹
1721 1309 1902 1361 ﬁlium

202 1398 412 1463 Adam,
447 1419 473 1444 ››
510 1396 617 1449 hoc
649 1401 736 1449 est
764 1415 789 1445 ‹‹
824 1396 1006 1449 ﬁlium
1039 1396 1288 1449 hominis
1320 1416 1346 1446 »
1372 1396 1598 1449 assidue
1620 1413 1906 1450 commen-

205 1487 305 1540 dat
360 1487 415 1555 (I
468 1487 585 1541 Cor.
626 1499 716 1550 xv,
775 1485 863 1550 45,
914 1484 1026 1553 47).
1089 1486 1152 1538 Et
1184 1484 1359 1537 Lucas
1409 1486 1755 1555 evangelista
1803 1501 1906 1555 per

204 1574 585 1646 Septuaginta
618 1579 674 1627 et
718 1579 934 1643 septem
967 1574 1367 1643 generationes
1413 1576 1482 1628 ab
1514 1575 1637 1645 ipso
1684 1575 1904 1630 Christo

207 1680 392 1735 usque
424 1664 601 1717 Adam
634 1662 963 1729 ascendens,
996 1678 1185 1716 veram
1223 1679 1291 1716 ex
1321 1662 1419 1716 illo
1452 1663 1906 1717 incarnationem

207 1754 335 1821 ejus
380 1751 627 1805 ﬁdeliter
655 1751 1028 1804 demonstrat.
1064 1750 1209 1814 Quia
1250 1767 1385 1820 ergo
1419 1752 1691 1821 mysterii,
1728 1757 1781 1805 et
1811 1768 1907 1805 re-

208 1840 581 1910 demptionis,
632 1845 691 1892 et
731 1839 960 1908 pietatis
1014 1838 1123 1892 fuit
1166 1839 1263 1892 illa
1308 1840 1366 1891 in
1409 1839 1633 1893 Christo
1692 1845 1909 1895 natura

208 1930 483 1983 humana
538 1930 841 1997 susceptio,
894 1927 1104 1981 idcirco
1152 1927 1209 1980 in
1256 1927 1353 1980 illo
1396 1927 1777 1981 sacratissimo
1817 1929 1909 1982 die

208 2019 419 2072 natalis
467 2017 589 2087 ejus
620 2032 684 2069 ex
741 2016 969 2085 Virgine
1018 2016 1168 2069 inter
1206 2015 1326 2084 ipsa
1384 2032 1555 2070 sacra
1606 2016 1910 2069 oblationis

209 2107 484 2177 mysteria
549 2111 674 2159 orat
722 2106 984 2171 Ecclesia,
1050 2105 1241 2157 dicens
1294 2121 1306 2157 :
1363 2128 1383 2153 ι
1446 2106 1515 2158 Ut
1566 2109 1665 2158 tua
1731 2104 1910 2174 gratia

209 2194 492 2264 largiente
544 2210 646 2263 per
695 2194 817 2247 hac
860 2200 1219 2246 sacrosancta
1271 2192 1612 2246 commercia
1656 2194 1713 2245 in
1758 2192 1911 2247 illius

210 2283 577 2337 inveniamur
634 2282 837 2349 forma,
894 2282 953 2335 in
997 2299 1109 2352 quo
1158 2286 1345 2336 tecum
1391 2288 1476 2336 est
1526 2287 1717 2335 nostra
1777 2282 1910 2336 sub-

211 2373 439 2426 stantia.
499 2394 526 2420 »
591 2374 656 2426 Et
706 2371 1053 2441 pracedenti
1112 2372 1221 2437 die,
1282 2388 1413 2424 cum
1470 2388 1643 2424 sacra
1704 2370 1911 2440 vigilia

213 2463 598 2529 celebrantur,
628 2461 708 2514 ita
754 2460 958 2530 incipit
997 2460 1178 2514 oratio
1214 2476 1227 2512 :
1266 2482 1287 2508 ι
1344 2461 1492 2513 Dens
1529 2460 1625 2530 qui
1677 2476 1779 2512 nos
1830 2476 1913 2512 re-

215 2548 568 2619 demptionis
610 2554 820 2602 nostra
864 2564 1056 2601 annua
1106 2549 1525 2617 exspectatione
1574 2549 1845 2601 laetiﬁcas.
1880 2567 1908 2598 »

218 2640 479 2708 Itemque
530 2638 652 2707 ipso
696 2637 1004 2692 Dominica
1049 2637 1367 2690 Nativitatis
1401 2637 1533 2689 die:
1577 2660 1595 2683 α
1631 2636 1910 2702 Concede,

219 2742 572 2798 quasumus,
626 2726 991 2795 omnipotens
1048 2726 1213 2791 Deus,
1266 2729 1322 2778 ut
1352 2742 1456 2778 nos
1492 2725 1782 2795 Unigeniti
1830 2725 1914 2778 tui

218 2832 367 2870 nova
400 2831 502 2885 per
541 2831 769 2867 carnem
802 2814 1065 2867 nativitas
1110 2814 1331 2877 liberet,
1366 2830 1509 2884 quos
1554 2815 1659 2866 sub
1699 2813 1916 2882 peccati

220 2907 354 2977 jngo
406 2908 629 2957 vetusta
659 2904 898 2955 servitus
943 2906 1116 2956 tenet.
1154 2921 1179 2953 ι)
1223 2904 1286 2956 Et
1316 2918 1487 2972 super
1517 2902 1861 2955 oblationem
1899 2917 1912 2953 :

2011 510 2193 562 instar
2240 516 2325 562 est
2377 510 2525 563 uteri
2557 509 2871 580 virginalis,
2930 529 2956 560 »
2991 511 3189 564 eodem
3237 516 3433 565 sancto
3488 512 3703 582 Spiritu

2010 598 2271 668 replente
2310 598 2550 659 fontem,
2586 599 2682 669 qui
2718 600 2953 669 replevit
2986 603 3040 652 et
3070 598 3370 668 virginem,
3410 606 3469 653 ut
3502 617 3706 670 pecca-

2009 692 2152 753 tum,
2202 686 2354 757 quod
2384 686 2465 740 ibi
2497 688 2756 740 vacuavit
2786 703 2943 741 sacra
2987 687 3302 757 conceptio,
3339 688 3429 741 hic
3470 690 3707 757 mystica

2010 777 2174 829 tollat
2203 772 2462 846 ablutio.]

2081 864 2223 918 Item
2269 865 2382 918 alio
2414 865 2537 919 loco
2569 880 2583 918 :
2613 863 2895 937 [Renovat
2924 864 3085 918 nobis
3125 864 3402 918 hodierna
3434 864 3707 919 festivitas

2011 952 2130 1005 nati
2159 953 2289 1006 Jesu
2322 968 2385 1005 ex
2438 951 2610 1005 Maria
2640 952 2861 1015 virgine
2904 969 3060 1005 sacra
3099 953 3431 1022 primordia,
3484 957 3539 1006 et
3567 953 3704 1007 dum

2012 1040 2319 1096 Salvatoris
2373 1040 2551 1094 nostri
2605 1040 2913 1094 adoramus
2961 1046 3171 1105 ortum,
3226 1041 3553 1094 invenimus
3606 1058 3709 1094 nos

2010 1133 2272 1182 nostrum
2304 1128 2590 1183 celebrare
2622 1128 2991 1198 principium.
3023 1129 3321 1183 Generatio
3359 1128 3514 1181 enim
3543 1129 3709 1183 Chri-

2012 1217 2081 1270 sti
2135 1216 2296 1287 origo
2347 1221 2431 1270 est
2475 1216 2677 1285 populi
2733 1216 3068 1283 Christiani;
3122 1222 3179 1270 et
3232 1217 3433 1270 natalis
3483 1218 3706 1287 capitis,

2015 1304 2217 1359 natalis
2249 1310 2335 1359 est
2365 1306 2643 1375 corporis,
2676 1305 2923 1358 habeant
2960 1306 3089 1358 licet
3126 1304 3339 1375 singuli
3372 1306 3587 1376 quique
3617 1322 3711 1359 vo-

2013 1399 2271 1447 catorum
2335 1394 2598 1447 ordinem
2654 1409 2867 1446 suum:
2906 1398 2962 1446 et
3021 1410 3221 1447 omnes
3282 1394 3542 1447 Ecclesia
3582 1394 3710 1462 ﬁlii,

2014 1488 2342 1552 temporum
2414 1482 2765 1535 successione
2834 1481 3106 1548 distincti,
3177 1481 3445 1535 universa
3518 1488 3712 1536 tamen

2016 1586 2240 1623 summa
2274 1569 2554 1637 ﬁdelium,
2600 1570 2753 1623 fonte
2785 1576 2909 1622 orta
2955 1569 3332 1638 baptismatis,
3386 1573 3531 1623 sicut
3582 1587 3713 1623 cum

2019 1658 2239 1711 Christo
2270 1658 2327 1711 in
2356 1660 2619 1729 passione
2651 1658 2925 1723 cruciﬁxi,
2962 1658 3020 1710 in
3064 1658 3483 1712 resurrectione
3530 1660 3714 1713 susci-

2018 1748 2142 1813 tati,
2191 1748 2517 1802 ascensione
2564 1747 2631 1800 ad
2687 1747 2863 1800 Patris
2911 1746 3201 1799 dexteram
3244 1747 3543 1811 collocati;
3578 1763 3713 1799 nam

2018 1852 2146 1889 cum
2181 1836 2305 1906 ipso
2355 1852 2553 1889 sumus
2592 1836 2650 1888 in
2686 1836 2789 1889 hac
2834 1835 3129 1888 nativitate
3173 1836 3484 1905 eongeniti.
3538 1835 3716 1899 Quid-

2018 1925 2155 1995 quid
2185 1925 2339 1978 enim
2371 1925 2669 1977 hominum
2698 1924 2757 1977 in
2790 1940 3131 1993 quacunque
3165 1924 3365 1977 mundi
3396 1929 3556 1993 parte
3586 1939 3713 1977 cre-

2018 2013 2276 2067 dentium
2310 2018 2679 2083 regeneratur
2709 2013 2768 2065 in
2800 2013 3047 2079 Christo,
3099 2013 3366 2065 interciso
3411 2012 3711 2082 originalis

2018 2101 2245 2155 tramite
2302 2103 2596 2156 vetustatis
2645 2102 2848 2154 transit
2892 2101 2949 2154 in
3010 2118 3223 2155 novum
3272 2102 3567 2154 hominem
3620 2117 3707 2154 re-

2018 2189 2324 2243 nascendo.
2384 2191 2493 2242 Nec
2540 2189 2657 2258 jam
2699 2189 2757 2241 in
2807 2188 3123 2258 propagine
3181 2190 3424 2242 habetur
3471 2188 3713 2241 carnalis

2017 2277 2213 2347 patris,
2266 2278 2363 2331 sed
2419 2277 2475 2330 in
2526 2277 2785 2348 germine
2836 2276 3162 2331 Salvatoris.
3227 2277 3331 2339 Qui
3375 2276 3505 2330 ideo
3561 2275 3714 2329 ﬁlius

2019 2365 2268 2419 hominis
2301 2371 2384 2419 est
2408 2366 2610 2430 factus,
2642 2372 2706 2419 ut
2739 2382 2839 2418 nos
2868 2365 2970 2419 ﬁlii
3002 2366 3101 2418 Dei
3134 2381 3255 2418 esse
3282 2365 3565 2434 possimus
3598 2380 3611 2417 :
3649 2369 3715 2418 ut

2020 2457 2312 2523 susceptus
2374 2472 2407 2508 a
2454 2455 2698 2521 Christo,
2751 2454 3156 2523 Christumque
3222 2454 3553 2523 suscipiens,
3596 2468 3715 2506 non

2020 2542 2171 2596 idem
2222 2543 2295 2596 sit
2323 2547 2452 2612 post
2498 2544 2805 2608 lavacrum,
2859 2542 2958 2613 qui
2999 2548 3130 2597 ante
3188 2542 3538 2611 baptismum
3569 2541 3715 2606 fuit,

2022 2632 2119 2685 sed
2162 2647 2368 2702 corpus
2418 2631 2760 2703 regenerati,
2809 2647 3015 2702 corpus
3055 2631 3156 2684 ﬁat
3202 2630 3479 2684 cruciﬁxi.
3514 2652 3540 2679 «
3588 2630 3721 2684 Hac

2023 2720 2395 2773 commutatio
2468 2721 2713 2773 dextera
2780 2723 2864 2771 est
2948 2718 3160 2772 Excelsi
3222 2719 3455 2785 (Psalm.
3522 2733 3718 2783 Lxxv1,

2030 2808 2133 2877 tt).
2174 2806 2220 2878 n]
2260 2810 2323 2861 Et
2353 2809 2463 2861 alio
2490 2808 2612 2860 loco
2646 2824 2657 2860 :
2694 2806 2842 2878 [Non
2876 2807 3031 2860 enim
3062 2807 3215 2860 aliud
3246 2806 3367 2877 agit
3411 2804 3722 2876 participa-

2022 2896 2101 2949 tio
2133 2897 2386 2965 corporis
2418 2902 2473 2948 et
2516 2896 2812 2966 sanguinis
2852 2894 3080 2961 Christi,
3133 2911 3328 2965 quam,
3364 2901 3425 2948 ut
3472 2895 3533 2947 in
3565 2894 3719 2964 quod

220 3013 248 3044 α
281 2994 504 3054 Oblata,
568 2991 826 3056 Domine,
876 3006 1118 3043 munera
1148 3006 1293 3042 nova
1326 2988 1615 3058 Unigeniti
1648 2988 1729 3041 tui
1766 2989 1913 3041 nati-
1955 3019 1995 3073 Ο
2026 2984 2328 3049 sumimus,
2359 2989 2718 3037 transeamus
2752 3000 2764 3036 :
2798 2988 2854 3036 et
2884 2984 2943 3036 in
2976 3000 3087 3053 quo
3116 2983 3461 3036 commortui
3491 2987 3545 3036 et
3577 2999 3721 3036 con-

219 3083 395 3135 vitate
428 3081 737 3145 sanctiﬁca,
772 3096 988 3149 nosque
1018 3096 1047 3131 a
1070 3084 1433 3147 peccatorum
1459 3082 1777 3131 nostrorum
1802 3092 1918 3129 ma-

218 3171 363 3225 culis
408 3170 679 3224 emunda.
716 3188 743 3219 »
779 3170 841 3222 Et
870 3168 927 3221 in
960 3168 1327 3221 conclusione
1358 3166 1658 3220 missarum
1690 3184 1707 3219 :
1744 3188 1764 3213 ι
1801 3167 1915 3219 Ηυ-

214 3261 309 3330 jus
340 3275 468 3319 nos,
504 3258 767 3320 Domine,
817 3255 1157 3310 sacramenti
1190 3271 1417 3325 semper
1460 3254 1679 3308 novitas
1710 3252 1917 3307 natalis

219 3352 520 3413 instauret,
572 3346 735 3415 cujus
782 3344 1048 3399 nativitas
1096 3343 1405 3414 singularis
1457 3344 1768 3397 humanam
1817 3342 1913 3396 de-

220 3437 372 3508 pulit
399 3440 756 3489 vetustatem.
787 3454 814 3483 ››

295 3526 455 3580 Hanc
504 3523 745 3592 gratiam
797 3520 1108 3575 Dominica
1157 3518 1582 3580 incarnationis,
1640 3518 1793 3590 quod
1835 3524 1920 3573 est

222 3629 356 3666 vere
406 3611 736 3680 mysterium
790 3613 1001 3663 nostra
1050 3608 1481 3678 redemptionis,
1531 3608 1732 3661 beatus
1782 3607 1917 3661 Gre-

222 3701 423 3770 gorius
450 3700 541 3768 pie
582 3698 992 3751 commendans
1042 3698 1119 3750 ait
1148 3698 1400 3766 quodam
1445 3697 1569 3750 loco
1598 3697 1658 3749 in
1698 3695 1917 3765 exposi-

222 3789 385 3841 tione
420 3787 548 3840 libri
577 3787 678 3840 Job
714 3802 725 3839 :
766 3784 1115 3857 [Interpellat
1144 3789 1335 3838 autem
1370 3800 1472 3854 pro
1520 3784 1687 3837 nobis
1722 3783 1918 3836 Domi-

225 3894 355 3939 nus,
413 3893 524 3929 non
557 3892 691 3929 voce
744 3876 840 3929 sed
872 3875 1256 3941 miseratione,
1291 3874 1426 3943 quia
1472 3874 1623 3943 quod
1659 3872 1921 3926 damnari

224 3966 287 4019 in
320 3966 510 4018 electis
552 3965 750 4030 noluit,
803 3964 1164 4033 suscipiendo
1213 3962 1499 4032 servavit.]
1549 3962 1823 4016 Similiter
1866 3966 1923 4015 et

229 4056 288 4108 Β.
326 4055 569 4108 Hilarius
613 4069 905 4123 exponens
937 4053 1035 4105 illa
1068 4052 1237 4105 verba
1289 4050 1517 4104 Domini
1556 4050 1763 4121 quibus
1794 4051 1874 4102 ait
1906 4065 1919 4101 :

233 4166 253 4190 ε
292 4143 400 4208 Qui
432 4143 734 4195 manducat
782 4158 966 4195 meam
1018 4157 1250 4194 carnem
1294 4145 1350 4194 et
1398 4140 1540 4193 bibit
1585 4138 1919 4208 sanguinem

228 4248 444 4296 meum,
479 4230 538 4284 in
581 4247 672 4284 me
705 4236 916 4295 manet,
965 4235 1019 4284 et
1050 4246 1156 4299 ego
1204 4229 1263 4282 in
1295 4246 1361 4283 eo
1393 4231 1568 4299 (Joan.
1606 4245 1680 4289 vn,
1731 4228 1841 4297 57),
1892 4246 1920 4278 ι)

230 4320 483 4390 idipsum
530 4319 835 4389 diligenter
874 4318 1259 4382 commendat,
1313 4317 1507 4370 dicens
1541 4333 1553 4369 :
1590 4317 1735 4386 [Non
1770 4317 1922 4369 enim

227 4409 364 4479 quis
392 4408 450 4461 in
482 4424 547 4460 eo
589 4408 715 4473 erit,
752 4406 861 4460 nisi
892 4408 949 4459 in
983 4422 1095 4476 quo
1124 4405 1247 4474 ipse
1296 4405 1499 4470 fuerit;
1533 4406 1656 4474 ejus
1703 4410 1924 4457 tantum

230 4497 291 4549 in
322 4512 382 4549 se
420 4501 767 4565 assumptam
818 4494 1033 4548 habens
1077 4510 1305 4547 carnem
1340 4494 1436 4564 qui
1468 4509 1626 4546 suam
1676 4508 1929 4561 sumpse-

228 4583 354 4653 rit.]
386 4584 492 4638 Sed
524 4590 579 4637 et
633 4584 689 4637 Β.
727 4584 834 4637 Leo
872 4583 1211 4636 mirabiliter
1258 4582 1362 4635 hoc
1392 4581 1730 4651 mysterium
1762 4597 1928 4651 expo-

232 4674 321 4727 nit
370 4678 539 4743 atque
590 4672 971 4737 commendat,
1026 4671 1104 4723 ita
1143 4671 1379 4724 dicens:
1416 4671 1679 4739 [NaSCI‘ElS
1733 4671 1927 4740 itaque

236 4762 516 4816 Dominus
558 4762 717 4815 Jesus
764 4761 1015 4814 Christus
1046 4760 1217 4813 homo
1268 4776 1452 4825 verus,
1489 4759 1588 4829 qui
1630 4774 1927 4828 nunquam

233 4866 359 4903 esse
405 4849 619 4903 destitit
649 4851 797 4902 Deus
846 4865 1033 4917 verus,
1086 4865 1247 4902 nova
1278 4853 1555 4902 creatura
1604 4849 1661 4901 in
1694 4865 1751 4901 se
1799 4848 1930 4901 fecit

232 4938 534 4992 exordium
569 4954 581 4991 :
616 4943 672 4991 et
704 4937 762 4991 in
811 4942 966 4991 ortus
997 4937 1083 4990 sui
1133 4936 1317 4990 forma
1346 4935 1502 4991 dedit
1545 4938 1798 4990 humano
1830 4952 1929 5006 ge-

234 5027 362 5082 neri
410 5026 651 5095 speciale
701 5025 1081 5096 principium;
1133 5030 1188 5078 et
1246 5025 1325 5079 ita
1360 5042 1417 5078 se
1468 5026 1650 5090 nobis,
1710 5041 1929 5095 nosque

232 5116 486 5170 inseruit
530 5115 656 5182 sibi,
720 5119 780 5167 ut
830 5114 931 5167 Dei
971 5115 1041 5167 ad
1100 5114 1355 5167 humana
1410 5113 1721 5181 descensio,
1769 5114 1933 5169 ﬁeret

234 5204 487 5261 hominis
517 5204 586 5257 ad
629 5202 819 5257 divina
856 5202 1193 5272 provectio.]
1239 5204 1304 5256 Et
1333 5202 1468 5255 alibi
1502 5219 1514 5257 :
1553 5203 1743 5272 [Terra
1776 5202 1929 5255 enim

234 5293 423 5349 carnis
454 5294 743 5359 humana,
777 5308 905 5362 qua
936 5293 997 5346 in
1029 5292 1217 5361 primo
1269 5290 1457 5344 fuerat
1498 5291 1929 5361 praevaricatore

237 5383 562 5446 maledicta,
596 5382 658 5434 in
686 5382 791 5435 hoc
822 5382 943 5435 solo
972 5384 1032 5437 Β.
1066 5380 1314 5450 Virginis
1351 5384 1519 5450 partu
1550 5395 1787 5449 germen
1818 5378 1933 5432 edi-

237 5474 324 5527 dit
352 5471 739 5536 benedictum,
774 5475 827 5524 et
858 5486 891 5523 a
922 5469 1060 5524 vitio
1091 5486 1206 5523 sua
1235 5468 1430 5539 stirpis
1462 5469 1735 5534 alienum,
1772 5468 1931 5537 cujus

237 5562 546 5633 specialem
588 5560 871 5629 originem
910 5561 969 5613 in
1019 5558 1452 5629 regeneratione
1500 5556 1926 5627 consequimur.

2026 3073 2233 3141 sepulti
2268 3077 2324 3125 et
2353 3072 2785 3126 conresuscitati
2812 3088 3029 3136 sumus,
3071 3071 3257 3141 ipsum
3292 3086 3394 3140 per
3422 3071 3637 3135 omnia,
3666 3074 3723 3123 et

2026 3161 2249 3231 spiritu,
2286 3166 2342 3214 et
2367 3176 2535 3214 carne
2584 3158 2913 3230 gestamus]
2946 3160 3085 3212 Item
3120 3159 3253 3211 alibi
3286 3176 3297 3211 :
3339 3158 3519 3231 [Nihil
3565 3159 3721 3213 enim

2030 3249 2377 3319 Redemptor
2408 3254 2599 3303 noster
2629 3265 2740 3301 non
2786 3250 2854 3301 ad
2887 3254 3141 3301 nostram
3174 3248 3439 3313 salutem,
3483 3252 3579 3301 aut
3605 3247 3723 3317 egit

2028 3342 2125 3391 aut
2166 3338 2430 3408 pertulit;
2478 3343 2539 3390 ut
2571 3337 2768 3399 virtus,
2818 3352 2947 3406 qua
2998 3336 3185 3389 inerat
3217 3336 3387 3405 capiti
3428 3336 3639 3390 inesset
3668 3340 3726 3391 et

2028 3426 2275 3496 corpori.
2308 3430 2442 3481 Nam
2478 3426 2729 3497 primum
2774 3425 2897 3495 ipsa
2932 3425 3027 3478 illa
3060 3425 3393 3478 substantiae
3429 3430 3635 3479 nostra
3666 3426 3723 3478 in

2029 3516 2239 3570 deitate
2284 3515 2586 3586 susceptio,
2625 3530 2737 3585 qua
2767 3536 2794 3563 ‹‹
2837 3514 3080 3568 Verbum
3131 3530 3258 3567 caro
3290 3513 3499 3567 factum
3532 3519 3636 3580 est,
3671 3518 3728 3568 et

2028 3605 2304 3659 habitavit
2352 3605 2413 3658 in
2465 3604 2634 3658 nobis
2692 3606 2871 3671 (Joan.
2906 3620 2942 3669 1,
2999 3603 3102 3672 14),
3150 3624 3177 3650 ››
3211 3619 3381 3673 quem
3429 3603 3725 3657 hominum

2035 3694 2437 3748 misericordia
2470 3710 2607 3759 sua,
2657 3693 2766 3746 nisi
2812 3692 3103 3746 inﬁdelem
3135 3692 3369 3762 reliquit
3397 3698 3677 3746 exsortem
3699 3693 3728 3746 ?

2034 3786 2096 3837 Et
2126 3783 2222 3853 qui
2268 3800 2383 3836 non
2415 3782 2739 3835 communis
2772 3786 2974 3834 natura
3006 3797 3135 3834 cum
3170 3782 3393 3834 Christo
3424 3786 3528 3847 est,
3564 3782 3610 3834 si
3642 3799 3730 3835 as-

2031 3877 2353 3925 sumentem
2388 3871 2608 3941 recipit,
2656 3876 2711 3923 et
2738 3888 2804 3923 eo
2837 3870 3045 3940 spiritu
3075 3874 3158 3922 est
3186 3875 3574 3939 regeneratus,
3609 3886 3724 3940 quo

2033 3963 2125 4015 ille
2173 3960 2635 4032 primogenitus.]
2697 3960 3013 4013 Audiamus
3067 3959 3187 4011 hac
3238 3958 3409 4012 verba
3458 3958 3723 4012 ﬁdelissi-

2034 4066 2258 4103 morum
2326 4054 2381 4103 et
2445 4048 2905 4103 beatissimorum
2987 4050 3237 4113 Patrum,
3307 4052 3363 4100 et
3426 4047 3729 4116 adjuvante

2037 4138 2276 4193 Domino
2342 4138 2649 4207 diligenter
2714 4136 3103 4206 intelligamus
3164 4140 3332 4206 atque
3400 4139 3730 4195 teneamus;

2034 4233 2406 4299 agnoscentes
2439 4226 2736 4287 veraciter,
2783 4226 2931 4297 quod
2965 4225 3061 4278 illa
3108 4226 3374 4278 humana
3423 4229 3641 4278 natura
3672 4224 3732 4277 in

1969 4320 2008 4372 D
2042 4317 2264 4372 Christo
2311 4316 2592 4387 susceptio
2649 4315 2907 4368 inﬁdeles
2950 4315 3118 4383 hujus
3164 4312 3565 4367 misericordia
3598 4312 3731 4366 reli-

2038 4405 2163 4476 quit
2192 4411 2457 4459 exsortes.
2508 4406 2573 4457 Et
2603 4406 2683 4457 eis
2716 4404 2851 4456 solis
2879 4403 3163 4471 prastitit,
3206 4407 3267 4454 ut
3296 4402 3547 4455 habeant
3579 4417 3734 4455 com-

2038 4509 2270 4546 munem
2307 4498 2574 4546 naturam
2623 4508 2752 4545 cum
2782 4492 3027 4556 Christo,
3074 4490 3172 4559 qui
3203 4496 3592 4545 assumentem
3638 4506 3733 4543 re-

2038 4580 2276 4650 cipiunt,
2327 4587 2382 4634 et
2412 4598 2477 4632 eo
2525 4580 2730 4649 spiritu
2784 4584 2915 4631 sunt
2958 4578 3301 4647 regenerati,
3356 4595 3470 4648 quo
3505 4583 3589 4632 est
3636 4576 3733 4629 ille

2039 4670 2391 4739 progenitus.
2430 4670 2727 4738 Cessetque
2760 4668 2867 4720 ista
2896 4669 3344 4738 supervacuitas,
3381 4684 3494 4737 qua
3523 4664 3754 4719 dicitur‘

2039 4764 2095 4812 et
2123 4758 2415 4823 deﬁnitur,
2459 4756 2665 4827 «quod
2711 4756 2903 4809 nullus
2952 4756 3251 4809 hominum
3285 4755 3424 4821 fuit,
3471 4758 3593 4819 est,
3644 4752 3734 4805 vel

2039 4848 2146 4900 erit
2177 4847 2338 4916 cujus
2387 4851 2644 4899 naturam
2678 4845 2771 4898 ille
2807 4861 2922 4898 non
2970 4845 3299 4915 susceperit.
3342 4863 3368 4889 ››
3415 4841 3556 4904 Quia
3588 4840 3735 4894 sicut

2039 4936 2342 5005 Apostolus
2373 4935 2537 4989 docet
2559 4954 2586 4985 ‹‹
2625 4950 2897 5003 magnum
2935 4940 3017 4988 est
3045 4932 3269 5003 pietatis
3290 4937 3730 4997 sacramentum,

2041 5024 2195 5096 quod
2250 5023 2673 5077 manifestatum
2737 5029 2823 5077 est
2865 5023 2924 5076 in
2972 5038 3175 5087 carne,
3220 5019 3596 5090 justiﬁcatum
3646 5025 3733 5072 est

2041 5113 2098 5165 in
2128 5112 2361 5182 Spiritu,
2399 5132 2426 5158 »
2474 5117 2605 5178 etc.,
2639 5128 2818 5181 usque
2874 5133 2893 5160 α
2928 5112 3284 5177 assumptum
3330 5114 3413 5161 est
3442 5108 3500 5160 in
3552 5107 3735 5177 gloria

2042 5203 2080 5271 (ι
2116 5204 2251 5255 Tim.
2288 5216 2366 5267 Ill,
2409 5200 2509 5268 16).
2538 5222 2564 5248 ››
2602 5201 2731 5254 Hac
2758 5200 2826 5253 de
2853 5199 3038 5269 prima
3062 5197 3382 5267 quastione
3404 5196 3553 5251 dicta
3577 5200 3729 5250 sunt.

2688 5306 2912 5360 CAPUT
2956 5304 3083 5357 XIV.

2127 5400 2221 5450 An
2252 5397 2511 5451 Christus
2534 5408 2728 5465 passus
2758 5396 2829 5446 sit
2860 5408 2958 5461 pro
2988 5392 3234 5447 omnibus
3267 5394 3363 5461 qui
3391 5395 3515 5445 ante
3538 5391 3655 5461 ejus

2548 5468 2834 5520 adventum
2864 5467 3064 5518 mortui
3094 5469 3238 5518 sunt.

2118 5557 2192 5610 De
2228 5556 2479 5610 secunda
2521 5570 2676 5619 vero,
2708 5568 2824 5623 qua
2873 5552 2933 5606 in
2966 5552 3084 5605 illis
3122 5551 3388 5622 capitulis
3434 5551 3735 5607 deﬁnitum
