4108 6190
361 257 496 310 H23

1487 249 1544 304 S.
1589 248 1857 304 REMIGII
1887 247 2372 305 LUGDUNENSIS
2411 247 2719 303 EPISCOPI

3718 248 3856 303 “‘24

358 397 443 445 est
475 408 488 446 :
528 390 744 454 «Quod
779 390 968 443 nullus
1009 386 1312 440 hominum
1362 386 1488 450 fuit,
1531 391 1632 449 est,
1657 386 1743 438 vel
1775 384 1902 451 erit,
1944 401 2047 454 pro
2087 387 2132 437 A
2162 400 2194 437 a
2226 384 2435 454 quibus
2483 386 2916 455 exspectabatur
2953 386 3089 451 illic,
3136 385 3423 455 Scriptura
3465 386 3603 440 dicit
3634 404 3648 439 :
3685 408 3711 433 ‹‹
3755 388 3859 440 Re—

357 497 473 551 quo
502 480 754 534 Christus
784 493 980 547 passus
1029 492 1139 529 non
1167 474 1361 536 fuerit,
1396 496 1415 521 ι
1454 474 1593 544 quid
1626 474 1778 527 aliud
1811 489 2050 542 respon-

359 571 493 623 dere
522 582 843 639 possumus,
882 565 992 618 nisi
1026 569 1087 616 ut
1132 564 1386 633 primum
1416 563 1590 633 ipsos,
1622 563 1722 632 qui
1771 562 1879 615 hoc
1910 560 2050 615 deﬁ-

358 658 613 720 nierunt;
652 655 850 709 sedulo
897 654 1337 721 interrogemus,
1386 657 1441 705 et
1482 652 1896 705 admoneamus
1922 691 1935 717 ,
1990 657 2051 702 ut

336 746 658 815 Vigilanter
683 749 739 797 et
758 744 1005 797 ﬁdeliter
1028 758 1267 811 pensare
1292 741 1571 806 studeant,
1596 757 1666 793 ne
1699 741 1842 793 forte
1861 740 2050 792 minus

356 833 768 887 considerando
816 831 966 902 quod
1009 830 1315 884 dicendum
1361 835 1501 896 erat,
1551 833 1749 882 contra
1793 828 1969 882 ﬁdem
1995 832 2054 880 et

357 922 763 976 conscientiam
800 936 961 973 suam
991 920 1126 972 talia
1156 918 1406 971 dixerint
1438 922 1490 971 et
1526 918 1874 987 scripserint.
1910 918 2046 970 Nam

355 1016 422 1065 ut
462 1016 749 1065 taceamus
795 1009 863 1063 de
909 1008 997 1061 bis
1029 1008 1126 1076 qui
1159 1023 1309 1059 nunc
1340 1012 1493 1071 sunt,
1529 1007 1612 1058 vel
1656 1007 1839 1059 adhuc
1870 1020 2050 1074 usque

356 1101 427 1154 ad
452 1100 625 1154 ﬁnem
671 1098 862 1152 saeculi
894 1097 1073 1150 futuri
1105 1100 1258 1157 sunt,
1294 1095 1351 1148 in
1386 1094 1592 1165 quibus
1630 1096 1825 1165 utique
1858 1100 1913 1148 et
1936 1098 2051 1147 An-

356 1188 644 1243 tichristus
673 1188 796 1250 erit,
833 1190 982 1238 certe
1017 1184 1084 1238 de
1114 1185 1210 1237 illa
1239 1184 1647 1237 innumerabili
1683 1183 2050 1236 multitudine

357 1277 689 1347 impiorum,
721 1275 819 1343 qui
856 1274 1089 1327 fuerunt
1119 1274 1187 1325 ab
1222 1272 1384 1324 initio
1418 1272 1615 1325 mundi
1644 1288 1815 1340 usque
1848 1272 1920 1325 ad
1951 1272 2053 1325 ad—

356 1370 589 1418 ventum
640 1362 842 1416 Christi
877 1368 932 1415 et
964 1362 1021 1413 in
1058 1377 1158 1413 sua
1190 1360 1481 1430 impietate
1524 1361 1754 1424 mortui,
1791 1360 1848 1413 in
1884 1365 2050 1411 aeter-

356 1454 446 1507 nis
474 1442 659 1523 pcenis
682 1456 814 1505 sunt
847 1450 1245 1513 condemnati;
1283 1465 1385 1501 nec
1418 1449 1591 1518 ipsos,
1617 1449 1715 1518 qui
1746 1448 1869 1502 haec
1905 1450 2053 1502 dixe-

356 1548 511 1607 runt,
547 1541 774 1593 credere
804 1543 1089 1608 putamus,
1117 1537 1270 1608 quod
1304 1555 1406 1606 pro
1434 1538 1513 1591 eis
1540 1538 1598 1590 in
1628 1554 1728 1589 sua
1757 1538 2051 1606 impietate

356 1630 619 1697 mortuis,
650 1634 707 1682 et
750 1635 967 1681 aeterno
1013 1627 1131 1696 jam
1160 1626 1375 1695 judicio
1420 1627 1812 1679 condemnatis
1864 1627 2050 1679 Domi-

2158 473 2423 526 cordatus
2456 478 2540 525 est
2573 474 2850 528 Dominus
2880 480 3108 527 sanctus
3137 475 3305 526 Israel
3334 478 3692 527 mortuorum
3724 492 3859 527 suo-

2158 578 2288 615 rum
2321 563 2459 615 olim
2493 563 2906 616 dormientium
2954 564 3013 615 in
3046 563 3280 632 pulvere
3309 566 3492 615 terrae.
3532 584 3552 610 »
3591 566 3653 616 Et
3693 586 3721 613 ‹‹
3755 564 3857 617 de-

2160 654 2425 707 scendam
2476 656 2540 707 ad
2598 670 2693 706 eos
2756 653 3055 707 ostendere
3118 653 3230 706 illis
3298 653 3544 706 salutare
3598 670 3788 706 suum.
3830 671 3858 703 ιο

2165 742 2319 797 Unde
2365 748 2421 795 et
2453 759 2556 812 per
2586 743 2743 796 Oseae
2792 742 3152 812 prophetiam
3183 741 3291 811 ipsi
3332 742 3502 794 morti
3531 747 3589 795 et
3633 742 3864 795 inferno

2158 829 2236 881 ita
2288 828 2633 894 minabatur,
2684 828 2877 881 dicens
2912 845 2923 880 :
2960 848 2987 878 α
3039 830 3113 882 De
3149 843 3322 881 manu
3370 828 3570 880 mortis
3604 829 3865 881 liberabo

2158 933 2272 983 eos,
2322 917 2391 970 de
2423 922 2607 970 morte
2639 918 2915 970 redimam
2950 933 3046 970 eos
3079 932 3092 970 :
3126 933 3223 970 ero
3255 932 3409 969 mors
3438 921 3553 983 tua,
3591 934 3623 969 ο
3657 932 3817 970 mors
3845 918 3858 969 Ζ

2158 1021 2383 1058 morsus
2408 1010 2538 1059 tuus
2569 1022 2684 1067 ero,
2715 1006 2936 1059 inferne
2978 1006 3121 1075 (Ose.
3154 1022 3269 1071 xm,
3308 1006 3409 1073 14).
3445 1026 3472 1052 ››

2230 1095 2391 1158 Quod
2422 1099 2604 1148 totum
2652 1096 2939 1165 quomodo
2980 1094 3222 1148 fideliter
3259 1100 3315 1147 et
3345 1094 3620 1148 catholica
3653 1094 3867 1146 intelli-

2158 1184 2408 1253 gendum
2462 1183 2551 1249 sit,
2607 1184 2844 1252 exponit
2893 1183 3131 1237 mirifice
3165 1183 3223 1236 Β.
3272 1182 3601 1252 Gregorius,
3653 1182 3733 1233 ita
3778 1182 3868 1234 di-

2159 1289 2330 1326 cens:
2363 1273 2542 1342 [Quod
2576 1277 2708 1325 ante
2757 1272 3083 1342 passionem
3131 1271 3293 1335 dixit,
3341 1271 3399 1324 in
3437 1269 3865 1324 resurrectione

2159 1378 2263 1415 sua
2295 1362 2569 1415 Dominus
2616 1360 2877 1430 implevit
2909 1377 2921 1414 :
2960 1382 2986 1409 ‹‹
3020 1362 3076 1415 Si
3107 1361 3383 1413 exaltatus
3429 1360 3589 1412 fuero
3620 1376 3652 1411 a
3683 1364 3862 1424 terra,

2159 1449 2355 1504 omnia
2386 1451 2606 1503 traham
2640 1450 2711 1502 ad
2756 1466 2847 1502 me
2889 1450 3079 1517 (Joan.
3122 1465 3219 1514 xn,
3253 1450 3364 1518 32).
3404 1470 3423 1494 ι
3462 1449 3658 1500 Omnia
3703 1447 3864 1499 enim

2158 1540 2350 1606 traxit,
2384 1538 2483 1609 qui
2526 1539 2594 1592 de
2626 1539 2819 1591 electis
2863 1539 2980 1591 suis
3012 1538 3163 1607 apud
3214 1538 3425 1590 inferos
3475 1537 3698 1590 nullum
3732 1535 3866 1587 reli-

2162 1628 2307 1697 quit.
2345 1630 2542 1681 Omnia
2569 1627 2799 1680 abstulit
2831 1628 3027 1695 utique
3060 1627 3255 1680 electa.
3292 1626 3488 1695 Neque
3520 1625 3731 1678 etenim
3768 1624 3863 1675 in-

355 1736 460 1774 nus
492 1734 689 1788 passus
720 1732 838 1769 esse
872 1714 1187 1768 credendus
1215 1715 1303 1767 sit.
1339 1715 1395 1768 Si
1425 1715 1580 1766 enim
1608 1731 1711 1783 pro
1743 1715 1822 1767 eis
1848 1732 2049 1784 passus
2088 1686 2129 1741 Β
2162 1715 2355 1768 fideles
2405 1731 2661 1784 quosque
2702 1720 2757 1767 et
2788 1731 2890 1784 pro
2937 1714 3052 1767 suis
3091 1714 3422 1768 criminibus
3466 1713 3695 1765 aeternis
3727 1727 3865 1779 sup-

354 1825 479 1861 esse
508 1806 776 1870 creditur,
810 1820 910 1857 cur
941 1820 1054 1856 non
1100 1803 1272 1855 etiam
1306 1818 1408 1871 pro
1457 1802 1683 1855 diabolo
1734 1808 1790 1856 et
1831 1803 2049 1872 angelis

356 1895 476 1963 ejus
508 1893 772 1947 similiter
816 1908 1015 1961 passus
1064 1907 1183 1943 esse
1238 1891 1500 1943 credatur
1520 1890 1546 1943 ’ἶ
1595 1891 1739 1953 Quia
1795 1893 1939 1944 sicut
1980 1892 2048 1945 de

355 1983 571 2035 eisdem
604 1981 820 2050 refugis
872 1986 927 2033 et
955 1978 1269 2032 immundis
1315 1979 1608 2047 spiritibus
1640 1980 1914 2049 scriptum
1943 1984 2046 2047 est,

358 2093 386 2120 «
434 2071 588 2141 quod
642 2071 788 2122 Deus
820 2068 1038 2138 angelis
1089 2068 1452 2137 peccantibus
1500 2084 1612 2121 non
1642 2069 1913 2138 pepercit,
1951 2069 2047 2122 sed

355 2160 693 2215 rudentibus
745 2158 914 2211 inferi
963 2158 1247 2210 detractos
1292 2156 1393 2208 sub
1423 2157 1664 2225 caligine
1710 2157 1944 2211 tradidit
1990 2158 2047 2210 in

351 2249 632 2321 judicium
679 2247 1013 2300 cruciandos
1064 2245 1338 2298 reservari
1391 2246 1483 2311 (II
1515 2246 1658 2298 Petr.
1700 2263 1756 2311 ιι,
1808 2247 1881 2315 4).
1923 2267 1950 2294 ››
1984 2247 2051 2299 Et

354 2338 563 2392 idcirco
602 2335 896 2389 verissime
928 2334 1239 2387 creduntur
1283 2333 1638 2386 irrevocabili
1678 2334 1870 2387 divino
1902 2335 2050 2403 judi-

355 2426 442 2479 cio
488 2426 555 2479 ad
586 2442 783 2494 poenas
818 2429 871 2477 et
917 2423 1210 2477 interitum
1246 2428 1587 2491 perpetuum
1635 2423 2045 2492 praedestinati.
2075 2480 2083 2491 _

355 2516 437 2568 Ita
468 2520 523 2567 et
552 2514 635 2567 illi
666 2512 927 2565 homines
958 2511 1123 2579 impii
1158 2510 1217 2563 in
1249 2527 1349 2562 sua
1370 2510 1665 2579 impietate
1699 2512 1933 2576 mortui,
1964 2528 2051 2565 eo-

355 2603 484 2655 dem
532 2600 891 2653 irrevocabili
941 2599 1131 2652 divino
1192 2599 1410 2667 judicio
1473 2599 1592 2667 jam
1642 2604 1805 2653 erant
1867 2601 2048 2669 poenis

354 2688 649 2760 perpetuis
670 2687 1055 2740 condemnati.

426 2778 581 2832 Sicut
611 2791 748 2845 ergo
808 2791 912 2844 pro
952 2774 1065 2827 illis
1120 2774 1333 2845 impiis,
1387 2779 1443 2827 et
1500 2776 1782 2829 damnatis
1828 2777 2049 2845 angelis

356 2867 684 2921 nullatenus
752 2864 1030 2917 Dominus
1093 2865 1253 2917 Jesus
1313 2864 1567 2918 Christus
1630 2864 1903 2919 dicendus
1966 2871 2050 2919 est

2159 1804 2342 1873 pliciis
2376 1803 2618 1870 deditos,
2649 1804 2717 1856 ad
2748 1803 2971 1856 veniam
3010 1803 3283 1856 Dominus
3312 1801 3664 1869 resurgendo
3699 1816 3866 1870 repa-

2160 1893 2334 1955 ravit;
2391 1892 2487 1945 sed
2518 1893 2643 1945 illos
2688 1908 2752 1945 ex
2794 1892 3001 1945 inferni
3062 1892 3322 1944 claustris
3355 1890 3567 1959 rapuit,
3619 1905 3766 1958 quos
3796 1890 3865 1941 in

2159 1981 2272 2034 ﬁde
2318 1986 2373 2033 et
2434 1981 2650 2033 actibus
2718 1981 3065 2050 recognovit.
3120 1981 3274 2034 Unde
3326 1986 3474 2031 recte
3540 1978 3712 2030 etiam
3754 1993 3866 2046 per

2162 2070 2362 2123 Oscam
2405 2069 2540 2122 dicit
2576 2085 2588 2121 :
2622 2090 2650 2118 ‹‹
2682 2069 2788 2121 Ero
2841 2084 2994 2121 mors
3026 2073 3142 2129 tua,
3192 2086 3223 2121 ο
3259 2065 3447 2120 mors!
3482 2083 3579 2119 cro
3632 2082 3865 2118 morsus

2160 2164 2314 2225 tuus,
2342 2157 2584 2210 inferne.
2626 2178 2653 2205 ››
2688 2157 2747 2210 Id
2780 2173 3030 2227 namque
3075 2156 3227 2227 quod
3258 2156 3587 2219 occidimus,
3632 2155 3863 2223 agimus

2159 2251 2224 2300 ut
2263 2247 2489 2315 penitus
2523 2262 2637 2299 non
2670 2246 2760 2299 sit.
2798 2247 2871 2299 Ex
2911 2261 2977 2298 eo
3003 2245 3159 2298 enim
3190 2245 3339 2314 quod
3370 2243 3699 2297 mordemus
3734 2258 3866 2311 par-

2159 2340 2274 2387 tem
2306 2334 2706 2400 abstrahimus,
2739 2340 3077 2405 partemque
3104 2333 3506 2404 relinquimus.
3546 2332 3691 2395 Quia
3718 2346 3862 2398 ergo

2157 2425 2219 2477 in
2250 2424 2441 2477 electis
2472 2424 2586 2475 suis
2615 2423 2874 2477 funditus
2906 2423 3111 2477 occidit
3148 2428 3411 2486 mortem,
3461 2437 3616 2474 mors
3660 2420 3863 2472 mortis

2158 2513 2403 2578 exstitit;
2462 2512 2596 2582 quia
2656 2528 2787 2564 vero
2856 2529 2919 2565 ex
2965 2511 3189 2565 inferno
3239 2517 3459 2580 partem
3503 2510 3762 2569 abstulit,
3804 2516 3863 2560 et

2159 2608 2379 2671 partem
2412 2600 2665 2669 reliquit,
2701 2617 2812 2653 non
2851 2600 3052 2653 occidit
3091 2599 3368 2667 funditus,
3404 2598 3502 2652 sed
3548 2597 3865 2650 momordit

2158 2689 2471 2742 infernum.
2523 2690 2617 2742 Ait
2665 2704 2801 2757 ergo
2838 2704 2849 2741 :
2884 2710 2905 2736 ι
2938 2688 3044 2741 Ero
3074 2704 3228 2740 mors
3263 2692 3360 2740 tua
3389 2703 3420 2739 o
3447 2684 3626 2739 mors!
3667 2708 3686 2733 ι
3719 2701 3787 2737 ac
3814 2685 3864 2736 si

2162 2783 2357 2848 aperte
2389 2777 2557 2845 dicat,
2589 2777 2723 2847 quia
2749 2778 2807 2829 in
2835 2777 3029 2830 electis
3059 2777 3200 2829 meis
3231 2780 3285 2829 te
3308 2775 3571 2828 funditus
3593 2774 3860 2843 perimo:

2164 2889 2188 2915 «
2227 2868 2330 2920 Ero
2362 2882 2586 2918 morsus
2617 2870 2765 2930 tuus,
2798 2864 3043 2927 inferne,
3076 2884 3103 2914 ››
3140 2865 3276 2934 quia
3308 2863 3543 2915 sublatis
3576 2864 3657 2914 eis
3698 2867 3751 2914 te
3787 2877 3856 2914 ex

356 2972 551 3026 passus
583 2971 595 3008 :
628 2955 706 3007 ita
739 2968 841 3023 pro
887 2952 1009 3005 istis
1049 2952 1243 3021 impiis
1292 2958 1347 3005 et
1380 2953 1664 3006 damnatis
1713 2953 2047 3007 hominibus
2086 2962 2126 3015 C
2157 2960 2317 3026 parte
2352 2954 2671 3024 transfigo.]
2728 2954 2853 3007 Haec
2882 2953 3246 3007 fidelissimus
3277 2952 3475 3005 doctor
3515 2954 3677 3020 juxta
3722 2949 3856 3003 fidei

356 3044 502 3097 absit
543 3042 779 3096 omnino
815 3045 875 3093 ut
902 3056 1102 3109 passus
1133 3058 1255 3094 esse
1304 3041 1603 3105 credatur;
1648 3042 1781 3111 quia
1813 3041 1920 3095 hoc
1951 3042 2046 3095 ni-

353 3133 463 3186 mis
495 3136 576 3184 est
608 3130 955 3184 contrarium
1007 3128 1216 3183 divinas
1247 3131 1491 3198 veritati,
1541 3129 1713 3183 nimis
1743 3131 2045 3184 adversum

343 3219 647 3275 'catholicw
697 3218 852 3285 ﬁdei,
926 3234 1054 3288 quae
1102 3217 1494 3271 indubitanter
1554 3218 1736 3273 credit
1796 3225 1851 3273 et
1883 3219 2048 3274 docet

353 3307 507 3376 quod
543 3306 818 3359 Dominus
873 3312 1066 3359 noster
1105 3323 1265 3359 suam
1313 3305 1639 3375 passionem
1672 3312 1729 3359 et
1777 3313 2043 3375 mortem,

353 3399 526 3464 atque
575 3395 643 3448 ad
704 3395 917 3447 inferos
964 3394 1393 3447 descensionem
1446 3394 1558 3447 illis
1614 3394 1746 3447 solis
1780 3394 1897 3464 jam
1949 3395 2045 3447 de-

351 3483 581 3547 functis,
625 3488 679 3535 et
744 3484 1002 3552 quamvis
1051 3483 1202 3552 apud
1268 3482 1499 3546 inferos,
1565 3487 1759 3535 tamen
1805 3483 1864 3535 in
1912 3482 2046 3535 locis

353 3571 786 3641 tranquillitatis
818 3576 872 3625 et
899 3572 1041 3624 lucis
1064 3571 1381 3625 constitutis
1409 3571 1684 3637 exhibuit,
1718 3572 1818 3641 qui
1852 3572 1907 3623 in
1938 3572 2046 3625 fide

352 3659 534 3712 futuri
567 3659 843 3712 adventus
873 3660 997 3729 ejus
1041 3675 1104 3712 ac
1134 3660 1565 3730 redemptionis,
1620 3665 1675 3713 et
1706 3661 1763 3713 in
1803 3662 1911 3713 hoc
1943 3678 2045 3712 sa).-

352 3748 482 3801 culo
512 3748 602 3800 vix
652 3753 830 3815 erant,
861 3755 917 3802 et
959 3749 1092 3802 illuc
1119 3765 1221 3819 per
1252 3754 1497 3802 mortem
1546 3749 1912 3811 transierant,
1946 3748 2044 3801 ubi

353 3835 523 3888 etiam
556 3840 782 3905 tempus
812 3836 1117 3905 implenda!
1152 3853 1214 3889 ac
1257 3837 1621 3906 perficiendae
1667 3837 1923 3906 ejusdem
1956 3854 2046 3890 re-

353 3924 699 3994 demptionis
739 3940 854 3977 suae
903 3940 1005 3994 per
1046 3926 1367 3993 passionem
1413 3930 1469 3978 et
1508 3925 1932 3979 descensionem
1973 3927 2043 3980 ad

353 4027 451 4065 eos
503 4012 731 4065 Domini
763 4012 857 4082 pio
908 4012 1190 4066 desiderio
1241 4014 1663 4083 exspectabant.
1706 4016 1784 4068 De
1835 4015 2045 4084 quibus

352 4105 407 4153 et
437 4102 492 4153 Β.
538 4101 786 4154 Joannes
838 4101 1086 4171 Baptista
1119 4102 1457 4155 imminente
1494 4102 1616 4171 jam
1648 4120 1749 4156 sua
1780 4104 2043 4173 passione

353 4194 411 4242 et
435 4194 641 4256 morte,
691 4189 825 4260 quia
854 4195 907 4243 et
958 4190 1079 4259 ipse
1110 4206 1257 4243 unus
1300 4196 1421 4244 erat
1450 4208 1513 4243 ex
1548 4190 1755 4244 talibus
1804 4190 2043 4244 sollicite

2159 3044 2446 3097 catholicae
2497 3043 2755 3111 regulam
2802 3042 3133 3096 ﬁdelissime
3177 3042 3444 3105 tenenda,
3480 3044 3535 3093 et
3568 3039 3863 3108 sequenda

2158 3131 2471 3203 proposuit.
2510 3132 2669 3185 Unde
2717 3135 2895 3184 cesset
2924 3131 3044 3184 haec
3077 3146 3223 3183 nova
3256 3135 3312 3182 et
3360 3128 3619 3181 inaudita
3650 3128 3859 3181 deﬁni-

2157 3221 2255 3282 tio,
2288 3221 2404 3274 imo
2437 3236 2584 3273 nova
2612 3225 2668 3273 et
2714 3219 2973 3273 inaudita
3019 3218 3411 3289 praesumptio.
3447 3223 3505 3270 ut
3537 3217 3728 3270 nullus
3761 3218 3863 3270 ho-

2159 3309 2404 3376 minum,
2453 3308 2623 3362 etiam
2674 3308 3011 3377 impiorum,
3049 3314 3105 3360 et
3134 3308 3283 3375 apud
3316 3306 3528 3358 inferos
3576 3305 3863 3358 irrevoca-

2156 3397 2351 3451 biliter
2396 3396 2800 3450 damnatorum
2834 3395 3026 3459 fuerit,
3062 3412 3166 3464 pro
3216 3411 3329 3465 quo
3370 3393 3623 3447 Christus
3652 3410 3863 3463 passus

2160 3502 2278 3539 non
2311 3486 2413 3552 sit;
2445 3501 2573 3539 cum
2607 3501 2710 3554 pro
2755 3485 2889 3537 solis
2921 3484 3034 3537 illis
3062 3482 3364 3548 defunctis,
3400 3488 3462 3535 ut
3481 3482 3606 3549 jam
3635 3481 3857 3534 dictum

2158 3579 2264 3640 est,
2296 3574 2626 3643 passionem
2666 3573 3019 3637 sustinuerit,
3055 3571 3154 3641 qui
3185 3587 3319 3624 eum
3350 3571 3486 3624 dum
3528 3570 3587 3623 in
3616 3585 3862 3639 corpore

2156 3661 2432 3727 viverent,
2485 3661 2731 3715 fideliter
2783 3666 3101 3723 venturum,
3156 3663 3213 3713 et
3243 3660 3520 3712 mundum
3573 3675 3675 3711 sua
3722 3674 3857 3726 pas-

2157 3749 2316 3803 sione
2361 3751 2794 3819 redempturum
2844 3750 3230 3803 crediderunt.
3268 3748 3387 3801 Hoc
3415 3748 3603 3816 itaque
3652 3754 3738 3799 est
3771 3763 3857 3798 ca-

2156 3839 2432 3892 tholicum
2467 3856 2479 3892 :
2517 3838 2620 3891 hoc
2666 3838 2801 3891 fidei
2851 3838 3109 3891 Ecclesiae
3162 3837 3233 3890 ab
3278 3836 3443 3890 initio
3490 3835 3863 3888 commenda-

2154 3930 2279 3980 tum
2313 3943 2324 3980 :
2360 3928 2465 3981 hoc
2494 3928 2687 3981 divina
2712 3933 2769 3981 et
2789 3932 3029 3996 paterna
3063 3926 3400 3979 auctoritate
3431 3924 3722 3977 ﬁrmatum
3755 3941 3769 3975 :
3801 3928 3863 3976 et

2156 4015 2282 4068 ideo
2316 4016 2616 4086 abjiciatur
2645 4017 2845 4085 procul
2870 4015 3039 4069 fallax
3065 4021 3120 4068 et
3146 4015 3315 4068 inane
3347 4018 3758 4067 commentum.

2228 4104 2305 4156 De
2350 4104 2566 4157 caeteris
2613 4120 2747 4158 vero
2792 4103 3126 4157 hominibus
3175 4104 3273 4172 qui
3304 4102 3372 4156 ab
3423 4102 3546 4170 ejus
3582 4101 3858 4171 passione

2154 4209 2335 4262 usque
2390 4210 2540 4246 nunc
2570 4193 2824 4259 fuerunt,
2856 4198 2953 4246 aut
3002 4198 3154 4256 sunt,
3199 4198 3299 4245 aut
3343 4207 3521 4261 usque
3569 4190 3627 4242 in
3675 4188 3855 4241 ﬁnem

354 4278 620 4331 eumdem
654 4279 962 4331 Dominum
1013 4278 1407 4347 interrogabat
1448 4295 1553 4348 per
1583 4278 1911 4349 discipulos,
1957 4280 2042 4333 di-
2088 4267 2127 4320 ί)
2154 4281 2343 4335 saeculi
2377 4281 2552 4335 futuri
2602 4287 2753 4347 sunt,
2794 4300 2821 4332 ‹‹
2852 4281 3127 4335 catholica
3155 4281 3296 4333 ﬁdes
3345 4284 3519 4341 tenet,
3556 4298 3583 4325 ››
3616 4282 3672 4329 et
3699 4276 3854 4329 Scri-

353 4379 485 4417 cens
516 4380 527 4418 :
565 4385 593 4414 «
632 4366 714 4418 Tu
747 4382 804 4417 es
836 4365 934 4435 qui
983 4370 1256 4418 venturus
1304 4382 1378 4429 es,
1422 4383 1494 4419 an
1527 4366 1705 4420 alium
1751 4371 2043 4436 exspecta-

352 4456 587 4508 mus?»
641 4456 860 4521 (Matth.
895 4470 972 4522 x1,
1018 4454 1094 4523 3.)
1139 4455 1217 4508 De
1268 4455 1477 4509 talibus
1531 4471 1780 4525 namque
1832 4456 1942 4526 piis
1993 4460 2047 4510 et

352 4542 535 4597 beatis
564 4542 844 4596 defunctis
874 4543 1070 4612 quales
1098 4542 1335 4597 fuerunt
1356 4544 1427 4597 ab
1455 4543 1617 4598 initio
1648 4544 1850 4598 mundi
1869 4561 2047 4614 usque

354 4632 423 4687 ad
455 4632 763 4686 adventum
798 4632 1029 4685 Domini
1056 4633 1231 4685 sancti
1261 4633 1620 4703 patriarchae,
1652 4638 1707 4687 et
1729 4633 2042 4704 prophetae,

355 4727 412 4774 et
443 4722 631 4774 caeteri
684 4720 905 4791 antiqui
944 4720 1105 4790 justi,
1149 4721 1248 4791 qui
1305 4722 1381 4775 ita
1410 4722 1775 4775 crediderunt
1823 4727 1878 4775 et
1908 4737 2050 4792 prae-

355 4809 765 4862 nuntiaverunt
824 4814 1152 4875 venturum,
1222 4815 1277 4863 et
1342 4811 1663 4863 humanum
1706 4827 1885 4880 genus
1948 4827 2049 4864 suo

357 4897 639 4967 sanguine
688 4897 1147 4967 redempturum,
1200 4899 1343 4952 sicut
1374 4915 1526 4951 nunc
1574 4915 1705 4952 eum
1738 4900 1926 4953 omnis
1961 4901 2052 4952 Ec-

355 4986 523 5039 clesia
550 4986 667 5055 jam
703 4986 925 5041 venisse
959 4987 1139 5040 credit
1164 4992 1219 5040 et
1247 4988 1570 5052 confitetur,
1605 4988 1779 5040 etiam
1814 4988 1870 5040 in
1905 4987 2049 5042 libro

358 5074 746 5128 Ecclesiastico
777 5076 898 5145 ipsa
926 5075 1024 5128 Dei
1052 5075 1348 5145 sapientia,
1382 5076 1481 5145 qui
1511 5080 1594 5129 est
1627 5076 1823 5145 utique
1858 5076 2050 5129 Domi-

357 5179 465 5216 nus
512 5168 705 5216 noster
733 5164 894 5217 Jesus
944 5164 1202 5218 Christus
1260 5163 1565 5233 promittit,
1609 5164 1803 5217 dicens
1836 5179 1849 5214 :
1881 5186 1906 5213 «
1943 5167 2052 5218 Pe-

356 5249 594 5303 netrabo
661 5249 719 5302 in
784 5250 1085 5303 inferiores
1136 5257 1326 5321 partes
1392 5256 1577 5317 terrae,
1633 5257 1688 5303 et
1752 5251 2051 5322 inspiciam

359 5354 559 5392 omnes
591 5338 962 5405 dormientes,
999 5344 1053 5393 et
1084 5339 1422 5393 illuminabo
1444 5355 1640 5393 omnes
1673 5346 1963 5409 sperantes
1992 5342 2052 5394 in

362 5426 476 5478 Deo
509 5428 695 5492 (Ecch'.
742 5444 892 5497 xxxv,
955 5428 1067 5497 45).
1108 5450 1129 5477 ι
1184 5430 1439 5499 Itemque
1485 5429 1598 5482 alio
1630 5429 1752 5482 loco
1792 5430 1861 5483 de
1909 5430 2053 5498 ejus-

361 5512 492 5566 dem
543 5514 907 5569 descensione
950 5516 1017 5570 ad
1088 5517 1318 5584 inferos,
1354 5521 1408 5571 et
1472 5534 1672 5572 eorum
1719 5517 2051 5572 liberatione

2156 4375 2339 4438 pturae
2375 4374 2583 4423 sancta:
2614 4372 2819 4423 veritas
2864 4371 3048 4434 docet,
3095 4369 3247 4439 quod
3292 4384 3397 4438 pro
3431 4364 3698 4420 omnibus
3728 4380 3857 4415 cre—

2157 4458 2443 4524 dentibus,
2476 4464 2535 4512 et
2577 4475 2681 4527 per
2710 4458 2950 4528 gratiam
2993 4457 3263 4527 baptismi
3295 4474 3356 4510 ex
3392 4471 3539 4526 aqua
3567 4459 3622 4506 et
3652 4456 3856 4505 sancto

2158 4546 2373 4615 Spiritu
2436 4548 2808 4617 regeneratis,
2878 4552 2933 4600 et
2978 4547 3235 4600 Ecclesiae
3301 4543 3679 4614 incorporatis
3718 4557 3855 4593 vere

2160 4634 2435 4689 Dominus
2464 4643 2521 4689 et
2551 4636 2807 4691 Salvator
2850 4640 3044 4689 noster
3074 4636 3145 4689 sit
3195 4650 3414 4704 passus.
3463 4634 3655 4701 Neque
3695 4630 3857 4682 enim

2156 4739 2286 4777 vere
2331 4725 2498 4777 aliter
2541 4724 2820 4793 baptizari
2861 4728 3193 4804 potuerunt,
3230 4722 3340 4778 nisi
3382 4722 3443 4775 in
3476 4726 3655 4774 morte
3689 4719 3857 4788 ejus;

2160 4827 2263 4864 nec
2294 4828 2424 4865 vere
2452 4830 2484 4865 a
2513 4813 2758 4882 peccatis
2788 4813 2905 4865 suis
2948 4812 3123 4877 ablui,
3159 4811 3269 4864 nisi
3312 4812 3370 4863 in
3401 4809 3674 4878 sanguine
3705 4807 3855 4875 ejus,

2160 4900 2398 4954 docente
2430 4901 2592 4954 beato
2624 4902 2799 4955 Paulo
2839 4902 3094 4970 apostolo
3130 4917 3143 4955 :
3181 4924 3199 4947 ι
3244 4899 3385 4963 Quia
3432 4898 3763 4967 quicunque
3793 4895 3859 4947 in

2161 4990 2383 5043 Christo
2430 4990 2698 5059 baptizati
2741 5006 2940 5043 sumus
2971 4990 3150 5059 (Rom.
3180 5005 3254 5054 vi,
3292 4990 3369 5056 3).
3406 5010 3427 5033 ιι
3465 4987 3530 5039 Et
3556 4988 3861 5037 attestante

2161 5078 2327 5131 beato
2377 5080 2591 5132 Joanne
2640 5078 2699 5131 in
2750 5077 3137 5148 Apocalypsi:
3176 5098 3196 5124 ι
3233 5076 3343 5139 Qui
3391 5073 3589 5127 dilexit
3641 5088 3770 5135 nos,
3800 5077 3863 5124 et

2162 5164 2299 5219 lavit
2328 5182 2430 5218 nos
2460 5183 2487 5218 a
2520 5165 2763 5235 peccatis
2809 5166 3018 5218 nostris
3048 5165 3106 5217 in
3139 5164 3419 5233 sanguine
3450 5178 3552 5215 suo
3586 5161 3787 5231 (Apoc.
3822 5176 3859 5224 ι,

2162 5254 2235 5323 5).
2271 5273 2299 5304 »
2334 5256 2409 5307 De
2459 5254 2548 5307 his
2579 5255 2770 5317 etiam,
2803 5254 2859 5307 id
2892 5259 2978 5307 est
3006 5253 3272 5307 ﬁdelibus
3305 5252 3422 5304 suis
3450 5251 3511 5303 in
3541 5256 3728 5303 morte
3758 5265 3863 5301 sua

2162 5342 2481 5411 baptizalis,
2532 5342 2671 5396 etin
2733 5343 3015 5412 sanguine
3047 5359 3148 5395 suo
3196 5346 3562 5410 peccatorum
3616 5338 3864 5392 ablutio-

2160 5448 2293 5485 nem
2321 5432 2653 5495 consecutis,
2685 5432 2823 5485 dicit
2851 5432 2973 5502 ipse
3000 5431 3278 5486 Dominus
3307 5434 3362 5483 et
3385 5429 3644 5482 Salvator
3676 5443 3690 5479 :
3727 5446 3755 5475 α
3784 5425 3865 5479 Si-

2164 5525 2260 5573 cut
2293 5520 2451 5573 novit
2482 5536 2571 5574 me
2620 5522 2807 5589 Pater,
2839 5525 2895 5574 et
2923 5537 3029 5591 ego
3076 5536 3318 5589 agnosco
3351 5520 3594 5583 Patrem,
3647 5521 3707 5570 et
3737 5516 3862 5569 ani-
