4108 6190
294 255 433 308 1125

1382 258 1472 314 DE
1515 259 1845 314 TENENDA
1886 260 2293 319 SCRIPTUBIE
2332 266 2705 324 VERITATE.

3662 279 3794 331 “26

290 405 447 443 mam
480 406 663 443 meam
713 408 864 459 pono
914 409 1016 462 pro
1056 393 1255 447 ovibus
1304 394 1445 447 meis
1491 395 1671 461 (Joan.
1703 411 1759 461 Χ,
1802 400 1908 467 lii).
1963 419 1982 445 ι
2027 402 2072 456 Α
2105 416 2208 468 per
2235 402 2617 458 obedientiam
2673 407 2874 460 mortis
2924 409 3131 462 Christi
3176 417 3232 462 et
3276 410 3613 465 (-lTusionem
3658 429 3792 483 pre—

290 478 404 530 Pro
452 480 574 531 istis
620 480 756 533 dicit
789 497 800 533 :
838 503 857 528 α
891 483 953 534 Et
998 482 1145 535 sicut
1189 483 1406 551 Moyses
1446 484 1716 537 exaltavit
1754 502 1987 556 serpen-

287 570 409 619 tem
436 568 494 619 in
522 566 767 634 deserto,
792 568 871 621 ita
905 571 1142 623 exaltari
1174 576 1399 640 Oportet
1418 572 1600 626 ﬁlium
1626 573 1899 641 hominis,
1929 580 1989 628 ut

286 652 479 706 omnis
504 654 603 723 qui
632 655 811 709 credit
832 655 890 708 in
913 672 1046 710 eum
1073 674 1187 710 non
1213 664 1428 728 pereat,
1452 661 1549 713 sed
1575 660 1783 715 habeat
1810 661 1987 715 vitam

286 739 466 808 (Joan.
498 757 575 805 ιιι,
620 742 725 810 14).
771 764 792 790 ι
830 743 908 796 De
956 744 1077 796 istis
1119 745 1257 798 dicit
1286 748 1588 816 Apostolus
1622 766 1634 802 ε
1668 770 1693 795 ι(
1729 749 1988 802 Christus

281 828 488 882 dilexit
544 831 871 897 Ecclesiam,
940 838 997 885 et
1038 834 1291 902 seipsuin
1348 836 1587 889 tradidit
1627 853 1730 906 pro
1783 854 1866 904 ea,
1926 844 1989 891 ut

282 916 451 970 illam
487 918 882 986 sanctiﬁcaret,
937 922 1220 976 mundans
1267 939 1392 976 eain
1446 924 1668 979 lavacro
1718 942 1879 996 aqum
1929 927 1989 979 in

281 1006 462 1059 verbo
492 1007 659 1075 (Eph.
695 1024 745 1070 v,
778 1011 866 1074 25,
894 1011 1003 1077 26).
1032 1030 1060 1061 »
1120 1013 1183 1064 Et
1220 1012 1354 1082 quia
1384 1012 1529 1067 sicut
1558 1015 1709 1067 idem
1740 1020 1989 1085 Aposto-

284 1094 382 1148 lus
429 1100 716 1150 testatur:
765 1119 790 1145 ‹‹
825 1099 949 1152 Non
994 1101 1253 1154 omnium
1298 1106 1379 1154 est
1416 1101 1580 1169 ﬁdes,
1617 1123 1645 1154 υ
1700 1109 1756 1156 et
1800 1126 1819 1152 α
1872 1120 1987 1157 non

282 1199 490 1238 omnes
530 1185 805 1239 obediunt
852 1189 1154 1258 Evangelio
1195 1189 1269 1257 (II
1324 1191 1505 1244 Thess.
1557 1208 1637 1257 ιιι,
1671 1194 1751 1259 2).
1784 1211 1810 1243 ››
1848 1192 1991 1246 Dicit

282 1271 503 1326 iterum
532 1273 655 1342 ipse
708 1276 1031 1329 Dominus:
1078 1297 1103 1325 «
1141 1277 1313 1330 Filius
1362 1279 1614 1332 hominis
1672 1296 1789 1333 non
1838 1280 1992 1333 venit

282 1360 628 1430 ministrari,
681 1364 776 1417 sed
836 1365 1185 1431 ministrare,
1240 1371 1295 1419 et
1342 1367 1477 1421 dare
1526 1368 1779 1422 animam
1827 1386 1989 1423 suam

282 1450 750 1519 redemptionem
796 1470 899 1522 pro
947 1455 1143 1507 multis
1184 1456 1405 1523 (Matth.
1458 1472 1554 1523 xx,
1604 1458 1714 1526 28).
1753 1479 1771 1503 ι
1832 1458 1989 1511 Unde

282 1537 463 1591 etiam
509 1556 638 1593 cum
682 1548 1101 1595 sacramentum
1147 1544 1406 1613 corporis
1455 1550 1510 1597 et
1559 1545 1859 1614 sanguinis
1900 1546 1986 1599 sui

281 1626 582 1695 discipulis
611 1629 879 1694 traderet,
914 1630 993 1683 ait
1026 1647 1037 1683 :
1074 1650 1100 1680 ‹‹
1133 1631 1387 1701 Accipite
1420 1638 1475 1685 et
1504 1634 1785 1687 comedite
1819 1650 1831 1687 :
1870 1635 1986 1686 Hoc

2096 490 2227 542 tiosi
2257 492 2554 561 sanguinis
2598 494 2720 563 ejus
2756 496 2927 549 etiam
2970 498 3052 550 illi
3096 498 3514 569 adipiscuntur,
3561 516 3689 554 cum
3722 502 3793 556 ad

2096 579 2386 633 lavacrum
2440 584 2885 650 regenerationis
2942 586 3196 651 veniunt,
3253 588 3388 657 quia
3428 605 3551 641 eam
3599 597 3795 659 postea

2097 685 2200 722 suo
2233 669 2369 721 vitio
2403 688 2430 719 ‹ι
2464 668 2519 722 in
2554 686 2610 722 se
2642 670 2861 726 irritam
2906 673 3140 740 faciunt,
3178 697 3204 723 »
3239 682 3480 730 testante
3524 681 3795 747 Apostolo

2096 773 2160 809 ac
2193 756 2415 811 dicente
2450 774 2461 810 :
2494 776 2518 809 tl
2550 758 2773 821 Quanto
2802 761 2984 831 magis
3019 764 3230 832 putatis
3271 764 3555 819 deteriora
3586 768 3793 821 mereri

2097 846 2395 916 supplicia,
2449 847 2547 917 qui
2596 847 2801 901 Filium
2854 850 2952 902 Dei
2991 854 3421 919 conculcaverit,
3470 859 3525 908 et
3569 856 3796 925 sangui-

2096 950 2229 988 nem
2260 935 2605 999 testamenti,
2630 936 2685 988 in
2711 953 2824 1007 quo
2846 939 3224 993 sanctiﬁcatus
3246 948 3352 1008 est,
3378 944 3658 1011 pollutum
3683 945 3793 997 du—

2096 1024 2258 1088 xerit,
2289 1029 2343 1076 et
2375 1023 2613 1093 Spiritui
2643 1026 2840 1093 gratiae
2876 1029 3281 1082 contumeliam
3325 1031 3558 1085 fecerit?
3605 1034 3790 1102 (Hebr.

2096 1127 2152 1178 Χ,
2186 1112 2300 1179 29.)
2355 1113 2422 1165 Et
2453 1113 2682 1167 iterum.
2720 1136 2747 1162 ‹‹
2794 1114 3151 1185 Impossibile
3199 1123 3282 1171 est
3324 1119 3476 1172 enim
3525 1138 3639 1187 eos,
3694 1122 3793 1193 qui

2098 1202 2273 1253 semel
2302 1206 2435 1254 sunt
2462 1202 2793 1265 illuminati,
2828 1210 3206 1273 gnstaverunt
3237 1206 3407 1259 etiam
3440 1208 3652 1262 donum
3679 1227 3790 1263 coa-

2097 1289 2256 1356 leste,
2292 1295 2347 1343 et
2380 1290 2687 1360 participes
2717 1299 2851 1345 sunt
2894 1294 3024 1346 facti
3080 1294 3325 1364 Spiritus
3374 1298 3572 1363 sancti,
3605 1304 3793 1365 gusta-

2097 1384 2304 1432 verunt
2333 1379 2714 1433 nihilominus
2754 1382 2969 1435 bonum
3008 1384 3106 1435 Dei
3148 1384 3408 1448 verbum,
3443 1385 3793 1456 virtutesque

2097 1469 2292 1521 saeculi
2324 1469 2567 1534 venturi,
2601 1476 2658 1522 et
2688 1471 2935 1539 prolapsi
2985 1477 3138 1540 sunt,
3171 1473 3434 1526 renovari
3483 1490 3677 1528 rursus
3723 1492 3795 1528 an

2098 1557 2490 1627 pcenitentiam
2522 1558 2704 1627 (Hebr.
2744 1574 2816 1625 Vi,
2847 1560 2980 1626 4-6).
3016 1580 3044 1608 ››

281 1721 379 1767 est
407 1715 561 1768 enim
596 1732 802 1786 corpus
852 1734 1067 1785 meum,
1114 1719 1268 1789 quod
1300 1737 1404 1789 pro
1455 1721 1612 1775 vobis
1643 1722 1921 1775 tradetur.
1956 1742 1983 1769 ››
2027 1701 2067 1753 Β
2171 1715 2532 1786 Quapropter
2561 1716 2628 1769 de
2666 1717 2931 1770 omnibus
2975 1718 3332 1771 credentibus
3372 1720 3431 1771 in
3484 1721 3792 1785 Christum,

280 1804 357 1857 Et
389 1804 596 1858 iterum
630 1822 641 1858 :
673 1826 700 1853 «
734 1806 833 1859 Hic
865 1812 943 1860 est
976 1808 1207 1875 sanguis
1256 1825 1416 1862 meus
1461 1811 1599 1863 Novi
1644 1808 1991 1864 Testamenti

284 1892 394 1961 qui
421 1909 524 1962 pro
556 1893 720 1947 nobis
761 1899 818 1948 et
849 1912 950 1965 pro
1006 1896 1200 1950 multis
1235 1898 1562 1952 effundatur
1594 1900 1655 1952 in
1698 1899 1990 1952 remissio-

279 1996 423 2034 nem
456 1988 816 2051 peccatorum
850 1986 1071 2051 (Matth.
1104 2001 1253 2053 XXVI,
1283 1990 1371 2051 26,
1406 1988 1517 2054 28).
1556 2009 1580 2035 ››

367 2072 473 2125 Hos
508 2090 532 2120 (ι
567 2073 777 2125 multos
810 2092 837 2120 »
878 2075 1186 2142 Apostolus
1212 2075 1347 2129 dicit
1374 2094 1401 2125 (ί
1438 2092 1658 2143 omnes,
1696 2095 1720 2128 io
1747 2077 1844 2130 ubi
1872 2076 1985 2130 ait:

284 2160 448 2213 Unus
479 2159 633 2214 enim
666 2162 833 2227 Deus,
869 2178 1015 2215 unus
1058 2168 1113 2216 et
1144 2164 1425 2216 mediator
1470 2164 1567 2217 Dei
1597 2170 1655 2218 et
1684 2165 1987 2218 hominum

280 2248 463 2301 homo
497 2249 753 2303 Christus
781 2251 959 2314 Jesus,
996 2251 1095 2321 qui
1141 2251 1300 2305 dedit
1347 2252 1720 2322 semetipsum
1762 2254 1989 2307 redem-

279 2335 545 2403 ptionem
578 2353 680 2406 pro
714 2338 978 2391 omnibus
1008 2339 1058 2408 (Ι
1082 2339 1221 2393 Tim.
1258 2356 1317 2405 ιι,
1351 2341 1422 2409 5).
1462 2341 1524 2393 Et
1553 2340 1654 2393 hos
1678 2358 1707 2392 (ι
1731 2357 1928 2394 omnes
1957 2362 1984 2390 »

280 2423 500 2477 iterum
532 2425 668 2478 dicit
699 2448 719 2474 ι
752 2426 959 2479 multos
988 2448 1015 2475 »
1047 2428 1144 2481 ubi
1174 2428 1253 2481 ait
1286 2445 1298 2481 :
1340 2450 1366 2476 ‹‹
1402 2430 1467 2482 Et
1504 2430 1989 2498 quemadmodum

281 2517 567 2566 statutum
600 2518 685 2566 est
722 2514 1054 2570 hominibus
1083 2516 1255 2569 semel
1289 2517 1455 2583 mori,
1488 2523 1617 2587 post
1659 2519 1768 2571 hoc
1799 2524 1990 2572 autem

274 2602 587 2671 judicium,
622 2603 701 2656 sic
735 2608 791 2656 et
826 2604 1077 2658 Christus
1109 2606 1285 2659 semel
1333 2606 1556 2660 oblatus
1588 2613 1672 2660 est
1720 2608 1790 2661 ad
1840 2608 1987 2660 mul-

280 2697 482 2744 torum
513 2692 895 2746 exhaurienda
922 2696 1149 2762 peccata
1203 2695 1387 2763 (Hebr.
1419 2695 1508 2763 lix,
1544 2697 1631 2761 28,
1673 2696 1782 2763 28),
1819 2715 1845 2745 α
1880 2702 1986 2750 etc.

281 2781 455 2833 Juxta
484 2797 653 2850 quem
688 2781 995 2835 locutionis
1043 2783 1278 2836 modum
1322 2784 1493 2837 etiam
1539 2784 1596 2836 in
1642 2784 1893 2852 Epistola
1921 2784 1990 2837 ad

283 2868 577 2921 Romanos
608 2869 744 2923 dicit
772 2887 784 2923 :
816 2891 844 2919 «
878 2871 1055 2940 Igitur
1089 2871 1235 2925 sicut
1269 2888 1371 2941 per
1418 2872 1588 2925 unius
1619 2872 1869 2925 hominis
1901 2873 1993 2926 de-

2098 1808 2153 1859 et
2183 1805 2241 1856 in
2276 1804 2496 1858 Christo
2528 1806 2900 1873 regeneratis,
2944 1812 3092 1859 recte
3124 1813 3178 1860 et
3211 1808 3491 1861 veraciter
3520 1810 3791 1877 creditur,

2098 1894 2251 1963 quod
2287 1910 2389 1964 pro
2422 1894 2503 1947 eis
2537 1894 2808 1947 Dominus
2841 1895 3096 1947 Christus
3128 1896 3200 1948 sit
3234 1912 3447 1965 passus.
3488 1899 3602 1951 Hoc
3626 1915 3795 1953 nam-

2097 1999 2208 2052 que
2270 1988 2388 2035 tota
2434 1982 2608 2036 series
2655 1982 2961 2051 Scripturaa
3018 1988 3221 2037 sanctae
3274 1985 3487 2038 Veteris
3547 2003 3609 2039 ac
3657 1987 3795 2041 Novi

2095 2071 2463 2125 Testamenti.
2499 2072 2545 2123 si
2576 2072 2880 2141 diligenter
2911 2071 3261 2140 inspiciatur,
3294 2080 3349 2126 et
3379 2074 3627 2127 ﬁdeliter
3668 2091 3795 2128 con-

2097 2160 2402 2221 sideretur,
2454 2160 2755 2212 manifeste
2814 2164 2982 2229 atque
3031 2160 3422 2214 indubitanter
3475 2168 3790 2217 attestatur.

2099 2248 2254 2312 Quod
2285 2249 2461 2301 etiam
2492 2248 2795 2317 magniﬁce
2827 2254 2883 2301 et
2930 2247 3099 2301 nimis
3131 2250 3424 2319 granditer
3462 2252 3794 2306 universalis

2096 2344 2150 2391 et
2180 2338 2553 2392 celeberrima
2582 2339 2650 2391 ab
2700 2338 2825 2407 ipso
2866 2339 3126 2405 Domino,
3165 2345 3220 2393 et
3251 2341 3517 2409 apostolis
3567 2343 3793 2396 traditae

2098 2427 2358 2482 Ecclesiae
2408 2426 2777 2480 commendat
2815 2427 3123 2480 auctoritas
3156 2444 3168 2481 :
3202 2428 3336 2491 Qua:
3373 2448 3400 2479 «
3440 2430 3792 2484 oblationem

2097 2517 2349 2586 corporis
2394 2520 2450 2569 et
2499 2515 2793 2585 sanguinis
2845 2514 3071 2578 Christi,
3138 2536 3166 2565 »
3219 2517 3273 2569 id
3327 2523 3411 2570 est
3460 2519 3793 2587 mysterium

2096 2605 2378 2676 passionis
2430 2610 2485 2659 et
2518 2605 2716 2657 mortis
2766 2604 2911 2673 ejus,
2951 2606 3350 2658 tantummodo
3402 2622 3502 2675 pro
3553 2608 3795 2661 Ecclesia

2097 2694 2377 2748 catholica
2433 2699 2553 2746 toto
2604 2693 2739 2746 orbe
2786 2693 3011 2758 ditfusa,
3069 2693 3327 2747 videlicet
3379 2710 3480 2764 pro
3536 2696 3793 2749 omnium

2099 2782 2356 2836 ﬁdelium
2386 2782 2651 2834 societate
2680 2786 2849 2848 atque
2882 2781 3137 2848 unitate;
3169 2787 3225 2834 et
3256 2798 3357 2851 pro
3386 2784 3496 2836 illis
3523 2785 3652 2836 solis
3691 2785 3793 2838 de-

2098 2868 2328 2929 functis,
2364 2889 2391 2916 ‹‹
2424 2866 2524 2937 qui
2555 2883 2659 2919 nos
2700 2872 3112 2936 praecesserunt
3157 2883 3284 2920 cum
3336 2870 3498 2937 signo
3543 2870 3698 2935 ﬁdei,
3728 2870 3796 2941 let

285 2957 489 3012 lictum
538 2958 597 3010 in
647 2974 847 3012 omnes
893 2960 1153 3013 homines
1200 2960 1259 3013 in
1300 2960 1863 3029 condemnationem,
1914 2961 1992 3014 sic
2029 2997 2068 3051 C
2101 2956 2395 3009 dormiunt
2434 2955 2496 3007 in
2533 2971 2737 3008 somno
2782 2955 2994 3024 pacis»
3048 2955 3294 3008 ﬁdeliter
3335 2957 3515 3023 otfert,
3556 2958 3709 3011 unde
3741 2964 3797 3012 et

282 3062 398 3117 per
439 3047 605 3100 unius
639 3047 921 3117 justitiam
960 3048 1019 3101 in
1066 3065 1265 3102 omnes
1302 3049 1565 3102 homines
1609 3049 1666 3103 in
1705 3050 1984 3118 justiﬁca-

283 3136 507 3189 tionem
562 3137 706 3189 vitas.
762 3136 919 3190 Sicut
968 3138 1121 3190 enim
1165 3153 1270 3207 per
1316 3138 1766 3192 inobedientiam
1814 3139 1985 3192 unius

282 3224 541 3277 hominis
573 3230 896 3293 peccatores
937 3226 1230 3279 constituti
1273 3231 1408 3280 sunt
1442 3227 1629 3293 multi,
1662 3228 1741 3281 ita
1789 3232 1846 3281 et
1884 3242 1986 3297 per

282 3312 673 3367 obedientiam
696 3314 863 3367 unius
896 3314 1169 3380 hominis,
1196 3316 1337 3385 justi
1376 3316 1796 3370 constituentur
1820 3316 1985 3369 multi

282 3402 459 3469 (Rom.
521 3417 574 3465 v,
631 3405 716 3469 18,
772 3405 935 3471 19).»
986 3403 1275 3458 Manifeste
1335 3405 1488 3459 enim
1528 3422 1670 3476 quos
1713 3405 1771 3458 in
1811 3405 1986 3475 priori

282 3489 571 3543 sententia
598 3490 741 3543 dixit
791 3510 817 3541 (ι
851 3507 1071 3557 omnes,
1104 3512 1130 3541 ››
1174 3498 1229 3545 et
1259 3514 1285 3540 ‹‹
1320 3509 1538 3561 omnes,
1577 3512 1603 3544 »
1660 3495 1758 3546 lzos
1808 3494 1865 3546 in
1899 3510 1986 3547 se-

283 3579 485 3648 quenti
522 3597 548 3629 ‹‹
581 3579 814 3644 multos,
850 3600 877 3631 »
911 3586 967 3634 et
998 3602 1025 3629 ‹‹
1058 3582 1285 3635 multos.
1319 3603 1345 3630 ››
1380 3583 1487 3636 Sed
1532 3582 1592 3635 in
1636 3582 1982 3636 condemna-

281 3668 461 3731 tione,
484 3683 610 3737 qua:
640 3684 741 3737 per
773 3684 951 3722 unum
980 3669 1273 3723 hominem
1308 3671 1565 3739 ingressa
1595 3676 1679 3724 est
1709 3670 1781 3738 lin
1813 3686 1985 3723 omne

281 3772 466 3826 genus
523 3756 861 3823 humanum,
914 3758 992 3810 ita
1028 3763 1174 3811 recte
1223 3759 1629 3829 intelliguntur
1672 3782 1697 3807 ‹‹
1732 3759 1919 3825 multi,
1954 3778 1981 3808 ι)

282 3850 346 3898 ut
375 3861 506 3898 vere
538 3844 892 3914 accipiantur
922 3867 949 3893 ‹‹
982 3862 1213 3911 omnes;
1251 3865 1278 3897 η
1311 3847 1449 3916 quia
1478 3863 1649 3900 nemo
1682 3846 1984 3900 hominum

281 3934 355 3987 ab
388 3934 487 3985 illa
518 3933 738 3986 alienus
766 3938 869 4000 est,
902 3934 1009 3987 nisi
1039 3951 1139 4004 per
1163 3934 1370 3989 Christi
1397 3935 1640 4005 gratiam
1672 3935 1980 3989 liberetur:

282 4023 343 4074 in
398 4022 804 4092 justilicationc
854 4028 1045 4075 autem
1092 4023 1223 4077 vita:
1282 4024 1359 4076 ita
1420 4029 1572 4077 recte
1626 4022 1984 4092 accipiuntur

288 4126 634 4175 «omnes,»
682 4117 747 4163 ut
794 4110 900 4180 ipsi
949 4131 976 4161 «
1028 4127 1225 4165 omnes
1271 4111 1437 4166 multi
1476 4134 1496 4159 ιι
1550 4111 1983 4181 intelligantur?

283 4198 425 4259 Quia
458 4212 561 4267 per
591 4197 976 4251 obedientiam
1006 4198 1235 4262 Christi,
1290 4216 1403 4269 qua
1434 4220 1461 4246 ‹‹
1493 4198 1672 4252 factus
1721 4203 1803 4252 est
1842 4198 1982 4251 obe-

2098 3044 2451 3100 conﬁdenter
2497 3060 2562 3097 ac
2604 3044 2880 3096 veraciter
2936 3043 2994 3095 in
3052 3044 3173 3112 ipsa
3221 3045 3623 3113 mysteriorum
3678 3046 3795 3100 fre-

2095 3132 2463 3203 quentatione
2518 3148 2623 3201 pro
2659 3132 2921 3185 ﬁdelibus
2972 3133 3296 3202 supplicans
3349 3134 3417 3187 ad
3474 3136 3649 3188 Deum
3702 3136 3793 3189 di-

2094 3221 2170 3273 cit
2203 3236 2215 3273 :
2255 3242 2283 3269 «
2309 3220 2565 3290 Respice,
2620 3220 2880 3286 Domine,
2917 3235 3087 3289 super
3129 3220 3274 3273 hanc
3305 3219 3579 3274 familiam
3612 3227 3790 3287 tuam,

2092 3325 2199 3379 pro
2232 3326 2343 3380 qua
2382 3309 2657 3362 Dominus
2709 3314 2901 3361 n0ster
2929 3310 3090 3363 Jesus
3134 3309 3389 3363 Christus
3429 3327 3545 3363 non
3576 3312 3791 3365 dubita-

2093 3400 2173 3452 vit
2207 3399 2471 3453 manibus
2515 3398 2663 3452 tradi
2715 3399 3066 3462 nocentium,
3119 3404 3175 3451 et
3206 3400 3389 3453 crucis
3438 3400 3629 3454 subire
3682 3406 3793 3455 tor-

2095 3492 2373 3541 mentum.
2404 3507 2431 3537 »
2460 3487 2523 3539 Et
2547 3487 2700 3539 hunc
2729 3486 2901 3540 ritum
2938 3486 3247 3541 Dominicaa
3284 3488 3590 3542 oblationis
3620 3495 3792 3544 tanta:

2093 3575 2343 3645 pietatis,
2380 3579 2435 3627 et
2474 3574 2769 3644 religionis
2798 3575 3110 3627 attentione
3138 3576 3402 3643 custodit,
3435 3583 3499 3631 ut
3527 3594 3657 3631 cum
3695 3579 3795 3632 illa

2094 3663 2366 3735 mysteria
2385 3663 2721 3727 offeruntur,
2742 3663 2962 3715 nullum
2987 3664 3223 3717 omnino
3240 3664 3549 3730 inﬁdelem,
3568 3667 3793 3721 nullum

2094 3755 2266 3807 etiam
2299 3753 2792 3816 catechumenum,
2827 3753 3047 3805 nullum
3078 3752 3182 3805 nisi
3212 3754 3396 3821 gratia
3429 3754 3792 3824 baptismatis

2094 3845 2498 3910 regeneratum
2530 3840 2803 3893 interesse
2835 3839 3100 3909 patiatur,
3136 3846 3411 3910 tanquam
3442 3859 3574 3895 vere
3611 3848 3794 3897 osten-

2093 3931 2234 3984 dens
2283 3939 2456 3999 atque
2514 3934 2840 3982 contestans
2890 3946 2994 3998 pro
3062 3929 3173 3982 illis
3234 3931 3537 3983 Dominum
3587 3931 3645 3984 in
3695 3949 3794 3985 ara

2093 4019 2275 4071 crucis
2327 4018 2603 4083 oblatum,
2662 4033 2887 4087 passum
2932 4035 2993 4070 ac
3033 4022 3339 4082 mortuum,
3392 4024 3446 4072 et
3478 4020 3789 4088 pretiosum

2095 4108 2218 4177 ejus
2244 4106 2581 4175 sanguinem
2612 4107 2819 4167 fusum,
2857 4122 2959 4175 pro
2988 4106 3194 4176 quibus
3225 4107 3283 4159 in
3316 4108 3480 4160 altari
3532 4109 3792 4163 Ecclesiae

2096 4196 2193 4249 illa
2219 4200 2597 4261 sacrosancta,
2632 4200 2685 4248 et
2712 4195 2952 4249 caelestis
3001 4196 3213 4248 oblatio
3242 4196 3301 4248 in
3334 4197 3603 4265 mysterio
3652 4213 3792 4267 pas-

285 4286 447 4339 diens
478 4301 658 4355 usque
688 4285 759 4338 ad
792 4291 1059 4350 mortem,
1096 4292 1343 4340 mortem
1386 4291 1574 4340 autem
1604 4287 1785 4340 crucis
1813 4288 1977 4357 (Phil.
2025 4300 2066 4353 υ
2094 4285 2270 4359 sionis
2300 4284 2422 4353 ejus
2452 4301 2513 4336 ac
2544 4284 2744 4337 mortis
2771 4284 3025 4337 offertur.
3060 4293 3084 4316 ιι
3108 4284 3263 4337 Unde
3291 4289 3346 4337 et
3367 4286 3665 4355 quosdam,
3690 4287 3792 4356 qui

286 4391 322 4439 ι,
376 4378 451 4439 8),
511 4394 539 4423 ››
599 4390 713 4427 ιιοι]
774 4396 793 4421 α
850 4391 1105 4428 omnes»
1160 4376 1360 4445 utique
1419 4376 1834 4439 indifferenter,
1888 4375 1985 4428 sed

287 4482 315 4513 ιι
372 4463 537 4516 multi
570 4483 597 4511 ››
622 4463 1022 4532 justiﬁcantur.
1088 4465 1243 4517 Hanc
1274 4465 1466 4533 itaque
1514 4463 1986 4532 justiﬁcationem

2095 4374 2252 4426 illam
2286 4372 2723 4425 sacratissimam
2773 4372 3123 4425 oblationem
3153 4374 3237 4425 vel
3296 4390 3401 4442 pro
3441 4374 3795 4429 catechume-

2096 4461 2202 4523 nis,
2238 4461 2327 4513 vel
2361 4460 2684 4530 quibusque
2730 4460 3136 4513 innocentibus
3186 4461 3439 4530 parvulis
3474 4461 3794 4517 viventibus

1354 4586 1553 4640 NOTzE
1592 4585 1915 4639 DUVALLII
1955 4581 2299 4639 DOCTORIS
2338 4580 2725 4637 SORBONICI.

357 4723 381 4751 δ
411 4709 673 4763 Afﬁrmat
722 4710 933 4779 pariter
987 4710 1226 4763 Ecclesia
1273 4709 1614 4762 sacriﬁcium
1671 4724 1771 4777 pro
1839 4712 1985 4760 cate-

286 4780 585 4833 chumenis
615 4788 670 4834 et
696 4781 948 4849 parvulis
978 4798 1095 4834 non
1125 4781 1425 4851 baptizatis
1457 4796 1569 4832 non
1594 4796 1715 4832 esse
1738 4779 1985 4851 oﬁ'eren-

291 4851 449 4903 dum.
498 4851 599 4903 Cui
641 4852 939 4920 sulfragari
988 4849 1216 4905 videtur
1262 4851 1413 4921 quod
1458 4852 1629 4903 habet
1674 4853 1816 4919 Aug.
1868 4866 1883 4901 1
1920 4849 1987 4901 de

288 4922 527 5000 Origine
576 4923 801 5001 animae,
856 4939 979 5001 cap.
1023 4926 1054 4975 8
1105 4938 1128 5001 :_
1161 4944 1193 5001 .‹‹
1226 4923 1358 5001 Quis
1404 4922 1605 4974 olferat
1645 4921 1987 5001 sacriﬁcium

287 4991 546 5062 corporis
578 4992 806 5057 Christi,
838 4991 947 5046 nisi
979 5009 1083 5062 pro
1116 4993 1203 5045 his
1235 4993 1333 5062 qui
1364 4997 1495 5044 sunt
1522 4992 1779 5045 membra
1821 4991 1987 5043 Chri-

287 5062 396 5128 sti;
428 5084 456 5111 )»
491 5063 644 5132 quod
684 5064 933 5116 refertur
960 5080 991 5115 a
1027 5065 1087 5117 D.
1122 5064 1358 5130 Thoma,
1395 5069 1594 5132 quaest.
1627 5065 1717 5123 79,
1762 5062 1921 5114 artic.
1960 5066 1989 5113 7

289 5134 359 5187 ad
391 5136 459 5212 2._
479 5133 700 5212 Verum
726 5139 948 5212 ‘certum
979 5139 1062 5186 est
1092 5149 1185 5186 eos
1222 5139 1445 5212 tantum
1467 5150 1635 5212 agere
1657 5133 1989 5212 depublica

289 5210 347 5256 et
380 5204 623 5257 solemni
650 5205 966 5269 oblatione;
1005 5220 1136 5257 nam
1168 5204 1432 5274 privatim
1466 5204 1603 5256 nihil
1626 5204 1810 5256 obstat
1839 5220 1988 5273 quo-

288 5275 483 5327 minus
532 5291 634 5344 pro
682 5276 752 5328 iis
810 5275 1149 5328 sacriﬁcium
1190 5274 1507 5328 oﬁ‘eratur:
1559 5274 1753 5344 excipe
1796 5280 1988 5327 tamen

289 5345 562 5414 parvulos
595 5346 807 5415 absque
847 5346 1130 5416 baptismo
1174 5351 1468 5411 mortuos;
1511 5360 1641 5398 cum
1682 5344 1834 5417 enim
1877 5345 1990 5417 sint

290 5432 357 5469 ex
403 5432 609 5485 genere
650 5418 812 5470 valde
861 5418 1146 5470 malorum
1197 5422 1431 5487 propter
1463 5421 1756 5485 peccatum
1809 5416 1985 5485 origi-

289 5487 445 5554 nale,
480 5487 547 5539 de
579 5488 784 5557 quibus
818 5488 936 5556 agit
982 5488 1335 5556 Augustinus
1380 5487 1439 5539 in
1483 5486 1827 5553 Enchiridio,
1861 5503 1983 5555 cap.

293 5560 417 5626 109,
461 5573 562 5627 pro
604 5558 689 5611 his
722 5574 836 5611 non
876 5564 962 5612 est
1001 5558 1359 5612 offerendum
1384 5557 1748 5625 sacriﬁcium,
1771 5572 1841 5611 ne
1863 5557 1990 5626 qui-

2096 4706 2226 4759 dem
2285 4708 2497 4757 secreto
2540 4704 2611 4777 _iu
2666 4710 2857 4777 mente
2907 4705 3230 4759 sacerdotis.
3282 4707 3440 4761 Adde
3484 4708 3675 4777 etiam,
3729 4716 3793 4765 ut

2096 4777 2312 4851 optime
2346 4777 2506 4828 docet
2535 4775 2789 4835 Suarius,
2825 4776 2881 4827 in
2910 4781 3010 4828 art.
3048 4780 3096 4840 1,
3119 4787 3349 4851 quiest.
3384 4783 3471 4845 83,
3508 4797 3564 4833 ιιι
3616 4775 3792 4851 partis

2102 4849 2161 4900 D.
2196 4848 2451 4921 Thomas,
2488 4863 2598 4921 non
2628 4862 2795 4921 posse
2822 4862 2924 4921 pro
2957 4847 3380 4921 catechumenis
3413 4856 3509 4904 aut
3540 4847 3793 4921 parvulis

2097 4919 2348 4989 nondum
2384 4917 2681 4986 baptizatis
2712 4916 2902 4969 oﬁ'erri
2934 4919 3294 4985 sacriﬁcium,
3331 4921 3491 4989 quasi
3540 4916 3790 4977 fructum

2096 4988 2346 5062 aliquem
2376 5005 2441 5040 ex
2483 5004 2550 5041 eo
2582 4994 2878 5057 reportent
2909 4993 3180 5062 tanquam
3210 5006 3271 5042 ex
3302 4988 3475 5059 opere
3514 5000 3787 5062 operato;

2095 5060 2231 5129 quia
2286 5064 2790 5132 opusgoperatum
2849 5059 3109 5132 sacriﬁcii
3166 5063 3433 5130 supponit
3488 5059 3788 5132 personam

2096 5131 2407 5200 suscepisse
2461 5130 2827 5198 baptismum,
2863 5130 2961 5200 qui
3005 5135 3087 5182 est
3136 5132 3393 5185 omnium
3424 5130 3545 5187 tum
3598 5153 3790 5189 sacra-

2097 5206 2444 5268 mentorum,
2476 5205 2599 5253 tum
2635 5202 2848 5253 fructus
2878 5201 3055 5269 ipsius
3088 5202 3349 5255 sacriﬁcii
3373 5205 3570 5271 janua.
3599 5208 3794 5260 Potest

2095 5277 2285 5346 tamen
2318 5287 2422 5346 pro
2453 5271 2564 5324 illis
2591 5272 2650 5324 in
2683 5272 2901 5346 ratione
2930 5272 3347 5346 impetrationis
3388 5274 3604 5346 ott‘erri,
3656 5279 3790 5346 quia

2095 5358 2202 5413 per
2228 5342 2373 5414 illud
2404 5358 2708 5411 possumus
2731 5361 2762 5394 a
2786 5344 2897 5395 Deo
2930 5344 3237 5411 impetrare
3260 5347 3322 5396 ut
3350 5345 3416 5396 ad
3441 5342 3786 5414 baptismum

2096 5413 2450 5484 perveniant,
2506 5429 2622 5466 non
2667 5414 2859 5465 minus
2912 5430 3083 5482 quam
3126 5429 3229 5481 pro
3281 5413 3673 5483 peccatoribus
3737 5425 3793 5472 et

2094 5483 2440 5550 inﬁdelibus,
2469 5490 2535 5536 ut
2565 5501 2593 5537 a
2624 5489 2855 5553 peccato
2888 5492 2942 5536 et
2973 5484 3306 5539 inﬁdelitate
3334 5487 3617 5540 recedant.
