4096 6186
421 248 553 300 H27
1581 244 1635 299 S.
1672 244 1942 300 REMIGII
1985 241 2467 300 LUGDUNENSIS
2510 238 2825 297 EPISCOPI

416 376 531 430 sive
578 377 858 431 defunctis
900 375 1219 429 faciendam
1270 375 1557 442 dixerunt,
1606 378 1760 431 velut
1804 377 2103 433 haereticos
2139 378 2186 430 Α
2214 373 2557 428 discretione
2591 369 2932 442 providenda
2961 373 3047 422 est
3080 384 3092 421 :
3124 367 3202 420 ita
3237 366 3324 420 his
3352 368 3561 437 quibus
3591 383 3746 421 mors
3822 368 3967 421 im-

419 464 659 519 Ecclesia
692 466 965 518 detestata
998 470 1103 517 est.
2222 463 2395 516 minet
2456 461 2572 514 sive
2626 460 2740 512 ulla
2792 458 3065 511 dilatione
3108 455 3422 519 offerenda,
3482 455 3693 509 nedum
3735 456 3975 510 adimo

489 553 645 607 Sicut
676 555 731 607 Β.
757 553 1109 622 Augustinus
1142 552 1199 605 in
1230 552 1377 606 libro
1412 570 1584 623 quem
1632 553 1699 606 ad
1754 553 2113 607 Vincentium
2220 556 2449 620 tempus
2517 550 2585 601 ad
2653 546 3029 618 prmbendum
3094 542 3504 613 redemptionis
3584 544 3973 614 mysterium

418 642 699 696 Victorem
743 642 968 710 scripsit
998 641 1104 711 (De
1141 643 1350 706 origine
1401 643 1634 707 Animae,
1683 644 1716 694 ι.
1773 658 1853 709 ιιι,
1899 657 1947 695 c.
2002 644 2109 705 12),
2223 640 2518 710 quaeritur,
2556 635 2968 690 interveniente
2993 633 3287 704 paululum
3322 632 3775 701 mora,inveniri
3817 648 3972 686 non

416 729 875 784 manifestissime
920 729 1189 795 ostendit,
1245 729 1438 782 dicens
1474 746 1485 782 :
1526 728 1675 801 [Noli
1722 730 1974 794 credere,
2010 748 2113 782 nec
2223 729 2407 781 valeat
2438 727 2537 797 qui
2564 724 2923 793 redimatur.]

416 818 624 883 dicere,
654 833 757 871 nec
800 820 1001 871 docere
1051 837 1078 868 (ι
1122 816 1459 870 sacriﬁcium
1505 817 1962 871 Christianorum
2010 833 2113 887 pro
2292 819 2399 871 Pro
2442 815 2554 869 illis
2601 819 2797 868 tamen
2848 810 3115 865 omnibus
3163 808 3263 880 qui
3311 825 3374 863 ex
3417 824 3566 879 aqua
3614 812 3668 862 et
3706 808 3969 878 Spiritu

414 905 500 959 his
550 906 648 976 qui
699 921 812 958 non
860 904 1130 974 baptizati
1163 903 1230 957 de
1263 920 1499 973 corpore
1548 904 1807 970 exierint,
1860 904 2112 959 oﬂ‘eren-
2223 904 2566 974 regenerati,
2615 918 2679 956 ac
2734 917 2836 971 per
2885 901 2993 953 hoc
3042 898 3300 952 Ecclesia?
3362 897 3734 967 incorporati,
3795 914 3965 950 cum

413 993 571 1060 dum,
605 1014 632 1043 ››
665 992 711 1046 si
739 992 819 1045 vis
871 1009 991 1046 esse
1036 992 1385 1045 catholicus:
1431 994 1565 1062 quia
1624 1009 1728 1046 nec
1774 993 1915 1047 illud
1960 993 2111 1063 quod
2222 995 2430 1063 pietate
2462 991 2868 1046 dormitionem
2901 991 3261 1056 acceperunt,
3300 986 3634 1039 solemniter
3666 990 3722 1039 et
3750 1000 3965 1055 gene-

414 1083 482 1136 de
534 1082 984 1136 Machabzeorum
1042 1080 1202 1133 libris
1262 1082 1330 1149 (Il
1378 1082 1555 1135 Much.
1599 1082 1697 1150 xu)
1759 1097 2111 1135 commemo-
2224 1082 2416 1135 raliter
2471 1077 2808 1133 universalis
2851 1080 3038 1130 servat
3089 1081 3143 1127 et
3189 1090 3423 1144 prorsus
3477 1089 3699 1127 servare
3754 1074 3965 1128 debet

3798 240 3977 291 1128

417 1171 557 1226 rasti
584 1170 927 1224 sacriﬁcium
954 1170 1279 1222 Judazorum
1315 1185 1417 1238 pro
1474 1169 1563 1223 his
1595 1170 1691 1238 qui
1738 1186 1852 1222 non
1883 1170 2115 1223 circum-

415 1260 515 1313 cisi
546 1259 615 1313 de
647 1274 885 1327 corpore
930 1258 1206 1323 exierant,
1256 1258 1501 1311 ostendit
1555 1259 1835 1311 oblatum.
1889 1258 1951 1312 In
2000 1274 2115 1329 qua

415 1352 513 1401 tua
553 1347 835 1399 sententia
874 1350 989 1398 tam
1052 1362 1219 1411 nova,
1283 1351 1335 1399 et
1387 1351 1583 1399 contra
1644 1346 1906 1400 Ecclesiae
1938 1346 2113 1399 totius

418 1434 811 1499 auctoritatem
866 1433 1345 1503 disciplinamque
1410 1435 1634 1503 prolata
1697 1435 1872 1488 verbo
1939 1435 2113 1487 etiam

416 1522 858 1575 insolentissimo
892 1538 1024 1573 usus
1056 1538 1132 1587 es,
1164 1522 1357 1575 dicens
1389 1539 1401 1575 :
1445 1545 1463 1568 u
1494 1524 1602 1575 Pro
1634 1523 1721 1576 his
1751 1522 1943 1591 itaque
1965 1523 2114 1575 oblu-

416 1610 604 1664 tiones
642 1609 915 1675 assiduas,
951 1615 1007 1661 et
1038 1609 1329 1663 otl'erenda
1352 1610 1575 1678 jugitcr
1603 1616 1927 1663 sanctorum
1950 1610 2117 1663 sacri-

2222 1170 2485 1234 Ecclesia,
2549 1173 2612 1221 ut
2696 1167 2845 1219 inter
2919 1166 3014 1218 illa
3081 1168 3457 1217 sacrosancta:
3518 1163 3955 1217 immolatione

2224 1257 2491 1328 mysteria
2529 1272 2630 1309 suo
2659 1256 2779 1308 loco
2813 1259 2981 1323 atque
3012 1252 3211 1306 ordine
3241 1252 3356 1306 sive
3382 1252 3748 1316 nominatim,
3810 1252 3960 1305 sive

2222 1346 2408 1400 tacitis
2474 1342 2802 1398 nominibus
2856 1341 3102 1395 ﬁdeliter
3150 1346 3717 1394 commemorentur:
3799 1357 3958 1393 vere

2222 1450 2472 1503 namque
2502 1433 2571 1485 ad
2602 1429 3040 1501 plenitudinem,
3091 1433 3146 1481 et
3186 1428 3460 1482 unitatem
3505 1427 3765 1480 Ecclesia:
3812 1444 3965 1497 per-

2222 1524 2427 1587 tinent,
2482 1537 2585 1574 nec
2634 1520 2703 1573 ab
2761 1518 2858 1571 illa
2889 1519 2974 1571 vel
3016 1522 3201 1570 morte
3250 1516 3501 1586 separari
3552 1520 3819 1585 possunt.
3870 1520 3960 1571 De

2225 1610 2519 1682 quibusin
2565 1610 2802 1662 Domino
2832 1608 3088 1669 mortuis,
3123 1611 3179 1660 et
3237 1622 3365 1659 cum
3418 1606 3659 1659 Domino
3698 1606 3962 1659 viventi-

416 1699 544 1753 ﬁcia
594 1671 949 1751 sacerdotum
1001 1713 1223 1751 censeo.
1274 1698 1323 1768 η]
1353 1671 1604 1752 ῘιιΠΙὶΙπο
1666 1715 1897 1768 quoque
1943 1714 2114 1767 quem
2153 1671 2195 1725 Β
2230 1671 2332 1754 bus
2376 1700 2572 1753 beatus
2617 1700 2865 1751 Joannes
2914 1696 2972 1748 in
3012 1697 3354 1765 Apocalypsi
3410 1695 3651 1747 scribit:
3702 1716 3729 1742 ‹‹
3768 1695 3956 1748 Beati

417 1786 615 1840 scribit
662 1786 729 1839 ad
775 1787 1009 1839 Petrum
1058 1786 1460 1856 presbyterum
1508 1793 1705 1840 contra
1732 1787 1940 1856 scripta
1973 1788 2119 1857 ejus-

419 1875 549 1929 dem
581 1873 866 1927 Vincentii
898 1874 1154 1941 Victoris,
1190 1874 1266 1927 ita
1299 1891 1429 1927 eum
1458 1876 1751 1944 redarguit
1787 1876 1923 1943 (Id.,
1958 1876 2116 1940 ibid.,

417 1962 457 2016 l.
490 1979 548 2029 ιι,
582 1979 630 2015 c.
668 1962 754 2033 15)
799 1979 810 2015 :
844 1962 1110 2033 [Tantum
1168 1962 1320 2015 enim
1354 1964 1552 2017 salutis
1584 1970 1639 2017 et
1668 1964 1952 2018 felicitatis
2007 1979 2119 2016 non

418 2050 718 2119 baptizatis
750 2050 1001 2120 parvulis
1055 2050 1276 2115 tribuit,
1336 2058 1617 2121 quantum
1667 2068 1769 2104 nec
1815 2051 2121 2122 Pelagiana

420 2139 653 2193 haeresis
698 2138 928 2209 potuit.]
987 2138 1051 2191 Et
1101 2143 1227 2208 post
1271 2140 1568 2208 paululum
1620 2140 1688 2193 de
1737 2139 1948 2193 eisdem
2006 2156 2121 2193 non

420 2227 721 2298 baptizatis
767 2226 1069 2297 parvulis:
1109 2224 1206 2296 [Ne
1255 2227 1578 2298 quisquam,
1630 2228 1842 2299 inquit,
1892 2244 1998 2297 pro
2041 2230 2121 2283 eis

422 2317 632 2371 obtulit
658 2318 747 2370 vel
779 2317 1078 2370 oblaturus
1114 2320 1197 2368 est
1224 2317 1584 2383 sacriﬁcium,
1621 2318 1768 2387 quod
1811 2317 1916 2370 iste
1946 2317 2121 2372 etiam

423 2420 527 2475 pro
559 2422 673 2458 non
703 2406 1003 2475 baptizatis
1035 2404 1256 2457 censuit
1285 2406 1685 2476 offerendum]
1723 2408 1785 2460 Et
1810 2409 1938 2475 post
1979 2422 2120 2475 pau-

423 2507 510 2559 ca,
544 2492 612 2545 de
643 2493 846 2546 eodem
907 2493 1199 2548 Vincentio
1233 2510 1244 2522 ·
1289 2493 1421 2563 [Aut
1448 2495 1706 2563 omnino,
1740 2497 1947 2568 inquit,
1999 2498 2123 2551 hm-

423 2578 590 2645 rebit,
622 2583 720 2633 aut
747 2580 916 2634 simul
950 2598 1053 2651 pro
1085 2582 1353 2635 omnibus
1385 2583 1654 2651 parvulis,
1690 2586 1789 2654 qui
1838 2591 1955 2639 toto
1986 2587 2122 2639 orbe

424 2673 710 2722 terrarum
764 2670 886 2723 sine
936 2671 1144 2724 Christi
1208 2672 1493 2741 baptismo
1552 2673 1896 2741 moriuntur,
1950 2676 2122 2728 etiam

427 2771 628 2809 eorum
682 2756 1006 2809 nominibus
1065 2758 1271 2826 tacitis,
1329 2758 1601 2829 quoniam
1658 2762 2007 2825 nesciuntur,
2065 2763 2123 2816 in

427 2843 673 2898 Ecclesia
737 2845 942 2899 Christi
1000 2863 1113 2900 non
1170 2847 1570 2916 incorporatis,
1647 2867 1851 2920 corpus
1916 2851 2123 2905 Christi

426 2933 737 3000 offerendo,
789 2950 994 3004 corpus
1042 2936 1251 2990 Christi
1303 2953 1423 2989 esse
1472 2938 1768 3008 censebit.]
1826 2942 1954 2993 Post
2003 2941 2124 2994 hinc

427 3020 721 3090 subjungit
772 3021 840 3074 ad
880 3024 999 3091 jam
1048 3022 1262 3076 dictum
1309 3023 1539 3075 Petrum
1594 3025 1989 3094 presbyterum
2038 3027 2121 3079 lo-

429 3124 613 3179 quens
650 3108 779 3178 (Id.,
814 3109 972 3177 ibid.,
1006 3127 1054 3162 c.
1093 3112 1179 3177 16)
1220 3127 1231 3163 :
1273 3109 1448 3181 [Absit
1479 3116 1610 3174 ate,
1641 3111 1836 3180 frater,
1887 3119 1948 3167 ut
2002 3115 2125 3168 haec

431 3196 534 3250 tibi
564 3197 846 3265 placeant.
883 3198 1041 3251 Absit
1087 3203 1151 3252 ut
1183 3198 1292 3252 ista
1323 3199 1409 3251 vel
1461 3198 1723 3252 didicisse
1767 3204 1821 3255 te
1854 3201 2122 3270 gaudeas,

427 3285 514 3338 vel
548 3285 750 3339 docere
780 3287 1142 3356 praesumens]

502 3373 576 3425 Ex
634 3373 722 3425 his
808 3372 990 3426 verbis
1074 3372 1254 3425 sancti
1333 3372 1580 3426 doctoris
1666 3373 2126 3427 manifestissime

429 3467 701 3514 docemur
758 3466 822 3514 ut
876 3475 979 3530 pro
1037 3461 1124 3513 his
1176 3465 1422 3529 tantum,
1474 3460 1573 3531 qui
1623 3461 1907 3531 baptismo
1964 3462 2127 3517 Chri-

430 3546 501 3600 sti
586 3548 905 3617 regenerati
984 3548 1423 3618 incorporantur
1488 3548 1768 3616 Ecclesim,
1847 3564 1974 3619 quas
2044 3555 2129 3604 est

430 3650 639 3706 corpus
700 3637 931 3701 Christi,
1011 3653 1216 3707 corpus
1320 3636 1529 3691 Christi
1624 3638 1826 3691 debeat
1910 3639 2123 3692 otferri.

430 3724 494 3778 Et
546 3725 805 3794 quisquis
851 3742 954 3794 pro
1000 3726 1080 3779 eis
1134 3726 1234 3796 qui
1293 3726 1531 3780 minime
1595 3733 1731 3780 sunt
1783 3729 2123 3796 regenerati,

431 3827 533 3866 nec
597 3828 807 3882 corpus
865 3813 1075 3868 Christi
1122 3814 1327 3878 effecti,
1387 3815 1522 3867 dicit
1579 3814 1717 3868 illud
1784 3816 2127 3869 sacriﬁcium

432 3899 812 3965 offerendum,
872 3906 1067 3954 censet
1127 3916 1226 3953 eos
1279 3917 1399 3953 esse
1467 3918 1669 3972 corpus
1732 3902 1957 3969 Christi,
2028 3904 2128 3973 qui

429 4002 729 4057 nunquam
785 3987 1130 4057 incorporati
1175 3994 1307 4042 sunt
1360 3989 1631 4042 membris
1681 3990 1908 4043 Christi.
1970 3992 2129 4045 Unde

428 4075 520 4146 pie
580 4076 685 4129 hoc
734 4076 995 4129 observat
1040 4081 1233 4130 sancta
1282 4082 1468 4131 mater
1522 4078 1786 4143 Ecclesia,
1836 4095 1965 4149 quin
2023 4097 2128 4151 pro

429 4165 873 4231 catechumenis,
946 4164 1060 4219 sive
1121 4166 1389 4236 parvulis,
1454 4167 1567 4219 sive
1624 4167 1859 4233 majoris
1926 4170 2129 4233 aetatis,

2226 1787 2435 1841 mortui
2471 1786 2567 1857 qui
2596 1786 2653 1839 in
2690 1785 2930 1840 Domino
2963 1784 3307 1837 moriuntur.
3354 1782 3576 1835 Amodo
3620 1781 3757 1835 dicit
3804 1782 3954 1850 Spi-

2228 1876 2390 1942 ritus,
2424 1880 2488 1928 ut
2532 1873 2887 1944 requiescant
2917 1889 2949 1925 a
2989 1872 3280 1925 laboribus
3334 1871 3487 1923 suis:
3535 1886 3707 1940 Opera
3768 1872 3952 1923 enim

2229 1966 2481 2035 ipsorum
2507 1968 2828 2033 sequuntur
2860 1962 2988 2014 illos
3018 1961 3211 2030 (Apoc.
3244 1975 3355 2027 xxv,
3400 1960 3501 2028 l3).
3542 1981 3567 2008 n
3602 1961 3664 2013 Et
3717 1960 3949 2013 beatus

2232 2053 2436 2107 Paulus
2468 2051 2757 2120 apostolus
2795 2049 2900 2102 sub
2940 2048 3174 2101 nomine
3225 2067 3251 2097 ι(
3278 2047 3691 2116 vigilantium»
3737 2047 3959 2100 νὶνθηο

2228 2147 2332 2207 tes,
2381 2140 2484 2193 sub
2537 2138 2768 2192 nomine
2821 2142 3013 2190 autem
3053 2156 3080 2187 α
3115 2135 3527 2189 dormientium
3563 2155 3589 2185 ι)
3624 2136 3949 2188 defunctos

2229 2229 2424 2284 ﬁdeles
2472 2228 2669 2281 volens
2720 2226 2986 2296 intelligi,
3044 2226 3111 2279 ad
3159 2224 3689 2279 Thessalonicenses
3742 2224 3947 2277 dicit:

2232 2316 2568 2380 «Quoniam
2619 2331 2734 2368 non
2784 2314 2976 2384 posuit
3027 2329 3129 2366 nos
3175 2313 3324 2378 Deus
3380 2312 3438 2364 in
3500 2310 3667 2375 iram,
3722 2313 3829 2365 sed
3888 2312 3951 2363 in

2231 2405 2668 2475 acquisitionem
2701 2403 2897 2456 salutis
2927 2418 3029 2472 per
3058 2401 3362 2455 Dominum
3415 2405 3673 2453 nostrum
3708 2401 3946 2467 Iesum,

2231 2496 2332 2565 qui
2361 2499 2620 2547 mortuus
2652 2497 2733 2546 est
2784 2508 2886 2561 pro
2920 2491 3086 2545 nobis
3120 2508 3133 2557 ;
3179 2495 3244 2543 ut
3295 2490 3411 2543 sive
3458 2490 3783 2558 vigilemus,
3824 2490 3949 2542 sive

2230 2584 2601 2647 dormiamus,
2648 2581 2818 2635 simul
2852 2596 2981 2633 cum
3018 2580 3115 2632 illo
3148 2578 3406 2631 vivamus
3449 2580 3507 2648 (Ι
3554 2579 3735 2632 Thess.
3792 2595 3852 2646 v,
3892 2583 3948 2643 9,

2235 2674 2343 2742 10).
2376 2693 2403 2719 ››
2442 2673 2504 2724 Et
2533 2671 2741 2723 iterum
2783 2668 2918 2721 alibi
2953 2684 2965 2721 :
3003 2690 3029 2716 ‹‹
3064 2668 3242 2720 Nemo
3292 2668 3447 2721 enim
3498 2671 3760 2721 nostrum
3828 2668 3946 2723 sibi

2231 2759 2387 2825 vivit,
2440 2763 2495 2811 et
2538 2774 2707 2811 nemo
2764 2755 2871 2809 sibi
2920 2755 3208 2809 moritur:
3282 2755 3396 2808 sive
3450 2755 3604 2808 enim
3663 2755 3945 2822 vivimus,

2234 2848 2475 2902 Domino
2506 2846 2787 2912 vivimus;
2821 2844 2932 2897 sive
2984 2844 3283 2908 morimur,
3329 2844 3570 2897 Domino
3605 2845 3941 2911 morimur;

2232 2936 2347 2990 sive
2380 2952 2516 3005 ergo
2556 2935 2821 3001 vivimus,
2858 2933 2971 2986 sive
3012 2932 3310 2997 morimur,
3351 2932 3579 2985 Domini
3612 2948 3839 2987 sumus.
3880 2935 3945 2989 In

2234 3025 2339 3078 hoc
2379 3024 2532 3077 enim
2568 3022 2821 3076 Christus
2852 3025 3115 3073 mortuus
3147 3024 3249 3083 est,
3306 3024 3360 3073 et
3404 3018 3735 3084 resurrexit,
3787 3023 3859 3072 ut
3889 3022 3949 3071 et

2235 3117 2595 3166 mortuorum
2655 3115 2710 3163 et
2755 3109 3005 3163 vivorum
3069 3108 3399 3163 dominetur
3464 3107 3635 3177 (Rom.
3698 3122 3818 3174 xxv,
3881 3112 3943 3161 7-

2235 3204 2284 3255 9.
2318 3220 2345 3249 s
2374 3200 2518 3255 Hinc
2544 3202 2629 3252 est
2657 3197 2813 3267 quod
2845 3198 2903 3250 in
2933 3198 3031 3250 illa
3076 3197 3226 3250 beati
3258 3196 3475 3250 actione
3532 3196 3815 3265 mysterii,
3878 3211 3946 3249 ex

2243 3289 2581 3343 auctoritate
2615 3286 2811 3357 utique
2838 3286 3050 3351 divina,
3109 3290 3162 3339 et
3214 3285 3521 3339 traditione
3543 3284 3863 3354 apostolica
3890 3288 3946 3337 et

2235 3375 2441 3428 sanctis
2484 3374 2747 3428 Patribus
2776 3373 2959 3426 oratio
3008 3389 3112 3441 pro
3164 3370 3444 3425 defunctis
3493 3370 3759 3424 ﬁdelibus
3806 3386 3942 3441 spe-

2235 3462 2455 3515 cialiter
2506 3461 2690 3530 posita
2738 3466 2842 3528 est,
2893 3476 3021 3531 quas
3071 3460 3152 3514 ita
3199 3477 3255 3513 se
3306 3459 3479 3513 habet
3527 3475 3539 3512 :
3590 3480 3612 3509 ι
3650 3459 3941 3513 Memento

2238 3549 2436 3614 etiam,
2471 3547 2738 3615 Domine,
2771 3546 3118 3600 famulorum
3168 3548 3633 3616 famularumque
3677 3552 3937 3607 tuarum,

2237 3637 2337 3709 qui
2376 3651 2483 3690 nos
2530 3642 2941 3706 praecesserunt
2976 3652 3104 3691 cum
3142 3637 3306 3708 signo
3347 3636 3501 3704 ﬁdei,
3538 3639 3593 3689 et
3639 3635 3941 3689 dormiunt

2237 3727 2296 3780 in
2329 3741 2552 3779 sommo
2579 3724 2752 3795 pacis,
2790 3747 2810 3772 ιι
2850 3730 2955 3791 etc,

2307 3814 2472 3878 Quod
2502 3818 2687 3867 totum
2715 3812 2795 3867 ita
2826 3815 2897 3867 ab
2930 3813 3095 3867 initio
3128 3814 3185 3867 in
3234 3813 3495 3878 Ecclesia,
3539 3816 3595 3866 et
3635 3812 3705 3865 ab
3749 3812 3937 3866 Eccle-

2238 3904 2322 3957 sia
2372 3901 2734 3956 uniformiter
2781 3919 2845 3955 ac
2894 3902 3152 3972 legitime
3201 3901 3562 3955 observatum
3617 3916 3736 3954 esse
3779 3915 3937 3953 com-

2239 3992 2474 4065 mendat
2504 3990 2940 4061 diligentissime
2978 3990 3339 4044 beatissimus
3372 3991 3538 4043 Pater
3582 3989 3937 4058 Augustinus

2238 4081 2298 4134 in
2338 4081 2481 4133 libro
2514 4080 2582 4133 de
2628 4081 2777 4135 Cura
2815 4095 2919 4150 pro
2966 4078 3205 4131 mortuis
3249 4078 3520 4146 gerenda,
3567 4076 3645 4129 ita
3692 4075 3887 4129 dicens
3922 4093 3933 4128 :

2240 4168 2388 4237 [Non
2415 4172 2549 4220 sunt
2592 4165 3092 4237 prmtermittendae
3142 4162 3587 4233 supplicationes
3630 4178 3733 4231 pro
3766 4160 3936 4231 spiri-

436 4244 547 4305 nisi
568 4257 869 4321 postquam
904 4253 1117 4306 fuerint
1150 4254 1473 4322 regenerati
1513 4254 1572 4307 in
1606 4254 1847 4320 Christo,
1901 4272 2010 4309 non
2042 4258 2124 4310 of-
2168 4257 2387 4325 Dtibus
2435 4260 2814 4321 mortuorum,
2873 4269 3013 4323 quas
3068 4251 3356 4305 faciendas
3406 4267 3509 4320 pro
3557 4249 3826 4303 omnibus
3875 4248 3936 4301 in

429 4339 538 4392 fert
563 4340 903 4393 sacriﬁcium
935 4341 1161 4402 Christi,
1222 4346 1277 4393 et
1309 4346 1445 4393 tunc
1494 4342 1750 4411 primum
1796 4358 1925 4396 cum
1968 4360 2127 4415 rege-

431 4430 704 4479 nerantur
762 4426 819 4478 in
861 4426 1149 4480 oblatione
1201 4427 1517 4493 Dominica,
1573 4429 1742 4482 etiam
1808 4432 2129 4501 specialiter

431 4529 631 4567 eorum
718 4514 1055 4567 memoriam
1141 4516 1505 4586 frequentare
1588 4518 1810 4588 incipit,
1873 4520 2123 4575 dicens:

434 4622 461 4653 α
496 4589 649 4655 Hanc
696 4601 873 4671 igitur
919 4603 1267 4658 oblationem
1309 4606 1597 4659 servitutis
1639 4613 1870 4671 nostrze,
1923 4611 2019 4664 sed
2075 4616 2130 4665 et

432 4695 650 4745 cunctas
706 4690 938 4744 familiae
980 4696 1109 4759 tuas,
1163 4709 1336 4763 quam
1386 4693 1489 4747 tibi
1549 4694 1841 4748 offerimus
1886 4710 1990 4763 pro
2043 4693 2130 4746 his

432 4796 659 4851 quoque
693 4796 836 4851 quos
868 4795 1207 4850 regenerare
1238 4782 1500 4852 dignatus
1534 4799 1591 4836 es
1623 4799 1687 4836 ex
1720 4800 1869 4853 aqua
1899 4787 1954 4835 et
2004 4781 2130 4851 Spi-

434 4869 544 4921 ritu
560 4875 776 4937 sancto,
803 4885 1151 4940 quaesumus,
1178 4871 1439 4938 Domine,
1463 4870 2074 4939 utplacatusaccipias,
2102 4892 2129 4918 ››

434 4962 541 5011 etc.
599 4958 791 5012 Gratia
844 4974 1091 5030 namque
1146 4958 1557 5028 redemptionis
1606 4960 1833 5026 Christi,
1886 4964 1941 5013 et
2002 4966 2133 5014 ante

436 5047 786 5116 baptismum
821 5049 1147 5102 nullatenus
1179 5046 1475 5115 accipitur,
1508 5065 1693 5119 neque
1744 5049 1851 5114 his,
1886 5049 1985 5121 qui
2014 5047 2135 5103 sine

435 5136 717 5206 baptismo
766 5136 834 5189 de
874 5153 1109 5206 corpore
1151 5140 1377 5200 exeunt,
1422 5136 1708 5189 ullatenus
1758 5138 1882 5190 dari
1932 5142 2132 5207 potest.

438 5223 595 5277 Sicut
626 5228 680 5277 et
728 5228 846 5276 tota
901 5224 1164 5278 observat
1212 5223 1472 5277 Ecclesia.
1510 5225 1573 5277 Et
1616 5224 1676 5276 B.
1733 5225 2037 5294 Gregorius
2069 5225 2139 5279 ad

438 5312 700 5365 consulta
759 5312 1065 5381 Augustini
1122 5314 1490 5383 respondens,
1551 5312 1798 5366 breviter
1865 5314 2134 5380 ostendit,

444 5398 634 5452 dicens
662 5401 921 5470 (Registr.
967 5400 1063 5455 lib.
1108 5405 1201 5468 xu)
1235 5418 1248 5455 :
1286 5402 1499 5470 [Sancti
1540 5401 1794 5469 mysterii
1828 5402 2029 5471 gratia,
2064 5403 2138 5455 si-

442 5490 539 5538 cut
602 5487 920 5542 viventibus
986 5494 1157 5559 atque
1210 5488 1666 5544 discernentibus
1727 5504 1858 5544 cum
1933 5506 2144 5560 magna

2236 4344 2577 4410 Christiana,
2636 4349 2690 4397 et
2745 4342 3025 4397 catholica
3070 4340 3337 4394 societate
3387 4340 3691 4403 defunctis,
3761 4337 3934 4390 etiam

2234 4433 2417 4489 tacitis
2470 4430 2802 4486 nominibus
2864 4446 3082 4493 eorum,
3133 4426 3237 4482 sub
3286 4428 3539 4498 generali
3584 4440 3935 4480 commemo-
4037 4476 4039 4491 ,

2237 4522 2459 4577 ratione
2510 4520 2762 4589 suscepit
2802 4518 3081 4583 Ecclesia;
3134 4522 3195 4571 ut
3237 4517 3445 4587 quibus
3482 4517 3552 4570 ad
3588 4516 3695 4569 ista
3728 4514 3939 4567 desunt
4026 4546 4039 4576 νς

2237 4614 2524 4680 parentes,
2558 4613 2656 4662 aut
2687 4608 2809 4671 ﬁlii,
2847 4611 2943 4660 aut
2986 4606 3314 4676 quicunque
3351 4605 3578 4675 cognati
3613 4603 3699 4657 vel
3741 4601 3931 4667 amici,

2241 4699 2310 4752 ab
2344 4715 2455 4751 una
2488 4700 2567 4751 eis
2597 4696 2931 4750 exhibeatur
2958 4695 3054 4764 pia
3084 4698 3263 4747 matre
3295 4692 3633 4763 communi.J

2312 4788 2377 4840 Et
2405 4792 2531 4856 post
2582 4786 2814 4855 aliqua:
2859 4782 3013 4855 [Quae
3066 4800 3195 4838 cum
3256 4783 3333 4837 ita
3382 4783 3513 4843 sint,
3566 4780 3771 4851 inquit,
3822 4794 3935 4832 non

2240 4877 2634 4931 existimemus
2669 4874 2740 4929 ad
2773 4878 3030 4928 mortuos
3060 4890 3163 4944 pro
3205 4873 3412 4943 quibus
3442 4874 3649 4937 {curam
3682 4869 3935 4939 gerimus
4020 4894 4039 4935 χι

2241 4964 2563 5034 pervenire,
2593 4962 2704 5016 nisi
2731 4962 2882 5033 quod
2931 4979 3036 5033 pro
3065 4962 3145 5015 eis
3178 4962 3293 5014 sive
3326 4960 3540 5027 altaris,
3573 4960 3687 5011 sive
3723 4957 3934 5011 oratio—

2246 5068 2403 5118 num,
2442 5052 2558 5105 sive
2600 5052 3092 5123 eleemosynarum
3133 5047 3396 5103 sacriﬁcii
3438 5046 3774 5101 solemniter
3812 5060 3935 5114 sup-
4020 5072 4025 5103 ;

2246 5142 2558 5212 plicamus;
2606 5141 2866 5211 quamvis
2910 5157 3025 5194 non
3074 5155 3179 5210 pro
3227 5138 3434 5209 quibus
3484 5136 3630 5191 ﬁunt
3673 5135 3934 5189 omnibus

2245 5228 2486 5298 prosint,
2553 5228 2651 5281 sed
2713 5228 2792 5281 eis
2821 5232 3076 5289 tantum,
3132 5244 3236 5298 pro
3294 5226 3505 5297 quibus
3563 5224 3701 5278 dum
3749 5223 3936 5276 vivunt
4028 5254 4033 5287 ;

2251 5319 2620 5387 comparatur
2652 5322 2718 5369 ut
2744 5319 2987 5386 prosint.
3009 5317 3118 5372 Sed
3145 5316 3276 5386 quia
3299 5332 3414 5369 non
3441 5313 3813 5369 discernimus
3841 5310 3934 5381 qui
4014 5348 4040 5381 μί

2249 5402 2382 5469 sint,
2412 5408 2641 5473 oportet
2676 5420 2741 5457 ea
2782 5420 2888 5475 pro
2934 5405 3283 5474 regeneratis
3324 5402 3591 5456 omnibus
3630 5402 3811 5455 facere
3838 5415 3850 5452 :
3876 5401 3935 5450 ut
4018 5432 4039 5471 η

2250 5491 2444 5546 nullus
2477 5508 2675 5547 eorum
2715 5494 3211 5563 praetermittatur,
3246 5492 3312 5547 ad
3348 5508 3489 5563 quos
3518 5492 3640 5545 haec
3670 5485 3931 5543 beneﬁcia
4014 5518 4039 5561 ξε
