4096 6186
130 247 266 298 1129

1222 244 1311 300 DE
1353 245 1677 301 TENENDA
1718 245 2132 302 SCRIPTUR/E
2171 248 2543 305 VERITATE.

3492 262 3631 315 H30

126 382 353 457 possint
404 386 460 433 et
502 381 745 435 debeant
786 380 1103 449 pervenire.
1161 380 1360 435 Melius
1409 375 1567 434 enim’
1613 398 1818 451 super-
1857 390 1902 441 Α
1934 382 2241 451 dulgentia
2283 385 2515 453 expiati,
2550 390 2605 437 et
2636 402 2666 437 a
2693 390 2852 440 reatu
2903 388 3115 455 delicti,
3168 395 3225 443 et
3254 407 3287 443 a
3328 392 3632 449 dominatu

124 476 297 522 erunt
328 470 434 522 ista
467 470 571 536 eis,
606 470 811 537 quibus
840 484 941 520 nec
968 469 1175 521 obsunt
1208 486 1309 522 nec
1344 475 1604 540 prosunt,
1650 486 1823 540 quam

124 557 206 609 eis
236 557 482 610 deerunt
511 557 725 627 quibus
752 555 1028 627 prosunt.)

197 646 269 698 Ex
293 646 381 699 his
405 647 579 714 igitur
599 645 867 698 omnibus
886 645 1190 713 diligenter
1213 661 1273 697 ac
1293 643 1535 697 ﬁdeliter
1560 646 1820 700 conside-

122 734 261 786 ratis
290 734 605 787 certissime
637 740 692 786 et
717 735 1029 786 clarissime
1062 734 1386 786 ostenditur
1419 751 1519 802 pro
1556 735 1824 788 omnibus

120 822 391 875 ﬁdelibus
437 822 664 888 Christi,
707 821 805 892 qui
854 822 1106 885 fuerunt,
1151 828 1249 874 aut
1301 828 1452 886 sunt,
1498 824 1582 876 vel
1632 828 1821 891 erunt,

120 909 332 963 factam
364 926 489 963 ecce
522 910 845 979 passionem
885 911 1115 963 Christi.
1163 911 1268 962 Pro
1300 910 1568 964 ﬁdelibus
1617 912 1825 966 Christi

123 998 319 1053 offerri
350 999 690 1052 sacriﬁcium
745 998 988 1063 Christi;
1037 1014 1138 1067 pro
1176 1014 1412 1068 corpore
1459 1000 1667 1054 Christi
1715 1001 1822 1054 im-

124 1087 333 1140 molari
363 1104 569 1157 corpus
602 1087 831 1140 Christi.
866 1088 940 1140 De
971 1087 1058 1139 his
1092 1102 1245 1151 vero,
1279 1087 1379 1157 qui
1422 1087 1607 1140 adhuc
1638 1089 1694 1141 in
1730 1088 1818 1141 in-

122 1176 403 1230 ﬁdelitate
452 1181 623 1246 atque
688 1176 984 1247 impietate
1043 1176 1392 1243 detinentur,
1452 1178 1822 1232 manifestum

126 1268 209 1316 est
264 1280 334 1317 ex
382 1266 581 1332 regula
634 1263 767 1317 ﬁdei
818 1265 968 1333 quod
1021 1265 1371 1334 quicumque
1416 1282 1480 1317 ex
1528 1266 1666 1334 ipsis
1724 1283 1823 1336 per

130 1352 225 1404 Dei
264 1352 509 1420 gratiam
541 1352 755 1405 fuerint
793 1354 863 1405 ad
896 1350 1071 1404 ﬁdem
1110 1354 1388 1415 conversi,
1424 1356 1479 1405 et
1506 1352 1565 1405 in
1601 1354 1821 1408 Christo

126 1440 476 1508 regenerati,
525 1440 697 1493 etiam
746 1456 848 1509 pro
893 1438 1030 1509 ipsis
1070 1440 1457 1493 conlitendum
1498 1442 1570 1494 sit
1610 1441 1819 1495 factum

128 1545 267 1594 esse,
293 1529 445 1599 quod
480 1544 585 1597 pro
617 1528 885 1581 omnibus
915 1527 1183 1581 ﬁdelibus
1214 1529 1425 1582 factum
1457 1534 1701 1583 constat.
1747 1532 1820 1583 De

126 1618 347 1670 cateris
378 1632 533 1683 vero,
576 1619 673 1686 qui
704 1617 762 1669 in
794 1618 914 1686 ipsa
953 1616 1289 1670 inﬁdelitate
1324 1624 1494 1686 atque
1526 1619 1821 1687 impietate

127 1722 229 1757 sua
286 1711 716 1774 perseverantes
773 1710 907 1757 sunt
973 1704 1234 1773 perituri,
1299 1705 1345 1757 si
1398 1706 1466 1758 de
1513 1706 1820 1774 Scriptura

126 1799 336 1847 sancta
364 1793 719 1858 auctoritate,
754 1794 905 1862 quod
935 1794 1105 1845 etiam
1152 1809 1255 1861 pro
1289 1792 1495 1845 talibus
1544 1794 1822 1847 Dominus

127 1897 327 1951 passus
360 1880 452 1946 sit,
486 1880 814 1932 certissimis
857 1884 914 1931 et
963 1880 1293 1932 clarissimis
1326 1881 1667 1933 testimoniis
1717 1898 1819 1933 no-

126 1970 211 2022 bis
256 1969 653 2022 demonstrare
687 1967 980 2038 potuerint
1024 1968 1158 2020 boni
1204 1968 1329 2034 Vtri,
1374 1969 1473 2038 qui
1508 1969 1641 2021 talia
1684 1970 1821 2023 deti-

126 2059 380 2121 nierunt,
414 2056 653 2126 dignum
696 2056 928 2109 omnino
974 2061 1057 2108 est
1086 2061 1147 2108 ut
1176 2056 1476 2109 credamus
1508 2063 1565 2110 et
1613 2073 1733 2110 nos.
1766 2058 1823 2111 Si

124 2162 259 2199 vero
294 2162 407 2199 non
440 2144 748 2214 potuerint,
786 2148 1007 2197 cessent
1038 2145 1385 2198 contendere
1426 2161 1529 2214 pro
1562 2160 1628 2197 eo
1670 2146 1821 2215 quod

126 2251 239 2287 non
275 2235 493 2304 legunt.
528 2234 743 2287 Pudeat
794 2248 891 2286 eos
937 2232 1175 2286 deﬁnire
1220 2233 1372 2302 quod
1422 2234 1694 2286 nesciunt.
1724 2234 1824 2286 Ti-

127 2330 321 2376 meant
348 2327 594 2375 statuere
624 2322 775 2391 quod
810 2322 1032 2375 nullum
1063 2327 1387 2375 sanctorum
1419 2324 1646 2375 Patrum
1679 2338 1819 2375 con-

126 2413 343 2478 cilium,
375 2410 600 2463 nullum
649 2408 973 2478 apostolica
1013 2408 1163 2462 sedis
1206 2409 1568 2477 pontiﬁcum,
1599 2410 1821 2462 nullum

126 2498 640 2553 ecclesiasticarum
699 2499 1033 2566 dogmatum
1087 2497 1379 2550 decretum
1428 2498 1698 2551 hactenus
1746 2498 1823 2550 in-

125 2586 662 2640 veniantstatuisse.
697 2586 855 2648 Quod
879 2590 933 2638 et
957 2586 1003 2638 si
1031 2586 1169 2655 quid
1204 2602 1237 2637 a
1262 2586 1472 2638 sanctis
1504 2590 1558 2638 et
1589 2601 1822 2638 venera-

127 2677 337 2729 bilibus
370 2675 630 2727 Ecclesia
671 2674 1002 2727 doctoribus
1039 2676 1122 2726 vel
1159 2674 1455 2743 scriptum,
1492 2674 1577 2726 vel
1609 2673 1823 2727 dictum

125 2766 278 2818 unde
298 2764 694 2834 hujuscemodi
719 2780 920 2817 sensus
940 2764 1160 2817 occasio
1184 2764 1331 2816 sumi
1357 2780 1518 2831 posse
1542 2763 1819 2829 videatur,

130 2852 464 2905 inveniunt:
504 2852 657 2904 salva
686 2868 884 2903 eorum
918 2850 1109 2904 debita
1142 2851 1481 2915 reverentia,
1519 2851 1825 2903 cohibeant

128 2959 182 2993 se
215 2941 423 3011 potius,
460 2946 514 2993 et
561 2940 897 2993 submittant
946 2956 1003 2992 se
1041 2940 1335 2993 humiliter
1380 2940 1586 2992 divina
1621 2944 1822 2991 aucto-
1863 2975 1904 3031 Ο

129 3030 320 3091 ritati;
366 3035 423 3081 et
476 3044 597 3081 rem
655 3033 769 3081 tam
830 3029 1150 3095 obscuram,
1210 3035 1439 3096 tamque
1494 3026 1821 3079 inusitatam

130 3117 337 3171 divina
388 3122 678 3169 reservent
723 3116 1019 3169 humiliter
1065 3116 1361 3184 majestati.
1414 3118 1528 3170 Hoc
1576 3130 1823 3185 namque

128 3212 181 3259 et
218 3229 237 3252 ι
272 3206 561 3258 Paschalis
606 3205 741 3273 agni
774 3226 795 3252 ι
832 3220 989 3257 sacra
1018 3205 1113 3257 illa
1162 3204 1410 3273 epulatio
1459 3204 1693 3272 mystice
1725 3218 1825 3256 no-

126 3292 211 3345 bis
270 3292 637 3345 commendat
684 3308 815 3345 cum
867 3292 1114 3345 dicitur:
1169 3292 1283 3344 «Si
1335 3291 1469 3359 quid
1528 3290 1822 3343 residuum

125 3381 315 3445 fuerit,
354 3381 475 3450 igni
507 3381 855 3434 comburetis
886 3380 1095 3445 (Exod.
1129 3396 1224 3443 xu,
1257 3378 1363 3447 t0),
1391 3400 1417 3425 ››
1450 3379 1596 3431 sicut
1625 3378 1822 3432 beatus

127 3472 416 3536 Gregorius
475 3469 705 3538 exponit
746 3468 970 3521 dicens:
1028 3467 1206 3533 [Quod
1258 3484 1324 3519 ex
1368 3483 1517 3535 agno
1566 3469 1825 3520 remanet

126 3558 247 3625 igni
277 3556 689 3621 comburimus,
725 3557 954 3626 quando
996 3555 1103 3608 hoc
1135 3555 1285 3625 quod
1316 3556 1384 3608 de
1428 3555 1699 3625 mysterio
1728 3555 1820 3608 In-

128 3645 468 3699 carnationis
501 3645 621 3715 ejus
666 3645 1005 3714 intelligere,
1050 3645 1137 3696 vel
1187 3649 1483 3713 penetrare
1532 3659 1648 3695 non
1694 3659 1821 3712 pos-

129 3752 345 3799 sumus,
394 3734 665 3803 potestati
710 3733 956 3802 Spiritus
1004 3733 1184 3785 sancti
1231 3732 1523 3785 humiliter
1569 3747 1820 3784 reserva-

128 3838 273 3887 mus,
312 3826 375 3874 ut
423 3838 540 3875 non
586 3821 827 3889 superbe
873 3820 1000 3889 quis
1045 3820 1254 3872 audeat
1292 3820 1376 3872 vel
1425 3826 1817 3883 contemnere,

129 3912 214 3963 vel
247 3910 589 3963 denuntiare
631 3909 785 3979 quod
830 3907 1118 3976 intelligit,
1160 3907 1255 3960 sed
1302 3908 1407 3960 hoc
1453 3906 1573 3975 igni
1611 3906 1815 3973 tradat,

130 4013 256 4051 cum
286 4002 479 4051 sancto
505 3996 743 4067 Spiritui
773 3994 1070 4066 reservat]

794 4156 1017 4210 CAPUT
1058 4155 1161 4208 XV.

680 4300 752 4350 De
784 4298 1072 4364 quaestimze
1101 4296 1278 4348 tertia.

198 4443 321 4495 Iam
352 4441 419 4494 de
453 4440 617 4492 tertia
647 4438 983 4508 quastione,
1014 4453 1125 4507 qua
1156 4435 1454 4489 deﬁnitum
1492 4438 1594 4497 est,
1628 4454 1656 4481 ‹‹
1680 4434 1821 4497 Quia

136 4530 275 4582 sicut
313 4528 571 4581 inﬁdeles
611 4526 975 4579 redimuntur
1006 4524 1273 4594 mysterio
1319 4521 1611 4591 sanguinis
1660 4522 1817 4576 Chri-

135 4618 222 4682 sti,
253 4618 332 4670 ita
362 4632 463 4669 nec
493 4616 689 4669 ﬁdeles
720 4613 1000 4683 redempti
1036 4618 1187 4679 sunt,
1221 4612 1321 4682 qui
1366 4627 1480 4664 non
1516 4611 1822 4664 habuerint

136 4722 255 4759 eam
286 4705 459 4758 ﬁdem
499 4726 518 4751 ‹
546 4719 675 4773 qua
715 4719 819 4773 per
858 4702 1227 4755 dilectionem
1274 4705 1543 4769 operatur
1575 4699 1720 4769 (Gal.
1765 4716 1819 4768 v,

136 4796 204 4864 6).
239 4815 265 4842 ››
298 4793 444 4857 Quid
493 4808 719 4845 necesse
760 4795 845 4844 est
888 4788 1106 4860 aliquid
1145 4788 1381 4842 dicere?
1421 4804 1551 4840 cum
1597 4804 1665 4841 ex
1712 4788 1819 4852 his,

136 4898 257 4952 qua
298 4896 470 4950 supra
506 4880 624 4948 jam
669 4878 814 4931 dicta
855 4883 1006 4942 sunt,
1053 4875 1513 4929 manifestissime
1553 4875 1823 4929 ostenda-

135 4975 243 5034 tur,
270 4974 327 5023 et
351 4969 617 5023 omnibus
643 4966 968 5020 inﬁdelibus
989 4965 1202 5018 nullam
1232 4980 1352 5017 esse
1371 4963 1822 5033 redemptionem

134 5058 190 5111 in
219 5056 466 5119 Christo,
502 5059 559 5109 et
585 5070 785 5108 omnes
820 5054 1031 5121 ﬁdeles,
1067 5052 1162 5122 qui
1187 5052 1431 5105 ﬁdeliter
1456 5051 1733 5105 accedunt
1755 5054 1825 5106 ad

134 5145 323 5209 ﬁdem,
356 5149 413 5197 et
440 5143 683 5213 gratiam
716 5140 1187 5213 regenerationis,
1218 5139 1297 5192 ibi
1329 5139 1611 5208 accipiant
1635 5155 1824 5192 veram

133 5232 613 5303 redemptionem,
647 5231 747 5284 ubi
771 5230 1055 5299 accipiunt
1086 5244 1278 5281 veram
1305 5227 1822 5297 regenerationem.

136 5323 275 5386 Quia
315 5338 419 5376 nec
466 5337 595 5375 vere
645 5324 885 5390 possunt
914 5316 1263 5388 regenerari,
1313 5315 1423 5369 nisi
1453 5331 1550 5369 eos
1576 5322 1632 5369 et
1664 5332 1696 5368 a
1725 5332 1825 5384 po-

136 5416 332 5465 testate
387 5410 622 5475 diaboli,
675 5414 732 5462 et
774 5426 804 5461 a
858 5407 1125 5460 servitute
1178 5404 1395 5475 peccati
1433 5420 1565 5457 vere
1612 5408 1829 5457 constet

136 5498 358 5553 redimi.
414 5498 527 5551 Nec
567 5513 699 5551 vere
747 5499 987 5567 possunt
1041 5493 1266 5560 redimi,
1318 5492 1431 5546 nisi
1476 5493 1697 5547 lavacro
1745 5492 1828 5545 in-

492 5589 764 5652 PATBOL.
821 5585 1024 5649 CXXI.

1936 471 2208 541 principis
2241 473 2440 525 mundi
2488 474 2812 529 efﬁciantur
2865 476 3124 531 absoluti.
3164 480 3282 532 Nisi
3334 483 3489 551 quod
3528 483 3632 537 hoc

1933 558 1995 611 in
2025 560 2132 611 ista
2169 560 2498 614 delinitione
2531 563 3007 618 absurdissimum
3049 571 3151 630 est,
3187 588 3215 615 «
3248 570 3403 637 quod
3439 571 3631 624 Domi-

1935 661 2042 699 nus
2086 650 2245 701 Jesus
2286 650 2540 703 Christus
2580 653 2752 705 etiam
2800 669 2901 722 pro
2944 655 3138 724 impiis
3183 657 3241 709 in
3289 673 3389 711 sua
3434 659 3636 728 impie-

1935 740 2050 788 tate
2100 737 2475 805 pereuntibus
2518 738 2736 791 dicatur
2774 757 2991 808 passus.
3025 764 3050 790 ››
3108 744 3171 796 Et
3203 762 3229 794 α
3254 746 3438 798 ﬁdelis
3469 748 3633 816 quis-

1935 838 2047 893 que
2100 824 2349 877 ﬁdeliter
2403 825 2686 894 baptismo
2753 828 2875 896 ejus
2933 836 3301 899 regeneratus
3356 836 3630 904 mysterio

1932 912 2215 981 passionis
2247 913 2369 982 ejus
2396 913 2718 967 afﬁrmetur
2745 932 2857 968 non
2886 933 3005 970 esse
3040 920 3390 989 redemptus.
3427 945 3446 968 η

2009 1002 2120 1054 Nec
2148 1001 2289 1054 illud
2321 1002 2531 1071 aliquis
2573 1008 2773 1057 contra
2810 1004 2955 1058 hanc
2996 1007 3289 1062 veritatem
3331 1010 3629 1080 evangeli-

1933 1106 2058 1143 cam
2098 1094 2153 1143 et
2204 1090 2573 1160 apostolicam
2622 1092 3009 1162 objiciendum
3053 1101 3231 1165 putet,
3279 1099 3432 1166 quod
3479 1100 3632 1154 inter

1933 1184 2165 1232 cateras
2217 1179 2648 1233 maledictiones
2682 1182 2884 1251 populi
2908 1182 3146 1251 judaici,
3172 1185 3243 1247 in
3280 1187 3630 1242 Deutsrono-

1934 1266 2050 1320 mio
2101 1267 2427 1320 continetur
2476 1267 2547 1321 ad
2601 1270 2873 1323 eumdem
2933 1271 3294 1326 incredulum
3353 1277 3629 1345 populum

1932 1356 2146 1409 dictum
2176 1372 2188 1409 :
2223 1378 2249 1405 α
2287 1357 2349 1409 Et
2381 1356 2490 1409 erit
2520 1357 2635 1410 vita
2668 1363 2764 1410 tua
2791 1359 3049 1427 pendens
3078 1366 3211 1415 ante
3253 1363 3449 1415 oculos
3479 1368 3627 1432 tuos,

1933 1449 1985 1497 et
2029 1461 2141 1496 non
2188 1445 2383 1497 credes
2416 1446 2545 1497 vita
2575 1451 2685 1498 tua
2716 1446 2890 1515 (Deut.
2934 1464 3125 1512 xxvui,
3161 1448 3268 1515 66).
3307 1470 3332 1499 »
3362 1451 3458 1504 Vel
3489 1451 3633 1506 illud

1933 1533 2084 1601 quod
2135 1533 2191 1585 in
2223 1533 2365 1584 Isaia
2410 1533 2478 1585 de
2515 1533 2713 1586 eodem
2752 1533 2970 1587 inﬁdeli
3020 1538 3255 1604 populo,
3292 1555 3357 1591 ex
3392 1556 3635 1608 persona

1933 1620 2111 1689 ipsius
2164 1620 2388 1673 Domini
2418 1622 2544 1673 Iesu
2577 1622 2783 1675 Christi
2814 1623 2883 1675 de
2917 1624 3182 1691 passione
3222 1631 3279 1677 et
3309 1643 3474 1679 cruce
3508 1628 3632 1696 ejus

1932 1707 2147 1760 dictum
2188 1708 2331 1760 solet
2379 1708 2657 1777 intelligi:
2717 1730 2743 1756 ι(
2776 1711 3027 1779 Expandi
3069 1728 3269 1764 manus
3313 1729 3467 1765 meas
3510 1719 3631 1768 tota

1933 1796 2024 1849 die
2055 1796 2123 1848 ad
2165 1797 2442 1865 populum
2484 1814 2598 1849 non
2642 1798 2993 1866 credentem,
3033 1804 3087 1852 et
3116 1802 3625 1868 contradicentem,

1933 1884 2031 1953 qui
2077 1884 2333 1937 ambulat
2371 1885 2456 1937 via
2515 1902 2629 1937 non
2675 1885 2848 1952 bona,
2902 1892 3026 1956 post
3072 1889 3440 1957 cogitationes
3494 1906 3625 1943 suas

1933 1971 2060 2040 (Isu.
2116 1988 2236 2037 va,
2289 1974 2415 2043 2).»
2480 1975 2551 2028 Ut
2607 1975 2767 2044 quasi
2831 1976 2909 2028 ita
2958 1976 3087 2046 quis
3152 1978 3286 2030 velit
3343 1980 3619 2048 accipere,

1933 2056 2087 2126 quod
2122 2057 2203 2110 illi
2254 2078 2275 2103 ε
2313 2058 2606 2111 incredqu
2654 2061 2869 2129 populo
2903 2080 2929 2109 »
2964 2061 3175 2114 dictum
3210 2068 3315 2131 est,
3360 2086 3385 2113 ‹‹
3419 2070 3474 2116 et
3518 2065 3628 2118 erit

1932 2146 2048 2199 vita
2094 2152 2191 2200 tua
2236 2148 2492 2217 pendens
2546 2154 2673 2202 ante
2722 2151 2912 2203 oculos
2964 2157 3111 2216 tuos,
3164 2157 3220 2205 et
3266 2169 3381 2206 non
3433 2155 3626 2208 credes

1932 2234 2063 2288 vita
2108 2241 2240 2289 tua.
2269 2255 2295 2287 ››
2327 2238 2620 2307 Tanquam
2656 2238 2763 2307 ipsi
2798 2259 2824 2285 α
2859 2238 3153 2293 incredulo
3185 2246 3240 2293 et
3268 2242 3481 2296 inﬁdeli
3516 2260 3622 2313 po-

1931 2324 2069 2393 pulo
2106 2346 2127 2371 ι
2184 2324 2243 2377 in
2290 2342 2390 2378 sua
2448 2326 2866 2394 incredulitate,
2914 2332 2971 2381 et
3010 2328 3346 2383 inﬁdelitate
3395 2346 3624 2399 perma-

1933 2412 2112 2477 nenti,
2147 2413 2419 2467 Dominus
2438 2414 2598 2467 Jesus
2637 2414 2914 2481 Christus,
2952 2416 3048 2485 qui
3073 2420 3202 2468 ante
3235 2434 3435 2469 eorum
3483 2434 3623 2470 ocu—

1932 2500 2019 2552 los
2063 2500 2122 2553 in
2170 2516 2333 2553 cruce
2380 2502 2674 2572 pependit,
2720 2503 2941 2556 dicatur
2979 2504 3091 2556 vita
3139 2520 3267 2557 cum
3306 2505 3504 2575 utique
3548 2506 3628 2559 eis

1935 2604 2049 2640 non
2096 2588 2320 2642 dederit
2363 2589 2572 2643 vitam:
2618 2598 2672 2643 et
2721 2591 2984 2644 dicantur
3030 2592 3137 2661 ipsi
3187 2610 3302 2646 non
3352 2594 3631 2648 credituri

1932 2676 2061 2728 vita
2093 2692 2245 2741 sua;
2284 2677 2445 2747 quasi
2478 2678 2751 2731 Dominus
2783 2679 2957 2732 etiam
2994 2696 3193 2733 eorum
3236 2681 3335 2751 qui
3368 2698 3480 2735 non
3515 2699 3632 2735 cre-

1936 2764 2097 2829 dunt,
2139 2781 2240 2818 nec
2270 2782 2525 2835 unquam
2566 2767 2686 2836 ejus
2734 2768 2843 2820 ﬁde
2877 2767 3258 2834 viviﬁcantur,
3296 2770 3476 2838 possit
3520 2771 3632 2824 dici

1932 2852 2065 2905 vita.
2104 2854 2166 2905 Et
2199 2853 2336 2906 illud
2375 2854 2442 2906 de
2477 2854 2620 2907 Isaia
2658 2855 3051 2909 testimonium
3094 2857 3172 2909 sic
3201 2864 3439 2911 conetur
3467 2860 3633 2913 intel-

1934 2939 2111 3008 ligere
2160 2946 2220 2992 ut
2258 2941 2424 3006 dicat,
2479 2942 2634 3011 quod
2687 2942 2962 2995 Dominus
3024 2950 3327 3013 propterea
3374 2946 3626 3001 dixerit:

1938 3048 1963 3074 «
2016 3028 2266 3097 Expandi
2318 3045 2522 3082 manus
2571 3045 2726 3084 meas
2768 3035 2884 3083 tota
2936 3032 3027 3085 die
3070 3032 3138 3085 ad
3189 3034 3467 3102 populum
3514 3042 3643 3089 non

1932 3114 2257 3168 credentem
2299 3121 2354 3170 et
2394 3118 2900 3187 contradicentem,
2935 3141 2961 3168 υ
3001 3121 3164 3189 quasi
3196 3128 3434 3192 propter
3472 3140 3628 3177 eum-

1934 3203 2059 3256 dem
2103 3204 2382 3273 populum
2414 3205 2471 3257 in
2503 3222 2605 3258 sua
2638 3207 3034 3261 incredulitate
3080 3214 3136 3261 et
3173 3210 3627 3265 contradictione

1930 3292 2360 3360 perdurantem,
2390 3300 2445 3347 et
2474 3295 2597 3364 ejus
2629 3312 2794 3348 causa
2816 3297 3008 3358 ,crucis
3041 3297 3377 3351 sustinuerit
3408 3300 3627 3367 passio-

1930 3394 2082 3433 nem.
2144 3381 2211 3434 Ut
2268 3381 2431 3451 quasi
2487 3398 2556 3435 ex
2617 3383 2722 3435 hoc
2778 3383 3065 3437 afﬁrmare
3131 3386 3411 3451 videatur,
3473 3388 3629 3458 quod

1932 3468 2205 3522 Dominus
2246 3471 2416 3523 etiam
2447 3487 2553 3540 pro
2584 3471 2779 3540 impiis
2821 3473 2877 3525 in
2919 3488 3022 3526 sua
3054 3473 3343 3543 impietate
3376 3492 3627 3545 pereun-

1928 3555 2081 3609 tibus
2134 3556 2193 3609 in
2250 3558 2559 3627 Scripturis
2614 3575 2813 3626 passus
2871 3575 2990 3613 esse
3040 3560 3303 3623 dicatur;
3350 3562 3486 3632 quia
3537 3563 3622 3617 di-

1928 3644 2077 3697 vina
2144 3645 2453 3715 Scriptura
2522 3647 2847 3700 nullatenus
2899 3653 3137 3717 possunt
3186 3648 3341 3702 inter
3393 3667 3451 3703 se
3508 3666 3630 3704 esse

1930 3733 2250 3799 contraria,
2285 3734 2378 3785 sed
2414 3735 2569 3803 quod
2615 3734 2672 3786 in
2704 3750 2902 3787 earum
2944 3735 3299 3804 planioribus
3337 3738 3477 3791 locis
3510 3755 3629 3792 ma-

1930 3819 2189 3871 nifestius
2264 3821 2603 3885 declaratur,
2670 3823 2775 3875 hoc
2837 3823 3009 3875 etiam
3076 3824 3136 3875 in
3202 3825 3630 3880 obscurioribus

1930 3907 2265 3972 occultatur,
2300 3912 2360 3961 ut
2390 3924 2455 3960 ex
2485 3907 2571 3959 his
2620 3924 2749 3977 qua
2799 3908 2856 3960 in
2906 3908 3014 3960 illis
3045 3910 3196 3961 clara
3243 3916 3374 3963 sunt
3404 3911 3625 3965 illumi—

1927 4000 2136 4049 nentur
2168 3995 2426 4061 obscura,
2460 4011 2579 4048 non
2607 4011 2670 4048 ex
2713 3995 2799 4047 his
2848 4012 2976 4066 qua
3017 3997 3257 4051 obscura
3306 4003 3441 4052 sunt
3477 4001 3629 4054 clara

1931 4083 2328 4137 obscurentur.
2740 4092 2750 4100 '

2002 4172 2196 4241 Itaque
2243 4172 2407 4240 juxta
2440 4170 2817 4239 manifestam,
2855 4189 3024 4243 quam
3077 4176 3341 4244 superius
3386 4178 3630 4231 ostendi-

1863 4273 2060 4326 Dmus
2109 4260 2175 4312 de
2210 4259 2490 4329 passione,
2540 4265 2595 4312 et
2639 4260 3033 4330 redemptione
3084 4262 3290 4316 Christi
3338 4266 3628 4335 evangeli-

1930 4362 2075 4410 cam,
2124 4354 2181 4400 et
2209 4348 2577 4415 apostolicam
2612 4348 2933 4417 veritatem,
2973 4349 3143 4403 etiam
3184 4350 3345 4416 illud,
3383 4353 3540 4421 quod
3571 4354 3630 4407 in

1931 4434 2381 4488 Deuteronomio
2411 4436 2560 4488 inter
2586 4442 2791 4489 caetera
2831 4438 3130 4491 maledicta
3168 4439 3253 4492 illi
3298 4442 3513 4510 pOpulo
3542 4442 3628 4495 in-

1929 4521 2082 4574 ﬁdeli
2133 4521 2349 4575 dictum
2395 4529 2511 4575 est:
2567 4544 2593 4571 «
2634 4524 2697 4575 Et
2735 4524 2845 4577 erit
2894 4526 3006 4577 vita
3051 4534 3147 4579 tua
3194 4529 3453 4596 pendens
3500 4536 3629 4584 ante

1931 4608 2124 4661 oculos
2156 4613 2302 4675 tuos,
2347 4614 2401 4662 et
2428 4626 2542 4662 non
2587 4612 2783 4664 credes
2834 4613 2962 4665 vita
3014 4618 3150 4681 tua,
3187 4635 3213 4662 »
3266 4615 3342 4669 ita
3387 4617 3631 4671 ﬁdeliter

1934 4696 2276 4767 accipiamus
2310 4697 2549 4763 dictum,
2586 4703 2649 4751 ut
2681 4715 3059 4769 agnoscamus
3098 4703 3410 4756 maximum
3452 4706 3627 4759 male-

1933 4784 2149 4838 dictum
2190 4783 2361 4837 fuisse
2406 4784 2562 4837 illius
2612 4787 2838 4855 populi,
2872 4794 2936 4840 ut
2985 4789 3189 4842 merito
3226 4790 3462 4844 malitia
3511 4809 3626 4847 sua

1934 4872 2213 4938 excacati,
2250 4872 2573 4925 venientem
2616 4874 2687 4927 ad
2719 4892 2777 4927 se
2818 4876 3125 4930 Dominum
3170 4877 3457 4931 Christum
3499 4885 3629 4934 tan-

1934 4962 2005 5015 tis
2067 4961 2243 5031 signis
2294 4966 2349 5013 et
2405 4960 2696 5014 miraculis
2752 4978 3093 5033 cognoscere
3148 4981 3264 5018 non
3312 4971 3626 5036 potuerint.

1936 5050 2093 5104 Sicut
2123 5050 2191 5102 de
2231 5064 2430 5102 eorum
2463 5052 2618 5101 tanta
2648 5050 2897 5103 cacitate
2929 5056 3060 5104 ante
3090 5052 3278 5107 fuerat
3317 5057 3628 5125 propheta-

1934 5142 2096 5192 tum:
2156 5139 2435 5191 «Excaca
2507 5153 2602 5189 cor
2659 5138 2855 5208 populi
2916 5140 3110 5209 hujus,
3168 5146 3226 5194 et
3283 5159 3446 5196 aures
3506 5146 3630 5214 ejus

1935 5241 2185 5296 aggrava
2224 5230 2281 5279 et
2325 5226 2517 5279 oculos
2557 5225 2679 5295 ejus
2710 5226 2907 5279 claude
2940 5227 3071 5296 (Isa.
3110 5244 3182 5292 v1,
3236 5231 3339 5297 lO),
3371 5252 3399 5278 ››
3433 5235 3535 5284 etc.
3567 5233 3631 5284 Et

1935 5314 2083 5368 hanc
2112 5314 2423 5367 cacitatem
2450 5313 2605 5383 justo
2631 5313 2847 5383 judicio
2880 5314 2979 5367 Dei
3011 5318 3391 5385 permansisse
3416 5318 3474 5370 in
3515 5318 3629 5372 illis

1934 5402 2262 5472 usquedum
2308 5402 2616 5456 Dominum
2657 5402 3229 5472 comprehenderent,
3274 5406 3631 5459 condemna-

1935 5494 2085 5558 rent,
2115 5497 2173 5544 et
2214 5490 2388 5543 morti
2418 5490 2808 5559 adjudicatum
2840 5490 3273 5561 cruciﬁgerent;
3307 5493 3401 5547 sed
3432 5498 3633 5562 postea

3192 5589 3275 5645 36
