4096 6186
433 312 561 363 H3l

1569 306 1621 358 S.
1669 304 1942 359 REMIGII
1985 303 2449 361 LUGDUNENSIS
2489 302 2805 359 EPISCOPI

3802 314 3911 364 H32

428 442 530 496 illo
571 445 922 512 resurgente,
960 444 1015 492 et
1045 438 1113 490 ad
1159 437 1329 490 caelos
1359 435 1721 502 ascendente,
1776 436 1949 489 misso
1998 435 2126 503 Spi-
2166 447 2204 496 Α
2236 434 2469 488 Joannis
2520 434 2881 503 evangelistae
2928 434 3090 487 docet
3135 434 3326 488 dicens
3372 438 3576 500 (Tract.
3609 438 3734 505 45):
3777 438 3912 508 [Ecce

431 530 544 584 ritu
601 536 810 592 sancto,
864 532 919 582 et
974 526 1425 597 praedicantibus
1488 524 1760 595 apostolis
1804 541 1906 594 per
1952 524 2128 594 inspi-

430 620 709 673 rationem
756 618 962 671 divinae
1003 616 1225 685 gratim,
1266 614 1455 667 subito
1497 614 1566 667 ad
1615 629 1815 665 eorum
1863 613 2132 683 praedica-

430 706 645 758 tionem
703 709 1078 774 compunctos
1133 702 1382 755 dixisse:
1449 722 1471 749 ι
1535 701 1650 753 Viri
1706 701 1928 766 fratres,
1991 700 2129 769 quid

430 794 704 846 faciemus
749 792 902 861 (Act.
948 808 1006 857 ιι,
1034 792 1140 857 37).
1180 812 1205 837 ››
1260 791 1321 843 Et
1362 789 1633 841 continuo
1666 795 1895 856 accepto
1930 786 2131 840 salutis

430 882 665 935 consilio
688 882 1025 949 baptizatos.
1064 896 1127 932 ac
1157 879 1286 931 vita:
1318 894 1433 930 sua:
1472 893 1646 946 quam
1678 877 1736 929 in
1786 892 1951 929 cruce
2000 881 2130 929 ante

430 971 627 1023 oculos
676 985 806 1022 suos
854 967 1101 1037 positam
1156 981 1463 1036 agnoscere
1515 982 1630 1018 non
1677 969 1985 1033 potuerant
2027 981 2131 1017 nec

432 1057 813 1123 crediderant,
873 1056 1289 1120 reconciliatos,
1346 1056 1408 1108 Et
1466 1054 1593 1107 ideo
1636 1053 1972 1107 mirabiliter
2030 1068 2133 1122 per

429 1146 660 1199 beatum
722 1147 968 1215 Moysem
1033 1149 1341 1212 utrumque
1403 1143 1766 1212 prophetam,
1825 1148 2131 1211 utrumque

430 1233 818 1303 signiﬁcatum
869 1238 967 1295 est,
1026 1237 1088 1284 ut
1139 1238 1195 1284 et
1247 1231 1305 1283 in
1360 1231 1623 1299 passione
1678 1230 1904 1283 Domini
1958 1229 2128 1281 habe-

428 1328 559 1376 rent
612 1345 632 1371 ι
670 1322 840 1375 vitam
887 1328 1019 1374 ante
1070 1321 1283 1385 oculos,
1320 1341 1347 1367 ι
1393 1319 1487 1372 sed
1525 1335 1628 1372 nec
1662 1318 1982 1382 crederent,
2030 1333 2133 1370 nec

433 1415 805 1480 agnoscerent
836 1425 848 1462 :
878 1415 933 1462 et
964 1410 1083 1462 hinc
1116 1414 1308 1461 tamen
1340 1409 1454 1460 vita
1493 1413 1643 1460 esset
1675 1408 1846 1459 etiam
1877 1408 2130 1476 ipsorum

430 1504 548 1565 tam
590 1499 908 1552 inﬁdelium
942 1503 998 1550 et
1026 1502 1141 1549 tam
1174 1501 1609 1561 excaecatorum,
1647 1496 1780 1565 quia
1810 1512 1907 1548 eos
1937 1500 2133 1564 postea

434 1588 545 1641 ﬁde
615 1604 716 1640 sua
783 1586 1102 1651 viviﬁcavit,
1168 1585 1315 1638 sicut
1380 1586 1657 1653 scriptum
1706 1590 1827 1637 est:
1884 1585 2132 1637 «Justus

436 1682 624 1729 autem
657 1691 720 1728 ex
770 1675 883 1728 ﬁde
939 1674 1076 1726 vivit
1130 1673 1373 1743 (Habac.
1407 1688 1483 1741 ιι;
1535 1675 1683 1727 Rom.
1742 1676 1807 1739 ι).
1853 1693 1874 1719 ι
1932 1673 2015 1725 Ita
2073 1672 2133 1723 in

2242 524 2520 577 Dominus
2549 524 2709 577 Jesus
2739 524 2996 578 Christus
3027 525 3197 588 venit,
3237 524 3574 593 praedicavit
3605 542 3618 590 ;
3672 527 3768 579 sed
3800 527 3916 596 quid

2239 613 2552 682 putamus?
2622 633 2649 660 ‹‹
2702 613 2994 680 Nunquid,
3031 634 3057 660 »
3128 614 3223 682 qui
3294 614 3605 667 audierunt
3670 636 3697 663 ‹‹
3739 631 3912 668 oves»

2239 701 2446 755 erant?
2498 702 2632 755 Ecce
2682 702 2899 754 audivit
2932 724 2957 747 ‹‹
2991 701 3182 766 Judas,
3221 722 3246 752 ι)
3281 708 3336 754 et
3382 703 3554 772 lupus
3603 710 3754 767 erat;
3782 726 3805 751 ι(
3834 721 3911 755 se-

2241 790 2539 859 quebatur,
2576 808 2602 840 ››
2638 790 2731 842 sed
2775 791 2922 857 pelle
2952 791 3123 843 ovina
3170 796 3351 843 tectus
3383 795 3598 858 pastori
3631 791 3912 843 insidiaba-

2239 884 2349 932 tur.
2398 900 2423 927 α
2466 878 2656 948 Aliqui
2700 894 2831 930 vero
2869 900 2895 926 ››
2935 894 3133 931 eorum
3184 879 3282 948 qui
3322 879 3611 933 Christum
3650 880 3916 931 cruciﬁxe-

2240 971 2376 1019 runt
2424 982 2539 1018 non
2587 965 2897 1018 audiebant
2946 988 2971 1013 α
3006 974 3061 1019 et
3107 983 3238 1019 oves
3282 973 3538 1031 erant;n
3592 967 3744 1037 ipsos
3788 970 3914 1020 enim

2238 1054 2466 1107 videbat
2498 1054 2555 1107 in
2607 1054 2773 1107 turba
2809 1055 3038 1124 quando
3090 1054 3355 1108 dicebat:
3408 1077 3433 1102 ‹‹
3470 1055 3612 1109 Cum
3667 1057 3917 1108 exaltave-

2241 1142 2365 1194 ritis
2399 1141 2599 1194 Filium
2629 1140 2900 1208 hominis,
2936 1147 3070 1195 tunc
3101 1143 3451 1212 cognoscetis
3482 1144 3621 1212 quia
3663 1159 3771 1211 ego
3813 1159 3915 1196 sum

2238 1230 2419 1299 (Joan.
2453 1245 2567 1293 vui,
2593 1230 2703 1299 28).
2741 1251 2767 1278 »
2810 1230 3105 1293 Quomodo
3152 1247 3288 1300 ergo
3318 1231 3429 1283 ista
3462 1232 3702 1283 solvitur
3733 1253 3754 1278 ι
3792 1248 3916 1300 quau

2240 1320 2388 1371 stic?
2430 1318 2682 1372 Audiunt
2713 1334 2819 1371 non
2848 1334 2986 1383 oves,
3030 1324 3203 1372 etnon
3234 1318 3469 1371 audiunt
3513 1334 3653 1384 oves,
3702 1334 3915 1386 sequun-

2242 1412 2333 1459 tur
2385 1422 2608 1466 vocem;
2672 1407 2915 1475 pastoris
2958 1407 3193 1475 quidam
3240 1407 3379 1476 lupi,
3440 1413 3495 1459 et
3542 1408 3623 1459 eis
3675 1410 3915 1477 quzedam

2240 1495 2636 1548 contradicunt
2712 1510 2884 1560 oves;
2939 1500 3229 1563 postremo
3301 1500 3593 1564 pastorem
3675 1496 3916 1548 occidunt

2241 1598 2388 1636 oves.
2446 1582 2552 1635 Sed
2627 1582 2853 1651 quando
2928 1599 3045 1635 non
3109 1583 3434 1648 audiebant,
3498 1599 3631 1636 oves
3684 1584 3916 1637 nondum

2242 1676 2439 1736 erant;
2502 1686 2605 1723 vox
2666 1670 2857 1723 audita
2914 1687 3008 1723 eos
3069 1672 3331 1737 mutavit,
3386 1677 3441 1724 et
3493 1686 3561 1725 ex
3601 1672 3751 1742 lupis
3806 1689 3916 1726 oves

433 1764 696 1834 passione
744 1779 845 1816 sua
882 1762 1154 1816 Dominus
1184 1767 1241 1814 et
1282 1762 1394 1814 vita
1440 1766 1560 1812 erat
1604 1761 1882 1830 ipsorum,
1927 1764 1982 1812 et
2011 1774 2129 1811 non
2171 1742 2208 1794 Β
2241 1757 2420 1830 fecit.]

435 1856 557 1903 erat
586 1850 701 1903 vita
731 1849 1023 1919 ipsorum:
1065 1849 1176 1901 vita
1211 1864 1460 1917 namque
1508 1854 1628 1900 erat
1672 1847 1951 1917 ipsorum,
1996 1846 2132 1916 quia

431 1944 553 1994 erat
600 1955 697 1992 eos
746 1939 1170 2003 viviﬁcaturus;
1205 1953 1318 1989 non
1361 1944 1481 1990 erat
1511 1938 1626 1989 vita
1670 1937 1945 2005 ipsorum,
1995 1935 2132 2005 quia

431 2028 674 2081 necdum
710 2044 807 2079 eos
849 2025 1187 2089 viviﬁcabat,
1237 2025 1468 2095 quando
1517 2025 1727 2077 mortui
1779 2026 1951 2077 vitam
2001 2039 2129 2075 cru-

430 2115 756 2183 ciﬁgebant.
801 2113 959 2166 Unde
1004 2118 1066 2164 ut
1110 2113 1215 2164 ista
1255 2112 1477 2164 cacitas
1519 2112 1590 2164 ab
1623 2112 1735 2164 illis
1787 2110 2128 2174 auferretur,

432 2207 488 2255 et
521 2203 655 2255 ﬁdei
680 2200 1028 2254 illuminatio
1062 2200 1143 2252 eis
1172 2200 1505 2265 donaretur,
1536 2199 1596 2252 in
1629 2199 1753 2267 ipsa
1784 2200 1967 2251 crucis
2000 2214 2130 2266 pas-

431 2291 593 2344 sione
652 2291 880 2343 Patrem
940 2288 1278 2359 precabatur
1319 2288 1549 2341 dicens:
1607 2310 1626 2335 ι
1664 2288 1847 2353 Pater,
1899 2286 2128 2356 ignosce

431 2380 564 2445 illis,
586 2395 719 2452 non
751 2379 904 2431 enim
939 2376 1128 2429 sciunt
1157 2377 1292 2446 quid
1324 2377 1542 2430 faciunt
1578 2377 1723 2443 (Luc.
1758 2392 1917 2439 xxm,
1951 2375 2057 2435 34).
2100 2392 2125 2425 ι

432 2467 710 2521 Similiter
766 2474 821 2519 et
850 2467 990 2518 illud
1042 2466 1194 2535 quod
1234 2469 1292 2518 in
1349 2466 1493 2518 Isaia
1546 2481 1615 2518 ex
1671 2465 1848 2534 ipsius
1901 2463 2129 2516 Domini

431 2558 673 2623 persona
721 2554 1065 2621 intelligitur
1094 2554 1345 2606 dictum:
1387 2576 1406 2600 α
1448 2553 1697 2621 Expandi
1734 2568 1938 2605 manus
1970 2567 2127 2604 meas

431 2646 548 2694 tota
592 2642 683 2694 die
725 2641 793 2694 ad
852 2642 1132 2709 populum
1183 2657 1300 2693 non
1342 2642 1690 2705 credentem,
1744 2647 1801 2693 et
1843 2640 2127 2693 contradi-

432 2735 673 2796 centem,
712 2752 732 2776 ι
770 2729 970 2782 eodem
1019 2745 1188 2782 sensu
1229 2729 1624 2800 accipiendum
1670 2734 1773 2796 est,
1812 2729 1964 2798 quod
1997 2744 2128 2797 per-

430 2836 629 2889 pessus
658 2820 731 2871 sit
761 2834 823 2871 ac
861 2817 1195 2871 sustinuerit
1237 2818 1403 2870 illum
1438 2819 1715 2887 populum
1750 2832 1979 2885 semper
2018 2816 2127 2869 sibi

432 2923 546 2960 non
591 2907 917 2960 credentem
959 2912 1014 2959 et
1051 2906 1563 2970 contradicentem,
1598 2906 1676 2958 ita
1728 2909 1788 2958 ut
1815 2907 2124 2957 clamaret:

432 3017 460 3045 α
516 2996 813 3065 Crucitige,
872 2995 1142 3062 cruciﬁge
1201 3010 1372 3062 eum;
1431 3016 1459 3042 »
1527 2998 1581 3046 et
1629 2995 1851 3047 dicente
1908 2993 2122 3046 Pilato:

431 3105 460 3133 ‹‹
502 3085 713 3155 Regem
762 3090 1012 3137 vestrum
1057 3082 1440 3151 cruciﬁgam?
1490 3082 1947 3152 responderunt:
2004 3082 2127 3135 Non

429 3174 705 3227 habemus
760 3188 955 3241 regem
1017 3172 1128 3225 nisi
1193 3170 1472 3225 Caesarem
1525 3173 1708 3239 (Joan.
1768 3186 1881 3237 nx,
1942 3172 2042 3239 t5).
2098 3190 2124 3217 ››

432 3263 618 3314 Donec
667 3261 725 3313 in
774 3276 938 3313 cruce
991 3260 1263 3312 exaltatus
1321 3259 1669 3327 expanderet
1717 3274 1936 3322 manus,
1998 3263 2126 3310 tan-

429 3365 600 3419 quam
633 3348 838 3402 virtute
871 3347 1153 3417 passionis
1202 3362 1320 3399 suae
1373 3346 1567 3399 omnia
1601 3352 1884 3398 tracturus
1930 3345 1999 3399 ad
2045 3362 2125 3411 se,

429 3438 603 3491 etiam
651 3437 837 3506 ipsum
888 3458 915 3485 (ι
939 3437 1219 3505 populum
1253 3450 1369 3487 non
1418 3434 1768 3497 credentem,
1804 3439 1861 3487 et
1899 3439 2125 3487 contra-

428 3525 709 3579 dicentem
742 3525 801 3576 in
857 3523 1114 3592 reliquiis
1145 3522 1426 3588 videlicet,
1462 3538 1590 3591 quae
1635 3538 1701 3575 ex
1748 3522 1845 3574 illo
1878 3537 1981 3591 per
2011 3522 2124 3575 ele-

429 3613 674 3666 ctionem
724 3611 923 3681 gratiae
954 3612 1121 3664 salvae
1160 3611 1321 3664 facta}
1350 3616 1487 3663 sunt
1514 3613 1689 3679 (Rom.
1727 3626 1800 3677 x1,
1837 3612 1913 3679 5).
1944 3631 1965 3659 ι
2012 3611 2127 3664 Hoc

427 3701 505 3755 ita
561 3702 819 3753 futurum
871 3699 992 3769 ipse
1048 3700 1413 3768 praedixerat,
1468 3698 1698 3768 quando
1741 3698 1813 3751 ad
1843 3714 1937 3751 eos
1993 3702 2126 3751 ante

428 3788 750 3860 passionem
802 3804 985 3853 suam,
1033 3792 1306 3857 tanquam
1359 3808 1386 3835 ί(
1416 3788 1484 3840 ad
1515 3788 1795 3856 populum
1845 3802 1957 3839 non
2011 3802 2125 3839 cre-

427 3880 654 3932 dentem
706 3882 761 3929 et
812 3876 1294 3929 contradicentem
1333 3896 1355 3923 »
1406 3875 1662 3929 dicebat:
1720 3894 1747 3924 ‹‹
1781 3876 1923 3929 Cum
1972 3876 2126 3927 exal-

424 3966 681 4019 taveritis
731 3966 915 4018 ﬁlium
946 3965 1214 4031 hominis,
1260 3969 1394 4017 tunc
1426 3963 1781 4033 cognoscetis
1816 3964 1950 4033 quia
2019 3980 2124 4032 ego

426 4071 551 4108 sum
606 4055 785 4124 (10cm.
844 4069 957 4118 vui,
1014 4055 1181 4119 ‘28).»
1236 4053 1355 4105 Non
1411 4052 1692 4105 credendo
1751 4068 2019 4120 namque,
2070 4058 2126 4104 et

425 4144 862 4197 contradicendo
940 4144 1006 4195 ad
1081 4143 1188 4195 hoc
1255 4147 1639 4211 pervenerunt
1698 4146 1757 4193 ut
1813 4143 2127 4195 exaltarent

428 4231 613 4285 ﬁlium
645 4231 896 4283 hominis
922 4231 980 4282 in
1007 4231 1163 4298 ligno
1201 4230 1423 4295 crucis;
1470 4234 1527 4281 et
1556 4235 1691 4281 tunc
1744 4229 1947 4281 virtute
1994 4245 2122 4296 pas-

429 4319 618 4385 tionis,
664 4324 737 4371 et‘
764 4317 950 4387 gratia
994 4317 1269 4369 orationis
1317 4317 1439 4386 ejus
1486 4317 1796 4369 illuminati
1837 4333 2120 4385 cognove-

427 4411 562 4459 runt
600 4422 751 4471 eum,
779 4421 951 4475 quem
999 4409 1162 4458 antea
1212 4421 1328 4457 non
1378 4411 1789 4475 cognoscentes
1832 4404 2125 4459 cruciﬁxe-

425 4498 590 4548 rant:
638 4494 755 4549 «Si
798 4494 949 4547 enim
995 4495 1414 4563 cognovissent,
1466 4511 1762 4565 nunquam
1819 4495 2125 4549 Dominum

431 4582 637 4653 gloriaa
661 4582 1075 4634 crucitixissent
1105 4582 1151 4650 (1
1184 4582 1303 4637 Cor.
1336 4597 1395 4647 II,
1428 4585 1501 4651 8).

495 4674 656 4727 Hunc
706 4671 871 4724 nobis
916 4687 1112 4724 verum
1156 4677 1210 4723 et
1251 4672 1590 4725 catholicum
1642 4688 1872 4725 sensum
1917 4671 2125 4725 beatis-

433 4761 614 4814 simus
668 4764 886 4829 martyr
941 4759 1256 4829 Cyprianus
1310 4760 1367 4813 in
1423 4760 1567 4814 libro
1625 4761 1775 4830 quod
1838 4760 1991 4813 idola
2048 4759 2129 4813 dii

427 4865 544 4903 non
592 4849 725 4915 sint,
756 4848 1068 4918 diligenter
1124 4849 1401 4914 insinuat,
1448 4849 1639 4902 dicens
1668 4850 1738 4902 de
1777 4849 1995 4902 eisdem
2025 4849 2127 4901 Ju-

434 4936 593 4990 daais.
653 4938 795 5006 [Non
842 4936 1219 5004 intelligendo
1264 4937 1511 5005 primum
1543 4936 1748 4990 Christi
1798 4937 2125 5001 adventum,

422 5026 524 5096 qui
587 5026 646 5078 in
706 5025 971 5095 passione
1024 5025 1315 5094 praecessit
1345 5025 1617 5091 occultus,
1678 5040 1858 5077 unum
1905 5029 2127 5078 tantum

422 5114 685 5175 credunt,
764 5113 863 5183 qui
921 5113 1030 5166 erit
1094 5113 1151 5166 in
1205 5117 1487 5182 potestate
1555 5113 1908 5165 manifestus.
1966 5112 2126 5175 Quod

421 5207 616 5257 autem
649 5201 756 5255 hoc
784 5201 1114 5255 Iudaeorum
1146 5201 1394 5270 populus
1421 5200 1741 5269 intelligere
1776 5216 1891 5253 non
1918 5201 2125 5270 potuit;

419 5291 764 5345 delictorum
829 5290 1103 5343 meritum
1148 5265 1287 5341 fuit.
1355 5288 1446 5343 Sic
1504 5265 1668 5341 erant
1719 5265 2015 5357 sapientiae
2074 5265 2131 5343 et

418 5374 819 5449 intelligentite
876 5378 1127 5431 caecitate
1181 5377 1433 5438 multati,
1496 5376 1689 5447 utqui
1736 5377 1849 5430 vita
1904 5377 2129 5446 indigni

428 5471 638 5532 essent,
677 5465 955 5519 haberent
983 5465 1157 5517 vitam
1206 5469 1336 5518 ante
1380 5464 1596 5529 oculos,
1653 5480 1757 5517 nec
1812 5462 2119 5535 viderent._]

430 5549 707 5605 Similiter
770 5557 828 5607 et
855 5554 1055 5606 beatus
1106 5551 1459 5622 Augustinus
1512 5552 1572 5606 in
1624 5550 2123 5621 explanationibus

2312 1849 2471 1901 Libet
2502 1848 2563 1901 in
2597 1847 2711 1901 ﬁne
2756 1852 3081 1901 sanctorum
3116 1849 3345 1901 Patrum
3387 1864 3568 1917 pauca
3593 1849 3764 1901 verba
3800 1849 3912 1902 sub-

2234 1937 2500 2006 jungere,
2544 1952 2714 2006 quam
2766 1936 3107 1989 mirabiliter
3146 1946 3200 1989 et
3231 1936 3474 1989 dulciter
3517 1937 3829 2006 praedicent
3859 1937 3915 1990 de

2241 2025 2514 2095 mysterio
2558 2025 2969 2095 redemptionis
3002 2025 3242 2078 Christi:
3283 2026 3351 2077 de
3384 2025 3564 2077 salute
3611 2026 3785 2077 etiam
3816 2026 3916 2078 illo-

2240 2128 2364 2165 rum
2410 2112 2723 2181 justorum,
2773 2112 2870 2181 qui
2921 2114 3152 2165 fuerunt
3186 2119 3315 2165 ante
3359 2113 3669 2164 adventum
3708 2111 3915 2175 Christi,

2238 2206 2294 2253 et
2340 2201 2608 2270 deinceps
2640 2201 2900 2253 omnium
2941 2200 3196 2257 ﬁdelium
3244 2200 3343 2270 qui
3374 2201 3501 2268 ejus
3530 2201 3719 2270 gratia
3749 2202 3917 2270 quoti-

2237 2289 2327 2341 die
2374 2290 2737 2342 redimuntur
2775 2295 2945 2358 atque
2986 2290 3290 2341 salvantur.
3360 2291 3561 2343 Beatus
3604 2289 3917 2343 Ambrosius

2238 2378 2306 2431 de
2350 2380 2472 2447 ipso
2517 2379 2756 2431 Domino
2786 2378 2915 2430 Jesu
2948 2378 3191 2438 Christo,
3244 2380 3339 2447 qui
3376 2383 3460 2430 est
3502 2400 3529 2427 (ί
3561 2385 3758 2447 Agnus
3816 2378 3912 2439 Dei,

2238 2472 2292 2519 et
2327 2466 2479 2519 tollit
2510 2474 2800 2536 peccatum
2854 2467 3051 2518 mundi
3100 2466 3281 2533 (Joan.
3334 2482 3369 2528 ι,
3418 2469 3528 2533 29),
3566 2487 3590 2515 υ
3647 2467 3915 2536 quomodo

2237 2572 2268 2607 a
2295 2560 2448 2610 certo
2502 2562 2559 2607 et
2590 2554 2996 2623 praedestinato
3030 2570 3268 2607 numero
3307 2555 3406 2623 qui
3458 2555 3682 2624 possint
3713 2556 3780 2606 ad
3813 2558 3914 2622 ejus

2238 2660 2397 2697 esum
2439 2643 2698 2695 sufﬁcere
2732 2643 3087 2709 comedatur,
3128 2642 3205 2694 ita
3252 2643 3420 2696 dicit:
3452 2642 3724 2714 [Sanguis
3772 2644 3910 2697 Chri-

2238 2732 2328 2797 sti,
2379 2733 2541 2800 cujus
2572 2730 2639 2784 ad
2675 2732 2920 2801 gratiam
2952 2730 3092 2783 nihil
3128 2731 3431 2795 minuitur,
3462 2732 3605 2784 nihil
3661 2730 3913 2801 adjungi-

2235 2826 2346 2873 tur.
2400 2821 2466 2873 Et
2500 2820 2545 2871 si
2594 2835 2796 2889 parum
2852 2835 3063 2885 sumas,
3116 2824 3171 2871 et
3217 2819 3264 2871 si
3326 2820 3643 2888 plurimum
3704 2820 3914 2872 haurias

2236 2908 2435 2961 eadem
2486 2907 2736 2976 perfecta
2766 2912 2851 2959 est
2888 2907 3157 2959 omnibus
3190 2923 3456 2960 mensura
3495 2909 3911 2977 redemptionis.

2235 2998 2447 3049 Pascha
2487 3012 2713 3065 quoque
2748 2995 2993 3059 Domini,
3044 2995 3153 3048 hoc
3199 3000 3284 3048 est
3329 3011 3565 3065 agnum,
3616 2996 3697 3049 ita
3750 3002 3913 3065 patres

2238 3085 2457 3154 epulari
2505 3085 2804 3153 jubentur,
2872 3089 2936 3136 ut
2991 3084 3306 3136 secundum
3359 3100 3667 3137 numerum
3715 3086 3913 3136 anima-

2240 3189 2365 3225 rum
2409 3173 2714 3241 epulentur
2751 3187 3007 3237 suarum,
3049 3188 3236 3241 neque
3287 3174 3498 3241 plures,
3552 3189 3740 3242 neque
3788 3188 3913 3241 pan-

2236 3262 2441 3327 ciores,
2493 3277 2679 3330 neque
2711 3260 2837 3313 aliis
2871 3260 2997 3329 plus
3039 3260 3182 3325 dari,
3226 3260 3350 3313 aliis
3384 3261 3573 3313 minus
3620 3262 3915 3313 secundum

2236 3350 2456 3401 animas
2508 3349 2906 3418 singulorum;
2962 3363 3030 3401 ne
3078 3353 3176 3401 aut
3224 3348 3487 3401 fortiores
3540 3350 3789 3418 amplius
3834 3365 3915 3400 su-

2234 3443 2414 3504 mant,
2448 3442 2546 3490 aut
2592 3436 2941 3489 inﬁrmiores
2989 3435 3199 3488 minus.
3252 3436 3444 3488 Gratia
3487 3437 3643 3489 enim
3682 3436 3907 3506 aequalis

2236 3524 2477 3594 singulis
2516 3523 2809 3587 dividitur,
2846 3524 3161 3592 redemptio
3201 3522 3491 3590 dividitur,
3535 3524 3752 3578 donum
3786 3525 3914 3577 divi-

2235 3613 2404 3667 ditur.
2432 3613 2624 3682 Neque
2656 3614 2849 3681 plures
2881 3619 3107 3680 oportet
3141 3629 3280 3673 esse,
3317 3628 3387 3664 ne
3420 3616 3549 3681 quis
3573 3629 3779 3665 vacuus
3805 3611 3916 3681 spei

2236 3705 2292 3754 et
2322 3700 2733 3769 redemptionis
2777 3700 3023 3753 recedat.
3070 3700 3265 3752 Plures
3296 3704 3432 3752 sunt
3478 3700 3708 3769 quando
3757 3698 3919 3767 aliqui

2236 3794 2391 3843 extra
2422 3804 2727 3842 numerum
2762 3795 2927 3842 sunt:
2966 3813 2989 3834 ‹‹
3025 3789 3213 3841 Sancti
3244 3796 3437 3841 autem
3476 3791 3762 3842 numerati
3795 3792 3916 3841 sunt

2235 3894 2453 3936 omnes,
2506 3882 2563 3929 et
2595 3877 2784 3945 capilli
2834 3893 3035 3930 eorum
3084 3876 3302 3945 (Matth.
3364 3893 3418 3940 Χ,
3480 3876 3594 3942 30).
3651 3879 3919 3946 Cognovit

2236 3966 2389 4018 enim
2434 3966 2710 4018 Dominus
2757 3965 2855 4035 qui
2900 3974 3032 4018 sunt
3080 3965 3261 4033 ipsius
3312 3966 3387 4032 (Il
3443 3968 3578 4019 Tim.
3636 3982 3694 4030 ιι,
3754 3968 3851 4033 19).
3894 3990 3915 4011 ν

2238 4056 2430 4123 Neque
2478 4054 2792 4123 pauciores,
2840 4070 2911 4106 ne
2962 4053 3088 4123 quis
3135 4054 3559 4121 magnitudines
3609 4053 3808 4121 gratiae.
3851 4053 3913 4102 sit

2234 4144 2305 4196 ad
2368 4143 2757 4211 recipiendum
2818 4142 3117 4195 inﬁrmior.
3182 4144 3243 4195 Et
3298 4142 3422 4195 ideo
3477 4158 3677 4194 omnes
3735 4157 3912 4210 requa-

2236 4230 2455 4282 litatem
2509 4230 2829 4284 devotionis
2868 4236 2924 4283 et
2971 4230 3104 4283 ﬁdei
3155 4230 3374 4283 deferre
3414 4231 3691 4300 praecepit
3730 4231 3786 4282 in
3826 4230 3915 4281 Pa-

2165 4326 2206 4378 D
2237 4316 2419 4389 scha.]

2309 4408 2385 4461 De
2414 4408 2518 4459 hac
2567 4422 2647 4472 re,
2680 4406 2737 4460 id
2784 4411 2869 4459 est
2912 4407 3305 4476 redemptione
3347 4407 3643 4476 sanguinis
3696 4405 3912 4467 Christi,

2234 4497 2406 4549 etiam
2455 4496 2654 4549 beatus
2684 4496 2793 4549 Leo
2826 4496 2904 4548 ita
2953 4495 3148 4549 docet:
3182 4494 3421 4567 [Effusio
3454 4497 3607 4549 enim
3642 4512 3743 4566 pro
3781 4496 3915 4563 inju-

2235 4584 2335 4635 stis
2356 4584 2649 4652 sanguinis
2689 4584 2829 4636 Justi
2871 4590 2986 4637 tam
3027 4590 3228 4653 potens
3280 4586 3385 4638 fuit
3411 4585 3479 4637 ad
3533 4585 3909 4654 privilegium,

2232 4676 2349 4725 tam
2382 4672 2536 4725 dives
2567 4672 2634 4725 ad
2662 4672 2933 4741 pretium,
2972 4677 3031 4724 ut
3057 4673 3103 4724 si
3127 4672 3465 4725 universitas
3498 4672 3841 4742 captivorum
3864 4670 3912 4721 in

2234 4760 2672 4829 Redemptorem
2708 4777 2872 4813 suum
2897 4760 3212 4821 crederent,
3248 4762 3469 4814 nullum
3500 4761 3789 4830 tyrannica
3807 4759 3914 4809 vin-

2234 4851 2361 4902 cula
2411 4849 2768 4918 retinerent.]
2834 4850 2897 4902 Et
2956 4850 3210 4903 iterum:
3274 4850 3376 4919 [Ita
3437 4851 3710 4903 Dominus
3762 4850 3909 4902 Jesus

2236 4938 2494 4993 Christus
2552 4939 2805 4991 humano
2855 4939 3055 5007 generi
3112 4954 3214 4991 sua
3271 4944 3455 4991 morte
3512 4938 3811 5000 consuluit,
3857 4938 3911 4987 ut

2236 5033 2656 5080 sacramentum
2703 5027 2900 5079 salutis
2936 5027 3109 5080 etiam
3145 5027 3281 5096 ipsis
3316 5028 3777 5096 persecutoribus
3809 5039 3910 5076 non

2236 5120 2491 5184 negaret.
2550 5115 2654 5177 Qui
2703 5114 2857 5168 enim
2914 5119 3146 5167 venerat
3217 5115 3493 5168 universis
3565 5113 3909 5168 credentibus

2235 5203 2427 5257 omnia
2482 5208 2712 5272 peccata
2790 5204 3101 5269 dimittere,
3159 5220 3191 5256 a
3248 5204 3499 5273 generali
3567 5200 3909 5272 indulgentia

2234 5307 2340 5344 nec
2370 5290 2666 5344 Judaicum
2718 5292 2896 5344 voluit
2935 5291 3150 5344 crimen
3184 5291 3531 5363 excludere]
3575 5293 3642 5345 Et
3672 5292 3903 5344 iterum:

2241 5378 2400 5450 [Quid
2434 5378 2586 5430 enim
2614 5377 2765 5431 aliud
2811 5377 2928 5447 egit
2956 5394 3089 5431 crux
3114 5379 3340 5445 Christi,
3373 5396 3547 5449 quam
3598 5385 3662 5433 ut
3701 5379 3905 5433 destru-

2234 5465 2338 5518 ctis
2398 5464 2715 5518 inimicitiis
2769 5466 3162 5520 reconcilietur
3214 5467 3462 5520 mundus
3518 5468 3653 5536 Deo,
3726 5472 3778 5519 et
3814 5476 3907 5533 per

2233 5551 2573 5606 sacriﬁcium
2594 5552 2946 5608 immaculati
2985 5554 3118 5626 agni
3144 5554 3204 5609 in
3237 5571 3428 5610 veram
3458 5571 3658 5625 pacem
3686 5569 3811 5607 cum
3842 5565 3905 5604 eo
