4096 6186
217 266 353 318 1133

209 394 597 466 revocantum]
660 397 915 465 Itemque
979 393 1130 447 alibi.
1203 393 1583 465 [Otferebatur
1641 396 1794 448 enim
1871 411 1906 448 a
1943 399 1982 449 A
2021 396 2125 465 l3).
2161 419 2181 442 ι

210 484 457 538 Domino
488 500 591 554 pro
625 485 807 536 salute
843 483 1042 536 mundi
1079 482 1262 534 hostia
1291 482 1616 552 singularis,
1669 487 1726 536 et
1756 484 1908 536 occi-

206 571 289 625 sio
321 572 442 626 veri
472 571 606 641 agni
647 587 751 640 per
781 576 866 624 tot
910 572 1115 623 saecula
1160 570 1467 639 prazdicata
1509 570 1909 639 promissionis

203 660 360 714 ﬁlios
388 660 446 713 in
477 661 800 713 libertatem
837 658 972 712 ﬁdei
1005 659 1398 711 transferebat.
1449 657 1909 712 Couﬁrmabatur

207 766 444 819 quoque
489 749 918 802 Testamentum
965 747 1205 812 Novum,
1259 755 1316 800 et
1369 746 1575 802 Christi
1627 747 1908 817 sanguine

207 837 416 891 alterni
473 836 633 906 regni
693 835 1084 889 scribebantur
1135 835 1411 888 haeredes.
1477 835 1908 904 Ingrediebatur

206 940 472 978 summus
511 923 768 994 pontifex
813 923 1016 976 Sancta
1066 926 1416 990 sanctorum,
1451 927 1505 975 et
1551 923 1622 976 ad
1663 940 1908 976 exoran-

210 1017 351 1070 dum
414 1016 725 1070 Dominum
778 1014 1176 1067 immaculatus
1240 1013 1500 1066 sacerdos
1562 1029 1664 1082 per
1717 1014 1906 1067 velum

207 1121 329 1158 sua:
393 1103 578 1156 carnis
649 1101 942 1170 intrabat.]
1000 1103 1067 1156 Et
1144 1101 1254 1154 alio
1327 1102 1488 1155 loco:
1559 1100 1906 1173 [Iucarnatio

209 1193 431 1263 quippe
474 1192 652 1259 verbi,
711 1196 767 1245 et
800 1190 1006 1244 occisio
1040 1207 1102 1244 ac
1149 1191 1484 1244 resurrectio
1538 1189 1743 1244 Christi
1777 1189 1906 1243 uni-

210 1297 510 1335 versorum
547 1280 806 1334 ﬁdelium
847 1279 998 1332 salus
1032 1279 1178 1332 facta
1200 1285 1310 1344 est;
1345 1284 1400 1332 et
1451 1278 1681 1348 sanguis
1741 1279 1908 1330 unius

203 1370 367 1440 justi,
404 1368 557 1439 quod
608 1369 770 1421 nobis
815 1369 1068 1434 donavit,
1103 1367 1202 1437 qui
1253 1383 1383 1421 eum
1441 1384 1544 1437 pro
1574 1367 1908 1419 reconcilia-

208 1459 364 1511 tione
401 1457 594 1510 mundi
641 1457 926 1510 credimus
960 1457 1172 1524 fusum,
1207 1456 1310 1509 hoc
1359 1456 1596 1509 contulit
1627 1455 1905 1524 patribus,

209 1547 310 1617 qui
335 1546 601 1600 similiter
625 1546 988 1599 crediderunt
1008 1544 1410 1614 fundendum.]

283 1636 487 1688 Beatus
518 1634 688 1687 etiam
737 1635 1111 1703 Hieronymus
1159 1634 1216 1685 in
1257 1633 1614 1703 expositione
1644 1632 1907 1700 Epistolas

209 1722 279 1776 ad
321 1722 566 1786 Galatas,
601 1737 729 1774 cum
763 1721 832 1774 de
883 1720 1095 1773 eisdem
1123 1720 1330 1772 sanctis
1384 1719 1717 1788 loqueretur
1760 1719 1904 1771 anti-

209 1810 373 1881 quis:
411 1811 631 1880 [Nemo,
669 1809 876 1879 inquit,
899 1809 1126 1861 illorum
1153 1808 1220 1862 de
1243 1808 1543 1861 maledicto
1574 1809 1901 1877 quempiam

207 1899 476 1952 liberavit
507 1898 718 1968 absque
751 1898 874 1950 solo
913 1897 1157 1950 Domino
1187 1897 1319 1949 Jesu
1344 1896 1582 1960 Christo,
1619 1895 1716 1966 qui
1766 1912 1898 1965 pre—

208 1987 354 2040 tioso
403 1987 681 2056 sanguine
729 2003 852 2052 suo,
903 1990 958 2038 et
1007 2001 1109 2039 nos
1149 2001 1368 2047 omnes,
1401 1990 1456 2037 et
1480 1984 1631 2054 ipsos
1658 1985 1903 2053 Moysem

203 2076 332 2130 dico
364 2081 422 2129 et
445 2079 658 2142 Aaron,
692 2075 1117 2145 prophetasque
1162 2080 1395 2127 cunctos
1447 2079 1504 2125 et
1551 2073 1903 2142 patriarchas

205 2163 272 2217 de
306 2164 613 2217 maledicto
652 2163 795 2233 legis
830 2162 1088 2215 redemit.
1141 2163 1250 2215 Nec
1284 2162 1387 2214 hoc
1439 2176 1567 2214 meo
1598 2179 1764 2214 sensu
1817 2161 1901 2215 di-

203 2257 360 2305 ctum
408 2249 653 2320 putetis;
704 2249 994 2319 Scriptura
1042 2249 1202 2302 testis
1253 2253 1354 2314 est,
1384 2248 1517 2317 quia
1570 2267 1597 2299 α
1649 2248 1902 2302 Christus

203 2340 392 2409 gratia
422 2338 524 2392 Dei
552 2354 655 2408 pro
679 2337 943 2392 omnibus
975 2342 1236 2390 mortuus
1259 2342 1342 2390 est
1372 2337 1465 2403 (II
1489 2338 1608 2392 Cor.
1636 2353 1688 2403 v,
1720 2336 1800 2406 15)
1828 2353 1841 2401 ;
1875 2358 1895 2383 ι

203 2429 251 2482 si
281 2432 475 2480 autem
508 2443 609 2498 pro
639 2426 926 2490 omnibus,
957 2431 1012 2478 et
1043 2441 1144 2495 pro
1166 2426 1370 2494 Moyse,
1397 2431 1452 2477 et
1486 2440 1590 2493 pro
1623 2422 1902 2476 universis

200 2515 520 2588 prophetis.
554 2515 594 2568 E
627 2515 833 2586 quibus
864 2513 1056 2566 nullus
1087 2513 1269 2583 potuit
1298 2514 1483 2566 delere
1519 2531 1546 2562 «
1589 2511 1901 2581 Chirogra-

201 2606 383 2676 phum
414 2610 594 2670 vetus,
646 2603 800 2674 quod
843 2603 1144 2656 adversum
1188 2619 1290 2654 nos
1343 2601 1617 2670 scriptum
1669 2605 1810 2666 erat,
1846 2603 1901 2653 et

203 2694 442 2764 afﬁgere
499 2693 640 2746 illud
695 2691 870 2746 cruci.
922 2691 1130 2746 Omnes
1179 2690 1333 2743 enim
1385 2695 1782 2758 peccaverunt,
1843 2693 1900 2742 et

101 2843 114 2858 ‘
203 2786 378 2852 egent
437 2781 616 2852 gloria
680 2780 774 2834 Dei
831 2781 963 2850 (Col.
1025 2795 1091 2844 ης
1150 2782 1297 2834 Rom.
1333 2778 1437 2845 ιιι).
1473 2800 1500 2826 ››
1558 2779 1698 2830 Item
1748 2777 1898 2830 idem

203 2872 405 2924 doctor
448 2885 732 2940 exponens
775 2869 918 2922 illud
962 2867 1117 2938 quod
1145 2884 1246 2938 per
1285 2867 1622 2936 prophetam
1668 2866 1735 2919 de
1785 2865 1896 2917 Do-

1321 261 1410 314 DE
1451 260 1789 315 TENENDA
1829 262 2243 318 SCltIPTURZE
2286 263 2649 317 VERITATE.

3586 272 3718 325 H3’r

2247 398 2385 450 Item
2425 397 2484 448 in
2511 395 2840 450 tractatibus
2893 397 2949 450 in
2980 398 3256 452 Joannem
3307 399 3715 470 evangelistam

2019 483 2227 549 (Tract.
2279 484 2346 537 48
2377 499 2388 536 :
2428 484 2479 552 [α
2515 485 2724 551 Estote,
2757 485 2966 554 inquit,
3003 503 3152 539 oves.
3189 509 3208 534 ι
3247 488 3386 541 Oves
3428 489 3712 542 credendo

2017 576 2150 625 sunt
2171 588 2332 639 oves;
2366 579 2654 642 pastorem
2685 574 2973 643 sequendo
2996 580 3125 628 sunt
3157 593 3327 642 oves;
3359 577 3712 647 Redempto-

2019 675 2139 712 rem
2172 677 2287 713 non
2331 661 2755 714 contemnendo
2803 667 2936 714 sunt
2974 679 3135 729 oves;
3193 680 3296 734 per
3354 666 3565 718 ostium
3625 666 3714 720 in-

2017 749 2220 802 trando
2281 753 2416 802 sunt
2468 765 2635 815 oves;
2691 751 2972 815 exeundo,
3015 757 3070 804 et
3117 769 3328 822 pascua
3363 753 3710 808 inveniendo

2018 842 2149 890 sunt
2177 853 2328 890 oves.
2362 835 2661 900 Quomodo
2695 853 2829 907 ergo
2862 837 2984 891 istis
3016 840 3160 894 dixit
3191 857 3203 894 :
3235 863 3263 892 α
3307 842 3431 894 Non
3481 843 3616 895 estis
3650 859 3714 896 ex

2019 926 2220 979 ovibus
2256 925 2437 978 meis?
2483 925 2656 995 (Joan.
2690 942 2744 992 x,
2787 926 2896 994 26.)
2930 946 2956 977 ι)
3020 927 3162 991 Quia
3217 930 3438 983 videbat
3492 947 3589 984 cos
3642 932 3711 985 ad

2017 1013 2433 1084 sempiternum
2469 1013 2762 1067 interitum
2798 1015 3253 1084 praedestinatos,
3298 1033 3410 1070 non
3439 1018 3504 1071 ad
3535 1018 3710 1072 vitam

2017 1107 2291 1155 aeternam
2350 1102 2645 1171 sanguinis
2697 1103 2881 1173 pretio
2928 1103 3337 1176 comparatos]
3389 1107 3528 1158 Item
3583 1106 3711 1160 ibi:

2020 1189 2182 1262 [Tota
2220 1190 2315 1243 illa
2338 1190 2460 1260 ejus
2493 1191 2701 1260 passio,
2735 1197 2928 1244 nostra
2972 1193 3235 1262 purgatio
3269 1209 3280 1245 :
3317 1199 3400 1245 est
3443 1209 3711 1262 passurus

2016 1278 2195 1347 igitur
2227 1278 2418 1344 exitia,
2453 1279 2728 1348 prasmisit
2771 1281 3064 1350 obsequia,
3101 1298 3214 1333 non
3263 1281 3446 1334 solum
3480 1282 3557 1335 eis
3610 1300 3711 1352 pro

2016 1367 2226 1437 quibus
2258 1374 2379 1420 erat
2438 1369 2732 1420 subiturus
2782 1374 3051 1434 mortem,
3114 1370 3207 1422 sed
3270 1370 3442 1422 etiam
3499 1370 3579 1422 illi
3612 1371 3710 1438 qui

2018 1471 2148 1508 eum
2207 1455 2393 1508 fuerat
2449 1456 2765 1509 traditurus
2823 1457 2892 1510 ad
2950 1457 3242 1528 mortem.)
3310 1460 3370 1511 Et
3428 1460 3538 1511 alio
3587 1460 3712 1513 loco

2017 1544 2222 1613 (Tract.
2258 1545 2344 1613 6?)
2379 1560 2390 1596 :
2426 1545 2476 1614 [α
2511 1545 2671 1608 Quod
2723 1545 2873 1611 facis,
2920 1545 3128 1615 inquit,
3193 1546 3274 1598 fac
3332 1547 3498 1600 citius
3533 1553 3706 1616 (Joan.

2018 1648 2134 1696 XIII,
2171 1635 2278 1699 '27).
2317 1653 2343 1679 n
2383 1633 2503 1685 Non
2543 1634 2812 1702 praecepit
2858 1632 3094 1696 facinus,
3132 1633 3230 1686 sed
3263 1634 3525 1703 praedixit
3553 1636 3712 1689 .luda:

2017 1721 2253 1786 malum,
2294 1721 2456 1773 nobis
2486 1721 2722 1773 bonum.
2753 1721 2894 1784 Quid
2918 1722 3068 1774 enim
3093 1721 3250 1775 Iuda:
3275 1726 3460 1791 pejus,
3485 1728 3542 1775 et
3569 1724 3711 1792 quid

2015 1809 2178 1861 nobis
2218 1809 2423 1862 melius
2481 1825 2652 1879 quam
2698 1810 2938 1862 traditus
2977 1810 3250 1874 Christus,
3287 1811 3355 1863 ab
3391 1811 3485 1863 illo
3511 1817 3712 1865 contra

2012 1897 2200 1965 illum,
2236 1914 2338 1966 pro
2369 1897 2531 1950 nobis
2566 1904 2774 1968 praéter
2807 1896 3014 1969 illum.]
3055 1900 3115 1950 Et
3146 1899 3256 1951 alio
3286 1899 3406 1952 loco
3444 1915 3456 1952 :
3488 1897 3707 1969 [Quan-

2013 1991 2134 2040 tum
2170 1987 2298 2052 sibi,
2335 1987 2544 2056 inquit,
2575 1993 2960 2056 assumpserat
2999 1990 3197 2041 Petrus
3241 1987 3517 2042 intuendo
3568 1988 3708 2058 quid

2010 2081 2202 2146 posset
2235 2093 2247 2128 :
2281 2081 2563 2146 quantum
2591 2076 2696 2128 sibi
2729 2082 3132 2146 assumpserat,
3166 2083 3230 2129 ut
3263 2093 3390 2129 cum
3445 2099 3471 2124 «
3510 2077 3706 2130 Domi.

2008 2180 2116 2217 nus
2147 2165 2391 2217 venisset
2429 2164 2679 2217 animam
2728 2181 2889 2218 suam
2935 2181 3151 2234 ponere
3192 2181 3294 2235 pro
3344 2165 3542 2218 amicis
3588 2166 3707 2219 suis

2011 2252 2186 2322 (Joan.
2220 2268 2336 2314 xm,
2367 2255 2480 2321 37),
2518 2275 2537 2300 ι
2573 2270 2636 2305 ac
2659 2269 2758 2321 per
2788 2252 2895 2305 hoc
2925 2258 2976 2306 et
3009 2271 3112 2323 pro
3144 2254 3289 2322 ipso,
3327 2253 3419 2306 ille
3455 2255 3560 2308 hoc
3592 2256 3704 2308 Do-

2011 2341 2168 2395 mino
2203 2341 2405 2394 oﬁ'erre
2433 2341 2762 2405 conﬁderet,
2801 2347 2857 2395 et
2882 2358 2995 2395 non
3048 2359 3150 2412 pro
3202 2359 3259 2395 se
3290 2344 3468 2413 posita
3516 2343 3707 2396 anima

2009 2430 2241 2493 Christi,
2292 2431 2543 2482 animam
2579 2447 2739 2484 suam
2796 2431 3164 2500 polliceretur
3220 2432 3544 2501 positurum
3599 2449 3703 2501 pro

2010 2518 2277 2587 Christo.]
2325 2519 2388 2571 Et
2419 2519 2554 2572 alibi
2586 2534 2597 2572 :
2634 2517 2910 2591 [Christus
2950 2521 3212 2586 salvator,
3264 2521 3416 2589 quod
3473 2525 3557 2573 est
3599 2537 3705 2574 no-

2010 2623 2144 2659 men
2178 2605 2324 2674 ejus,
2357 2605 2620 2659 ﬁdelibus
2661 2607 2780 2676 ejus
2813 2623 2826 2660 :
2863 2615 2947 2660 est
2979 2607 3193 2678 quippe
3234 2607 3429 2677 impiis
3462 2614 3517 2661 et
3544 2608 3702 2661 dam-

2009 2701 2176 2748 nator
2213 2694 2312 2764 qui
2345 2694 2616 2764 dignatur
2653 2695 3068 2750 ﬁdelibusesse
3101 2694 3386 2767 salvator.]

2081 2783 2281 2835 Beatus
2311 2783 2547 2835 antistes
2596 2788 2652 2836 et
2711 2789 2925 2852 martyr
2976 2783 3290 2854 Cyprianus
3343 2784 3401 2836 in
3450 2784 3593 2839 libro
3637 2784 3706 2838 de

2013 2871 2199 2923 Laude
2251 2870 2507 2939 martyrii
2547 2875 2602 2922 et
2656 2875 2992 2939 martyrum,
3055 2871 3360 2923 ostendens
3419 2888 3450 2922 a
3502 2872 3704 2925 mundi

204 2959 366 3012 mino
400 2958 617 3012 dictum
679 2964 812 3012 est:
871 2979 892 3007 ι
954 2959 1061 3010 Iste
1121 2961 1388 3026 asperget
1445 2959 1643 3024 gentes
1687 2953 1898 3006 multas
1934 2971 1974 3024 (ς
2007 2957 2174 3010 initio
2218 2957 2654 3028 praedestinatos
2705 2958 2804 3026 qui
2834 2957 3045 3010 Christi
3100 2958 3380 3026 sanguine
3442 2974 3705 3027 asperge-

201 3047 343 3118 (Isa.
380 3063 472 3109 LII,
509 3048 617 3114 15),
655 3068 682 3095 ››
735 3046 1039 3112 mandans,
1091 3045 1301 3116 inquit,
1334 3060 1428 3096 eas
1459 3042 1737 3112 sanguine
1771 3058 1898 3110 suo,

202 3142 255 3190 et
285 3136 346 3188 in
379 3135 717 3205 baptismate
751 3135 848 3188 Dei
890 3149 1225 3187 consecrans
1283 3130 1588 3203 servituti.]
1644 3132 1784 3184 Item
1840 3131 1898 3182 in

204 3224 648 3278 Commentariis
682 3222 973 3293 Evangelii
1030 3222 1342 3275 secundum
1399 3221 1726 3276 Matthmum
1771 3234 1901 3272 cum

205 3314 379 3366 verba
410 3312 634 3367 Domini
666 3316 976 3382 exponeret
1006 3310 1247 3365 dicentis
1281 3326 1295 3362 :
1330 3331 1357 3358 «
1388 3310 1541 3364 Sicut
1589 3309 1761 3362 Filius
1796 3309 1896 3362 ho—

202 3401 376 3456 minis
418 3418 532 3455 non
566 3401 720 3455 venit
768 3399 1105 3466 ministrari,
1134 3399 1231 3452 sed
1283 3399 1628 3462 ministrare,
1679 3403 1735 3450 et
1766 3397 1901 3450 dare

201 3491 459 3544 animam
491 3505 654 3545 suam
681 3489 1137 3558 redemptionem
1178 3502 1280 3558 pro
1313 3487 1506 3540 multis
1554 3486 1769 3555 (Matth.
1808 3502 1899 3551 xx,

208 3581 318 3648 l8).
349 3601 376 3627 »
413 3579 557 3648 [Non
587 3577 748 3643 dixit,
782 3577 990 3648 inquit,
1015 3576 1150 3630 dare
1182 3575 1434 3629 animam
1475 3589 1637 3628 suam
1675 3573 1898 3627 redem-

203 3668 462 3738 ptionem
489 3683 594 3736 pro
627 3666 913 3729 omnibus,
950 3665 1048 3719 sed
1077 3681 1184 3734 pro
1217 3662 1432 3730 multis,
1467 3663 1521 3716 id
1577 3667 1662 3716 est
1680 3679 1784 3733 pro
1812 3662 1902 3716 his

203 3756 303 3827 qui
332 3755 564 3808 credere
596 3753 926 3822 voluerint.]

276 3845 422 3899 Item
450 3844 649 3897 beatus
678 3843 1033 3912 Augustinus
1061 3842 1117 3894 in
1145 3842 1285 3895 libro
1324 3841 1392 3893 de
1425 3841 1637 3894 Natura
1673 3843 1728 3892 et
1765 3856 1901 3910 gra-

204 3933 285 3987 tia
321 3950 333 3986 :
364 3930 381 4004 [
415 3951 442 3981 ((
481 3932 580 3999 Ea,
611 3931 818 4001 inquit,
855 3931 1190 4000 fidesjnstos
1213 3929 1432 3982 sanavit
1461 3929 1747 3998 antiquos,
1774 3945 1901 3999 quae

204 4026 363 4075 sanat
400 4027 457 4073 et
487 4036 610 4086 nos,
652 4019 707 4073 id
736 4023 819 4072 est
849 4018 1180 4072 mediatoris
1235 4018 1335 4071 Dei
1362 4022 1418 4071 et
1465 4017 1763 4071 hominum
1797 4019 1900 4072 ho-

207 4109 379 4164 minis
430 4108 638 4163 Christi
692 4109 823 4162 Jesu
859 4109 908 4177 (Ι
951 4111 1092 4162 ’I‘im.
1142 4123 1200 4171 ιι,
1236 4105 1364 4172 5,)››
1414 4105 1553 4160 ﬁdes
1607 4106 1904 4175 sanguinis

205 4199 346 4270 ejus,
382 4198 524 4252 ﬁdes
554 4198 737 4251 crucis
768 4198 908 4266 ejus,
948 4196 1090 4250 ﬁdes
1119 4195 1324 4249 mortis
1369 4200 1424 4248 et
1471 4194 1905 4248 resurrectionis

2009 3052 2209 3100 rentur
2239 3052 2294 3099 et
2317 3047 2766 3099 mundarentur:
2814 3044 2882 3116 [Ο
2914 3045 3084 3110 beati,
3119 3046 3326 3116 inquit,
3358 3063 3500 3117 quos
3529 3063 3562 3099 a
3586 3047 3704 3116 pri-

2010 3136 2235 3190 mordio
2270 3135 2474 3189 mundi
2511 3136 2738 3188 Domini
2763 3136 2995 3206 sanguis
3030 3136 3242 3197 infecit,
3294 3140 3350 3189 et
3399 3152 3542 3206 quos
3590 3151 3706 3188 me-

2010 3225 2120 3279 rito
2150 3225 2421 3295 splendor
2464 3224 2569 3278 iste
2612 3224 2763 3277 nivei
2807 3225 3046 3277 amictus
3085 3223 3336 3277 induerit
3380 3229 3437 3276 et
3491 3223 3706 3277 candor

2010 3315 2169 3367 stolas
2197 3313 2501 3366 ambientis
2533 3310 2795 3382 ornarit.]
2826 3312 2965 3365 Item
3013 3313 3066 3364 in
3102 3312 3244 3365 libro
3289 3312 3357 3364 ad
3390 3311 3702 3366 Demetria-

2013 3419 2152 3456 num
2183 3419 2195 3455 :
2236 3402 2432 3471 [Hanc,
2466 3401 2673 3471 inquit,
2716 3401 2959 3470 gratiam
2989 3401 3246 3455 Christus
3275 3400 3552 3470 impertit,
3597 3399 3704 3453 hoc

2010 3505 2221 3543 munus
2253 3490 2662 3544 misericordia:
2693 3506 2807 3543 sua:
2841 3489 3058 3556 tribuit,
3093 3489 3410 3559 subigendo
3459 3492 3705 3541 mortem

2010 3582 2225 3648 tropaeo
2260 3579 2460 3643 crucis,
2497 3577 2830 3630 redimendo
2851 3578 3182 3632 credentem
3214 3578 3400 3648 pretio
3447 3577 3535 3630 sui
3574 3591 3704 3629 san-

2011 3666 2222 3736 guinis,
2273 3667 2696 3720 reconciliando
2758 3667 3056 3719 hominem
3117 3668 3230 3719 Deo
3289 3665 3463 3728 Patri,
3519 3665 3698 3719 viviﬁ-

2010 3754 2191 3808 cando
2260 3754 2558 3807 mortalem
2612 3754 3046 3822 regeneratione
3113 3754 3353 3818 ccelesti;
3424 3753 3599 3817 hunc,
3660 3752 3707 3804 si

2009 3842 2133 3896 ﬁeri
2165 3847 2369 3913 potest,
2406 3859 2715 3913 sequamur
2739 3858 2953 3909 omnes,
3009 3841 3180 3911 hujus
3234 3845 3613 3907 sacramento,
3647 3844 3705 3894 et

2011 3931 2176 4000 signo
2234 3946 2586 3984 censeamur.
2628 3931 2725 3985 [-lic
2767 3930 2930 3983 nobis
2983 3931 3133 3983 viam
3164 3930 3287 3983 vita:
3342 3929 3553 4000 aperit;
3616 3927 3707 3982 hic

2011 4021 2079 4073 ad
2112 4019 2441 4088 paradisum
2495 4019 2728 4073 reduces
2779 4019 2943 4084 facit;
2979 4019 3070 4072 hic
3124 4020 3192 4072 ad
3220 4020 3494 4072 cmlorum
3525 4034 3703 4087 regna

2013 4108 2289 4178 perducit.
2325 4108 2465 4163 Cum
2498 4108 2620 4177 ipso
2658 4123 2885 4176 semper
2913 4107 3166 4160 vivemus
3205 4094 3335 4160 facti
3367 4122 3468 4175 per
3514 4106 3703 4176 ipsum

2017 4197 2120 4250 filii
2173 4197 2323 4251 Dei:
2381 4212 2508 4251 cum
2581 4197 2706 4266 ipso
2757 4196 3167 4250 exsultabimus
3241 4210 3469 4263 semper
3529 4194 3708 4262 ipsius

205 4267 349 4357 ejus.
387 4304 415 4336 α
466 4286 746 4340 Habentes
792 4301 930 4355 ergo
982 4301 1113 4338 eum
1167 4283 1436 4352 spiritum
1496 4283 1648 4344 ﬁdei,
1690 4287 1745 4336 et
1801 4299 1905 4335 nos
1945 4267 1989 4318 Ῑ)
2021 4300 2224 4339 cruore
2254 4283 2553 4356 reparati.]
2578 4289 2778 4340 Amen.

204 4375 516 4439 credimus,
576 4379 811 4445 prOpter
869 4373 1026 4444 quod
1085 4377 1141 4427 et
1171 4371 1464 4443 loquimur
1518 4370 1589 4440 (Il
1642 4373 1770 4425 Cor.
1824 4387 1902 4432 1v,
