4096 6186
238 174 372 227 1137

1402 167 1709 224 VULFADI
1754 169 2091 226 EPISTOLA
2128 169 2567 225 PASTORALIS.

3598 173 3731 225 ll38

227 299 561 355 Sacerdotes
588 298 911 352 vocamini:
947 299 1125 351 sancti
1156 302 1212 351 et
1245 298 1446 352 mundi
1478 314 1622 364 esse,
1647 304 1704 352 et
1733 315 1917 352 sacer-
1958 303 2003 355 A
2034 298 2182 369 quod
2216 297 2615 369 paenitentiam
2639 302 2694 353 et
2723 298 2991 353 militiam
3014 300 3347 354 saecularem
3370 302 3585 371 pariter
3608 317 3727 356 non

229 389 451 441 dotium
486 392 746 440 sanctum
768 387 939 457 digne
960 392 1153 439 tenere
1176 391 1232 439 et
1262 388 1625 456 frequentari:
1660 387 1882 440 studete
1910 407 1925 454 ;

228 478 504 548 quoniam
530 476 599 530 de
623 475 1013 529 sacerdotibus
1036 474 1313 528 Domi-nus
1334 476 1506 529 dicit:
1537 476 1726 530 Sancti
1747 481 1924 535 estote,

228 568 364 634 quia
410 570 503 633 ego
550 569 770 618 sanctus
813 579 931 617 sum
977 564 1236 617 Dominus
1270 566 1406 617 Deus
1436 570 1628 616 vester.
1665 564 1925 616 Pastores

158 718 161 721 ν
226 652 602 725 appellamini
636 667 647 705 :
674 669 805 706 oves
826 652 1187 722 consignatas
1210 652 1453 705 sollicite
1479 668 1675 721 regere
1708 656 1762 704 et
1793 667 1922 721 pro-

227 743 422 796 videre
463 740 812 794 contendite.
852 740 1250 810 Speculatores
1284 740 1737 810 nuncupamini;
1775 746 1836 792 ut
1866 739 1926 792 in

228 831 423 885 altiori
450 831 722 884 virtutum
758 830 959 900 gradu,
1005 829 1301 883 sanctitate
1352 834 1409 882 et
1457 829 1746 881 intellectu
1799 844 1926 881 vos-

229 920 502 990 metipsos
533 920 771 989 erigere,
824 924 884 971 ut
915 919 1236 971 carnalibus
1279 917 1575 971 desideriis
1624 918 1923 987 superatis,

226 1014 426 1062 contra
461 1008 782 1061 mundanas
825 1007 1072 1076 impetus
1115 1010 1170 1059 et
1218 1006 1502 1076 nequitias
1534 1006 1818 1076 spiritales
1850 1005 1927 1057 vi-

227 1097 414 1150 riliter
438 1096 664 1167 possitis
694 1112 970 1165 pugnare.
1009 1096 1199 1149 Fidem
1239 1111 1469 1166 quoque
1503 1099 1711 1147 rectam
1746 1094 1921 1165 (quod

226 1192 317 1241 est
359 1186 797 1240 fundamentum
830 1184 1090 1238 omnium
1134 1184 1437 1251 virtutum)
1480 1184 1650 1237 corde
1683 1184 1927 1237 firmiter

225 1279 441 1339 tenete,
469 1280 523 1327 et
556 1290 654 1327 ore
693 1273 1015 1343 praedicata,
1047 1279 1101 1326 et
1148 1273 1402 1337 lectioni,
1450 1277 1623 1342 prout
1669 1272 1922 1342 potestis,

226 1362 527 1416 ardentius
574 1362 838 1425 insistite,
891 1377 952 1414 ac
993 1360 1255 1415 meditari
1304 1361 1363 1414 in
1412 1360 1719 1431 Scripturis
1752 1360 1925 1412 sacris

227 1456 285 1503 et
317 1450 525 1504 divinis
554 1449 856 1519 praeceptis
886 1450 1229 1503 contendite.
1269 1449 1523 1503 Orationi
1572 1453 1628 1501 et
1668 1449 1922 1517 psalmo—

229 1538 341 1592 ἀίω
371 1538 678 1607 vigilanter
704 1537 1055 1603 incumbite;
1109 1536 1383 1607 quoniam
1417 1537 1539 1590 hinc
1578 1544 1711 1589 sunt
1740 1551 1917 1601 arma,

228 1626 443 1697 quibus
473 1626 730 1680 diabolus
765 1626 1029 1691 vincitur,
1066 1632 1122 1678 et
1172 1624 1434 1678 minister
1477 1625 1685 1679 Christi
1722 1624 1781 1677 in
1812 1624 1921 1677 tide

228 1720 287 1768 et
315 1715 479 1767 bonis
519 1714 789 1783 operibus
840 1714 1137 1767 solidatur.
1192 1713 1617 1766 Praedicationis
1670 1713 1922 1765 officium

227 1802 493 1872 plebibus
523 1802 681 1855 vobis
728 1802 1043 1855 commissis
1090 1806 1474 1871 congruenter
1505 1802 1843 1870 impendite,
1869 1807 1924 1855 et

226 1891 378 1944 bene
409 1896 644 1959 agentes
677 1891 744 1943 ad
780 1890 1020 1943 meliora
1067 1891 1238 1943 verbo
1272 1896 1326 1943 et
1358 1892 1616 1961 exemplo
1664 1890 1919 1951 invitate,

229 1978 441 2031 Pravos
473 1992 700 2046 quoque
744 1982 799 2029 et
830 1976 1035 2044 impios
1065 1977 1290 2029 fortiter
1322 1978 1645 2047 redarguite
1674 1986 1727 2032 et
1754 1994 1919 2046 repu-

228 2070 424 2135 gnate,
477 2070 533 2118 et
570 2065 869 2118 saeculares
917 2081 1162 2134 pugnas,
1216 2066 1424 2133 minas,
1466 2075 1637 2136 atque
1680 2072 1925 2120 terrores

230 2154 560 2208 nullatenus
590 2153 911 2220 formidate,
947 2160 1003 2207 et
1033 2154 1224 2224 potius
1258 2156 1371 2208 Deo
1394 2172 1565 2226 quam
1590 2156 1921 2209 hominibus

227 2242 457 2312 placere
489 2241 850 2307 contendite;
885 2246 941 2294 et
970 2242 1124 2311 quod
1156 2241 1280 2294 aliis
1311 2241 1633 2310 praedicatis
1658 2241 1717 2293 in
1765 2242 1923 2296 vobis

230 2331 419 2400 primo
451 2332 750 2384 ostendite.
790 2331 1152 2399 Religionem
1185 2334 1242 2383 et
1271 2330 1647 2391 sanctitatem,
1691 2330 1919 2383 castita-

230 2423 345 2472 tem
380 2424 551 2489 atque
588 2419 929 2472 munditiam
960 2435 1079 2489 prin
1118 2418 1384 2472 omnibus
1424 2418 1633 2472 habere
1667 2418 1836 2471 corde
1869 2423 1924 2472 et

230 2523 467 2577 corpore
498 2508 759 2571 stndete;
791 2511 851 2559 ut
878 2507 1115 2560 idoneos
1146 2506 1352 2561 Christi
1385 2506 1672 2559 ministros
1703 2523 1798 2559 vos
1829 2505 1923 2576 ip-

230 2612 320 2648 sos
352 2595 671 2656 ostendere,
717 2599 780 2647 ut
808 2595 1068 2663 exemplo
1101 2593 1413 2647 sanctitatis
1440 2600 1496 2647 et
1524 2593 1819 2664 religionis
1851 2594 1922 2647 ad

231 2683 562 2736 servitutem
618 2682 824 2737 Christi
877 2683 1016 2735 alios
1056 2683 1285 2752 possitis
1352 2681 1670 2744 instruere;
1730 2682 1922 2751 sicque

232 2771 542 2835 munditia,
574 2775 629 2823 et
660 2771 811 2824 nitor
848 2777 1055 2823 sanctae
1089 2771 1553 2830 conversationis,
1590 2776 1761 2839 atque
1791 2786 1923 2824 om-

2032 392 2274 458 possunt
2304 403 2492 457 agere.

2106 475 2148 529 Ο
2180 492 2278 528 vos
2326 492 2556 545 quoque
2594 476 2807 530 laicalis
2853 478 3068 532 ordinis
3114 478 3239 543 viri,
3292 494 3529 532 monere
3577 479 3725 532 desi-

2036 561 2191 628 dero,
2225 568 2279 615 et
2307 564 2649 616 annuntiare
2679 565 2835 617 vobis
2866 582 2931 618 ea
2964 582 3093 637 qua:
3124 566 3194 619 ad
3217 567 3456 619 salutem
3482 570 3729 620 vestram

2033 652 2324 720 pertinent
2354 652 2558 720 cupio;
2585 653 2857 721 quoniam
2908 655 3227 724 periculum
3278 654 3603 707 animarum
3633 670 3726 708 ve-

2035 744 2280 792 strarum
2313 739 2474 791 valde
2518 739 2788 805 formido,
2835 746 2890 793 et
2916 758 3018 810 pro
3051 742 3209 795 vobis
3243 742 3510 796 omnibus
3550 743 3729 795 ratio-

2036 842 2165 878 nem
2200 828 2313 879 Deo
2337 826 2697 879 redditurum
2723 843 2811 880 me
2833 844 2952 881 esse
2979 845 3278 899 cognosco.
3302 830 3440 884 Sunt
3474 846 3726 901 namque

2034 913 2169 966 vitia
2199 920 2255 967 et
2286 922 2535 984 peccata,
2571 930 2673 983 per
2707 930 2835 984 quas
2865 916 3123 968 diabolus
3165 918 3431 969 mortales
3462 918 3722 983 seducit;

2034 1005 2091 1055 et
2120 1002 2189 1056 ad
2222 1003 2329 1056 hoc
2356 1004 2579 1056 assidue
2613 1003 2849 1069 laborat,
2884 1007 2949 1056 ut
2978 1020 3071 1057 eos
3114 1021 3300 1057 secum
3336 1006 3403 1058 ad
3436 1006 3725 1059 infernum

2034 1090 2317 1155 detrudat,
2355 1095 2411 1142 et
2432 1097 2614 1143 morte
2637 1098 2916 1161 perpetua
2944 1091 3177 1145 damnet
3202 1109 3216 1157 ;
3238 1093 3292 1145 id
3316 1098 3399 1145 est
3420 1093 3722 1162 cupiditas,

2034 1178 2319 1248 superbia,
2355 1178 2750 1244 homicidium,
2786 1180 3148 1241 adulterium,
3181 1180 3567 1249 sacrilegium,
3604 1181 3727 1234 for-

2035 1266 2263 1327 nicatio,
2334 1266 2554 1335 rapina,
2624 1266 2967 1337 perjurium,
3044 1268 3251 1321 falsum
3311 1268 3723 1336 testimonium,

2034 1354 2357 1408 invasiones
2408 1371 2597 1407 rerum
2654 1355 3181 1421 ecclesiasticarum,
3248 1356 3728 1410 dehonorationes

2033 1444 2413 1509 sacerdotum,
2458 1445 2786 1511 juramenta
2854 1445 3069 1505 illicita,
3136 1445 3561 1498 maledictiones
3606 1461 3730 1515 pes-

2033 1532 2211 1596 simae,
2246 1532 2697 1602 conspirationes
2730 1532 2961 1603 iniquas,
3013 1533 3414 1598 detractiones,
3467 1549 3727 1587 susurra-

2034 1619 2238 1685 tiones,
2264 1620 2583 1685 discordiaa,
2612 1620 2863 1685 invidias,
2891 1620 3042 1686 odia,
3073 1619 3397 1684 ebrietates,
3423 1621 3729 1674 inhonesta

2032 1708 2210 1775 lucra,
2249 1708 2463 1778 judicia
2494 1709 2724 1778 injusta,
2777 1725 3057 1762 mensura:
3096 1708 3426 1779 inmquales,
3459 1709 3727 1763 amicitiae

2033 1812 2138 1866 per
2162 1802 2582 1850 sacramentum
2624 1797 2919 1865 promissae
2961 1802 3018 1849 et
3047 1797 3293 1861 violata’,
3340 1813 3432 1850 res
3462 1797 3725 1850 ecclesia-

2034 1885 2190 1939 sticas
2220 1885 2289 1938 ab
2323 1884 2571 1937 ecclesiis
2599 1884 2922 1948 subtractae,
2959 1888 3015 1936 et
3058 1883 3116 1936 in
3149 1884 3408 1953 proprias
3439 1883 3682 1937 redactae
3711 1900 3724 1948 ;

2031 1971 2293 2041 pecunias
2326 1978 2383 2025 et
2432 1987 2600 2024 nonas
2648 1971 2717 2023 ab
2751 1971 3023 2036 ecclesiis,
3075 1971 3283 2040 quibus
3333 1970 3539 2024 debitae
3571 1974 3726 2034 sunt,

2033 2061 2361 2127 subtractae,
2386 2064 2443 2113 et
2474 2062 2651 2114 multa
2677 2060 2806 2126 alia,
2835 2076 2962 2131 quae
2996 2059 3274 2113 Dominus
3296 2064 3351 2112 et
3380 2060 3729 2129 Redemptor

2032 2154 2225 2203 noster
2252 2149 2537 2218 prohibet,
2581 2154 2638 2201 et
2667 2147 2928 2202 diabolus
2958 2148 3137 2201 hostis
3161 2153 3218 2200 et
3249 2147 3517 2200 inimicus
3539 2153 3729 2200 noster

2033 2239 2254 2293 suadet.
2310 2239 2435 2293 Haec
2503 2254 2635 2291 vero
2695 2238 2828 2291 vitia
2877 2243 2932 2290 et
2974 2242 3205 2306 peccata
3246 2236 3305 2290 in
3343 2242 3564 2290 tantum
3598 2240 3729 2289 sunt

2033 2327 2246 2397 gravia,
2280 2333 2342 2380 ut
2380 2342 2509 2381 cum
2541 2326 2851 2395 instigante
2881 2326 3110 2380 diabolo
3162 2330 3579 2395 perpetramur,
3629 2324 3728 2376 ho-

2035 2416 2216 2470 mines
2242 2433 2275 2469 a
2308 2418 2419 2470 Deo
2468 2421 2753 2486 separent,
2804 2420 2859 2469 et
2903 2415 3291 2469 haereditatem
3340 2414 3629 2467 caelestem
3662 2428 3728 2464 ac

2032 2507 2210 2559 vitam
2262 2510 2595 2575 perpetuam
2666 2504 2949 2569 auferant,
3003 2508 3058 2557 et
3123 2503 3461 2557 facientibus
3518 2501 3728 2554 inferni

2033 2593 2293 2647 ﬂammas
2319 2597 2375 2646 et
2403 2593 2685 2646 cruciatus
2726 2593 3043 2663 acquirant.
3100 2593 3161 2645 Et
3191 2592 3337 2659 ideo,
3374 2588 3727 2645 dilectissimi

2033 2682 2156 2749 filii,
2193 2683 2428 2736 obsecro
2478 2687 2539 2735 ut
2588 2687 2845 2735 recurrat
2892 2680 3288 2750 unusquisque
3327 2679 3395 2732 ad
3429 2678 3727 2732 conscien-

2031 2770 2172 2824 tiam
2204 2785 2387 2836 suam,
2418 2774 2474 2822 et
2511 2769 2817 2838 diligenter
2843 2767 3100 2836 requirat
3130 2766 3315 2836 qualis
3346 2766 3438 2831 sit,
3474 2766 3562 2818 vel
3591 2780 3721 2835 quae

231 2876 334 2913 nes
366 2860 425 2912 in
465 2876 767 2913 commune
812 2860 1044 2912 virtutes
1090 2859 1151 2912 in
1201 2858 1362 2912 vobis
1385 2859 1802 2927 resplendeant,
1838 2863 1919 2923 ut,
1960 2870 1999 2924 c
2031 2858 2090 2911 in
2122 2858 2389 2928 pueritia,
2441 2858 2498 2910 in
2550 2855 2952 2921 adolescentia,
3002 2855 3063 2907 in
3103 2854 3423 2924 juventute,
3472 2853 3530 2905 in
3568 2850 3727 2904 omni

231 2948 276 3001 si
308 2948 497 3001 minor
521 2947 593 3001 sit
622 2948 681 3000 in
711 2948 867 3001 vobis
917 2947 1173 3001 doctrina
1221 2963 1394 3017 quam
1444 2947 1657 3013 deceat,
1711 2947 1923 3001 munda

230 3042 287 3090 et
312 3042 505 3089 sancta
537 3036 888 3090 conversatio
921 3036 1206 3106 subjectos
1237 3040 1452 3089 vestros
1483 3036 1551 3089 ad
1585 3035 1727 3089 bene
1748 3051 1921 3106 agen-

231 3120 370 3174 dum
412 3121 714 3187 informet;
747 3125 804 3173 et
852 3121 1004 3190 quod
1048 3121 1219 3175 verbo
1263 3126 1317 3174 et
1363 3121 1766 3189 praedicatione
1806 3138 1923 3175 non

228 3210 431 3263 valetis
461 3215 722 3279 exempto
767 3210 943 3263 totius
991 3209 1259 3263 bonitatis
1308 3210 1593 3263 doceatis:
1646 3210 1923 3280 quoniam

230 3299 393 3367 cujus
420 3298 532 3352 vita
562 3298 892 3367 despicitur,
927 3303 1103 3351 restat
1131 3303 1195 3351 ut
1237 3299 1361 3367 ejus
1408 3299 1735 3369 praedicatio
1780 3314 1923 3352 con-

228 3390 538 3439 temnatur.
571 3387 917 3441 Charitatem
953 3386 1262 3439 fraternam
1314 3394 1520 3451 amate,
1564 3392 1621 3440 et
1668 3387 1922 3456 hospita-

229 3475 449 3528 litatem
501 3475 739 3546 diligite,
795 3480 851 3528 et
896 3491 996 3543 per
1060 3474 1355 3529 saecularia
1404 3475 1636 3543 negotia
1680 3475 1926 3545 turpiter

230 3565 410 3617 nolite
441 3563 777 3629 discurrere,
811 3580 881 3616 ne
920 3564 1182 3617 videatur
1224 3565 1281 3617 in
1334 3564 1491 3617 vobis
1541 3564 1923 3617 ministerium

231 3668 456 3706 sacrum
489 3653 775 3706 vilescere.
804 3653 1333 3721 Irreprehensibiles
1379 3669 1477 3705 vos
1520 3652 1578 3705 in
1610 3652 1764 3706 omni
1795 3668 1927 3706 con-

231 3741 556 3795 versatione
612 3748 669 3794 et
718 3746 841 3794 acta
888 3741 1170 3806 exhibete,
1234 3758 1305 3795 ne
1359 3757 1566 3794 nomen
1606 3742 1811 3795 Christi
1864 3743 1925 3795 in

231 3830 391 3885 vobis
417 3831 599 3901 possit
632 3829 1036 3900 blasphemari.
1072 3830 1436 3899 Quaecunque
1486 3829 1682 3900 iniqua
1713 3830 1798 3882 vel
1838 3829 1927 3883 in-

233 3920 497 3983 honesta,
532 3924 631 3972 aut
658 3925 807 3972 certe
846 3918 1166 3987 periculosa
1195 3917 1253 3970 in
1288 3917 1559 3987 gregibus
1590 3918 1796 3972 Christi
1823 3934 1924 3972 vo-

232 4008 321 4062 bis
355 4006 692 4082 commissis,
738 4008 796 4060 in
828 4006 1157 4076 potentibus
1205 4011 1262 4059 et
1314 4007 1714 4073 nobilioribus,
1768 4013 1823 4060 et
1866 4008 1927 4062 in

232 4095 555 4150 minoribus
589 4101 645 4148 et
672 4094 1044 4165 pauperibus,
1078 4093 1135 4146 in
1169 4094 1435 4147 masculis
1464 4094 1579 4147 sive
1606 4095 1663 4148 in
1698 4095 1923 4149 feminis

233 4184 563 4255 conspicere
635 4190 691 4237 et
739 4183 1059 4252 intelligere
1106 4183 1362 4252 potestis,
1424 4182 1545 4236 sine
1592 4184 1783 4236 favore
1825 4190 1925 4239 aut

231 4274 428 4344 aliqua
457 4287 833 4342 personarum
863 4270 1190 4340 acceptione
1243 4270 1543 4324 ostendere
1574 4270 1656 4323 eis
1686 4277 1927 4325 conten-

232 4362 389 4427 dite;
419 4364 475 4414 et
506 4361 814 4431 unicuique
844 4364 1075 4429 peccata
1103 4365 1160 4412 et
1189 4357 1522 4428 iniquitates
1552 4375 1683 4411 suas
1712 4359 1925 4430 absque

232 4449 504 4503 tarditate
535 4453 593 4501 et
619 4448 989 4518 negligentia,
1023 4448 1108 4500 vel
1140 4451 1289 4500 certe
1327 4446 1670 4499 verecundia
1700 4463 1925 4501 annun-

232 4538 395 4604 tiate,
424 4544 480 4590 et
511 4543 580 4591 de
617 4536 883 4591 omnibus
930 4536 1240 4589 sceleribus
1280 4535 1396 4588 suis
1446 4534 1746 4589 consilium
1796 4552 1930 4590 con-

234 4642 443 4697 gruum
474 4625 554 4679 eis
585 4620 858 4695 praebete,
887 4629 944 4677 et
972 4624 1265 4678 scientiam
1295 4623 1521 4677 Domini
1554 4624 1718 4677 nobis
1748 4625 1929 4679 omni-

236 4716 343 4767 bus
375 4712 823 4766 comminantem
867 4727 970 4781 per
1006 4713 1200 4767 omnia
1227 4712 1561 4767 formidata:
1597 4714 1658 4769 Si
1684 4729 1791 4769 non
1822 4731 1929 4768 an-

234 4802 600 4866 nuntiaveris,
629 4799 836 4871 inquit,
868 4802 1059 4868 iniquo
1088 4801 1438 4868 iniquitatem
1472 4816 1648 4867 suam,
1691 4803 1930 4855 animam

235 4890 353 4958 ejus
384 4888 450 4942 de
477 4905 643 4943 manu
674 4894 770 4942 tua
807 4890 1105 4957 requiram.
1144 4889 1208 4941 Et
1235 4888 1374 4942 item
1406 4905 1416 4941 :
1473 4889 1678 4957 Clama,
1732 4904 1799 4942 ne
1828 4904 1933 4943 ces-

235 4992 338 5037 ses,
368 4979 530 5045 quasi
556 4977 688 5031 tuba
712 4978 898 5031 emalta
926 4991 1122 5041 vocem,
1156 4980 1260 5030 etc.
1288 4976 1703 5031 Pmnitentibus
1734 4978 1929 5045 etiam,

236 5064 339 5134 qui
382 5064 705 5135 vagabundi
760 5081 861 5135 per
941 5064 1231 5117 saecularia
1293 5064 1525 5133 negotia
1582 5066 1930 5131 discurrunt,

237 5152 402 5222 quasi
427 5153 571 5206 nihil
616 5153 752 5205 mali
782 5150 1081 5223 gesserint,
1115 5156 1341 5221 peccata
1374 5168 1475 5205 sua
1522 5154 1803 5208 ostendite
1833 5171 1846 5219 ;
1877 5157 1934 5207 et

236 5241 385 5294 utin
422 5257 534 5294 uno
568 5241 692 5294 loco
725 5246 1012 5295 morantes
1056 5239 1261 5309 dignos
1310 5242 1666 5310 paenitentia;
1714 5244 1932 5296 fructus

237 5327 450 5382 faciant
528 5335 913 5389 commonete.
988 5328 1396 5381 annuntiantes
1481 5328 1563 5380 eis
1637 5330 1929 5383 verissime

2032 2950 2197 3000 aitate
2227 2961 2327 2998 sua
2353 2946 2526 3016 gessit
2552 2964 2566 3011 ;
2598 2950 2653 2998 et
2675 2945 2720 2997 si
2743 2944 2871 3015 quis
2892 2959 2949 2996 se
2973 2942 3339 3009 homicidam,
3373 2941 3723 3006 adulterum,

2032 3034 2393 3104 sacrilegum,
2436 3033 2862 3097 fornicatorem,
2915 3030 3211 3101 perjurum
3258 3034 3356 3081 aut
3403 3028 3606 3081 falsum
3640 3033 3721 3080 te-

2033 3128 2176 3176 stem
2206 3122 2429 3187 viderit,
2470 3122 2537 3175 ad
2586 3122 2765 3174 Deum
2799 3124 2855 3173 et
2904 3124 3143 3172 matrem
3179 3117 3482 3171 Ecclesiam
3523 3114 3725 3170 confu-

2032 3210 2190 3281 gium
2242 3210 2424 3275 faciat,
2488 3214 2542 3262 et
2588 3209 3007 3262 confessionem
3071 3222 3278 3276 puram
3329 3205 3397 3259 de
3460 3202 3725 3257 omnibus

2030 3298 2430 3369 iniquitatibus
2462 3297 2579 3350 suis
2618 3296 3009 3350 sacerdotibus
3060 3296 3272 3361 donet;
3323 3298 3380 3346 et
3434 3290 3726 3361 paeniten-

2031 3385 2169 3438 tiam
2194 3385 2483 3454 suscipiat,
2517 3388 2572 3437 et
2601 3383 2891 3436 verissime
2938 3398 3064 3435 eam
3096 3382 3446 3450 adimpleat;
3482 3384 3538 3434 et
3566 3378 3724 3449 quod

2030 3474 2228 3543 inique
2282 3473 2457 3541 gessit
2536 3471 2933 3542 eleemosynis,
3006 3470 3261 3540 jejuniis,
3349 3467 3723 3531 orationibus,

2033 3560 2400 3626 abstinentia,
2434 3566 2490 3614 et
2519 3560 2737 3614 caeteris
2768 3560 2933 3614 bonis
2966 3559 3239 3629 operibus
3272 3557 3462 3611 delere
3489 3560 3545 3609 et
3570 3556 3724 3609 redi-

2033 3667 2189 3704 mere
2223 3654 2443 3719 satagat
2471 3666 2483 3702 :
2510 3649 2786 3719 quoniam
2819 3647 2927 3701 nisi
2960 3647 3073 3712 hic,
3111 3647 3250 3701 dum
3281 3652 3506 3715 tempus
3553 3650 3611 3698 et
3642 3644 3726 3697 lo-

2033 3754 2163 3792 cum
2187 3738 2376 3804 habet,
2401 3738 2708 3791 emendare
2732 3736 3034 3798 studuerit,
3062 3750 3307 3804 regnum
3340 3733 3459 3798 Dei,
3487 3736 3727 3786 testante

2033 3828 2323 3896 Apostolo,
2352 3826 2562 3879 habere
2593 3842 2710 3879 non
2746 3824 2970 3895 poterit.
3002 3826 3181 3880 Nolite
3212 3826 3421 3892 itaque,
3456 3821 3533 3874 ait
3570 3823 3724 3891 Apo-

2035 3915 2236 3982 stolus,
2267 3931 2485 3968 errare:
2523 3930 2693 3983 neque
2722 3913 3019 3980 homicida,
3051 3927 3222 3980 neque
3259 3910 3518 3974 adulteri,
3556 3923 3727 3977 neque

2034 4005 2305 4071 sacrilegi,
2342 4019 2513 4072 neque
2557 4001 2788 4072 perjuri,
2835 4018 3006 4072 neque
3028 4015 3275 4071 rapaces,
3306 4014 3475 4068 neque
3514 4012 3724 4052 mascu-

2035 4092 2209 4144 lorum
2247 4091 2629 4152 concubitores,
2668 4106 2839 4159 neque
2882 4090 3102 4157 ebriosi,
3149 4103 3319 4156 neque
3356 4085 3613 4139 maledici
3640 4100 3726 4137 re-

1967 4160 2007 4213 ι)
2034 4194 2198 4244 gnum
2228 4181 2326 4234 Dei
2344 4179 2713 4248 possidebunt.

2106 4267 2403 4321 Monemus
2451 4272 2506 4320 et
2556 4284 2652 4321 eos
2695 4281 2943 4338 quorum
2975 4264 3327 4319 dissensione
3357 4266 3414 4315 et
3443 4258 3730 4315 discordia

2037 4354 2157 4408 haec
2185 4355 2341 4425 regio
2376 4358 2609 4421 vastata,
2644 4360 2702 4409 et
2730 4355 2925 4408 multis
2951 4353 3193 4408 miseriis
3224 4352 3452 4414 afﬂicta,
3497 4354 3553 4403 et
3580 4364 3729 4419 pene

2039 4443 2331 4496 annullata
2360 4449 2463 4509 est,
2494 4449 2556 4496 ut
2585 4448 2879 4513 peccatum
2924 4446 2980 4496 et
3021 4440 3387 4512 iniquitatem
3427 4454 3590 4492 suam
3632 4452 3729 4490 re-

2039 4535 2402 4600 cognoscant,
2445 4536 2501 4584 et
2533 4547 2662 4600 quae
2714 4530 2889 4599 impie
2924 4532 2981 4582 et
3024 4529 3333 4583 crudeliter
3375 4530 3619 4599 egerunt
3656 4525 3725 4579 ad

2039 4623 2295 4672 mentem
2327 4634 2555 4689 semper
2584 4618 2879 4679 reducant,
2915 4624 2971 4670 et
3009 4617 3123 4670 sint
3168 4616 3248 4670 eis
3279 4616 3438 4670 omni
3470 4620 3728 4685 tempore

2039 4706 2101 4760 in
2131 4707 2450 4760 lamentum
2481 4712 2539 4760 et
2567 4707 2884 4777 singultum
2905 4710 2961 4759 et
2978 4707 3238 4759 velamen
3266 4704 3563 4758 oculorum
3597 4718 3726 4755 suo-

2042 4811 2193 4859 rum,
2245 4801 2301 4849 et
2356 4796 2635 4866 paenitere
2684 4812 2751 4850 ea
2783 4794 3196 4848 studiosissime
3244 4792 3614 4855 contendant,
3668 4807 3731 4844 ac

2039 4883 2325 4937 redimere
2372 4901 2430 4937 se
2479 4883 2880 4954 eleemosynis,
2920 4881 3181 4953 jejuniis,
3250 4879 3624 4944 orationibus,
3674 4884 3733 4933 et

2040 4972 2167 5026 aliis
2230 4972 2500 5043 operibus
2573 4973 2686 5025 Deo
2736 4972 2976 5041 acceptis
3022 4973 3301 5040 satagant.
3354 4967 3634 5022 Similiter
3677 4971 3732 5020 et

2042 5078 2138 5116 eos
2166 5060 2265 5132 qui
2310 5077 2400 5114 res
2447 5059 2855 5114 ecclesiasticas
2899 5058 3189 5130 quondam
3238 5058 3592 5121 invaserunt,
3634 5058 3732 5107 aut

2042 5150 2216 5205 modo
2241 5150 2360 5203 sine
2380 5149 2669 5203 voluntate
2700 5164 2899 5202 eorum
2943 5146 3151 5217 quibus
3200 5145 3407 5200 debitae
3454 5148 3607 5208 sunt,
3641 5158 3730 5197 re-

2043 5238 2246 5303 tinent,
2283 5244 2348 5291 ut
2388 5236 2718 5306 resipiscant
2755 5241 2809 5289 et
2851 5234 3245 5305 paenitentiam
3302 5248 3404 5303 pro
3436 5229 3731 5301 sacrilegio

2044 5332 2253 5399 agant;
2284 5330 2339 5380 et
2382 5327 2516 5391 Deo,
2567 5330 2624 5379 et
2670 5324 2921 5379 ecclesiis
2963 5340 3105 5394 quas
3155 5323 3450 5387 laeserunt,
3505 5318 3735 5373 satisfa-

2043 5432 2171 5470 cere
2195 5415 2477 5470 stndeant.
2515 5415 2622 5469 Eos
2640 5428 2867 5486 quoque
2891 5427 3215 5478 monemus,
3247 5410 3347 5482 qui
3375 5408 3578 5464 leviter
3605 5407 3735 5479 plu-
