4096 6186
402 238 537 291 1139

1573 236 1883 293 νυωτΑΒιν
1914 236 2246 293 EPISTOLA
2287 236 2729 293 PASTORALIS.

3770 235 3899 289 1140

398 367 941 422 rima-sacramenta
985 367 1203 437 jurant,
1260 371 1315 420 et
1344 382 1558 421 nomen
1606 368 1705 423 Dei
1751 372 1919 438 atque
1964 384 2088 421 san-
2125 371 2170 421 A
2204 368 2330 421 cida
2358 373 2454 421 est.
2489 366 2765 421 Invidiam
2799 370 2853 420 et
2897 365 3237 419 discordiam
3290 367 3484 435 procul
3534 382 3565 419 a
3605 366 3769 420 vobis
3812 382 3898 419 re-

401 461 627 512 ctorum
658 457 781 527 ejus
806 457 864 509 in
895 472 1100 512 vanum
1139 461 1450 522 assumunt,
1494 458 1579 510 vel
1621 457 1741 510 sine
1774 457 2096 511 reverentia

404 547 777 611 maledicunt,
811 550 873 598 ut
904 562 961 599 se
997 544 1065 598 ab
1096 546 1202 598 hoc
1232 551 1463 616 peccato
1484 546 1828 613 abstineant,
1861 550 1917 600 et
1944 547 2097 617 quod

402 635 577 690 nimis
611 634 820 687 odibile
858 633 929 687 sit
958 639 1289 703 agnoscant,
1334 634 1559 687 dicente
1612 634 1940 704 Scriptura:
1999 638 2099 690 Vir

404 726 631 778 multum
646 722 849 792 jurans
889 722 1194 790 replebitur
1225 724 1534 792 iniquitate,
1574 728 1625 776 et
1651 738 1759 777 non
1794 723 2003 776 recedet
2035 723 2101 776 de

405 812 559 864 domo
607 825 720 879 ejus
758 810 909 877 lepra
936 827 957 872 ;
988 814 1043 862 et
1071 808 1215 862 sicut
1247 826 1419 878 supra
1469 810 1682 863 dictum
1726 816 1811 863 est
1850 810 2101 864 maledici

402 915 629 966 regnum
662 900 757 951 Dei
782 913 889 950 non
922 898 1295 966 possidebunt.
1327 898 1620 951 Monemus
1652 897 1823 951 etiam
1853 898 2096 967 judices,

406 988 641 1056 utjuste
667 985 944 1056 judicent,
977 991 1032 1039 et
1063 990 1217 1038 recta
1240 986 1457 1055 judicia
1489 986 1818 1049 terminent,
1845 992 1900 1039 et
1928 987 2098 1039 timo-

404 1092 525 1129 rem
560 1074 657 1129 Dei
685 1090 910 1144 semper
941 1080 1071 1126 ante
1115 1074 1307 1126 oculos
1360 1074 1624 1139 habeant,
1678 1075 1917 1127 scientes
1947 1076 2096 1144 quod

406 1168 462 1217 et
489 1163 599 1231 ipsi
634 1164 809 1215 Deum
848 1162 1099 1231 judicem
1151 1163 1463 1227 habebunt,
1528 1167 1582 1215 et
1623 1163 1731 1231 ipsi
1773 1180 1803 1214 a
1850 1164 1964 1215 Deo
1998 1180 2099 1233 pro

408 1250 677 1305 omnibus
701 1250 930 1319 judiciis
962 1250 1098 1315 suis,
1134 1250 1316 1315 dictis,
1351 1255 1406 1303 et
1438 1250 1596 1303 factis
1621 1251 1916 1319 judicandi
1950 1256 2098 1304 sunt.

408 1341 534 1409 Ipse
565 1340 719 1392 enim
750 1339 1059 1408 praecepit:
1094 1341 1198 1393 Nec
1230 1341 1469 1407 accipias
1506 1355 1791 1407 personam
1817 1343 2102 1408 pauperis,

411 1445 506 1483 nec
539 1430 761 1483 honores
810 1429 1018 1481 vultum
1058 1430 1312 1496 potentis.
1362 1429 1479 1482 Non
1528 1427 1760 1482 declines
1807 1428 1881 1481 ad
1917 1428 2101 1482 dexte-

408 1517 761 1584 ram,sivead
776 1519 1086 1569 sinistram:
1095 1517 1242 1584 juste
1254 1516 1451 1584 judice
1477 1520 1728 1584 prem-imo
1766 1522 1874 1571 tuo.
1903 1517 2106 1570 Caveat

411 1608 584 1659 etiam
617 1604 1016 1675 unusquisque
1059 1609 1123 1657 ut
1172 1603 1376 1657 falsum
1426 1605 1821 1658 testimonium
1864 1606 2101 1658 nullate-

2202 457 2438 527 pellite:
2469 455 2739 526 quoniam
2786 454 3237 508 discordantium
3291 458 3345 507 et
3384 455 3713 509 invidorum
3743 457 3900 509 obla-

2203 546 2387 599 tiones
2417 549 2474 598 et
2515 560 2753 598 munera
2784 544 3060 613 Deo§non
3100 548 3235 596 sunt
3281 547 3549 613 accepta;
3603 559 3709 597 nec
3741 544 3901 596 aliter

2205 634 2521 688 oblationes
2553 637 2759 686 nostra
2788 632 2847 686 in
2870 632 3117 686 ecclesiis
3140 632 3317 701 recipi
3348 632 3580 699 debent,
3607 632 3721 685 nisi
3742 633 3903 702 prius

2206 739 2238 775 a
2267 722 2532 775 cordibus
2564 722 2669 774 hoc
2699 720 2996 773 verissime
3029 720 3329 791 ejeceritis.

2278 812 2355 863 De
2416 808 2791 878 eleemosynis
2844 825 2983 876 quis
3054 812 3396 876 aegrotantes
3452 807 3539 860 vel
3593 806 3903 861 morientes

2207 896 2500 968 proximis,
2537 896 2624 948 vel
2659 894 2855 946 amicis
2898 895 3325 961 commendaut,
3377 910 3646 964 rogamus
3692 911 3796 948 vos
3848 902 3905 949 ut

2209 984 2587 1053 tideliteripsi
2612 1000 2739 1054 quae
2763 999 2827 1036 ea
2858 982 3176 1052 suscipiunt
3208 982 3590 1049 distribuant;
3622 983 3773 1037 sicut
3794 984 3903 1054 ipsi

2207 1075 2406 1126 volunt
2438 1078 2500 1126 ut
2527 1077 2582 1124 et
2622 1072 2718 1125 alii
2748 1088 2851 1141 pro
2898 1088 2959 1126 se
3008 1072 3220 1125 faciant
3248 1090 3261 1136 ;
3305 1076 3360 1125 et
3399 1077 3712 1141 agnoscant
3746 1088 3826 1136 se,
3859 1072 3905 1125 si

2212 1163 2356 1215 bene
2388 1165 2651 1231 egerunt,
2686 1161 3206 1214 remunerationem
3243 1177 3275 1213 a
3322 1161 3544 1215 Christo
3595 1166 3905 1230 perceptu-

2210 1268 2349 1316 ros;
2406 1250 2448 1302 si
2501 1250 2685 1315 aliter,
2755 1249 3034 1302 rationem
3097 1250 3208 1303 Deo
3264 1250 3506 1318 proinde
3553 1250 3901 1303 reddituros.

2212 1338 2478 1391 Divinum
2520 1338 2801 1408 judicium
2868 1337 3202 1391 terribiliter
3257 1355 3351 1391 eos
3415 1339 3763 1392 condemnat
3809 1340 3906 1409 qui

2210 1426 2455 1479 aliorum
2489 1428 2877 1497 eleemosynas
2926 1426 3211 1480 fraudant.
3270 1428 3349 1479 Ita
3384 1428 3538 1479 enim
3571 1428 3630 1481 in
3662 1428 3906 1481 canoni—

2211 1515 2317 1568 bus
2363 1516 2606 1585 legitur:
2670 1515 3046 1568 Fraudatores
3104 1516 3604 1585 eleemosynarum
3656 1517 3902 1569 fratrum

2215 1604 2792 1657 anathematizantur.
2827 1604 2885 1659 Si
2910 1605 3007 1674 qui
3037 1610 3284 1658 vestrum
3317 1609 3667 1675 cognoscant
3696 1622 3908 1675 paren-

411 1711 518 1747 nus
558 1692 832 1763 proferat,
886 1693 1021 1762 quia
1077 1692 1352 1762 scriptum
1402 1697 1517 1745 est:
1566 1695 1733 1746 Testis
1786 1694 1965 1758 falsus
1998 1709 2101 1746 non
2141 1665 2183 1720 Β
2214 1696 2295 1745 tes
2328 1708 2457 1744 suos
2506 1692 2574 1745 de
2608 1692 2773 1745 rebus
2818 1693 3213 1745 ecclesiasticis
3263 1694 3621 1760 abstraxisse,
3674 1701 3774 1747 aut
3806 1711 3909 1765 per

410 1785 514 1836 erit
546 1784 866 1851 impunitus.
904 1781 1240 1834 Audivimus
1265 1798 1492 1851 quoque
1521 1782 1777 1849 duplices
1810 1798 2106 1835 mensuras

411 1872 562 1941 apud
586 1888 683 1923 vos
716 1886 859 1934 esse,
890 1875 945 1923 et
968 1870 1283 1939 majoribus
1316 1871 1384 1922 ad
1418 1871 1750 1935 emendum,
1787 1871 2104 1925 minoribus

414 1960 485 2013 ad
516 1958 948 2012 vendendum...
983 1958 1135 2027 quod
1168 1974 1441 2028 rogamus
1473 1964 1533 2011 ut
1575 1958 1891 2029 corrigatis,
1928 1964 1983 2012 et
2008 1960 2103 2028 ju-

414 2052 558 2101 stam
610 2053 781 2118 atque
820 2062 1045 2117 aequam
1092 2063 1417 2100 mensuram
1460 2063 1658 2100 omnes
1702 2047 1759 2099 in
1799 2062 2105 2100 commune

415 2136 690 2195 habeatis,
726 2136 1040 2189 secundum
1072 2140 1423 2206 praeceptum
1470 2134 1693 2189 Domini
1726 2136 2107 2191 dicentis:Sit

418 2225 520 2278 tibi
574 2240 760 2292 aequus
815 2224 1046 2291 modius,
1092 2226 1384 2293 justusque
1430 2227 1723 2278 sextarius.
1782 2225 1863 2278 Ab
1912 2226 2106 2278 usuris

417 2314 591 2366 etiam
618 2330 714 2366 vos
736 2313 1035 2380 abstinete,
1074 2315 1427 2383 scientesque
1459 2314 1567 2367 hoc
1607 2330 1718 2366 non
1750 2315 1872 2368 leve
1902 2330 2108 2383 pecca—

419 2407 543 2455 tum
575 2418 717 2467 esse,
748 2418 877 2455 cum
909 2402 1116 2455 dicitur
1145 2403 1201 2455 in
1248 2403 1426 2472 Lege:
1461 2403 1553 2456 Ad
1600 2418 1823 2456 usuram
1873 2419 1980 2457 non
2007 2405 2109 2469 fw-

417 2491 655 2544 nmabis.
713 2490 1135 2559 Negotiationes
1195 2506 1327 2543 vero
1402 2506 1529 2560 quae
1604 2490 1664 2543 in
1720 2491 2110 2544 mercimoniis

419 2580 584 2645 ﬁunt,
628 2578 753 2631 sine
799 2579 1169 2632 sacramentis
1221 2583 1275 2631 et
1330 2578 1601 2649 perjuriis
1651 2584 2024 2650 satagantur;
2056 2586 2111 2634 et

420 2668 818 2737 unusquisque
853 2672 1046 2720 caveat
1078 2682 1145 2719 ne
1192 2667 1427 2719 fratrem
1476 2683 1642 2719 suum
1689 2668 1881 2738 aliqua
1913 2668 2110 2722 fraude

421 2756 501 2810 ibi
531 2756 791 2826 decipiat.
842 2757 996 2825 Ipsas
1036 2771 1167 2808 vero
1218 2755 1500 2809 amicitias
1550 2756 1725 2808 nolite
1770 2772 1874 2826 per
1923 2773 2107 2810 sacra-

422 2851 635 2910 menta,
670 2845 813 2898 sicut
846 2862 996 2898 nunc
1046 2860 1227 2914 usque
1275 2844 1491 2915 aliquos
1530 2845 1727 2898 fecisse
1764 2846 2108 2911 audivimus,

2212 1779 2324 1830 vim
2349 1779 2432 1830 vel
2467 1779 2681 1831 malum
2719 1778 3016 1847 ingenium
3052 1796 3148 1832 eos
3180 1780 3267 1833 vel
3299 1780 3657 1834 haereditates
3689 1798 3906 1851 paupe-

2214 1882 2363 1930 rum,
2396 1867 2480 1918 vel
2524 1881 2733 1918 munus
2782 1871 3087 1935 parentum
3128 1866 3447 1932 abstulisse,
3498 1872 3553 1919 et
3584 1869 3705 1921 suis
3738 1870 3908 1923 rebus

2207 1954 2482 2025 junxisse,
2549 1954 2950 2018 misereantur,
3009 1954 3265 2021 obsecro,
3330 1956 3632 2009 animabus
3681 1973 3907 2022 eorum,

2214 2048 2269 2095 et
2302 2043 2605 2108 restituant
2638 2043 2898 2095 Ecclesiae
2943 2043 3097 2111 quod
3146 2043 3355 2111 injuste
3403 2044 3824 2110 abstraxerunt,
3859 2052 3910 2098 et

2213 2131 2454 2185 reddant
2514 2132 2835 2184 hieredibus
2894 2147 3020 2201 quae
3084 2132 3192 2183 illis
3245 2132 3453 2200 injuste
3513 2133 3909 2199 abstulerunt;

2216 2220 2454 2272 scientes
2482 2219 2797 2284 verissime,
2847 2219 2998 2288 quod
3035 2220 3287 2288 quandiu
3325 2220 3461 2289 ipsa;
3503 2237 3589 2273 res
3640 2239 3670 2273 a
3702 2238 3780 2287 se,
3816 2228 3915 2275 aut

2215 2308 2711 2378 aquibuscunque
2766 2307 2891 2360 aliis
2934 2312 3172 2360 retentae
3222 2308 3457 2376 fuerint,
3509 2310 3591 2362 illi
3640 2312 3739 2379 qui
3792 2312 3915 2364 haec

2217 2397 2474 2450 fecerunt
2530 2396 2922 2449 haereditatem
2996 2396 3056 2448 in
3133 2412 3313 2466 regno
3380 2398 3480 2451 Dei
3532 2398 3745 2452 habere
3792 2416 3910 2453 non

2217 2490 2550 2556 potuerunt.

2290 2576 2584 2627 Monemus
2651 2576 2821 2626 etiam
2871 2576 3131 2643 potentes
3179 2579 3243 2626 ut
3293 2573 3537 2627 familias
3593 2591 3727 2628 suas
3781 2592 3914 2645 pro-

2218 2663 2392 2733 prias,
2427 2664 2512 2715 vel
2545 2667 2695 2716 certe
2740 2663 3000 2716 ecclesias
3039 2662 3146 2715 sibi
3197 2663 3547 2724 commissas,
3594 2665 3912 2718 secundum

2218 2751 2484 2804 timorem
2515 2751 2611 2803 Dei
2650 2750 2792 2803 bene
2848 2766 3047 2815 regere
3101 2757 3159 2803 et
3217 2750 3535 2821 gubernare
3601 2752 3909 2818 studeant;

2221 2840 2457 2893 scientes
2510 2840 2661 2908 quod
2715 2843 2769 2892 et
2824 2840 2952 2907 ipsi,
3011 2839 3271 2909 quamvis
3325 2845 3608 2908 potestate
3659 2842 3914 2895 minores

420 2934 670 3000 firmare,
698 2933 972 3004 quoniam
1012 2934 1150 2987 illud
1194 2938 1615 2987 sacramentum
1650 2951 1945 3004 nunquam
1988 2936 2111 2988 sine
2152 2962 2191 3015 Β
2221 2928 2351 2993 sint,
2386 2927 2589 2981 fratres
2622 2944 2819 2981 eorum
2852 2927 2982 2993 sint,
3016 2932 3080 2980 ut
3114 2935 3170 2979 et
3199 2928 3269 2981 ab
3294 2928 3419 2980 aliis
3450 2945 3545 2982 eos
3578 2930 3912 2997 defendant,

423 3027 652 3093 peccato
682 3022 894 3091 poterit
935 3039 1076 3076 esse.
1130 3023 1359 3076 Nullum
1412 3039 1642 3093 quoque
1688 3030 2110 3077 sacramentum

425 3112 671 3183 quisque
702 3110 871 3163 alicui
896 3111 1069 3181 juret,
1107 3111 1213 3163 nisi
1254 3112 1462 3163 seniori
1494 3127 1594 3163 suo
1646 3111 1896 3165 debitam
1939 3112 2115 3166 ﬁdeli-

423 3203 597 3254 tatem
629 3200 940 3252 secundum
977 3198 1447 3253 consuetudinem
1498 3200 1859 3268 praemiserit,
1900 3206 1998 3254 aut
2026 3201 2114 3253 le-

425 3288 575 3358 galia
605 3293 661 3340 et
690 3288 945 3357 legitima
977 3293 1331 3341 sacramenta
1357 3287 1651 3357 juraverit.

494 3377 886 3431 Sacerdotibus
927 3376 1148 3442 vestris,
1184 3377 1329 3430 sicut
1380 3377 1478 3430 Dei
1526 3376 1820 3441 ministris,
1858 3376 2113 3430 debitum

424 3467 706 3519 honorem
739 3465 1091 3535 impendite;
1126 3470 1183 3518 et
1222 3465 1265 3517 si
1306 3465 1450 3518 forte
1487 3465 1616 3518 illos
1655 3465 1712 3517 in
1743 3465 1937 3534 aliqua
1968 3466 2112 3519 laesi-

426 3555 546 3619 stis,
583 3554 904 3608 satisfacere
935 3554 1182 3618 studete;
1234 3553 1279 3605 si
1323 3570 1456 3606 vero
1489 3558 1546 3607 et
1592 3553 1701 3624 ipsi
1744 3554 1910 3607 aliter
1940 3570 2114 3624 quam

424 3643 589 3697 docet
619 3641 863 3713 egerint,
897 3642 1074 3695 nolite
1125 3642 1206 3695 eis
1248 3642 1580 3707 detrahere;
1611 3642 1708 3695 sed
1749 3647 1848 3695 aut
1875 3659 1978 3713 per
2020 3660 2116 3696 vos

425 3731 600 3800 ipsos,
625 3731 670 3783 si
699 3730 957 3801 potestis,
988 3731 1113 3784 illos
1142 3731 1445 3801 corrigite;
1476 3736 1576 3784 aut
1596 3731 2113 3801 magistriseorum,

424 3820 511 3873 vel
547 3824 696 3874 certe
751 3820 1017 3890 episcopo
1062 3826 1248 3874 vestro
1293 3837 1358 3874 ea
1400 3836 1528 3891 qua:
1558 3820 1626 3874 de
1658 3820 1800 3890 ipsis
1839 3820 2117 3874 veraciter

426 3908 580 3963 scitis
610 3909 907 3963 humiliter
944 3909 1226 3963 nuntiate.
1271 3910 1578 3963 Ecclesiam
1613 3909 1734 3976 Dei,
1781 3909 1842 3962 in
1873 3926 1985 3980 qua
2017 3910 2115 3964 ba-

426 3998 700 4069 ptismum
758 3998 1071 4068 accepistis,
1140 3998 1521 4051 confessiones
1596 4003 1807 4052 vestras
1867 3999 2112 4062 donatis,

425 4086 825 4158 paenitentiam
888 4086 1198 4157 suscipitis,
1244 4086 1711 4157 praedicationem
1780 4086 2013 4155 auditis,
2062 4092 2119 4142 et

426 4177 539 4230 alia
570 4176 861 4246 percipitis
887 4176 1039 4229 unde
1073 4176 1211 4229 salvi
1258 4192 1379 4229 esse
1410 4177 1649 4245 potestis
1677 4176 1983 4245 diligenter
2014 4177 2115 4229 ho-

2223 3023 2277 3071 et
2306 3025 2371 3070 ut
2403 3017 2845 3071 misericorditer
2874 3033 2969 3069 eos
3000 3016 3249 3081 videant,
3282 3034 3467 3087 neque
3516 3018 3574 3071 in
3607 3019 3912 3081 mensuris,

2223 3123 2408 3177 neque
2440 3106 2664 3175 injustis
2702 3106 3018 3159 redditibus
3048 3105 3151 3159 sub
3183 3106 3374 3177 aliqua
3393 3107 3689 3161 occasione
3721 3108 3916 3178 oppri-

2225 3200 2402 3249 mant.
2430 3195 2540 3247 Vos
2579 3210 2809 3265 quoque
2842 3209 3124 3264 pauperes
3174 3196 3363 3248 minus
3414 3200 3677 3264 potentes
3727 3213 3921 3249 mone-

2223 3299 2372 3345 mus,
2406 3287 2470 3336 ut
2505 3282 2749 3336 dominis
2785 3283 2983 3335 vestris
3014 3281 3252 3349 subjecti
3287 3282 3429 3347 sitis,
3467 3288 3523 3335 et
3562 3282 3815 3337 ﬁdeliter
3841 3285 3920 3337 eis

2224 3372 2500 3438 serviatis,
2536 3376 2591 3425 et
2621 3371 2775 3441 quod
2807 3371 3027 3425 debetis
3069 3372 3189 3425 sine
3224 3371 3420 3424 fraude
3472 3371 3532 3424 in
3568 3373 3808 3427 veritate
3841 3374 3922 3426 eis

2222 3460 2508 3524 reddatis;
2572 3460 2810 3513 scientes
2868 3460 3020 3529 quod
3062 3465 3117 3512 et
3178 3459 3288 3528 ipsi
3344 3475 3518 3529 super
3580 3476 3678 3512 vos
3717 3477 3751 3513 a
3804 3462 3919 3515 Deo

2225 3549 2473 3603 ordinati
2503 3553 2653 3615 sunt,
2688 3553 2744 3601 et
2769 3565 2865 3602 vos
2911 3548 3024 3601 illis
3067 3548 3307 3616 subjecti
3362 3564 3484 3601 esse
3534 3548 3773 3602 debetis.
3816 3551 3923 3604 Mo-

2225 3654 2428 3691 nemus
2484 3636 2654 3692 etiam
2711 3653 2805 3691 eos
2857 3636 2957 3707 qui
3005 3653 3097 3691 res
3133 3637 3508 3691 ecclesiastico
3550 3637 3921 3692 beneﬁciario

2218 3728 2347 3798 jure
2378 3726 2689 3798 possident,
2723 3730 2785 3779 ut
2814 3742 2996 3779 nonas
3026 3730 3082 3779 et
3108 3725 3356 3780 decimas
3378 3726 3629 3779 ecclesiis
3653 3727 3922 3794 reddant,

2225 3831 2289 3869 ex
2348 3816 2554 3886 quibus
2609 3814 2749 3883 ipsae
2801 3830 2891 3867 res
2936 3829 3054 3867 esse
3103 3814 3388 3880 videntur,
3437 3820 3496 3867 et
3548 3815 3802 3883 amplius
3862 3832 3926 3870 ea

2226 3906 2384 3959 nullo
2435 3904 2606 3958 modo
2658 3904 2960 3969 retineant,
3008 3918 3080 3957 ne
3127 3902 3273 3957 forte
3322 3902 3689 3974 sacrilegium
3737 3904 3925 3959 incur-

2223 3998 2371 4048 rant.

2295 4082 2411 4136 Viri
2442 4081 2713 4137 uxoribus
2743 4081 2813 4135 ad
2844 4085 3075 4151 tempus
3106 4080 3361 4134 debitum
3399 4080 3667 4146 reddant,
3703 4085 3763 4134 et
3793 4082 3921 4135 nul-

2224 4172 2448 4225 latenus
2479 4187 2536 4224 se
2568 4171 2694 4224 aliis
2719 4169 3126 4235 pollutionibus
3158 4170 3466 4223 maculent.
3515 4168 3728 4222 Uxores
3762 4170 3924 4223 simi-

427 4270 627 4318 norate
662 4282 675 4330 ;
710 4269 766 4317 et
807 4264 877 4317 ad
922 4264 1218 4317 ecclesiam
1269 4264 1581 4333 saepissime
1628 4280 1755 4316 cum
1806 4263 2116 4318 oblationi-
2156 4255 2198 4308 D
2226 4261 2358 4314 liter
2379 4262 2526 4314 viros
2573 4276 2707 4313 suos
2748 4259 3011 4327 diligant,
3060 4259 3257 4328 eisque
3302 4258 3361 4310 in
3394 4257 3664 4310 omnibus
3695 4259 3923 4327 placere

424 4349 531 4402 bus
560 4350 760 4403 vestris
791 4352 1129 4413 concurrite,
1167 4351 1360 4420 ibique
1395 4368 1496 4420 pro
1521 4352 1676 4405 vobis
1702 4368 1864 4405 orare
1895 4357 2111 4423 rogate.

423 4439 653 4493 Munera
683 4455 911 4510 quoque
944 4456 1047 4510 pro
1089 4440 1338 4494 ecclesiis
1385 4441 1585 4495 dandis
1617 4442 1945 4495 nullatenus
1991 4442 2116 4495 exi-

426 4543 560 4596 gere
594 4532 650 4581 et
679 4544 909 4581 manere
948 4530 1035 4583 vel
1076 4530 1289 4583 morari
1320 4530 1398 4584 ibi
1430 4547 1559 4585 cum
1592 4530 1869 4585 uxoribus
1913 4529 2114 4583 vestris

425 4618 619 4671 nolite.

494 4706 956 4778 Conspirationes
995 4711 1049 4760 et
1088 4708 1511 4778 coniurationes
1558 4711 1753 4761 contra
1791 4723 1987 4777 regem
2015 4711 2115 4760 aut

422 4796 729 4867 principes,
779 4800 877 4847 aut
931 4801 1080 4849 certe
1132 4802 1328 4850 contra
1378 4814 1475 4850 vos
1519 4796 1673 4867 ipsos
1718 4811 2019 4849 monemus
2051 4800 2114 4848 ut

419 4886 579 4938 nullo
609 4885 777 4938 modo
820 4885 1036 4954 agatis:
1072 4885 1341 4955 quoniam
1377 4890 1433 4938 et
1481 4886 1585 4939 hoc
1619 4900 1787 4955 grave
1820 4884 2107 4950 delictum,

420 4981 477 5027 et
509 4973 715 5026 divinis
746 4978 917 5043 atque
962 4974 1229 5027 humanis
1273 4974 1493 5045 legibus
1544 4973 1705 5027 valde
1754 4971 2110 5041 prohibitum

419 5068 521 5116 est.
568 5062 957 5116 Detractiones
1012 5063 1203 5133 itaque
1257 5068 1312 5115 et
1356 5062 1778 5116 susurrationes
1817 5060 2047 5113 inutiles
2078 5078 2111 5114 a
2144 5102 2158 5112 .

416 5151 576 5206 vobis
606 5151 884 5220 repellite,
908 5156 963 5203 et
985 5150 1161 5204 nolite
1184 5150 1426 5204 ulterius
1449 5166 1543 5202 eas
1574 5151 1687 5202 ullo
1710 5149 1882 5202 modo
1906 5163 2105 5218 agere:

415 5238 712 5310 quoniam,
765 5238 910 5291 sicut
956 5238 1230 5308 scriptum
1290 5242 1417 5289 est:
1450 5237 1555 5301 Qui
1597 5237 1857 5302 detrahit,
1900 5237 2109 5289 semeti-

412 5342 572 5395 psum
601 5330 651 5379 et
675 5325 954 5379 audientes
985 5325 1200 5379 occidit.
1227 5324 1432 5378 Odium
1458 5324 1515 5377 in
1546 5325 1715 5377 corde
1749 5324 1906 5377 nullo
1931 5323 2105 5376 modo

411 5415 688 5467 retinete:
735 5414 1032 5484 quoniam,
1087 5414 1233 5467 sicut
1280 5413 1339 5466 in
1406 5413 1659 5482 Epistola
1713 5428 1812 5465 sua
1857 5414 2105 5466 Joannes

412 5488 701 5569 apostolus
754 5502 862 5555 ait:
914 5502 1099 5557 Omnis
1148 5504 1244 5571 qui
1279 5502 1511 5567 fratrem
1555 5515 1714 5556 suum
1760 5499 1876 5555 odit
1936 5501 2102 5554 homi-

2227 4349 2509 4413 studeant,
2546 4363 2616 4400 ne
2647 4346 2820 4417 (quod
2854 4346 3024 4413 absit)
3066 4346 3133 4399 ad
3170 4345 3281 4398 alia
3313 4345 3567 4399 facinora
3597 4346 3919 4416 impellant.

2226 4440 2291 4491 Et
2322 4438 2516 4506 utique
2568 4439 2803 4488 caveant
2850 4451 2922 4487 ne
2981 4450 3085 4504 per
3138 4434 3597 4487 commistionem
3658 4451 3925 4503 corpora-

2225 4528 2333 4579 lem
2366 4525 2650 4578 immundi
2692 4528 2747 4576 et
2779 4523 2923 4576 illoti
2964 4522 3225 4575 ecclesias
3269 4523 3685 4592 ingrediantur.
3731 4524 3920 4576 Mone-

2222 4630 2351 4667 mus
2389 4629 2618 4683 quoque
2649 4612 2718 4665 de
2765 4611 3013 4675 incestis,
3047 4617 3110 4663 ut
3149 4611 3341 4663 nullus
3370 4626 3428 4662 se
3478 4626 3608 4663 cum
3657 4612 3918 4679 proxima

2222 4718 2342 4769 sua,
2368 4702 2453 4754 vel
2503 4718 2632 4754 cum
2688 4699 2948 4770 proxima
3007 4698 3199 4752 uxoris
3253 4714 3371 4751 suae
3400 4715 3459 4751 se
3499 4699 3912 4763 commisceat;

2220 4790 2493 4861 quoniam
2526 4788 2922 4858 turpissimum
2966 4792 3021 4841 et
3060 4788 3200 4841 adeo
3232 4786 3585 4856 prohibitum
3619 4792 3723 4839 est.
3769 4788 3912 4840 Illud

2221 4881 2394 4934 etiam
2446 4878 2822 4932 attentissime
2866 4882 3062 4929 caveat
3092 4891 3160 4929 ne
3205 4875 3543 4945 pudicitiam
3592 4874 3729 4928 tiliae
3772 4893 3910 4936 suae,

2220 4975 2319 5023 aut
2346 4968 2554 5038 neptis,
2600 4972 2699 5020 aut
2727 4966 3087 5036 propinquae,
3122 4964 3366 5017 maxime
3407 4963 3601 5017 uxoris
3638 4980 3781 5029 suae,
3813 4982 3915 5034 pro

2218 5060 2401 5130 gratia
2424 5058 2664 5127 alicujus
2710 5056 2968 5109 mortalis
3007 5052 3258 5107 hominis
3298 5052 3366 5105 ad
3413 5052 3746 5105 violandum
3794 5059 3915 5106 tra-

2217 5147 2331 5209 dat,
2364 5151 2462 5199 aut
2501 5145 2839 5208 consentiat,
2888 5148 2949 5196 ut
2993 5142 3215 5195 castitas
3268 5156 3466 5194 earum
3513 5142 3714 5211 aliquo
3746 5143 3913 5197 modo

2216 5241 2312 5290 aut
2342 5234 2597 5305 ingenio,
2623 5233 2732 5287 nisi
2759 5232 3021 5301 legitimo
3052 5230 3339 5300 conjugio,
3374 5236 3802 5301 corrumpatur.

2284 5325 2349 5378 In
2384 5324 2565 5378 tribus
2617 5322 2791 5376 etiam
2832 5319 3237 5375 festivitatibus
3265 5319 3422 5383 anni,
3458 5319 3772 5373 Nativitate
3802 5322 3909 5374 Do-

2213 5411 2377 5477 mini,
2437 5409 2668 5471 Pascha,
2716 5409 3046 5462 Pentecoste
3076 5407 3475 5478 unusquisque
3525 5408 3783 5461 mundus
3840 5409 3903 5461 ad

2212 5498 2507 5554 ecclesiam
2558 5496 2791 5550 veniens
2830 5495 3236 5561 communicet,
3279 5495 3526 5564 exceptis
3572 5494 3664 5548 his
3712 5496 3815 5566 qui
3842 5496 3899 5549 in
