4108 6190
315 216 437 269 1141

1505 220 1837 276 ADVENTII
1882 222 2009 274 LIB.
2059 221 2147 275 DE
2188 219 2612 274 WALDRADA.

3680 221 3815 275 1142

305 353 535 422 publica
564 353 904 423 poenitentia
934 364 1095 422 sunt;
1125 355 1398 425 quoniam
1432 355 1539 408 nisi
1576 356 1663 409 his
1690 356 1873 409 tribus
1906 373 1996 409 so-
2036 358 2080 411 A
2112 360 2446 426 potestates,
2496 361 2552 408 et
2613 371 2812 409 omnes
2872 355 2972 425 qui
3005 354 3274 407 saaculum
3341 360 3713 420 amaverunt;
3755 361 3811 409 et

304 442 698 495 lemnitatibus
745 442 1270 507 communicaverit,
1304 460 1415 496 non
1464 444 1614 497 inter
1652 445 1998 498 Christianos

304 530 561 583 habitare
595 530 781 583 debet.
818 531 1013 583 Videat
1046 547 1184 601 ergo
1217 532 1613 602 unusquisque
1647 539 1707 585 ut
1739 533 1912 602 digne
1943 537 1999 587 et

304 619 515 671 munde
564 624 618 671 et
673 619 873 672 devote
906 620 1366 672 communionem
1426 621 1634 674 Christi
1678 622 1993 691 percipiat;

302 708 515 760 etenim
548 707 645 776 qui
686 723 891 776 corpus
929 708 1150 761 Domini
1182 712 1237 760 et
1268 709 1603 775 sanguinem
1636 709 1868 778 indigne
1897 726 1999 762 su-

302 794 429 858 mit,
482 794 766 862 judicium
820 794 926 847 sibi
987 795 1291 847 manducat
1338 802 1392 848 et
1426 796 1588 848 bibit.
1638 797 1999 850 Consulimus

302 882 497 951 itaque
560 899 978 952 precamurque
1045 882 1287 936 feminas
1355 885 1685 949 nobiliores,
1754 891 1807 937 et
1859 885 1999 938 alias

304 985 673 1041 quascunque
712 976 774 1024 ut
822 971 968 1024 ﬁlios
999 988 1133 1024 suos
1166 973 1397 1041 proprio
1450 974 1589 1025 Iacto
1630 974 1911 1041 nutriant,
1944 980 1998 1027 et

301 1059 632 1112 nullatenus
665 1060 883 1112 ancillis
914 1060 1040 1112 aliis
1072 1062 1142 1114 ad
1173 1061 1533 1114 educandum
1564 1063 1808 1115 tradant.

372 1148 579 1202 Curate
607 1165 767 1217 ergo,
802 1143 1158 1201 dilectissimi
1192 1152 1312 1215 ﬁlii,
1347 1158 1411 1203 ut
1446 1151 1551 1203 hoc
1583 1152 1733 1221 quod
1768 1169 1870 1221 pro
1903 1168 1997 1204 sa—

302 1238 419 1290 lute
467 1243 649 1289 vestra
695 1238 1015 1303 scribimus,
1077 1244 1292 1291 attente
1346 1244 1403 1291 et
1446 1240 1753 1309 diligenter
1803 1242 1996 1295 animo

301 1323 819 1392 comprehendatis,
854 1328 908 1375 et
942 1324 1009 1376 de
1038 1324 1308 1376 omnibus
1334 1324 1420 1376 his
1452 1325 1689 1377 sollicite
1723 1328 1997 1391 caveatis;

303 1416 356 1464 et
386 1413 444 1464 in
476 1413 912 1482 quibuscunque
943 1429 1038 1464 vos
1072 1412 1376 1483 deliquisse
1404 1414 1778 1483 cognoscatis,
1812 1432 1999 1468 emen-

303 1501 437 1554 dare
464 1504 581 1553 tota
630 1501 944 1553 intentione
976 1502 1263 1571 satagatis,
1313 1518 1381 1554 ne
1414 1502 1473 1560 in
1505 1508 1783 1555 aeternum
1818 1504 1994 1572 (quod

300 1588 470 1657 absit)
520 1589 827 1642 infeliciter
872 1590 1137 1658 pereatis.
1187 1591 1466 1644 Memento
1515 1592 1611 1643 ubi
1643 1598 1777 1643 sunt
1807 1600 1995 1660 patres

2111 445 2329 510 scitote,
2363 443 2634 512 quoniam
2668 460 2767 495 vos
2802 459 3002 497 omnes
3034 443 3307 495 citissime
3356 444 3623 497 morituri
3650 445 3803 509 estis,

2109 537 2164 583 et
2210 536 2340 600 post
2372 532 2516 583 hanc
2548 531 2718 584 vitam
2776 532 2919 584 nihil
2972 532 3108 583 boni
3164 531 3440 598 habituri,
3475 531 3584 584 nisi
3637 533 3806 585 bonis

2110 620 2375 690 operibus
2408 620 2854 688 promerueritis.
2887 622 3147 687 Mortem,
3178 636 3398 688 precor,
3428 619 3801 685 dilectissimi,

2110 714 2241 761 ante
2295 710 2486 761 oculos
2548 724 2774 777 semper
2816 708 3036 770 habete,
3086 714 3142 761 et
3192 709 3329 779 quid
3373 713 3499 776 post
3557 714 3803 761 mortem

2110 796 2313 849 facturi
2362 797 2484 849 sitis
2512 797 2776 866 cogitate,
2828 803 2884 848 et
2929 813 2998 849 ne
3031 803 3275 871 mortem
3327 797 3574 850 timentis
3616 796 3800 866 provi-

2110 883 2257 950 dcte,
2293 884 2564 953 quoniam
2600 884 2741 936 nulli
2776 885 2924 937 bono
2970 900 3125 937 mors
3164 902 3366 938 nocere
3398 890 3604 954 potest.
3641 885 3801 939 Chri-

2111 976 2259 1024 stum
2294 973 2715 1042 redemptorem
2763 978 3011 1025 vestrum
3046 974 3180 1025 totis
3210 975 3426 1027 viribus
3472 974 3715 1043 diligite,
3748 978 3803 1027 et

2110 1061 2399 1131 proximos
2441 1067 2659 1114 vestros
2690 1061 2837 1114 sicut
2879 1061 3247 1130 vosmetipsos
3278 1067 3487 1128 amate,
3520 1067 3575 1115 et
3618 1062 3801 1115 Eccle-

2110 1150 2251 1202 siam
2315 1150 2414 1202 Dei
2480 1150 2774 1212 honorate,
2841 1154 2897 1203 et
2957 1150 3122 1203 dictis
3171 1166 3232 1202 ac
3284 1139 3802 1219 praedicationibus

2110 1243 2433 1290 sanctorum
2470 1238 2720 1291 virorum
2755 1238 3003 1303 obedite,
3038 1243 3095 1290 et
3127 1238 3194 1290 ad
3229 1238 3480 1306 paradisi
3527 1238 3801 1307 gaudium

2109 1332 2165 1378 et
2213 1328 2539 1379 societatem
2591 1334 2919 1380 sanctorum
2968 1328 3161 1379 venire
3210 1328 3516 1379 festinate:
3551 1329 3619 1380 ad
3662 1344 3802 1398 quo-

2107 1431 2236 1467 rum
2289 1415 2615 1468 societatem
2673 1416 2868 1468 divina
2914 1416 3157 1469 Trinitas
3204 1420 3261 1468 et
3326 1415 3562 1468 indivisa
3618 1417 3802 1469 unitas

2108 1520 2205 1554 vos
2258 1504 2591 1572 perducere,
2650 1508 2706 1556 et
2750 1504 3000 1571 gratuita
3056 1504 3425 1556 miseratione
3478 1509 3798 1573 protegere,

2108 1592 2411 1657 consolari,
2465 1598 2522 1644 et
2551 1592 2889 1645 benedicere
2935 1592 3206 1661 dignetur
3254 1593 3397 1644 Deus
3444 1597 3659 1657 noster,
3703 1592 3802 1662 qui

299 1677 493 1744 vestri,
530 1677 627 1730 ubi
662 1683 797 1730 sunt
824 1693 989 1746 reges
1020 1680 1208 1743 vestri,
1242 1679 1414 1730 vestri
1454 1678 1761 1748 principes,
1794 1686 1995 1733 vestra:
2038 1662 2080 1715 Β
2108 1680 2244 1733 vivit
2272 1685 2329 1733 et
2376 1686 2576 1750 regnat
2606 1696 2706 1750 per
2735 1679 2929 1733 omnia
2963 1680 3169 1731 saecula
3201 1680 3564 1732 saeculorum.
3596 1683 3797 1732 Amen-

1626 1981 1793 2024 ANNO
1843 1980 2069 2023 DOMINI
2118 1980 2465 2023 DCCCLXXV.

1432 2108 2690 2270 ADVENTIUS

1661 2332 2001 2387 METENSIS
2042 2332 2436 2387 EPISCOPUS.

1160 2556 1617 2629 ADVENTII
1680 2553 2139 2651 LIBELLUS
2201 2556 2324 2627 DE
2380 2555 2931 2628 WALDRADA

299 2729 371 2789 In
404 2746 529 2805 quo
579 2729 849 2807 probare
882 2744 1152 2789 cona'ur
1199 2728 1627 2787 Waldradam
1686 2726 1973 2805 pellicem
2012 2726 2329 2799 Lotharii,
2381 2730 2788 2804 conjunctam
2840 2728 3274 2799 matrimonio,
3304 2732 3445 2805 jam
3494 2749 3530 2789 a
3578 2735 3797 2790 tenera.

376 2814 584 2889 tetate,
631 2810 709 2868 ab
765 2812 915 2889 ejus
962 2815 1137 2886 patre
1188 2808 1488 2867 Lothario
1548 2809 1875 2884 Augusto;
1929 2808 2405 2884 Theutpergam
2446 2825 2621 2877 vero,
2672 2808 3021 2884 legitimam
3072 2827 3368 2881 uxorem,
3416 2815 3643 2887 postea
3672 2810 3792 2889 ipsi

374 2888 571 2948 invito
603 2888 735 2966 regi
768 2888 958 2948 minis
990 2889 1188 2948 fuisse
1212 2891 1639 2965 conjunctam.

1495 3042 1667 3107 (Apud
1703 3042 1984 3091 Barouium
2011 3041 2079 3089 ad
2108 3054 2233 3089 ann.
2267 3042 2373 3099 862,
2408 3054 2463 3089 n.
2487 3041 2591 3102 29.)

366 3268 655 3336 Augustus
686 3266 830 3319 diva:
855 3264 1264 3319 recordationis
1303 3263 1598 3318 Lotharius
1624 3279 1726 3334 per
1751 3263 1980 3317 electio-
2022 3264 2063 3319 C
2091 3279 2234 3315 nans
2261 3263 2413 3332 regis
2447 3278 2567 3316 esse
2596 3262 2915 3331 periculum
2963 3264 3031 3317 de
3063 3268 3211 3317 statu
3240 3265 3402 3335 regni
3435 3267 3544 3330 sui,
3589 3272 3645 3319 et
3675 3284 3791 3320 suis

287 3371 421 3407 nem
453 3356 647 3424 populi
680 3354 845 3425 regni
877 3355 1264 3408 Romanorum
1289 3358 1508 3406 creatus
1540 3357 1621 3405 est
1654 3352 1981 3422 imperator,

290 3460 595 3515 arcemque
642 3443 804 3513 regni
856 3444 1198 3496 Francorum
1245 3458 1467 3512 regens,
1516 3441 1666 3494 inter
1714 3442 1984 3511 reliquias

289 3540 585 3602 gestorum
617 3547 849 3584 suorum
879 3530 1308 3584 deliberationis
1337 3530 1456 3583 ﬁlio
1488 3546 1591 3582 suo
1626 3529 1860 3582 domino
1894 3533 1989 3582 Lon

290 3621 477 3674 thario
524 3620 803 3690 virginem
842 3620 1114 3682 nobilem,
1162 3619 1391 3672 nomine
1440 3618 1823 3683 Waldradam,
1875 3618 1981 3670 sub

290 3710 528 3762 nomine
559 3709 768 3762 divina:
800 3709 930 3762 ﬁdei
983 3708 1233 3772 tradidit,
1268 3713 1332 3760 ut
1375 3723 1500 3760 eam
1541 3708 1597 3760 in
1635 3707 1732 3759 Dei
1762 3706 1894 3766 ﬁde,
1928 3711 1984 3758 et

289 3814 389 3850 sua
436 3797 629 3851 futuro
674 3803 929 3867 tempore
975 3797 1307 3863 custodiret,
1354 3802 1409 3849 et
1464 3795 1763 3848 obtineret.
1820 3796 1883 3847 Et
1924 3798 1983 3847 ut

289 3885 411 3939 haec
457 3885 662 3955 copula
694 3885 851 3954 justa
895 3901 1017 3938 esse
1071 3887 1401 3955 patescerct,
1444 3882 1501 3934 in
1533 3880 1980 3951 praetitulatione

288 3973 454 4039 dotis,
488 3978 715 4026 centum
750 3988 978 4026 mansos
1009 3972 1424 4042 gloriosissimo
1451 3971 1694 4039 puerulo
1727 3969 1977 4030 tradidit,

290 4061 657 4131 quinecdum
702 4077 819 4114 sua:
871 4061 1147 4115 libertatis
1179 4066 1320 4125 erat,
1355 4062 1483 4114 licet
1527 4060 1752 4113 futurus
1800 4058 1980 4111 haares

289 4148 472 4217 patri;
507 4150 604 4202 sed
628 4150 731 4203 sub
762 4150 1065 4214 tutoribus,
1095 4156 1149 4203 et
1175 4150 1458 4202 actoribus
1490 4148 1779 4215 manebat,
1815 4146 1980 4200 sicuti

289 4238 357 4291 de
390 4237 595 4291 talibus
626 4238 880 4307 loquitur
898 4239 1226 4308 Apostolus,
1250 4238 1441 4291 dicens
1474 4253 1485 4290 :
1517 4238 1725 4302 Quanto
1748 4242 1983 4305 tempore

289 4327 457 4379 heres
505 4328 765 4395 parvulus
796 4333 893 4393 est,
942 4329 1085 4381 nihil
1117 4327 1306 4395 differt
1352 4343 1386 4380 α
1411 4341 1582 4391 servo,
1614 4341 1733 4379 cum
1762 4328 1835 4378 sit
1877 4325 1976 4378 do-

286 4418 466 4469 minus
495 4419 761 4483 omnium;
807 4416 900 4469 sed
928 4416 1026 4468 sub
1059 4416 1326 4468 tutoribus
1374 4418 1423 4468 et
1451 4414 1723 4466 actoribus
1770 4416 1847 4465 est
1886 4427 1976 4464 us-

287 4520 389 4573 que
434 4504 506 4556 ad
550 4507 881 4572 praeﬁnitum
927 4509 1133 4572 tempus
1161 4520 1195 4556 α
1236 4507 1391 4571 patre
1439 4501 1575 4569 (Gal.
1630 4500 1728 4567 1v).
1771 4500 1976 4551 Verum

286 4594 544 4664 quandiu
576 4595 880 4663 praedictus
910 4594 1222 4663 imperator
1246 4591 1406 4661 regni
1441 4591 1788 4644 Francorum
1812 4588 1982 4640 subli-

285 4683 542 4735 mitatem
575 4682 839 4749 obtinuit,
876 4681 1143 4751 priefatus
1176 4680 1449 4749 puerulus
1479 4678 1623 4731 datas
1639 4677 1745 4730 sibi
1774 4677 1980 4746 puellae

283 4776 524 4840 paterno
561 4785 798 4823 munere
829 4769 1096 4833 inhaesit;
1133 4768 1287 4839 quod
1318 4784 1429 4820 non
1463 4768 1519 4819 in
1547 4766 1758 4835 angulo
1786 4770 1979 4835 patra-

282 4864 406 4912 tum
438 4858 569 4926 fuit,
601 4858 736 4927 quia
781 4859 990 4911 veritas
1020 4873 1134 4910 non
1168 4857 1338 4909 habet
1368 4856 1606 4924 angulos
1652 4854 1748 4907 sed
1780 4853 1841 4906 in
1874 4869 1977 4922 pu-

282 4946 431 5000 blico
499 4947 860 5015 pontiﬁcum,
926 4952 982 4998 et
1029 4946 1373 5014 optimatum
1426 4944 1766 5012 spectaculo,
1836 4943 1981 4995 sicut

283 5034 589 5105 paedagogi
651 5034 775 5103 ejus
821 5037 1122 5098 testantur,
1188 5033 1357 5085 etiam
1405 5038 1463 5084 et
1504 5033 1817 5083 avunculus
1857 5030 1980 5100 ejus

287 5123 631 5176 Leutfridus.
681 5122 920 5176 Domino
960 5122 1308 5191 imperatore
1359 5119 1622 5173 Lothario
1672 5119 1976 5188 migrante,

283 5211 343 5264 in
388 5211 528 5280 ipsis
595 5211 795 5264 diebus
846 5210 1073 5282 paterni
1123 5210 1328 5274 luctus,
1401 5208 1715 5261 Hucbertus
1755 5207 1981 5261 Acefala

285 5315 418 5353 cum
447 5300 563 5353 suis
594 5299 992 5370 complicibus,
1024 5314 1280 5352 sororem
1314 5313 1476 5350 suam
1503 5297 1735 5349 nomine
1766 5298 1978 5350 Theut-

289 5402 530 5455 pergam
560 5388 797 5442 domino
830 5388 951 5457 regi
1003 5386 1270 5440 Lothario
1309 5385 1619 5438 clarissime
1650 5385 1981 5437 adolescen-

285 5475 406 5529 tulo
434 5476 689 5542 adduxit,
724 5481 779 5529 et
823 5476 1220 5530 fraudulenter
1263 5488 1387 5527 eam
1421 5471 1526 5524 sibi
1574 5471 1829 5533 sociavit,
1880 5471 1981 5523 mi-

2095 3367 2208 3403 non
2240 3351 2454 3404 faveret
2501 3352 2898 3413 hortamentis.
2932 3353 3225 3422 Acquievit
3253 3370 3371 3420 rex,
3402 3355 3533 3409 licet
3567 3357 3786 3424 nolens,

2094 3440 2240 3492 sicut
2272 3440 2390 3509 ipse
2422 3444 2658 3492 testatus
2690 3446 2791 3493 est.

2166 3529 2336 3582 Fama
2386 3529 2647 3597 pessimae
2702 3529 3074 3599 turpitudinis
3122 3530 3542 3601 Theutpergam
3595 3533 3786 3601 sequi-

2093 3621 2208 3685 tur,
2240 3622 2294 3670 et
2332 3617 2399 3670 de
2432 3617 2752 3671 incestuoso
2802 3619 3109 3672 concubitu
3158 3619 3352 3673 fratris
3400 3621 3486 3673 sui
3521 3622 3787 3676 Hucberti

2090 3720 2190 3758 rea
2238 3707 2600 3772 acclamatur,
2655 3706 2892 3760 aifertur
2941 3707 3210 3760 schedula
3263 3708 3652 3777 confessionis,
3687 3710 3785 3763 ubi

2090 3798 2296 3861 sponte
2326 3794 2579 3846 confessa
2608 3794 2841 3863 legitur,
2870 3795 3084 3864 judicio
3124 3798 3421 3849 consulum
3456 3797 3781 3863 damnatur,

2092 3880 2485 3935 misericordia
2550 3883 2863 3951 praesulum
2930 3885 3198 3950 salvetur,
3261 3884 3456 3953 fugam
3518 3887 3780 3954 capessit.

2092 3969 2271 4039 Hujus
2317 3969 2449 4022 facti
2513 3970 2802 4035 notitiam,
2834 3986 2935 4040 per
2994 3970 3245 4024 illustres
3279 3972 3429 4024 viros
3491 3973 3783 4042 piissimus

2090 4072 2185 4109 rex
2217 4058 2487 4111 dominus
2534 4058 2833 4112 Lotharius
2887 4060 3123 4112 Romam
3161 4059 3357 4127 mittit,
3388 4066 3444 4113 et
3473 4077 3668 4113 causas
3698 4062 3782 4115 rei

2089 4148 2339 4216 pandere
2382 4148 2596 4200 statuit.
2651 4148 3015 4200 Beatissimus
3062 4164 3209 4218 papa
3247 4149 3510 4202 Nicolaus
3561 4151 3781 4204 ratione

2090 4241 2383 4306 comperta
2409 4236 2710 4290 deliciosos
2758 4237 2960 4289 missos
2994 4237 3349 4290 Rodoaldum
3398 4238 3611 4291 scilicet
3641 4239 3779 4291 Por-

2090 4328 2369 4389 tuensem,
2419 4326 2696 4377 Joannem
2748 4325 3163 4378 Fidiculensem
3218 4321 3335 4395 [al.,
3392 4325 3778 4397 Ficodensem]

2088 4412 2146 4465 in
2182 4413 2475 4466 Franciam
2510 4414 2703 4475 mittit,
2752 4420 2809 4466 et
2834 4414 2892 4467 in
2928 4413 3066 4466 urbe
3097 4413 3313 4478 Metica,
3353 4415 3617 4482 generale
3648 4431 3784 4467 con-

2089 4500 2283 4553 cilium
2341 4501 2625 4553 celebrare
2678 4503 2949 4556 decernit.
3020 4502 3126 4556 Ubi
3192 4504 3553 4572 prwsentiam
3618 4519 3777 4557 suam

2091 4588 2538 4658 gloriosissimus
2586 4605 2681 4642 rex
2730 4590 3049 4656 Lotharius,
3081 4606 3212 4642 cum
3263 4591 3530 4645 universo
3566 4593 3783 4661 prima-

2088 4683 2211 4731 tum
2256 4692 2488 4730 suorum
2535 4677 2937 4747 nobiliumque
2992 4677 3445 4733 consiliariorum
3505 4681 3776 4733 comitatu

2089 4765 2414 4829 ostendens,
2447 4766 2504 4817 in
2550 4770 2741 4818 sancta
2771 4766 2983 4836 synodo
3034 4766 3278 4832 resedit;
3329 4768 3404 4820 ibi
3435 4784 3631 4820 causas
3664 4784 3781 4822 suae

2088 4855 2329 4908 actionis
2361 4854 2419 4907 in
2450 4860 2753 4924 conspectu
2807 4855 3132 4925 legatorum
3184 4855 3457 4909 Romanos
3489 4855 3638 4909 sedis
3682 4872 3777 4909 ex-

2086 4943 2295 5013 posuit,
2344 4942 2634 5013 quomodo
2685 4941 2743 4995 in
2775 4943 2884 4996 ﬁde
2931 4943 3029 4996 Dei
3061 4943 3286 5011 genitor
3321 4960 3457 4997 suus
3497 4946 3779 4998 excellen-

2085 5031 2323 5086 tissima:
2358 5029 2651 5083 memoriae
2681 5030 2951 5084 dominus
2990 5030 3290 5083 Lotharius
3320 5036 3631 5102 perpetuus
3662 5037 3780 5085 Au-

2087 5124 2310 5191 gustus,
2342 5124 2399 5172 et
2427 5119 2707 5189 virginem
2742 5119 3115 5189 praenobilem
3149 5135 3319 5195 manu
3349 5121 3583 5192 propria
3610 5121 3781 5174 tradi-

2089 5209 2257 5273 derit,
2308 5213 2362 5262 et
2410 5208 2631 5279 reliqua
2675 5224 2803 5279 quas
2855 5224 3027 5277 supra
3084 5210 3567 5263 enumeravimus.
3614 5210 3779 5273 Quod

2086 5312 2219 5349 vero
2248 5295 2612 5364 Theutperga
2655 5300 2844 5349 reatus
2878 5294 2962 5347 sui
2996 5294 3223 5363 culpam
3265 5295 3489 5364 publice
3522 5294 3780 5348 confessa

2089 5383 2279 5449 fuerit,
2312 5384 2371 5436 in
2421 5382 2692 5452 praedicto
2722 5382 2984 5449 concilio,
3036 5381 3186 5452 quod
3221 5382 3376 5435 Metis
3407 5372 3632 5435 civitate
3675 5399 3779 5453 pa-

2087 5474 2297 5525 tratum
2367 5474 2483 5540 est,
2544 5476 2829 5526 senatores
2893 5470 3146 5525 universi
3204 5470 3369 5541 regni
3434 5470 3776 5526 Francorum
