4108 6190
376 282 509 336 1143

1572 277 1901 333 ADVENTII
1937 278 2286 335 METENSIS
2324 276 2661 334 EPISCOPI.

3744 275 3874 327 1144

370 412 643 483 perﬁcere
686 426 744 464 se
778 409 1231 463 acclamaverint.
1268 412 1327 463 lu
1361 408 1569 479 quibus
1608 408 1912 479 prudentia
1944 414 2062 463 tam
2101 412 2146 463 A
2176 412 2369 461 sancta
2402 406 2575 461 David
2624 405 2833 473 ﬁdelia,
2867 412 2923 459 et
2952 406 3265 459 orthodoxo
3298 405 3627 475 imperatori
3673 405 3876 459 Lotha-

328 544 337 557 .
371 499 703 570 temporalis
735 514 908 568 quam
952 497 1227 567 spiritalis
1258 497 1521 565 refulget,
1576 512 1821 566 quorum
1852 502 2063 565 patres,

372 588 590 660 proavi,
623 592 675 639 et
702 586 851 639 atavi
879 586 1265 639 Romanorum
1297 585 1514 638 consilii
1550 586 1875 637 maturitate
1906 601 2067 638 rexe-

372 682 507 730 runt
548 674 881 743 imperium,
915 690 1159 743 quorum
1196 674 1456 742 stirpem,
1492 678 1751 741 tempore
1783 676 2066 743 Augusto-

373 781 499 819 rum
538 763 756 817 domini
790 762 1058 816 Ludovici
1098 762 1484 831 imperatoris,
1535 767 1592 813 et
1622 761 2067 830 magniﬁcentis-

373 852 500 905 simi
549 851 801 905 Lotharii
864 866 1089 919 semper
1152 850 1318 902 titulo
1368 849 1696 902 consulatus
1737 855 2066 903 exornatam

372 940 615 993 intuitus
666 956 812 992 sum.
848 942 1063 993 Horum
1112 938 1416 1006 specialem
1462 937 1686 989 consilii
1737 938 2069 1008 praerogati-

369 1045 495 1082 vam
563 1044 931 1097 nequaquam
1008 1026 1389 1095 abjiciendam
1469 1026 1804 1078 universitas
1870 1026 2067 1097 populi

371 1117 701 1170 acclamavit
734 1131 747 1168 :
781 1115 997 1185 quippe
1030 1129 1158 1165 cum
1189 1129 1292 1166 nec
1320 1114 1626 1166 criminum
1669 1114 1747 1165 eis
1779 1114 2067 1166 damnosi-

370 1208 455 1258 tas
486 1203 877 1270 objiciebatur,
910 1201 1007 1253 sed
1047 1201 1400 1270 probitatum
1447 1201 1771 1270 ingenuitas
1805 1202 2068 1255 laudibus

373 1290 733 1345 elferebatur.
783 1290 1141 1358 Quapropter
1192 1290 1327 1359 quia
1374 1291 1585 1358 passim
1637 1290 1872 1359 plurimi
1917 1294 2069 1344 varie

373 1380 442 1433 de
472 1378 561 1431 his
590 1378 919 1447 opinantur,
955 1381 1008 1429 et
1041 1376 1380 1445 multiplicia
1425 1376 1826 1430 deﬁnitionum
1858 1393 2070 1446 genera

375 1472 618 1537 ponunt,
657 1482 771 1535 quo
805 1465 1008 1518 affectu
1050 1481 1221 1534 super
1245 1464 1331 1516 his
1364 1466 1742 1527 tractaverim,
1779 1482 1842 1518 ac
1869 1482 2067 1519 sense-

375 1555 506 1620 rim,
558 1552 890 1607 reverentiae
935 1552 1190 1605 ﬁdelium
1244 1553 1517 1606 elucidari
1560 1555 1792 1607 curabo.
1832 1554 2069 1617 Quando

374 1643 688 1712 imperator
716 1641 1008 1709 piissimus
1039 1641 1157 1694 ﬁlio
1188 1657 1290 1694 suo
1324 1642 1637 1711 eequivoco,
1672 1642 1924 1711 puellam
1963 1658 2065 1695 no-

375 1730 595 1783 bilitate
645 1728 829 1782 carnis
861 1728 1195 1797 insignitam
1240 1729 1417 1795 dedit,
1462 1731 1718 1783 nondum
1752 1746 1909 1783 eram
1943 1730 2071 1800 epi—

372 1817 583 1886 scopali
617 1832 790 1870 onere
836 1822 1246 1886 prmgravatas,
1301 1833 1405 1869 nec
1436 1818 1525 1870 his
1563 1818 1795 1871 interfui
1828 1819 2067 1872 actibus.

373 1906 739 1975 Theutperga
768 1920 897 1957 cum
947 1905 1272 1958 introducta
1321 1904 1449 1965 fuit.
1494 1909 1549 1959 et
1580 1906 1891 1960 secundum
1941 1923 2070 1960 con-

367 1990 598 2060 jugium
644 1996 933 2061 patratum
967 1996 1070 2055 est,
1124 1991 1233 2043 nisi
1266 1992 1463 2045 auditu
1512 1992 1742 2061 penitus
1788 1992 2067 2063 ignoravi.

376 2080 469 2132 His
497 2079 666 2131 rebus
696 2079 776 2131 ita
818 2079 1086 2143 excursis,
1141 2080 1426 2149 expetitus
1457 2096 1486 2131 a
1533 2081 1706 2145 clero,
1760 2086 1815 2133 et
1860 2082 2071 2134 electus

373 2184 407 2219 a
438 2166 622 2236 plebe,
661 2166 961 2236 episcopus
1007 2167 1277 2221 canonice
1306 2172 1668 2221 consecratus
1702 2168 1761 2220 in
1793 2168 1881 2221 his
1910 2170 2071 2223 factis

374 2255 566 2307 taliter
632 2256 783 2307 sensi
834 2271 846 2307 :
896 2256 1412 2309 Christianissimus
1452 2256 1770 2325 imperator
1836 2257 1894 2309 in
1960 2258 2071 2310 ﬁde

376 2342 603 2406 Christi,
653 2347 707 2395 et
738 2359 858 2409 sua,
895 2344 1177 2412 virginem
1231 2344 1349 2397 ﬁlio
1374 2344 1550 2407 dedit,
1603 2344 1742 2397 ﬁdes
1789 2344 1888 2397 Dei
1920 2360 2068 2398 scor-

374 2437 495 2484 tum
530 2447 643 2483 non
688 2431 881 2497 donat,
933 2433 1027 2485 sed
1068 2432 1355 2502 repudiat,
1398 2433 1590 2486 dicens
1625 2449 1636 2485 :
1673 2434 1787 2487 Non
1834 2436 2072 2487 mcecha—

376 2519 515 2572 beris
574 2519 767 2581 (Exod.
825 2520 935 2590 xx).
994 2522 1058 2574 Et
1106 2521 1668 2575 Psalmista:Perdes
1727 2537 1923 2587 omnes,
1976 2524 2073 2591 qui

374 2610 722 2672 fornicamur
752 2609 847 2662 abs
899 2614 946 2662 te
979 2609 1155 2678 (Psal.
1194 2609 1376 2678 Lxxu).
1420 2610 1649 2675 Paulus,
1684 2610 1783 2679 qui
1828 2610 1940 2663 ﬁde
1971 2612 2071 2664 Dei

376 2698 719 2765 praecinctus
761 2700 903 2764 erat,
935 2697 1164 2762 clamat,
1200 2698 1309 2750 hoc
1340 2697 1606 2767 inquiens
1641 2714 1653 2750 :
1690 2699 1886 2751 Scitote
1912 2699 2067 2751 intel-

377 2786 619 2852 ligentes,
672 2786 817 2854 quod
861 2788 1032 2839 omnis
1080 2787 1405 2851 fornicator,
1461 2790 1559 2839 aut
1603 2786 1918 2839 immundus
1974 2791 2071 2840 aut

373 2889 606 2939 avarus,
653 2874 798 2942 quod
828 2879 906 2927 est
936 2874 1202 2927 idolorum
1235 2877 1487 2939 servitus,
1518 2890 1624 2927 non
1654 2876 1812 2928 habet
1842 2875 2069 2928 heredi-

2177 497 2281 562 rio,
2307 512 2422 549 non
2444 496 2677 548 abstulit
2700 500 3036 565 potestatem
3061 494 3451 563 conjungendi
3472 493 3653 546 ﬁliuzn
3680 510 3871 557 suum,

2178 601 2307 637 cum
2339 600 2681 654 quacunque
2726 584 2916 652 puella
2951 583 3311 647 decrevisset,
3355 581 3410 633 in
3450 582 3754 649 Evangelia
3788 581 3874 633 di-

2178 673 2251 725 cit
2287 690 2298 725 :
2336 674 2444 736 Qui
2476 672 2706 725 dimissa
2761 687 2946 732 uxore,
3002 672 3231 723 atteram
3272 670 3526 736 duxerit,
3574 671 3877 722 maechatur

2181 759 2399 821 (Matth.
2456 760 2585 822 XIX).
2615 759 2767 810 Unde
2816 761 3059 823 c-nnrtet,
3095 762 3156 808 ut
3186 758 3306 809 haec
3339 755 3657 821 audientes,
3692 756 3790 822 pio
3825 760 3878 808 et

2180 846 2383 899 devoto
2427 846 2615 898 studio
2646 851 2912 915 paternos
2948 860 3193 897 canones
3236 844 3489 910 audiant,
3534 860 3595 896 ac
3621 850 3874 908 servent,

2179 934 2315 1004 quia
2344 934 2620 986 terminos
2662 936 2893 987 Patrum
2931 949 3223 1003 nunquam
3273 932 3589 1001 transgredi
3623 938 3873 1002 oportet.

2180 1024 2318 1076 Nam
2353 1022 2497 1074 sacri
2526 1038 2770 1075 canones
2801 1027 3039 1091 paterno
3072 1038 3307 1074 munere
3338 1022 3638 1073 mulierem
3680 1020 3875 1073 datam

2178 1112 2346 1181 culpa
2370 1126 2562 1164 carere
2594 1112 2970 1180 proclamant.
3006 1111 3343 1179 Imperator,
3387 1110 3484 1180 qui
3515 1109 3757 1162 cultura:
3792 1110 3876 1161 di-

2177 1200 2324 1253 vinae
2376 1200 2605 1253 deditus
2652 1205 2791 1265 erat,
2824 1199 3220 1252 fornicationis
3271 1197 3590 1251 detestabili
3620 1198 3877 1251 facinore

2178 1289 2363 1342 ﬁlium
2424 1288 2504 1340 uti
2556 1304 2669 1340 non
2722 1288 2986 1357 permisit
3046 1288 3375 1341 Lotharium
3432 1302 3650 1357 regem,
3712 1287 3877 1356 cujus

2179 1376 2478 1447 professio,
2535 1381 2589 1428 et
2647 1376 2903 1429 omnium
2958 1381 3283 1429 senatorum
3336 1375 3462 1428 talis
3523 1375 3756 1437 exstitit,
3807 1375 3876 1427 de

2181 1466 2387 1535 copula
2415 1464 2752 1529 Waldrada,
2802 1465 2954 1534 quod
2988 1480 3112 1517 eam
3143 1465 3369 1535 genitor
3398 1464 3456 1517 in
3488 1464 3599 1516 ﬁde
3631 1464 3731 1517 Dei
3764 1464 3876 1516 sibi

2181 1554 2432 1607 dederat.

2252 1640 2329 1692 De
2376 1639 2738 1708 Theutperga
2768 1655 2926 1704 vero,
2980 1639 3134 1709 quod
3165 1640 3389 1693 sceleris
3437 1639 3524 1692 sui
3557 1640 3777 1692 malum
3808 1640 3878 1693 de

2182 1728 2471 1781 horrendo
2521 1728 2861 1798 impudendi
2916 1728 2980 1799 [Γ.
3016 1728 3315 1799 impudici]
3361 1728 3551 1781 fratris
3604 1732 3878 1798 amplexu

2180 1817 2456 1885 confessa,
2516 1822 2570 1869 et
2623 1817 2997 1886 comprobata
3053 1818 3246 1883 fuerit,
3310 1818 3574 1871 similiter
3631 1819 3876 1871 omnino

2180 1904 2477 1973 protestati
2528 1910 2678 1971 sunt,
2713 1921 2843 1976 qua:
2874 1922 2990 1958 non
3042 1906 3262 1973 pavidis
3305 1923 3333 1959 a
3359 1907 3522 1959 nobis
3554 1906 3729 1959 nimis
3759 1913 3879 1959 ter-

2178 1993 2287 2046 rita
2316 1998 2417 2057 est,
2447 2008 2551 2046 nec
2595 1992 2833 2046 amomis
2877 1992 3107 2044 confota
3150 1990 3456 2044 blanditiis.
3508 1992 3631 2060 Ipse
3682 1998 3880 2045 autem

2181 2081 2495 2135 secundum
2542 2081 2878 2149 Apostolum
2930 2080 3158 2145 faciens,
3192 2080 3289 2132 ubi
3331 2080 3467 2132 dicit
3498 2096 3511 2133 :
3546 2082 3606 2135 Si
3632 2083 3754 2148 ﬁeri
3781 2096 3882 2148 po-

2182 2175 2299 2231 test,
2334 2186 2452 2223 cum
2486 2170 2728 2222 omnibus
2763 2169 3067 2221 hominibus
3104 2184 3290 2236 pacem
3322 2169 3508 2222 habete
3548 2170 3720 2235 (Rom.
3748 2172 3877 2233 xu),

2180 2263 2235 2311 et
2264 2259 2561 2311 consulum
2596 2258 2877 2310 nobilium
2908 2274 3071 2310 voces
3103 2257 3361 2322 audiens,
3396 2259 3541 2311 sicut
3570 2275 3743 2329 supra
3776 2275 3883 2328 per

2183 2346 2541 2399 succedentia
2600 2352 2864 2415 tempora
2920 2346 3195 2414 exemplis
3244 2348 3663 2409 annotavimus,
3720 2345 3880 2416 quod

2180 2435 2376 2487 audita
2410 2440 2465 2487 et
2494 2434 2807 2503 approbata
2840 2441 2973 2487 sunt
3002 2442 3331 2487 senatorum
3365 2435 3624 2502 consilia,
3659 2436 3715 2487 in
3749 2451 3882 2488 om-

2179 2522 2347 2575 nibus
2396 2522 2934 2591 subscriptionibus,
2970 2528 3026 2574 et
3056 2522 3485 2575 deﬁnitionibus
3524 2523 3731 2575 nostris
3769 2524 3881 2576 hoc

2180 2611 2353 2664 modo
2385 2611 2732 2675 censuimus,
2776 2616 2838 2663 ut
2869 2611 2915 2662 si
2960 2611 3318 2679 Theutperga
3366 2611 3617 2663 confessa
3663 2612 3880 2679 praadi-

2180 2703 2334 2750 ctum
2381 2698 2581 2750 fuisset
2627 2703 2871 2762 reatum,
2907 2698 3061 2766 regia
3110 2699 3377 2751 societate
3424 2698 3720 2767 indignam
3752 2715 3879 2751 esse

2180 2785 2394 2837 censui.
2448 2785 2511 2836 Et
2543 2784 2588 2836 si
2648 2784 2949 2838 Waldrada
3005 2785 3063 2837 in
3096 2783 3206 2837 ﬁde
3262 2785 3357 2838 Dei
3406 2801 3644 2837 munere
3696 2786 3878 2854 patris

2176 2874 2370 2941 juncta
2421 2879 2567 2925 esset
2599 2873 2743 2941 regi,
2790 2873 2962 2925 ﬁdem
2998 2873 3097 2925 Dei
3129 2889 3243 2925 non
3278 2890 3447 2925 ausus
3480 2874 3559 2926 fui
3612 2874 3877 2943 blasphe-

377 2965 539 3015 tatem
570 2963 627 3014 in
659 2977 822 3027 regno
853 2962 1071 3016 Christi
1099 2968 1147 3015 et
1193 2965 1290 3016 Dei
1319 2964 1537 3030 (Ephes.
1571 2962 1625 3031 v)
1662 2978 1673 3015 :
1709 2963 1806 3031 qui
1840 2968 2073 3032 portans
2113 2965 2152 3020 C
2184 2977 2358 3025 mare,
2391 2976 2460 3013 ne
2506 2961 2652 3013 forte
2682 2960 3009 3029 perfoderat
3040 2976 3129 3012 me
3179 2960 3467 3031 Scriptura
3503 2962 3659 3014 verbi
3685 2961 3881 3030 jaculo

374 3048 581 3119 stigma
612 3050 745 3104 Jesu
790 3050 848 3103 in
898 3066 1135 3120 corpore
1184 3067 1305 3117 suo,
1342 3052 1445 3103 hoc
1474 3056 1559 3103 est
1606 3051 1875 3104 vexillum
1916 3050 2068 3119 ﬁdei,

375 3154 491 3191 non
522 3138 673 3191 fovet
719 3138 1030 3195 adulteros.
1068 3139 1165 3192 sed
1208 3139 1441 3204 cuspide
1476 3138 1620 3191 sacri
1662 3139 1891 3192 faminis
1926 3145 2071 3193 tere-

376 3226 523 3294 brat,
580 3226 772 3280 dicens
823 3242 835 3280 :
882 3229 1063 3294 Neque
1118 3228 1357 3281 adulteri
1402 3242 1627 3295 regnum
1677 3228 1783 3280 Dei
1835 3228 2073 3296 posside-

378 3314 510 3367 bunt
559 3314 613 3383 (Ι
641 3315 760 3370 Cor.
825 3315 919 3384 v1).
976 3315 1269 3381 Dominus,
1339 3316 1441 3386 qui
1496 3315 1680 3369 ﬁdelis
1712 3320 1816 3381 est,
1873 3322 1930 3369 et
1976 3316 2075 3370 dat

445 3480 470 3505 ⁸
514 3473 816 3540 Hucusque
874 3470 1100 3525 libellus
1150 3471 1433 3536 Adventii,
1476 3472 1646 3525 unius
1694 3488 1762 3525 ex
1814 3472 1927 3525 illis
1972 3472 2073 3542 qui

374 3547 576 3611 postea
622 3557 885 3595 meruere
913 3559 943 3594 a
977 3543 1207 3595 Nicolao
1244 3543 1501 3595 Romano
1544 3542 1811 3611 pontiﬁce
1843 3559 2070 3596 excom-

378 3612 697 3684 municari;
742 3628 939 3684 verum
973 3628 1084 3684 non
1120 3618 1183 3666 ut
1212 3613 1327 3678 alii,
1377 3629 1581 3684 nempe
1618 3613 1973 3667 Coloniensis
2017 3618 2073 3668 et

374 3682 747 3750 Trevirensis,
792 3682 1173 3737 obstinatione
1224 3682 1531 3751 obduruit,
1572 3685 1665 3738 sed
1700 3686 1918 3755 peccati
1949 3701 2070 3754 pm-

2183 3048 2377 3101 dicens
2419 3064 2431 3101 :
2475 3049 2821 3116 Btasphemos
2868 3063 2934 3100 ne
2982 3050 3218 3117 patiaris
3268 3052 3445 3103 vivere
3495 3051 3643 3116 (Leo.
3705 3052 3878 3119 xxiv).

2181 3137 2483 3207 Apostolus
2512 3136 2803 3189 licentiam
2836 3138 2949 3203 dat,
2983 3143 3040 3190 ut
3076 3138 3470 3208 unusquisque
3494 3138 3551 3190 in
3582 3154 3686 3190 suo
3709 3154 3879 3191 sensu

2181 3224 2432 3277 abundet
2463 3225 2639 3293 (Rom.
2670 3224 2784 3293 xw)
2816 3232 2859 3277 ³.

2182 3470 2391 3535 nitens,
2425 3468 2677 3538 seipsum
2709 3485 3002 3536 accusans,
3034 3473 3090 3523 et
3120 3470 3346 3524 veniam
3374 3476 3599 3539 petens,
3628 3472 3885 3526 obtinuit

2181 3540 2339 3614 illam
2394 3539 2461 3593 ab
2494 3540 2694 3593 eodem
2744 3541 2974 3614 Nicolao
3019 3541 3308 3612 pontiﬁce,
3343 3549 3405 3596 ut
3452 3548 3610 3610 patet
3658 3558 3723 3595 ex
3756 3544 3881 3614 epi-

2182 3612 2325 3664 stola
2356 3626 2483 3663 mox
2513 3611 2795 3681 sequenti.

1630 3931 2099 4005 EPISTOLA
2155 3931 2574 4004 ADVENTI
2586 3932 2613 4003 Ι

1159 4087 1264 4151 AD
1314 4086 1929 4153 THEUTGAUDUM
1979 4087 2543 4154 COLONIENSEM
2592 4086 3068 4152 EPISCOPUM.

997 4228 1324 4291 Certiorem
1368 4242 1589 4291 secreto
1632 4232 1787 4309 facit
1831 4231 1903 4291 de
1943 4230 2167 4311 synodo
2211 4231 2375 4311 apud
2413 4232 2604 4292 Melas
2642 4251 2783 4292 mox
2826 4231 3269 4311 congreganda.

1901 4362 2133 4424 (Baron.,
2167 4362 2317 4423 ibid.)

445 4622 922 4679 Reverentissimo
976 4641 1040 4679 ac
1094 4626 1453 4680 sanctissimo
1513 4627 1676 4681 nobis
1728 4643 1829 4697 per
1871 4626 2068 4681 omnia

2179 4625 2352 4691 tietis,
2424 4641 2726 4697 quousque
2793 4626 2853 4679 in
2918 4626 3321 4680 Puriﬁcatione
3399 4631 3607 4680 sancta:
3667 4626 3878 4690 Mariae,

375 4711 753 4767 desiderando
812 4714 966 4767 Patri
1020 4716 1386 4770 THEUTGAUDO
1450 4718 1767 4771 ADVENTIUS
1834 4716 2073 4769 devotus
2106 4694 2150 4747 D
2184 4716 2331 4768 sicut
2362 4731 2467 4785 pro
2508 4720 2661 4768 certo
2695 4715 2873 4767 vocati
2920 4719 3052 4767 sunt
3082 4730 3283 4768 omnes
3332 4715 3510 4768 nostri
3541 4715 3878 4779 confratres,

376 4799 547 4866 ﬁlius,
593 4806 650 4855 et
691 4800 952 4855 assiduus
984 4808 1195 4870 orator,
1253 4819 1493 4857 summa;
1532 4802 1821 4857 felicitatis
1871 4818 2072 4873 pacem

374 4890 431 4940 et
460 4887 724 4954 gloriam.

448 4978 765 5031 Praesentes
814 4978 1023 5048 apices,
1085 4995 1187 5049 per
1250 4981 1448 5049 Deum,
1507 4985 1563 5035 et
1612 4986 1850 5052 propter
1891 4981 2070 5034 Deum

376 5064 676 5118 humiliter
728 5081 1050 5134 precamur,
1084 5072 1148 5120 ut
1198 5068 1390 5121 nullus
1419 5068 1566 5122 alius
1614 5068 1948 5123 mortalium
1988 5068 2071 5121 vi-

376 5153 527 5218 deat,
580 5154 679 5207 sed
724 5154 1007 5207 Vulcanus
1055 5155 1195 5209 edax
1244 5162 1572 5227 perspectos
1614 5162 1931 5211 consumat.
1966 5159 2070 5212 Ve-

374 5242 505 5291 strae
536 5240 787 5310 antiqua!
834 5242 1149 5310 gravitatis,
1202 5248 1257 5297 et
1290 5249 1582 5298 maturum
1632 5246 1957 5309 consilium,
2007 5262 2072 5300 ac

374 5327 493 5381 vice
522 5327 656 5382 ﬁdei
708 5330 1018 5384 anchoram
1064 5334 1381 5401 prudentiae
1423 5334 1662 5388 tutelam
1713 5334 1849 5405 ﬁgat
1894 5334 1955 5389 in
1988 5351 2073 5389 sa-

374 5414 605 5482 pientiae
651 5417 1014 5473 ﬁrmamento
1053 5418 1493 5493 [fundamento],
1524 5439 1596 5477 ne
1626 5424 1844 5494 aliquid
1872 5429 2070 5478 nostro

373 5500 586 5554 seniori
644 5503 958 5574 sinistrum,
1008 5509 1096 5562 vel
1139 5509 1406 5564 dextrum
1468 5512 1576 5565 isto
1626 5515 1884 5581 tempore
1924 5526 2070 5565 nun-

2180 4804 2339 4858 Metis
2386 4805 2730 4858 conveniant
2773 4820 2785 4856 :
2822 4804 2960 4873 quia
3005 4820 3107 4873 pro
3154 4809 3306 4858 certo
3359 4804 3534 4867 scitis,
3581 4803 3737 4873 quod
3782 4819 3883 4856 no.

2182 4897 2295 4945 ster
2346 4892 2535 4945 senior
2584 4891 2772 4946 modis
2814 4892 3098 4945 ‘omnibus
3153 4892 3531 4947 deliberatum
3578 4890 3777 4955 habet,
3821 4895 3883 4943 ut

2180 4980 2413 5033 illorum
2447 4980 2741 5033 communi
2784 4980 3046 5044 consilio,
3081 4980 3361 5049 quidquid
3403 4980 3515 5033 illis
3558 4979 3881 5032 secundum

2183 5068 2363 5121 Deum
2412 5067 2617 5120 melius
2664 5067 2847 5120 visum
2894 5068 3088 5133 fuerit,
3124 5069 3183 5119 in
3229 5066 3495 5121 omnibus
3529 5083 3589 5119 se
3632 5068 3879 5136 paratis-

2181 5154 2395 5209 simum
2444 5170 2566 5208 esse
2618 5155 2935 5224 promittat,
2980 5159 3078 5209 aut
3135 5171 3333 5209 eorum
3386 5154 3641 5219 monitis,
3704 5161 3880 5224 atque

2180 5243 2434 5298 consiliis
2463 5259 2689 5312 parens,
2722 5244 2867 5297 nihil
2910 5244 3150 5298 ulterius
3197 5245 3361 5297 aliter
3388 5249 3540 5314 agat.
3574 5244 3879 5313 Quaprop-

2179 5336 2266 5386 ter
2322 5336 2551 5401 oportet
2617 5348 2735 5395 vos,
2802 5331 3172 5386 dilectissime
3236 5334 3419 5399 Pater,
3482 5332 3653 5386 modo
3709 5334 3879 5385 caute

2179 5436 2368 5491 agere,
2401 5436 2493 5484 ne,
2555 5420 2705 5489 quod
2758 5420 2926 5483 absit,
2985 5420 3175 5490 aliqua
3235 5438 3376 5474 vana
3407 5437 3505 5491 spe
3536 5437 3568 5472 a
3625 5419 3717 5473 via
3752 5420 3872 5483 Dei,

2179 5516 2235 5564 et
2264 5507 2624 5579 evangelicis,
2650 5516 2821 5579 atque
2848 5508 3170 5579 apostolicis
3190 5510 3544 5564 documentis
3564 5508 3872 5573 deviando,
