4108 6190
339 218 472 270 1145

1567 222 1785 279 EPIST.
1827 225 1922 278 AD
1961 226 2311 284 NICOLAUM
2355 226 2607 283 PAPAM.

3700 226 3829 279 1146

335 351 602 420 laqueum
654 351 909 406 incurrat
956 354 1184 409 Averni.
1221 353 1371 408 Certi
1402 354 1574 429 enim
1622 371 1746 409 esse
1772 356 2022 424 potestis
2060 360 2107 412 Α
2135 357 2253 411 imo
2286 357 2573 411 multoties
2631 356 2967 426 deprecatus
3015 359 3117 421 est,
3170 359 3231 408 ut
3276 359 3515 424 pr0pter
3573 371 3831 410 amorem

332 440 469 509 quia
500 440 545 492 si
584 445 778 493 nostra
805 442 991 511 culpa,
1028 448 1123 495 aut
1166 443 1360 513 aliqua
1401 460 1546 496 vana
1590 444 1801 498 ﬁducia
1854 446 2024 498 modo

333 529 622 592 erraverit,
683 529 827 583 illud
874 530 1211 598 implebitur
1259 532 1660 601 propheticum
1708 535 2027 598 sanguinem

331 619 508 685 ipsius
552 618 616 670 de
642 634 806 672 manu
834 624 927 672 tua
956 622 1237 688 requiram
1270 621 1487 689 (Ezech.
1524 623 1624 686 ιιι).
1675 622 1781 674 Ista
1812 638 2025 692 quippe

333 706 463 759 ideo
543 708 861 771 scribimus,
926 709 1059 778 quia
1123 710 1453 763 Valtharum
1534 712 1714 763 nostri
1786 711 2025 763 senioris

334 795 562 848 ﬁdelem
626 796 796 848 hodie
862 798 1191 865 excepimus
1249 799 1317 851 de
1378 800 1589 869 palatio
1647 804 2021 864 remeantem,

336 883 433 952 qui
479 884 644 937 nobis
694 885 1025 953 praedictam
1060 887 1530 941 deliberationem
1579 888 1638 941 in
1673 904 1775 941 sua
1805 888 1916 941 ﬁde
1958 904 2027 941 ex

338 979 495 1040 parte
535 974 715 1025 nostri
750 974 1010 1040 senioris,
1044 974 1120 1028 ita
1151 982 1215 1029 ut
1262 976 1653 1045 praediximus,
1694 976 2022 1041 afﬁrmavit,

2140 446 2386 509 Domini,
2422 446 2530 497 ista
2576 446 2732 498 vobis
2767 444 3249 515 signiﬁcaremus,
3289 444 3589 513 modisque
3639 445 3832 497 omni-

2136 534 2242 587 bus
2290 535 2737 599 consuleremus,
2791 550 2862 587 ne
2923 549 2989 587 ex
3035 538 3218 585 vestra
3276 538 3454 602 parte,
3506 532 3591 585 vel
3648 538 3833 586 vestra

2138 623 2258 675 viva
2290 639 2427 676 voce
2454 622 2669 692 aliquid
2711 623 2821 675 tale
2867 623 3082 688 audiat,
3119 621 3271 674 unde
3304 638 3335 674 a
3366 637 3465 673 sua
3501 621 3681 673 salute
3732 638 3830 674 va-

2136 712 2303 763 cillet.
2337 711 2539 780 Aptius
2561 712 2714 764 enim
2740 710 2903 763 nobis
2924 711 3180 763 cernitur
3207 709 3469 762 simulari
3501 709 3830 769 inﬁrmitas.

2136 816 2307 869 quam
2352 806 2413 853 ut
2464 804 2843 870 prmparatam
2897 816 2924 850 a
2984 801 3094 852 Deo
3148 798 3495 853 medicinam
3557 799 3834 865 languens

2136 890 2463 942 stomachus
2512 889 2749 957 rejiciat.
2795 889 2943 941 Bene
2975 904 3072 940 vos
3110 888 3297 940 valere
3348 892 3636 957 optamus,
3689 885 3831 939 dile-

2135 977 2382 1031 ctissime
2414 979 2596 1031 Pater.

1134 1226 1602 1300 EPISTOLA
1660 1228 2093 1300 EJUSDEM
2151 1228 2279 1300 AD
2340 1228 2841 1302 NICOLAUM
2902 1228 3042 1302 PP.

337 1377 526 1437 Mittit
546 1378 980 1458 professionem
1012 1400 1205 1453 suam,
1239 1400 1365 1463 qua
1378 1400 1652 1463 purgans
1681 1402 1741 1463 se
1770 1381 1841 1441 de
1884 1401 2065 1443 causa
2093 1382 2391 1455 Lotharii,
2427 1384 2802 1463 acquiescere
2830 1402 2890 1441 se
2917 1392 3095 1462 atque
3134 1383 3381 1462 obsequi
3403 1382 3563 1441 docet
3594 1383 3835 1441 statutis

975 1403 980 1438 ε
1012 1401 1205 1453 suam,
1281 1401 1359 1441 ua
1378 1401 1652 1461 purgans
1681 1402 1741 1441 se
1770 1401 1841 1441 ae
1884 1401 2065 1443 causa
2093 1401 2391 1455 Lor/2am,
2427 1402 2802 1463 acquiescere
2830 1402 2890 1441 se
2917 1401 3095 1462 atque
3134 1401 3193 1441 οι

975 1480 1012 1520 a
1031 1401 1319 1540 ponti/£6
1350 1462 1409 1520 in
1436 1462 1660 1541 synodo
1690 1462 1995 1538 Romana;
2023 1463 2276 1543 proinde
2303 1465 2539 1523 veniam
2568 1474 2623 1523 et
2649 1482 2857 1542 pacem
2892 1463 3193 1541 implorat.

1620 1592 1793 1654 (Auud
1828 1592 2014 1652 Mansi,
2048 1592 2224 1652 Conc.,
2257 1597 2385 1642 tom.
2412 1592 2547 1657 XV.)
2582 1620 2587 1625 ι

405 1842 825 1896 Gloriosissimo
876 1842 1161 1895 Dominici
1201 1842 1391 1913 gregis
1439 1843 1649 1913 pastori
1698 1843 1933 1897 domino
1972 1848 2029 1898 et
2068 1848 2108 1901 Β
2142 1845 2330 1898 fautor
2359 1846 2650 1914 vitiorum,
2682 1846 2740 1899 in
2775 1851 3082 1915 conspectu
3132 1851 3328 1898 vestrae
3379 1844 3836 1898 mansuetudinis

332 1931 661 1984 beatissimo
731 1932 991 1997 NICOLAO,
1070 1947 1295 1984 summo
1346 1937 1402 1984 et
1472 1932 1776 1985 universali
1842 1949 2026 2002 papae,

332 2022 667 2085 ADVENTIUS,
701 2020 932 2073 humilis
961 2020 1296 2074 Metensium
1330 2020 1479 2074 sedis
1524 2022 1843 2092 episcopus,
1878 2014 2059 2075 nunc‘

333 2114 391 2160 et
419 2107 479 2160 in
510 2112 789 2161 aeternum
822 2108 1029 2161 valere.

408 2196 661 2249 Christus
710 2197 984 2250 Dominus
1034 2198 1181 2251 Deus
1226 2197 1449 2267 proprii
1492 2198 1791 2268 sanguinis
1838 2199 2028 2268 pretio

334 2285 613 2355 acquisito
683 2286 843 2356 gregi
910 2287 1075 2339 solita
1147 2286 1359 2355 pietate
1429 2288 1805 2356 prospiciens,
1876 2288 2031 2341 vobis

336 2375 546 2426 summi
578 2375 879 2428 sacerdotii
912 2374 1158 2428 contulit
1187 2374 1527 2445 dignitatem
1554 2392 1566 2428 :
1597 2376 1687 2428 cui
1718 2376 1867 2429 inter
1894 2377 2031 2445 plu-

336 2463 484 2516 rima
513 2463 899 2533 spiritualium
932 2464 1207 2518 virtutum
1248 2471 1607 2530 ornamenta,
1644 2465 1850 2535 quibus
1895 2482 2032 2519 san-

338 2558 488 2605 ctam
541 2557 783 2605 matrem
832 2552 1135 2606 Ecclesiam
1192 2552 1521 2606 inimitabili
1569 2555 1866 2607 sanctitate
1897 2570 2033 2607 con-

339 2641 636 2707 decoratis,
689 2657 846 2694 sacra
888 2641 1060 2695 etiam
1115 2642 1316 2710 priscae
1361 2643 1712 2695 auctoritatis
1762 2643 2034 2712 dogmata

338 2727 555 2781 affatim
604 2728 1008 2798 resplendent:
1040 2745 1153 2798 quo
1185 2729 1505 2783 Christiana
1534 2730 1718 2799 plebs,
1755 2730 2031 2783 efﬁcacis-

338 2816 484 2869 simo
519 2818 659 2870 tanti
690 2817 874 2869 Patris
920 2817 1181 2886 exemplo
1210 2818 1450 2871 feliciter
1490 2818 1729 2879 imbuta,
1764 2820 2033 2871 vitiorum

339 2909 597 2957 monstra
638 2906 909 2971 devitare,
957 2910 1012 2959 et
1053 2906 1365 2959 auxiliante
1397 2907 1510 2959 Deo
1560 2913 1775 2960 aeterna
1822 2908 2035 2976 poterit

338 2994 577 3063 praemia
633 2995 1135 3065 comprehendere,
1210 2996 1326 3047 imo
1398 2995 1759 3049 ecclesiastici
1817 2996 2034 3049 ordinis

339 3082 636 3152 disciplina
690 3084 889 3137 vestris
922 3084 1275 3153 temporibus
1309 3084 1653 3138 inviolabilis
1676 3100 2028 3151 permanere.

342 3172 499 3225 Unde
526 3188 652 3225 mea
682 3172 927 3243 parvitas
957 3189 1271 3243 omnesque
1302 3173 1493 3227 divina
1526 3174 1862 3242 dignatione
1890 3173 2034 3227 mihi

338 3260 556 3321 crediti,
591 3261 987 3331 multipliciter
1033 3263 1479 3332 congaudentes,
1551 3278 1786 3332 magnas
1841 3263 2033 3316 omni-

336 3349 561 3419 potenti
596 3351 707 3404 Deo
738 3350 950 3420 gratias
990 3350 1315 3418 referimus,
1366 3350 1583 3403 devotis
1628 3350 1891 3420 precibus
1924 3351 2031 3403 im-

340 3439 650 3508 plorantes,
705 3445 766 3492 ut
822 3440 971 3493 Deus
1025 3438 1391 3509 omnipotens
1441 3439 1612 3492 vestri
1670 3439 2035 3509 pontiﬁcatus

339 3527 559 3597 apicem
606 3527 701 3580 diu
732 3527 1077 3581 incolumem
1118 3528 1404 3582 custodire
1436 3528 1726 3598 dignetur,
1775 3528 1845 3581 ad
1894 3544 2034 3582 con-

340 3615 680 3669 solationem
725 3622 933 3670 sanctae
975 3632 1092 3670 suae
1139 3617 1423 3685 Ecclesiae,
1463 3617 1841 3687 omniumque
1884 3616 2033 3672 ﬁde-

339 3704 481 3757 lium
538 3704 883 3757 animarum.
936 3705 1159 3775 Quippe
1206 3721 1336 3759 cum
1367 3706 1517 3758 inter
1546 3706 1885 3759 suavissimas
1931 3722 2031 3774 pa-

340 3808 622 3859 ganorum
691 3808 1014 3862 pressurae,
1091 3794 1575 3864 densissimasque
1633 3810 2034 3864 perversorum

340 3880 793 3935 Christianorum
843 3882 1160 3935 simultates
1208 3898 1639 3952 occuparemnr,
1689 3887 1745 3936 et
1790 3898 1891 3952 per
1936 3899 2034 3936 ca-

340 3970 460 4039 pita
513 3970 852 4025 humilitatis
917 3976 1124 4025 nostrae
1185 3971 1464 4025 Dominici
1528 3971 1693 4024 ovilis
1752 3971 2032 4025 sollicitu-

339 4058 533 4111 dinem
600 4074 798 4128 gerere
856 4064 1207 4129 optaremus,
1279 4060 1504 4113 decreta
1574 4059 2035 4114 excellentissimi

339 4147 688 4216 apostolatus
719 4148 885 4201 vestri
930 4148 1096 4202 nobis
1136 4148 1350 4203 directa
1397 4152 1548 4202 sunt.
1604 4148 1787 4219 Super
1826 4148 2034 4218 quibus

342 4251 615 4305 responsa
663 4236 929 4306 dignitati,
975 4237 1288 4307 majestatis
1328 4243 1525 4291 vestrm
1573 4237 2034 4291 festinantissime

338 4339 572 4377 currens
616 4325 1057 4393 praesentialiter
1097 4324 1232 4378 dare
1280 4326 1403 4378 viva
1449 4340 1586 4377 voce
1624 4324 2030 4392 desiderarem,

2139 1934 2465 1988 diffamatus
2512 1936 2710 1999 existo,
2747 1935 2793 1988 si
2841 1951 2955 1988 non
2987 1950 3247 2004 corpore,
3296 1939 3486 1987 mente
3534 1940 3729 1986 tamen
3763 1933 3835 1987 ad

2142 2028 2324 2076 vestra
2369 2040 2527 2078 sacra
2577 2024 2814 2094 vestigia
2857 2026 3211 2094 provolutus,
3248 2023 3544 2076 humiliter
3592 2027 3721 2091 peto
3775 2026 3834 2074 ut

2138 2113 2518 2165 excusationis
2567 2129 2706 2166 mea:
2758 2130 2973 2179 causas,
3031 2113 3189 2165 nullo
3234 2111 3521 2165 mendacii
3567 2111 3693 2164 fuco
3734 2111 3835 2165 ob-

2141 2201 2447 2267 nubilatas,
2495 2207 2751 2270 paternas
2783 2202 3009 2271 pietatis
3052 2201 3253 2253 affectu
3302 2200 3554 2269 recipere
3608 2215 3720 2253 non
3750 2200 3839 2253 de-

2141 2289 2482 2358 dignemini,
2544 2306 2684 2361 quas
2743 2290 3099 2361 capitulatim
3168 2288 3575 2343 misericordiae
3634 2293 3837 2342 vestrae

2140 2377 2393 2447 pandere
2426 2377 2638 2431 studui.

2984 2468 3002 2519 l

2210 2571 2271 2624 In
2356 2571 2614 2639 catalogo
2720 2571 3077 2625 sacerdotum
3169 2584 3533 2638 nequaquam
3623 2565 3837 2636 recipio

2137 2659 2617 2728 Theutgualdum.
2651 2660 2942 2730 quondam
2980 2658 3492 2727 archiepiscopum,
3528 2656 3628 2726 qui
3655 2657 3838 2726 depo-

2140 2748 2365 2801 sitionis
2410 2764 2528 2801 suae
2575 2748 2918 2801 sententiam
2972 2765 3000 2799 a
3033 2748 3190 2800 vobis
3235 2747 3514 2816 prolatam
3564 2746 3839 2798 hactenus

2142 2836 2423 2905 patienter
2469 2836 2679 2900 ferens,
2723 2836 2884 2905 juxta
2913 2834 3332 2905 pramedentem
3364 2834 3840 2885 consuetudinem

2142 2924 2285 2976 nihil
2333 2926 2570 2977 omnino
2620 2924 2688 2977 de
2745 2939 2903 2976 sacro
2950 2922 3269 2975 ministerio
3322 2923 3653 2990 contingere
3688 2934 3838 2989 pree-

2142 3012 2420 3080 sumpsit:
2454 3012 2550 3064 sed
2597 3010 2759 3081 quasi
2810 3009 3147 3063 mitissimus
3197 3010 3298 3073 vir,
3335 3009 3558 3061 incaute
3591 3024 3649 3060 se
3695 3023 3837 3076 pro-

2072 3141 2113 3196 C
2144 3101 2268 3170 prio
2310 3116 2575 3153 sermone
2618 3102 2862 3170 lapsum,
2895 3106 3065 3168 atque
3114 3100 3348 3151 alterius
3389 3095 3840 3167 pertinacissima

2144 3188 2525 3242 obstinatione
2567 3190 2869 3258 deceptum
2901 3189 3140 3241 fatetur:
3174 3192 3231 3240 et
3268 3201 3371 3255 per
3414 3183 3754 3238 humilitatis
3784 3187 3842 3236 et

2144 3277 2488 3330 obedientize
2559 3277 2711 3330 viam
2766 3276 3058 3341 incedens,
3111 3291 3143 3327 a
3187 3280 3372 3327 vestra
3430 3274 3524 3344 pia
3577 3272 3840 3343 largitate

2143 3366 2334 3420 locum
2370 3365 2773 3419 satisfactionis
2802 3366 3184 3437 praestolatur.

2969 3473 3015 3525 II

2215 3578 2596 3634 Guntharium
2649 3579 2941 3649 quondam
2993 3578 3135 3631 sacri
3180 3575 3379 3646 palatii
3427 3574 3841 3645 archicapella-

2144 3685 2283 3723 num
2315 3669 2374 3721 in
2406 3669 2808 3739 episcoporum
2839 3684 3082 3721 numero
3106 3682 3221 3719 non
3254 3665 3521 3735 suspicio,
3552 3680 3740 3734 neque
3766 3662 3840 3731 ei,

2144 3759 2231 3811 vel
2263 3757 2586 3811 fautoribus
2625 3758 2742 3810 suis
2772 3755 3193 3810 communicare
3214 3770 3523 3824 praesumo,
3566 3752 3843 3823 quoniam

2142 3846 2317 3899 vetito
2350 3862 2485 3900 usus
2526 3850 2614 3899 est
2644 3844 2852 3911 ofﬁcio,
2904 3848 2961 3899 et
3006 3842 3375 3914 apostolicam
3426 3840 3841 3911 ﬂoccipendere

2144 3934 2791 3990 excommunicationem
2826 3948 2943 3987 non
2963 3932 3187 3986 metuit.

2960 4040 3033 4093 ΙΙΙ

2214 4148 2456 4202 Causam
2530 4146 2772 4217 piissimi
2846 4145 2997 4216 regis
3075 4143 3346 4210 Lotharii,
3407 4144 3468 4196 in
3534 4140 3845 4211 praesentia

2143 4243 2462 4291 vestrorum
2517 4237 2861 4306 legatorum,
2925 4233 3150 4305 praefati
3210 4232 3500 4303 quondam
3569 4230 3843 4301 primates

2147 4326 2542 4393 Ecclesiarum,
2604 4341 2734 4379 cum
2800 4324 2926 4377 aliis
2991 4321 3453 4392 archiepiscopis,
3526 4335 3844 4389 eorumque

339 4411 450 4465 nisi
502 4412 755 4482 longave
809 4416 1069 4465 senectus
1134 4427 1227 4466 me
1284 4411 1586 4481 gravidum
1640 4412 1923 4477 redderet,
1975 4418 2033 4466 et
2068 4438 2113 4491 ι)
2144 4414 2514 4484 coepiscopis,
2546 4414 2615 4467 de
2646 4412 2869 4468 duabus
2901 4412 3173 4466 uxoribus
3202 4412 3260 4464 in
3284 4418 3476 4464 nostra
3507 4409 3647 4463 urbe
3670 4408 3846 4463 venti-

338 4499 675 4554 indeiiciens
725 4500 977 4571 corporis
1019 4500 1297 4570 aegritudo
1348 4499 1678 4570 frequenter
1724 4505 1894 4570 atque
1936 4500 2030 4553 in-

340 4588 573 4659 opinate
604 4589 870 4659 spiritum
901 4589 1165 4643 exhalare
1195 4593 1443 4658 cogeret.
1476 4588 1740 4657 Magnum
1770 4588 1945 4655 enim,
1980 4591 2037 4642 et

341 4677 503 4747 quasi
544 4678 717 4731 totius
752 4677 940 4731 meriti
971 4677 1245 4748 gaudium
1294 4676 1616 4730 obtinerem
1647 4675 1694 4729 si
1727 4676 1797 4729 ad
1829 4676 2035 4731 limina

340 4766 754 4834 apostolorum,
807 4771 1168 4836 vestramque
1197 4764 1634 4819 desiderabilem
1668 4768 1726 4817 et
1766 4764 2033 4832 praaemi-

338 4854 735 4907 nentissimam
790 4854 1174 4924 prmsentiam,
1246 4853 1451 4907 virium
1522 4852 1882 4907 imbecillitas
1940 4871 2033 4908 me

337 4940 421 4993 ire
465 4942 696 4996 sineret.
730 4942 834 4996 Sed
881 4942 1017 5013 quia
1050 4941 1342 5012 podagrici
1391 4942 1632 5008 dolores,
1678 4946 1734 4993 et
1776 4944 2031 4997 veterani

339 5029 451 5082 mei
512 5035 664 5083 artus
728 5035 921 5100 optata
968 5031 1274 5101 denegant,
1338 5030 1722 5100 omnipotenti
1778 5030 1915 5091 Deo.
1976 5038 2031 5087 et

338 5122 530 5172 sancto
577 5119 767 5184 Petro,
802 5125 974 5189 atque
1014 5119 1451 5190 incomparabili
1480 5120 1797 5176 clementia;
1830 5125 2031 5175 vestras

339 5206 749 5276 magnitudini,
786 5223 928 5261 meae
962 5207 1255 5277 parvitatis
1299 5207 1674 5277 quantitatem
1708 5210 2028 5278 committo,

340 5294 438 5365 qui
472 5294 621 5347 vices
674 5295 771 5348 Dei
810 5295 1034 5361 tenetis,
1090 5299 1145 5348 et
1192 5295 1249 5347 in
1301 5296 1771 5351 reverendissima
1819 5298 2031 5351 summi

344 5382 618 5453 principis
665 5383 934 5438 cathedra
980 5399 1144 5437 verus
1189 5384 1478 5453 apostolus
1507 5385 1785 5453 residetis,
1839 5391 1897 5441 ut
1946 5404 2033 5441 ve-

341 5470 471 5524 stris
508 5471 704 5525 fovear
760 5472 1149 5527 solaminibus.
1190 5471 1248 5525 Si
1306 5472 1459 5526 enim
1514 5473 1810 5542 fallaciter,
1869 5476 2031 5547 quasi

2144 4502 2347 4567 lentes,
2380 4507 2438 4555 et
2468 4501 2834 4570 magistratus
2862 4500 3045 4554 nostri
3075 4499 3460 4570 principatum
3497 4498 3843 4564 obtinentes,

2141 4591 2274 4661 quid
2311 4590 2380 4644 de
2417 4590 2539 4660 jam
2593 4590 2727 4643 dicti
2778 4589 2956 4642 nostri
2988 4587 3264 4657 principis
3295 4588 3530 4658 querela
3582 4589 3844 4640 decreve-

2140 4680 2279 4745 rint,
2313 4684 2557 4733 vestram
2582 4694 2698 4731 non
2745 4679 2882 4730 latet
2911 4677 3291 4730 sanctitatem.
3331 4678 3444 4746 Ego
3477 4676 3672 4743 igitur,
3707 4679 3845 4728 teste

2142 4769 2257 4822 Deo
2285 4783 2414 4821 cum
2450 4767 2670 4837 angelis
2714 4772 2770 4820 et
2798 4766 3177 4837 archangelis,
3230 4766 3535 4818 arbitratus
3566 4779 3693 4816 sum
3740 4779 3842 4832 pa-

2141 4856 2279 4910 riter
2318 4872 2453 4909 vera
2507 4871 2758 4919 manere,
2793 4871 2917 4926 quas
2950 4856 3333 4925 plurimorum
3384 4852 3685 4905 consulum
3718 4851 3846 4905 asti-

2139 4945 2439 5015 pulatione
2493 4944 2838 5000 eﬁ'abantur.
2904 4946 3125 4997 Interea
3198 4941 3633 4996 decernentibus
3708 4944 3845 4994 tunc

2140 5035 2418 5104 temporis
2439 5033 2790 5103 praescriptis
2814 5032 3273 5102 archiepiscopis,
3310 5045 3629 5100 eorumque
3658 5028 3846 5099 coepi-

2141 5123 2348 5192 scopis,
2381 5123 2535 5176 solus
2572 5138 2697 5192 ego,
2751 5122 2849 5192 qui
2884 5136 3065 5174 essem
3120 5118 3341 5173 meritis
3390 5123 3445 5170 et
3481 5118 3843 5171 ordinatione

2139 5210 2503 5275 novissimus,
2538 5211 2635 5281 qui
2690 5210 3097 5280 magistrorum
3137 5205 3571 5261 auctoritatibus
3600 5212 3658 5258 et
3685 5206 3839 5276 judi-

2140 5300 2239 5353 ciis
2272 5299 2632 5353 resisterem‘?
2654 5300 2721 5352 Et
2740 5315 2807 5352 ne
2829 5298 2974 5352 forte
3006 5297 3061 5350 in
3081 5297 3274 5368 aliquo
3302 5302 3503 5351 contra
3525 5295 3839 5349 decretum.

2142 5387 2343 5442 Leonis
2389 5405 2554 5458 papas
2605 5386 2952 5440 offenderem
3011 5385 3267 5451 verebar,
3319 5384 3419 5455 qui
3459 5384 3623 5437 titulo
3670 5386 3741 5438 22
3766 5383 3847 5437 ita

2138 5477 2371 5531 scribit:
2410 5477 2597 5547 Igitur
2628 5477 2945 5531 secundum
2977 5480 3306 5530 sanctorum
3340 5475 3570 5527 Patrum
3601 5490 3846 5529 canones
