  <div class='ocr_page' id='page_1' title='image "/cluster/home/n/w/nwhite01/storage/ocr_20150623/121/hvd.32044054759832/579.png"; bbox 0 0 4096 6186; ppageno 0'>
   <div class='ocr_carea' id='block_1_1' title="bbox 336 202 469 254">
    <p class='ocr_par' dir='ltr' id='par_1_1' title="bbox 336 202 469 254">
     <span class='ocr_line' id='line_1_1' title="bbox 336 202 469 254; baseline -0.008 0"><span class='ocrx_word' id='word_1_1' title='bbox 336 202 469 254; x_wconf 70' lang='grc'>1147</span> 
     </span>
    </p>
   </div>
   <div class='ocr_carea' id='block_1_2' title="bbox 330 331 2107 404">
    <p class='ocr_par' dir='ltr' id='par_1_2' title="bbox 330 331 2107 404">
     <span class='ocr_line' id='line_1_2' title="bbox 330 331 2107 404; baseline -0.001 -15"><span class='ocrx_word' id='word_1_2' title='bbox 330 333 546 404; x_wconf 84' lang='lat' dir='ltr'><strong>Spiritu</strong></span> <span class='ocrx_word' id='word_1_3' title='bbox 576 333 675 388; x_wconf 90' lang='lat' dir='ltr'><strong>Dei</strong></span> <span class='ocrx_word' id='word_1_4' title='bbox 696 331 977 398; x_wconf 81' lang='lat' dir='ltr'><strong>conditos,</strong></span> <span class='ocrx_word' id='word_1_5' title='bbox 1011 337 1068 385; x_wconf 89' lang='lat' dir='ltr'><strong>et</strong></span> <span class='ocrx_word' id='word_1_6' title='bbox 1092 331 1269 385; x_wconf 97' lang='lat' dir='ltr'><strong>totius</strong></span> <span class='ocrx_word' id='word_1_7' title='bbox 1307 332 1505 385; x_wconf 88' lang='lat' dir='ltr'><strong>mundi</strong></span> <span class='ocrx_word' id='word_1_8' title='bbox 1534 333 1849 386; x_wconf 87' lang='lat' dir='ltr'><strong>reverentia</strong></span> <span class='ocrx_word' id='word_1_9' title='bbox 1880 348 2018 386; x_wconf 91' lang='lat' dir='ltr'><strong>con-</strong></span> <span class='ocrx_word' id='word_1_10' title='bbox 2059 335 2107 387; x_wconf 80' lang='grc' dir='ltr'>Α</span> 
     </span>
    </p>
   </div>
   <div class='ocr_carea' id='block_1_3' title="bbox 332 420 2020 489">
    <p class='ocr_par' dir='ltr' id='par_1_3' title="bbox 332 420 2020 489">
     <span class='ocr_line' id='line_1_3' title="bbox 332 420 2020 489; baseline -0.001 -15"><span class='ocrx_word' id='word_1_11' title='bbox 332 428 600 485; x_wconf 77' lang='lat' dir='ltr'><strong>secretos,</strong></span> <span class='ocrx_word' id='word_1_12' title='bbox 660 420 1132 489; x_wconf 90' lang='lat' dir='ltr'><strong>metropolitanos</strong></span> <span class='ocrx_word' id='word_1_13' title='bbox 1188 420 1545 489; x_wconf 89' lang='lat' dir='ltr'><strong>singularum</strong></span> <span class='ocrx_word' id='word_1_14' title='bbox 1598 421 2020 489; x_wconf 80' lang='lat' dir='ltr'><strong>provinciarum</strong></span> 
     </span>
    </p>
   </div>
   <div class='ocr_carea' id='block_1_4' title="bbox 334 508 2020 581">
    <p class='ocr_par' dir='ltr' id='par_1_4' title="bbox 334 508 2020 581">
     <span class='ocr_line' id='line_1_4' title="bbox 334 508 2020 581; baseline -0.001 -18"><span class='ocrx_word' id='word_1_15' title='bbox 334 512 628 581; x_wconf 81' lang='lat' dir='ltr'><strong>episcopos</strong></span> <span class='ocrx_word' id='word_1_16' title='bbox 651 511 745 580; x_wconf 90' lang='lat' dir='ltr'><strong>jus</strong></span> <span class='ocrx_word' id='word_1_17' title='bbox 768 508 990 563; x_wconf 68' lang='lat' dir='ltr'><strong>tradita:</strong></span> <span class='ocrx_word' id='word_1_18' title='bbox 1024 509 1130 562; x_wconf 83' lang='lat' dir='ltr'><strong>sibi</strong></span> <span class='ocrx_word' id='word_1_19' title='bbox 1172 508 1423 578; x_wconf 71' lang='lat' dir='ltr'><strong>antiquas</strong></span> <span class='ocrx_word' id='word_1_20' title='bbox 1455 510 1749 575; x_wconf 69' lang='lat' dir='ltr'><strong>dignitatis</strong></span> <span class='ocrx_word' id='word_1_21' title='bbox 1782 510 2020 562; x_wconf 88' lang='lat' dir='ltr'><strong>inteme-</strong></span> 
     </span>
    </p>
   </div>
   <div class='ocr_carea' id='block_1_5' title="bbox 334 597 2020 668">
    <p class='ocr_par' dir='ltr' id='par_1_5' title="bbox 334 597 2020 668">
     <span class='ocr_line' id='line_1_5' title="bbox 334 597 2020 668; baseline -0.001 -16"><span class='ocrx_word' id='word_1_22' title='bbox 334 606 523 653; x_wconf 80' lang='lat' dir='ltr'>ratum</span> <span class='ocrx_word' id='word_1_23' title='bbox 556 599 763 651; x_wconf 86' lang='lat' dir='ltr'><strong>habere</strong></span> <span class='ocrx_word' id='word_1_24' title='bbox 795 599 1176 663; x_wconf 82' lang='lat' dir='ltr'><strong>decernimus,</strong></span> <span class='ocrx_word' id='word_1_25' title='bbox 1210 597 1266 651; x_wconf 92' lang='lat' dir='ltr'><strong>Si</strong></span> <span class='ocrx_word' id='word_1_26' title='bbox 1298 598 1451 650; x_wconf 91' lang='lat' dir='ltr'><strong>enim</strong></span> <span class='ocrx_word' id='word_1_27' title='bbox 1487 615 1519 649; x_wconf 91' lang='lat' dir='ltr'><strong>a</strong></span> <span class='ocrx_word' id='word_1_28' title='bbox 1550 599 1763 668; x_wconf 88' lang='lat' dir='ltr'><strong>regulis</strong></span> <span class='ocrx_word' id='word_1_29' title='bbox 1793 598 2020 667; x_wconf 66' lang='lat' dir='ltr'><strong>praesti-</strong></span> 
     </span>
    </p>
   </div>
   <div class='ocr_carea' id='block_1_6' title="bbox 334 686 2021 755">
    <p class='ocr_par' dir='ltr' id='par_1_6' title="bbox 334 686 2021 755">
     <span class='ocr_line' id='line_1_6' title="bbox 334 686 2021 755; baseline -0.001 -15"><span class='ocrx_word' id='word_1_30' title='bbox 334 689 469 740; x_wconf 89' lang='lat' dir='ltr'><strong>tutis</strong></span> <span class='ocrx_word' id='word_1_31' title='bbox 521 688 634 739; x_wconf 91' lang='lat' dir='ltr'><strong>ulla</strong></span> <span class='ocrx_word' id='word_1_32' title='bbox 664 692 763 738; x_wconf 90' lang='lat' dir='ltr'><strong>aut</strong></span> <span class='ocrx_word' id='word_1_33' title='bbox 812 686 1060 749; x_wconf 84' lang='lat' dir='ltr'><strong>licentia,</strong></span> <span class='ocrx_word' id='word_1_34' title='bbox 1111 691 1209 737; x_wconf 90' lang='lat' dir='ltr'><strong>aut</strong></span> <span class='ocrx_word' id='word_1_35' title='bbox 1260 686 1707 755; x_wconf 64' lang='lat' dir='ltr'><strong>praesumptione</strong></span> <span class='ocrx_word' id='word_1_36' title='bbox 1752 686 2021 739; x_wconf 90' lang='lat' dir='ltr'><strong>discesse-</strong></span> 
     </span>
    </p>
   </div>
   <div class='ocr_carea' id='block_1_7' title="bbox 335 774 2023 843">
    <p class='ocr_par' dir='ltr' id='par_1_7' title="bbox 335 774 2023 843">
     <span class='ocr_line' id='line_1_7' title="bbox 335 774 2023 843; baseline -0.001 -15"><span class='ocrx_word' id='word_1_37' title='bbox 335 780 484 839; x_wconf 91' lang='lat' dir='ltr'><strong>rant,</strong></span> <span class='ocrx_word' id='word_1_38' title='bbox 519 790 622 843; x_wconf 85' lang='lat' dir='ltr'><strong>ego</strong></span> <span class='ocrx_word' id='word_1_39' title='bbox 657 774 883 843; x_wconf 84' lang='lat' dir='ltr'><strong>penitus</strong></span> <span class='ocrx_word' id='word_1_40' title='bbox 914 774 1257 827; x_wconf 80' lang='lat' dir='ltr'><strong>nesciebam.</strong></span> <span class='ocrx_word' id='word_1_41' title='bbox 1306 775 1463 828; x_wconf 87' lang='lat' dir='ltr'><strong>Unde</strong></span> <span class='ocrx_word' id='word_1_42' title='bbox 1497 781 1553 827; x_wconf 89' lang='lat' dir='ltr'><strong>et</strong></span> <span class='ocrx_word' id='word_1_43' title='bbox 1584 775 1641 827; x_wconf 92' lang='lat' dir='ltr'><strong>in</strong></span> <span class='ocrx_word' id='word_1_44' title='bbox 1674 775 2023 828; x_wconf 71' lang='lat' dir='ltr'><strong>Antiocheno</strong></span> 
     </span>
    </p>
   </div>
   <div class='ocr_carea' id='block_1_8' title="bbox 333 862 2023 933">
    <p class='ocr_par' dir='ltr' id='par_1_8' title="bbox 333 862 2023 933">
     <span class='ocr_line' id='line_1_8' title="bbox 333 862 2023 933; baseline -0.001 -17"><span class='ocrx_word' id='word_1_45' title='bbox 333 864 590 923; x_wconf 77' lang='lat' dir='ltr'><strong>concilio,</strong></span> <span class='ocrx_word' id='word_1_46' title='bbox 644 863 827 931; x_wconf 85' lang='lat' dir='ltr'><strong>capite</strong></span> <span class='ocrx_word' id='word_1_47' title='bbox 880 864 910 913; x_wconf 87' lang='lat'>9</span> <span class='ocrx_word' id='word_1_48' title='bbox 955 864 1030 915; x_wconf 88' lang='lat' dir='ltr'><strong>ita</strong></span> <span class='ocrx_word' id='word_1_49' title='bbox 1087 862 1401 915; x_wconf 86' lang='lat' dir='ltr'><strong>scribitur:</strong></span> <span class='ocrx_word' id='word_1_50' title='bbox 1462 864 1565 915; x_wconf 88' lang='lat' dir='ltr'><strong>Per</strong></span> <span class='ocrx_word' id='word_1_51' title='bbox 1625 864 1876 933; x_wconf 86' lang='lat' dir='ltr'><strong>singulas</strong></span> <span class='ocrx_word' id='word_1_52' title='bbox 1935 880 2023 916; x_wconf 87' lang='lat' dir='ltr'><strong>re-</strong></span> 
     </span>
    </p>
   </div>
   <div class='ocr_carea' id='block_1_9' title="bbox 333 951 2020 1021">
    <p class='ocr_par' dir='ltr' id='par_1_9' title="bbox 333 951 2020 1021">
     <span class='ocr_line' id='line_1_9' title="bbox 333 951 2020 1021; baseline 0.001 -17"><span class='ocrx_word' id='word_1_53' title='bbox 333 952 530 1021; x_wconf 89' lang='lat' dir='ltr'><strong>giones</strong></span> <span class='ocrx_word' id='word_1_54' title='bbox 589 951 883 1021; x_wconf 82' lang='lat' dir='ltr'><strong>episcopos</strong></span> <span class='ocrx_word' id='word_1_55' title='bbox 936 951 1201 1003; x_wconf 88' lang='lat' dir='ltr'><strong>convenit</strong></span> <span class='ocrx_word' id='word_1_56' title='bbox 1263 968 1447 1017; x_wconf 90' lang='lat' dir='ltr'><strong>nosse,</strong></span> <span class='ocrx_word' id='word_1_57' title='bbox 1514 954 2020 1020; x_wconf 86' lang='lat' dir='ltr'><strong>metropolitanum</strong></span> 
     </span>
    </p>
   </div>
   <div class='ocr_carea' id='block_1_10' title="bbox 334 1040 2019 1111">
    <p class='ocr_par' dir='ltr' id='par_1_10' title="bbox 334 1040 2019 1111">
     <span class='ocr_line' id='line_1_10' title="bbox 334 1040 2019 1111; baseline 0.002 -19"><span class='ocrx_word' id='word_1_58' title='bbox 334 1041 664 1109; x_wconf 81' lang='lat' dir='ltr'><strong>episcopum</strong></span> <span class='ocrx_word' id='word_1_59' title='bbox 715 1040 1165 1093; x_wconf 83' lang='lat' dir='ltr'><strong>sollicitudinem</strong></span> <span class='ocrx_word' id='word_1_60' title='bbox 1214 1042 1389 1093; x_wconf 86' lang='lat' dir='ltr'><strong>totius</strong></span> <span class='ocrx_word' id='word_1_61' title='bbox 1439 1041 1741 1111; x_wconf 67' lang='lat' dir='ltr'><strong>provincias</strong></span> <span class='ocrx_word' id='word_1_62' title='bbox 1790 1059 2019 1111; x_wconf 80' lang='lat' dir='ltr'><strong>gerere:</strong></span> 
     </span>
    </p>
   </div>
   <div class='ocr_carea' id='block_1_11' title="bbox 333 1129 2022 1201">
    <p class='ocr_par' dir='ltr' id='par_1_11' title="bbox 333 1129 2022 1201">
     <span class='ocr_line' id='line_1_11' title="bbox 333 1129 2022 1201; baseline 0.002 -21"><span class='ocrx_word' id='word_1_63' title='bbox 333 1134 569 1199; x_wconf 86' lang='lat' dir='ltr'><strong>propter</strong></span> <span class='ocrx_word' id='word_1_64' title='bbox 618 1129 769 1198; x_wconf 88' lang='lat' dir='ltr'><strong>quod</strong></span> <span class='ocrx_word' id='word_1_65' title='bbox 819 1129 887 1180; x_wconf 88' lang='lat' dir='ltr'><strong>ad</strong></span> <span class='ocrx_word' id='word_1_66' title='bbox 948 1129 1312 1199; x_wconf 87' lang='lat' dir='ltr'><strong>mctropolim</strong></span> <span class='ocrx_word' id='word_1_67' title='bbox 1360 1147 1559 1182; x_wconf 89' lang='lat' dir='ltr'><strong>omnes</strong></span> <span class='ocrx_word' id='word_1_68' title='bbox 1602 1131 1878 1200; x_wconf 81' lang='lat' dir='ltr'><strong>undique,</strong></span> <span class='ocrx_word' id='word_1_69' title='bbox 1925 1130 2022 1201; x_wconf 85' lang='lat' dir='ltr'><strong>qui</strong></span> 
     </span>
    </p>
   </div>
   <div class='ocr_carea' id='block_1_12' title="bbox 335 1217 2023 1289">
    <p class='ocr_par' dir='ltr' id='par_1_12' title="bbox 335 1217 2023 1289">
     <span class='ocr_line' id='line_1_12' title="bbox 335 1217 2023 1289; baseline 0.001 -19"><span class='ocrx_word' id='word_1_70' title='bbox 335 1218 566 1286; x_wconf 80' lang='lat' dir='ltr'><strong>negotia</strong></span> <span class='ocrx_word' id='word_1_71' title='bbox 589 1218 853 1269; x_wconf 89' lang='lat' dir='ltr'><strong>videntur</strong></span> <span class='ocrx_word' id='word_1_72' title='bbox 878 1217 1107 1276; x_wconf 81' lang='lat' dir='ltr'><strong>habere,</strong></span> <span class='ocrx_word' id='word_1_73' title='bbox 1135 1224 1492 1285; x_wconf 82' lang='lat' dir='ltr'><strong>concurrant,</strong></span> <span class='ocrx_word' id='word_1_74' title='bbox 1518 1224 1625 1272; x_wconf 87' lang='lat' dir='ltr'><strong>etc.</strong></span> <span class='ocrx_word' id='word_1_75' title='bbox 1652 1220 1778 1272; x_wconf 85' lang='lat' dir='ltr'><strong>Sola</strong></span> <span class='ocrx_word' id='word_1_76' title='bbox 1810 1220 2023 1289; x_wconf 78' lang='lat' dir='ltr'><strong>quippe</strong></span> 
     </span>
    </p>
   </div>
   <div class='ocr_carea' id='block_1_13' title="bbox 332 1306 2023 1377">
    <p class='ocr_par' dir='ltr' id='par_1_13' title="bbox 332 1306 2023 1377">
     <span class='ocr_line' id='line_1_13' title="bbox 332 1306 2023 1377; baseline 0.002 -20"><span class='ocrx_word' id='word_1_77' title='bbox 332 1308 709 1376; x_wconf 87' lang='lat' dir='ltr'><strong>plurimorum</strong></span> <span class='ocrx_word' id='word_1_78' title='bbox 744 1306 1020 1358; x_wconf 84' lang='lat' dir='ltr'><strong>relatione</strong></span> <span class='ocrx_word' id='word_1_79' title='bbox 1054 1306 1121 1358; x_wconf 89' lang='lat' dir='ltr'><strong>de</strong></span> <span class='ocrx_word' id='word_1_80' title='bbox 1149 1308 1269 1375; x_wconf 83' lang='lat' dir='ltr'><strong>jam</strong></span> <span class='ocrx_word' id='word_1_81' title='bbox 1306 1308 1452 1359; x_wconf 86' lang='lat' dir='ltr'><strong>dicta</strong></span> <span class='ocrx_word' id='word_1_82' title='bbox 1486 1309 1735 1377; x_wconf 88' lang='lat' dir='ltr'><strong>querela,</strong></span> <span class='ocrx_word' id='word_1_83' title='bbox 1789 1324 1916 1377; x_wconf 69' lang='lat' dir='ltr'><strong>qua:</strong></span> <span class='ocrx_word' id='word_1_84' title='bbox 1967 1309 2023 1361; x_wconf 92' lang='lat' dir='ltr'><strong>in</strong></span> 
     </span>
    </p>
   </div>
   <div class='ocr_carea' id='block_1_14' title="bbox 332 1395 2025 1466">
    <p class='ocr_par' dir='ltr' id='par_1_14' title="bbox 332 1395 2025 1466">
     <span class='ocr_line' id='line_1_14' title="bbox 332 1395 2025 1466; baseline 0.001 -19"><span class='ocrx_word' id='word_1_85' title='bbox 332 1395 661 1464; x_wconf 85' lang='lat' dir='ltr'><strong>primordiis</strong></span> <span class='ocrx_word' id='word_1_86' title='bbox 706 1400 863 1464; x_wconf 86' lang='lat' dir='ltr'><strong>gesta</strong></span> <span class='ocrx_word' id='word_1_87' title='bbox 895 1395 1026 1460; x_wconf 89' lang='lat' dir='ltr'><strong>sint,</strong></span> <span class='ocrx_word' id='word_1_88' title='bbox 1060 1411 1196 1447; x_wconf 90' lang='lat' dir='ltr'><strong>aure</strong></span> <span class='ocrx_word' id='word_1_89' title='bbox 1229 1412 1343 1448; x_wconf 90' lang='lat' dir='ltr'><strong>non</strong></span> <span class='ocrx_word' id='word_1_90' title='bbox 1384 1398 1547 1449; x_wconf 91' lang='lat' dir='ltr'><strong>oculo</strong></span> <span class='ocrx_word' id='word_1_91' title='bbox 1589 1400 1853 1466; x_wconf 78' lang='lat' dir='ltr'><strong>percepi:</strong></span> <span class='ocrx_word' id='word_1_92' title='bbox 1891 1397 2025 1466; x_wconf 87' lang='lat' dir='ltr'><strong>quia</strong></span> 
     </span>
    </p>
   </div>
   <div class='ocr_carea' id='block_1_15' title="bbox 332 1483 2026 1554">
    <p class='ocr_par' dir='ltr' id='par_1_15' title="bbox 332 1483 2026 1554">
     <span class='ocr_line' id='line_1_15' title="bbox 332 1483 2026 1554; baseline 0.001 -19"><span class='ocrx_word' id='word_1_93' title='bbox 332 1483 631 1552; x_wconf 80' lang='lat' dir='ltr'><strong>episcopus</strong></span> <span class='ocrx_word' id='word_1_94' title='bbox 679 1499 791 1535; x_wconf 90' lang='lat' dir='ltr'><strong>non</strong></span> <span class='ocrx_word' id='word_1_95' title='bbox 844 1500 1019 1550; x_wconf 87' lang='lat' dir='ltr'><strong>eram,</strong></span> <span class='ocrx_word' id='word_1_96' title='bbox 1073 1484 1168 1537; x_wconf 90' lang='lat' dir='ltr'><strong>sed</strong></span> <span class='ocrx_word' id='word_1_97' title='bbox 1206 1484 1262 1536; x_wconf 93' lang='lat' dir='ltr'><strong>in</strong></span> <span class='ocrx_word' id='word_1_98' title='bbox 1312 1484 1563 1537; x_wconf 84' lang='lat' dir='ltr'><strong>excubiis</strong></span> <span class='ocrx_word' id='word_1_99' title='bbox 1620 1485 1821 1554; x_wconf 84' lang='lat' dir='ltr'><strong>templi</strong></span> <span class='ocrx_word' id='word_1_100' title='bbox 1876 1486 2026 1538; x_wconf 84' lang='lat' dir='ltr'><strong>beati</strong></span> 
     </span>
    </p>
   </div>
   <div class='ocr_carea' id='block_1_16' title="bbox 334 1571 2023 1644">
    <p class='ocr_par' dir='ltr' id='par_1_16' title="bbox 334 1571 2023 1644">
     <span class='ocr_line' id='line_1_16' title="bbox 334 1571 2023 1644; baseline 0.001 -19"><span class='ocrx_word' id='word_1_101' title='bbox 334 1571 605 1641; x_wconf 84' lang='lat' dir='ltr'><strong>Stephani</strong></span> <span class='ocrx_word' id='word_1_102' title='bbox 628 1573 1064 1642; x_wconf 79' lang='lat' dir='ltr'><strong>protomartyris</strong></span> <span class='ocrx_word' id='word_1_103' title='bbox 1086 1580 1414 1642; x_wconf 88' lang='lat' dir='ltr'><strong>occupatus,</strong></span> <span class='ocrx_word' id='word_1_104' title='bbox 1442 1574 1744 1627; x_wconf 88' lang='lat' dir='ltr'><strong>novissime</strong></span> <span class='ocrx_word' id='word_1_105' title='bbox 1768 1574 1827 1627; x_wconf 91' lang='lat' dir='ltr'><strong>in</strong></span> <span class='ocrx_word' id='word_1_106' title='bbox 1848 1590 2023 1644; x_wconf 85' lang='lat' dir='ltr'><strong>regno</strong></span> 
     </span>
    </p>
   </div>
   <div class='ocr_carea' id='block_1_17' title="bbox 332 1659 2024 1731">
    <p class='ocr_par' dir='ltr' id='par_1_17' title="bbox 332 1659 2024 1731">
     <span class='ocr_line' id='line_1_17' title="bbox 332 1659 2024 1731; baseline 0.002 -19"><span class='ocrx_word' id='word_1_107' title='bbox 332 1659 553 1712; x_wconf 91' lang='lat' dir='ltr'><strong>domini</strong></span> <span class='ocrx_word' id='word_1_108' title='bbox 597 1661 848 1714; x_wconf 89' lang='lat' dir='ltr'><strong>Lotharii</strong></span> <span class='ocrx_word' id='word_1_109' title='bbox 894 1662 1133 1714; x_wconf 89' lang='lat' dir='ltr'><strong>senioris</strong></span> <span class='ocrx_word' id='word_1_110' title='bbox 1182 1662 1292 1713; x_wconf 90' lang='lat' dir='ltr'><strong>mei</strong></span> <span class='ocrx_word' id='word_1_111' title='bbox 1340 1662 1623 1731; x_wconf 80' lang='lat' dir='ltr'><strong>expetitus</strong></span> <span class='ocrx_word' id='word_1_112' title='bbox 1663 1678 1695 1714; x_wconf 92' lang='lat' dir='ltr'><strong>a</strong></span> <span class='ocrx_word' id='word_1_113' title='bbox 1738 1663 1908 1728; x_wconf 89' lang='lat' dir='ltr'><strong>clero,</strong></span> <span class='ocrx_word' id='word_1_114' title='bbox 1967 1668 2024 1716; x_wconf 91' lang='lat' dir='ltr'><strong>et</strong></span> 
     </span>
    </p>
   </div>
   <div class='ocr_carea' id='block_1_18' title="bbox 331 1748 2021 1818">
    <p class='ocr_par' dir='ltr' id='par_1_18' title="bbox 331 1748 2021 1818">
     <span class='ocr_line' id='line_1_18' title="bbox 331 1748 2021 1818; baseline 0.002 -19"><span class='ocrx_word' id='word_1_115' title='bbox 331 1748 543 1800; x_wconf 91' lang='lat' dir='ltr'><strong>electus</strong></span> <span class='ocrx_word' id='word_1_116' title='bbox 573 1764 604 1800; x_wconf 94' lang='lat' dir='ltr'><strong>a</strong></span> <span class='ocrx_word' id='word_1_117' title='bbox 636 1749 820 1818; x_wconf 88' lang='lat' dir='ltr'><strong>plebe,</strong></span> <span class='ocrx_word' id='word_1_118' title='bbox 857 1749 1156 1817; x_wconf 83' lang='lat' dir='ltr'><strong>pastoralis</strong></span> <span class='ocrx_word' id='word_1_119' title='bbox 1197 1749 1368 1801; x_wconf 84' lang='lat' dir='ltr'><strong>ofﬁcii</strong></span> <span class='ocrx_word' id='word_1_120' title='bbox 1406 1766 1621 1815; x_wconf 90' lang='lat' dir='ltr'><strong>curam,</strong></span> <span class='ocrx_word' id='word_1_121' title='bbox 1660 1751 1807 1803; x_wconf 88' lang='lat' dir='ltr'><strong>Deus</strong></span> <span class='ocrx_word' id='word_1_122' title='bbox 1845 1753 2021 1818; x_wconf 90' lang='lat' dir='ltr'><strong>novit,</strong></span> 
     </span>
    </p>
   </div>
   <div class='ocr_carea' id='block_1_19' title="bbox 331 1836 2024 1907">
    <p class='ocr_par' dir='ltr' id='par_1_19' title="bbox 331 1836 2024 1907">
     <span class='ocr_line' id='line_1_19' title="bbox 331 1836 2024 1907; baseline 0.002 -19"><span class='ocrx_word' id='word_1_123' title='bbox 331 1852 447 1888; x_wconf 90' lang='lat' dir='ltr'><strong>non</strong></span> <span class='ocrx_word' id='word_1_124' title='bbox 479 1836 626 1889; x_wconf 89' lang='lat' dir='ltr'><strong>ultro</strong></span> <span class='ocrx_word' id='word_1_125' title='bbox 669 1836 947 1903; x_wconf 86' lang='lat' dir='ltr'><strong>ambiens,</strong></span> <span class='ocrx_word' id='word_1_126' title='bbox 983 1837 1079 1889; x_wconf 91' lang='lat' dir='ltr'><strong>sed</strong></span> <span class='ocrx_word' id='word_1_127' title='bbox 1116 1838 1383 1889; x_wconf 90' lang='lat' dir='ltr'><strong>canonice</strong></span> <span class='ocrx_word' id='word_1_128' title='bbox 1415 1837 1686 1889; x_wconf 89' lang='lat' dir='ltr'><strong>invitatus</strong></span> <span class='ocrx_word' id='word_1_129' title='bbox 1716 1839 1922 1907; x_wconf 90' lang='lat' dir='ltr'><strong>accepi.</strong></span> <span class='ocrx_word' id='word_1_130' title='bbox 1959 1838 2024 1891; x_wconf 88' lang='lat' dir='ltr'><strong>Et</strong></span> 
     </span>
    </p>
   </div>
   <div class='ocr_carea' id='block_1_20' title="bbox 329 1923 2019 1996">
    <p class='ocr_par' dir='ltr' id='par_1_20' title="bbox 329 1923 2019 1996">
     <span class='ocr_line' id='line_1_20' title="bbox 329 1923 2019 1996; baseline 0.003 -22"><span class='ocrx_word' id='word_1_131' title='bbox 329 1923 510 1975; x_wconf 90' lang='lat' dir='ltr'><strong>multo</strong></span> <span class='ocrx_word' id='word_1_132' title='bbox 557 1924 823 1992; x_wconf 88' lang='lat' dir='ltr'><strong>amplius,</strong></span> <span class='ocrx_word' id='word_1_133' title='bbox 858 1925 903 1976; x_wconf 92' lang='lat' dir='ltr'><strong>si</strong></span> <span class='ocrx_word' id='word_1_134' title='bbox 949 1925 1073 1977; x_wconf 84' lang='lat' dir='ltr'><strong>ﬁeri</strong></span> <span class='ocrx_word' id='word_1_135' title='bbox 1106 1930 1310 1993; x_wconf 87' lang='lat' dir='ltr'><strong>potest,</strong></span> <span class='ocrx_word' id='word_1_136' title='bbox 1343 1926 1528 1979; x_wconf 87' lang='lat' dir='ltr'><strong>verbis</strong></span> <span class='ocrx_word' id='word_1_137' title='bbox 1559 1926 2019 1996; x_wconf 87' lang='lat' dir='ltr'><strong>archicapellani,</strong></span> 
     </span>
    </p>
   </div>
   <div class='ocr_carea' id='block_1_21' title="bbox 329 2014 2021 2083">
    <p class='ocr_par' dir='ltr' id='par_1_21' title="bbox 329 2014 2021 2083">
     <span class='ocr_line' id='line_1_21' title="bbox 329 2014 2021 2083; baseline 0.004 -20"><span class='ocrx_word' id='word_1_138' title='bbox 329 2026 394 2063; x_wconf 89' lang='lat' dir='ltr'><strong>ac</strong></span> <span class='ocrx_word' id='word_1_139' title='bbox 444 2017 783 2065; x_wconf 68' lang='lat' dir='ltr'><strong>cmterorum</strong></span> <span class='ocrx_word' id='word_1_140' title='bbox 827 2014 1078 2079; x_wconf 86' lang='lat' dir='ltr'><strong>Patrum,</strong></span> <span class='ocrx_word' id='word_1_141' title='bbox 1142 2014 1237 2083; x_wconf 88' lang='lat' dir='ltr'><strong>qui</strong></span> <span class='ocrx_word' id='word_1_142' title='bbox 1294 2014 1697 2080; x_wconf 85' lang='lat' dir='ltr'><strong>interfuerunt,</strong></span> <span class='ocrx_word' id='word_1_143' title='bbox 1758 2016 2021 2069; x_wconf 92' lang='lat' dir='ltr'><strong>credulus</strong></span> 
     </span>
    </p>
   </div>
   <div class='ocr_carea' id='block_1_22' title="bbox 328 2100 2019 2173">
    <p class='ocr_par' dir='ltr' id='par_1_22' title="bbox 328 2100 2019 2173">
     <span class='ocr_line' id='line_1_22' title="bbox 328 2100 2019 2173; baseline 0.003 -21"><span class='ocrx_word' id='word_1_144' title='bbox 328 2100 536 2167; x_wconf 83' lang='lat' dir='ltr'><strong>exstiti,</strong></span> <span class='ocrx_word' id='word_1_145' title='bbox 570 2116 740 2170; x_wconf 87' lang='lat' dir='ltr'><strong>quam</strong></span> <span class='ocrx_word' id='word_1_146' title='bbox 777 2101 1170 2170; x_wconf 81' lang='lat' dir='ltr'><strong>mihimetipsi,</strong></span> <span class='ocrx_word' id='word_1_147' title='bbox 1213 2107 1267 2155; x_wconf 88' lang='lat' dir='ltr'><strong>et</strong></span> <span class='ocrx_word' id='word_1_148' title='bbox 1297 2102 1341 2154; x_wconf 90' lang='lat' dir='ltr'><strong>si</strong></span> <span class='ocrx_word' id='word_1_149' title='bbox 1376 2103 1519 2156; x_wconf 88' lang='lat' dir='ltr'><strong>forte</strong></span> <span class='ocrx_word' id='word_1_150' title='bbox 1548 2102 1607 2155; x_wconf 87' lang='lat' dir='ltr'><strong>in</strong></span> <span class='ocrx_word' id='word_1_151' title='bbox 1647 2103 1839 2173; x_wconf 88' lang='lat' dir='ltr'><strong>aliquo</strong></span> <span class='ocrx_word' id='word_1_152' title='bbox 1884 2104 2019 2157; x_wconf 89' lang='lat' dir='ltr'><strong>sim-</strong></span> 
     </span>
    </p>
   </div>
   <div class='ocr_carea' id='block_1_23' title="bbox 328 2188 2018 2261">
    <p class='ocr_par' dir='ltr' id='par_1_23' title="bbox 328 2188 2018 2261">
     <span class='ocr_line' id='line_1_23' title="bbox 328 2188 2018 2261; baseline 0.003 -21"><span class='ocrx_word' id='word_1_153' title='bbox 328 2188 552 2259; x_wconf 89' lang='lat' dir='ltr'><strong>pliciter</strong></span> <span class='ocrx_word' id='word_1_154' title='bbox 581 2190 691 2258; x_wconf 83' lang='lat' dir='ltr'><strong>egi,</strong></span> <span class='ocrx_word' id='word_1_155' title='bbox 735 2195 910 2243; x_wconf 87' lang='lat' dir='ltr'><strong>restat</strong></span> <span class='ocrx_word' id='word_1_156' title='bbox 957 2199 1019 2243; x_wconf 87' lang='lat' dir='ltr'><strong>ut</strong></span> <span class='ocrx_word' id='word_1_157' title='bbox 1062 2191 1131 2243; x_wconf 89' lang='lat' dir='ltr'><strong>ad</strong></span> <span class='ocrx_word' id='word_1_158' title='bbox 1166 2190 1506 2261; x_wconf 88' lang='lat' dir='ltr'><strong>magistrum</strong></span> <span class='ocrx_word' id='word_1_159' title='bbox 1540 2192 1790 2245; x_wconf 87' lang='lat' dir='ltr'><strong>veritatis</strong></span> <span class='ocrx_word' id='word_1_160' title='bbox 1817 2209 2018 2246; x_wconf 91' lang='lat' dir='ltr'><strong>recur-</strong></span> 
     </span>
    </p>
   </div>
   <div class='ocr_carea' id='block_1_24' title="bbox 328 2276 2021 2349">
    <p class='ocr_par' dir='ltr' id='par_1_24' title="bbox 328 2276 2021 2349">
     <span class='ocr_line' id='line_1_24' title="bbox 328 2276 2021 2349; baseline 0.002 -20"><span class='ocrx_word' id='word_1_161' title='bbox 328 2292 470 2330; x_wconf 87' lang='lat' dir='ltr'><strong>ram.</strong></span> <span class='ocrx_word' id='word_1_162' title='bbox 506 2278 666 2330; x_wconf 87' lang='lat' dir='ltr'><strong>Nunc</strong></span> <span class='ocrx_word' id='word_1_163' title='bbox 695 2293 831 2347; x_wconf 89' lang='lat' dir='ltr'><strong>ergo</strong></span> <span class='ocrx_word' id='word_1_164' title='bbox 865 2277 1117 2347; x_wconf 88' lang='lat' dir='ltr'><strong>proferat</strong></span> <span class='ocrx_word' id='word_1_165' title='bbox 1156 2276 1461 2348; x_wconf 83' lang='lat' dir='ltr'><strong>singularis</strong></span> <span class='ocrx_word' id='word_1_166' title='bbox 1510 2280 1789 2349; x_wconf 89' lang='lat' dir='ltr'><strong>sapientia</strong></span> <span class='ocrx_word' id='word_1_167' title='bbox 1839 2286 2021 2332; x_wconf 85' lang='lat' dir='ltr'><strong>vestra</strong></span> 
     </span>
    </p>
   </div>
   <div class='ocr_carea' id='block_1_25' title="bbox 326 2364 2018 2437">
    <p class='ocr_par' dir='ltr' id='par_1_25' title="bbox 326 2364 2018 2437">
     <span class='ocr_line' id='line_1_25' title="bbox 326 2364 2018 2437; baseline 0.002 -20"><span class='ocrx_word' id='word_1_168' title='bbox 326 2380 588 2418; x_wconf 86' lang='lat' dir='ltr'><strong>normam</strong></span> <span class='ocrx_word' id='word_1_169' title='bbox 618 2364 679 2417; x_wconf 93' lang='lat' dir='ltr'><strong>in</strong></span> <span class='ocrx_word' id='word_1_170' title='bbox 712 2366 818 2418; x_wconf 92' lang='lat' dir='ltr'><strong>hoc</strong></span> <span class='ocrx_word' id='word_1_171' title='bbox 846 2365 1016 2431; x_wconf 88' lang='lat' dir='ltr'><strong>facto,</strong></span> <span class='ocrx_word' id='word_1_172' title='bbox 1051 2371 1107 2418; x_wconf 90' lang='lat' dir='ltr'><strong>et</strong></span> <span class='ocrx_word' id='word_1_173' title='bbox 1138 2382 1264 2419; x_wconf 89' lang='lat' dir='ltr'><strong>ecce</strong></span> <span class='ocrx_word' id='word_1_174' title='bbox 1310 2372 1538 2437; x_wconf 87' lang='lat' dir='ltr'><strong>paratus</strong></span> <span class='ocrx_word' id='word_1_175' title='bbox 1582 2384 1709 2421; x_wconf 91' lang='lat' dir='ltr'><strong>sum</strong></span> <span class='ocrx_word' id='word_1_176' title='bbox 1741 2369 2018 2421; x_wconf 88' lang='lat' dir='ltr'><strong>obsecun-</strong></span> 
     </span>
    </p>
   </div>
   <div class='ocr_carea' id='block_1_26' title="bbox 326 2453 2021 2527">
    <p class='ocr_par' dir='ltr' id='par_1_26' title="bbox 326 2453 2021 2527">
     <span class='ocr_line' id='line_1_26' title="bbox 326 2453 2021 2527; baseline 0.002 -20"><span class='ocrx_word' id='word_1_177' title='bbox 326 2453 460 2507; x_wconf 89' lang='lat' dir='ltr'><strong>dare</strong></span> <span class='ocrx_word' id='word_1_178' title='bbox 486 2454 682 2506; x_wconf 89' lang='lat' dir='ltr'><strong>edictis</strong></span> <span class='ocrx_word' id='word_1_179' title='bbox 727 2458 929 2507; x_wconf 67' lang='lat' dir='ltr'><strong>vestras</strong></span> <span class='ocrx_word' id='word_1_180' title='bbox 960 2455 1337 2520; x_wconf 85' lang='lat' dir='ltr'><strong>auctoritatis,</strong></span> <span class='ocrx_word' id='word_1_181' title='bbox 1371 2456 1545 2508; x_wconf 88' lang='lat' dir='ltr'><strong>veluti</strong></span> <span class='ocrx_word' id='word_1_182' title='bbox 1590 2458 1724 2521; x_wconf 92' lang='lat' dir='ltr'><strong>Deo,</strong></span> <span class='ocrx_word' id='word_1_183' title='bbox 1769 2457 1827 2510; x_wconf 93' lang='lat' dir='ltr'><strong>in</strong></span> <span class='ocrx_word' id='word_1_184' title='bbox 1858 2459 2021 2527; x_wconf 87' lang='lat' dir='ltr'><strong>cujus</strong></span> 
     </span>
    </p>
   </div>
   <div class='ocr_carea' id='block_1_27' title="bbox 326 2543 2018 2612">
    <p class='ocr_par' dir='ltr' id='par_1_27' title="bbox 326 2543 2018 2612">
     <span class='ocr_line' id='line_1_27' title="bbox 326 2543 2018 2612; baseline 0.003 -19"><span class='ocrx_word' id='word_1_185' title='bbox 326 2557 574 2610; x_wconf 87' lang='lat' dir='ltr'><strong>persona</strong></span> <span class='ocrx_word' id='word_1_186' title='bbox 612 2547 813 2594; x_wconf 92' lang='lat' dir='ltr'><strong>cuncta</strong></span> <span class='ocrx_word' id='word_1_187' title='bbox 859 2543 1140 2612; x_wconf 87' lang='lat' dir='ltr'><strong>profertis.</strong></span> <span class='ocrx_word' id='word_1_188' title='bbox 1193 2546 1387 2597; x_wconf 89' lang='lat' dir='ltr'><strong>Vestro</strong></span> <span class='ocrx_word' id='word_1_189' title='bbox 1422 2546 1577 2597; x_wconf 90' lang='lat' dir='ltr'><strong>enim</strong></span> <span class='ocrx_word' id='word_1_190' title='bbox 1608 2552 1805 2598; x_wconf 88' lang='lat' dir='ltr'><strong>sancto</strong></span> <span class='ocrx_word' id='word_1_191' title='bbox 1839 2562 1901 2598; x_wconf 91' lang='lat' dir='ltr'><strong>ac</strong></span> <span class='ocrx_word' id='word_1_192' title='bbox 1932 2562 2018 2598; x_wconf 87' lang='lat' dir='ltr'><strong>sa-</strong></span> 
     </span>
    </p>
   </div>
   <div class='ocr_carea' id='block_1_28' title="bbox 326 2628 2022 2699">
    <p class='ocr_par' dir='ltr' id='par_1_28' title="bbox 326 2628 2022 2699">
     <span class='ocr_line' id='line_1_28' title="bbox 326 2628 2022 2699; baseline 0.002 -18"><span class='ocrx_word' id='word_1_193' title='bbox 326 2628 477 2681; x_wconf 90' lang='lat' dir='ltr'><strong>lubri</strong></span> <span class='ocrx_word' id='word_1_194' title='bbox 518 2629 753 2681; x_wconf 91' lang='lat' dir='ltr'><strong>consilio</strong></span> <span class='ocrx_word' id='word_1_195' title='bbox 812 2646 965 2697; x_wconf 91' lang='lat' dir='ltr'><strong>usus,</strong></span> <span class='ocrx_word' id='word_1_196' title='bbox 1014 2631 1154 2699; x_wconf 84' lang='lat' dir='ltr'><strong>jugo</strong></span> <span class='ocrx_word' id='word_1_197' title='bbox 1203 2646 1291 2682; x_wconf 86' lang='lat' dir='ltr'><strong>me</strong></span> <span class='ocrx_word' id='word_1_198' title='bbox 1344 2632 1684 2686; x_wconf 73' lang='lat' dir='ltr'><strong>obedientiae</strong></span> <span class='ocrx_word' id='word_1_199' title='bbox 1727 2633 2022 2686; x_wconf 85' lang='lat' dir='ltr'><strong>humiliter</strong></span> 
     </span>
    </p>
   </div>
   <div class='ocr_carea' id='block_1_29' title="bbox 326 2716 2021 2789">
    <p class='ocr_par' dir='ltr' id='par_1_29' title="bbox 326 2716 2021 2789">
     <span class='ocr_line' id='line_1_29' title="bbox 326 2716 2021 2789; baseline 0.004 -21"><span class='ocrx_word' id='word_1_200' title='bbox 326 2716 622 2769; x_wconf 89' lang='lat' dir='ltr'><strong>submitto.</strong></span> <span class='ocrx_word' id='word_1_201' title='bbox 671 2718 811 2770; x_wconf 84' lang='lat' dir='ltr'><strong>Nam</strong></span> <span class='ocrx_word' id='word_1_202' title='bbox 854 2720 1114 2787; x_wconf 89' lang='lat' dir='ltr'><strong>quamvis</strong></span> <span class='ocrx_word' id='word_1_203' title='bbox 1140 2720 1522 2789; x_wconf 85' lang='lat' dir='ltr'><strong>quorumdam</strong></span> <span class='ocrx_word' id='word_1_204' title='bbox 1566 2722 1793 2775; x_wconf 87' lang='lat' dir='ltr'><strong>levitate</strong></span> <span class='ocrx_word' id='word_1_205' title='bbox 1825 2728 2021 2775; x_wconf 90' lang='lat' dir='ltr'><strong>contra</strong></span> 
     </span>
    </p>
   </div>
   <div class='ocr_carea' id='block_1_30' title="bbox 324 2806 2016 2880">
    <p class='ocr_par' dir='ltr' id='par_1_30' title="bbox 324 2806 2016 2880">
     <span class='ocr_line' id='line_1_30' title="bbox 324 2806 2016 2880; baseline 0.004 -23"><span class='ocrx_word' id='word_1_206' title='bbox 324 2820 418 2859; x_wconf 87' lang='lat' dir='ltr'><strong>me</strong></span> <span class='ocrx_word' id='word_1_207' title='bbox 453 2806 761 2858; x_wconf 88' lang='lat' dir='ltr'><strong>tumultum</strong></span> <span class='ocrx_word' id='word_1_208' title='bbox 795 2806 1161 2859; x_wconf 87' lang='lat' dir='ltr'><strong>detractionis</strong></span> <span class='ocrx_word' id='word_1_209' title='bbox 1193 2808 1455 2874; x_wconf 90' lang='lat' dir='ltr'><strong>sentiam,</strong></span> <span class='ocrx_word' id='word_1_210' title='bbox 1502 2809 1611 2862; x_wconf 90' lang='lat' dir='ltr'><strong>nisi</strong></span> <span class='ocrx_word' id='word_1_211' title='bbox 1641 2810 1708 2863; x_wconf 90' lang='lat' dir='ltr'><strong>de</strong></span> <span class='ocrx_word' id='word_1_212' title='bbox 1740 2810 2016 2880; x_wconf 89' lang='lat' dir='ltr'><strong>simplici-</strong></span> 
     </span>
    </p>
   </div>
   <div class='ocr_carea' id='block_1_31' title="bbox 324 2895 2021 2969">
    <p class='ocr_par' dir='ltr' id='par_1_31' title="bbox 324 2895 2021 2969">
     <span class='ocr_line' id='line_1_31' title="bbox 324 2895 2021 2969; baseline 0.005 -23"><span class='ocrx_word' id='word_1_213' title='bbox 324 2899 438 2947; x_wconf 89' lang='lat' dir='ltr'><strong>tate</strong></span> <span class='ocrx_word' id='word_1_214' title='bbox 481 2895 670 2947; x_wconf 91' lang='lat' dir='ltr'><strong>nullus</strong></span> <span class='ocrx_word' id='word_1_215' title='bbox 698 2910 787 2947; x_wconf 91' lang='lat' dir='ltr'><strong>me</strong></span> <span class='ocrx_word' id='word_1_216' title='bbox 833 2895 889 2947; x_wconf 91' lang='lat' dir='ltr'><strong>in</strong></span> <span class='ocrx_word' id='word_1_217' title='bbox 923 2895 1027 2948; x_wconf 90' lang='lat' dir='ltr'><strong>hac</strong></span> <span class='ocrx_word' id='word_1_218' title='bbox 1072 2911 1128 2948; x_wconf 88' lang='lat' dir='ltr'><strong>re</strong></span> <span class='ocrx_word' id='word_1_219' title='bbox 1182 2911 1442 2950; x_wconf 84' lang='lat' dir='ltr'><strong>accusare</strong></span> <span class='ocrx_word' id='word_1_220' title='bbox 1492 2904 1699 2969; x_wconf 86' lang='lat' dir='ltr'><strong>potest.</strong></span> <span class='ocrx_word' id='word_1_221' title='bbox 1754 2900 2021 2953; x_wconf 87' lang='lat' dir='ltr'><strong>Fidenter</strong></span> 
     </span>
    </p>
   </div>
   <div class='ocr_carea' id='block_1_32' title="bbox 324 2983 2018 3054">
    <p class='ocr_par' dir='ltr' id='par_1_32' title="bbox 324 2983 2018 3054">
     <span class='ocr_line' id='line_1_32' title="bbox 324 2983 2018 3054; baseline 0.004 -19"><span class='ocrx_word' id='word_1_222' title='bbox 324 2983 479 3036; x_wconf 89' lang='lat' dir='ltr'><strong>enim</strong></span> <span class='ocrx_word' id='word_1_223' title='bbox 535 2984 698 3037; x_wconf 87' lang='lat' dir='ltr'><strong>dico:</strong></span> <span class='ocrx_word' id='word_1_224' title='bbox 734 2985 871 3037; x_wconf 87' lang='lat' dir='ltr'><strong>Ecce</strong></span> <span class='ocrx_word' id='word_1_225' title='bbox 914 2984 973 3038; x_wconf 93' lang='lat' dir='ltr'><strong>in</strong></span> <span class='ocrx_word' id='word_1_226' title='bbox 1022 2985 1164 3038; x_wconf 62' lang='lat' dir='ltr'><strong>coelo</strong></span> <span class='ocrx_word' id='word_1_227' title='bbox 1214 2987 1374 3039; x_wconf 90' lang='lat' dir='ltr'><strong>testis</strong></span> <span class='ocrx_word' id='word_1_228' title='bbox 1430 3004 1610 3054; x_wconf 88' lang='lat' dir='ltr'><strong>meus,</strong></span> <span class='ocrx_word' id='word_1_229' title='bbox 1662 2994 1716 3041; x_wconf 90' lang='lat' dir='ltr'><strong>et</strong></span> <span class='ocrx_word' id='word_1_230' title='bbox 1757 2990 2018 3042; x_wconf 89' lang='lat' dir='ltr'><strong>conscius</strong></span> 
     </span>
    </p>
   </div>
   <div class='ocr_carea' id='block_1_33' title="bbox 323 3073 2019 3133">
    <p class='ocr_par' dir='ltr' id='par_1_33' title="bbox 323 3073 2019 3133">
     <span class='ocr_line' id='line_1_33' title="bbox 323 3073 2019 3133; baseline 0.005 -9"><span class='ocrx_word' id='word_1_231' title='bbox 323 3087 486 3125; x_wconf 91' lang='lat' dir='ltr'><strong>meus</strong></span> <span class='ocrx_word' id='word_1_232' title='bbox 523 3073 582 3126; x_wconf 79' lang='lat' dir='ltr'><strong>in</strong></span> <span class='ocrx_word' id='word_1_233' title='bbox 632 3074 887 3127; x_wconf 82' lang='lat' dir='ltr'><strong>excelsis.</strong></span> <span class='ocrx_word' id='word_1_234' title='bbox 935 3075 1092 3128; x_wconf 90' lang='lat' dir='ltr'><strong>Unde</strong></span> <span class='ocrx_word' id='word_1_235' title='bbox 1134 3092 1227 3128; x_wconf 87' lang='lat' dir='ltr'><strong>vas</strong></span> <span class='ocrx_word' id='word_1_236' title='bbox 1272 3076 1565 3130; x_wconf 87' lang='lat' dir='ltr'><strong>electionis</strong></span> <span class='ocrx_word' id='word_1_237' title='bbox 1617 3077 1787 3131; x_wconf 89' lang='lat' dir='ltr'><strong>dicit:</strong></span> <span class='ocrx_word' id='word_1_238' title='bbox 1833 3079 2019 3133; x_wconf 71' lang='lat' dir='ltr'><strong>Gloria</strong></span> 
     </span>
    </p>
   </div>
   <div class='ocr_carea' id='block_1_34' title="bbox 321 3163 2019 3228">
    <p class='ocr_par' dir='ltr' id='par_1_34' title="bbox 321 3163 2019 3228">
     <span class='ocr_line' id='line_1_34' title="bbox 321 3163 2019 3228; baseline 0.005 -15"><span class='ocrx_word' id='word_1_239' title='bbox 321 3165 510 3215; x_wconf 79' lang='lat' dir='ltr'><strong>nostra</strong></span> <span class='ocrx_word' id='word_1_240' title='bbox 596 3163 705 3216; x_wconf 67' lang='lat' dir='ltr'><strong>haec</strong></span> <span class='ocrx_word' id='word_1_241' title='bbox 779 3169 874 3228; x_wconf 81' lang='lat' dir='ltr'><strong>est,</strong></span> <span class='ocrx_word' id='word_1_242' title='bbox 962 3165 1328 3217; x_wconf 78' lang='lat' dir='ltr'><strong>testimonium</strong></span> <span class='ocrx_word' id='word_1_243' title='bbox 1412 3168 1750 3221; x_wconf 55' lang='lat' dir='ltr'><strong>conscientia</strong></span> <span class='ocrx_word' id='word_1_244' title='bbox 1822 3174 2019 3223; x_wconf 58' lang='lat' dir='ltr'><strong>nostra</strong></span> 
     </span>
    </p>
   </div>
   <div class='ocr_carea' id='block_1_35' title="bbox 323 3250 2017 3325">
    <p class='ocr_par' dir='ltr' id='par_1_35' title="bbox 323 3250 2017 3325">
     <span class='ocr_line' id='line_1_35' title="bbox 323 3250 2017 3325; baseline 0.004 -23"><span class='ocrx_word' id='word_1_245' title='bbox 323 3250 420 3315; x_wconf 91' lang='lat' dir='ltr'><strong>(II</strong></span> <span class='ocrx_word' id='word_1_246' title='bbox 459 3250 716 3319; x_wconf 84' lang='lat' dir='ltr'><strong>Cor.1u).</strong></span> <span class='ocrx_word' id='word_1_247' title='bbox 776 3250 915 3304; x_wconf 88' lang='lat' dir='ltr'><strong>Hinc</strong></span> <span class='ocrx_word' id='word_1_248' title='bbox 950 3252 1104 3304; x_wconf 91' lang='lat' dir='ltr'><strong>enim</strong></span> <span class='ocrx_word' id='word_1_249' title='bbox 1156 3253 1353 3305; x_wconf 86' lang='lat' dir='ltr'><strong>beatus</strong></span> <span class='ocrx_word' id='word_1_250' title='bbox 1404 3254 1709 3323; x_wconf 83' lang='lat' dir='ltr'><strong>Gregorius</strong></span> <span class='ocrx_word' id='word_1_251' title='bbox 1758 3272 1907 3325; x_wconf 87' lang='lat' dir='ltr'><strong>papa</strong></span> <span class='ocrx_word' id='word_1_252' title='bbox 1959 3256 2017 3308; x_wconf 92' lang='lat' dir='ltr'><strong>in</strong></span> 
     </span>
    </p>
   </div>
   <div class='ocr_carea' id='block_1_36' title="bbox 324 3337 2019 3409">
    <p class='ocr_par' dir='ltr' id='par_1_36' title="bbox 324 3337 2019 3409">
     <span class='ocr_line' id='line_1_36' title="bbox 324 3337 2019 3409; baseline 0.004 -19"><span class='ocrx_word' id='word_1_253' title='bbox 324 3337 562 3406; x_wconf 90' lang='lat' dir='ltr'><strong>epistola</strong></span> <span class='ocrx_word' id='word_1_254' title='bbox 643 3339 981 3393; x_wconf 72' lang='lat' dir='ltr'><strong>Theoctistze</strong></span> <span class='ocrx_word' id='word_1_255' title='bbox 1043 3341 1296 3409; x_wconf 67' lang='lat' dir='ltr'><strong>patricia:</strong></span> <span class='ocrx_word' id='word_1_256' title='bbox 1361 3342 1595 3408; x_wconf 88' lang='lat' dir='ltr'><strong>directa,</strong></span> <span class='ocrx_word' id='word_1_257' title='bbox 1676 3343 1752 3395; x_wconf 90' lang='lat' dir='ltr'><strong>ita</strong></span> <span class='ocrx_word' id='word_1_258' title='bbox 1828 3343 2019 3397; x_wconf 89' lang='lat' dir='ltr'><strong>scribit</strong></span> 
     </span>
    </p>
   </div>
   <div class='ocr_carea' id='block_1_37' title="bbox 323 3424 2014 3501">
    <p class='ocr_par' dir='ltr' id='par_1_37' title="bbox 323 3424 2014 3501">
     <span class='ocr_line' id='line_1_37' title="bbox 323 3424 2014 3501; baseline 0.002 -22"><span class='ocrx_word' id='word_1_259' title='bbox 323 3424 470 3495; x_wconf 79' lang='lat' dir='ltr'><strong>(Lib.</strong></span> <span class='ocrx_word' id='word_1_260' title='bbox 520 3444 594 3491; x_wconf 88' lang='lat' dir='ltr'><strong>1x,</strong></span> <span class='ocrx_word' id='word_1_261' title='bbox 638 3429 793 3496; x_wconf 80' lang='lat' dir='ltr'><strong>epist.</strong></span> <span class='ocrx_word' id='word_1_262' title='bbox 830 3428 948 3499; x_wconf 86' lang='lat'><strong>39):</strong></span> <span class='ocrx_word' id='word_1_263' title='bbox 1002 3429 1059 3481; x_wconf 90' lang='lat' dir='ltr'><strong>In</strong></span> <span class='ocrx_word' id='word_1_264' title='bbox 1097 3445 1287 3493; x_wconf 91' lang='lat' dir='ltr'><strong>omne,</strong></span> <span class='ocrx_word' id='word_1_265' title='bbox 1336 3429 1543 3499; x_wconf 88' lang='lat' dir='ltr'><strong>inquit,</strong></span> <span class='ocrx_word' id='word_1_266' title='bbox 1581 3431 1732 3500; x_wconf 91' lang='lat' dir='ltr'><strong>quod</strong></span> <span class='ocrx_word' id='word_1_267' title='bbox 1772 3431 2014 3501; x_wconf 84' lang='lat' dir='ltr'><strong>agimus,</strong></span> 
     </span>
    </p>
   </div>
   <div class='ocr_carea' id='block_1_38' title="bbox 323 3516 2018 3585">
    <p class='ocr_par' dir='ltr' id='par_1_38' title="bbox 323 3516 2018 3585">
     <span class='ocr_line' id='line_1_38' title="bbox 323 3516 2018 3585; baseline 0.004 -19"><span class='ocrx_word' id='word_1_268' title='bbox 323 3516 407 3567; x_wconf 86' lang='lat' dir='ltr'><strong>vel</strong></span> <span class='ocrx_word' id='word_1_269' title='bbox 458 3516 610 3585; x_wconf 89' lang='lat' dir='ltr'><strong>quod</strong></span> <span class='ocrx_word' id='word_1_270' title='bbox 639 3521 797 3569; x_wconf 86' lang='lat' dir='ltr'><strong>extra</strong></span> <span class='ocrx_word' id='word_1_271' title='bbox 823 3516 891 3570; x_wconf 85' lang='lat' dir='ltr'><strong>de</strong></span> <span class='ocrx_word' id='word_1_272' title='bbox 925 3517 1088 3570; x_wconf 91' lang='lat' dir='ltr'><strong>nobis</strong></span> <span class='ocrx_word' id='word_1_273' title='bbox 1117 3517 1345 3583; x_wconf 90' lang='lat' dir='ltr'><strong>dicitur,</strong></span> <span class='ocrx_word' id='word_1_274' title='bbox 1389 3534 1682 3572; x_wconf 85' lang='lat' dir='ltr'><strong>recurrere</strong></span> <span class='ocrx_word' id='word_1_275' title='bbox 1714 3520 1780 3573; x_wconf 91' lang='lat' dir='ltr'><strong>ad</strong></span> <span class='ocrx_word' id='word_1_276' title='bbox 1811 3536 2018 3573; x_wconf 90' lang='lat' dir='ltr'><strong>arcana</strong></span> 
     </span>
    </p>
   </div>
   <div class='ocr_carea' id='block_1_39' title="bbox 322 3601 2015 3674">
    <p class='ocr_par' dir='ltr' id='par_1_39' title="bbox 322 3601 2015 3674">
     <span class='ocr_line' id='line_1_39' title="bbox 322 3601 2015 3674; baseline 0.004 -21"><span class='ocrx_word' id='word_1_277' title='bbox 322 3601 533 3653; x_wconf 84' lang='lat' dir='ltr'><strong>mentis</strong></span> <span class='ocrx_word' id='word_1_278' title='bbox 577 3602 870 3655; x_wconf 85' lang='lat' dir='ltr'><strong>debemus.</strong></span> <span class='ocrx_word' id='word_1_279' title='bbox 920 3602 1033 3656; x_wconf 90' lang='lat' dir='ltr'><strong>Etsi</strong></span> <span class='ocrx_word' id='word_1_280' title='bbox 1089 3620 1291 3657; x_wconf 88' lang='lat' dir='ltr'><strong>omnes</strong></span> <span class='ocrx_word' id='word_1_281' title='bbox 1338 3605 1685 3674; x_wconf 89' lang='lat' dir='ltr'><strong>vituperent,</strong></span> <span class='ocrx_word' id='word_1_282' title='bbox 1742 3607 1884 3660; x_wconf 89' lang='lat' dir='ltr'><strong>liber</strong></span> <span class='ocrx_word' id='word_1_283' title='bbox 1930 3612 2015 3659; x_wconf 88' lang='lat' dir='ltr'><strong>est</strong></span> 
     </span>
    </p>
   </div>
   <div class='ocr_carea' id='block_1_40' title="bbox 324 3690 1279 3759">
    <p class='ocr_par' dir='ltr' id='par_1_40' title="bbox 324 3690 1279 3759">
     <span class='ocr_line' id='line_1_40' title="bbox 324 3690 1279 3759; baseline 0.005 -17"><span class='ocrx_word' id='word_1_284' title='bbox 324 3704 497 3759; x_wconf 89' lang='lat' dir='ltr'><strong>quem</strong></span> <span class='ocrx_word' id='word_1_285' title='bbox 526 3690 873 3745; x_wconf 89' lang='lat' dir='ltr'><strong>conscientia</strong></span> <span class='ocrx_word' id='word_1_286' title='bbox 893 3708 1009 3746; x_wconf 92' lang='lat' dir='ltr'><strong>non</strong></span> <span class='ocrx_word' id='word_1_287' title='bbox 1037 3698 1279 3747; x_wconf 87' lang='lat' dir='ltr'><strong>accusat.</strong></span> 
     </span>
    </p>
   </div>
   <div class='ocr_carea' id='block_1_41' title="bbox 1129 3782 1613 3851">
    <p class='ocr_par' dir='ltr' id='par_1_41' title="bbox 1129 3782 1613 3851">
     <span class='ocr_line' id='line_1_41' title="bbox 1129 3782 1613 3851; baseline 0 -17"><span class='ocrx_word' id='word_1_288' title='bbox 1129 3782 1213 3835; x_wconf 89' lang='lat' dir='ltr'><strong>IV.</strong></span> <span class='ocrx_word' id='word_1_289' title='bbox 1608 3848 1613 3851; x_wconf 17' lang='grc' dir='ltr'>δ</span> 
     </span>
    </p>
   </div>
   <div class='ocr_carea' id='block_1_42' title="bbox 395 3867 2016 3942">
    <p class='ocr_par' dir='ltr' id='par_1_42' title="bbox 395 3867 2016 3942">
     <span class='ocr_line' id='line_1_42' title="bbox 395 3867 2016 3942; baseline 0.003 -21"><span class='ocrx_word' id='word_1_290' title='bbox 395 3867 455 3922; x_wconf 92' lang='lat' dir='ltr'><strong>Si</strong></span> <span class='ocrx_word' id='word_1_291' title='bbox 513 3868 805 3923; x_wconf 90' lang='lat' dir='ltr'><strong>decretum</strong></span> <span class='ocrx_word' id='word_1_292' title='bbox 866 3874 1069 3925; x_wconf 67' lang='lat' dir='ltr'><strong>vestras</strong></span> <span class='ocrx_word' id='word_1_293' title='bbox 1121 3871 1495 3938; x_wconf 86' lang='lat' dir='ltr'><strong>auctoritatis,</strong></span> <span class='ocrx_word' id='word_1_294' title='bbox 1549 3872 1770 3942; x_wconf 86' lang='lat' dir='ltr'><strong>judicio</strong></span> <span class='ocrx_word' id='word_1_295' title='bbox 1837 3873 2016 3927; x_wconf 87' lang='lat' dir='ltr'><strong>sancti</strong></span> 
     </span>
    </p>
   </div>
   <div class='ocr_carea' id='block_1_43' title="bbox 323 3955 2015 4031">
    <p class='ocr_par' dir='ltr' id='par_1_43' title="bbox 323 3955 2015 4031">
     <span class='ocr_line' id='line_1_43' title="bbox 323 3955 2015 4031; baseline 0.002 -20"><span class='ocrx_word' id='word_1_296' title='bbox 323 3955 597 4026; x_wconf 86' lang='lat' dir='ltr'><strong>Spiritus,</strong></span> <span class='ocrx_word' id='word_1_297' title='bbox 646 3958 717 4011; x_wconf 91' lang='lat' dir='ltr'><strong>ab</strong></span> <span class='ocrx_word' id='word_1_298' title='bbox 766 3959 926 4012; x_wconf 91' lang='lat' dir='ltr'><strong>omni</strong></span> <span class='ocrx_word' id='word_1_299' title='bbox 958 3961 1258 4028; x_wconf 88' lang='lat' dir='ltr'><strong>pastoralis</strong></span> <span class='ocrx_word' id='word_1_300' title='bbox 1306 3960 1477 4013; x_wconf 80' lang='lat' dir='ltr'><strong>ofﬁcii</strong></span> <span class='ocrx_word' id='word_1_301' title='bbox 1536 3961 1814 4030; x_wconf 87' lang='lat' dir='ltr'><strong>regimine</strong></span> <span class='ocrx_word' id='word_1_302' title='bbox 1864 3979 2015 4031; x_wconf 69' lang='lat' dir='ltr'><strong>pra:-</strong></span> 
     </span>
    </p>
   </div>
   <div class='ocr_carea' id='block_1_44' title="bbox 321 4044 2016 4120">
    <p class='ocr_par' dir='ltr' id='par_1_44' title="bbox 321 4044 2016 4120">
     <span class='ocr_line' id='line_1_44' title="bbox 321 4044 2016 4120; baseline 0.005 -23"><span class='ocrx_word' id='word_1_303' title='bbox 321 4044 466 4099; x_wconf 88' lang='lat' dir='ltr'><strong>fatos</strong></span> <span class='ocrx_word' id='word_1_304' title='bbox 498 4048 886 4115; x_wconf 87' lang='lat' dir='ltr'><strong>metropolitas</strong></span> <span class='ocrx_word' id='word_1_305' title='bbox 918 4054 1117 4101; x_wconf 84' lang='lat' dir='ltr'><strong>exutos</strong></span> <span class='ocrx_word' id='word_1_306' title='bbox 1157 4049 1432 4116; x_wconf 85' lang='lat' dir='ltr'><strong>delinivit,</strong></span> <span class='ocrx_word' id='word_1_307' title='bbox 1480 4053 1715 4120; x_wconf 82' lang='lat' dir='ltr'><strong>prOpter</strong></span> <span class='ocrx_word' id='word_1_308' title='bbox 1760 4066 2016 4105; x_wconf 85' lang='lat' dir='ltr'><strong>excessus</strong></span> 
     </span>
    </p>
   </div>
   <div class='ocr_carea' id='block_1_45' title="bbox 323 4134 2015 4201">
    <p class='ocr_par' dir='ltr' id='par_1_45' title="bbox 323 4134 2015 4201">
     <span class='ocr_line' id='line_1_45' title="bbox 323 4134 2015 4201; baseline 0.002 -15"><span class='ocrx_word' id='word_1_309' title='bbox 323 4134 701 4201; x_wconf 87' lang='lat' dir='ltr'><strong>sanctionum,</strong></span> <span class='ocrx_word' id='word_1_310' title='bbox 761 4141 819 4189; x_wconf 90' lang='lat' dir='ltr'><strong>et</strong></span> <span class='ocrx_word' id='word_1_311' title='bbox 884 4136 1305 4190; x_wconf 85' lang='lat' dir='ltr'><strong>absolutionem</strong></span> <span class='ocrx_word' id='word_1_312' title='bbox 1355 4138 1735 4191; x_wconf 89' lang='lat' dir='ltr'><strong>anathematis</strong></span> <span class='ocrx_word' id='word_1_313' title='bbox 1792 4155 1825 4191; x_wconf 91' lang='lat' dir='ltr'><strong>a</strong></span> <span class='ocrx_word' id='word_1_314' title='bbox 1885 4139 2015 4191; x_wconf 89' lang='lat' dir='ltr'><strong>sede</strong></span> 
     </span>
    </p>
   </div>
   <div class='ocr_carea' id='block_1_46' title="bbox 1535 193 2634 254">
    <p class='ocr_par' dir='ltr' id='par_1_46' title="bbox 1535 193 2634 254">
     <span class='ocr_line' id='line_1_46' title="bbox 1535 193 2634 254; baseline -0.005 -3"><span class='ocrx_word' id='word_1_315' title='bbox 1535 198 1867 254; x_wconf 86' lang='lat' dir='ltr'><strong>ADVENTII</strong></span> <span class='ocrx_word' id='word_1_316' title='bbox 1911 197 2253 254; x_wconf 83' lang='lat' dir='ltr'><strong>METENSIS</strong></span> <span class='ocrx_word' id='word_1_317' title='bbox 2291 193 2634 253; x_wconf 87' lang='lat' dir='ltr'><strong>EPISCOPI.</strong></span> 
     </span>
    </p>
   </div>
   <div class='ocr_carea' id='block_1_47' title="bbox 3700 192 3833 243">
    <p class='ocr_par' dir='ltr' id='par_1_47' title="bbox 3700 192 3833 243">
     <span class='ocr_line' id='line_1_47' title="bbox 3700 192 3833 243; baseline 0 0"><span class='ocrx_word' id='word_1_318' title='bbox 3700 192 3833 243; x_wconf 64' lang='grc'><strong>1148</strong></span> 
     </span>
    </p>
   </div>
   <div class='ocr_carea' id='block_1_48' title="bbox 2952 364 3012 416">
    <p class='ocr_par' dir='ltr' id='par_1_48' title="bbox 2952 364 3012 416">
     <span class='ocr_line' id='line_1_48' title="bbox 2952 364 3012 416; baseline 0.033 -2"><span class='ocrx_word' id='word_1_319' title='bbox 2952 364 3012 416; x_wconf 84' lang='grc' dir='ltr'><strong>ν.</strong></span> 
     </span>
    </p>
   </div>
   <div class='ocr_carea' id='block_1_49' title="bbox 2204 505 3839 571">
    <p class='ocr_par' dir='ltr' id='par_1_49' title="bbox 2204 505 3839 571">
     <span class='ocr_line' id='line_1_49' title="bbox 2204 505 3839 571; baseline -0.004 -5"><span class='ocrx_word' id='word_1_320' title='bbox 2204 512 2555 567; x_wconf 89' lang='lat' dir='ltr'><strong>Sectatorem</strong></span> <span class='ocrx_word' id='word_1_321' title='bbox 2598 508 3023 570; x_wconf 89' lang='lat' dir='ltr'><strong>damnatorum,</strong></span> <span class='ocrx_word' id='word_1_322' title='bbox 3058 521 3120 558; x_wconf 89' lang='lat' dir='ltr'><strong>ac</strong></span> <span class='ocrx_word' id='word_1_323' title='bbox 3159 505 3519 571; x_wconf 89' lang='lat' dir='ltr'><strong>seditiosum,</strong></span> <span class='ocrx_word' id='word_1_324' title='bbox 3569 506 3657 559; x_wconf 85' lang='lat' dir='ltr'><strong>vel</strong></span> <span class='ocrx_word' id='word_1_325' title='bbox 3702 524 3839 560; x_wconf 86' lang='lat' dir='ltr'><strong>con-</strong></span> 
     </span>
    </p>
   </div>
   <div class='ocr_carea' id='block_1_50' title="bbox 2125 594 3842 671">
    <p class='ocr_par' dir='ltr' id='par_1_50' title="bbox 2125 594 3842 671">
     <span class='ocr_line' id='line_1_50' title="bbox 2125 594 3842 671; baseline -0.002 -18"><span class='ocrx_word' id='word_1_326' title='bbox 2125 599 2451 671; x_wconf 84' lang='lat' dir='ltr'><strong>jurationis,</strong></span> <span class='ocrx_word' id='word_1_327' title='bbox 2486 603 2585 649; x_wconf 88' lang='lat' dir='ltr'><strong>aut</strong></span> <span class='ocrx_word' id='word_1_328' title='bbox 2624 594 3061 664; x_wconf 89' lang='lat' dir='ltr'><strong>conspirationis</strong></span> <span class='ocrx_word' id='word_1_329' title='bbox 3093 610 3275 655; x_wconf 88' lang='lat' dir='ltr'><strong>reum,</strong></span> <span class='ocrx_word' id='word_1_330' title='bbox 3313 610 3403 647; x_wconf 92' lang='lat' dir='ltr'><strong>me</strong></span> <span class='ocrx_word' id='word_1_331' title='bbox 3452 595 3684 663; x_wconf 88' lang='lat' dir='ltr'><strong>penitus</strong></span> <span class='ocrx_word' id='word_1_332' title='bbox 3715 612 3842 650; x_wconf 86' lang='lat' dir='ltr'><strong>esse</strong></span> 
     </span>
    </p>
   </div>
   <div class='ocr_carea' id='block_1_51' title="bbox 2134 683 3839 757">
    <p class='ocr_par' dir='ltr' id='par_1_51' title="bbox 2134 683 3839 757">
     <span class='ocr_line' id='line_1_51' title="bbox 2134 683 3839 757; baseline -0.004 -15"><span class='ocrx_word' id='word_1_333' title='bbox 2134 690 2373 757; x_wconf 86' lang='lat' dir='ltr'><strong>denego,</strong></span> <span class='ocrx_word' id='word_1_334' title='bbox 2446 685 2880 753; x_wconf 78' lang='lat' dir='ltr'><strong>faventibUsque</strong></span> <span class='ocrx_word' id='word_1_335' title='bbox 2954 683 3394 752; x_wconf 88' lang='lat' dir='ltr'><strong>quibuscunque</strong></span> <span class='ocrx_word' id='word_1_336' title='bbox 3465 699 3839 752; x_wconf 88' lang='lat' dir='ltr'><strong>nequaquam</strong></span> 
     </span>
    </p>
   </div>
   <div class='ocr_carea' id='block_1_52' title="bbox 2132 772 3845 841">
    <p class='ocr_par' dir='ltr' id='par_1_52' title="bbox 2132 772 3845 841">
     <span class='ocr_line' id='line_1_52' title="bbox 2132 772 3845 841; baseline -0.003 -10"><span class='ocrx_word' id='word_1_337' title='bbox 2132 777 2407 831; x_wconf 88' lang='lat' dir='ltr'><strong>assentire</strong></span> <span class='ocrx_word' id='word_1_338' title='bbox 2451 775 2668 839; x_wconf 83' lang='lat' dir='ltr'><strong>fateor;</strong></span> <span class='ocrx_word' id='word_1_339' title='bbox 2725 773 2821 826; x_wconf 90' lang='lat' dir='ltr'><strong>sed</strong></span> <span class='ocrx_word' id='word_1_340' title='bbox 2862 789 2991 825; x_wconf 91' lang='lat' dir='ltr'><strong>cum</strong></span> <span class='ocrx_word' id='word_1_341' title='bbox 3048 772 3256 841; x_wconf 82' lang='lat' dir='ltr'><strong>capite,</strong></span> <span class='ocrx_word' id='word_1_342' title='bbox 3316 772 3369 825; x_wconf 92' lang='lat' dir='ltr'><strong>id</strong></span> <span class='ocrx_word' id='word_1_343' title='bbox 3399 778 3483 825; x_wconf 88' lang='lat' dir='ltr'><strong>est</strong></span> <span class='ocrx_word' id='word_1_344' title='bbox 3526 778 3723 825; x_wconf 88' lang='lat' dir='ltr'><strong>sancta</strong></span> <span class='ocrx_word' id='word_1_345' title='bbox 3781 776 3845 826; x_wconf 88' lang='lat' dir='ltr'><strong>et</strong></span> 
     </span>
    </p>
   </div>
   <div class='ocr_carea' id='block_1_53' title="bbox 2133 860 3841 931">
    <p class='ocr_par' dir='ltr' id='par_1_53' title="bbox 2133 860 3841 931">
     <span class='ocr_line' id='line_1_53' title="bbox 2133 860 3841 931; baseline -0.003 -12"><span class='ocrx_word' id='word_1_346' title='bbox 2133 864 2445 919; x_wconf 89' lang='lat' dir='ltr'><strong>venerabili</strong></span> <span class='ocrx_word' id='word_1_347' title='bbox 2477 864 2608 916; x_wconf 91' lang='lat' dir='ltr'><strong>sede</strong></span> <span class='ocrx_word' id='word_1_348' title='bbox 2661 862 2812 914; x_wconf 90' lang='lat' dir='ltr'><strong>beati</strong></span> <span class='ocrx_word' id='word_1_349' title='bbox 2858 860 3027 927; x_wconf 83' lang='lat' dir='ltr'><strong>Petri,</strong></span> <span class='ocrx_word' id='word_1_350' title='bbox 3082 860 3173 914; x_wconf 92' lang='lat' dir='ltr'><strong>cui</strong></span> <span class='ocrx_word' id='word_1_351' title='bbox 3221 862 3403 913; x_wconf 85' lang='lat' dir='ltr'><strong>claves</strong></span> <span class='ocrx_word' id='word_1_352' title='bbox 3453 862 3615 931; x_wconf 91' lang='lat' dir='ltr'><strong>regni</strong></span> <span class='ocrx_word' id='word_1_353' title='bbox 3665 864 3841 915; x_wconf 83' lang='lat' dir='ltr'><strong>ccelo—</strong></span> 
     </span>
    </p>
   </div>
   <div class='ocr_carea' id='block_1_54' title="bbox 2135 950 3843 1020">
    <p class='ocr_par' dir='ltr' id='par_1_54' title="bbox 2135 950 3843 1020">
     <span class='ocr_line' id='line_1_54' title="bbox 2135 950 3843 1020; baseline -0.003 -13"><span class='ocrx_word' id='word_1_354' title='bbox 2135 971 2260 1007; x_wconf 90' lang='lat' dir='ltr'><strong>rum</strong></span> <span class='ocrx_word' id='word_1_355' title='bbox 2293 951 2596 1011; x_wconf 89' lang='lat' dir='ltr'><strong>commisit,</strong></span> <span class='ocrx_word' id='word_1_356' title='bbox 2632 950 2691 1003; x_wconf 92' lang='lat' dir='ltr'><strong>in</strong></span> <span class='ocrx_word' id='word_1_357' title='bbox 2723 966 2835 1020; x_wconf 91' lang='lat' dir='ltr'><strong>qua</strong></span> <span class='ocrx_word' id='word_1_358' title='bbox 2868 950 3039 1002; x_wconf 92' lang='lat' dir='ltr'><strong>etiam</strong></span> <span class='ocrx_word' id='word_1_359' title='bbox 3061 956 3225 1019; x_wconf 87' lang='lat' dir='ltr'><strong>petra</strong></span> <span class='ocrx_word' id='word_1_360' title='bbox 3255 950 3509 1003; x_wconf 83' lang='lat' dir='ltr'><strong>Christus</strong></span> <span class='ocrx_word' id='word_1_361' title='bbox 3547 966 3640 1003; x_wconf 87' lang='lat' dir='ltr'><strong>rex</strong></span> <span class='ocrx_word' id='word_1_362' title='bbox 3669 959 3843 1003; x_wconf 66' lang='lat' dir='ltr'><strong>aster-</strong></span> 
     </span>
    </p>
   </div>
   <div class='ocr_carea' id='block_1_55' title="bbox 2130 1037 3835 1109">
    <p class='ocr_par' dir='ltr' id='par_1_55' title="bbox 2130 1037 3835 1109">
     <span class='ocr_line' id='line_1_55' title="bbox 2130 1037 3835 1109; baseline -0.001 -15"><span class='ocrx_word' id='word_1_363' title='bbox 2130 1058 2238 1095; x_wconf 91' lang='lat' dir='ltr'><strong>nus</strong></span> <span class='ocrx_word' id='word_1_364' title='bbox 2285 1045 2538 1093; x_wconf 88' lang='lat' dir='ltr'><strong>sanctam</strong></span> <span class='ocrx_word' id='word_1_365' title='bbox 2614 1038 2916 1091; x_wconf 67' lang='lat' dir='ltr'><strong>aediﬁcavit</strong></span> <span class='ocrx_word' id='word_1_366' title='bbox 2991 1037 3319 1103; x_wconf 81' lang='lat' dir='ltr'><strong>Ecclesiam,</strong></span> <span class='ocrx_word' id='word_1_367' title='bbox 3377 1044 3578 1092; x_wconf 88' lang='lat' dir='ltr'><strong>contra</strong></span> <span class='ocrx_word' id='word_1_368' title='bbox 3650 1056 3835 1109; x_wconf 86' lang='lat' dir='ltr'><strong>quam</strong></span> 
     </span>
    </p>
   </div>
   <div class='ocr_carea' id='block_1_56' title="bbox 2133 1128 3838 1199">
    <p class='ocr_par' dir='ltr' id='par_1_56' title="bbox 2133 1128 3838 1199">
     <span class='ocr_line' id='line_1_56' title="bbox 2133 1128 3838 1199; baseline -0.001 -16"><span class='ocrx_word' id='word_1_369' title='bbox 2133 1135 2313 1199; x_wconf 67' lang='lat' dir='ltr'><strong>portae</strong></span> <span class='ocrx_word' id='word_1_370' title='bbox 2343 1130 2509 1182; x_wconf 89' lang='lat' dir='ltr'><strong>inferi</strong></span> <span class='ocrx_word' id='word_1_371' title='bbox 2540 1145 2660 1181; x_wconf 91' lang='lat' dir='ltr'><strong>non</strong></span> <span class='ocrx_word' id='word_1_372' title='bbox 2702 1128 3118 1198; x_wconf 63' lang='lat' dir='ltr'><strong>praevalebunt,</strong></span> <span class='ocrx_word' id='word_1_373' title='bbox 3150 1129 3423 1181; x_wconf 88' lang='lat' dir='ltr'><strong>canonice</strong></span> <span class='ocrx_word' id='word_1_374' title='bbox 3455 1129 3513 1181; x_wconf 92' lang='lat' dir='ltr'><strong>in</strong></span> <span class='ocrx_word' id='word_1_375' title='bbox 3560 1129 3838 1183; x_wconf 88' lang='lat' dir='ltr'><strong>omnibus</strong></span> 
     </span>
    </p>
   </div>
   <div class='ocr_carea' id='block_1_57' title="bbox 2135 1216 2770 1287">
    <p class='ocr_par' dir='ltr' id='par_1_57' title="bbox 2135 1216 2770 1287">
     <span class='ocr_line' id='line_1_57' title="bbox 2135 1216 2770 1287; baseline -0.003 -16"><span class='ocrx_word' id='word_1_376' title='bbox 2135 1234 2225 1271; x_wconf 90' lang='lat' dir='ltr'><strong>me</strong></span> <span class='ocrx_word' id='word_1_377' title='bbox 2258 1218 2446 1271; x_wconf 85' lang='lat' dir='ltr'><strong>favere</strong></span> <span class='ocrx_word' id='word_1_378' title='bbox 2477 1216 2770 1287; x_wconf 80' lang='lat' dir='ltr'><strong>profiteor.</strong></span> 
     </span>
    </p>
   </div>
   <div class='ocr_carea' id='block_1_58' title="bbox 2955 1341 3022 1393">
    <p class='ocr_par' dir='ltr' id='par_1_58' title="bbox 2955 1341 3022 1393">
     <span class='ocr_line' id='line_1_58' title="bbox 2955 1341 3022 1393; baseline 0.015 -1"><span class='ocrx_word' id='word_1_379' title='bbox 2955 1341 3022 1393; x_wconf 89' lang='lat' dir='ltr'><strong>VI</strong></span> 
     </span>
    </p>
   </div>
   <div class='ocr_carea' id='block_1_59' title="bbox 2202 1481 3836 1551">
    <p class='ocr_par' dir='ltr' id='par_1_59' title="bbox 2202 1481 3836 1551">
     <span class='ocr_line' id='line_1_59' title="bbox 2202 1481 3836 1551; baseline -0.002 -13"><span class='ocrx_word' id='word_1_380' title='bbox 2202 1486 2374 1538; x_wconf 84' lang='lat' dir='ltr'><strong>Porro</strong></span> <span class='ocrx_word' id='word_1_381' title='bbox 2423 1483 2689 1536; x_wconf 88' lang='lat' dir='ltr'><strong>sanctitas</strong></span> <span class='ocrx_word' id='word_1_382' title='bbox 2746 1487 2946 1535; x_wconf 67' lang='lat' dir='ltr'><strong>vestra:</strong></span> <span class='ocrx_word' id='word_1_383' title='bbox 3003 1482 3367 1551; x_wconf 77' lang='lat' dir='ltr'><strong>paternitatis</strong></span> <span class='ocrx_word' id='word_1_384' title='bbox 3418 1481 3836 1534; x_wconf 84' lang='lat' dir='ltr'><strong>inviolabiliter</strong></span> 
     </span>
    </p>
   </div>
   <div class='ocr_carea' id='block_1_60' title="bbox 2143 1571 3835 1641">
    <p class='ocr_par' dir='ltr' id='par_1_60' title="bbox 2143 1571 3835 1641">
     <span class='ocr_line' id='line_1_60' title="bbox 2143 1571 3835 1641; baseline -0.002 -14"><span class='ocrx_word' id='word_1_385' title='bbox 2143 1573 2361 1628; x_wconf 89' lang='lat' dir='ltr'><strong>sensuit</strong></span> <span class='ocrx_word' id='word_1_386' title='bbox 2418 1574 2573 1626; x_wconf 91' lang='lat' dir='ltr'><strong>nullo</strong></span> <span class='ocrx_word' id='word_1_387' title='bbox 2615 1571 2784 1625; x_wconf 89' lang='lat' dir='ltr'><strong>modo</strong></span> <span class='ocrx_word' id='word_1_388' title='bbox 2836 1571 3147 1641; x_wconf 59' lang='lat' dir='ltr'><strong>pavenda:</strong></span> <span class='ocrx_word' id='word_1_389' title='bbox 3194 1571 3476 1623; x_wconf 90' lang='lat' dir='ltr'><strong>bonorum</strong></span> <span class='ocrx_word' id='word_1_390' title='bbox 3527 1571 3835 1623; x_wconf 88' lang='lat' dir='ltr'><strong>admissio-</strong></span> 
     </span>
    </p>
   </div>
   <div class='ocr_carea' id='block_1_61' title="bbox 2136 1659 3835 1732">
    <p class='ocr_par' dir='ltr' id='par_1_61' title="bbox 2136 1659 3835 1732">
     <span class='ocr_line' id='line_1_61' title="bbox 2136 1659 3835 1732; baseline -0.002 -16"><span class='ocrx_word' id='word_1_391' title='bbox 2136 1679 2268 1716; x_wconf 88' lang='lat' dir='ltr'><strong>nem</strong></span> <span class='ocrx_word' id='word_1_392' title='bbox 2332 1679 2432 1732; x_wconf 88' lang='lat' dir='ltr'><strong>pro</strong></span> <span class='ocrx_word' id='word_1_393' title='bbox 2490 1660 2907 1714; x_wconf 89' lang='lat' dir='ltr'><strong>temeritatibus</strong></span> <span class='ocrx_word' id='word_1_394' title='bbox 2955 1665 3010 1712; x_wconf 90' lang='lat' dir='ltr'><strong>et</strong></span> <span class='ocrx_word' id='word_1_395' title='bbox 3055 1659 3599 1728; x_wconf 89' lang='lat' dir='ltr'><strong>subscriptionibus:</strong></span> <span class='ocrx_word' id='word_1_396' title='bbox 3658 1665 3835 1729; x_wconf 89' lang='lat' dir='ltr'><strong>atque</strong></span> 
     </span>
    </p>
   </div>
   <div class='ocr_carea' id='block_1_62' title="bbox 2132 1747 3832 1819">
    <p class='ocr_par' dir='ltr' id='par_1_62' title="bbox 2132 1747 3832 1819">
     <span class='ocr_line' id='line_1_62' title="bbox 2132 1747 3832 1819; baseline -0.003 -14"><span class='ocrx_word' id='word_1_397' title='bbox 2132 1751 2553 1819; x_wconf 88' lang='lat' dir='ltr'><strong>indulgentiam</strong></span> <span class='ocrx_word' id='word_1_398' title='bbox 2606 1765 2720 1802; x_wconf 92' lang='lat' dir='ltr'><strong>non</strong></span> <span class='ocrx_word' id='word_1_399' title='bbox 2775 1765 2895 1801; x_wconf 88' lang='lat' dir='ltr'><strong>esse</strong></span> <span class='ocrx_word' id='word_1_400' title='bbox 2953 1747 3371 1816; x_wconf 88' lang='lat' dir='ltr'><strong>denegandam,</strong></span> <span class='ocrx_word' id='word_1_401' title='bbox 3433 1747 3479 1799; x_wconf 91' lang='lat' dir='ltr'><strong>si</strong></span> <span class='ocrx_word' id='word_1_402' title='bbox 3533 1747 3832 1800; x_wconf 86' lang='lat' dir='ltr'><strong>vobiscum</strong></span> 
     </span>
    </p>
   </div>
   <div class='ocr_carea' id='block_1_63' title="bbox 2133 1835 3831 1910">
    <p class='ocr_par' dir='ltr' id='par_1_63' title="bbox 2133 1835 3831 1910">
     <span class='ocr_line' id='line_1_63' title="bbox 2133 1835 3831 1910; baseline -0.004 -16"><span class='ocrx_word' id='word_1_403' title='bbox 2133 1856 2352 1910; x_wconf 88' lang='lat' dir='ltr'><strong>sapere,</strong></span> <span class='ocrx_word' id='word_1_404' title='bbox 2382 1843 2755 1908; x_wconf 89' lang='lat' dir='ltr'><strong>nostrumque</strong></span> <span class='ocrx_word' id='word_1_405' title='bbox 2783 1853 2887 1906; x_wconf 90' lang='lat' dir='ltr'><strong>per</strong></span> <span class='ocrx_word' id='word_1_406' title='bbox 2917 1836 3313 1905; x_wconf 86' lang='lat' dir='ltr'><strong>nosmetipsos,</strong></span> <span class='ocrx_word' id='word_1_407' title='bbox 3350 1840 3448 1887; x_wconf 91' lang='lat' dir='ltr'><strong>aut</strong></span> <span class='ocrx_word' id='word_1_408' title='bbox 3478 1850 3579 1904; x_wconf 91' lang='lat' dir='ltr'><strong>per</strong></span> <span class='ocrx_word' id='word_1_409' title='bbox 3610 1835 3831 1905; x_wconf 87' lang='lat' dir='ltr'><strong>legatos</strong></span> 
     </span>
    </p>
   </div>
   <div class='ocr_carea' id='block_1_64' title="bbox 2133 1923 3828 1994">
    <p class='ocr_par' dir='ltr' id='par_1_64' title="bbox 2133 1923 3828 1994">
     <span class='ocr_line' id='line_1_64' title="bbox 2133 1923 3828 1994; baseline -0.004 -12"><span class='ocrx_word' id='word_1_410' title='bbox 2133 1933 2355 1983; x_wconf 88' lang='lat' dir='ltr'><strong>nostros</strong></span> <span class='ocrx_word' id='word_1_411' title='bbox 2405 1943 2698 1981; x_wconf 87' lang='lat' dir='ltr'><strong>assensum</strong></span> <span class='ocrx_word' id='word_1_412' title='bbox 2747 1942 2878 1979; x_wconf 92' lang='lat' dir='ltr'><strong>cum</strong></span> <span class='ocrx_word' id='word_1_413' title='bbox 2931 1925 3154 1994; x_wconf 87' lang='lat' dir='ltr'><strong>scriptis</strong></span> <span class='ocrx_word' id='word_1_414' title='bbox 3199 1924 3404 1977; x_wconf 80' lang='lat' dir='ltr'><strong>offerre</strong></span> <span class='ocrx_word' id='word_1_415' title='bbox 3448 1923 3828 1977; x_wconf 80' lang='lat' dir='ltr'><strong>studeremus.</strong></span> 
     </span>
    </p>
   </div>
   <div class='ocr_carea' id='block_1_65' title="bbox 2132 2011 3832 2087">
    <p class='ocr_par' dir='ltr' id='par_1_65' title="bbox 2132 2011 3832 2087">
     <span class='ocr_line' id='line_1_65' title="bbox 2132 2011 3832 2087; baseline -0.006 -13"><span class='ocrx_word' id='word_1_416' title='bbox 2132 2018 2365 2074; x_wconf 86' lang='lat' dir='ltr'><strong>Noverit</strong></span> <span class='ocrx_word' id='word_1_417' title='bbox 2412 2016 2811 2087; x_wconf 58' lang='lat' dir='ltr'><strong>praecellentia</strong></span> <span class='ocrx_word' id='word_1_418' title='bbox 2857 2021 3055 2067; x_wconf 61' lang='lat' dir='ltr'><strong>vestrae</strong></span> <span class='ocrx_word' id='word_1_419' title='bbox 3096 2014 3365 2066; x_wconf 88' lang='lat' dir='ltr'><strong>sanctitas</strong></span> <span class='ocrx_word' id='word_1_420' title='bbox 3419 2011 3832 2065; x_wconf 80' lang='lat' dir='ltr'><strong>muniﬁcentis-</strong></span> 
     </span>
    </p>
   </div>
   <div class='ocr_carea' id='block_1_66' title="bbox 2132 2100 3829 2176">
    <p class='ocr_par' dir='ltr' id='par_1_66' title="bbox 2132 2100 3829 2176">
     <span class='ocr_line' id='line_1_66' title="bbox 2132 2100 3829 2176; baseline -0.004 -16"><span class='ocrx_word' id='word_1_421' title='bbox 2132 2106 2297 2172; x_wconf 90' lang='lat' dir='ltr'><strong>sima,</strong></span> <span class='ocrx_word' id='word_1_422' title='bbox 2348 2105 2501 2176; x_wconf 91' lang='lat' dir='ltr'><strong>quod</strong></span> <span class='ocrx_word' id='word_1_423' title='bbox 2558 2104 2784 2173; x_wconf 87' lang='lat' dir='ltr'><strong>legatus</strong></span> <span class='ocrx_word' id='word_1_424' title='bbox 2842 2108 3051 2163; x_wconf 85' lang='lat' dir='ltr'><strong>noster,</strong></span> <span class='ocrx_word' id='word_1_425' title='bbox 3113 2102 3212 2172; x_wconf 90' lang='lat' dir='ltr'><strong>qui</strong></span> <span class='ocrx_word' id='word_1_426' title='bbox 3240 2101 3358 2170; x_wconf 89' lang='lat' dir='ltr'><strong>jam</strong></span> <span class='ocrx_word' id='word_1_427' title='bbox 3404 2100 3563 2153; x_wconf 90' lang='lat' dir='ltr'><strong>vobis</strong></span> <span class='ocrx_word' id='word_1_428' title='bbox 3618 2100 3829 2154; x_wconf 86' lang='lat' dir='ltr'><strong>factam</strong></span> 
     </span>
    </p>
   </div>
   <div class='ocr_carea' id='block_1_67' title="bbox 2132 2188 3829 2265">
    <p class='ocr_par' dir='ltr' id='par_1_67' title="bbox 2132 2188 3829 2265">
     <span class='ocr_line' id='line_1_67' title="bbox 2132 2188 3829 2265; baseline -0.004 -17"><span class='ocrx_word' id='word_1_429' title='bbox 2132 2193 2545 2265; x_wconf 86' lang='lat' dir='ltr'><strong>professionem</strong></span> <span class='ocrx_word' id='word_1_430' title='bbox 2618 2192 2961 2259; x_wconf 88' lang='lat' dir='ltr'><strong>ostenderet,</strong></span> <span class='ocrx_word' id='word_1_431' title='bbox 3032 2196 3087 2244; x_wconf 90' lang='lat' dir='ltr'><strong>et</strong></span> <span class='ocrx_word' id='word_1_432' title='bbox 3160 2188 3576 2259; x_wconf 90' lang='lat' dir='ltr'><strong>multiplicibus</strong></span> <span class='ocrx_word' id='word_1_433' title='bbox 3640 2188 3829 2241; x_wconf 86' lang='lat' dir='ltr'><strong>verbis</strong></span> 
     </span>
    </p>
   </div>
   <div class='ocr_carea' id='block_1_68' title="bbox 2132 2277 3831 2349">
    <p class='ocr_par' dir='ltr' id='par_1_68' title="bbox 2132 2277 3831 2349">
     <span class='ocr_line' id='line_1_68' title="bbox 2132 2277 3831 2349; baseline -0.004 -13"><span class='ocrx_word' id='word_1_434' title='bbox 2132 2283 2476 2345; x_wconf 88' lang='lat' dir='ltr'><strong>enuclearet,</strong></span> <span class='ocrx_word' id='word_1_435' title='bbox 2527 2280 2656 2334; x_wconf 91' lang='lat' dir='ltr'><strong>ideo</strong></span> <span class='ocrx_word' id='word_1_436' title='bbox 2707 2279 2970 2343; x_wconf 89' lang='lat' dir='ltr'><strong>tardavit,</strong></span> <span class='ocrx_word' id='word_1_437' title='bbox 3038 2278 3174 2349; x_wconf 87' lang='lat' dir='ltr'><strong>quia</strong></span> <span class='ocrx_word' id='word_1_438' title='bbox 3224 2283 3457 2331; x_wconf 65' lang='lat' dir='ltr'><strong>caeteros</strong></span> <span class='ocrx_word' id='word_1_439' title='bbox 3516 2277 3831 2330; x_wconf 85' lang='lat' dir='ltr'><strong>confratres</strong></span> 
     </span>
    </p>
   </div>
   <div class='ocr_carea' id='block_1_69' title="bbox 2131 2365 3830 2439">
    <p class='ocr_par' dir='ltr' id='par_1_69' title="bbox 2131 2365 3830 2439">
     <span class='ocr_line' id='line_1_69' title="bbox 2131 2365 3830 2439; baseline -0.004 -14"><span class='ocrx_word' id='word_1_440' title='bbox 2131 2376 2354 2425; x_wconf 91' lang='lat' dir='ltr'><strong>nostros</strong></span> <span class='ocrx_word' id='word_1_441' title='bbox 2385 2371 2496 2423; x_wconf 91' lang='lat' dir='ltr'><strong>huc</strong></span> <span class='ocrx_word' id='word_1_442' title='bbox 2528 2370 2778 2439; x_wconf 91' lang='lat' dir='ltr'><strong>illucque</strong></span> <span class='ocrx_word' id='word_1_443' title='bbox 2827 2368 2895 2421; x_wconf 90' lang='lat' dir='ltr'><strong>de</strong></span> <span class='ocrx_word' id='word_1_444' title='bbox 2941 2367 3175 2420; x_wconf 87' lang='lat' dir='ltr'><strong>diversis</strong></span> <span class='ocrx_word' id='word_1_445' title='bbox 3224 2366 3478 2436; x_wconf 89' lang='lat' dir='ltr'><strong>partibus</strong></span> <span class='ocrx_word' id='word_1_446' title='bbox 3522 2365 3830 2432; x_wconf 87' lang='lat' dir='ltr'><strong>advocans,</strong></span> 
     </span>
    </p>
   </div>
   <div class='ocr_carea' id='block_1_70' title="bbox 2131 2456 3823 2525">
    <p class='ocr_par' dir='ltr' id='par_1_70' title="bbox 2131 2456 3823 2525">
     <span class='ocr_line' id='line_1_70' title="bbox 2131 2456 3823 2525; baseline -0.003 -14"><span class='ocrx_word' id='word_1_447' title='bbox 2131 2459 2423 2513; x_wconf 90' lang='lat' dir='ltr'><strong>vobiscum</strong></span> <span class='ocrx_word' id='word_1_448' title='bbox 2447 2458 2657 2511; x_wconf 89' lang='lat' dir='ltr'><strong>sentire</strong></span> <span class='ocrx_word' id='word_1_449' title='bbox 2682 2456 3032 2510; x_wconf 85' lang='lat' dir='ltr'><strong>unanimiter</strong></span> <span class='ocrx_word' id='word_1_450' title='bbox 3066 2462 3122 2509; x_wconf 86' lang='lat' dir='ltr'><strong>et</strong></span> <span class='ocrx_word' id='word_1_451' title='bbox 3142 2471 3339 2525; x_wconf 88' lang='lat' dir='ltr'><strong>sapere</strong></span> <span class='ocrx_word' id='word_1_452' title='bbox 3374 2456 3632 2508; x_wconf 87' lang='lat' dir='ltr'><strong>hortatus</strong></span> <span class='ocrx_word' id='word_1_453' title='bbox 3673 2470 3823 2507; x_wconf 88' lang='lat' dir='ltr'><strong>sum.</strong></span> 
     </span>
    </p>
   </div>
   <div class='ocr_carea' id='block_1_71' title="bbox 2136 2542 3829 2617">
    <p class='ocr_par' dir='ltr' id='par_1_71' title="bbox 2136 2542 3829 2617">
     <span class='ocr_line' id='line_1_71' title="bbox 2136 2542 3829 2617; baseline -0.004 -16"><span class='ocrx_word' id='word_1_454' title='bbox 2136 2549 2455 2617; x_wconf 86' lang='lat' dir='ltr'><strong>Eorumque</strong></span> <span class='ocrx_word' id='word_1_455' title='bbox 2517 2546 2776 2599; x_wconf 90' lang='lat' dir='ltr'><strong>omnium</strong></span> <span class='ocrx_word' id='word_1_456' title='bbox 2832 2543 3177 2613; x_wconf 81' lang='lat' dir='ltr'><strong>generaliter</strong></span> <span class='ocrx_word' id='word_1_457' title='bbox 3239 2542 3616 2595; x_wconf 87' lang='lat' dir='ltr'><strong>unanimitate</strong></span> <span class='ocrx_word' id='word_1_458' title='bbox 3675 2558 3829 2595; x_wconf 91' lang='lat' dir='ltr'><strong>com-</strong></span> 
     </span>
    </p>
   </div>
   <div class='ocr_carea' id='block_1_72' title="bbox 2132 2631 3827 2706">
    <p class='ocr_par' dir='ltr' id='par_1_72' title="bbox 2132 2631 3827 2706">
     <span class='ocr_line' id='line_1_72' title="bbox 2132 2631 3827 2706; baseline -0.004 -18"><span class='ocrx_word' id='word_1_459' title='bbox 2132 2641 2309 2706; x_wconf 90' lang='lat' dir='ltr'><strong>perta,</strong></span> <span class='ocrx_word' id='word_1_460' title='bbox 2344 2635 2505 2705; x_wconf 89' lang='lat' dir='ltr'><strong>quasi</strong></span> <span class='ocrx_word' id='word_1_461' title='bbox 2534 2649 2855 2704; x_wconf 62' lang='lat' dir='ltr'><strong>praeconem</strong></span> <span class='ocrx_word' id='word_1_462' title='bbox 2881 2633 3047 2701; x_wconf 86' lang='lat' dir='ltr'><strong>legati</strong></span> <span class='ocrx_word' id='word_1_463' title='bbox 3083 2631 3281 2697; x_wconf 88' lang='lat' dir='ltr'><strong>nostri,</strong></span> <span class='ocrx_word' id='word_1_464' title='bbox 3316 2632 3371 2683; x_wconf 91' lang='lat' dir='ltr'><strong>in</strong></span> <span class='ocrx_word' id='word_1_465' title='bbox 3408 2632 3528 2700; x_wconf 88' lang='lat' dir='ltr'><strong>ipso</strong></span> <span class='ocrx_word' id='word_1_466' title='bbox 3564 2631 3827 2699; x_wconf 85' lang='lat' dir='ltr'><strong>margine</strong></span> 
     </span>
    </p>
   </div>
   <div class='ocr_carea' id='block_1_73' title="bbox 2132 2718 3830 2794">
    <p class='ocr_par' dir='ltr' id='par_1_73' title="bbox 2132 2718 3830 2794">
     <span class='ocr_line' id='line_1_73' title="bbox 2132 2718 3830 2794; baseline -0.004 -18"><span class='ocrx_word' id='word_1_467' title='bbox 2132 2723 2425 2794; x_wconf 63' lang='lat' dir='ltr'><strong>praesentis</strong></span> <span class='ocrx_word' id='word_1_468' title='bbox 2458 2722 2585 2775; x_wconf 65' lang='lat' dir='ltr'><strong>vitae</strong></span> <span class='ocrx_word' id='word_1_469' title='bbox 2615 2722 2971 2781; x_wconf 88' lang='lat' dir='ltr'><strong>constitutus,</strong></span> <span class='ocrx_word' id='word_1_470' title='bbox 3010 2728 3213 2773; x_wconf 82' lang='lat' dir='ltr'><strong>vestrae</strong></span> <span class='ocrx_word' id='word_1_471' title='bbox 3244 2727 3455 2771; x_wconf 57' lang='lat' dir='ltr'><strong>sancta</strong></span> <span class='ocrx_word' id='word_1_472' title='bbox 3495 2718 3830 2787; x_wconf 88' lang='lat' dir='ltr'><strong>paternitati</strong></span> 
     </span>
    </p>
   </div>
   <div class='ocr_carea' id='block_1_74' title="bbox 2131 2807 3821 2884">
    <p class='ocr_par' dir='ltr' id='par_1_74' title="bbox 2131 2807 3821 2884">
     <span class='ocr_line' id='line_1_74' title="bbox 2131 2807 3821 2884; baseline -0.003 -18"><span class='ocrx_word' id='word_1_473' title='bbox 2131 2812 2401 2884; x_wconf 67' lang='lat' dir='ltr'><strong>prmmisi,</strong></span> <span class='ocrx_word' id='word_1_474' title='bbox 2433 2816 2774 2881; x_wconf 72' lang='lat' dir='ltr'><strong>praesentem</strong></span> <span class='ocrx_word' id='word_1_475' title='bbox 2807 2809 3069 2863; x_wconf 79' lang='lat' dir='ltr'><strong>videlicet</strong></span> <span class='ocrx_word' id='word_1_476' title='bbox 3100 2809 3420 2861; x_wconf 88' lang='lat' dir='ltr'><strong>litterarum</strong></span> <span class='ocrx_word' id='word_1_477' title='bbox 3452 2807 3821 2875; x_wconf 83' lang='lat' dir='ltr'><strong>portitorem.</strong></span> 
     </span>
    </p>
   </div>
   <div class='ocr_carea' id='block_1_75' title="bbox 2133 2895 3829 2968">
    <p class='ocr_par' dir='ltr' id='par_1_75' title="bbox 2133 2895 3829 2968">
     <span class='ocr_line' id='line_1_75' title="bbox 2133 2895 3829 2968; baseline -0.005 -13"><span class='ocrx_word' id='word_1_478' title='bbox 2133 2902 2283 2955; x_wconf 75' lang='lat' dir='ltr'><strong>Nihil</strong></span> <span class='ocrx_word' id='word_1_479' title='bbox 2331 2902 2390 2955; x_wconf 90' lang='lat' dir='ltr'><strong>in</strong></span> <span class='ocrx_word' id='word_1_480' title='bbox 2422 2916 2511 2953; x_wconf 92' lang='lat' dir='ltr'><strong>me</strong></span> <span class='ocrx_word' id='word_1_481' title='bbox 2558 2900 2915 2968; x_wconf 88' lang='lat' dir='ltr'><strong>ambiguum,</strong></span> <span class='ocrx_word' id='word_1_482' title='bbox 2950 2897 3210 2967; x_wconf 81' lang='lat' dir='ltr'><strong>nihilque</strong></span> <span class='ocrx_word' id='word_1_483' title='bbox 3260 2895 3589 2949; x_wconf 87' lang='lat' dir='ltr'><strong>damnabile</strong></span> <span class='ocrx_word' id='word_1_484' title='bbox 3638 2911 3829 2948; x_wconf 87' lang='lat' dir='ltr'><strong>rema-</strong></span> 
     </span>
    </p>
   </div>
   <div class='ocr_carea' id='block_1_76' title="bbox 2130 2984 3829 3060">
    <p class='ocr_par' dir='ltr' id='par_1_76' title="bbox 2130 2984 3829 3060">
     <span class='ocr_line' id='line_1_76' title="bbox 2130 2984 3829 3060; baseline -0.006 -14"><span class='ocrx_word' id='word_1_485' title='bbox 2130 3007 2266 3046; x_wconf 90' lang='lat' dir='ltr'><strong>nere</strong></span> <span class='ocrx_word' id='word_1_486' title='bbox 2301 2992 2508 3060; x_wconf 89' lang='lat' dir='ltr'><strong>patior,</strong></span> <span class='ocrx_word' id='word_1_487' title='bbox 2541 2989 2633 3042; x_wconf 91' lang='lat' dir='ltr'><strong>cui</strong></span> <span class='ocrx_word' id='word_1_488' title='bbox 2665 2988 2813 3041; x_wconf 88' lang='lat' dir='ltr'><strong>viam</strong></span> <span class='ocrx_word' id='word_1_489' title='bbox 2862 2987 3049 3040; x_wconf 90' lang='lat' dir='ltr'><strong>omnis</strong></span> <span class='ocrx_word' id='word_1_490' title='bbox 3086 2986 3271 3039; x_wconf 87' lang='lat' dir='ltr'><strong>carnis</strong></span> <span class='ocrx_word' id='word_1_491' title='bbox 3305 2986 3558 3054; x_wconf 86' lang='lat' dir='ltr'><strong>arripere</strong></span> <span class='ocrx_word' id='word_1_492' title='bbox 3606 2984 3829 3053; x_wconf 91' lang='lat' dir='ltr'><strong>proprii</strong></span> 
     </span>
    </p>
   </div>
   <div class='ocr_carea' id='block_1_77' title="bbox 2128 3072 3830 3149">
    <p class='ocr_par' dir='ltr' id='par_1_77' title="bbox 2128 3072 3830 3149">
     <span class='ocr_line' id='line_1_77' title="bbox 2128 3072 3830 3149; baseline -0.005 -17"><span class='ocrx_word' id='word_1_493' title='bbox 2128 3079 2379 3149; x_wconf 90' lang='lat' dir='ltr'><strong>corporis</strong></span> <span class='ocrx_word' id='word_1_494' title='bbox 2436 3078 2712 3131; x_wconf 88' lang='lat' dir='ltr'><strong>resolutio</strong></span> <span class='ocrx_word' id='word_1_495' title='bbox 2774 3075 3096 3146; x_wconf 86' lang='lat' dir='ltr'><strong>pollicetur.</strong></span> <span class='ocrx_word' id='word_1_496' title='bbox 3139 3074 3249 3128; x_wconf 91' lang='lat' dir='ltr'><strong>Sed</strong></span> <span class='ocrx_word' id='word_1_497' title='bbox 3306 3074 3364 3127; x_wconf 91' lang='lat' dir='ltr'><strong>in</strong></span> <span class='ocrx_word' id='word_1_498' title='bbox 3412 3072 3830 3142; x_wconf 86' lang='lat' dir='ltr'><strong>omnipotentis</strong></span> 
     </span>
    </p>
   </div>
   <div class='ocr_carea' id='block_1_78' title="bbox 2131 3162 3831 3234">
    <p class='ocr_par' dir='ltr' id='par_1_78' title="bbox 2131 3162 3831 3234">
     <span class='ocr_line' id='line_1_78' title="bbox 2131 3162 3831 3234; baseline -0.005 -12"><span class='ocrx_word' id='word_1_499' title='bbox 2131 3169 2229 3222; x_wconf 92' lang='lat' dir='ltr'><strong>Dei</strong></span> <span class='ocrx_word' id='word_1_500' title='bbox 2259 3166 2706 3221; x_wconf 88' lang='lat' dir='ltr'><strong>misericordiam</strong></span> <span class='ocrx_word' id='word_1_501' title='bbox 2738 3165 2900 3218; x_wconf 88' lang='lat' dir='ltr'><strong>valde</strong></span> <span class='ocrx_word' id='word_1_502' title='bbox 2946 3163 3193 3229; x_wconf 82' lang='lat' dir='ltr'><strong>confido,</strong></span> <span class='ocrx_word' id='word_1_503' title='bbox 3247 3163 3399 3234; x_wconf 91' lang='lat' dir='ltr'><strong>quod</strong></span> <span class='ocrx_word' id='word_1_504' title='bbox 3448 3162 3592 3215; x_wconf 89' lang='lat' dir='ltr'><strong>nihil</strong></span> <span class='ocrx_word' id='word_1_505' title='bbox 3642 3178 3831 3231; x_wconf 89' lang='lat' dir='ltr'><strong>pecca-</strong></span> 
     </span>
    </p>
   </div>
   <div class='ocr_carea' id='block_1_79' title="bbox 2130 3250 3825 3326">
    <p class='ocr_par' dir='ltr' id='par_1_79' title="bbox 2130 3250 3825 3326">
     <span class='ocr_line' id='line_1_79' title="bbox 2130 3250 3825 3326; baseline -0.004 -17"><span class='ocrx_word' id='word_1_506' title='bbox 2130 3257 2237 3309; x_wconf 90' lang='lat' dir='ltr'><strong>tori</strong></span> <span class='ocrx_word' id='word_1_507' title='bbox 2270 3255 2517 3326; x_wconf 88' lang='lat' dir='ltr'><strong>spatium</strong></span> <span class='ocrx_word' id='word_1_508' title='bbox 2539 3256 2708 3325; x_wconf 84' lang='lat' dir='ltr'><strong>hujus</strong></span> <span class='ocrx_word' id='word_1_509' title='bbox 2730 3253 3075 3306; x_wconf 65' lang='lat' dir='ltr'><strong>calamitosas</strong></span> <span class='ocrx_word' id='word_1_510' title='bbox 3100 3253 3228 3306; x_wconf 63' lang='lat' dir='ltr'><strong>vita:</strong></span> <span class='ocrx_word' id='word_1_511' title='bbox 3250 3252 3559 3305; x_wconf 90' lang='lat' dir='ltr'><strong>concedere</strong></span> <span class='ocrx_word' id='word_1_512' title='bbox 3594 3250 3825 3315; x_wconf 88' lang='lat' dir='ltr'><strong>debeat,</strong></span> 
     </span>
    </p>
   </div>
   <div class='ocr_carea' id='block_1_80' title="bbox 2126 3342 3827 3414">
    <p class='ocr_par' dir='ltr' id='par_1_80' title="bbox 2126 3342 3827 3414">
     <span class='ocr_line' id='line_1_80' title="bbox 2126 3342 3827 3414; baseline -0.004 -16"><span class='ocrx_word' id='word_1_513' title='bbox 2126 3360 2425 3414; x_wconf 86' lang='lat' dir='ltr'><strong>quousque</strong></span> <span class='ocrx_word' id='word_1_514' title='bbox 2487 3344 2660 3412; x_wconf 89' lang='lat' dir='ltr'><strong>digna</strong></span> <span class='ocrx_word' id='word_1_515' title='bbox 2704 3342 3089 3395; x_wconf 82' lang='lat' dir='ltr'><strong>satisfactione</strong></span> <span class='ocrx_word' id='word_1_516' title='bbox 3138 3347 3439 3411; x_wconf 84' lang='lat' dir='ltr'><strong>purgatus,</strong></span> <span class='ocrx_word' id='word_1_517' title='bbox 3474 3344 3675 3393; x_wconf 79' lang='lat' dir='ltr'><strong>vestrae</strong></span> <span class='ocrx_word' id='word_1_518' title='bbox 3720 3354 3827 3407; x_wconf 93' lang='lat' dir='ltr'><strong>pa-</strong></span> 
     </span>
    </p>
   </div>
   <div class='ocr_carea' id='block_1_81' title="bbox 2126 3426 3823 3501">
    <p class='ocr_par' dir='ltr' id='par_1_81' title="bbox 2126 3426 3823 3501">
     <span class='ocr_line' id='line_1_81' title="bbox 2126 3426 3823 3501; baseline -0.005 -15"><span class='ocrx_word' id='word_1_519' title='bbox 2126 3437 2300 3486; x_wconf 68' lang='lat' dir='ltr'><strong>ternae</strong></span> <span class='ocrx_word' id='word_1_520' title='bbox 2343 3431 2574 3501; x_wconf 85' lang='lat' dir='ltr'><strong>pietatis</strong></span> <span class='ocrx_word' id='word_1_521' title='bbox 2617 3431 2859 3501; x_wconf 87' lang='lat' dir='ltr'><strong>gratiam</strong></span> <span class='ocrx_word' id='word_1_522' title='bbox 2900 3428 3116 3500; x_wconf 88' lang='lat' dir='ltr'><strong>petenti</strong></span> <span class='ocrx_word' id='word_1_523' title='bbox 3152 3429 3429 3482; x_wconf 89' lang='lat' dir='ltr'><strong>redditam</strong></span> <span class='ocrx_word' id='word_1_524' title='bbox 3482 3426 3823 3495; x_wconf 88' lang='lat' dir='ltr'><strong>intelligam,</strong></span> 
     </span>
    </p>
   </div>
   <div class='ocr_carea' id='block_1_82' title="bbox 2127 3513 3820 3591">
    <p class='ocr_par' dir='ltr' id='par_1_82' title="bbox 2127 3513 3820 3591">
     <span class='ocr_line' id='line_1_82' title="bbox 2127 3513 3820 3591; baseline -0.005 -17"><span class='ocrx_word' id='word_1_525' title='bbox 2127 3537 2333 3591; x_wconf 89' lang='lat' dir='ltr'><strong>meque</strong></span> <span class='ocrx_word' id='word_1_526' title='bbox 2371 3524 2664 3589; x_wconf 88' lang='lat' dir='ltr'><strong>receptum</strong></span> <span class='ocrx_word' id='word_1_527' title='bbox 2695 3519 2753 3571; x_wconf 91' lang='lat' dir='ltr'><strong>in</strong></span> <span class='ocrx_word' id='word_1_528' title='bbox 2781 3523 2966 3571; x_wconf 82' lang='lat' dir='ltr'><strong>vestro</strong></span> <span class='ocrx_word' id='word_1_529' title='bbox 3002 3519 3116 3571; x_wconf 89' lang='lat' dir='ltr'><strong>Deo</strong></span> <span class='ocrx_word' id='word_1_530' title='bbox 3148 3517 3323 3588; x_wconf 86' lang='lat' dir='ltr'><strong>digno</strong></span> <span class='ocrx_word' id='word_1_531' title='bbox 3367 3513 3653 3569; x_wconf 91' lang='lat' dir='ltr'><strong>consortio</strong></span> <span class='ocrx_word' id='word_1_532' title='bbox 3681 3530 3820 3566; x_wconf 86' lang='lat' dir='ltr'><strong>con-</strong></span> 
     </span>
    </p>
   </div>
   <div class='ocr_carea' id='block_1_83' title="bbox 2124 3606 3822 3682">
    <p class='ocr_par' dir='ltr' id='par_1_83' title="bbox 2124 3606 3822 3682">
     <span class='ocr_line' id='line_1_83' title="bbox 2124 3606 3822 3682; baseline -0.005 -19"><span class='ocrx_word' id='word_1_533' title='bbox 2124 3609 2393 3682; x_wconf 88' lang='lat' dir='ltr'><strong>gratuler.</strong></span> <span class='ocrx_word' id='word_1_534' title='bbox 2452 3608 2749 3663; x_wconf 89' lang='lat' dir='ltr'><strong>Credimus</strong></span> <span class='ocrx_word' id='word_1_535' title='bbox 2822 3608 2975 3660; x_wconf 89' lang='lat' dir='ltr'><strong>enim</strong></span> <span class='ocrx_word' id='word_1_536' title='bbox 3038 3606 3215 3677; x_wconf 91' lang='lat' dir='ltr'><strong>quod,</strong></span> <span class='ocrx_word' id='word_1_537' title='bbox 3278 3606 3504 3658; x_wconf 86' lang='lat' dir='ltr'><strong>favente</strong></span> <span class='ocrx_word' id='word_1_538' title='bbox 3565 3606 3698 3668; x_wconf 90' lang='lat' dir='ltr'><strong>Deo,</strong></span> <span class='ocrx_word' id='word_1_539' title='bbox 3761 3607 3822 3656; x_wconf 84' lang='lat' dir='ltr'><strong>et</strong></span> 
     </span>
    </p>
   </div>
   <div class='ocr_carea' id='block_1_84' title="bbox 2125 3692 3824 3769">
    <p class='ocr_par' dir='ltr' id='par_1_84' title="bbox 2125 3692 3824 3769">
     <span class='ocr_line' id='line_1_84' title="bbox 2125 3692 3824 3769; baseline -0.006 -16"><span class='ocrx_word' id='word_1_540' title='bbox 2125 3700 2516 3769; x_wconf 89' lang='lat' dir='ltr'><strong>apostolorum</strong></span> <span class='ocrx_word' id='word_1_541' title='bbox 2561 3696 2820 3750; x_wconf 91' lang='lat' dir='ltr'><strong>omnium</strong></span> <span class='ocrx_word' id='word_1_542' title='bbox 2854 3695 3132 3765; x_wconf 90' lang='lat' dir='ltr'><strong>principe,</strong></span> <span class='ocrx_word' id='word_1_543' title='bbox 3164 3694 3265 3765; x_wconf 91' lang='lat' dir='ltr'><strong>qui</strong></span> <span class='ocrx_word' id='word_1_544' title='bbox 3313 3693 3373 3747; x_wconf 92' lang='lat' dir='ltr'><strong>in</strong></span> <span class='ocrx_word' id='word_1_545' title='bbox 3422 3692 3824 3761; x_wconf 82' lang='lat' dir='ltr'><strong>eleemosynis,</strong></span> 
     </span>
    </p>
   </div>
   <div class='ocr_carea' id='block_1_85' title="bbox 2125 3780 3823 3857">
    <p class='ocr_par' dir='ltr' id='par_1_85' title="bbox 2125 3780 3823 3857">
     <span class='ocr_line' id='line_1_85' title="bbox 2125 3780 3823 3857; baseline -0.006 -16"><span class='ocrx_word' id='word_1_546' title='bbox 2125 3793 2182 3841; x_wconf 91' lang='lat' dir='ltr'><strong>et</strong></span> <span class='ocrx_word' id='word_1_547' title='bbox 2205 3785 2456 3857; x_wconf 87' lang='lat' dir='ltr'><strong>jejuniis,</strong></span> <span class='ocrx_word' id='word_1_548' title='bbox 2490 3790 2546 3839; x_wconf 91' lang='lat' dir='ltr'><strong>et</strong></span> <span class='ocrx_word' id='word_1_549' title='bbox 2600 3784 2823 3838; x_wconf 87' lang='lat' dir='ltr'><strong>furtivis</strong></span> <span class='ocrx_word' id='word_1_550' title='bbox 2863 3782 3222 3836; x_wconf 87' lang='lat' dir='ltr'><strong>orationibus</strong></span> <span class='ocrx_word' id='word_1_551' title='bbox 3266 3780 3600 3850; x_wconf 87' lang='lat' dir='ltr'><strong>spiritaliter</strong></span> <span class='ocrx_word' id='word_1_552' title='bbox 3643 3795 3823 3833; x_wconf 89' lang='lat' dir='ltr'><strong>occu-</strong></span> 
     </span>
    </p>
   </div>
   <div class='ocr_carea' id='block_1_86' title="bbox 2124 3869 3825 3945">
    <p class='ocr_par' dir='ltr' id='par_1_86' title="bbox 2124 3869 3825 3945">
     <span class='ocr_line' id='line_1_86' title="bbox 2124 3869 3825 3945; baseline -0.005 -16"><span class='ocrx_word' id='word_1_553' title='bbox 2124 3874 2242 3945; x_wconf 90' lang='lat' dir='ltr'><strong>pati</strong></span> <span class='ocrx_word' id='word_1_554' title='bbox 2273 3875 2427 3941; x_wconf 89' lang='lat' dir='ltr'><strong>estis,</strong></span> <span class='ocrx_word' id='word_1_555' title='bbox 2456 3873 2721 3926; x_wconf 90' lang='lat' dir='ltr'><strong>omnibus</strong></span> <span class='ocrx_word' id='word_1_556' title='bbox 2766 3871 2978 3925; x_wconf 88' lang='lat' dir='ltr'><strong>viribus</strong></span> <span class='ocrx_word' id='word_1_557' title='bbox 3026 3870 3222 3924; x_wconf 90' lang='lat' dir='ltr'><strong>divina</strong></span> <span class='ocrx_word' id='word_1_558' title='bbox 3257 3869 3633 3939; x_wconf 91' lang='lat' dir='ltr'><strong>dispositione</strong></span> <span class='ocrx_word' id='word_1_559' title='bbox 3678 3883 3825 3935; x_wconf 68' lang='lat' dir='ltr'><strong>prte-</strong></span> 
     </span>
    </p>
   </div>
   <div class='ocr_carea' id='block_1_87' title="bbox 2122 3956 3826 4028">
    <p class='ocr_par' dir='ltr' id='par_1_87' title="bbox 2122 3956 3826 4028">
     <span class='ocr_line' id='line_1_87' title="bbox 2122 3956 3826 4028; baseline -0.004 -12"><span class='ocrx_word' id='word_1_560' title='bbox 2122 3964 2316 4018; x_wconf 87' lang='lat' dir='ltr'><strong>videre</strong></span> <span class='ocrx_word' id='word_1_561' title='bbox 2344 3962 2618 4025; x_wconf 87' lang='lat' dir='ltr'><strong>debeatis,</strong></span> <span class='ocrx_word' id='word_1_562' title='bbox 2646 3978 2718 4014; x_wconf 90' lang='lat' dir='ltr'><strong>ne</strong></span> <span class='ocrx_word' id='word_1_563' title='bbox 2750 3977 2849 4013; x_wconf 88' lang='lat' dir='ltr'><strong>ore</strong></span> <span class='ocrx_word' id='word_1_564' title='bbox 2901 3960 3154 4014; x_wconf 84' lang='lat' dir='ltr'><strong>falsidica</strong></span> <span class='ocrx_word' id='word_1_565' title='bbox 3197 3958 3529 4028; x_wconf 90' lang='lat' dir='ltr'><strong>deceptione</strong></span> <span class='ocrx_word' id='word_1_566' title='bbox 3576 3956 3826 4009; x_wconf 87' lang='lat' dir='ltr'><strong>viventia</strong></span> 
     </span>
    </p>
   </div>
   <div class='ocr_carea' id='block_1_88' title="bbox 2123 4044 3825 4120">
    <p class='ocr_par' dir='ltr' id='par_1_88' title="bbox 2123 4044 3825 4120">
     <span class='ocr_line' id='line_1_88' title="bbox 2123 4044 3825 4120; baseline -0.006 -14"><span class='ocrx_word' id='word_1_567' title='bbox 2123 4053 2185 4106; x_wconf 91' lang='lat' dir='ltr'><strong>in</strong></span> <span class='ocrx_word' id='word_1_568' title='bbox 2207 4051 2415 4107; x_wconf 87' lang='lat' dir='ltr'><strong>Christi</strong></span> <span class='ocrx_word' id='word_1_569' title='bbox 2459 4065 2693 4120; x_wconf 87' lang='lat' dir='ltr'><strong>corpore</strong></span> <span class='ocrx_word' id='word_1_570' title='bbox 2726 4049 2984 4102; x_wconf 87' lang='lat' dir='ltr'><strong>membra</strong></span> <span class='ocrx_word' id='word_1_571' title='bbox 3016 4049 3356 4101; x_wconf 89' lang='lat' dir='ltr'><strong>moriantur.</strong></span> <span class='ocrx_word' id='word_1_572' title='bbox 3394 4046 3571 4116; x_wconf 87' lang='lat' dir='ltr'><strong>Igitur</strong></span> <span class='ocrx_word' id='word_1_573' title='bbox 3600 4044 3646 4096; x_wconf 90' lang='lat' dir='ltr'><strong>si</strong></span> <span class='ocrx_word' id='word_1_574' title='bbox 3678 4044 3825 4097; x_wconf 87' lang='lat' dir='ltr'><strong>meis</strong></span> 
     </span>
    </p>
   </div>
   <div class='ocr_carea' id='block_1_89' title="bbox 2126 4133 3823 4209">
    <p class='ocr_par' dir='ltr' id='par_1_89' title="bbox 2126 4133 3823 4209">
     <span class='ocr_line' id='line_1_89' title="bbox 2126 4133 3823 4209; baseline -0.004 -16"><span class='ocrx_word' id='word_1_575' title='bbox 2126 4139 2455 4209; x_wconf 89' lang='lat' dir='ltr'><strong>lacrymosis</strong></span> <span class='ocrx_word' id='word_1_576' title='bbox 2505 4138 2768 4208; x_wconf 91' lang='lat' dir='ltr'><strong>precibus</strong></span> <span class='ocrx_word' id='word_1_577' title='bbox 2834 4144 3016 4190; x_wconf 88' lang='lat' dir='ltr'><strong>vestra</strong></span> <span class='ocrx_word' id='word_1_578' title='bbox 3070 4136 3459 4189; x_wconf 90' lang='lat' dir='ltr'><strong>misericordia</strong></span> <span class='ocrx_word' id='word_1_579' title='bbox 3512 4135 3569 4186; x_wconf 92' lang='lat' dir='ltr'><strong>in</strong></span> <span class='ocrx_word' id='word_1_580' title='bbox 3625 4133 3823 4202; x_wconf 89' lang='lat' dir='ltr'><strong>aliquo</strong></span> 
     </span>
    </p>
   </div>
   <div class='ocr_carea' id='block_1_90' title="bbox 323 4222 3821 4297">
    <p class='ocr_par' dir='ltr' id='par_1_90' title="bbox 323 4222 3821 4297">
     <span class='ocr_line' id='line_1_90' title="bbox 323 4222 3821 4297; baseline 0.001 -25"><span class='ocrx_word' id='word_1_581' title='bbox 323 4224 631 4288; x_wconf 87' lang='lat' dir='ltr'><strong>apostolica</strong></span> <span class='ocrx_word' id='word_1_582' title='bbox 691 4225 884 4277; x_wconf 89' lang='lat' dir='ltr'><strong>emissi</strong></span> <span class='ocrx_word' id='word_1_583' title='bbox 932 4242 1104 4294; x_wconf 87' lang='lat' dir='ltr'><strong>super</strong></span> <span class='ocrx_word' id='word_1_584' title='bbox 1153 4226 1539 4294; x_wconf 89' lang='lat' dir='ltr'><strong>Ingeltrudem</strong></span> <span class='ocrx_word' id='word_1_585' title='bbox 1589 4226 1821 4279; x_wconf 89' lang='lat' dir='ltr'><strong>Bosonis</strong></span> <span class='ocrx_word' id='word_1_586' title='bbox 1872 4242 2012 4279; x_wconf 86' lang='lat' dir='ltr'><strong>uxo-</strong></span> <span class='ocrx_word' id='word_1_587' title='bbox 2052 4224 2094 4277; x_wconf 92' lang='lat' dir='ltr'><strong>D</strong></span> <span class='ocrx_word' id='word_1_588' title='bbox 2122 4228 2390 4293; x_wconf 84' lang='lat' dir='ltr'><strong>flectitur,</strong></span> <span class='ocrx_word' id='word_1_589' title='bbox 2424 4243 2526 4297; x_wconf 91' lang='lat' dir='ltr'><strong>per</strong></span> <span class='ocrx_word' id='word_1_590' title='bbox 2568 4232 2820 4279; x_wconf 88' lang='lat' dir='ltr'><strong>sanctam</strong></span> <span class='ocrx_word' id='word_1_591' title='bbox 2852 4232 2906 4279; x_wconf 91' lang='lat' dir='ltr'><strong>et</strong></span> <span class='ocrx_word' id='word_1_592' title='bbox 2937 4225 3285 4279; x_wconf 89' lang='lat' dir='ltr'><strong>individuam</strong></span> <span class='ocrx_word' id='word_1_593' title='bbox 3333 4223 3671 4276; x_wconf 87' lang='lat' dir='ltr'><strong>Trinitatem</strong></span> <span class='ocrx_word' id='word_1_594' title='bbox 3704 4222 3821 4275; x_wconf 74' lang='lat' dir='ltr'><strong>hu~</strong></span> 
     </span>
    </p>
   </div>
   <div class='ocr_carea' id='block_1_91' title="bbox 322 4311 2013 4381">
    <p class='ocr_par' dir='ltr' id='par_1_91' title="bbox 322 4311 2013 4381">
     <span class='ocr_line' id='line_1_91' title="bbox 322 4311 2013 4381; baseline 0.004 -22"><span class='ocrx_word' id='word_1_595' title='bbox 322 4323 464 4369; x_wconf 84' lang='lat' dir='ltr'><strong>rem,</strong></span> <span class='ocrx_word' id='word_1_596' title='bbox 527 4311 716 4362; x_wconf 89' lang='lat' dir='ltr'><strong>sciatis</strong></span> <span class='ocrx_word' id='word_1_597' title='bbox 774 4313 1086 4377; x_wconf 82' lang='lat' dir='ltr'><strong>verissime,</strong></span> <span class='ocrx_word' id='word_1_598' title='bbox 1159 4313 1293 4381; x_wconf 89' lang='lat' dir='ltr'><strong>quia</strong></span> <span class='ocrx_word' id='word_1_599' title='bbox 1346 4313 1403 4364; x_wconf 93' lang='lat' dir='ltr'><strong>in</strong></span> <span class='ocrx_word' id='word_1_600' title='bbox 1460 4314 1581 4381; x_wconf 77' lang='lat' dir='ltr'><strong>ejus</strong></span> <span class='ocrx_word' id='word_1_601' title='bbox 1656 4314 2013 4368; x_wconf 88' lang='lat' dir='ltr'><strong>absolutione</strong></span> 
     </span>
    </p>
   </div>
   <div class='ocr_carea' id='block_1_92' title="bbox 320 4400 2015 4472">
    <p class='ocr_par' dir='ltr' id='par_1_92' title="bbox 320 4400 2015 4472">
     <span class='ocr_line' id='line_1_92' title="bbox 320 4400 2015 4472; baseline 0.005 -23"><span class='ocrx_word' id='word_1_602' title='bbox 320 4410 686 4466; x_wconf 88' lang='lat' dir='ltr'><strong>nequaquam</strong></span> <span class='ocrx_word' id='word_1_603' title='bbox 756 4400 1037 4469; x_wconf 86' lang='lat' dir='ltr'><strong>particeps</strong></span> <span class='ocrx_word' id='word_1_604' title='bbox 1090 4400 1313 4453; x_wconf 87' lang='lat' dir='ltr'><strong>exstiti:</strong></span> <span class='ocrx_word' id='word_1_605' title='bbox 1372 4406 1427 4453; x_wconf 91' lang='lat' dir='ltr'><strong>et</strong></span> <span class='ocrx_word' id='word_1_606' title='bbox 1481 4408 1787 4472; x_wconf 90' lang='lat' dir='ltr'><strong>postquam</strong></span> <span class='ocrx_word' id='word_1_607' title='bbox 1858 4402 2015 4458; x_wconf 84' lang='lat' dir='ltr'><strong>illam</strong></span> 
     </span>
    </p>
   </div>
   <div class='ocr_carea' id='block_1_93' title="bbox 322 4484 2015 4559">
    <p class='ocr_par' dir='ltr' id='par_1_93' title="bbox 322 4484 2015 4559">
     <span class='ocr_line' id='line_1_93' title="bbox 322 4484 2015 4559; baseline 0.006 -24"><span class='ocrx_word' id='word_1_608' title='bbox 322 4499 455 4536; x_wconf 87' lang='lat' dir='ltr'><strong>vera</strong></span> <span class='ocrx_word' id='word_1_609' title='bbox 510 4484 783 4540; x_wconf 88' lang='lat' dir='ltr'><strong>relatione</strong></span> <span class='ocrx_word' id='word_1_610' title='bbox 839 4488 1086 4543; x_wconf 88' lang='lat' dir='ltr'><strong>infausto</strong></span> <span class='ocrx_word' id='word_1_611' title='bbox 1117 4489 1384 4543; x_wconf 88' lang='lat' dir='ltr'><strong>adulterii</strong></span> <span class='ocrx_word' id='word_1_612' title='bbox 1440 4506 1647 4559; x_wconf 86' lang='lat' dir='ltr'><strong>genere</strong></span> <span class='ocrx_word' id='word_1_613' title='bbox 1706 4492 2015 4546; x_wconf 88' lang='lat' dir='ltr'><strong>sauciatam</strong></span> 
     </span>
    </p>
   </div>
   <div class='ocr_carea' id='block_1_94' title="bbox 324 4570 2014 4643">
    <p class='ocr_par' dir='ltr' id='par_1_94' title="bbox 324 4570 2014 4643">
     <span class='ocr_line' id='line_1_94' title="bbox 324 4570 2014 4643; baseline 0.007 -19"><span class='ocrx_word' id='word_1_614' title='bbox 324 4570 534 4636; x_wconf 83' lang='lat' dir='ltr'><strong>audivi,</strong></span> <span class='ocrx_word' id='word_1_615' title='bbox 573 4588 802 4641; x_wconf 89' lang='lat' dir='ltr'><strong>semper</strong></span> <span class='ocrx_word' id='word_1_616' title='bbox 840 4578 1001 4643; x_wconf 89' lang='lat' dir='ltr'><strong>quasi</strong></span> <span class='ocrx_word' id='word_1_617' title='bbox 1059 4579 1414 4632; x_wconf 87' lang='lat' dir='ltr'><strong>mortiferum</strong></span> <span class='ocrx_word' id='word_1_618' title='bbox 1468 4596 1749 4633; x_wconf 88' lang='lat' dir='ltr'><strong>venenum</strong></span> <span class='ocrx_word' id='word_1_619' title='bbox 1798 4581 2014 4634; x_wconf 87' lang='lat' dir='ltr'><strong>abomi-</strong></span> 
     </span>
    </p>
   </div>
   <div class='ocr_carea' id='block_1_95' title="bbox 323 4662 2014 4723">
    <p class='ocr_par' dir='ltr' id='par_1_95' title="bbox 323 4662 2014 4723">
     <span class='ocr_line' id='line_1_95' title="bbox 323 4662 2014 4723; baseline 0.005 -10"><span class='ocrx_word' id='word_1_620' title='bbox 323 4664 493 4713; x_wconf 88' lang='lat' dir='ltr'><strong>natus</strong></span> <span class='ocrx_word' id='word_1_621' title='bbox 536 4676 677 4713; x_wconf 90' lang='lat' dir='ltr'><strong>sum.</strong></span> <span class='ocrx_word' id='word_1_622' title='bbox 716 4662 1192 4719; x_wconf 88' lang='lat' dir='ltr'><strong>Communionem</strong></span> <span class='ocrx_word' id='word_1_623' title='bbox 1227 4685 1357 4721; x_wconf 86' lang='lat' dir='ltr'><strong>vero</strong></span> <span class='ocrx_word' id='word_1_624' title='bbox 1391 4684 1520 4721; x_wconf 91' lang='lat' dir='ltr'><strong>cum</strong></span> <span class='ocrx_word' id='word_1_625' title='bbox 1564 4668 2014 4723; x_wconf 86' lang='lat' dir='ltr'><strong>excommunica-</strong></span> 
     </span>
    </p>
   </div>
   <div class='ocr_carea' id='block_1_96' title="bbox 323 4748 2012 4823">
    <p class='ocr_par' dir='ltr' id='par_1_96' title="bbox 323 4748 2012 4823">
     <span class='ocr_line' id='line_1_96' title="bbox 323 4748 2012 4823; baseline 0.005 -22"><span class='ocrx_word' id='word_1_626' title='bbox 323 4748 393 4801; x_wconf 85' lang='lat' dir='ltr'><strong>tis</strong></span> <span class='ocrx_word' id='word_1_627' title='bbox 441 4749 764 4803; x_wconf 83' lang='lat' dir='ltr'><strong>nullatenus</strong></span> <span class='ocrx_word' id='word_1_628' title='bbox 794 4751 1004 4804; x_wconf 87' lang='lat' dir='ltr'><strong>habere</strong></span> <span class='ocrx_word' id='word_1_629' title='bbox 1058 4754 1346 4807; x_wconf 77' lang='lat' dir='ltr'><strong>uniVersos</strong></span> <span class='ocrx_word' id='word_1_630' title='bbox 1379 4772 1605 4823; x_wconf 90' lang='lat' dir='ltr'><strong>moueo,</strong></span> <span class='ocrx_word' id='word_1_631' title='bbox 1643 4757 1687 4808; x_wconf 90' lang='lat' dir='ltr'><strong>si</strong></span> <span class='ocrx_word' id='word_1_632' title='bbox 1719 4757 1893 4808; x_wconf 85' lang='lat' dir='ltr'><strong>sacris</strong></span> <span class='ocrx_word' id='word_1_633' title='bbox 1928 4757 2012 4809; x_wconf 91' lang='lat' dir='ltr'><strong>uti</strong></span> 
     </span>
    </p>
   </div>
   <div class='ocr_carea' id='block_1_97' title="bbox 325 4837 2013 4910">
    <p class='ocr_par' dir='ltr' id='par_1_97' title="bbox 325 4837 2013 4910">
     <span class='ocr_line' id='line_1_97' title="bbox 325 4837 2013 4910; baseline 0.005 -21"><span class='ocrx_word' id='word_1_634' title='bbox 325 4837 448 4890; x_wconf 89' lang='lat' dir='ltr'><strong>ausi</strong></span> <span class='ocrx_word' id='word_1_635' title='bbox 506 4837 741 4904; x_wconf 89' lang='lat' dir='ltr'><strong>fuerint,</strong></span> <span class='ocrx_word' id='word_1_636' title='bbox 810 4840 954 4892; x_wconf 88' lang='lat' dir='ltr'><strong>sicut</strong></span> <span class='ocrx_word' id='word_1_637' title='bbox 1003 4840 1317 4910; x_wconf 90' lang='lat' dir='ltr'><strong>capitulum</strong></span> <span class='ocrx_word' id='word_1_638' title='bbox 1385 4844 1613 4897; x_wconf 89' lang='lat' dir='ltr'><strong>concilii</strong></span> <span class='ocrx_word' id='word_1_639' title='bbox 1677 4845 2013 4899; x_wconf 90' lang='lat' dir='ltr'><strong>Antiocheni</strong></span> 
     </span>
    </p>
   </div>
   <div class='ocr_carea' id='block_1_98' title="bbox 326 4928 2013 4999">
    <p class='ocr_par' dir='ltr' id='par_1_98' title="bbox 326 4928 2013 4999">
     <span class='ocr_line' id='line_1_98' title="bbox 326 4928 2013 4999; baseline 0.006 -22"><span class='ocrx_word' id='word_1_640' title='bbox 326 4929 592 4995; x_wconf 89' lang='lat' dir='ltr'><strong>quartum</strong></span> <span class='ocrx_word' id='word_1_641' title='bbox 627 4928 897 4997; x_wconf 90' lang='lat' dir='ltr'><strong>ostendit,</strong></span> <span class='ocrx_word' id='word_1_642' title='bbox 924 4928 1076 4999; x_wconf 92' lang='lat' dir='ltr'><strong>quod</strong></span> <span class='ocrx_word' id='word_1_643' title='bbox 1100 4931 1585 4986; x_wconf 88' lang='lat' dir='ltr'><strong>communicantes</strong></span> <span class='ocrx_word' id='word_1_644' title='bbox 1616 4933 1697 4988; x_wconf 90' lang='lat' dir='ltr'><strong>eis</strong></span> <span class='ocrx_word' id='word_1_645' title='bbox 1728 4932 1795 4986; x_wconf 91' lang='lat' dir='ltr'><strong>ab</strong></span> <span class='ocrx_word' id='word_1_646' title='bbox 1829 4933 2013 4987; x_wconf 89' lang='lat' dir='ltr'><strong>Eccle-</strong></span> 
     </span>
    </p>
   </div>
   <div class='ocr_carea' id='block_1_99' title="bbox 327 5012 805 5085">
    <p class='ocr_par' dir='ltr' id='par_1_99' title="bbox 327 5012 805 5085">
     <span class='ocr_line' id='line_1_99' title="bbox 327 5012 805 5085; baseline 0.004 -18"><span class='ocrx_word' id='word_1_647' title='bbox 327 5012 411 5067; x_wconf 91' lang='lat' dir='ltr'><strong>sia</strong></span> <span class='ocrx_word' id='word_1_648' title='bbox 437 5014 606 5083; x_wconf 88' lang='lat' dir='ltr'><strong>abjici</strong></span> <span class='ocrx_word' id='word_1_649' title='bbox 622 5016 805 5085; x_wconf 81' lang='lat' dir='ltr'><strong>jubet.</strong></span> 
     </span>
    </p>
   </div>
   <div class='ocr_carea' id='block_1_100' title="bbox 2125 4311 3824 4386">
    <p class='ocr_par' dir='ltr' id='par_1_100' title="bbox 2125 4311 3824 4386">
     <span class='ocr_line' id='line_1_100' title="bbox 2125 4311 3824 4386; baseline -0.005 -16"><span class='ocrx_word' id='word_1_650' title='bbox 2125 4316 2338 4370; x_wconf 87' lang='lat' dir='ltr'><strong>militer</strong></span> <span class='ocrx_word' id='word_1_651' title='bbox 2360 4316 2655 4386; x_wconf 85' lang='lat' dir='ltr'><strong>deprecor,</strong></span> <span class='ocrx_word' id='word_1_652' title='bbox 2684 4322 2743 4368; x_wconf 89' lang='lat' dir='ltr'><strong>ut</strong></span> <span class='ocrx_word' id='word_1_653' title='bbox 2778 4330 2880 4384; x_wconf 90' lang='lat' dir='ltr'><strong>per</strong></span> <span class='ocrx_word' id='word_1_654' title='bbox 2917 4315 3157 4368; x_wconf 87' lang='lat' dir='ltr'><strong>latorem</strong></span> <span class='ocrx_word' id='word_1_655' title='bbox 3195 4313 3567 4382; x_wconf 59' lang='lat' dir='ltr'><strong>praesentium</strong></span> <span class='ocrx_word' id='word_1_656' title='bbox 3596 4311 3824 4364; x_wconf 87' lang='lat' dir='ltr'><strong>littera-</strong></span> 
     </span>
    </p>
   </div>
   <div class='ocr_carea' id='block_1_101' title="bbox 2125 4399 3827 4474">
    <p class='ocr_par' dir='ltr' id='par_1_101' title="bbox 2125 4399 3827 4474">
     <span class='ocr_line' id='line_1_101' title="bbox 2125 4399 3827 4474; baseline -0.005 -15"><span class='ocrx_word' id='word_1_657' title='bbox 2125 4422 2274 4470; x_wconf 89' lang='lat' dir='ltr'><strong>rum,</strong></span> <span class='ocrx_word' id='word_1_658' title='bbox 2328 4405 2374 4457; x_wconf 91' lang='lat' dir='ltr'><strong>si</strong></span> <span class='ocrx_word' id='word_1_659' title='bbox 2427 4404 2673 4474; x_wconf 90' lang='lat' dir='ltr'><strong>amplius</strong></span> <span class='ocrx_word' id='word_1_660' title='bbox 2713 4419 2834 4457; x_wconf 79' lang='lat' dir='ltr'><strong>esse</strong></span> <span class='ocrx_word' id='word_1_661' title='bbox 2886 4419 2999 4454; x_wconf 93' lang='lat' dir='ltr'><strong>non</strong></span> <span class='ocrx_word' id='word_1_662' title='bbox 3042 4408 3250 4471; x_wconf 88' lang='lat' dir='ltr'><strong>potest,</strong></span> <span class='ocrx_word' id='word_1_663' title='bbox 3286 4401 3487 4453; x_wconf 88' lang='lat' dir='ltr'><strong>saltem</strong></span> <span class='ocrx_word' id='word_1_664' title='bbox 3520 4399 3588 4452; x_wconf 90' lang='lat' dir='ltr'><strong>de</strong></span> <span class='ocrx_word' id='word_1_665' title='bbox 3637 4404 3827 4451; x_wconf 88' lang='lat' dir='ltr'><strong>vestra</strong></span> 
     </span>
    </p>
   </div>
   <div class='ocr_carea' id='block_1_102' title="bbox 2125 4488 3822 4560">
    <p class='ocr_par' dir='ltr' id='par_1_102' title="bbox 2125 4488 3822 4560">
     <span class='ocr_line' id='line_1_102' title="bbox 2125 4488 3822 4560; baseline -0.005 -12"><span class='ocrx_word' id='word_1_666' title='bbox 2125 4500 2318 4548; x_wconf 86' lang='lat' dir='ltr'><strong>sancta</strong></span> <span class='ocrx_word' id='word_1_667' title='bbox 2342 4509 2508 4546; x_wconf 87' lang='lat' dir='ltr'><strong>manu</strong></span> <span class='ocrx_word' id='word_1_668' title='bbox 2544 4492 2844 4560; x_wconf 87' lang='lat' dir='ltr'><strong>naufragio</strong></span> <span class='ocrx_word' id='word_1_669' title='bbox 2867 4492 2996 4544; x_wconf 67' lang='lat' dir='ltr'><strong>vitae</strong></span> <span class='ocrx_word' id='word_1_670' title='bbox 3027 4490 3371 4544; x_wconf 83' lang='lat' dir='ltr'><strong>constitutus</strong></span> <span class='ocrx_word' id='word_1_671' title='bbox 3402 4488 3541 4541; x_wconf 91' lang='lat' dir='ltr'><strong>illud</strong></span> <span class='ocrx_word' id='word_1_672' title='bbox 3560 4488 3822 4555; x_wconf 85' lang='lat' dir='ltr'><strong>recipere</strong></span> 
     </span>
    </p>
   </div>
   <div class='ocr_carea' id='block_1_103' title="bbox 2126 4575 3821 4652">
    <p class='ocr_par' dir='ltr' id='par_1_103' title="bbox 2126 4575 3821 4652">
     <span class='ocr_line' id='line_1_103' title="bbox 2126 4575 3821 4652; baseline -0.005 -16"><span class='ocrx_word' id='word_1_673' title='bbox 2126 4599 2366 4649; x_wconf 89' lang='lat' dir='ltr'><strong>merear,</strong></span> <span class='ocrx_word' id='word_1_674' title='bbox 2428 4582 2582 4652; x_wconf 88' lang='lat' dir='ltr'><strong>quod</strong></span> <span class='ocrx_word' id='word_1_675' title='bbox 2617 4580 2771 4634; x_wconf 89' lang='lat' dir='ltr'><strong>mitis</strong></span> <span class='ocrx_word' id='word_1_676' title='bbox 2814 4580 3088 4647; x_wconf 83' lang='lat' dir='ltr'><strong>magister</strong></span> <span class='ocrx_word' id='word_1_677' title='bbox 3139 4586 3322 4632; x_wconf 84' lang='lat' dir='ltr'><strong>vester</strong></span> <span class='ocrx_word' id='word_1_678' title='bbox 3369 4577 3646 4641; x_wconf 88' lang='lat' dir='ltr'><strong>Christus,</strong></span> <span class='ocrx_word' id='word_1_679' title='bbox 3690 4575 3821 4645; x_wconf 88' lang='lat' dir='ltr'><strong>qui-</strong></span> 
     </span>
    </p>
   </div>
   <div class='ocr_carea' id='block_1_104' title="bbox 2126 4665 3825 4740">
    <p class='ocr_par' dir='ltr' id='par_1_104' title="bbox 2126 4665 3825 4740">
     <span class='ocr_line' id='line_1_104' title="bbox 2126 4665 3825 4740; baseline -0.005 -14"><span class='ocrx_word' id='word_1_680' title='bbox 2126 4672 2367 4726; x_wconf 87' lang='lat' dir='ltr'><strong>busdam</strong></span> <span class='ocrx_word' id='word_1_681' title='bbox 2395 4671 2687 4740; x_wconf 90' lang='lat' dir='ltr'><strong>discipulis</strong></span> <span class='ocrx_word' id='word_1_682' title='bbox 2716 4668 3113 4722; x_wconf 64' lang='lat' dir='ltr'><strong>haesitantibus</strong></span> <span class='ocrx_word' id='word_1_683' title='bbox 3143 4665 3338 4737; x_wconf 83' lang='lat' dir='ltr'><strong>januis</strong></span> <span class='ocrx_word' id='word_1_684' title='bbox 3369 4665 3605 4719; x_wconf 88' lang='lat' dir='ltr'><strong>diversis</strong></span> <span class='ocrx_word' id='word_1_685' title='bbox 3645 4680 3825 4734; x_wconf 84' lang='lat' dir='ltr'><strong>appa-</strong></span> 
     </span>
    </p>
   </div>
   <div class='ocr_carea' id='block_1_105' title="bbox 2124 4751 3821 4829">
    <p class='ocr_par' dir='ltr' id='par_1_105' title="bbox 2124 4751 3821 4829">
     <span class='ocr_line' id='line_1_105' title="bbox 2124 4751 3821 4829; baseline -0.004 -19"><span class='ocrx_word' id='word_1_686' title='bbox 2124 4773 2275 4823; x_wconf 85' lang='lat' dir='ltr'><strong>rens,</strong></span> <span class='ocrx_word' id='word_1_687' title='bbox 2342 4759 2687 4829; x_wconf 81' lang='lat' dir='ltr'><strong>imprecatus</strong></span> <span class='ocrx_word' id='word_1_688' title='bbox 2736 4762 2822 4811; x_wconf 88' lang='lat' dir='ltr'><strong>est</strong></span> <span class='ocrx_word' id='word_1_689' title='bbox 2871 4757 3082 4809; x_wconf 89' lang='lat' dir='ltr'><strong>dicens:</strong></span> <span class='ocrx_word' id='word_1_690' title='bbox 3131 4758 3249 4809; x_wconf 80' lang='lat' dir='ltr'><strong>Paa:</strong></span> <span class='ocrx_word' id='word_1_691' title='bbox 3280 4755 3430 4807; x_wconf 84' lang='lat' dir='ltr'><strong>vobis</strong></span> <span class='ocrx_word' id='word_1_692' title='bbox 3477 4753 3664 4823; x_wconf 85' lang='lat' dir='ltr'><strong>(Joan.</strong></span> <span class='ocrx_word' id='word_1_693' title='bbox 3708 4751 3821 4821; x_wconf 83' lang='lat' dir='ltr'><strong>xx).</strong></span> 
     </span>
    </p>
   </div>
   <div class='ocr_carea' id='block_1_106' title="bbox 2124 4841 3829 4901">
    <p class='ocr_par' dir='ltr' id='par_1_106' title="bbox 2124 4841 3829 4901">
     <span class='ocr_line' id='line_1_106' title="bbox 2124 4841 3829 4901; baseline -0.005 0"><span class='ocrx_word' id='word_1_694' title='bbox 2124 4849 2530 4901; x_wconf 85' lang='lat' dir='ltr'><strong>Excellentiam</strong></span> <span class='ocrx_word' id='word_1_695' title='bbox 2602 4846 2915 4900; x_wconf 88' lang='lat' dir='ltr'><strong>sanctitatis</strong></span> <span class='ocrx_word' id='word_1_696' title='bbox 2977 4850 3177 4899; x_wconf 61' lang='lat' dir='ltr'><strong>vestrm</strong></span> <span class='ocrx_word' id='word_1_697' title='bbox 3243 4842 3485 4896; x_wconf 89' lang='lat' dir='ltr'><strong>assiduis</strong></span> <span class='ocrx_word' id='word_1_698' title='bbox 3552 4841 3700 4894; x_wconf 87' lang='lat' dir='ltr'><strong>votis</strong></span> <span class='ocrx_word' id='word_1_699' title='bbox 3771 4846 3829 4894; x_wconf 91' lang='lat' dir='ltr'><strong>et</strong></span> 
     </span>
    </p>
   </div>
   <div class='ocr_carea' id='block_1_107' title="bbox 2124 4931 3821 5005">
    <p class='ocr_par' dir='ltr' id='par_1_107' title="bbox 2124 4931 3821 5005">
     <span class='ocr_line' id='line_1_107' title="bbox 2124 4931 3821 5005; baseline -0.003 -16"><span class='ocrx_word' id='word_1_700' title='bbox 2124 4936 2392 5005; x_wconf 85' lang='lat' dir='ltr'><strong>precibus</strong></span> <span class='ocrx_word' id='word_1_701' title='bbox 2418 4937 2517 4990; x_wconf 89' lang='lat' dir='ltr'><strong>diu</strong></span> <span class='ocrx_word' id='word_1_702' title='bbox 2560 4936 2914 4989; x_wconf 90' lang='lat' dir='ltr'><strong>incolumem</strong></span> <span class='ocrx_word' id='word_1_703' title='bbox 2946 4933 3136 5004; x_wconf 89' lang='lat' dir='ltr'><strong>vigere</strong></span> <span class='ocrx_word' id='word_1_704' title='bbox 3169 4931 3466 4985; x_wconf 85' lang='lat' dir='ltr'><strong>humiliter</strong></span> <span class='ocrx_word' id='word_1_705' title='bbox 3490 4945 3821 4984; x_wconf 83' lang='lat' dir='ltr'><strong>exoramus.</strong></span> 
     </span>
    </p>
   </div>
  </div>
