4096 6186
304 228 445 280 1149

1340 232 1802 289 PBIVILEGIUM
1846 235 1983 291 PRO
2021 235 2321 290 ABBATIA
2360 235 2750 291 GORZIENSI.

3673 240 3810 291 1150

1642 585 2272 693 ORATION
2301 586 2465 692 ES

650 773 727 835 IN
779 772 1088 837 SYNODO
1140 772 1386 837 METIS
1436 772 1919 838 COADUNATA
1972 774 2053 837 IN
2102 773 2487 839 ECCLESIA
2535 775 2600 838 S.
2658 774 3063 840 STEPHANI
3116 777 3464 840 IIABITAE.

880 1041 1107 1092 CAPUT
1144 1040 1432 1093 PRIMUM.

378 1129 489 1179 Vos
521 1128 694 1189 scitis,
729 1132 784 1179 et
816 1128 1010 1180 multis
1056 1128 1113 1180 in
1163 1129 1423 1197 plurimis
1473 1128 1664 1197 regnis
1698 1132 1781 1180 est
1815 1129 2004 1196 cogni-

304 1222 454 1281 tum,
485 1220 730 1286 quantos
761 1222 815 1268 et
845 1218 1040 1286 quales
1072 1223 1309 1269 eventus
1335 1222 1594 1286 tempore
1626 1217 1864 1269 senioris
1898 1234 2000 1269 no-

307 1305 433 1367 stri,
468 1320 639 1374 quem
674 1307 946 1357 hactenus
985 1305 1309 1369 habuimus,
1344 1322 1445 1374 pro
1475 1306 1658 1358 causis
1693 1306 2003 1358 notissimis

306 1394 691 1446 communiter
726 1394 1120 1457 sustinuimus,
1151 1399 1205 1445 et
1249 1400 1464 1463 quanto
1512 1394 1724 1460 dolore,
1759 1401 2001 1463 quanta-

308 1498 423 1551 que
448 1481 715 1550 angustia
742 1482 811 1533 de
846 1481 998 1533 illius
1032 1481 1275 1534 infausta
1309 1486 1489 1533 morte
1522 1498 1706 1551 nuper
1735 1483 2004 1535 cordibus

305 1570 558 1637 perculsi
588 1585 803 1621 sumus.
842 1570 999 1621 Unde
1031 1570 1261 1621 unicum
1314 1570 1619 1639 refugium,
1649 1576 1703 1623 et
1752 1570 2004 1639 singula-

304 1657 448 1710 riter
477 1657 704 1709 salubre
739 1656 1063 1720 consilium,
1107 1672 1239 1724 rege
1270 1662 1325 1710 et
1376 1657 1635 1727 principe
1685 1664 1878 1709 nostro
1916 1660 2007 1711 de-

309 1746 495 1798 stituti
533 1761 593 1797 ac
624 1745 884 1811 desolati,
926 1744 1090 1797 nobis
1138 1745 1405 1798 omnibus
1453 1762 1572 1799 esse
1623 1746 2006 1800 consideravi-

306 1850 457 1900 mus,
498 1840 555 1886 ut
579 1834 818 1903 jejuniis
848 1838 903 1886 et
950 1834 1306 1887 orationibus
1335 1835 1403 1887 ad
1454 1851 1584 1887 eum
1634 1851 1737 1887 nos
1769 1852 2002 1888 conver-

308 1928 584 1983 teremus,
617 1922 716 1991 qui
746 1926 831 1974 est
860 1922 1087 1990 adjutor
1118 1923 1177 1975 in
1228 1923 1762 1991 opportunitatibus
1808 1924 1863 1976 in
1897 1924 2005 1976 tri-

309 2011 625 2076 bulatione,
690 2016 746 2063 et
812 2011 972 2080 cujus
1026 2018 1111 2063 est
1174 2011 1501 2078 consilium,
1577 2028 1638 2065 ac
1703 2012 1864 2082 cujus
1923 2018 2007 2065 est

309 2116 580 2170 regnum,
611 2105 684 2166 et,
742 2106 804 2153 ut
833 2101 1104 2170 scriptum
1138 2105 1240 2165 est,
1274 2101 1366 2152 cui
1397 2100 1643 2155 voluerit
1674 2101 1831 2154 dabit
1865 2102 2004 2155 illud

311 2188 471 2256 (Dan.
510 2190 580 2255 iv)
610 2208 624 2254 ;
655 2194 711 2241 et
759 2188 815 2240 in
863 2188 1024 2257 cujus
1068 2204 1242 2241 manu
1286 2188 1459 2241 corda
1506 2194 1638 2241 sunt
1680 2205 1901 2258 regum,
1954 2193 2009 2241 et

308 2276 768 2330 facituuanimes
820 2277 1076 2330 habitare
1128 2276 1186 2329 in
1230 2277 1424 2339 domo,
1482 2278 1704 2330 solvens
1753 2278 2003 2331 medium

307 2366 609 2435 parietem,
661 2379 717 2418 et
773 2366 983 2418 faciens
1044 2372 1285 2435 utraque
1359 2381 1574 2417 unum:
1637 2366 2002 2435 deprecantes

310 2455 491 2525 ipsius
525 2453 997 2521 misericordiam,
1031 2457 1089 2506 ut
1116 2454 1277 2507 daret
1324 2454 1486 2506 nobis
1529 2469 1723 2523 regem
1753 2470 1816 2506 ac
1846 2454 2001 2522 prin-

311 2544 501 2612 cipem
536 2544 849 2595 secundum
879 2559 977 2595 cor
1010 2558 1199 2607 suum,
1233 2543 1331 2612 qui
1363 2542 1421 2594 in
1455 2542 1675 2611 judicio
1707 2542 2006 2611 etjnstitia

311 2647 416 2684 nos
448 2631 505 2683 in
539 2630 699 2683 omni
730 2631 930 2683 ordine
973 2646 1036 2683 ac
1070 2630 1422 2699 professione
1476 2635 1718 2698 regeret,
1770 2632 2010 2683 salvaret

311 2726 485 2789 atque
533 2719 864 2772 defenderet
912 2719 1075 2788 juxta
1132 2720 1487 2772 voluntatem
1538 2719 1683 2787 ers,
1744 2726 1800 2771 et
1840 2719 2009 2772 corda

312 2810 573 2862 omnium
629 2813 956 2861 nostrorum
1015 2809 1366 2861 unanimiter
1413 2808 1471 2860 in
1528 2824 1659 2860 eum
1708 2808 2009 2860 inclinaret

313 2903 484 2967 atque
512 2898 722 2962 uniret,
754 2912 924 2966 quem
959 2897 1078 2966 ipse
1111 2898 1179 2950 ad
1205 2898 1448 2949 salutem
1479 2902 1535 2949 et
1560 2896 1879 2965 profectum
1911 2912 2008 2948 no-

310 2990 496 3039 strum
553 2986 879 3056 praescitum
926 2992 983 3039 et
1029 2987 1273 3039 electum
1315 2989 1486 3054 atque
1531 2983 2002 3054 praedestinatum

310 3074 521 3129 habeat
548 3076 861 3129 secundum
894 3074 1346 3129 misericordiam
1369 3089 1554 3127 suam.

2804 1042 3026 1097 CAPUT
3067 1044 3132 1097 II.

2185 1130 2329 1194 Quia
2390 1131 2639 1201 denique
2698 1132 3049 1183 voluntatem
3108 1131 3225 1195 Dei,
3296 1132 3395 1200 qui
3450 1132 3807 1184 voluntatem

2112 1218 2440 1272 timentium
2476 1238 2532 1271 se
2564 1220 2719 1283 facit,
2753 1227 2808 1272 et
2841 1220 3274 1288 deprecationes
3323 1236 3519 1272 eorum
3556 1220 3803 1285 exaudit,

2110 1308 2167 1359 in
2201 1308 2470 1359 concordi
2506 1309 2883 1359 unanimitate
2931 1314 3122 1359 nostra
3154 1309 3427 1371 videmus,
3464 1309 3613 1361 hunc
3646 1309 3808 1377 regni

2112 1398 2234 1466 ejus
2268 1396 2556 1448 haeredem
2586 1412 2705 1448 esse
2756 1396 3102 1463 legitimum,
3134 1397 3222 1449 cui
3278 1414 3378 1449 nos
3417 1403 3617 1465 sponte
3650 1413 3802 1450 com-

2115 1485 2412 1549 misimus,
2465 1484 2742 1536 domuum
2798 1484 3061 1536 videlicet
3108 1492 3451 1552 praesentem
3505 1502 3695 1554 regem
3740 1503 3803 1539 ac

2113 1572 2432 1643 principem
2471 1578 2730 1625 nostrum
2760 1572 3042 1627 Carolum.
3082 1579 3144 1624 ut
3179 1574 3341 1625 nobis
3378 1575 3572 1642 praesit
3603 1580 3658 1627 et
3686 1592 3812 1645 pro-

2114 1662 2471 1715 sitzvidctur
2517 1660 2702 1725 nobis,
2737 1660 2783 1711 si
2824 1660 2980 1712 vobis
3029 1660 3230 1729 placet,
3283 1666 3346 1713 ut
3394 1662 3538 1713 sicut
3587 1666 3715 1729 post
3746 1664 3812 1717 il-

2114 1748 2223 1801 lius
2270 1750 2439 1801 verba
2490 1749 2650 1802 vobis
2704 1748 3218 1813 manifestabimus,
3272 1749 3435 1817 signo
3491 1751 3809 1803 certissimo

2115 1836 2597 1899 demonstremus,
2633 1836 2767 1907 quia
2808 1837 2969 1889 illum
3001 1853 3033 1889 a
3084 1838 3195 1889 Deo
3247 1838 3487 1889 electum
3547 1844 3601 1889 et
3646 1837 3812 1890 nobis

2114 1926 2312 1979 datum
2362 1926 2683 1995 principem
2716 1926 3023 1991 credimus,
3060 1930 3112 1975 et
3158 1924 3341 1977 eidem
3390 1924 3645 1992 largitori
3698 1926 3810 1977 Deo

2116 2031 2182 2067 ex
2207 2014 2323 2065 suis
2356 2014 2645 2067 beneﬁciis
2676 2031 2790 2066 non
2830 2014 3009 2066 simus
3041 2012 3285 2081 ingrati;
3318 2013 3435 2077 sed,
3492 2013 3809 2081 gratiarum

2115 2102 2366 2155 actiones
2418 2102 2501 2155 illi
2558 2102 2885 2169 referentes,
2941 2118 3172 2155 oremus
3226 2107 3507 2171 quatenus
3566 2106 3619 2153 et
3676 2117 3808 2154 eum

2115 2191 2281 2244 nobis
2313 2190 2382 2243 ad
2414 2190 2654 2242 salutem
2691 2196 2747 2243 et
2777 2190 3172 2243 defensionem
3204 2194 3409 2241 sanctas
3463 2205 3578 2241 suae
3618 2190 3809 2242 Eccle-

2119 2280 2238 2343 siae,
2271 2284 2326 2332 et
2373 2280 2440 2331 ad
2500 2279 2776 2331 auxilium
2824 2284 2995 2349 atque
3046 2278 3360 2348 profectum
3413 2277 3672 2330 omnium
3709 2293 3810 2330 no-

2119 2374 2299 2420 strum
2346 2383 2474 2419 cum
2526 2367 2707 2419 salute
2764 2382 2827 2419 ac
2878 2383 3037 2436 pace,
3098 2372 3152 2418 et
3181 2366 3599 2435 tranquillitate
3650 2365 3813 2418 nobis

2115 2461 2409 2508 conservet
2441 2455 2673 2515 diutius,
2710 2460 2765 2508 et
2795 2472 2898 2508 nos
2948 2454 3102 2507 fideli
3148 2454 3443 2507 devotione
3494 2454 3575 2506 illi
3651 2453 3812 2506 obse-

2118 2550 2378 2614 quentes,
2427 2549 2596 2614 atque
2644 2550 2837 2613 Optata
2884 2545 3191 2596 salvatione
3227 2543 3499 2609 fruentes,
3534 2542 3638 2596 sub
3666 2541 3814 2595 illius

2117 2632 2613 2686 administratione
2646 2633 2702 2685 in
2733 2649 2834 2685 suo
2864 2634 3145 2699 gubernet
3173 2631 3421 2686 servitio.

2793 2722 3016 2775 CAPUT
3059 2723 3149 2774 Ill.

2191 2810 2253 2861 Et
2283 2808 2329 2860 si
2362 2810 2443 2861 illi
2478 2810 2684 2877 placet,
2715 2810 2956 2877 dignum
3000 2811 3107 2877 ipsi
3142 2814 3199 2862 et
3228 2808 3612 2862 necessarium
3647 2808 3811 2861 nobis

2117 2912 2236 2949 esse
2264 2897 2507 2961 videtur,
2543 2903 2605 2949 ut
2636 2914 2699 2949 ex
2733 2898 2856 2964 ejus
2887 2913 2984 2949 ore
3030 2897 3352 2961 audiamus,
3397 2898 3547 2964 quod
3583 2913 3613 2946 a
3645 2895 3808 2948 Chri-

2117 2984 2463 3036 stianissimo
2496 3000 2648 3052 rege,
2700 2984 2855 3036 ﬁdeli
2888 2990 2944 3036 et
2976 2983 3235 3035 unanimi
3267 2984 3328 3055 in
3376 2983 3605 3035 servitio
3659 2982 3812 3034 illius

2116 3073 2351 3142 populo,
2386 3072 2697 3140 unicuique
2728 3072 2787 3124 in
2818 3088 2920 3125 suo
2951 3071 3153 3124 ordine
3182 3071 3451 3123 convenit
3479 3069 3702 3137 audire,
3742 3086 3805 3121 ac

2114 3162 2321 3216 devota
2350 3165 2542 3214 mente
2575 3160 2883 3230 suscipere.
3720 3158 3731 3163 ”

697 3448 1196 3549 ADVENTII
1263 3447 1957 3550 PRIVILEGIUM
2026 3447 2233 3547 PRO
2305 3447 2765 3547 ABBATIA
2833 3443 3421 3557 GORZIENSI,

1854 3635 2052 3714 [ANNO
2096 3632 2264 3711 863.]

1462 3787 1635 3851 (Apud
1672 3788 1734 3836 D.
1774 3787 2009 3843 Calmet.,
2040 3787 2264 3835 Histoire
2290 3785 2353 3835 de
2381 3786 2665 3848 Lorraz'ne.)

386 4058 692 4112 Pastoralis
722 4057 891 4112 ofﬁcii
924 4057 1151 4111 solertia
1182 4057 1320 4112 dum
1352 4056 1498 4111 circa
1529 4056 1848 4110 custodiam
1882 4073 2000 4110 cre-
2042 4056 2083 4111 C
2113 4056 2269 4125 genti
2314 4054 2521 4108 mentis
2568 4054 2873 4123 sagacitate
2921 4053 3207 4107 desuﬂans
3260 4052 3421 4122 [forte
3474 4050 3806 4123 desudans],

315 4147 418 4200 diti
441 4147 632 4217 gregis
663 4147 942 4217 invigilat,
994 4146 1356 4216 asperitatem
1402 4146 1867 4216 persequentium
1902 4147 2006 4199 sub

313 4236 483 4289 ovina
510 4237 656 4305 pelle
690 4236 987 4288 latentium
1018 4235 1213 4288 sedare
1238 4251 1353 4287 non
1380 4235 1644 4304 trepidat.
1680 4236 1819 4287 Cum
1855 4236 2007 4287 enim

311 4324 463 4377 vices
496 4325 591 4377 Dei
634 4323 785 4393 regis
817 4323 1017 4377 aeterni
1057 4323 1312 4392 suscipit,
1349 4328 1409 4374 ut
1456 4324 1579 4392 ejus
1609 4323 1861 4375 nominis
1893 4324 2007 4375 vir-

311 4418 432 4467 tute
474 4429 851 4482 personarum
885 4412 1138 4481 acceptio
1190 4410 1536 4476 annulletur,
1583 4416 1639 4462 et
1669 4411 2003 4462 inviolatum

313 4501 905 4573 aequitatisjudicium
941 4502 1263 4564 roboretur,
1315 4499 1568 4569 profecto
1616 4515 1731 4552 non
1781 4504 2008 4567 oportet

312 4591 673 4644 dissimulare
718 4590 1043 4642 libertatem
1110 4589 1385 4652 veritatis,
1438 4588 1676 4640 Domino
1742 4587 2002 4640 dicente:

311 4681 375 4732 In
431 4679 632 4732 mundo
691 4693 1003 4746 pressuram
1074 4678 1374 4741 habebitis,
1420 4676 1513 4728 sed
1540 4676 1808 4744 conﬁdite,
1875 4677 2009 4743 quia

312 4781 406 4833 ego
436 4768 546 4818 vici
572 4765 830 4817 mundum
862 4767 1034 4827 (Joan.
1085 4780 1192 4827 xvr,
1227 4764 1355 4833 33);
1398 4779 1514 4816 non
1560 4762 1697 4815 levis
1751 4768 1834 4814 est
1860 4778 2008 4815 noxa

312 4854 558 4924 peccatis
605 4852 1030 4905 communicare
1079 4852 1299 4917 alienis,
1335 4852 1417 4904 eis
1455 4852 1554 4921 qui
1604 4852 1773 4903 sacris
1814 4852 2002 4904 Eccle-

317 4943 530 4995 siarum
565 4942 792 4993 sedibus
838 4940 1167 5009 praesident,
1203 4956 1305 5009 pro
1337 4941 1679 4993 exaltatione
1713 4956 1995 4993 commen-

311 5031 458 5084 data:
485 5030 703 5082 ratione
736 5027 1027 5097 dignitatis
1058 5029 1298 5097 dignum
1331 5036 1418 5082 est
1452 5036 1514 5082 ut
1559 5029 1856 5099 ingeniosa
1888 5044 2005 5081 ma-

314 5135 441 5189 gna:
472 5117 871 5171 sollicitudinis
914 5133 1048 5169 cura
1080 5117 1380 5182 excubent,
1424 5124 1707 5187 quatenus
1737 5118 2006 5187 spiritua-

311 5209 392 5261 les
434 5222 563 5259 oves
613 5205 828 5274 absque
874 5205 1049 5257 ullius
1113 5206 1424 5258 occasionis
1477 5207 1737 5259 molestia
1787 5222 2003 5259 sacram

309 5295 575 5350 exhibere
611 5292 875 5346 militiam
919 5293 1161 5347 valeant.
1212 5293 1391 5363 Igitur
1432 5295 1746 5348 Adventius
1794 5299 2001 5348 sancta:

2120 4143 2469 4196 monasteria
2518 4148 2573 4194 et
2622 4142 2835 4213 praedia
2881 4144 2949 4195 ad
2996 4143 3362 4211 magnificam
3412 4140 3809 4210 pretiosissimi

2119 4232 2324 4286 Christi
2358 4231 2621 4301 martyris
2645 4248 2800 4285 aram
2824 4231 3181 4300 aspicientia,
3213 4246 3341 4301 quae
3369 4230 3506 4283 olim
3541 4230 3812 4282 distracta

2117 4320 2345 4374 fuerant
2375 4325 2501 4390 post
2548 4321 2852 4373 transitum
2906 4320 3340 4388 praedecessoris
3373 4319 3483 4372 mei
3530 4319 3810 4387 Drogonis

2116 4409 2436 4461 recolenda:
2489 4410 2783 4462 memoria:
2833 4408 3268 4477 archiepiscopi,
3326 4425 3437 4460 non
3479 4408 3664 4460 solum
3708 4423 3812 4476 per

2116 4498 2447 4550 firmitatem
2486 4499 2691 4565 regalis
2731 4498 2898 4550 edicti
2932 4516 2962 4549 a
2992 4497 3518 4566 praecellentissimo
3554 4513 3683 4566 rege
3715 4497 3813 4549 Lo-

2114 4585 2305 4637 thario
2338 4585 2625 4652 adeptam,
2660 4601 2882 4649 verum,
2913 4586 3083 4637 etiam
3117 4600 3182 4638 ex
3213 4590 3548 4638 auctoritate
3580 4584 3808 4654 synodi-

2116 4689 2191 4726 cae
2226 4672 2597 4737 deﬁnitionis,
2636 4688 2761 4742 qua
2791 4672 2850 4725 in
2884 4679 3074 4725 nostra
3106 4674 3260 4737 sede,
3308 4675 3623 4742 imperante
3655 4688 3807 4724 sum-

2115 4779 2210 4815 mo
2243 4767 2299 4815 et
2327 4762 2627 4814 universali
2688 4778 2835 4831 papa
2891 4762 3142 4828 Nicolao,
3199 4761 3471 4815 canonice
3521 4761 3805 4813 celebrata

2116 4857 2220 4917 est,
2259 4851 2317 4903 in
2366 4867 2466 4903 suo
2517 4855 2687 4914 statu,
2743 4851 2854 4903 Deo
2903 4850 3238 4915 auxiliante,
3284 4849 3658 4914 restituimus,
3705 4849 3801 4901 ubi

2115 4940 2287 4993 etiam
2320 4941 2426 4992 hoc
2474 4939 2841 5008 privilegium
2889 4955 2993 5008 per
3039 4940 3304 4991 mandata
3354 4938 3625 4991 Romana
3657 4937 3808 4991 sedis

2115 5029 2457 5097 accepimus.
2497 5034 2556 5080 ut
2599 5028 2894 5081 facultates
2943 5043 3131 5080 rerum
3178 5026 3439 5079 Ecclesiae
3476 5033 3683 5080 nostrae
3717 5042 3803 5079 re-

2115 5119 2554 5186 integraremus,
2590 5116 2733 5169 sicut
2762 5117 2823 5169 in
2875 5116 3075 5168 eodem
3123 5115 3425 5185 privilegio
3459 5115 3803 5181 continetur,

2116 5206 2267 5275 quod
2299 5205 2357 5257 in
2391 5204 2590 5258 eadem
2620 5210 2812 5257 sancta
2842 5203 3053 5274 synodo
3076 5203 3292 5273 judicio
3326 5208 3645 5274 legatorum
3681 5203 3809 5256 bea-

2114 5292 2320 5347 tissimi
2354 5310 2515 5362 papae
2550 5293 2782 5357 Nicolai,
2826 5296 2881 5345 et
2909 5308 3187 5345 consensu
3225 5292 3624 5362 episcoporum
3659 5294 3806 5345 mul-

310 5388 366 5435 et
394 5381 734 5434 venerabilis
778 5381 1042 5434 Metensis
1094 5382 1250 5435 urbis
1296 5383 1446 5435 sedis
1496 5384 1672 5437 divini
1710 5389 2000 5451 respectus
2042 5356 2084 5407 D
2117 5380 2399 5451 tiplicium
2460 5381 2754 5449 regionum
2838 5382 3123 5449 patratum
3185 5386 3268 5433 est
3306 5400 3320 5445 ;
3378 5386 3535 5449 patet
3590 5380 3807 5435 cunctis

308 5468 494 5540 gratia
522 5468 801 5539 pontifex.
849 5469 999 5523 circa
1030 5468 1255 5539 vigilias
1289 5470 1472 5539 plebis
1517 5472 1838 5525 commissae
1865 5471 2002 5525 dili-

2114 5473 2356 5540 quantas
2415 5468 2657 5522 Ecclesia
2714 5473 2909 5521 nostra
2982 5468 3253 5521 scissuras
3305 5468 3630 5537 pertulerit,
3677 5484 3809 5523 cum
