4096 6186
288 225 413 275 1151

1238 220 1562 276 ADVENTII
1605 218 1950 274 METENSIS
1988 218 2303 273 EPISCOPI
2346 218 2804 283 EQITAPHIUM.

3658 224 3801 277 1152

284 358 639 413 monasteria
687 357 1050 412 saecularium
1107 356 1323 410 fuerint
1369 355 1659 410 domicilia
1704 355 1979 419 virorum,
2020 354 2066 407 A
2097 354 2298 408 Betoni
2338 354 2529 409 abbati
2553 360 2608 409 et
2638 355 3062 410 successoribus
3108 356 3226 411 suis
3269 358 3551 428 perpetim
3603 360 3805 429 dispo-

283 464 427 518 pene
455 449 579 519 jam
628 447 930 513 hereditas
977 445 1077 498 Dei
1131 445 1247 497 suis
1296 444 1620 498 nudabatur
1669 444 1980 514 obsequiis,

284 537 506 591 nefaria
532 536 935 590 distributione
970 535 1335 604 prmvalente,
1372 534 1522 586 inter
1555 550 1683 604 qua:
1714 534 1983 602 direptio—

288 627 379 680 nis
404 624 703 694 dispendia
736 623 927 677 nobile
957 623 1367 675 monasterium
1398 627 1603 675 nostrae
1651 623 1981 688 diocceseos,

287 715 438 785 quod
473 728 641 781 super
682 711 919 764 ﬂuvium
953 711 1162 765 Gorziaz
1210 710 1513 763 fundatum
1547 716 1631 763 est
1671 710 1729 762 in
1765 711 1983 763 honore

284 803 584 855 beatorum
636 801 1030 868 apostolorum
1082 798 1233 852 Petri
1279 803 1333 851 et
1366 799 1549 864 Pauli,
1584 803 1641 851 et
1682 797 1830 851 beati
1861 798 1984 851 Ste-

287 888 462 957 phani
500 888 954 959 protomartyris,
1008 887 1105 940 ubi
1148 888 1486 957 praeclarum
1536 886 1687 939 beati
1719 887 1983 956 martyris

286 976 562 1046 Gorgonii
594 992 799 1045 corpus
837 977 1136 1028 humatum
1170 980 1418 1041 tenetur,
1452 974 1804 1044 temporibus
1836 990 1980 1041 prae-

288 1066 422 1119 dicti
452 1063 830 1117 antecessoris
864 1063 1041 1116 nostri
1075 1064 1184 1116 huc
1224 1063 1473 1133 illucque
1506 1080 1697 1115 rerum
1747 1080 1979 1116 suarum

287 1152 617 1206 scissionem
651 1152 909 1221 pertulit,
941 1167 1069 1204 cum
1122 1150 1389 1220 proprius
1444 1151 1778 1203 monasterii
1810 1151 1983 1205 abbas

286 1240 518 1293 nomine
556 1240 847 1303 Haldinus,
909 1240 980 1292 ab
1039 1239 1143 1292 hac
1198 1240 1319 1292 luce
1380 1239 1698 1292 subtractus
1756 1245 1877 1305 est;
1922 1240 1981 1292 in

292 1332 537 1390 tantum,
588 1328 740 1397 quod
786 1329 906 1379 sine
952 1327 1148 1380 dolore
1196 1327 1453 1397 proferre
1500 1343 1613 1379 non
1657 1343 1978 1396 possumus,

286 1422 351 1470 ut
381 1416 469 1469 vix
501 1432 725 1469 sacrum
759 1416 1167 1468 monachorum
1202 1431 1410 1483 agmen
1459 1415 1639 1468 victus
1670 1416 1981 1469 necessita-

286 1510 401 1558 tem
435 1505 697 1570 haberet;
734 1504 831 1558 sed
864 1520 990 1556 cum
1033 1503 1155 1572 jam
1206 1503 1500 1556 laicalibus
1550 1503 1832 1556 deservire
1866 1504 1981 1557 im-

290 1592 462 1662 periis
491 1592 827 1661 praedictum
865 1593 1048 1645 locum
1082 1591 1379 1645 Lotharius
1423 1607 1519 1643 rex
1564 1592 1806 1657 censuit,
1842 1592 1980 1646 Bui-

288 1683 382 1735 nio
414 1682 638 1736 cuidam
671 1681 867 1735 comiti
912 1681 1052 1734 illud
1104 1681 1458 1734 committere
1486 1700 1500 1747 ;
1530 1681 1809 1751 paulatim
1840 1683 1981 1736 defi-

290 1770 571 1824 cientibus
623 1770 1029 1824 alimentorum
1072 1776 1129 1823 et
1173 1775 1641 1839 tegumentorum
1686 1772 1982 1825 solamini-

292 1859 417 1924 bus,
452 1859 731 1927 regularis
761 1858 1079 1912 observatio
1110 1859 1504 1923 minuebatur,
1538 1860 1741 1928 religio
1775 1877 1983 1913 mona-

289 1947 426 2019 stica
455 1947 875 2011 inﬁrmabatur,
911 1948 1163 2001 ecclesia:
1196 1948 1355 1999 nulla
1386 1954 1619 2000 ornatus
1666 1949 1851 2017 gratia
1880 1950 1984 2002 de-

288 2035 652 2093 corabantur,
708 2035 945 2104 ipsaque
1016 2034 1214 2087 altaria
1257 2035 1465 2103 pluviis
1524 2042 1579 2088 et
1629 2036 1985 2090 nuditatibus

291 2122 763 2191 aspernabantur.
798 2122 899 2174 llic
932 2121 1405 2174 lamentationum
1436 2121 1779 2191 singultibus
1811 2123 1984 2176 laces-

290 2209 449 2277 situs,
486 2225 616 2262 cum
648 2210 934 2280 Propheta
981 2209 1303 2279 ejulabam:
1342 2211 1495 2272 Quis,
1550 2211 1839 2280 inquiens,
1882 2212 1984 2264 da-

290 2299 367 2352 bit
394 2300 565 2366 capiti
607 2314 719 2351 meo
760 2314 961 2367 aquam
1008 2303 1058 2351 et
1106 2298 1272 2351 oculis
1312 2303 1441 2351 mcis
1477 2301 1682 2364 fontem
1708 2300 1987 2367 lacryma-

289 2402 431 2451 rum,
469 2391 518 2439 et
540 2386 672 2453 ﬂebo
702 2388 964 2455 populum
989 2402 1160 2439 meum
1209 2386 1297 2439 die
1341 2402 1403 2441 ac
1453 2394 1601 2441 nocte
1631 2390 1759 2457 (Jer.
1795 2404 1869 2454 ix,
1908 2390 1982 2455 1,)

290 2475 430 2528 Nam
456 2475 589 2543 quia
623 2474 897 2527 instantia
942 2490 1069 2527 mea
1117 2480 1239 2528 erat
1285 2476 1606 2529 sollicitudo
1656 2476 1986 2530 monasterii

289 2562 574 2631 praedicti,
607 2563 757 2631 quod
791 2563 1235 2631 predecessores
1278 2563 1391 2616 mei
1434 2580 1580 2616 novo
1630 2564 1986 2618 liberalitatis

290 2650 467 2704 fundo
498 2651 845 2716 ditaverunt,
894 2652 1102 2704 accessi
1151 2652 1219 2704 ad
1271 2652 1740 2719 gloriosissimum
1791 2670 1985 2721 regem

294 2738 648 2803 Lotharium,
696 2743 753 2791 et
783 2738 1058 2808 expositis
1104 2739 1417 2809 privilegiis
1450 2746 1507 2793 et
1553 2740 1825 2794 chartulis
1866 2743 1987 2813 qui-

288 2826 397 2879 bus
420 2842 576 2879 sacer
603 2828 757 2879 locus
792 2826 1102 2890 nitebatur,
1136 2844 1166 2879 a
1201 2832 1481 2895 potestate
1528 2828 1744 2882 illicitas
1795 2830 1982 2883 domi-

295 2914 544 2968 nationis
576 2930 775 2968 eruere
806 2914 1091 2982 festinavi,
1125 2914 1323 2985 ibique
1355 2916 1634 2985 regularis
1683 2917 1990 2972 observan-

291 3003 384 3057 tiae
415 3003 700 3070 abbatem,
739 3004 971 3057 nomine
1009 3005 1276 3057 Betonem
1308 3005 1597 3069 constitui,
1632 3012 1693 3059 ut
1724 3008 1990 3061 monachi

291 3108 409 3145 sum
442 3091 812 3163 professionis
843 3108 959 3145 non
1012 3092 1401 3159 immemores,
1447 3094 1588 3162 jugo
1619 3094 1821 3148 Christi
1854 3113 1991 3150 sua—

290 3180 521 3233 vissimo
572 3180 717 3233 colla
777 3179 1005 3233 flectere
1050 3196 1165 3233 non
1217 3180 1525 3249 ignorent:
1576 3198 1784 3253 nempe
1835 3190 1987 3254 post-

292 3282 466 3339 quam
489 3268 636 3323 divai
667 3268 1078 3322 recordationis
1124 3270 1504 3338 praedecessor
1546 3285 1707 3323 meus
1739 3272 1987 3326 Chrode-

291 3374 512 3428 gangus
566 3359 1049 3428 archiepiscopus,
1116 3358 1239 3426 jam
1296 3358 1511 3412 dictum
1572 3360 1989 3415 monasterium

294 3463 443 3501 novo
498 3447 834 3501 fundamine
893 3446 1179 3509 instruxit,
1262 3462 1443 3516 usque
1504 3448 1575 3501 ad
1627 3448 1987 3503 detestandas

292 3536 619 3605 praelocuta:
682 3534 1023 3588 calamitatis
1073 3535 1495 3604 oppressiones,
1550 3551 1583 3589 a
1631 3538 1991 3607 regularibus

294 3623 591 3677 abbatibus
620 3623 1068 3692 gubernabatur,
1107 3623 1532 3692 possidentibus
1581 3630 1637 3678 et
1686 3626 1990 3678 dominan-

294 3710 447 3765 tibus
500 3710 892 3782 integritatem
954 3711 1381 3781 assequentium
1432 3712 1787 3767 facultatum.
1838 3715 1991 3779 Qua-

293 3805 533 3871 propter
561 3800 718 3871 quia,
764 3802 878 3854 Deo
909 3806 1276 3869 cooperante,
1326 3800 1513 3871 ipsum
1548 3818 1674 3855 cum
1722 3803 1991 3856 omnibus

294 3889 364 3943 ad
410 3906 467 3944 se
517 3889 935 3960 pertinentibus
984 3906 1013 3942 a
1075 3889 1289 3943 ditione
1336 3889 1613 3960 improba:
1663 3892 1992 3945 vastationis

297 3977 683 4043 liberavimus,
750 3978 1111 4032 decernimus
1178 3979 1502 4032 ctenobium
1569 3980 1872 4034 Gorziense
1932 3981 1991 4034 in

295 4066 513 4119 honore
551 4065 705 4119 beati
768 4066 919 4120 Petri
977 4066 1218 4136 apostoli
1278 4071 1333 4120 et
1378 4067 1653 4136 Stephani
1699 4069 1986 4138 martyris,

299 4154 393 4207 ubi
426 4154 672 4223 inclytus
714 4161 927 4225 martyr
979 4156 1301 4226 Gorgonius
1347 4156 1666 4209 admirabili
1716 4156 1986 4210 virtutum

2094 444 2286 497 nimus
2312 443 2691 498 obtinendum
2717 461 2730 509 ;
2764 461 2827 498 ea
2850 446 3087 512 ratione,
3122 448 3352 516 quando
3385 448 3535 501 viam
3561 449 3792 501 univer-

2093 532 2274 585 sitatis
2334 532 2543 603 aliquis
2601 533 2824 600 abierit,
2893 540 3085 587 noster
3141 537 3392 589 vassalus
3448 542 3549 589 aut
3595 537 3803 606 aliqua.

2093 636 2358 689 persona,
2394 621 2492 691 qui
2536 622 2813 675 beneficia
2853 622 2921 675 de
2972 622 3141 676 rebus
3190 624 3532 692 supradictis
3576 624 3800 677 habent

2092 708 2194 763 ﬁlii
2217 725 2414 762 eorum
2459 714 2513 763 et
2544 710 2851 779 propinqui
2902 727 3017 763 non
3054 710 3353 765 obtineant
3382 728 3467 778 ea,
3513 713 3801 766 omnimo-

2092 798 2180 851 dis
2231 797 2648 864 interdicimus,
2683 799 2782 852 sed
2840 799 3054 868 absque
3114 815 3294 863 mora,
3349 800 3565 870 absque
3614 802 3797 854 ullius

2091 886 2556 951 contradictione,
2595 887 2665 940 ad
2720 888 2988 941 Betonem
3041 887 3327 954 abbatem,
3379 895 3437 941 et
3476 889 3543 943 ad
3579 905 3801 943 succes-

2091 976 2398 1044 soresejus;
2434 991 2496 1028 ac
2526 975 2595 1028 ad
2630 976 2940 1028 monachos
2980 976 3081 1046 qui
3113 976 3327 1029 ibidem
3364 977 3475 1030 Deo
3518 978 3792 1044 militant,

2090 1062 2348 1116 redeant.
2379 1062 2436 1117 Si
2469 1079 2601 1115 vero
2635 1064 2864 1116 interim
2901 1064 3056 1117 locus
3084 1065 3359 1130 evenerit,
3399 1072 3460 1119 ut
3491 1066 3560 1119 de
3593 1072 3795 1121 nostro

2090 1149 2521 1214 indominicato,
2576 1157 2674 1203 aut
2724 1151 2793 1204 de
2838 1152 3006 1204 rebus
3046 1169 3188 1221 quas
3237 1154 3423 1206 adhuc
3471 1155 3637 1207 multi
3687 1171 3800 1223 per

2090 1244 2353 1291 nostrum
2387 1239 2731 1291 beneficium
2777 1239 3047 1304 retinent,
3079 1244 3458 1309 commutare,
3504 1248 3797 1311 oportune

2088 1325 2396 1393 possimus,
2443 1325 2707 1379 dabimus
2755 1325 2825 1379 de
2882 1332 3102 1391 nostro,
3156 1332 3217 1380 ut
3264 1328 3551 1381 restitutio
3606 1329 3797 1383 sancti

2092 1413 2242 1466 Petri
2300 1429 2494 1466 rerum
2555 1412 2776 1483 integra
2836 1420 3197 1483 perseveret:
3255 1417 3543 1483 precarias
3594 1424 3792 1471 autem

2089 1507 2145 1554 et
2195 1501 2678 1555 commutationes
2746 1504 3043 1573 provideat
3080 1504 3388 1573 praedictus
3437 1505 3610 1559 abbas
3656 1523 3792 1560 cum

2093 1591 2389 1643 monachis
2420 1590 2542 1658 ,sibi
2591 1591 2929 1657 commissis,
2976 1597 3039 1645 ut
3082 1593 3233 1663 quod
3270 1594 3410 1647 utile
3448 1594 3794 1663 judicaverit

2094 1679 2281 1733 faciat.
2333 1680 2589 1748 Capellas
2644 1679 2907 1732 villarum
2956 1686 3012 1733 et
3059 1680 3320 1733 dotalitia
3370 1682 3428 1734 in
3485 1682 3791 1751 antiquum

2092 1773 2301 1821 statum
2334 1768 2735 1827 reformamus.
2775 1773 2835 1821 ut
2879 1768 3023 1821 sicut
3068 1768 3176 1821 fuit
3222 1770 3580 1838 temporibus
3610 1770 3794 1823 Theo-

2092 1856 2235 1909 mari
2265 1856 2517 1926 ejusdem
2554 1856 2663 1909 loci
2698 1856 2933 1920 abbatis,
2969 1857 3046 1909 ita
3074 1857 3503 1910 necessitatibus
3544 1858 3791 1911 fratrum

2095 1945 2377 1998 deservire
2433 1944 2617 1997 faciat.
2684 1945 2922 1998 Familia
2979 1961 3112 1997 vero
3159 1946 3417 2014 ejusdem
3476 1946 3722 1999 coanobii
3757 1962 3792 1999 a

2093 2032 2379 2085 servitutis
2430 2032 2616 2085 ofticio
2656 2049 2769 2103 quo
2820 2034 2927 2087 fuit
2972 2033 3171 2104 priscis
3211 2033 3588 2104 temporibus,
3628 2035 3685 2087 in
3720 2051 3791 2088 eo

2094 2126 2444 2192 permaneat.
2478 2121 2560 2175 Ad
2598 2122 2862 2174 ultimum
2894 2138 3027 2175 vero
3065 2123 3365 2175 humiliter
3397 2128 3786 2193 peroptamus,

2093 2216 2158 2264 ut
2190 2212 2389 2264 eodem
2414 2211 2649 2264 honoris
2676 2211 2974 2281 privilegio
3000 2210 3154 2264 locus
3177 2211 3628 2281 praenominatus
3657 2227 3788 2279 per-

2095 2306 2333 2367 severet,
2367 2316 2494 2353 cum
2528 2300 2797 2353 omnibus
2843 2299 3193 2369 appenditiis
3220 2300 3357 2363 suis,
3387 2316 3499 2369 quo
3530 2301 3791 2352 contine-

2094 2393 2188 2442 tur
2219 2389 2277 2441 in
2310 2387 2546 2442 decretis
2572 2388 3052 2456 praedecessorum
3086 2402 3348 2440 meorum
3374 2403 3387 2452 ;
3429 2388 3648 2456 praedia
3678 2388 3793 2440 vil-

2097 2478 2278 2531 larum
2310 2493 2439 2547 quae
2485 2482 2815 2545 comparata
2871 2480 3020 2541 sunt,
3083 2476 3168 2529 vel
3218 2492 3250 2528 a
3308 2476 3597 2529 nobilibus
3650 2476 3788 2529 viris

2094 2565 2305 2619 donata
2360 2571 2495 2617 sunt
2545 2566 2629 2617 vel
2692 2570 2883 2633 erunt,
2956 2564 3153 2617 usibus
3210 2569 3266 2617 et
3322 2564 3793 2634 dispositionibus

2094 2654 2317 2707 abbatis
2350 2659 2406 2705 et
2438 2653 2849 2705 monachorum
2897 2652 3309 2721 perpetualiter
3356 2652 3695 2717 subdantur,
3730 2656 3795 2705 ut

2096 2741 2415 2811 spiritualia
2468 2746 2523 2793 et
2575 2740 2912 2810 temporalia
2992 2739 3242 2793 habeant
3297 2738 3667 2805 sufﬁcienter,
3726 2744 3793 2792 ut

2096 2832 2208 2885 Deo
2239 2830 2296 2882 in
2326 2836 2667 2898 perpetuum
2700 2830 2976 2898 placeant.
3014 2828 3067 2882 Si
3101 2844 3234 2881 vero
3266 2827 3410 2897 ipse,
3454 2832 3552 2881 aut
3582 2827 3793 2896 aliquis

2029 2921 2481 2975 Csuccessorum
2517 2933 2796 2983 meorum,
2848 2932 2977 2970 cum
3025 2916 3217 2969 divino
3269 2916 3501 2978 intuitu,
3556 2933 3661 2985 pro
3693 2931 3791 2968 re-

2102 3008 2350 3060 verentia
2398 3007 2509 3066 Dei,
2556 3011 2611 3058 et
2660 3011 2982 3058 sanctorum
3035 3004 3363 3075 patrociniis
3410 3004 3470 3058 in
3515 3004 3793 3075 praedicto

2098 3096 2222 3150 loco
2256 3094 2474 3160 locatis,
2509 3099 2563 3147 et
2594 3093 2801 3146 animae
2834 3099 3039 3146 nostra!
3071 3093 3324 3146 remedio
3353 3092 3409 3145 in
3444 3098 3792 3162 perpetuum

2101 3184 2449 3237 manendum
2485 3198 2801 3248 censemus,
2837 3182 3064 3235 irritum
3097 3181 3344 3248 duxerit,
3379 3187 3476 3234 aut
3506 3181 3565 3235 in
3598 3181 3797 3251 aliqua

2097 3278 2254 3343 parte
2290 3272 2683 3335 infirmaverit,
2737 3270 2876 3323 sciat
2907 3287 2965 3323 se
2996 3270 3312 3324 terribilem
3346 3270 3625 3323 rationem
3661 3270 3794 3323 red-

2096 3360 2353 3415 diturum
2412 3360 2471 3413 in
2529 3359 2619 3413 die
2687 3358 2970 3412 tremendi
3029 3358 3311 3411 examinis
3357 3374 3462 3426 pro
3513 3358 3796 3426 sacrilego

2098 3465 2261 3515 ausu,
2294 3464 2423 3503 cum
2464 3448 2744 3501 Dominus
2783 3446 3140 3517 justissimus
3175 3446 3350 3516 judex
3405 3446 3477 3500 ad
3518 3447 3797 3515 judican-

2099 3539 2237 3591 dum
2275 3536 2514 3602 venerit,
2549 3542 2606 3589 et
2650 3536 2883 3605 dignam
2930 3535 3242 3605 unicuique
3275 3534 3420 3588 facto
3449 3551 3798 3588 remunera-

2098 3626 2316 3679 tionem
2347 3624 2616 3677 attulerit.
2654 3625 2721 3678 Ut
2752 3629 2943 3677 autem
2993 3623 3099 3676 hoc
3142 3622 3429 3676 ﬁrmitatis
3464 3627 3671 3675 nostrae
3702 3624 3801 3676 de-

2098 3720 2317 3768 cretum
2347 3719 2622 3784 perpetuo
2655 3717 2914 3782 tempore
2947 3716 3221 3775 servetur,
3241 3717 3299 3764 et
3325 3727 3356 3764 a
3387 3712 3543 3764 nullo
3573 3710 3799 3764 immu—

2099 3807 2271 3869 tetur,
2302 3817 2503 3855 manus
2535 3800 2780 3870 propriae
2820 3799 3303 3869 conscriptionem
3353 3798 3800 3852 immutabiliter

2098 3891 2442 3946 censuimus.
2485 3889 2798 3942 Adventius
2844 3892 3051 3941 sancta:
3105 3886 3638 3940 Mediomatricensis
3694 3888 3797 3940 Ec-

2098 3979 2282 4035 clesiae.
2313 3978 2635 4049 episcopus,
2667 3977 2833 4046 hujus
2882 3974 3395 4029 ecclesiasticarum
3441 3990 3631 4027 rerum
3666 3975 3798 4044 pri-

2098 4067 2291 4137 vilegii
2327 4065 2745 4120 restitutionem
2784 4080 2957 4118 manu
2988 4063 3223 4134 propria
3256 4062 3503 4128 firmavi,
3535 4079 3600 4116 ac
3630 4064 3801 4117 robo-

2099 4156 2341 4209 randum
2374 4154 2632 4207 omnium
2662 4169 3051 4207 successorum
3082 4168 3340 4205 meorum
3373 4167 3471 4221 per
3498 4152 3795 4207 Christum

299 4242 462 4295 laude
492 4247 766 4304 coruscat,
802 4244 1146 4313 regulariter
1194 4244 1524 4313 gubernari,
1580 4244 1886 4313 ipsumque
1926 4260 1989 4297 ac
2032 4220 2072 4272 ί)
2100 4242 2364 4297 manibus
2412 4257 2582 4295 exoro
2634 4248 2690 4294 et
2739 4241 3036 4295 humiliter
3074 4256 3334 4308 exposco.
3379 4242 3494 4295 Hoc
3540 4256 3691 4293 anno
3723 4241 3796 4295 ab

298 4329 601 4398 pristinam
639 4330 900 4383 omnium
950 4346 1142 4384 rerum
1190 4346 1423 4384 suarum
1478 4331 1987 4401 reintegrationem

2098 4331 2497 4387 Incarnatione
2531 4331 2761 4385 Domini
2791 4333 2893 4384 873
2922 4329 3234 4384 indictione
3268 4332 3323 4383 11
3363 4333 3559 4398 epacta
3590 4331 3679 4383 28.

1502 4630 2103 4704 EPITAPHIUM
2160 4629 2619 4703 ADVENTII

1629 4808 1668 4850 Α
1719 4804 2063 4850 SEMETIPSO
2113 4804 2449 4849 EXARATUM
2459 4833 2472 4848 .

1291 4948 1532 5007 (Histoire
1558 4949 1817 4999 littéraire
1841 4948 1904 4997 de
1932 4948 1985 4997 ια
2011 4948 2226 5005 France,
2260 4952 2385 4996 tom.
2420 4947 2482 5007 V,
2512 4960 2629 5009 pag.
2662 4946 2792 5008 451.)

298 5200 494 5255 Tristis
539 5199 700 5271 origo
748 5199 1018 5267 hominis,
1059 5201 1154 5256 sed
1199 5200 1416 5254 tristior
1473 5202 1675 5256 ultima
1719 5221 1839 5258 sors
1884 5210 1986 5258 est.

373 5290 566 5344 Invida
596 5306 750 5344 mors
780 5291 987 5360 repetit
1017 5291 1169 5361 quod
1201 5306 1302 5344 sua
1330 5291 1462 5361 jura
1496 5291 1722 5344 debent.
1936 5284 1941 5285 γ

302 5378 523 5431 Divitiis
553 5379 772 5449 pollens
803 5380 1070 5446 nimium,
1103 5380 1249 5433 hanc
1277 5379 1552 5434 formidet
1581 5395 1817 5449 egenus.

370 5466 414 5520 Ο
442 5483 588 5539 puer
617 5474 788 5539 atque
822 5484 1011 5533 senex,
1046 5468 1245 5522 mortis
1278 5484 1473 5524 amara
1501 5483 1669 5522 cave:

2102 5202 2445 5274 lmpavidus,
2484 5201 2747 5270 pavidus,
2779 5200 2957 5265 fortis,
2990 5200 3332 5270 perterritus
3364 5200 3505 5270 ipse.

2172 5295 2333 5347 Hunc
2361 5294 2608 5359 pereunt
2637 5290 2828 5343 cuncti
2856 5294 3005 5343 sorte
3037 5290 3142 5343 sub
3171 5288 3408 5343 occidua
3433 5290 3445 5343 l

2102 5382 2199 5436 Hic
2230 5396 2335 5450 ego
2365 5381 2523 5433 vanis
2553 5380 2842 5451 quondam
2876 5385 3028 5433 ostro
3061 5384 3320 5450 comptus
3353 5385 3411 5433 et
3437 5395 3601 5444 auro,

2174 5470 2598 5538 Fortunamque
2628 5466 2851 5522 avidam
2880 5466 3146 5537 experior
3174 5467 3415 5521 tumulo.
