4108 6190
321 270 457 321 1153

318 399 657 453 Innumeras
688 397 968 453 concessit
994 415 1131 469 opes
1162 399 1304 453 mihi
1335 400 1596 454 conditor
1625 402 1807 469 orbis;

389 486 645 555 Sumpsit
676 488 840 556 inops
873 488 1145 551 modicas,
1180 505 1399 559 pauper
1433 496 1487 543 et
1527 490 1780 560 exiguas.

317 576 587 628 Prsesulis
618 575 894 639 ofﬁcium,
928 577 1142 647 populo
1173 577 1540 645 acclamante,
1578 579 1787 649 recepi.

389 663 619 718 Semina
645 664 909 718 distribui
940 665 1167 735 parcius
1205 668 1355 720 alma
1399 668 1578 738 gregi.

318 753 595 806 Ecclesias
627 753 832 807 Christi
862 753 1019 807 cultu
1049 754 1360 808 venerabar
1389 755 1627 810 honesto
1665 773 1677 810 :

385 841 606 895 Peccati
638 841 773 895 hinc
803 842 1027 895 veniam
1052 843 1321 897 caelicolas
1353 843 1671 897 obtineant.

317 928 586 983 Carmina
606 929 737 983 laeta
768 930 906 984 olim
934 931 1134 998 cecini,
1170 948 1324 985 nunc
1355 932 1537 986 tristia
1566 932 1745 1001 ﬁngo,

390 1018 630 1072 Funeris
658 1019 957 1089 exsequias
989 1036 1152 1073 musa
1182 1025 1423 1074 venusta
1446 1026 1627 1091 parat.

1331 271 1695 325 RATBAMNI
1738 272 2079 328 EPISTOLA
2125 272 2213 326 DE
2254 270 2803 326 CYNOCEPHALIS.

3686 274 3821 327 1154

2050 408 2094 458 Α
2129 403 2358 456 Francia
2392 418 2482 455 me
2512 402 2729 471 genuit,
2771 402 2994 470 genitor
3022 401 3256 459 nomine
3290 402 3456 457 Saxo.

2198 491 2482 545 Oromatis
2504 492 2687 544 merui
2719 507 2930 544 nomen
2961 491 3173 545 habere
3208 508 3439 545 novum.

2127 579 2225 631 Dic
2256 579 2554 649 relegens:
2591 579 2864 649 Requiem
2898 584 3088 633 teneat
3113 580 3425 635 Adventius
3456 583 3688 652 almam,

2195 668 2335 722 Cum
2360 683 2531 737 grege
2554 668 2859 722 candidulo
2890 685 3063 739 regna
3096 669 3261 723 beata
3290 676 3511 739 petens.

2123 758 2238 811 Rex
2262 757 2386 810 coeli
2420 757 2729 810 adveniens
2758 758 3054 827 plasmatis
3085 759 3326 812 reddere
3356 759 3553 830 digna,

2193 846 2255 898 In
2276 844 2629 914 paradisiaco
2650 845 2909 915 gramine
2940 847 3126 916 pande
3149 847 3317 901 viam.

2118 932 2361 987 Obsecro
2406 949 2510 1003 per
2547 934 2763 987 trinum
2813 934 3138 996 Dominum,
3181 940 3473 990 contestor
3514 940 3571 991 et
3612 953 3816 1005 unum,

2192 1022 2462 1076 Mauseoli
2491 1026 2716 1093 septum
2742 1022 2902 1077 nulla
2928 1039 3131 1077 manus
3166 1025 3355 1079 violet.

315 1301 709 1383 (Opusculum
740 1304 1118 1384 subsequens,
1152 1324 1257 1364 suo
1289 1303 1412 1365 loco
1442 1305 1744 1390 omissam,
1778 1304 1987 1364 seriem
2010 1302 2245 1390 claudit
2282 1304 2895 1390 Qperam-Ratramnz'
2933 1308 3303 1369 Corbeiensis
3342 1309 3645 1382 monachi,
3689 1330 3819 1390 qua?

1568 1384 1747 1444 habes
1774 1403 1962 1464 supra
1993 1386 2055 1444 in
2083 1383 2194 1444 hoc
2222 1383 2569 1465 volumine.)

1485 1680 2612 1805 -ΒΑΤΗΑΜΝΙ

1697 1886 2100 1931 CORBEIENSIS
2147 1888 2433 1932 MONACHI

988 2036 1487 2143 EPI‘nTO
1511 2036 1688 2143 LA
1776 2036 1961 2143 DE
2054 2035 2524 2146 CYNOC
2552 2038 3057 2144 liPHALl
3083 2040 3151 2144 S

1227 2228 1333 2292 AD
1383 2228 1863 2293 RIMBERTUM
1911 2229 2501 2295 PRESBYTERUM
2551 2228 2918 2294 SCRIPTA.

1431 2367 1599 2429 (Apud
1627 2367 1915 2427 Oudinum,
1946 2367 2010 2416 de
2040 2366 2227 2431 Script.
2255 2366 2441 2417 eccles.
2466 2371 2593 2416 tom.
2624 2367 2714 2429 Il.)

393 2626 606 2679 Divinas
664 2623 862 2693 gratias
921 2619 1253 2675 muneribus
1309 2620 1607 2686 honorato,
1676 2619 2017 2688 plurimum-
2056 2620 2097 2673 Β
2128 2620 2295 2674 ritate
2336 2620 2501 2675 nobis
2531 2621 2782 2685 directa,
2831 2621 2969 2675 dum
3000 2624 3265 2675 naturam
3320 2620 3551 2674 illorum
3580 2621 3823 2692 diligen-

322 2730 434 2785 que
455 2714 513 2766 in
548 2713 769 2766 Christo
797 2709 1088 2781 diligendo
1120 2709 1398 2762 RIMBERTO
1434 2708 1748 2761 venerabili
1781 2708 2016 2778 presby-

318 2808 465 2867 tero,
501 2802 833 2854 Raraaunus
866 2799 1270 2869 sempiternam
1301 2798 1359 2850 in
1414 2798 1654 2850 Domino
1682 2797 1811 2850 Jesu
1854 2796 2015 2850 Chri-

321 2898 409 2945 sto
442 2891 702 2943 salutem.

392 2980 552 3044 Quod
605 2983 815 3031 nostrae
858 2975 1155 3046 petitionis
1209 2990 1490 3027 memores
1530 2972 1736 3037 effecti,
1787 2972 2014 3041 scripsi-

322 3069 422 3123 stis
448 3068 612 3122 nobis
650 3068 747 3120 illa
785 3082 913 3136 quae
944 3069 1011 3118 de
1062 3062 1587 3132 Cenocepbalorum
1612 3069 1636 3094 ⁸
1674 3066 1877 3113 natura
1909 3075 2019 3129 po-

320 3159 508 3212 tuistis
536 3171 898 3227 cognoscere,
934 3170 1046 3207 non
1081 3153 1300 3205 modice
1337 3167 1427 3204 me
1461 3150 1807 3204 laetiﬁcastis.
1857 3148 2018 3212 Quod

319 3264 453 3301 vero
514 3247 585 3300 ad
640 3261 706 3298 ea
750 3260 879 3314 qua:
940 3241 1260 3313 postulastis
1311 3239 1545 3292 minime
1604 3237 2018 3307 rescripserim,

325 3336 597 3390 noveritis
645 3333 1007 3403 negligentize
1043 3336 1271 3400 torpore
1322 3342 1685 3397 nequaquam
1737 3326 1845 3379 hoc
1884 3342 2017 3378 con-

324 3425 556 3495 tigisse,
598 3438 793 3475 verum
836 3421 970 3491 quia
1019 3419 1288 3472 delatoris
1339 3416 1642 3487 praesentia
1672 3431 1786 3468 non
1817 3414 2019 3467 aﬂ'ece-

319 3519 432 3578 rat,
467 3526 807 3580 suspensum
848 3506 1037 3561 fuisse.
1091 3507 1247 3559 Nunc
1295 3511 1487 3557 autem
1540 3503 1805 3557 veniente
1847 3502 2021 3556 fratre

321 3600 612 3656 Sarwardo
664 3599 735 3651 ad
790 3613 892 3650 nos
941 3601 997 3649 et
1054 3595 1124 3648 ad
1165 3610 1263 3646 vos
1315 3596 1624 3662 remeante,
1683 3592 1816 3645 data
1866 3608 2021 3644 occa-

321 3685 762 3753 sione,.solliciti
808 3685 1042 3749 fuimus,
1095 3683 1342 3735 breviter
1383 3681 1651 3734 intimare
1679 3695 1807 3750 quas
1856 3679 2022 3733 nobis

319 3778 658 3831 videbantur
689 3789 860 3843 super
890 3771 1264 3841 inquisitione
1297 3774 1499 3822 vestra.
1543 3756 1809 3832 Quaeritis
1863 3767 2019 3820 enim

323 3867 459 3937 quid
532 3864 602 3918 de
659 3860 1071 3929 Cenocephalis
1125 3858 1355 3911 credere
1415 3857 1689 3922 debeatis,
1766 3855 2024 3909 videlicet

323 3960 519 4009 utrum
550 3953 618 4006 de
645 3951 782 4005 Adae
832 3950 947 4001 sint
1004 3947 1180 4015 stirpe
1230 3944 1538 4015 progeniti,
1588 3960 1661 3997 an
1709 3944 2022 3997 bestiarum

325 4044 540 4097 habent
563 4040 784 4094 animas
817 4053 830 4091 :
865 4052 991 4108 qua:
1025 4034 1264 4105 quaestio
1286 4033 1692 4102 compendiose
1724 4033 1802 4085 ita
1834 4036 2024 4102 potest

328 4117 717 4184 determinari.
780 4125 837 4179 Si
890 4123 1192 4177 hominum
1254 4121 1449 4192 generi
1479 4120 1792 4191 deputandi
1868 4125 2019 4187 sunt,

327 4220 469 4272 nulli
511 4216 749 4271 dubium
806 4213 975 4267 debet
1034 4210 1215 4265 videri
1261 4210 1415 4279 quod
1447 4209 1619 4279 primi
1671 4209 1922 4262 hominis
1953 4210 2021 4263 de

329 4305 643 4378 propagine
677 4301 1093 4359 descenderint.
1136 4301 1330 4369 Neque
1379 4298 1534 4352 enim
1564 4299 1648 4351 fas
1683 4304 1767 4352 est
1813 4298 2022 4351 huma-

326 4411 462 4449 nam
495 4394 645 4447 credi
696 4392 926 4447 aliunde
976 4387 1181 4443 deduci
1222 4386 1506 4455 originem
1542 4401 1715 4456 quam
1750 4386 1923 4455 primi
1952 4386 2021 4439 de

325 4481 579 4553 parentis
628 4478 966 4534 substantia.
998 4474 1160 4539 Quod
1206 4473 1251 4527 si
1299 4472 1522 4527 bestiali
1566 4473 1763 4542 generi
1812 4488 2023 4526 connu-

327 4572 642 4633 merantur,
694 4566 924 4620 nomine
981 4569 1208 4618 tantum
1264 4560 1615 4624 hominibus,
1670 4577 1784 4614 non
1815 4566 2021 4614 natura

325 4655 774 4711 communicant.
809 4655 965 4707 Inter
995 4653 1117 4705 haec
1160 4650 1457 4704 sciendum
1512 4665 1643 4701 vero
1676 4649 1721 4701 si
1768 4648 2020 4702 contenti

327 4746 604 4799 fuerimus
660 4743 930 4812 opinione
981 4746 1325 4801 nostrorum,
1369 4738 1631 4791 videlicet
1682 4737 2020 4792 ecclesiasti-

326 4849 525 4889 corum
575 4833 896 4897 doctorum,
929 4830 1079 4883 inter
1137 4828 1344 4882 bestias
1401 4826 1593 4896 potius
1646 4842 1817 4895 quam
1871 4826 2022 4880 inter

324 4923 586 4977 homines
619 4918 932 4991 deputandi
981 4922 1133 4981 sunt,
1185 4915 1467 4986 siquidem
1498 4920 1554 4968 et
1604 4915 1787 4967 forma
1819 4914 2019 4982 capitis

326 5016 384 5065 et
412 5012 651 5064 latratus
677 5023 905 5072 canum,
939 5022 1054 5059 non
1085 5004 1414 5059 hominibus
1446 5003 1541 5057 sed
1573 5002 1768 5056 bestiis
1805 5002 2019 5055 similes

325 5098 588 5153 ostendit.
646 5095 955 5151 Hominum
1006 5093 1255 5162 denique
1312 5097 1397 5145 est
1445 5089 1760 5143 rotundum
1808 5089 2017 5143 vertice

2125 2709 2241 2761 tius
2279 2708 2700 2779 signiﬁcarunt,
2734 2710 3012 2763 nonnulla
3045 2710 3344 2763 docuerint
3375 2726 3503 2780 qua:
3552 2711 3820 2765 humanae

2126 2798 2340 2850 rationi
2380 2798 2575 2867 potius
2618 2814 2791 2868 quam
2838 2798 3061 2851 bestiali
3102 2798 3463 2851 sensibilitati
3519 2800 3821 2853 convenire

2128 2885 2395 2938 videntur
2427 2902 2439 2939 :
2489 2886 2701 2939 scilicet
2740 2886 2893 2955 quod
2937 2886 3223 2939 societatis
3264 2887 3525 2955 quaedam
3552 2888 3686 2956 jura
3713 2904 3818 2941 cu-

2128 2972 2398 3037 stodiant,
2479 2972 2631 3043 quod
2689 2974 2953 3026 villarum
3028 2973 3371 3026 cohabitatio
3454 2976 3821 3045 testiﬁcatur;

2130 3061 2281 3129 quod
2317 3062 2440 3131 agri
2488 3063 2770 3114 culturam
2804 3067 3086 3129 exercent,
3118 3063 3270 3132 quod
3300 3068 3355 3115 et
3406 3062 3636 3131 frugum
3670 3079 3816 3115 mes-

2129 3150 2288 3202 sione
2316 3150 2637 3219 colligitur;
2671 3150 2825 3219 quod
2860 3151 3105 3203 verenda
3142 3167 3254 3202 non
3306 3151 3615 3204 bestiarum
3666 3167 3825 3205 more

2128 3238 2422 3307 detegant,
2464 3238 2560 3291 sed
2618 3238 2871 3291 humana
2924 3240 3114 3292 velent
3143 3239 3506 3305 verecundia,
3549 3256 3677 3309 quas
3737 3256 3824 3293 res

2130 3325 2366 3395 pudoris
2396 3331 2483 3379 est
2509 3326 2824 3393 indicium;
2850 3328 3002 3396 quod
3043 3328 3102 3380 in
3136 3344 3242 3381 usu
3273 3327 3563 3396 tegminis,
3590 3344 3706 3381 non
3738 3346 3828 3382 so-

2130 3415 2249 3467 lum
2284 3414 2477 3483 pelles,
2514 3430 2711 3467 verum
2743 3415 2915 3468 etiam
2962 3421 3019 3469 et
3046 3422 3229 3469 vestes
3264 3433 3360 3469 eos
3419 3416 3628 3471 habete
3685 3418 3826 3471 scri-

2130 3501 2359 3572 psistis:
2391 3502 2513 3555 haec
2560 3504 2711 3556 enim
2772 3504 2964 3557 omnia
3012 3505 3351 3557 rationalem
3398 3505 3824 3575 quodammodo

2130 3590 2423 3643 testiﬁcari
2482 3591 2743 3645 videntur
2798 3592 2878 3644 eis
2932 3594 3116 3647 inesse
3169 3594 3448 3648 animam.
3505 3594 3643 3647 Nam
3697 3610 3827 3648 cum

2131 3678 2352 3732 dicatur
2379 3678 2576 3733 civitas
2603 3696 2723 3733 esse
2766 3687 2944 3734 coetus
2976 3682 3277 3735 hominum
3328 3682 3529 3736 eodem
3561 3683 3663 3737 sub
3694 3683 3827 3753 jure

2129 3767 2346 3835 pariter
2375 3767 2730 3836 degentium,
2762 3768 2971 3838 istique
3022 3770 3189 3823 simul
3229 3771 3557 3824 cohabitare
3596 3787 3699 3840 per
3727 3772 3829 3824 vil-

2134 3854 2317 3907 larum
2349 3854 2720 3907 contubernia
2754 3854 3035 3921 dicantur,
3085 3856 3326 3909 civitatis
3358 3856 3649 3910 distinctio
3696 3858 3827 3911 tali-

2134 3942 2239 3996 bus
2273 3944 2577 3996 convenire
2610 3960 2721 3996 non
2756 3944 2856 3997 abs
2900 3960 2959 3997 re
2989 3944 3258 3998 creditur.
3305 3944 3598 4015 Siquidem
3629 3950 3684 3999 et
3713 3946 3827 4000 col-

2134 4031 2375 4085 lectione
2406 4048 2509 4084 sua
2549 4032 2977 4085 multitudinem
3029 4032 3263 4099 faciunt,
3294 4039 3351 4086 et
3405 4035 3617 4104 pariter
3659 4034 3826 4088 habi-

2134 4124 2255 4173 tare
2312 4120 2542 4174 nonnisi
2573 4121 2675 4174 sub
2707 4120 2948 4190 alicujus
2988 4123 3113 4191 jure
3142 4122 3487 4175 conditionis
3533 4128 3822 4193 poterant.

2136 4209 2242 4263 Ubi
2272 4225 2403 4263 vero
2454 4210 2548 4280 jus
2605 4210 2839 4281 aliquod
2917 4216 3195 4278 servatur,
3258 4227 3536 4265 consensu
3595 4228 3825 4283 quoque

2133 4299 2463 4351 animorum
2495 4315 2609 4353 una
2648 4299 2990 4353 continetur.
3028 4299 3220 4369 Neque
3246 4300 3340 4369 jus
3374 4300 3604 4370 aliquod
3640 4305 3827 4371 potest

2133 4401 2275 4453 esse,
2348 4387 2500 4457 quod
2574 4403 2884 4441 consensus
2936 4387 3258 4441 communis
3316 4403 3432 4442 non
3489 4388 3822 4443 decreverit.

2130 4474 2338 4527 Verum
2395 4476 2569 4527 talem
2626 4482 2835 4545 praeter
2907 4462 3239 4529 moralitalis
3300 4477 3659 4548 disciplinam
3724 4494 3828 4532 nec

2131 4562 2421 4626 constitui,
2466 4578 2571 4615 nec
2602 4564 2873 4617 custodiri
2918 4565 3224 4634 aliquando
3254 4568 3461 4635 potuit.
3517 4568 3640 4620 Jam
3693 4583 3826 4621 vero

2130 4667 2295 4721 agros
2324 4650 2530 4715 colere,
2584 4656 2794 4704 terram
2841 4653 3224 4720 proscindere,
3279 4659 3597 4709 sementem
3640 4657 3825 4709 rurali

2130 4737 2311 4792 fenori
2360 4739 2718 4804 concredere,
2769 4739 2906 4792 artis
2949 4740 3216 4808 peritiam
3264 4742 3637 4795 demonstrat.
3685 4742 3824 4806 Quae

2127 4842 2221 4880 res
2253 4826 2363 4879 nisi
2410 4826 2631 4879 ratione
2692 4828 2949 4896 praeditis
2994 4828 3443 4899 haudquaquam
3493 4830 3683 4883 favere
3730 4847 3823 4885 co-

2127 4915 2437 4987 gnoscitur.
2497 4914 2720 4969 Etenim
2778 4915 3012 4969 rationis
3088 4922 3172 4970 est
3241 4932 3471 4971 causam
3529 4920 3821 4989 requirere

2128 5005 2479 5074 singularum
2514 5003 2825 5067 actionum,
2860 5005 2959 5059 ubi
2991 5021 3197 5059 causa:
3255 5022 3383 5076 quae
3435 5023 3525 5060 res
3578 5008 3823 5077 pingues

2128 5092 2335 5147 efﬁciat
2363 5096 2563 5158 terras,
2596 5109 2723 5163 quae
2755 5110 2925 5146 causa
2974 5093 3248 5147 sementis
3308 5095 3629 5149 ubertatem
3684 5112 3826 5165 pro-

326 5188 538 5241 cuzlum
573 5184 846 5254 aspicere,
889 5197 1093 5235 canum
1139 5196 1270 5233 vero
1301 5180 1550 5248 oblongo
1581 5178 1765 5247 capite
1801 5180 2015 5230 rostro-
2056 5203 2101 5259 ι)
2133 5180 2335 5245 ducat;
2368 5195 2614 5249 quarum
2665 5181 2787 5233 sine
2837 5180 3074 5234 scientia
3128 5181 3479 5251 agricultura
3529 5200 3826 5254 nunquam

325 5290 436 5345 que
467 5274 707 5327 deducto
751 5276 959 5323 terram
1008 5266 1235 5321 intueri.
1271 5267 1338 5319 Et
1385 5265 1646 5318 homines
1675 5265 2010 5333 loquuntur,

325 5378 494 5416 canes
526 5376 657 5415 vere
688 5361 916 5413 latrant.
956 5358 1166 5410 Verum
1201 5370 1315 5426 quo
1349 5354 1557 5408 litterae
1593 5370 1625 5408 a
1666 5358 1854 5407 vestra
1882 5353 2015 5407 cha-

397 5546 422 5571 ⁸
464 5537 553 5592 Sic
583 5536 741 5590 miss.
769 5534 1003 5605 ubique.

2127 5268 2297 5338 digne
2328 5268 2541 5337 poterit
2568 5268 2836 5323 exerceri.
2884 5269 3059 5321 Porro
3093 5274 3429 5341 tegumenta
3481 5287 3648 5325 nosse
3684 5288 3820 5327 con-

2132 5356 2323 5424 ﬁcere,
2348 5356 2434 5410 vel
2463 5358 2629 5427 pelle,
2664 5357 2751 5410 vel
2783 5356 2911 5410 lana
2939 5357 3200 5428 linoque,
3242 5359 3499 5413 studium
3533 5366 3618 5415 est
3644 5360 3825 5414 ratio-
