4108 6190
306 258 440 310 1155

944 250 1308 323 RATRAMNI
1350 248 1811 304 CORBEIENSIS
1852 245 2167 302 MONACHI
2209 245 2423 300 EPIST.
2471 245 2559 298 DE
2597 244 3135 301 CYNOCEPHALIS.

3670 252 3801 301 H56

302 385 448 438 nalis
477 384 705 437 animae.
744 382 858 436 Nisi
890 382 1044 433 enim
1088 380 1329 432 artiticio
1362 379 1607 448 quodam
1642 379 1762 431 haec
1820 378 2007 447 parari
2045 382 2087 433 Α
2115 376 2383 446 gantibus
2409 392 2541 429 vero
2580 376 2678 445 qui
2730 376 2879 429 inter
2929 376 3051 429 haec
3075 382 3342 447 portenta
3400 386 3800 443 numerantur,

302 490 419 527 non
450 477 709 542 possunt,
746 476 800 523 et
831 471 963 522 artis
996 468 1229 521 scientia
1274 468 1503 522 nonnisi
1539 467 1805 520 rationali
1859 481 1994 518 con-

302 562 523 616 ceditur
570 560 793 614 animaa.
858 561 927 610 At
974 556 1240 626 pudenda
1295 556 1490 617 velari,
1544 555 1858 608 honestatis
1915 557 1998 606 est

304 652 553 720 signum,
604 648 754 718 quod
814 662 930 699 non
984 646 1261 715 quaeritur
1308 644 1418 696 nisi
1476 644 1544 697 ab
1602 645 1792 696 animo
1851 643 1998 695 inter

302 745 469 809 turpe
509 743 565 791 et
622 740 925 791 honestum
956 735 1199 788 habente
1260 733 1641 785 distinctionis
1691 730 1990 799 judicium.

302 828 647 879 Erubescere
681 841 928 893 namque
959 838 1126 876 nemo
1154 825 1341 890 potest
1363 821 1431 873 de
1454 818 1830 889 turpitudine,
1886 817 1999 870 nisi

302 917 393 970 cui
425 914 665 984 contigit
691 913 951 983 quaedam
980 911 1291 964 honestatis
1316 908 1585 977 cognitio.
1631 909 1759 961 Haec
1809 912 1995 960 autem

304 1006 501 1060 omnia
554 1002 849 1057 rationalis
896 1001 1103 1054 anima:
1160 1014 1279 1050 esse
1339 998 1594 1067 propria,
1659 1012 1828 1049 nemo
1889 994 1998 1048 nisi

304 1094 526 1148 ratione
583 1108 777 1145 carens
842 1087 1087 1157 negabit.
1154 1087 1307 1139 Inter
1363 1085 1667 1139 honesturn
1717 1090 2000 1153 turpeque

304 1184 645 1246 discernere,
708 1180 960 1248 artisque
1036 1176 1272 1228 scientia
1347 1175 1584 1243 pollere,
1658 1172 1788 1242 jura
1848 1172 2001 1242 pacis

304 1270 739 1337 concordiaeque
772 1266 1033 1330 condere,
1060 1281 1161 1317 nec
1190 1266 1309 1317 sine
1337 1263 1551 1333 judicio
1605 1261 1842 1315 rationis
1898 1276 2003 1313 nec

303 1364 516 1431 praeter
532 1373 770 1411 acumen
792 1355 1028 1424 ingenii,
1081 1354 1201 1405 tieri
1234 1357 1489 1421 possunt.
1518 1352 1639 1414 Qua
1669 1351 1739 1403 de
1784 1366 1842 1402 re
1874 1366 1999 1402 cum

308 1448 443 1501 talia
493 1445 678 1500 dicitis
738 1444 887 1513 apud
923 1442 1346 1510 Cenocephalos
1404 1440 1602 1507 videri,
1661 1440 2001 1493 rationalem

308 1538 388 1589 eis
418 1537 600 1589 inesse
629 1539 875 1586 mentem
925 1532 1110 1600 reipsa
1140 1529 1538 1583 testiiicamini.
1578 1530 1758 1583 Homo
1812 1546 1942 1582 vero
1974 1545 2006 1581 a

308 1626 502 1679 bestiis
529 1623 747 1676 ratione
785 1620 1185 1673 tantummodo
1219 1619 1578 1672 discernitur.
1640 1618 1796 1684 Quae,
1850 1619 2001 1687 quod

308 1714 532 1767 videtur
567 1712 748 1764 inesse
778 1710 865 1762 his
898 1709 964 1761 de
998 1708 1207 1778 quibus
1232 1706 1542 1777 loquimur,
1594 1707 1856 1759 homines
1906 1723 2002 1776 po-

316 1802 428 1857 tius
451 1816 620 1871 quam
654 1798 847 1851 bestiae
878 1796 1188 1865 deputandi
1220 1796 1503 1848 videntur.

382 1890 521 1943 Huic
574 1886 967 1956 intelligentiae
999 1901 1117 1937 non
1174 1900 1378 1953 parum
1437 1882 1735 1951 suffragari
1780 1882 2003 1935 videtur

308 1978 534 2031 libellus
598 1976 667 2029 de
736 1973 1011 2044 martyrio
1093 1974 1271 2025 sancti
1333 1972 1724 2042 Christophori
1794 1972 1999 2025 editus.

308 2064 804 2130 Quemadmodum
831 2068 1021 2115 autem
1053 2062 1111 2113 in
1160 2077 1227 2114 eo
1262 2061 1490 2130 legitur,
1524 2061 1630 2113 hoc
1673 2062 1741 2113 de
1791 2076 2001 2129 genere

310 2153 609 2206 hominum
640 2152 813 2205 fuisse
845 2149 1228 2218 cognoscitur,
1275 2151 1436 2217 cujus
1477 2148 1589 2200 vita
1633 2154 1803 2217 atque
1846 2164 2002 2201 mar-

307 2243 520 2312 tyrium
583 2240 747 2294 claris
795 2239 1109 2292 admodum
1185 2238 1485 2290 virtutibus
1546 2238 1998 2290 commendatur.

308 2332 447 2383 Nam
482 2336 535 2383 et
569 2328 836 2399 baptismi
871 2330 1290 2379 sacramentum
1325 2325 1599 2378 divinitus
1653 2325 1813 2377 illum
1865 2341 2001 2378 con-

307 2424 565 2472 secutum
596 2418 790 2485 fuisse,
834 2416 1002 2468 nubis
1036 2414 1355 2468 ministerio
1413 2430 1545 2467 eum
1595 2414 2001 2482 pe'rfundentc,

308 2507 450 2560 sicut
478 2507 704 2559 libellus
758 2505 877 2574 ipse
922 2508 1180 2564 testatur,
1235 2503 1504 2555 creditur.
1570 2503 1739 2554 Fama
1774 2519 2004 2572 quoque

306 2594 598 2663 vulgante,
634 2594 798 2661 plura
846 2591 1110 2643 feruntur
1139 2606 1263 2659 quae
1322 2588 1653 2657 hujusmodi
1704 2589 2004 2642 hominum

308 2698 489 2753 genus
519 2680 757 2734 rationis
803 2694 1036 2747 compos
1090 2678 1385 2729 insinuare
1437 2678 1718 2729 videntur.
1754 2677 2005 2730 Isidorus

308 2786 538 2842 quoque
568 2785 697 2822 cum
731 2769 798 2822 de
828 2770 1227 2836 portentorum
1264 2781 1325 2817 ex
1382 2764 1635 2817 humano
1669 2780 1879 2833 genere
1913 2765 2005 2819 de-

310 2860 599 2914 ﬂuxorum
630 2857 901 2927 varietate
933 2856 1268 2925 loqueretur
1311 2854 1368 2907 in
1413 2853 1566 2906 libris
1623 2854 2001 2923 Etymologia-

312 2966 463 3007 rum.
496 2949 646 3001 inter
672 2947 895 3016 reliqua
929 2945 1008 2997 sic
1050 2944 1131 2997 ait
1160 2960 1171 2996 :
1221 2943 1377 2997 Sicut
1426 2948 1617 2995 autem
1652 2942 1708 2995 in
1767 2943 2004 3012 singulis

311 3037 576 3107 gentibus
627 3034 890 3104 quaedam
939 3036 1071 3085 sunt
1125 3037 1379 3083 monstra
1429 3030 1754 3093 hominum,
1810 3030 1889 3083 ita
1942 3030 2001 3083 in

307 3126 575 3179 universo
633 3139 839 3192 genere
906 3122 1158 3174 humano
1216 3119 1476 3189 quaedam
1546 3123 1798 3171 monstra
1875 3124 2006 3171 sunt

310 3215 591 3285 gentium,
625 3219 687 3265 ut
713 3213 1003 3281 Gigantes,
1041 3208 1437 3277 Cenocephali,
1473 3208 1766 3277 Cyclopes,
1800 3213 1858 3260 et
1896 3223 2003 3260 ca:—

312 3309 450 3357 tera.
494 3324 513 3350 ι
552 3304 665 3355 Hoc
695 3301 886 3354 dicens
933 3298 1227 3351 manifeste
1282 3296 1527 3365 signavit
1556 3298 1705 3366 quod
1758 3296 2004 3349 Cenoce-

311 3393 511 3462 phalos
540 3407 605 3443 ex
637 3390 807 3459 primi
836 3386 1081 3440 hominis
1117 3385 1433 3455 propagine
1470 3384 1753 3453 originem
1782 3384 2005 3437 duxisse

311 3478 485 3531 fuerit
515 3478 800 3547 opinatus.
852 3476 991 3528 Nam
1023 3474 1168 3526 sicut
1193 3472 1250 3524 in
1280 3472 1522 3540 singulis
1554 3472 1819 3542 gentibus
1850 3489 2005 3541 qum-

319 3568 451 3619 dam
494 3570 693 3618 contra
740 3563 927 3633 legem
988 3566 1208 3613 naturas
1248 3561 1515 3613 videntur
1567 3562 1880 3629 procreari,
1943 3566 2004 3614 ut

316 3653 592 3722 bicipites,
622 3651 873 3716 trimani,
924 3650 1291 3719 pumiliones,
1334 3649 1841 3718 hermaphroditae,
1893 3650 2007 3703 sive

320 3742 689 3812 androgynaa,
742 3741 829 3793 vel
876 3739 985 3792 alia
1025 3739 1317 3809 perplura,
1376 3754 1503 3807 quae
1562 3743 1755 3791 tamen
1812 3744 2009 3791 contra

314 3835 534 3884 natura)
568 3830 753 3899 legem
804 3844 918 3881 non
944 3828 1112 3895 fiunt,
1162 3828 1258 3880 sed
1314 3826 1547 3896 propria
1589 3828 2008 3897 quodammodo

316 3918 688 3988 dispositione
738 3917 1103 3987 proveniunt,
1171 3915 1453 3985 siquidem
1509 3916 1595 3968 lex
1648 3924 1865 3969 naturae
1916 3918 2010 3969 Di-

317 4007 567 4061 vinitatis
608 4012 692 4060 est
747 4005 1069 4075 dispositio.
1101 4004 1187 4058 Sic
1219 4020 1447 4074 quoque
1478 4004 1726 4056 universi
1782 4006 2010 4072 generis

313 4096 551 4149 humani
602 4095 787 4148 ordini
844 4094 1092 4147 naturali
1142 4094 1410 4147 videntur
1459 4100 1879 4148 monstruosam
1915 4095 2008 4148 in—

315 4186 462 4238 ferre
494 4184 950 4254 procreationem
982 4183 1099 4249 illa,
1130 4200 1255 4252 quze
1277 4182 1537 4252 superius
1562 4190 2007 4239 commemorata

317 4275 469 4335 sunt,
504 4270 824 4335 hominum,
860 4269 1188 4337 prodigiosa
1234 4274 1514 4336 portenta,
1548 4269 1631 4320 vel
1664 4269 1772 4321 alia
1821 4270 2003 4338 plura,

318 4374 446 4429 qua:
491 4358 725 4427 longum
767 4363 852 4410 est
893 4372 1367 4423 commemorare,
1416 4361 1481 4408 ut
1538 4356 1796 4426 Pigmaei,
1847 4359 2008 4412 Anti-

317 4445 537 4511 caudas,
567 4462 814 4515 quorum
865 4445 993 4498 aliis
1030 4444 1290 4497 cubitalis
1320 4444 1523 4497 dicitur
1554 4445 1737 4499 inesse
1791 4451 2009 4500 statura

317 4535 595 4604 corporis,
628 4534 754 4587 aliis
783 4536 1107 4604 plantarum
1130 4534 1420 4587 conversio
1451 4538 1579 4602 post
1619 4550 1803 4601 crura,
1862 4541 1918 4588 et
1949 4536 2007 4589 in

316 4625 529 4696 plantis
563 4623 752 4677 octoni
804 4622 1004 4692 digiti:
1038 4622 1350 4693 Hippodes,
1404 4623 1503 4694 qui
1557 4623 1869 4677 humanam
1901 4625 2011 4679 for-

318 4730 471 4768 mam
504 4712 745 4785 pedibus
779 4711 1017 4764 miscent
1046 4711 1301 4781 equinis;
1364 4712 1650 4779 Macrobii,
1696 4712 2010 4767 humanam

319 4807 593 4857 staturam
613 4817 757 4872 pene
785 4801 962 4871 duplo
983 4805 1345 4870 superantes;
1377 4817 1631 4872 gensque
1661 4802 2011 4857 feminarum

319 4892 379 4945 in
410 4891 574 4945 India
618 4890 819 4959 quinto
870 4905 1021 4943 anno
1074 4889 1424 4959 concipiens,
1458 4895 1513 4944 et
1562 4895 1819 4944 octavum
1880 4892 2011 4946 vitae.

321 4996 536 5033 annum
566 4995 681 5032 non
711 4978 1010 5046 excedens,
1054 4983 1112 5031 et
1157 4977 1269 5030 alia
1294 4978 1592 5046 complura
1644 4979 1880 5049 fatuque
1925 4979 2011 5033 in-

319 5067 632 5122 credibilia.
667 5066 735 5120 Et
769 5065 1028 5135 quamvis
1064 5065 1322 5119 ferantur
1352 5065 1460 5119 ista
1498 5084 1564 5120 ex
1608 5067 1863 5121 humano
1914 5084 2012 5138 ge-

320 5173 457 5210 nere
487 5155 712 5210 duxisse
746 5154 1029 5225 originem
1057 5169 1176 5207 non
1206 5159 1399 5208 tamen
1433 5170 1560 5208 mox
1588 5172 1771 5225 neque
1797 5162 2013 5211 temere

320 5244 583 5299 homines
626 5242 851 5297 ratione
875 5241 1154 5311 praeditos
1209 5259 1329 5297 esse
1388 5243 1758 5298 ﬁrmandum.
1795 5246 1873 5301 De
1926 5248 2016 5301 Gi-

2105 466 2372 518 homines
2400 465 2573 517 fuisse
2603 465 2669 518 de
2719 465 3053 518 hominibus
3084 469 3250 518 natos
3301 482 3471 519 nemo
3529 467 3648 520 fere
3704 470 3806 538 qui

2108 553 2347 614 dubitet,
2394 553 2861 623 quandoquidem
2893 553 3218 607 divinarum
3261 555 3599 608 auctoritate
3656 556 3805 609 litte-

2110 658 2326 707 rarum,
2359 641 2467 694 hoc
2514 642 2691 693 astrui
2744 657 2855 693 non
2884 641 3234 710 ignoremus.
3293 642 3510 705 Quibus
3551 643 3803 697 Cenoce-

2110 730 2265 800 phali
2306 731 2441 783 dum
2500 736 3007 797 connumerantur,
3072 730 3179 784 hoc
3238 732 3409 784 etiam
3464 736 3519 784 et
3557 732 3627 785 de
3685 733 3809 785 istis

2109 819 2473 872 sentiendum
2506 835 2626 872 esse
2658 824 2909 889 putatur,
2948 821 3191 873 maxime
3220 820 3264 873 si
3313 819 3409 872 illa
3445 821 3813 874 constiterint

2112 923 2239 977 quae
2268 908 2337 961 de
2368 916 2562 961 sancto
2604 909 3013 978 Christoplioro
3052 909 3343 978 leguntur,
3405 915 3465 963 ut
3492 926 3623 979 qua:
3655 910 3813 962 fama

2112 997 2179 1050 de
2230 997 2310 1049 eis
2349 997 2599 1067 vulgaris
2649 997 2940 1066 dispergit.
3004 999 3115 1052 Nec
3155 1003 3345 1051 tamen
3401 998 3506 1051 ista
3554 998 3813 1051 dicentes

2112 1086 2194 1138 vel
2230 1085 2559 1151 sentientes,
2620 1088 2988 1157 consequitur
3029 1092 3091 1139 ut
3132 1087 3410 1157 quidquid
3441 1087 3509 1140 de
3569 1087 3811 1141 homine

2112 1179 2460 1243 procreatur,
2496 1173 2789 1226 hominem
2842 1190 3069 1243 quoque
3111 1190 3232 1227 esse
3285 1175 3672 1245 humanaeque
3713 1191 3808 1227 ra-

2111 1263 2287 1315 tionis
2318 1263 2552 1331 ingenio
2587 1264 2912 1333 praeditum.
2949 1264 3115 1317 Verbi
3156 1264 3360 1334 gratia,
3404 1280 3533 1318 cum
3577 1265 3814 1333 legatur

2113 1352 2322 1404 vitulus
2355 1368 2417 1404 ex
2455 1353 2692 1405 muliere
2723 1359 3068 1421 procreatus,
3107 1357 3208 1405 aut
3246 1369 3477 1423 serpens
3513 1353 3705 1406 editus
3734 1353 3807 1405 de

2113 1439 2342 1493 femina.
2381 1440 2625 1493 Proinde
2656 1444 2847 1493 tamen
2887 1457 3073 1510 neque
3130 1440 3391 1505 vitulum,
3444 1456 3632 1511 neque
3685 1457 3806 1494 ser-

2116 1534 2349 1597 pentem
2402 1528 2587 1589 illum,
2629 1529 2941 1582 humanam
3002 1530 3251 1583 animam
3322 1531 3405 1584 vel
3465 1530 3807 1583 rationalem

2115 1617 2380 1670 habuisse
2433 1617 2838 1671 couseuserim.
2895 1618 3281 1672 Monstruosus
3332 1635 3559 1689 quoque
3610 1624 3809 1688 partus

2116 1706 2211 1759 ille
2252 1711 2507 1775 tempore
2557 1706 2707 1775 regis
2750 1707 3057 1760 Alexandri
3103 1705 3177 1760 de
3228 1708 3465 1761 muliere
3515 1707 3806 1777 profusus,

2111 1794 2271 1864 cujus
2331 1795 2593 1864 superior
2648 1811 2777 1865 pars
2834 1795 3125 1849 hominem
3172 1796 3519 1865 proferebat,
3564 1795 3811 1849 inferior

2112 1899 2246 1935 vero
2318 1882 2628 1935 bestiarum
2701 1883 2911 1935 formas
2964 1882 3316 1936 diversarum
3376 1883 3810 1952 viventiumque

2111 1971 2435 2040 protulerit.
2497 1972 2604 2024 Nec
2655 1977 2846 2023 tamen
2903 1972 3111 2024 bestias
3163 1971 3309 2037 illas,
3366 1972 3491 2025 licet
3553 1972 3807 2024 humano

2111 2060 2330 2111 semine
2398 2064 2742 2128 procreatas,
2800 2059 3139 2113 rationalem
3196 2060 3461 2113 habuisse
3529 2060 3807 2124 animam,

2112 2147 2219 2200 nisi
2243 2148 2479 2201 rationis
2522 2164 2743 2218 expers,
2793 2165 3047 2219 unquam
3100 2154 3241 2219 puto
3281 2148 3561 2219 praebebit
3614 2164 3807 2201 assen-

2111 2251 2255 2289 sum.
2293 2237 2413 2300 Qua
2435 2237 2502 2290 de
2537 2253 2596 2289 re
2626 2253 2728 2289 nec
2754 2237 2855 2290 hos
2904 2238 2971 2290 de
3004 2237 3212 2307 quibus
3269 2254 3357 2291 res
3411 2238 3620 2308 agitur,
3674 2254 3805 2307 pro-

2113 2330 2308 2393 pterea
2347 2326 2483 2391 quia
2534 2326 2818 2379 duxerant
2873 2325 3153 2396 originem
3214 2342 3282 2379 ex
3328 2326 3679 2390 hominibus,
3714 2342 3810 2378 eos

2114 2414 2384 2467 continuo
2419 2414 2687 2467 rationali
2719 2415 2935 2484 pollere
2960 2421 3183 2467 mentes
3213 2414 3570 2481 crediderim,
3615 2415 3659 2466 si
3692 2430 3807 2465 non

2117 2503 2201 2554 vel
2236 2518 2300 2555 ea
2331 2520 2461 2573 quas
2505 2503 2829 2573 scripsistis,
2866 2504 2950 2556 vel
2987 2519 3115 2573 quae
3148 2504 3417 2573 leguntur
3448 2511 3503 2556 et
3542 2504 3811 2555 feruntur

2115 2590 2183 2643 de
2220 2591 2283 2643 iis
2317 2592 2782 2661 talia,quomodo
2817 2593 3110 2657 sentirem,
3145 2598 3458 2645 moverent.
3504 2593 3663 2645 Nunc
3707 2607 3809 2645 au-

2116 2682 2230 2731 tem
2262 2684 2422 2732 tanta
2454 2685 2687 2750 tamque
2708 2680 2878 2733 fortia
2909 2680 3177 2733 videntur
3201 2697 3320 2734 esse
3353 2696 3481 2750 quas
3512 2695 3684 2749 super
3720 2680 3809 2732 his

2116 2765 2406 2833 dicuntur,
2431 2773 2495 2821 ut
2529 2767 2615 2820 his
2642 2768 2727 2821 vel
2777 2768 2950 2821 ﬁdem
2993 2784 3111 2821 non
3140 2768 3431 2830 adhibere,
3464 2770 3549 2821 vel
3582 2772 3812 2821 contra-

2115 2854 2302 2908 dicere
2334 2855 2501 2921 velle,
2546 2856 2862 2925 pervicacia
2916 2856 3106 2926 potius
3150 2857 3407 2910 videatur
3467 2874 3585 2909 esse
3636 2873 3810 2926 quam

2046 2965 2086 3018 α
2117 2944 2442 3013 prudentia.
2499 2944 2727 2998 Accedit
2758 2945 2825 2998 ad
2875 2945 3015 3011 haec,
3068 2945 3219 3015 quod
3254 2946 3460 3015 scripta
3492 2952 3676 2997 vestra
3723 2950 3805 2997 te-

2116 3036 2359 3099 stantur,
2394 3032 2834 3086 domesticorum
2867 3048 3035 3086 omne
3056 3048 3235 3103 genus
3270 3033 3630 3098 animalium,
3681 3049 3813 3103 quze

2114 3121 2322 3173 nostris
2364 3121 2422 3174 in
2471 3121 2802 3191 regionibus
2845 3122 3150 3189 habentur,
3207 3122 3356 3193 apud
3417 3122 3545 3175 illos
3590 3122 3809 3175 haberi.

2118 3211 2232 3262 Hoc
2264 3226 2394 3263 vero
2433 3210 2559 3263 fieri
2593 3226 2777 3279 posse,
2815 3210 2859 3263 si
2882 3210 3179 3264 bestialem
3221 3216 3277 3264 et
3306 3227 3417 3264 non
3467 3211 3811 3264 rationalem

2115 3298 2367 3352 animam
2416 3298 2713 3366 haberent,
2748 3315 3116 3370 nequaquam
3168 3300 3343 3353 video.
3376 3299 3669 3369 Siquidem
3702 3300 3810 3352 ho-

2117 3387 2258 3440 mini
2290 3387 2559 3440 animalia
2586 3393 2753 3440 terrae
2796 3388 2968 3441 fuisse
3004 3388 3277 3441 divinitus
3318 3388 3588 3456 subjecta,
3637 3389 3812 3443 Gene-

2118 3490 2245 3527 seos
2274 3474 2517 3528 lectione
2550 3476 2966 3545 cognoscimus.
3005 3477 3074 3529 Ut
3122 3492 3255 3529 vero
3309 3476 3487 3529 bestia
3518 3476 3752 3529 alterius
3780 3492 3812 3528 a

2119 3580 2176 3615 se
2207 3563 2433 3632 generis
2462 3564 2796 3631 animantia,
2830 3569 2885 3617 et
2918 3565 3163 3618 maxime
3212 3564 3505 3618 domestici
3561 3565 3808 3634 generis,

2115 3657 2333 3714 curent,
2369 3657 2422 3705 et
2453 3652 2532 3705 eis
2569 3652 2924 3722 diligentiam
2959 3654 3288 3719 adhibeant,
3323 3653 3552 3723 suisque
3606 3659 3818 3722 cogant

2114 3740 2374 3809 imperiis
2404 3741 2693 3810 subJacere
2725 3748 2779 3794 et
2812 3741 3007 3795 usibus
3041 3758 3261 3812 parere,
3296 3742 3441 3795 sicut
3492 3758 3597 3794 nec
3646 3742 3813 3795 audi-

2118 3834 2262 3895 tum,
2296 3830 2373 3882 ita
2399 3846 2501 3883 nec
2522 3831 2803 3884 creditum
2830 3822 3212 3902 cognoscitur.
3256 3833 3327 3884 At
3380 3846 3512 3885 vero
3566 3833 3814 3884 Cenoce-

2117 3917 2295 3987 phali,
2318 3934 2447 3970 cum
2473 3918 2917 3974 domesticorum
2945 3920 3282 3974 animalium
3304 3919 3573 3973 dicuntur
3602 3919 3817 3973 habere

2120 4007 2574 4075 multitudinem,
2609 4008 2689 4061 eis
2723 4009 2962 4063 minimc
2996 4010 3260 4063 convenit
3308 4009 3560 4062 bestialis
3596 4009 3813 4069 feritas,

2121 4113 2368 4167 quorum
2425 4097 2696 4149 animalia
2749 4097 3058 4151 domestica
3115 4098 3349 4150 lenitate
3405 4097 3812 4149 mansuetiunt.

2124 4185 2253 4237 Hazc
2280 4188 2414 4237 sunt
2447 4201 2575 4254 quae
2630 4186 2699 4238 de
2740 4185 3146 4255 Cenocephalis
3202 4185 3444 4239 arbitror
3496 4185 3813 4238 sentienda.

2049 4249 2092 4302 Β
2122 4273 2401 4327 Caeterum
2435 4288 2505 4325 an
2539 4280 2597 4326 et
2653 4273 2777 4326 aliis
2831 4274 2909 4327 sic
2938 4274 3148 4326 sentire
3194 4273 3492 4344 placuerit,
3540 4290 3614 4327 an
3653 4290 3682 4325 e
3726 4274 3815 4325 di-

2116 4377 2301 4427 verso,
2361 4378 2476 4415 non
2510 4363 2617 4415 erit
2664 4363 2842 4416 nostri
2890 4362 3115 4432 judicii.
3168 4364 3244 4416 De
3276 4362 3421 4416 libro
3478 4378 3611 4416 vero
3659 4362 3815 4415 beati

2115 4451 2420 4505 Clementis
2448 4451 2600 4521 quod
2632 4451 3021 4520 interrogasti,
3056 4467 3171 4504 non
3226 4451 3374 4504 inter
3421 4450 3617 4503 doctos
3664 4453 3816 4503 viros

2112 4540 2299 4610 plenae
2331 4540 2682 4593 auctoritatis
2709 4539 2969 4606 habetur,
2999 4539 3259 4610 quamvis
3302 4554 3420 4592 non
3480 4553 3814 4608 usquequa-

2116 4644 2226 4697 que
2277 4628 2628 4697 repudietur.
2694 4628 2984 4697 Leguntur
3048 4628 3198 4681 enim
3252 4629 3514 4698 quaedam
3574 4628 3631 4679 in
3690 4626 3812 4692 illo,

2114 4720 2330 4782 nostro,
2362 4716 2416 4769 id
2459 4720 2543 4769 est
2575 4716 2974 4783 ecclesiastico,
3027 4716 3283 4786 dogmati
3315 4732 3433 4769 non
3499 4730 3818 4784 usquequa-

2117 4819 2228 4875 que
2256 4804 2678 4874 respondentia.
2718 4805 2925 4858 Verum
2958 4820 3086 4875 quae
3126 4804 3195 4857 de
3243 4805 3418 4875 gestis
3466 4803 3631 4858 Pauli
3683 4819 3820 4872 apo-

2117 4893 2246 4946 stoli
2271 4892 2599 4946 scribuntur
2637 4893 2698 4945 in
2746 4892 2867 4957 illo,
2924 4892 3302 4962 recipiuntur,
3368 4897 3428 4946 ut
3481 4896 3609 4962 pote
3664 4891 3821 4944 nihil

2119 4981 2269 5052 quod
2300 4980 2575 5035 doctrinae
2616 4981 2949 5035 Christiana:
2982 4983 3067 5034 vel
3107 4981 3461 5034 contradicat
3513 4981 3600 5033 vel
3643 4996 3816 5050 repu-

2120 5074 2276 5139 gnet,
2304 5070 2653 5124 continente.
2692 5071 2887 5123 Valere
2929 5069 3348 5123 beatitudinem
3383 5074 3629 5122 vestram
3661 5084 3815 5121 sem-

2118 5175 2223 5229 per
2252 5159 2311 5212 in
2347 5159 2567 5213 Christo
2617 5159 2954 5230 gaudemus,
3014 5163 3070 5211 et
3121 5162 3185 5211 ut
3233 5172 3456 5211 memor
3509 5157 3585 5210 sis
3635 5156 3825 5210 nostri

2120 5247 2513 5318 deprecamur.

1621 5437 2506 5481 ψ
