4118 6418
305 414 381 473 Π
1601 403 1931 467 ΧΥΙΑΑΝῙ)

2118 407 2474 471 REFATIO
3670 416 3744 476 18

299 547 592 627 Denique
647 542 1034 606 Glossarium
1095 539 1465 620 adiecimus,
1529 559 1656 680 quo
1720 559 1899 603 voces
1977 542 2458 617 mixobarbarze,
2538 547 2766 627 quibus
2843 548 3160 610 Cedrenus
3247 550 3463 623 utitur,
3537 553 3739 633 expli-

301 636 559 680 cantur-
621 625 961 680 dignitates
991 621 1426 680 ecclesiasticae
1476 639 1557 680 na
1585 621 1774 680 atinas
1824 628 1886 680 et
1937 623 2238 680 militares
2287 635 2711 680 exnnnnntnr-
2776 630 2910 680 nim
2970 629 3030 680 in
3092 630 3534 680 nnnninnnnﬂn
3587 653 3738 680 nunc

301 621 560 701 cantur,
621 625 961 706 dignitates
991 621 1426 706 ecclesiasticae
1476 621 1774 706 palatinas
1824 628 1886 682 et
1917 623 2238 706 _militares
2287 621 2712 705 exponuntur.
2776 630 2910 702 Quo
2970 629 3033 690 in
3092 621 3534 694 concinnando
3587 621 3738 695 usus

301 729 432 771 non
497 728 632 768 sum
693 703 887 783 opera
948 703 1220 773 Meursii,
1284 721 1480 785 quem,
1533 703 1817 785 plerique
1877 703 1982 764 alii
2041 705 2146 782 qni
2203 703 2390 785 rapto
2451 708 2668 770 vivunt
2741 709 2945 770 solent
3021 712 3393 782 exscribere,
3477 713 3585 774 sed
3644 717 3741 778 vel

303 798 602 851 auctores
656 787 938 871 nondum
990 784 1351 871 editos_vel.
1402 784 1850 871 ali_08_omnino
1900 791 2189 871 auctores
2241 784 2319 871 ad
2356 789 2782 849 testimonium
2838 791 2961 850 cito
3023 791 3132 871 (a).
3197 795 3519 854 Accedunt
3551 795 3742 856 etiam

304 874 380 932 Β.
452 875 517 931 Ρ.
580 869 802 929 Jacobi
860 871 1029 950 Goar
1087 865 1304 950 varias_
1339 865 1400 923 in
1461 864 1810 925 Cedrenum
1873 865 2450 928 animadversiones
2509 871 2968 942 eruditissima),
3033 864 3176 950 qua
3239 893 3360 934 non
3424 876 3744 937 modicam

299 953 594 1013 Cedreno
656 951 860 1010 lucem
921 947 1206 1032 aﬂ'erent.
1268 947 1598 1005 Postremo
1658 964 1995 1032 numerosa
2053 966 2389 1032 operarum
2455 952 2684 1012 menda
2731 947 3118 1026 sustulimus,
3158 973 3284 1032 quo
3319 961 3446 1014 tam
3500 957 3746 1017 auctior

301 1033 503 1115 editio
563 1049 753 1107 quam
813 1027 1209 1088 emendatior
1271 1045 1466 1115 opera
1523 1034 1762 1115 nostra.
1801 1028 2445 1115 prodiret.‘Cedreno
2503 1032 2696 1110 igitur
2754 1034 2981 1110 fruere,
3063 1027 3252 1111 quem
3311 1044 3521 1107 antea,
3584 1056 3743 1115 pene

299 1114 600 1188 dixerim,
665 1129 822 1194 auro
905 1115 1127 1169 contra
1207 1108 1472 1194 veniisse
1545 1107 2025 1194 n_ou_igno_ra_s.
2067 1110 2455 1194 Δ(ᾏειῇιέῃηωυ
2535 1107 2837 1191 sequetur
2909 1107 3332 1194 Theophanes
3391 1107 3739 1180 multorum

301 1194 468 1253 votis
527 1187 860 1258 exnetitus,
926 1206 1111 1266 quem
1170 1206 1247 1248 ex
1329 1187 1491 1263 regis
1567 1187 2083 1249 Christianissimi
2144 1190 2528 1251 bibliotheca
2601 1187 2662 1253 in
2742 1197 2943 1254 lucem
3023 1187 3299 1264 edemus,
3393 1217 3517 1256 una
3592 1216 3734 1260 cum

297 1273 624 1336 Anastasii
685 1269 1165 1352 Bibliothecarii
1232 1267 1499 1352 hist-orla
1541 1268 1990 1352 _ccclesiiistica
2069 1270 2374 1331 hactenus
2450 1273 2709 1342 inedita,
2793 1293 2935 1352 quas
3016 1275 3319 1337 beneﬁcio
3387 1278 3740 1340 Cardinalis

294 1351 799 1416 Eminentissimi
858 1348 1171 1431 Francisci
1228 1348 1557 1410 Barberini
1614 1349 1720 1431 ad
1756 1368 1870 1409 nos
1902 1353 2207 1428 pervenit.
2273 1355 2632 1431 Sequentur
2689 1363 2751 1414 et
2799 1348 2907 1416 alii
2965 1375 3042 1416 ex
3101 1359 3291 1418 variis
3341 1358 3738 1421 bibliothecis

297 1436 491 1520 eruti,
551 1452 712 1512 quos
752 1451 898 1520 non
960 1430 1217 1520 interire
1275 1437 1580 1520 quantum
1643 1430 2006 1509 reipublicm
2065 1430 2392 1494 litterariis
2447 1434 2694 1496 intersit
2753 1435 2820 1497 bi
2887 1441 3134 1498 tantum
3211 1438 3574 1518 intelligunt
3630 1440 3739 1520 qui

294 1510 886 1576 litteras—tractant
945 1511 1041 1571 vel
1101 1511 1333 1571 fovent.
1395 1510 1566 1571 Vale.

367 1650 445 1720 (a)
479 1648 601 1703 Non
617 1645 1129 1726 possumuscitra
1161 1643 1382 1726 crimen
1417 1643 1641 1726 ingrati
1675 1645 1970 1726 praeterire
2082 1644 2406 1726 clarissimi
2428 1648 2920 1726 etgeruditissimi
2965 1651 3166 1726 Jacobi
3225 1652 3482 1711 Mentelli
3526 1653 3738 1713 medici

302 1717 577 1778 auctores
608 1718 1152 1786 Graeco-barbaros,
1177 1717 1389 1786 quibus
1413 1717 1502 1772 usi
1535 1732 1746 1772 sumus
1768 1717 1826 1771 in
1862 1717 1971 1774 hoc
2090 1718 2462 1776 Parisiensis.
2490 1723 2784 1778 Faaao'rus
2815 1724 2874 1777 in
2904 1724 3053 1780 calce
3081 1724 3298 1781 Νἰεριε.

302 1792 616 1866 glossario,
652 1791 824 1847 nobis
881 1789 1130 1845 utendos
1162 1789 1332 1845 datos
1381 1803 1447 1844 ex
1479 1787 1836 1844 bibliotheca
1860 1789 1969 1844 viri

1041 2012 1960 2152 GUlLlliLMl
2061 2011 2986 2156 XYLA'NDRI

1809 2234 2232 2294 AUGUSTANI

783 2372 899 2459 IN
949 2368 1435 2457 GEORGII
1500 2369 2002 2456 CEDRENI
2081 2367 2578 2459 ANNALES
2627 2375 3255 2463 PRIEFATIO-

305 1919 3684 1950 Μ

299 2661 434 2745 Αά-
457 2660 812 2741 magniﬁcos
845 2669 930 2745 _et
983 2678 1292 2745 generosos
1325 2657 1587 2745 ιζρζηίηοδ
1625 2658 1723 2745 _D.
1760 2661 2041 2745 Marcum
2101 2668 2152 2719 et
2212 2659 2288 2720 Β.
2322 2659 2615 2745 Joannem
2670 2654 3003 2745 Fuggeros,
3036 2661 3310 2745 Antonii
3347 2664 3420 2745 θ.
3479 2666 3736 2730 Fratres

384 2737 735 2825 Germanos,
798 2737 1170 2820 Kircg’bergi
1221 2749 1276 2800 et
1350 2738 1792 2802 Weissen/zoam'
1847 2739 2135 2808 dominos,
2198 2750 2336 2814 ctc.,
2398 2737 3165 2822 optimarum-litterarum
3243 2737 3515 2806 alu'innos
3583 2764 3735 2825 gra-

385 2824 671 2886 tissimus.

377 2907 630 2980 Georgii
691 2901 954 2964 Cedreni
1015 2903 1300 2968 annales,
1364 2901 1472 2977 qui
1531 2901 1829 2978 auspiciis
1907 2918 1980 2961 ac
2040 2900 2341 2979 impensis
2417 2902 2659 2982 vestris,
2721 2903 2834 2963 viri
2897 2904 3293 2982 amplissimi,
3351 2925 3391 2966 a
3451 2925 3548 2967 me
3607 2925 3732 2969 non

295 2986 433 3046 sine
499 2985 744 3062 magnis
794 2982 1100 3066 aerumnis
1159 2982 1218 3041 in
1282 2983 1572 3066 Latinam
1636 2983 1915 3066 linguam
1981 2982 2266 3066 conversi
2325 2981 2772 3066 inpublicum
2835 2981 3022 3066 hodie
3080 2992 3331 3058 eXeunt,
3393 3006 3508 3066 pro
3559 3006 3731 3050 more

293 3068 709 3126 dedicaturus
767 3065 873 3124 diu
927 3064 1320 3139 multumque
1381 3064 1650 3140 cogitavi
1699 3081 1976 3140 quanam
2036 3063 2113 3123 de
2175 3081 2238 3123 re
2300 3065 2694 3140 potissimum
2753 3065 2923 3143 apud
2959 3084 3064 3123 vos
3124 3063 3520 3128 disseret-iam,
3586 3069 3730 3130 Sive

291 3149 466 3209 enim
517 3145 806 3228 historiae
860 3145 1158 3228 utilitates
1209 3143 1600 3228 explicandae
1651 3150 1875 3228 essent.
1932 3161 2057 3222 quo
2109 3143 2211 3203 hic
2272 3144 2430 3203 liber
2478 3145 2758 3222 prodiret
2807 3148 3310 3228 commendatior
3340 3155 3532 3228 atque
3578 3168 3728 3228 gra-

291 3229 440 3300 tior,
503 3225 883 3305 jampridem
948 3225 1007 3284 id
1068 3225 1459 3303 propositum
1522 3224 1609 3284 ita
1669 3225 1921 3302 cepiose
1976 3231 2326 3305 ornateque
2386 3243 2604 3285 noram
2659 3244 2695 3284 a
2740 3227 3003 3286 summis
3055 3228 3201 3287 viris
3252 3224 3613 3301 tractatum:
3659 3235 3730 3292 ut

290 3309 454 3370 citra
511 3304 898 3385 arrogantiae
956 3306 1193 3364 crimen
1256 3324 1379 3364 non
1445 3323 1687 3382 possem
1723 3305 1939 3364 conari
1970 3304 2087 3365 ista
2149 3307 2243 3365 vel
2276 3305 2665 3384 ampliﬁcare
2699 3307 2791 3366 vel
2853 3307 3043 3367 etiam
3103 3307 3441 3370 inculcare.
3477 3310 3623 3370 Sive
3663 3311 3728 3372 in

294 3390 524 3450 vestris
583 3387 874 3469 laudibus
937 3386 1354 3469 praedicandis
1413 3386 1784 3469 occupanda
1844 3385 2070 3469 oratio,
2134 3386 2213 3445 ad
2255 3405 2433 3469 quas
2491 3386 2773 3466 profecto
2823 3386 3233 3469 illustrandas
3277 3391 3729 3469 augendasque

293 3471 437 3530 haec
502 3468 760 3528 Cedreni
821 3467 1023 3527 versio
1084 3466 1402 3544 editioque
1463 3468 1813 3527 conducere
1891 3466 2102 3539 debet,
2163 3466 2315 3545 quid
2371 3466 2448 3526 iis
2526 3468 2882 3528 ornamenti
2941 3475 3190 3546 poterat
3248 3466 3388 3529 mea
3444 3466 3729 3533 conferre

294 3549 632 3612 infantia?
683 3553 804 3609 Aut
853 3546 1378 3626 quotusquisque,
1429 3552 1496 3608 ut
1546 3566 1714 3607 nunc
1763 3551 1909 3606 sunt
1958 3565 2162 3608 mores
2222 3546 2575 3626 hominum,
2611 3567 2734 3607 non
2801 3549 3004 3626 potius
3036 3550 3420 3611 assentando
3454 3569 3553 3612 me
3585 3570 3726 3613 mu-

296 3650 416 3692 nus
482 3637 739 3707 captare
795 3647 983 3705 quam
1045 3628 1204 3704 grati
1264 3627 1460 3687 animi
1517 3627 2039 3705 signiﬁcationem
2099 3626 2257 3687 raris
2315 3630 2614 3688 virtutum
2646 3630 2952 3708 exemplis
3010 3630 3519 3691 demonstrandis
3549 3649 3728 3693 com-

306 3712 817 3788 mendandisque
848 3788 859 3792 Α
893 3710 1077 3768 edere
1150 3715 1284 3767 erat
1333 3707 1734 3792 judicaturus
1763 3710 1815 3792 ῩΔ
1868 3711 2091 3792 Itaque
2126 3789 2135 3792 _
2168 3708 2390 3768 horum
2450 3726 2611 3792 ego“
2649 3717 2988 3792 utrumque
3038 3712 3342 3792 prudens
3399 3713 3730 3792 sciensque

305 3793 524 3862 omisi,
586 3788 929 3870 presertim
987 3807 1135 3870 cum
1192 3791 1559 3849 recordarer
1616 3790 1690 3848 de
1726 3788 1932 3867 priore
1991 3788 2140 3848 alibi
2202 3806 2301 3870 me
2332 3789 2617 3850 nonnihil
2675 3788 3173 3852 etiam'dixisse.
3209 3791 3329 3854 Sed
3361 3799 3422 3854 et
3452 3788 3728 3855 alienum

305 3872 554 3952 aliquid
579 3868 896 3954 ipersonis
955 3868 1173 3954 vestris
1230 3877 1716 3954 aut_praesente_
1760 3869 2350 3954 instituto,_qualia
2408 3870 2485 3930 ad
2547 3871 2825 3954 animum
2861 3872 3231 3934 accidebant
3292 3876 3490 3936 multa
3537 3884 3730 3954 atque

301 3948 514 4022 varia,
575 3948 638 4012 in
703 3952 976 4011 medium
1017 3950 1303 4033 _atlerre
1358 3948 1899 4033 intempestivum_
1948 3951 2541 4033 videbatur_atque
2615 3952 2913 4024 insolens,
2991 3973 3194 4033 neque
3257 3955 3423 4015 enim
3484 3948 3734 4018 laud-ari

302 4034 659 4096 sentiebam
720 4051 862 4114 eum
925 4031 1034 4114 qui
1093 4031 1698 4114 delphinumgsilvis
1756 4031 2068 4110 appinxit,
2130 4031 2426 4091 ﬂuctibus
2462 4051 2728 4114 aprum.
2794 4035 3016 4112 Itaque
3073 4031 3136 4095 in
3200 4037 3534 4114 praesentia
3581 4037 3734 4099 satis

301 4116 508 4176 habui
569 4132 771 4191 pauca
829 4113 906 4172 de
959 4113 1096 4190 ipso
1130 4112 1248 4173 hoc
1283 4112 1581 4173 historico
1639 4131 1828 4190 opere
1860 4119 1922 4172 et
1984 4131 2122 4172 mea
2153 4131 2342 4190 quam
2377 4113 2555 4172 vobis
2582 4131 2657 4174 ac
2717 4114 3081 4191 reipublicae
3111 4117 3173 4175 in
3201 4112 3307 4177 'eo
3338 4119 3732 4178 conficiendo

303 4195 537 4277 navavi
569 4213 770 4277 Opera
793 4193 1040 4277 dicere;
1075 4193 1289 4277 itaque
1320 4192 1554 4277 lectore
1609 4212 1732 4252 non
1766 4193 2092 4270 inutiliter,
2147 4201 2213 4253 ut
2260 4194 2511 4272 quidem
2565 4213 2680 4271 ego
2719 4203 2893 4272 puto,
2941 4195 3018 4255 de
3049 4197 3429 4274 quibusdam
3464 4216 3736 4277 pramo-

303 4280 467 4347 nito,
504 4273 916 4336 dedicationis
950 4292 1208 4333 munere
1239 4274 1522 4349 defungi.

383 4360 532 4419 Jam
595 4356 894 4434 primum,
957 4355 1098 4436 quis
1155 4354 1344 4436 fuerit
1401 4354 1737 4423 Cedrenus,
1803 4358 1973 4436 certo
2031 4353 2505 4436 deprehendere
2562 4353 2741 4436 nullo
2796 4353 3039 4436 indicio
3089 4355 3287 4436 potui,
3350 4375 3491 4418 cum
3545 4358 3622 4419 de
3664 4377 3730 4420 se

299 4438 448 4517 ipso
513 4433 694 4508 nihil,
757 4436 876 4496 hoc
935 4435 1187 4518 quidem
1247 4434 1310 4518 in
1371 4453 1586 4518 opere,
1651 4434 1972 4518 memoriae
2025 4433 2390 4518 prodiderit,
2432 4451 2632 4518 neque
2691 4435 2769 4493 ab
2829 4435 2966 4495 aliis
2996 4433 3108 4518 sit;
3157 4437 3326 4516 quod
3360 4456 3477 4518 ego
3509 4439 3730 4514 sciam,

304 4514 608 4578 laudatus
639 4522 748 4577 aut
781 4517 1139 4599 nominatus
1189 4515 1638 4599 scriptoribus.
1693 4517 1781 4575 Eo
1832 4522 2039 4599 tamen
2086 4514 2349 4599 inclinat
2397 4515 2664 4599 animus
2695 4522 2761 4576 ut
2789 4514 3193 4599 sacerdotem
3233 4514 3428 4581 fuisse
3453 4521 3735 4599 suspicer

305 4607 416 4659 aut
479 4599 670 4659 etiam
732 4597 1166 4670 monachum;
1230 4596 1481 4658 tametsi
1540 4595 1788 4656 videtur
1845 4596 1966 4657 hoc
2049 4613 2171 4655 non
2259 4595 2447 4656 fuisse
2521 4595 3054 4658 dissimulaturos.
3135 4600 3283 4662 Mea:
3353 4595 3736 4677 conjectura

302 4698 530 4740 ansam
595 4678 872 4757 praebent
928 4695 1072 4737 cum
1132 4694 1331 4754 genus
1362 4677 1612 4738 dicendi
1670 4696 1796 4754 quo
1828 4684 1922 4738 est
1982 4694 2148 4745 usus,
2217 4682 2346 4757 tum
2406 4695 2564 4755 quas
2623 4677 2700 4737 de
2761 4677 3063 4754 religione
3094 4687 3154 4740 et
3185 4683 3578 4743 caeremoniis
3621 4682 3736 4742 ba-

304 4761 411 4820 bet
473 4756 960 4842 disputationes.
1019 4759 1109 4818 De
1169 4757 1398 4842 quibus
1428 4777 1552 4842 non
1582 4757 1861 4842 impedio
1921 4757 2072 4836 quin
2131 4756 2399 4836 quisque
2458 4776 2571 4818 suo
2631 4764 2819 4835 captu
2881 4765 2944 4819 et
2999 4779 3183 4820 sensu
3236 4761 3517 4837 judicet:
3580 4763 3733 4842 quid

304 4860 422 4915 ego
480 4841 786 4915 judicem,
848 4839 1000 4898 satis
1063 4839 1253 4898 credo
1285 4856 1417 4898 esse
1450 4838 1630 4898 bonis
1691 4845 1960 4910 notum;
2026 4856 2230 4916 neque
2290 4845 2382 4897 est
2412 4855 2524 4897 cur
2588 4847 2819 4897 mutem
2885 4842 3257 4900 sententiam
3321 4842 3451 4902 ulla
3507 4838 3736 4904 idonea

304 4940 528 4981 causa.
591 4921 855 4992 Quando
916 4918 1396 5002 vixerit,_nihilo
1457 4918 1656 5002 magis
1686 4925 2152 5002 constatquam
2214 4937 2342 5002 qua
2372 4920 2732 5002 conditione
2791 4917 3063 5002 vixerit;
3121 4921 3238 4981 nisi
3289 4924 3454 4991 quod
3502 4924 3734 5002 proba-

303 5002 430 5061 bile
498 5008 588 5062 est
649 5019 856 5061 rerum
919 4999 1120 5078 potito
1177 4999 1390 5059 Isaaco
1449 4996 1768 5060 Comneuo
1827 4999 2160 5080 (quiuiniit
2218 4999 2552 5077 imperium
2612 5001 2830 5080 eodem
2894 5001 3020 5061 fere
3079 5021 3204 5080 quo
3262 4996 3597 5064 Heinricus
3659 5005 3736 5064 ιν

307 5100 506 5154 anno,
567 5081 673 5160 qui
735 5081 850 5141 fuit
907 5077 942 5139 a
1001 5086 1149 5140 nato
1209 5080 1456 5141 Christo
1513 5082 1590 5140 59
1648 5098 1839 5157 supra
1872 5077 2300 5158 millesimum)
2332 5079 2855 5160 eumrscripsisse
2914 5099 3061 5142 suos
3094 5077 3403 5143 Annales:
3442 5083 3505 5144 hi
3565 5085 3731 5146 enim

305 5162 368 5222 in
429 5159 623 5224 istum
683 5161 998 5222 desinunt.
1065 5161 1120 5220 ls
1174 5161 1282 5239 qui
1343 5161 1622 5221 codicem
1682 5167 1958 5241 vestrum
2017 5159 2622 5241 scripsitlibrarius,
2671 5160 2867 5221 lsaaci
2915 5163 3138 5239 Angeli
3197 5163 3532 5241 aliquoties
3565 5184 3732 5226 men-

305 5244 542 5325 tionem
598 5243 741 5303 fecit
785 5243 856 5325 in
899 5242 1216 5325 margine.
1271 5242 1414 5301 Fuit
1463 5241 1565 5301 hic
1621 5241 1874 5325 Isaacus
1922 5240 2672 5325 FridericiAhenobarbi
2724 5241 3124 5325 imperatoris
3175 5240 3470 5306 Germani
3512 5265 3730 5325 aequa-

303 5324 401 5392 lis,
465 5332 528 5386 et
583 5324 826 5403 accepit
883 5323 1287 5403 Cpolitanuru
1364 5340 1627 5400 regnum
1690 5322 1856 5382 circa
1930 5340 2168 5403 annum
2230 5321 2407 5393 1185,
2468 5329 2566 5403 uti,
2604 5328 2856 5382 centum
2938 5324 3064 5384 fere
3119 5325 3303 5384 annis
3361 5321 3734 5390 codex-iste

303 5413 566 5466 auctore
623 5401 753 5464 suo’
793 5403 1102 5464 recentior
1161 5401 1350 5483 fuisse
1412 5403 1718 5463 videatur.
1801 5404 1936 5462 Non
2014 5402 2431 5462 dissimulavit
2510 5402 2806 5462 librarius
2859 5404 3193 5483 aliquoties
3251 5423 3317 5464 se
3389 5407 3454 5467 in
3513 5427 3733 5470 exem-

306 5487 492 5558 plari.
555 5486 722 5564 quod
780 5483 1136 5563 descripsit,
1197 5482 1442 5560 aliquot
1500 5483 1872 5562 paginarum
1906 5483 2248 5564 defectum
2300 5484 2595 5564 sensisse.
2661 5483 2780 5543 Sed
2832 5482 3038 5544 utrum
3096 5485 3341 5563 reliqua
3370 5490 3584 5550 omnia
3641 5491 3736 5551 ita

307 5567 540 5626 fuerint
581 5563 677 5625 fab
734 5571 992 5626 auctore
1049 5565 1403 5642 composita
1462 5564 1781 5643 quomodo
1843 5563 1922 5623 ad
1999 5582 2112 5622 nos
2171 5563 2392 5622 scribas
2471 5564 2648 5623 istius
2705 5582 2898 5641 opera
2950 5573 3394 5642 pervenerunt,
3457 5571 3734 5632 dubitari

307 5645 481 5706 haud
539 5645 770 5725 injuria
825 5649 1070 5724 potest:
1125 5663 1252 5704 non
1309 5645 1475 5704 enim
1537 5645 1838 5704 mendosa
1891 5643 2081 5725 modo
2138 5645 2457 5725 quaedam,
2518 5644 2626 5725 sed
2683 5645 2865 5722 plura
2895 5646 3088 5705 etiam
3153 5645 3248 5706 his
3295 5650 3588 5712 mutilata
3632 5653 3728 5713 vel

309 5729 589 5806 comperi
646 5726 1153 5806 velsuspicatus
1210 5743 1372 5797 sum,
1436 5725 1605 5804 quod
1668 5725 2001 5804 aliquoties
2059 5724 2121 5784 in
2179 5724 2693 5806 annotationibus
2725 5726 2993 5786 ostendi.
3059 5729 3254 5788 Porro
3287 5736 3498 5791 autem
3543 5731 3728 5793 facile

311 5803 680 5870 crediderim
754 5803 1027 5870 lectores
1096 5806 1161 5866 in
1237 5805 1418 5868 bonis
1457 5803 1912 5886 scriptoribus
1987 5811 2266 5867 versatos
2314 5810 2376 5865 et
2452 5803 2693 5884 judicio
2771 5805 3164 5886 aliquantum
3240 5827 3430 5888 quam
3505 5811 3728 5890 vulgus
