4118 6420
332 359 408 425 19
1599 358 2021 423 XYLANDRI
2066 363 2482 428 PRIEFATIO
3680 368 3760 426 20

327 496 556 561 acriori
612 496 935 575 praditos,
995 496 1107 558 ubi
1152 494 1751 579 lectionem___hujus
1807 496 2015 573 operis
2093 497 2498 571 instituerint,
2587 497 2890 561 molestia
2947 497 3262 578 principio
3342 499 3586 579 aliquid
3645 506 3753 562 aut

328 579 544 661 etiam,
579 574 833 640 nausea:
881 583 1340 661 contracturos.
1404 574 1747 661 Pollicitus
1778 579 1948 661 enim
2010 586 2230 638 auctor
2291 581 2370 639 ab
2430 580 2608 640 initio
2670 580 2888 639 mundi
2922 574 3115 661 usque
3160 574 3254 640 "ad
3286 599 3400 641 sua
3456 574 3755 661 tempora

328 659 623 721 historias
653 677 742 741 se_
776 659 1150 741 compendio
1194 658 1625 741 recitaturum,
1663 656 1792 741 __ubi
1853 656 2112 741 ad_rem
2175 667 2429 741 ventum
2489 666 2602 731 est,
2630 740 2639 741 ί
2668 680 2870 741 neque
2901 656 3144 738 optimo
3203 661 3425 721 ordine
3480 681 3553 722 ca
3596 656 3758 741 'pro-

329 741 511 821 ponit
540 758 681 818 quas
727 738 799 821 in
836 740 1028 799 sacris
1085 739 1333 821 Litteris
1384 743 1447 821 et.
1504 737 1702 821 Flavii
1751 738 2011 821 Josephi
2071 740 2466 818 antiquitatis
2524 740 2802 801 Judaicae
2861 737 3281 819 descriptione
3344 748 3537 821 atque
3597 737 3747 803 alibi

330 816 582 903 EOpiose
612 820 1093 903 describuntur;
1152 816 1702 903 etinserit__multa
1733 819 1941 903 nescio
1989 838 2183 903 quam
2230 816 2432 880 relatu
2467 828 2583 903 aut
2634 822 2872 903 creditu
2925 816 3173 899 digna:
3238 828 3302 882 et
3356 816 3754 903 interpolatis

331 897 802 962 narrationibus
857 918 1049 977 smpe,
1109 917 1276 977 saepe
1338 898 1660 969 mutilatis,
1724 897 2067 976 aliquando
2124 900 2289 960 idem
2368 918 2488 961 non
2539 900 2671 960 sine
2728 902 2919 963 taedio
2977 897 3039 962 et
3115 903 3260 962 odio
3318 897 3618 964 inculcat.
3682 905 3752 965 In

331 983 595 1042 summis
653 981 870 1040 mundi
927 980 1200 1062 imperiis
1258 984 1319 1062 et
1376 996 1595 1062 eorum
1654 980 2043 1062 successione
2119 999 2191 1041 ac
2255 982 2705 1061 mutationibus
2784 982 3171 1060 exponendis
3225 982 3488 1061 jejunus
3568 985 3754 1062 plane

331 1069 447 1123 est.
511 1063 626 1121 Res
688 1064 1002 1142 Romanas
1056 1060 1145 1120 ita
1201 1059 1456 1142 attingit
1513 1064 1582 1118 ut
1642 1059 1927 1142 videatur
1983 1080 2200 1120 earum
2257 1059 2447 1121 fuiSse
2504 1062 2847 1121 admodum
2871 1059 3162 1140 ignarus.
3227 1059 3303 1122 Et
3359 1065 3423 1123 in
3456 1059 3611 1142 ipsis
3641 1065 3755 1124 im-

334 1141 730 1222 peratoribus
786 1141 1004 1200 ordine
1062 1140 1459 1222 recensendis
1517 1156 1859 1222 eorumque
1902 1141 1965 1199 in
2023 1160 2272 1202 summa
2333 1143 2720 1220 exponendis
2779 1142 2965 1202 rebus
3024 1143 3216 1221 gestis
3267 1144 3395 1204 fere
3447 1140 3527 1204 ad
3558 1149 3753 1205 Cons-

332 1218 644 1283 tantinum
704 1239 899 1299 usque
955 1222 1247 1300 Magnum
1307 1218 1466 1279 nihil
1524 1220 1969 1301 praclariaut
2023 1222 2212 1281 etiam
2269 1218 2478 1301 oper—aa
2541 1223 2719 1300 pretii
2778 1230 2870 1283 est
2946 1218 3347 1297 consecutus,
3407 1232 3475 1283 ut
3532 1226 3756 1284 subve-

334 1321 476 1364 rear
526 1320 603 1362 ne
651 1301 792 1380 quis
847 1302 968 1385 ista
1015 1299 1230 1385 legens
1286 1300 1642 1385 exclamet:
1706 1299 1864 1385 Quid
1920 1311 2081 1361 tanta
2112 1299 2385 1385 dignum
2440 1299 2605 1363 dedit
2664 1302 2762 1385 hic
2827 1304 3162 1385 promissor
3208 1302 3397 1385 ihialu
3431 1302 3463 1361 ?
3512 1306 3758 1385 Digres-

332 1385 538 1445 siones
594 1399 846 1461 quoque
894 1381 963 1463 in
1019 1382 1478 1460 disputationes
1536 1381 1611 1463 de
1669 1382 1798 1440 vita
1859 1384 2226 1455 monastica,
2285 1389 2507 1444 contra
2561 1381 2843 1456 Judseos,
2900 1391 2962 1444 et
3017 1384 3145 1444 alia
3202 1384 3265 1444 id
3314 1403 3537 1463 genus,
3598 1381 3754 1446 talia

333 1470 480 1525 sunt
534 1481 675 1541 quas
734 1462 1070 1523 annalibus
1124 1480 1350 1541 parum
1410 1462 1668 1543 omnino
1727 1463 2104 1523 conveniant
2160 1471 2221 1523 et
2250 1484 2374 1523 non
2434 1465 2673 1542 possint
2731 1483 2768 1523 a
2825 1464 3051 1543 quovis
3109 1462 3459 1525 ventriculo
3535 1484 3757 1527 conco-

332 1544 464 1624 qui.
525 1544 684 1624 Quai
733 1561 851 1622 ego
903 1562 942 1602 a
1004 1561 1103 1602 me
1161 1542 1328 1602 dicta
1382 1543 1472 1602 ita
1529 1541 1713 1601 velim
1775 1544 1975 1621 accipi
2032 1553 2099 1603 ut
2129 1544 2210 1603 ab
2269 1564 2347 1605 eo
2405 1541 2511 1622 qui
2571 1564 2696 1603 non
2755 1541 3071 1620 vituperet
3100 1545 3209 1604 sed
3241 1552 3499 1605 excuset
3529 1546 3757 1607 Cedre-

332 1623 510 1695 num,
570 1623 941 1702 scriptorem
1000 1625 1253 1702 qualem
1305 1640 1381 1683 ea
1437 1630 1727 1702 tempora
1782 1631 1843 1683 et
1902 1624 2183 1683 fortassis
2213 1626 2404 1686 etiam
2466 1625 2611 1686 vitae
2641 1625 2997 1684 institutum
3048 1626 3211 1695 tulit,
3265 1631 3332 1685 ut
3382 1645 3506 1686 uno
3564 1628 3756 1688 verbo

333 1706 563 1775 dicam,
647 1701 963 1764 interdum
1024 1701 1217 1785 £67397).
1279 1704 1465 1785 Certe
1517 1703 1568 1762 si
1627 1701 1918 1785 quidah
1976 1723 2050 1765 eo
2109 1713 2436 1781 peccatum
2498 1712 2612 1782 est,
2672 1724 2799 1764 non
2870 1723 3101 1782 magno
3160 1723 3366 1765 rerum
3428 1706 3759 1785 dispendio

333 1792 660 1866 peccatum
722 1792 1037 1866 est,icum
1097 1783 1348 1844 abunde
1406 1783 1708 1866 librorum
1770 1784 1849 1844 sit
1904 1803 1982 1845 ex
2036 1785 2266 1864 quibus
2324 1786 2726 1846 historiarum
2786 1785 2866 1845 ab
2926 1785 3062 1863 ipso
3123 1783 3586 1864 praeteritarum
3647 1795 3761 1849 aut

336 1863 545 1926 minus
576 1865 1369 1946 commodetractatorum
1403 1863 1680 1941 cognitio
1738 1866 1937 1945 repeti
1970 1863 2188 1944 pussit.
2241 1866 2371 1927 Hoc
2429 1872 2639 1926 autem
2698 1883 2844 1926 vere
2898 1863 3152 1943 possum
3213 1867 3553 1939 afﬁrmare,
3608 1868 3753 1946 plu-

335 1947 495 2008 rima
525 1962 661 2025 esse
708 1945 772 2005 in
830 1944 1092 2005 Cedreni
1139 1944 1259 2005 hoc
1309 1962 1522 2023 opere,
1574 1962 1726 2025 qua
1780 1944 1922 2006 cum
1957 1946 2105 2006 alibi
2159 1964 2282 2006 non
2316 1946 2738 2017 inveniantur,
2803 1947 3145 2007 maximam
3204 1948 3259 2006 ei
3322 1949 3490 2025 apud
3527 1944 3748 2008 omnes

333 2024 616 2088 veritatis
646 2033 705 2086 et
736 2025 1016 2106 historiae
1051 2024 1747 2106 amatoresccnciliare
1796 2026 2034 2105 possint
2080 2026 2476 2105 debeantque
2520 2026 2816 2106 gratiam.
2871 2028 2938 2087 In
2988 2024 3746 2105 Justiniano’prassertim

337 2111 609 2187 Magno,
630 2106 692 2187 in
734 2105 1022 2187 Heraclio
1052 2112 1114 2166 et
1167 2105 1307 2187 aliis
1347 2104 1658 2187 deinceps
1713 2104 2058 2184 Cpolitanis
2104 2104 2593 2184 imperatoribus
2654 2107 2975 2187 multoest
3035 2126 3226 2186 quam
3284 2104 3417 2187 ipse
3474 2111 3755 2170 Zonaras

333 2185 525 2249 fuerit
577 2185 940 2265 diligentius
995 2203 1070 2245 ac
1126 2185 1439 2264 copiosius
1490 2192 1777 2246 versatus
1833 2187 2281 2261 describendis,
2342 2188 2523 2248 annis
2579 2187 2766 2247 etiam
2826 2185 3090 2265 singulis
3164 2206 3262 2248 res
3312 2185 3529 2265 gestas
3589 2189 3749 2249 divi-

327 2271 505 2330 dens.
569 2267 723 2327 Nam
782 2284 927 2344 quas
984 2272 1127 2325 ante
1184 2284 1363 2326 novas
1420 2269 1640 2328 Romaa
1698 2273 1906 2327 ortum
1972 2268 2182 2338 habet,
2245 2288 2319 2329 ea
2376 2269 2626 2328 videtur
2682 2274 3004 2345 utcunque
3050 2287 3126 2328 ex
3186 2268 3375 2328 variis
3405 2268 3582 2329 libris
3621 2289 3749 2330 non

329 2364 560 2428 magna
615 2365 769 2408 cura
823 2364 896 2407 ac
941 2345 1184 2428 judicio
1243 2346 1586 2428 perexiguo
1616 2349 2130 2428 consarcinasse:
2166 2349 2229 2407 in
2279 2348 2489 2427 Cpolis
2539 2354 2749 2407 autem
2807 2349 3019 2428 rebus
3058 2353 3119 2408 ct
3149 2348 3551 2409 exercitatior
3607 2350 3746 2426 fuit,

327 2437 398 2491 ut
448 2426 773 2510 apparet,‘
807 2432 870 2486 et
904 2426 1141 2503 majore
1198 2432 1290 2486 est
1324 2445 1469 2486 usus
1525 2426 1884 2510 industria;
1949 2434 2018 2510 et
2068 2426 2476 2510 siquidfego
2527 2427 2772 2510 judico,
2836 2427 3099 2510 hochilli
3157 2430 3311 2510 ἔργον
3344 2430 3483 2503 fuit,
3520 2437 3753 2491 cetera

334 2516 601 2592 πάρεργα.
663 2507 778 2576 Qui
840 2523 982 2592 eum
1042 2524 1182 2592 cum
1245 2510 1490 2592 Zonara
1544 2508 1921 2580 conferrent,
1982 2509 2062 2592 iis
2113 2507 2583 2592 deprehendere
2640 2509 2759 2568 erit
2818 2507 3107 2592 proclive
3152 2507 3296 2569 vere
3337 2527 3456 2592 ine
3509 2510 3630 2570 ista
3658 2510 3760 2571 di-

332 2586 710 2652 cereL'Nam
772 2586 989 2669 omisit,
1036 2590 1316 2669 zonaras
1349 2587 1549 2669 multa
1605 2606 1748 2667 qua
1804 2593 2018 2649 noster
2046 2586 2264 2661 habet,
2317 2591 2477 2650 scitu
2532 2607 2834 2669 perquam
2874 2588 3102 2669 digna,
3152 2596 3215 2649 et
3243 2589 3474 2667 quibus
3513 2592 3761 2651 omissis

328 2670 658 2732 historiam
718 2666 995 2751 mutilari
1051 2667 1501 2751 obscurarique
1562 2668 1678 2751 fuit
1737 2687 2008 2751 necesse.
2063 2671 2275 2751 Multa
2329 2670 2433 2731 ille
2482 2666 2758 2730 breviter
2808 2666 3156 2751 admodum
3232 2666 3556 2751 indicavit,
3619 2690 3761 2751 quas

328 2757 474 2813 sunt
531 2771 568 2813 a
624 2755 837 2811 nostro
894 2748 1378 2830 circumstantiis
1434 2749 1729 2830 omnibus
1784 2750 2110 2830 explicatis
2161 2751 2497 2812 illustrata.
2561 2753 2775 2830 Neque
2831 2768 2947 2828 ego
3017 2750 3257 2829 primus
3331 2750 3453 2811 hoc
3533 2748 3758 2829 depre-

328 2832 562 2893 hendi:
619 2831 727 2892 sed
767 2829 1034 2911 Wolfius
1091 2837 1325 2911 noster,
1379 2848 1567 2911 quem
1642 2829 1902 2891 honoris
1959 2850 2147 2892 causa
2204 2832 2486 2902 nomino,
2569 2829 2938 2891 virharum
3002 2848 3211 2890 rerum
3275 2829 3767 2911 (quod,quibus

325 2913 582 2992 ignotus
638 2912 772 2989 ipse
803 2914 917 2981 est,
976 2909 1443 2992 lucubrationes
1482 2909 1619 2992 ejus
1664 2911 2129 2973 evidentissima
2185 2911 2644 2991 demonstrant)
2707 2912 2897 2990 longe
2927 2909 3368 2989 peritissimus,
3430 2909 3761 2990 aliquanto

328 2990 475 3054 ante
532 2992 729 3053 codici
790 2996 997 3050 vestro
1053 2990 1352 3050 schedam
1429 2991 1785 3070 prasﬁxerat
1863 3012 1989 3071 qua
2047 3001 2491 3070 argumentum
2572 2990 2709 3070 ejus
2776 2993 2840 3052 in
2902 2992 3036 3052 haec
3114 2993 3309 3051 verba
3385 2994 3764 3070 exprimitur

335 3097 366 3132 ‹‹
424 3080 654 3134 tractat
711 3071 875 3131 idem
936 3077 1379 3152 argumentum
1439 3072 1609 3152 quod
1665 3074 1965 3142 Zonaras,
2025 3073 2136 3134 sed
2197 3074 2395 3134 multa
2456 3074 2648 3132 habet
2704 3090 2740 3131 a
2797 3073 3046 3132 Zonara
3111 3071 3191 3131 de
3246 3072 3560 3134 industria
3592 3092 3761 3152 prm-

331 3155 641 3227 termissa,
702 3151 1077 3234 brevitatis,_
1116 3151 1483 3234 ut_opinor,
1548 3153 1779 3231 studio,
1841 3154 1950 3214 sed
1980 3161 2148 3214 certe
2199 3172 2322 3214 non
2380 3152 2945 3234 praetermittenda.
3010 3152 3192 3234 Quod
3259 3152 3522 3234 siimihi
3579 3151 3757 3234 optio

332 3237 480 3295 data
536 3235 758 3294 fuisset
813 3232 893 3292 ab
944 3230 1147 3312 initio,
1206 3230 1379 3292 hunc
1427 3236 1689 3294 Zonaras
1747 3230 2184 3312 praetulissem.
2260 3230 2435 3295 Nunc
2509 3251 2650 3294 cum
2711 3233 3221 3312 Zonaraidenuo
3280 3232 3560 3293 edendus
3618 3230 3760 3307 erit,

332 3315 690 3376 consultum
750 3314 883 3373 fore
936 3311 1249 3392 videbitur
1305 3319 1376 3373 ut
1430 3312 1552 3374 hoc
1610 3311 1807 3374 totum
1869 3334 2029 3391 opus
2086 3313 2473 3392 perlegatur,
2564 3319 2627 3372 et
2685 3311 2992 3391 quidquid
3043 3313 3498 3392 Vmemorabile
3557 3315 3759 3376 visum

332 3396 545 3468 fuerit,
568 3396 828 3456 Zonaras
858 3391 1168 3474 suislocis
1196 3397 1363 3474 certa
1395 3401 1542 3454 nota
1573 3396 1861 3474 apposita
1891 3391 2316 3455 inserendum.
2357 3418 2384 3450 »
2420 3396 2565 3455 Haec
2594 3392 2867 3474 Wolﬁus
2895 3409 2909 3463 ;
2945 3391 3077 3474 qui,
3139 3391 3307 3450 haud
3369 3393 3582 3466 dubie,
3616 3415 3761 3459 cum

335 3477 455 3538 hoc
509 3478 702 3536 ferret
755 3475 835 3556 de
890 3472 1186 3556 Cedreno
1222 3473 1559 3551 judicium,
1592 3472 1677 3534 ad
1732 3495 1806 3537 ea
1861 3476 2137 3556 respexit
2194 3474 2528 3555 praecipuas
2587 3491 2729 3552 quas
2790 3473 3304 3556 aliunde_quam
3361 3492 3445 3556 ex
3494 3493 3568 3536 eo
3652 3482 3766 3538 aut

336 3559 585 3620 Zonara
645 3554 840 3634 repeti
899 3553 1229 3613 commode
1276 3572 1402 3615 non
1460 3561 1742 3633 possunt.
1802 3552 1983 3617 Nam'
2029 3557 2153 3615 duo
2195 3552 2450 3634 priores
2511 3557 2797 3627 Zonara,
2852 3554 3007 3613 tomi
3078 3552 3264 3631 longe
3319 3554 3559 3634 alioqui
3617 3564 3766 3619 sunt

336 3636 629 3698 meliores
685 3652 759 3716 ac
815 3634 1003 3716 laude
1056 3635 1375 3716 digniores
1433 3655 1622 3716 quam
1681 3654 1757 3698 ea
1787 3656 1929 3716 quas
1980 3638 2059 3697 ad
2090 3636 2571 3697 Constantinum
2630 3652 2828 3712 usque
2877 3636 3184 3716 Magnum
3224 3642 3437 3694 noster
3481 3636 3759 3716 collegit.

334 3720 414 3780 Et
469 3723 681 3779 tamen
736 3715 801 3776 in
854 3713 1026 3775 hisce
1076 3715 1229 3793 ipsis
1284 3713 1989 3796 sunt—nonnullaque
2047 3717 2303 3794 cognitu
2362 3716 2560 3791 digna
2618 3720 2810 3796 atque
2866 3713 3023 3774 utila
3084 3720 3293 3796 tamen
3328 3734 3536 3795 neque
3593 3713 3761 3796 apud

337 3800 650 3861 Zonaram
683 3801 1021 3857 occurrant
1050 3814 1254 3873 neque
1303 3795 1455 3856 alibi
1501 3799 1625 3857 sint
1654 3798 1810 3858 adeo
1844 3795 2053 3859 Obvia.
2109 3797 2292 3858 Enim
2327 3815 2475 3857 vero
2528 3796 2591 3855 id
2641 3795 2963 3855 afﬁrmare
3011 3795 3237 3872 ausim,
3273 3813 3345 3854 ex
3390 3796 3513 3857 hoc
3543 3795 3761 3860 nostro

339 3879 645 3957 scriptore
701 3878 782 3937 ab
836 3875 1094 3936 homine
1138 3876 1475 3957 industrio
1530 3878 1728 3938 multa
1776 3897 1959 3955 posse
2006 3878 2245 3938 desumi
2324 3877 2554 3954 quibus
2608 3878 2871 3957 Zonaras
2946 3875 3238 3957 Procopii
3283 3877 3546 3937 Diaconi
3605 3880 3762 3939 alio-

336 3956 609 4038 rumque
663 3958 728 4018 id
751 4037 760 4038 η
786 3973 982 4038 genus
1031 3956 1434 4034 scriptorum,
1488 3960 1907 4018 recentiorum
1958 3976 2234 4036 quoque,
2296 3966 2369 4018 ut
2423 3956 2819 4038 Guspiniani,
2870 3956 3123 4034 Egnatii
3179 3957 3497 4038 Panvinii,
3549 3958 3757 4037 impe-

340 4037 585 4101 ratores
631 4044 694 4098 et
749 4037 1027 4097 historia
1087 4038 1313 4114 partim
1370 4039 1599 4116 corrigi
1647 4040 1874 4115 partim
1924 4038 2228 4099 illustrari
2284 4057 2358 4099 ac
2414 4037 2601 4117 poliri
2659 4037 2921 4116 possint.
2987 4038 3136 4108 Quae
3198 4037 3436 4097 utilitas
3466 4039 3565 4098 vel
3622 4041 3760 4100 sola

343 4120 481 4199 ejus
539 4119 875 4179 editionem
909 4118 1195 4199 apprime
1237 4118 1405 4196 apud
1455 4135 1670 4196 asquos
1702 4118 1964 4178 lectores
2013 4119 2353 4198 gratiosam
2408 4122 2610 4179 facere
2655 4117 2863 4177 debet.
2920 4118 3134 4199 Neque
3184 4135 3350 4177 nunc
3404 4137 3756 4198 proponam

344 4197 686 4279 exempla:
741 4198 989 4279 tametsi
1031 4199 1219 4279 enim
1280 4198 1367 4258 rei
1422 4205 1675 4276 gustum
1735 4197 2035 4278 aliquem
2073 4200 2800 4261 annotationesnostras
2860 4197 3252 4279 praebebunt,
3317 4197 3538 4259 tamen
3589 4200 3759 4263 malo

340 4281 479 4341 haec
538 4277 753 4341 solerti
827 4278 1048 4338 lectori
1091 4278 1486 4339 observanda
1562 4277 1915 4358 relinquere
1976 4299 2167 4358 quam
2238 4280 2313 4340 iis
2372 4277 2943 4340 commemorandis
2999 4296 3096 4337 me
3148 4278 3411 4355 jactare.
3470 4280 3760 4341 Addatur

343 4370 409 4422 et
463 4362 632 4420 hoc:
694 4377 837 4420 cum
892 4376 1117 4440 eorum
1177 4376 1320 4437 quae
1378 4364 1523 4418 sunt
1582 4361 1747 4420 circa
1786 4361 2148 4440 Byzantium
2184 4368 2247 4421 et
2293 4361 2356 4419 in
2405 4361 2543 4439 ipsa
2590 4359 2744 4419 urbe
2793 4359 3112 4440 locorum,
3135 4365 3265 4440 tum
3300 4359 3567 4420 aliarum
3602 4361 3763 4421 mul-

342 4449 549 4503 tarum
584 4440 838 4522 urbium
878 4438 1210 4522 ﬂuminum
1259 4441 1695 4519 montiumque
1763 4438 2046 4502 notitiam
2101 4438 2443 4522 permultis
2482 4440 2670 4518 hujus
2718 4439 3041 4519 scriptoris
3101 4438 3257 4522 locis
3311 4458 3494 4522 posse
3561 4441 3764 4520 expli-

341 4522 473 4584 cari
530 4527 721 4601 atque
776 4519 1136 4602 illustrari”;
1190 4525 1263 4579 ut
1305 4538 1571 4602 imagno
1632 4540 1838 4582 rerum
1897 4519 2469 4602 geographicarum
2529 4522 2918 4582 incremento
2994 4527 3056 4579 et
3134 4519 3529 4599 antiquitatis
3587 4519 3761 4584 reco-

342 4602 548 4665 lendm
604 4599 973 4681 adjumento
1033 4599 1439 4678 diligentibus
1493 4602 1572 4662 sit
1632 4603 1899 4663 futurus.

420 4684 651 4743 Verum
686 4678 789 4741 vde
846 4681 1128 4742 Cedreno
1185 4681 1358 4752 satis,
1408 4690 1527 4761 aut
1574 4682 1836 4744 fortasse
1893 4682 2207 4743 nimium:
2273 4682 2541 4761 legatur,
2601 4682 2773 4760 ipsus
2840 4698 2906 4741 se
2954 4678 3272 4758 probabit,
3359 4689 3421 4742 et
3477 4682 3767 4744 ostendet

341 4764 646 4824 vendibili
688 4763 834 4821 vino
894 4780 1016 4821 non
1049 4779 1209 4839 opus
1239 4780 1372 4822 esse
1393 4760 1659 4835 hedera,
1711 4763 1905 4824 Venio
1939 4781 2104 4824 nunc
2160 4764 2240 4824 ad
2297 4760 2500 4824 meam
2561 4781 2847 4841 operam,
2902 4779 3025 4841 non
3063 4763 3344 4841 profecto
3380 4767 3446 4820 ut
3494 4782 3633 4823 eam
3667 4764 3765 4824 vel

333 4843 730 4926 jactem_vel
784 4842 1003 4926 etiam_
1036 4848 1289 4926 ἀκκισμῷ
1352 4848 1709 4926 extenuem,
1769 4862 2037 4926 quorum
2097 4850 2389 4926 neutrum
2448 4861 2567 4926 ego
2608 4840 2881 4926 ingenui
2939 4840 3213 4926 hominis
3257 4842 3593 4926 arbitros;
3650 4862 3759 4904 ne-

339 4920 464 5003 que
521 4923 710 4985 etiam
773 4929 844 4982 ut
900 4922 1008 5001 qui
1070 4923 1290 5003 vestris
1345 4930 1407 4984 et
1451 4923 1717 4984 aliorum
1782 4920 2091 4985 bonorum
2124 4925 2407 4999 (cateros
2437 4920 2603 4984 enim
2666 4922 2822 4982 nihil
2858 4920 3119 5003 moror)
3162 4920 3417 4997 judiciis
3447 4924 3755 4997 difﬁdam,

335 5000 610 5085 ideoque
665 5000 935 5085 causam
984 5002 1136 5085 mihi
1187 5003 1517 5063 dicendam
1572 5005 1973 5082 putaverim:
2034 5006 2143 5066 sed
2203 5005 2396 5083 quod,
2460 5023 2602 5065 cum
2638 5004 2795 5078 ipso
2855 5000 2921 5060 in
2971 5001 3091 5085 hcc
3148 5019 3353 5085 opere
3385 5003 3585 5085 falsus
3642 5005 3762 5065 ali-

339 5081 679 5157 cubi—sim,
741 5082 938 5144 nolim
996 5082 1152 5143 alios
1210 5103 1464 5163 quoque
1522 5081 1754 5146 errare.
1812 5085 2027 5147 Primo
2083 5081 2366 5147 omnium
2429 5104 2506 5145 ne
2562 5093 2823 5144 conatus
2879 5081 3133 5164 quidem
3166 5100 3306 5143 sum
3341 5082 3398 5141 id
3434 5086 3757 5164 consequi,

342 5173 411 5228 ut
465 5170 751 5239 Zonaras,
811 5164 1049 5245 Niceten
1107 5181 1180 5225 ac
1238 5162 1527 5243 Gregorae
1585 5166 1942 5227 facundiam
1978 5167 2261 5228 Latinam
2297 5183 2511 5245 parem
2570 5165 2850 5245 Cedreno
2912 5162 3523 5245 conciliarem.Nam
3569 5162 3765 5243 probe

345 5246 502 5308 mihi
557 5264 712 5307 mem
766 5244 1053 5306 conscius
1109 5245 1451 5317 tenuitatis,
1506 5247 1751 5308 nemine
1806 5248 1995 5309 etiam
2056 5243 2373 5317 monente,
2433 5244 2746 5305 habebam
2806 5243 3205 5321 exploratum
3269 5262 3365 5304 me
3401 5245 3608 5306 moliri
3640 5247 3764 5308 hoc

342 5345 468 5387 non
531 5327 758 5386 debere
813 5326 979 5404 quod
1038 5324 1295 5403 elegans
1341 5334 1555 5404 pastor
1602 5331 1823 5389 merito
1878 5328 1968 5388 odi

2141 5328 2249 5399 ait,
2285 5327 2408 5387 ’ἴσον
2446 5330 2602 5401 ὅρευς
2642 5333 2855 5405 κορυφᾷ
2885 5324 3103 5405 τελέσαι
3141 5328 3314 5400 δόμον
3356 5329 3767 5404 ὠρομέδοντος,

338 5409 416 5470 Et
473 5407 726 5485 quidem
786 5403 1016 5468 Grmcm
1073 5405 1307 5484 lingua:
1348 5403 1480 5466 usu
1536 5410 1884 5468 Cedrenum
1936 5408 2012 5466 iis
2069 5426 2224 5485 quos
2277 5406 2597 5467 nominavi
2658 5403 2856 5464 multo
2886 5403 3249 5463 inferiorem
3310 5403 3471 5475 esse,
3539 5408 3772 5467 multo-

337 5484 725 5568 que’minus
780 5488 842 5545 in
912 5506 1026 5546 suo
1101 5488 1236 5546 foro
1289 5487 1612 5555 disertum,
1684 5507 1808 5547 non
1870 5484 2207 5547 difﬁculter
2261 5487 2644 5568 judicabant
2704 5486 3017 5568 lectores;
3081 5502 3239 5568 quos
3298 5484 3506 5568 minus
3573 5487 3770 5549 habet

337 5566 526 5630 etiam
586 5568 753 5645 quod
805 5574 1251 5644 conqueratur,
1328 5570 1376 5628 si
1434 5571 1646 5629 Latine
1707 5569 1925 5646 purius
1999 5568 2038 5627 ii
2097 5569 2479 5647 nitidiusque
2536 5567 2673 5643 ipso
2733 5566 3103 5647 loquuntur.
3139 5566 3252 5647 AAc
3328 5566 3540 5647 nescio
3603 5587 3767 5643 quo-

342 5650 533 5711 modo
597 5644 746 5707 mihi
796 5648 1022 5707 accidit
1071 5654 1141 5707 ut
1204 5649 1521 5709 interdum
1573 5644 1825 5723 invitus,
1896 5648 2095 5727 magis
2167 5644 2392 5710 tamen
2429 5648 2632 5717 solito,
2692 5646 3072 5708 halbutirem
3134 5644 3272 5727 ipse
3331 5646 3548 5718 etiam,
3613 5649 3763 5709 dum

386 5729 681 5791 race-antis
742 5728 928 5789 verba
983 5726 1334 5804 subsequar
1378 5736 1442 5789 et
1497 5729 1847 5792 exorimere
1906 5724 2120 5791 conor.
2181 5730 2305 5792 Sed
2371 5730 2492 5790 hoc
2557 5727 2865 5807 quidquid
2920 5730 3013 5787 est
3082 5724 3254 5802 mali,
3320 5728 3763 5804 aequanimitas

366 5816 647 5874 actorum
683 5809 777 5868 vel
810 5808 1231 5869 dissimulabit
1260 5810 1355 5868 vel
1387 5808 1680 5881 corriget.

419 5895 762 5970 Postquam
822 5906 950 5961 vos,
1009 5888 1363 5950 Mascenatis
1412 5891 1665 5952 nomine
1712 5891 2063 5970 dignissimi
2112 5893 2356 5961 heroes,
2414 5891 2577 5951 ultro
2650 5906 2767 5967 pro
2828 5891 3035 5947 vestra
3089 5885 3476 5964 benignitate
3525 5890 3602 5951 de
3661 5909 3761 5952 me
