4118 6414
292 371 365 433 si
1571 349 2007 434 XYLANDRI'
2039 373 2456 438 vaesano
3640 374 3721 436 22

294 506 552 590 honeste
607 505 978 590 sentientes,
1037 505 1384 590 impulsore
1441 506 1844 590 maxime_D.
1900 508 2213 590 Ludovico
2273 511 2525 584 Carino,
2569 525 2719 590 sene
2783 508 2971 590 longe
3018 507 3383 590 doctissimo
3442 526 3717 589 veroque

291 586 589 648 οῐϐοἰοεω
620 586 685 669 in
747 585 1675 669 cultoresAbonioru‘miartium,
1736 587 2151 648 humanitatis
2208 590 2520 669 exemplo,
2581 585 3067 669 vobisque‘nou
3126 588 3367 666 absque
3417 585 3715 668 gravissi-

295 669 414 727 mis
469 668 674 728 causis
729 673 792 728 et
853 667 1096 729 meritis
1149 666 1521 729 charissima
1574 675 1637 729 et
1666 669 2124 745 acceptissimo,
2175 673 2255 732 de
2305 666 2409 731 me
2433 682 2646 733 autem
2686 668 2935 746 jamdiu
2982 671 3074 729 ita
3103 670 3326 729 merito
3359 666 3443 730 ω’
3471 673 3713 748 gratia-

291 767 427 830 rum
486 749 800 809 actionem
856 748 1045 827 (quas
1101 747 1266 807 enim
1320 748 1550 830 possim
1610 767 1724 827 pro
1754 754 1847 809 tot
1904 750 2223 810 beneﬁciis
2283 752 2400 812 hac
2462 771 2600 812 mea
2653 750 3013 811 conditione
3048 751 3276 810 referre
3306 750 3362 830 ?)
3403 747 3505 811 hic
3535 752 3715 813 locus

286 829 545 905 dignam
600 847 725 888 non
785 829 1019 907 capiat,
1075 828 1442 889 memoriam
1474 837 1687 889 autem
1720 830 1799 889 ab
1852 848 1925 890 eo
1969 830 2031 890 in
2067 849 2165 891 me
2220 834 2647 909 profectarum
2679 830 3202 892 commoditatum
3246 828 3345 889 me
3376 830 3517 891 vivo
3549 832 3710 893 nihil

288 910 371 990 sit
427 911 955 990 obliteraturum;
1015 909 1426 990 suadentibus
1481 909 1647 969 idem
1694 928 1836 970 cum
1893 910 2034 970 aliis
2093 911 2408 988 primariis
2467 913 2613 973 viris
2675 919 2807 971 tum
2866 911 3004 988 ipso
3049 911 3237 971 etiam
3298 911 3550 986 Wolﬁo,
3598 912 3711 990 qui

288 989 471 1069 (nihil
520 988 654 1067 jam
709 991 789 1049 de
837 990 1034 1069 ipsius
1089 989 1387 1049 laudibus
1441 990 1670 1061 dicam,
1723 1008 1866 1049 cum
1927 991 2439 1069 prmdicationem
2503 1011 2707 1054 meam
2764 992 3095 1070 excedant,
3157 1009 3362 1070 neque
3411 991 3533 1052 hoc
3588 988 3711 1054 sibi

286 1070 509 1147 reponi
556 1071 836 1130 muneris
885 1089 999 1149 pro
1045 1070 1183 1151 suis
1224 1071 1461 1131 meritis
1507 1071 1641 1147 ipse
1695 1070 1930 1151 cupiat)
1981 1073 2373 1134 abundantia
2431 1075 2706 1151 quadam
2765 1073 2997 1131 amoris
3047 1090 3293 1150 semper
3352 1090 3451 1131 me
3500 1088 3710 1150 prose-

282 1161 468 1210 cutus
524 1151 703 1228 (ιιιεεί
752 1152 1112 1230 lampadem
1172 1150 1338 1211 hanc
1393 1152 1457 1211 in
1517 1150 2260 1215 decursione'vertenda:
2320 1150 2551 1215 Graecae
2611 1155 2892 1215 historias
2949 1159 3118 1212 recte
3196 1171 3261 1212 se
3320 1152 3705 1214 traditurum

492 1231 925 1313 exi~timavit;
980 1231 1826 1313 postquamrergotledreni
1877 1234 2283 1294 convertendi
2342 1234 2726 1313 provinciam
2782 1234 2936 1293 mihi
2984 1231 3337 1293 credidistis
3394 1232 3477 1311 (id
3535 1233 3706 1310 quod

286 1311 443 1371 mihi
476 1313 638 1393 fuit,
694 1318 764 1371 ut
813 1311 1051 1384 debuit,
1082 1312 1579 1393 gratissimum),
1641 1314 1935 1391 equidem
1984 1314 2047 1372 in
2099 1313 2217 1374 hoc
2247 1311 2505 1376 incubui
2550 1323 2620 1375 ut
2665 1313 3120 1391 exsqectationi
3175 1318 3396 1375 vestrm
3428 1314 3707 1393 meisque

280 1392 610 1474 promissis
658 1398 1019 1474 matureget
1066 1391 1338 1453 ﬁdeliter
1393 1393 1840 1454 satisfacerem.
1900 1394 2126 1455 Omnia
2178 1396 2475 1474 expeditu
2536 1395 2746 1456 facilia
2802 1395 2937 1455 fore
2967 1394 3182 1454 animo
3252 1391 3703 1473 prmoeperam,

282 1472 551 1532 fortasse
606 1491 734 1532 non
784 1473 979 1554 nimis
1035 1478 1427 1551 arroganter,
1492 1480 1560 1534 ut
1613 1475 1722 1552 qui
1782 1492 1906 1533 non
1963 1492 2133 1534 nunc
2191 1472 2464 1553 primum
2525 1476 2645 1537 hoc
2703 1492 2902 1554 genus
2958 1473 3050 1535 rei
3108 1474 3535 1552 tractandum,
3596 1472 3709 1534 su-

281 1554 613 1635 cciperem.
673 1553 796 1614 Sed
854 1552 919 1613 in
975 1571 1305 1634 progtessu
1363 1559 1575 1614 tamen
1631 1554 1694 1613 id
1773 1563 2072 1633 expertus
2127 1552 2265 1616 sum
2323 1556 2495 1635 quod
2578 1552 2821 1618 Alcmus
2905 1554 3060 1616 olim
3142 1554 3468 1634 eleganter
3541 1555 3705 1617 ceci-

284 1634 379 1693 nit
406 1649 425 1694 :

1400 1712 1594 1769 Deleta
1619 1715 1679 1770 in
1705 1714 1888 1770 altum
1916 1730 2043 1770 cum
2069 1716 2237 1771 semel
2266 1722 2349 1772 est
2378 1731 2555 1782 mare,

1398 1784 1731 1857 Quocunque
1759 1790 2052 1857 tempestas
2082 1787 2312 1855 vocabit,

1401 1857 1467 1915 Ut
1486 1857 1590 1913 tibi
1616 1858 1778 1913 navis
1801 1864 1892 1914 eat
1923 1873 2135 1915 necesse
2160 1866 2263 1915 est.

284 1976 491 2035 multa
537 1991 711 2052 spem
764 1990 969 2034 meam
1019 1971 1398 2049 fefellerunt.
1452 1973 1650 2037 Incidi
1695 1975 1758 2035 in
1809 1975 1948 2037 loca
1992 1975 2089 2037 vel
2137 1976 2405 2039 obscura
2453 1976 2549 2038 vel
2586 1974 2805 2037 mutila
2836 1992 3053 2053 stepe;
3116 1973 3223 2034 ubi
3281 1991 3421 2035 cum
3454 1971 3703 2033 nonnisi

276 2072 445 2115 unus
501 2053 701 2137 codex
761 2054 914 2137 mihi
972 2060 1134 2137 esset
1191 2058 1301 2137 aut
1359 2054 1509 2115 alibi
1569 2055 1786 2137 eadem
1849 2061 1959 2137 aut
2014 2056 2244 2116 similia
2305 2057 2650 2137 perscripta
2706 2054 2767 2115 in
2830 2061 3128 2137 promptu
3185 2073 3313 2114 non
3373 2053 3696 2137 haberem,

277 2135 560 2215 Oportuit
619 2151 718 2194 me
777 2134 1041 2196 haerere.
1102 2134 1509 2216 Coniecturae
1567 2136 1696 2197 scio
1756 2136 1996 2216 aliquid
2056 2156 2259 2214 posse,
2306 2133 2427 2197 sed
2508 2133 2597 2198 eis
2658 2133 2861 2215 neque
2937 2135 3087 2195 satis
3144 2140 3297 2195 tutm
3356 2133 3700 2216 aliquando

277 2214 452 2287 sunt,
512 2222 576 2275 et
630 2233 759 2296 non
820 2233 965 2296 raro
1024 2214 1190 2293 quod
1250 2215 1628 2296 conjicerem
1689 2224 1801 2278 aut
1857 2214 1984 2295 quo
2045 2236 2141 2280 me
2200 2220 2495 2279 referrem
2558 2235 2683 2278 non
2743 2214 3171 2277 succurrebat.
3233 2218 3319 2275 Ne
3351 2221 3559 2275 tamen
3604 2215 3703 2275 vel

280 2296 527 2358 auctori
586 2294 682 2355 vel
740 2295 962 2356 lectori
1022 2313 1158 2356 mea
1213 2294 1529 2373 ignoratio
1590 2298 1790 2358 fraudi
1853 2294 2035 2370 esset,
2070 2299 2173 2359 ubi
2234 2300 2438 2359 visum
2497 2305 2590 2359 est
2650 2315 2776 2359 rem
2830 2296 3064 2357 habere
3095 2296 3335 2375 aliquid
3372 2296 3697 2369 momenti,

280 2376 801 2458 annotationibus
861 2376 1013 2436 meis
1072 2394 1185 2454 pro
1244 2377 1408 2437 virili
1466 2396 1596 2439 rem
1658 2380 1924 2458 exposui
1980 2385 2091 2439 aut
2147 2378 2369 2441 saltem
2429 2379 2571 2440 aliis
2627 2378 3024 2440 enodandam
3064 2375 3384 2456 proposui.
3429 2376 3702 2458 Maxime

274 2457 774 2539 barbat‘icalme
834 2461 1219 2539 vexaverant
1277 2457 1609 2539 vocabula,
1674 2455 1945 2537 quorum
2009 2478 2300 2539 magnam
2362 2461 2609 2538 copiam
2671 2459 2866 2520 lector
2938 2455 3237 2530 inveniet,
3298 2455 3703 2539 partim_hy-

272 2538 601 2600 bridarum
633 2536 706 2596 ac
761 2538 1181 2620 μιξοϐαρόἀρωγ
1216 2543 1329 2597 aut
1374 2538 1453 2616 (si
1501 2538 1591 2620 ita
1639 2536 1788 2600 velit
1820 2541 1898 2599 ali

2081 2536 2459 2618 μὶεελλήνωνζ
2508 2539 2735 2620 partim
2788 2557 3045 2617 prorsus
3095 2546 3157 2599 et
3214 2537 3384 2620 apud
3446 2536 3698 2598 Latinos

271 2627 333 2681 et
389 2620 563 2698 apud
620 2621 875 2679 Graecos
935 2618 1433 2697 peregrinorum.
1495 2619 1773 2691 Quorum
1833 2621 1961 2682 alia
2018 2638 2224 2680 rerum
2286 2627 2453 2691 sunt,
2509 2618 2586 2679 'ut
2641 2622 3172 2697 scaramangium,
3209 2618 3479 2687 tuldum,
3515 2635 3698 2678 cum-

273 2701 475 2779 paria,
536 2699 936 2771 barducium,
1002 2698 1172 2763 lmsa.
1219 2706 1283 2760 et
1338 2699 1464 2760 alia
1526 2701 1752 2776 plura;
1815 2701 1940 2761 alia
1998 2700 2347 2761 ofﬁciorum
2381 2700 2864 2779 appellationes,
2929 2708 2998 2759 ut
3055 2698 3697 2779 baraugitprotove-

271 2776 525 2850 stiarus,
590 2780 915 2856 logotheta
971 2779 1198 2843 dromi.
1260 2779 1620 2851 caniclium,
1701 2780 2268 2859 protospatharius,
2332 2776 2733 2859 drungurius,
2811 2797 3082 2840 amaras.
3146 2776 3441 2855 Reperiet
3498 2777 3689 2859 etiam

274 2861 481 2922 multa
540 2862 762 2920 Latina
818 2861 1033 2941 Graeco
1094 2859 1312 2919 habitu
1373 2861 1599 2929 velata,
1659 2858 1900 2941 κίνστὲρν

2063 2868 2293 2938 κάμνον,
2337 2858 2559 2940 λεγάτὰ,
2622 2860 2964 2933 silentium,
3036 2859 3363 2941 asecretia,
3426 2858 3689 2941 scalam,

271 2951 529 3020 κρῦρσον,
562 2946 856 3000 sexcenta
903 2940 1049 2999 alia.
1086 2942 1150 3000 In
1202 2941 1431 3017 quibus
1497 2939 2072 3002 animadvertendis
2147 2949 2209 3001 et
2264 2939 2584 3003 vertendis
2657 2959 2846 3019 quam
2908 2941 3134 3000 fuerim
3196 2939 3366 3011 felix,
3427 2939 3688 3000 nescio:

271 3021 357 3081 fui
418 3028 588 3080 certe
650 3020 910 3081 moleste
967 3027 1331 3099 occupatus.
1396 3022 1576 3095 Quod
1639 3024 1717 3082 ad
1796 3023 2235 3083 annotationes
2308 3039 2480 3082 meas
2538 3021 2782 3092 attinet,
2844 3028 3130 3098 poteram
3191 3038 3297 3082 eas
3355 3021 3694 3081 extendere

271 3107 334 3163 et
390 3101 785 3178 ampliﬁcare
842 3100 1226 3162 indicatioue
1301 3108 1363 3162 et
1421 3103 1896 3181 comparatione
1969 3120 2187 3164 eorum
2265 3120 2409 3182 qum
2467 3102 2637 3180 apud
2715 3101 2874 3162 alios
2941 3100 3555 3182 scriptoresiisdem
3614 3103 3694 3162 de

270 3182 461 3242 rebus
518 3184 881 3255 habentur;
943 3183 1111 3260 quod
1171 3182 1403 3262 ignavo
1460 3184 1742 3244 fortassis
1816 3190 1928 3244 aut
2004 3181 2309 3244 librorum
2389 3184 2573 3262 cOpia
2629 3183 2930 3243 destituto
2994 3181 3208 3243 lectori
3288 3181 3507 3242 fuisset
3565 3200 3691 3242 non

268 3262 614 3340 ingratum.
666 3263 895 3322 Verum
958 3280 1075 3341 ego
1136 3262 1427 3323 brevitati
1474 3265 1736 3338 studui;
1810 3271 1873 3325 et
1920 3282 2062 3325 cum
2116 3269 2431 3342 postremo
2495 3282 2600 3325 eas
2658 3263 3023 3341 relegerem,
3090 3262 3402 3339 permulta
3459 3279 3693 3340 ampu-

269 3343 395 3402 tavi
458 3360 621 3422 quae,
662 3342 785 3402 alio
842 3344 985 3403 loco
1041 3344 1434 3404 commodius
1495 3364 1592 3404 me
1651 3352 2125 3422 persecuturum
2187 3344 2503 3414 videbam,
2564 3363 2708 3405 cum
2770 3343 2875 3403 hic
2933 3343 3030 3403 vel
3087 3342 3339 3402 brevius
3395 3359 3586 3421 quam
3625 3348 3695 3404 ut

266 3424 421 3482 satis
479 3421 983 3502 intelligerentur
1035 3423 1317 3483 indicare
1374 3443 1450 3484 ea
1479 3421 1824 3503 oporteret,
1884 3426 1980 3486 vel
2014 3426 2500 3486 commentando
2550 3432 2731 3484 extra
2783 3425 2936 3483 ﬁnes
2984 3424 3333 3483 annutandi
3365 3422 3688 3501 progredi.

269 3506 393 3563 Has
453 3510 663 3563 autem
726 3503 891 3584 ipsas
948 3504 1385 3565 annotationes
1445 3506 1657 3566 lectori
1722 3524 2020 3583 magnum
2085 3513 2473 3565 momentum
2525 3506 2830 3564 nllaturas
2887 3505 2961 3563 ad
3036 3503 3537 3584 intelligendum,
3580 3504 3691 3563 Ceo

267 3585 560 3659 drenum,
622 3583 1007 3644 aut’saltem
1068 3584 1361 3663 quaedam
1423 3586 1786 3663 diligentius
1842 3587 2275 3658 scrutandum,
2337 3586 2610 3647 conﬁdo.
2670 3585 2822 3646 Mihi
2882 3584 3137 3662 quidem
3194 3583 3545 3644 incredibili
3604 3584 3691 3645 la-

264 3663 416 3747 bore
481 3664 915 3747 constiterunt.
979 3667 1260 3725 Ponetur
1316 3666 1377 3725 in
1438 3667 1612 3727 lucro
1671 3686 1732 3727 a.
1767 3669 1988 3747 gratis,
2047 3668 2098 3726 si
2158 3668 2235 3728 ad
2296 3667 2453 3727 alios
2512 3684 2766 3743 quoque
2839 3664 3286 3747 intelligendos
3345 3664 3684 3747 scriptores

263 3745 408 3827 inde
469 3744 706 3827 aliquid
776 3750 1074 3824 poterunt
1110 3752 1339 3827 petere
1370 3747 1722 3826 adjumenti
1759 3743 1795 3807 ε*
1835 3748 2003 3826 quod
2036 3766 2154 3827 ego
2207 3765 2390 3825 spero
2440 3748 2595 3808 fore.
2646 3746 2901 3827 Numeri
2932 3763 3148 3806 eorum
3209 3743 3487 3827 numeris
3513 3763 3683 3827 mar-

264 3826 395 3903 gini
436 3826 846 3907 ACedreniano
902 3824 1697 3907 appositisgrespondent;
1750 3824 1871 3889 nisi
1927 3824 2100 3907 quod
2156 3824 2323 3905 saepe
2385 3829 2566 3907 plura
2627 3826 2809 3888 unico
2866 3844 3084 3907 sumus
3140 3825 3456 3904 complexi
3507 3824 3675 3907 loca.

263 3907 357 3967 Ad
422 3905 612 3965 ﬁnem
675 3905 925 3967 tabulas
979 3905 1461 3986 chronologicas
1515 3908 1608 3987 (a)
1666 3909 1892 3987 adjeci,
1922 3905 2301 3986 jampridem
2356 3905 2462 3968 eas
2518 3926 2555 3968 a
2588 3925 2686 3968 me
2745 3906 3147 3984 compositas,
3180 3912 3244 3966 et
3271 3923 3411 3966 cum
3445 3905 3526 3966 ad
3557 3906 3686 3967 alia

270 3992 401 4071 tum
434 3988 540 4071 Aad
590 3991 1043 4071 myxpoviapoige
1100 3995 1398 4066 prompto
1453 3986 1863 4050 inveniendos
1927 4007 2002 4050 ac
2065 3989 2396 4049 intervalla
2464 3994 2818 4071 temporum
2864 3987 3288 4071 Asupputangda
3345 3986 3551 4048 utiles.
3611 3987 3683 4049 In

267 4064 364 4127 his
425 4067 555 4126 fere
613 4064 751 4149 sum
811 4064 1157 4149 Funckium
1213 4064 1485 4143 scontus,
1549 4089 1912 4148 quanquam
1972 4070 2106 4148 ipse
2163 4087 2417 4149 quoque
2473 4069 2550 4129 de
2598 4064 3214 4149 iquibusdam’quod
3274 4084 3562 4149 moneam
3624 4073 3688 4127 et

266 4149 582 4224 disputem
641 4148 861 4230 videor
895 4149 1061 4230 mihi
1113 4148 1398 4221 habere;
1452 4147 1619 4227 quod
1670 4151 1876 4229 ipsum
1927 4147 2115 4230 quale
2162 4147 2262 4222 sit,
2316 4147 2442 4210 alio
2502 4150 2661 4223 loco,
2723 4149 2774 4207 si
2833 4151 2996 4209 Deus
3052 4147 3275 4230 volet,_
3307 4148 3682 4230 proferetur.

264 4230 527 4289 Grmcus
577 4228 778 4288 codex
836 4228 1045 4288 editur
1102 4229 1578 4307 diligentissime
1632 4227 1712 4291 et
1763 4227 2012 4290 summa
2070 4230 2193 4290 fide
2224 4249 2298 4291 ac
2357 4230 2571 4290 labore
2634 4247 2757 4288 non
2790 4230 3020 4305 exiguo
3079 4227 3453 4306 descriptus,
3486 4227 3688 4287 colla-

262 4315 491 4387 tusque
539 4326 680 4369 cum
730 4315 940 4390 vestro
989 4311 1303 4387 exemplo.
1353 4311 1441 4370 Ex
1491 4330 1567 4371 eo
1594 4311 1828 4390 poterit
1873 4309 2231 4372 emendatio
2281 4328 2499 4370 eorum
2556 4310 2718 4369 sumi
2775 4307 3123 4390 indquibus
3178 4319 3271 4368 est
3326 4327 3364 4368 a
3422 4325 3517 4368 me
3551 4324 3690 4387 pec—

263 4395 503 4472 catum,
565 4391 647 4472 Ut
695 4389 861 4449 enim
921 4408 1234 4467 nusquam
1298 4388 1903 4472 mehallucinatum
1955 4392 2280 4472 proﬁtear,
2342 4409 2466 4451 non
2529 4390 2709 4451 facile
2770 4388 2927 4472 mihi
2965 4388 3322 4472 quisquam
3364 4405 3689 4472 persuase-

264 4468 362 4528 rit.
427 4469 693 4530 Conﬁdo
753 4476 961 4530 tamen
1022 4487 1239 4549 equos
1296 4471 1657 4551 peritosque
1726 4468 2058 4534 rerum'et
2130 4489 2555 4533 aerumnarum
2616 4487 2758 4549 quas
2838 4470 2899 4551 in
2937 4468 3688 4551 Ahujusmodiuoperibus

260 4557 402 4609 sunt
460 4551 858 4611 exautlandm
918 4551 1183 4611 lectores
1240 4571 1364 4613 non
1420 4551 1510 4613 ita
1543 4549 1741 4612 multa
1796 4553 2281 4624 desideraturos,
2341 4560 2409 4613 ut
2439 4570 2564 4613 non
2621 4551 2746 4611 sint
2799 4549 2953 4610 mihi
3007 4568 3121 4627 pro
3156 4549 3475 4610 laboribus
3501 4550 3681 4610 hisce

262 4632 533 4712 gratiam
596 4630 892 4691 habituri.
950 4632 1143 4712 Vobis
1194 4640 1430 4705 autem,
1490 4633 1619 4693 Viri
1677 4634 2078 4712 amplissimi,
2147 4633 2329 4694 vobis
2384 4638 2711 4712 acceptum
2770 4632 2928 4691 ferre
2994 4630 3249 4712 debent,
3289 4649 3501 4712 quam
3560 4629 3683 4712 hoc

260 4729 450 4788 opere
505 4710 772 4789 legendo
830 4711 1162 4793 utilitatem
1240 4710 1851 4793 delectationemque
1907 4714 2205 4793 capient:
2295 4713 2495 4783 vobis,
2537 4710 2870 4791 'inquam,
2942 4729 3077 4793 non
3148 4711 3326 4793 mihi.
3413 4710 3688 4772 Tametsi

262 4794 424 4873 enim
486 4793 696 4873 studio
751 4792 1112 4869 reipublicm
1194 4792 1511 4856 litterarim
1572 4792 1873 4873 juvandm
1940 4792 2131 4871 atque
2189 4793 2647 4871 tocupletandze
2719 4798 2935 4852 tenear
2988 4792 3085 4873 vel
3145 4792 3443 4873 maximo,
3523 4810 3687 4871 pau-

260 4871 476 4950 cisque
506 4871 700 4951 (quod
763 4873 967 4953 velim
999 4891 1187 4932 nemo
1233 4875 1470 4936 dictum
1523 4871 1924 4953 arrogantius
1960 4874 2164 4953 putet)
2209 4875 2537 4935 voluntate
2586 4874 2771 4953 bene,
2800 4871 3080 4953 merendi
3123 4871 3203 4931 de
3252 4873 3457 4950 patria
3501 4873 3683 4943 cedo,

262 4960 371 5012 aut
427 4953 691 5013 fortasse
739 4952 998 5021 nemini,
1057 4961 1269 5014 tamen
1328 4974 1397 5016 ea
1450 4963 1544 5016 est
1600 4951 1808 5015 rerum
1862 4951 2149 5015 mearum
2178 4955 2474 5026 tenuitas,
2540 4960 2611 5013 ut
2664 4952 2780 5012 nisi
2839 4952 2980 5012 aliis
3043 4951 3250 5013 locata
3283 4970 3423 5012 mea
3464 4969 3683 5030 opera,

262 5032 364 5110 qui
427 5033 822 5094 fortunarum
885 5051 1167 5094 mearum
1230 5034 1503 5095 habeant
1558 5054 1633 5097 ac
1690 5037 1975 5096 laborum
2011 5042 2073 5096 et
2123 5054 2253 5098 sum
2313 5033 2705 5095 liberalitatis
2762 5033 3096 5100 rationem,
3131 5031 3443 5092 scribendi
3488 5031 3689 5093 facul-

263 5119 448 5195 tetem
510 5114 777 5174 habeam
837 5114 1103 5175 nullam.
1162 5116 1241 5176 Et
1290 5117 1580 5194 quamvis
1637 5117 1834 5178 multo
1892 5124 1987 5177 est
2043 5135 2233 5195 quam
2293 5115 2570 5194 imperiti
2627 5114 2883 5175 credere
2947 5113 3190 5195 possint
3243 5112 3683 5195 aerumnosius,

257 5193 391 5265 ista,
461 5195 678 5273 qualia
736 5212 850 5255 nos
909 5195 1035 5255 fere
1083 5193 1396 5257 edidimus
1454 5197 1687 5269 adhuc,
1740 5193 2171 5270 conscribere;
2238 5202 2304 5256 ut
2349 5193 2474 5256 non
2507 5196 2763 5255 domino
2815 5199 3061 5255 tantum
3111 5193 3287 5254 fundi
3321 5193 3683 5265 maximam,

257 5274 359 5334 sed
408 5282 485 5357 et
542 5277 770 5336 colono
827 5276 1107 5354 aliquam
1169 5279 1438 5355 gratiam
1499 5278 1728 5338 debere
1779 5277 1974 5337 videri
2033 5278 2277 5357 possint
2333 5277 2443 5354 qui
2500 5276 2788 5357 frugibus
2839 5280 3217 5357 vescuntur;
3277 5294 3396 5357 ego
3427 5273 3684 5335 interim

259 5356 421 5433 quod
486 5357 566 5415 ab
624 5357 764 5416 atiis
814 5357 1063 5433 exigam
1126 5376 1250 5416 non
1312 5357 1539 5427 habeo,
1603 5359 1703 5418 cui
1746 5358 2008 5418 dubium
2036 5354 2166 5419 non
2200 5358 2282 5418 sit
2338 5360 2488 5436 quin
2552 5375 2720 5417 meos
2775 5355 2836 5436 in
2898 5354 3016 5436 hoc
3071 5372 3262 5436 opere
3295 5355 3543 5436 labores
3574 5373 3690 5432 pro

260 5443 461 5495 vestra
520 5436 900 5497 liberalitate
958 5444 1151 5513 atque
1236 5439 1668 5499 munificentia
1744 5439 1830 5498 ita
1886 5440 2020 5499 sitis
2096 5434 2590 5513 compen‘saturi,
2653 5444 2723 5495 ut
2794 5435 3025 5514 insigni
3099 5434 3276 5494 vobis
3349 5434 3692 5496 obstrictus

263 5515 563 5597 beneﬁcio
619 5524 958 5596 perpetuas
989 5517 1104 5577 sim
1145 5517 1477 5579 debiturus
1507 5526 1698 5597 atque
1749 5519 2081 5580 habiturus
2131 5519 2388 5597 gratias.
2424 5522 2627 5595 Atque
2654 5534 2772 5593 ego
2828 5533 2978 5574 sane
3010 5533 3238 5597 “neque
3297 5517 3438 5577 volo
3486 5534 3693 5594 neque

264 5596 455 5657 debeo
515 5594 703 5658 etiam
738 5594 1042 5667 'ditﬁteri,
1113 5597 1276 5658 hanc
1339 5600 1489 5660 mihi
1550 5594 1936 5675 potissimam
1997 5594 2186 5660 fuisse
2242 5617 2399 5660 mea
2456 5594 2633 5659 vobis
2688 5612 2898 5673 operae
2956 5594 3293 5656 offerendas
3352 5604 3544 5675 atque
3578 5613 3691 5655 na—

259 5679 493 5759 vandte
532 5697 816 5752 causam,
880 5684 948 5759 ut
1002 5686 1345 5759 consecuto
1403 5682 1573 5759 quod
1635 5681 1828 5751 volui,
1891 5699 2076 5741 nemo
2138 5680 2296 5741 alius
2380 5697 2566 5759 porro
2644 5677 2724 5759 sit
2798 5675 3237 5759 appellandus.
3299 5682 3417 5759 At__
3466 5684 3688 5759 vestras

261 5758 730 5836 magniﬁcentiae
789 5757 958 5839 quis,
1021 5758 1140 5819 nisi
1190 5759 1388 5820 animi
1423 5756 1719 5840 —prorsus
1777 5761 2058 5839 obnoxii,
2121 5756 2445 5839 negaverit
2494 5756 2851 5836 plurimum
2900 5774 2938 5816 a
2994 5757 3323 5836 republica
3378 5756 3687 5818 litteraria

267 5882 547 6013 “(attigs
573 5881 977 5956 chronologia,
1009 5883 1147 5954 quia
1164 5883 1423 5942 virorum
1453 5886 1760 5943 doctorum
1785 5885 2010 5957 judicio
2042 5901 2156 5942 non
2190 5885 2333 5942 satis
2363 5886 2636 5940 accurata
2665 5887 2781 5952 est,
2806 5883 2867 5940 in
2902 5881 3012 5938 hac
3045 5881 3301 5938 editione
3332 5880 3685 5953 pratormil-

346 5971 406 6013 es
435 5996 450 6013 .
521 5970 800 6013 nemo.

346 5970 450 6013 ιιι.
479 5970 800 6014 ιτΑιιιοτυι.
