4118 6442
347 377 426 473 2'7
1704 408 2026 472 GEORGII
2071 408 2420 473 CEDBENI
3716 421 3805 480 εδ

350 544 510 607 runt,
543 538 777 610 ipsique
808 539 961 594 inter
990 556 1050 594 se
1084 539 1515 611 dissenserunt.
1570 541 1699 595 Jam
1746 539 2003 593 Joannes

2120 535 2358 605 Ιωᾶννης
2417 539 2444 591 ὁ
2504 542 2811 612 Θρᾳκήσιος
2863 542 2924 596 τὸ
2998 541 3308 616 ἐπώνυμον,
3370 546 3803 621 συντομωτέραν

349 628 863 692 Protovestiarius,
897 636 1293 703 cognomento
1322 629 1691 696 Thracesius,
1729 641 2005 699 compen-

351 720 672 777 diosiorem
704 737 908 776 eorum
942 737 1073 791 quas
1100 721 1348 776 diversis
1381 726 1707 776 evenerunt
1726 718 2007 790 tempori-

347 810 459 865 bus
480 809 754 865 notitiam
784 810 1017 865 tradere
1049 817 1318 875 conatus,
1351 826 1531 882 supra
1562 824 2002 866 commemora-

350 904 547 953 torum
572 900 927 970 scriptorum
950 900 1217 955 historiis
1239 905 1514 956 accurate
1538 899 1818 971 perfectis
1840 898 2007 953 inde-

354 1004 469 1058 que
496 988 557 1042 in
613 1005 751 1043 suos
783 990 1243 1045 commentarios
1292 1007 1424 1060 quae
1456 989 1530 1044 ad
1574 1004 1700 1043 rem
1741 987 2008 1043 facerent

349 1077 605 1141 collatis,
638 1078 711 1133 ab
743 1079 903 1133 exitu
932 1079 1269 1149 Nicephori.
1306 1079 1476 1151 cujus
1504 1078 1678 1151 paulo
1710 1083 1847 1134 ante
1880 1093 2004 1132 me«

350 1168 643 1222 minimus
675 1183 919 1223 exorsus
953 1169 1522 1239 estrepudiatisque
1556 1185 1689 1239 quas
1722 1184 1791 1223 ex
1821 1167 2005 1221 animi

349 1258 754 1312 commotione
786 1263 889 1312 aut
921 1258 980 1312 in
1010 1258 1259 1331 gratiam
1293 1258 1551 1328 alicujus
1601 1257 1825 1328 scripta
1874 1256 2004 1311 fue-

350 1351 505 1411 rant,
527 1347 750 1402 nudam
780 1346 1095 1402 historiam
1131 1347 1395 1404 tradidit.
1430 1348 1546 1402 Nos
1577 1352 1775 1401 autem
1807 1344 2006 1400 evolu-

350 1435 426 1490 tis
455 1434 669 1489 horum
720 1435 909 1502 libris,
960 1436 1219 1507 indeque
1270 1437 1342 1491 iis
1374 1453 1505 1507 quas
1548 1434 1839 1491 attinebat
1887 1432 2008 1489 col-

349 1524 540 1590 lectis,
593 1523 846 1595 adjectis
903 1525 1165 1580 Betiam
1224 1542 1377 1597 quae,
1420 1541 1555 1580 cum
1615 1541 1737 1579 non
1807 1528 2009 1579 essent

350 1612 672 1684 scripta,ab
693 1613 955 1685 antiquis
977 1614 1322 1670 hominibus
1346 1613 1565 1669 tradita
1582 1613 2006 1680 didiceramus,

350 1718 472 1758 non
504 1718 694 1774 pauca
737 1702 913 1757 etiam
949 1719 1022 1758 ex
1081 1719 1261 1773 parva
1294 1703 1529 1768 Genesi,
1587 1701 2008 1758 ecclesiasticis

346 1791 615 1846 historiis
645 1790 901 1862 aliisque
930 1791 1069 1846 libri
1101 1791 1413 1863 complexi,
1449 1790 1669 1847 cursim
1713 1790 1915 1845 omnia
1945 1789 2006 1844 in

347 1897 535 1937 unum
568 1880 1015 1952 composuimus
1045 1881 1344 1937 volumen.
1377 1881 1544 1946 Quod
1575 1895 1723 1951 opus
1752 1876 2007 1951 posteris
2039 1910 2087 1975 Β

351 1969 746 2041 relinquimus
760 1975 1046 2041 tanquam
1063 1970 1138 2026 ali
1152 1974 1417 2026 mentum
1436 1975 1709 2025 tenerum
1735 1985 1803 2024 ac
1845 1967 2011 2023 mola

351 2065 771 2133 praeparatum,
830 2064 896 2115 ut
955 2065 1014 2114 et
1065 2059 1166 2130 qui
1227 2058 1521 2115 dictorum
1578 2059 2008 2115 historicorum

358 2149 579 2220 scripta
610 2149 902 2218 legerunt,
956 2149 1418 2204 commentarios
1469 2147 1730 2204 habeant
1768 2146 2011 2217 (etenim

353 2239 530 2295 lectio
583 2239 658 2294 ad
697 2238 1173 2294 recordationem
1226 2239 1604 2295 excitandam
1639 2244 1726 2295 est
1773 2237 2007 2302 efﬁcax,

351 2328 753 2384 recordationi
779 2328 852 2382 ad
870 2327 1150 2383 alendam
1171 2328 1630 2401 augendamque
1654 2328 2010 2383 memoriam

351 2417 436 2472 vis
465 2416 1093 2488 est,quemadmodum
1127 2424 1334 2473 contra
1364 2417 1599 2473 incuria
1617 2423 1676 2473 et
1704 2416 2007 2490 negligen-

344 2505 431 2561 tia
447 2506 829 2562 immemores
852 2506 1078 2573 reddit;
1103 2506 1261 2563 unde
1285 2523 1530 2579 prorsus
1552 2507 1768 2563 oblivio
1792 2522 2006 2563 conse-

2122 622 2391 680 ένδιδὸναι
2422 627 2733 702 κατάληψιν
2763 635 2872 686 τῶν
2903 630 2956 686 ἐν
3014 629 3301 710 διαφόροις
3350 630 3798 707 συμϐεϐηκότων

2120 720 2357 804 καιροῖς,
2389 716 2483 778 τὰς
2513 722 2620 772 τῶν
2654 718 2747 773 ἃνο
2779 719 3174 795 θενλεχθέντων
3221 723 3577 804 συγγραφέων
3630 724 3798 781 ἱστο-

2122 803 2238 876 ρίας
2291 804 2685 879 ἀναλεξάμενος
2717 810 2805 863 καὶ
2838 807 3230 884 ἐγκατάσκευον
3271 803 3648 885 ποιησάμενος
3679 816 3795 885 τήν

2118 894 2330 970 γραφὴν
2363 894 2470 949 ἀπὸ
2498 900 2594 950 τοῦ
2624 895 2819 960 τέλους
2851 899 3053 973 ἤρξατο
3093 906 3190 956 τοῦ
3252 902 3357 956 ἀπὸ
3401 909 3634 977 γενικῶν
3691 910 3796 958 Νι-

2121 983 2390 1061 κηφόρον,
2421 985 2513 1039 καὶ
2552 986 2619 1041 τὰ
2645 985 2908 1058 ἐμπαθῶς
2939 988 2973 1059 ἢ
3006 989 3097 1044 καὶ
3129 992 3265 1066 πρὸς
3298 993 3461 1067 χάριν
3513 991 3798 1068 λεχθέντα

2119 1070 2602 1145 ἀποδιοπόμπησε,
2650 1078 2861 1148 γυμνὴν
2916 1078 3018 1145 τήν
3076 1079 3320 1153 ἱστορίαν
3374 1078 3795 1156 παραδέδωκεν.

2119 1160 2310 1234 Ἡμεῖς
2340 1158 2417 1227 δὲ,
2446 1164 2541 1225 τὰς
2568 1163 2775 1218 τούτων
2810 1163 3129 1228 ἐπελθόντες
3181 1164 3438 1243 βίϐλους,
3483 1171 3550 1224 τὰ
3597 1171 3802 1226 εἰκότα

2120 1247 2493 1324 συνελέξαμεν,
2551 1253 2870 1328 προσθέντες
2920 1256 3010 1309 καὶ
3068 1255 3167 1312 ὅσα
3230 1258 3489 1336 ἀγράφως
3551 1260 3611 1315 ἐκ
3681 1282 3802 1317 πα-

2121 1340 2290 1397 λαιῶν
2326 1338 2534 1413 ἀνδρῶν
2566 1338 2959 1417 ἐδιδάχθημεν.
3006 1343 3187 1400 Ἀλλὰ
3222 1349 3328 1420 μὴν
3380 1350 3469 1404 καὶ
3522 1348 3629 1404 ἀπὸ
3687 1357 3800 1420 τῆς

2119 1432 2334 1493 Λεπτῆς
2364 1430 2689 1492 Γενέσεσεως
2730 1433 2842 1505 (l3)
2904 1433 3003 1488 οὐκ
3056 1431 3221 1510 ὀλίγα
3278 1434 3635 1507 συλλέξαντες
3696 1438 3798 1495 καὶ

2118 1517 2225 1573 ἀπὸ
2282 1515 2750 1587 έκκλησιαστικῶν
2808 1522 3066 1594 ἱστοριῶν
3129 1523 3219 1577 καὶ
3282 1525 3372 1602 ἀφ’
3430 1525 3630 1601 ἑτέρων
3702 1528 3797 1603 βι-

2119 1601 2317 1672 ϐλίων,
2392 1607 2483 1662 καὶ
2564 1609 2653 1684 ὑφ’
2724 1606 2781 1664 έν
2856 1608 3236 1683 ἐπιδρομάδην
3278 1601 3619 1686 συνθέμενοι,
3661 1601 3794 1680 τοῖς

2122 1697 2592 1771 μεταγενεστέροις
2622 1695 3102 1773 καταλελοίπαμεν
3155 1702 3363 1779 τροφὴν
3418 1702 3641 1771 ἁπαλὴν
3694 1705 3792 1759 καὶ

2116 1783 2526 1860 ἀληλεσμένην,
2558 1784 2638 1856 ἵν,
2673 1788 2725 1842 οἱ
2770 1788 2866 1861 μὶν
2921 1791 3016 1851 τὰς
3071 1795 3179 1846 τῶν
3235 1789 3509 1865 ῥηθέντων
3565 1793 3794 1869 ἕστορι-

2116 1878 2229 1929 κῶν
2264 1869 2494 1950 βίϐλους
2532 1874 2850 1941 ἐπελθόντες
2886 1875 3068 1954 ἔχοιεν
3106 1880 3477 1955 ὑπομνήματα
3507 1879 3654 1954 (οἶδε
3682 1884 3795 1958 γὰρ

2118 1966 2154 2033 ἡ
2206 1962 2505 2038 ἀνάγνωσις
2561 1963 2858 2037 ἀνάμνησιν
2918 1966 3192 2041 ἐμποιεῖν,
3251 1971 3285 2039 ἡ
3348 1967 3418 2023 δι’
3475 1969 3798 2044 ἀνάμνησις

2117 2052 2330 2130 τρέφειν
2360 2053 2448 2107 καὶ
2486 2050 2801 2129 μεγαλύνειν
2860 2057 2960 2125 τὴν
3018 2058 3269 2129 μνήμην,
3321 2056 3504 2134 ὣσπερ
3553 2059 3795 2115 τούναν-

2118 2143 2302 2209 τίονὴ
2364 2139 2594 2215 ἀμέλεια
2640 2142 2731 2196 καὶ
2793 2140 3043 2217 ῥᾳστώνη
3115 2144 3387 2223 ἐπιφέρειν
3447 2150 3794 2221 αμνηστίαν,

2117 2234 2264 2305 ᾗτινι
2320 2233 2537 2294 πάντως
2593 2231 2779 2288 ’ὲπεται
2837 2232 3010 2305 λήθη,
3106 2235 3424 2311 ἀμαυροῦσα
3493 2237 3585 2292 καὶ
3650 2260 3800 2314 συγ-

2118 2321 2322 2397 χέουσα
2379 2322 2477 2390 τὴν
2538 2323 2760 2394 μνήμην
2816 2327 2924 2378 τῶν
2981 2324 3431 2401 πεπραγμένων),
3493 2328 3544 2380 οἱ
3610 2330 3795 2399 μήπω

2116 2410 2534 2486 ἐντετυχηκότες
2582 2415 2701 2474 ταῖς
2756 2410 3019 2486 ἱστορίαις
3078 2409 3284 2488 ἀδηγὸν
3372 2413 3554 2490 ἔχοιεν
3614 2414 3793 2488 τήνδε

2115 2503 2213 2572 τήν
2247 2499 2538 2574 ἐπιτομήν.

349 2595 930 2667 quitur,memoriam
960 2613 1160 2651 rerum
1188 2602 1488 2667 gestarum
1522 2596 1848 2653 obscurans
1878 2602 2058 2668 atque
2089 2592 2574 2662 confundens),et
2604 2593 2704 2664 qui
2736 2592 3018 2649 historias
3048 2593 3316 2651 nondum
3347 2603 3763 2669 cognoverunt
3788 2641 3804 2671 ,

348 2685 461 2740 hoc
490 2684 844 2757 compendio
877 2685 1141 2740 ductoris
1172 2685 1302 2741 loco
1335 2690 1599 2740 utantur.

420 2774 717 2846 Principio
748 2774 890 2829 fecit
918 2774 1073 2830 Deus
1103 2774 1318 2830 caalum
1343 2780 1402 2829 et
1426 2773 2000 2831 terram.Confusius

346 2864 423 2918 iic
449 2862 653 2918 mundi
674 2863 942 2934 partibus
963 2863 1284 2918 nominatis
1306 2879 1438 2934 quae
1461 2862 1717 2919 maxime
1739 2862 2000 2934 reliquas

2182 2771 2268 2827 Ἐν
2302 2770 2451 2844 ἀρχῇ
2511 2767 2761 2837 ἐποίησεν
2817 2770 2846 2823 ὁ
2907 2768 3038 2832 Θεὸς
3086 2770 3180 2825 τὸν
3237 2770 3469 2846 οὐρανὸν
3533 2773 3628 2828 καὶ
3682 2774 3790 2845 τὴν

2109 2866 2231 2936 γῆν.
2267 2861 2612 2935 Παχυμερῶς
2641 2857 2808 2914 εἰπὼν
2846 2858 2915 2913 τὰ
2969 2860 3403 2915 συνεκτικώτατα
3458 2866 3569 2917 τῶν
3630 2884 3793 2920 στοι-

347 2952 408 3006 in
468 2968 528 3006 se
583 2952 913 3016 continent,
963 2950 1303 3007 distinctius
1344 2952 1626 3023 deinceps
1685 2952 2004 3009 creationis

2117 2934 2313 3027 χείων,
2371 2934 2506 3021 μετὰ
2558 2951 2725 3003 ταῦτα
2781 2947 3139 3023 λεπτομερῶς
3194 2949 3463 3025 ἐξηγεῖται
3527 2953 3632 3021 τήν
3685 2952 3793 3028 ἀρ-

1554 3050 1921 3107 XYLANDRI
1958 3052 2048 3107 ET
2088 3050 2306 3106 GOARI
2345 3049 2565 3104 ΝΟΤᾸΞ.

351 3164 531 3221 quam
573 3165 641 3204 ac
671 3165 798 3205 rem
832 3147 1175 3221 gerendam,
1210 3148 1371 3221 quod
1419 3165 1491 3205 ex
1538 3148 1689 3204 locis
1728 3148 2009 3221 plurimis

349 3220 617 3277 constat:
652 3222 984 3291 quinetiam
1036 3220 1097 3275 in
1129 3221 1343 3277 Basilio
1390 3221 1635 3276 Romani
1695 3220 1819 3276 ﬁlio
1870 3237 2008 3292 pro-

348 3293 724 3348 tovestiarius
786 3293 900 3348 Leo
958 3292 1215 3347 dictator
1274 3292 1661 3363 imperatoria
1717 3297 2007 3363 potestate

349 3370 587 3420 creatur
625 3370 831 3419 contra
863 3364 1147 3420 Sclerum.
1167 3363 1524 3435 Aliquando,
1557 3363 1717 3435 quod
1748 3371 1837 3420 est
1865 3364 2008 3418 inti-

350 3452 608 3502 morum,
641 3436 715 3491 ad
745 3436 993 3491 insidias
1016 3436 1126 3506 ipsi
1150 3441 1405 3507 structas
1430 3436 1776 3506 imperatori
1803 3436 2008 3507 explo-

350 3507 570 3563 randas
600 3514 665 3561 ut
694 3507 753 3561 in
786 3507 979 3562 Leone
1013 3506 1215 3561 Basilii
1247 3507 1365 3562 ﬁlio
1398 3514 1604 3562 noster
1633 3506 1912 3562 ostendit.
1939 3508 2010 3562 Et

349 3580 411 3634 in
446 3579 836 3651 Constantino
859 3578 1107 3635 Romani
1138 3579 1260 3633 ﬁlio
1283 3580 1717 3649 protovestiarii
1750 3579 2008 3651 dignitas

296 3662 301 3667 '
348 3651 622 3723 proxima
679 3668 714 3705 a
762 3650 1105 3723 domestico
1147 3651 1487 3707 scholarum
1546 3656 1604 3716 et
1643 3650 2004 3723 accubitore,

350 3721 526 3795 biglze
558 3722 879 3795 drungario
910 3722 1184 3795 superior
1200 3723 1556 3795 ostenditur.
1591 3721 1759 3795 Quod
1782 3723 1829 3777 si
1855 3722 2008 3795 cuia

348 3793 581 3865 vestitu,
627 3793 947 3865 deductum
989 3793 1119 3865 hoc
1178 3810 1397 3849 nomen
1442 3793 2007 3865 minusrplacetLis

352 3865 502 3921 sciat
563 3863 871 3936 βεστιάειον
928 3864 1086 3936 apud
1144 3865 1489 3920 Choniat'im
1562 3863 1711 3917 aier
1751 3863 2005 3936 ταμιείου

350 3937 515 4009 poni,
569 3952 673 4006 pro
706 3936 981 4009 cubiculo
1034 3936 1338 3991 nimirum.
1378 3943 1460 3993 ut.
1510 3937 1667 4009 sicut
1708 3936 1852 4001 dixi,
1894 3936 2006 3992 hac

393 4023 589 4078 uoque
613 4008 1214 4078 rationeintimorum
1239 4009 1499 4078 aliquem
1517 4008 2006 4064 administrorum

393 4026 589 4078 uoque
613 4026 843 4063 ratione
867 4026 1214 4063 intimorum
1239 4026 1499 4078 anquem
1517 4026 2003 4064 aomimstrorum

350 4026 637 4152 gesignet.
673 4079 760 4152 {id
790 4074 1056 4132 ἐνδιδόναι
1088 4079 1276 4152 deest,
1295 4151 1308 4152 ᾧ
1324 4079 1556 4150 opinor,
1602 4080 2003 4151 participium,

345 4148 551 4225 utpote
576 4148 917 4225 βουλόμενος
948 4158 1049 4225 aut
1070 4150 1273 4207 simile
1290 4148 1500 4225 Xir..—
1522 4148 2005 4225 Joannemistum

351 4222 623 4296 eumdem
660 4239 788 4277 esse
821 4223 1111 4296 quivulgo
1143 4222 1739 4296 (Juropalataprobat
1761 4239 2004 4291 nomen,

350 4295 710 4349 conﬁrmant
769 4296 1009 4366 scripta.
1048 4294 1461 4365 'auctor’ipse
1516 4294 1817 4350 Cedrenus
1881 4310 2005 4349 non

351 4366 599 4421 obscure
641 4367 910 4438 seggerit.
947 4367 1169 4421 Nomen
1204 4368 1265 4421 in
1316 4366 1635 4438 manifesto
1677 4371 1811 4438 est;
1872 4368 2003 4436 ejus

2118 3149 2197 3203 sit
2226 3146 2433 3204 eadem
2467 3147 2730 3203 narratio
2756 3144 2973 3219 verbis,
2998 3147 3046 3202 si
3078 3164 3269 3219 panca
3300 3148 3528 3215 demas,
3563 3150 3790 3209 iisdem

2117 3224 2415 3279 contexta.
2450 3220 2610 3274 hunc
2642 3236 2714 3275 ex
2743 3218 2861 3274 alio
2894 3235 3001 3273 sua
3054 3218 3311 3276 mutuari
3354 3220 3466 3274 fuit
3503 3238 3781 3280 necesse.

2118 3291 2461 3347 Memoratis
2502 3296 2700 3346 autem
2755 3290 2815 3345 in
2862 3290 3172 3361 utriusque
3223 3292 3509 3362 proaemio
3561 3294 3789 3352 iisdem

2118 3363 2504 3419 historiarum
2538 3362 2901 3428 auctoribus,
2933 3363 3179 3417 Joannis
3210 3362 3507 3418 Thracesii
3556 3381 3789 3424 nomen

2116 3442 2177 3491 et
2205 3451 2388 3507 opera
2435 3434 2741 3507 Cedrenus
2794 3433 3095 3507 exprimit,
3150 3434 3323 3507 cujus
3370 3434 3529 3507 velut
3576 3437 3777 3507 ipsius

2116 3503 2367 3562 Cedreni
2420 3505 2579 3577 apud
2627 3503 3058 3579 Guropalatam
3096 3503 3264 3561 nulla
3310 3503 3786 3579 mentioiquod

2116 3575 2473 3650 argumento
2532 3582 2621 3650 est
2658 3577 2947 3650 Joannem
2999 3575 3193 3650 illum,
3244 3578 3516 3650 quisquis
3571 3575 3781 3650 fuerit,

2115 3646 2533 3721 Cedrenomon
2566 3647 2921 3721 Curopalala
2953 3648 3211 3721 priorem
3237 3646 3428 3721 {alias
3470 3646 3780 3721 quomodo

2115 3722 2484 3793 Guropalatze
2506 3719 3276 3793 ignotus_,sipraeces_sisset?
3293 3721 3379 3776 vel
3399 3719 3517 3792 qua
3540 3724 3782 3781 ratione

2117 3810 2152 3849 a
2182 3791 2532 3865 Curopalata
2564 3791 2835 3865 praevios
2858 3791 3122 3865 historiae
3154 3791 3474 3865 scriptores
3524 3810 3779 3851 enume~

2116 3872 2286 3921 rante
2320 3860 2443 3921 tum
2485 3860 2744 3919 Joannes
2775 3862 2899 3926 ille,
2931 3862 2977 3916 si
3008 3860 3162 3918 foret
3190 3860 3362 3925 alius,
3397 3869 3524 3919 tum
3557 3866 3774 3922 Cedre-

2116 3953 2230 3992 nus
2283 3937 2411 4007 ipse
2467 3935 2765 4007 sileretur,
2829 3933 2877 3988 si
2936 3934 3185 3988 Cedreni
3234 3934 3422 4007 verba
3472 3934 3780 4007 sigillatim

2116 4005 2356 4064 secutus
2386 4013 2632 4063 cunctos
2663 4006 2813 4062 alios
2845 4011 3116 4078 auctores
3148 4005 3356 4061 ordine
3407 4005 3775 4078 recc—nseret,

2116 4081 2328 4136 horum
2362 4079 2608 4135 nomina
2638 4093 2956 4149 suppressa
2986 4075 3160 4149 vellet
3186 4092 3255 4133 ex
3287 4078 3508 4134 invidia
3550 4080 3641 4134 vel
3704 4075 3781 4139 ei

2115 4150 2398 4224 ignavia?
2426 4149 2619 4205 Satius
2651 4147 2852 4220 itaque
2882 4147 3568 4224 dic_endum.Qedrenum
3593 4157 3774 4210 astate

2116 4220 2482 4294 C'uropalataa
2497 4237 2813 4294 supparem
2830 4220 3433 4294 nondum_absolvisse
3448 4222 3775 4292 historiam,

2114 4291 2533 4366 (Iuropalatam
2556 4291 2693 4366 vero
2722 4291 2975 4366 ulterius
3006 4291 3409 4366 deduxisse,et
3436 4309 3502 4347 ex
3528 4309 3599 4349 eo
3630 4291 3777 4351 nec;

2115 4382 2237 4422 non
2272 4361 2404 4422 aliis
2434 4363 2603 4437 plura
2632 4362 2856 4435 absque
2884 4361 3087 4437 labore
3121 4364 3547 4437 et_immutato
3570 4382 3778 4423 narra-

349 4438 600 4493 historia
629 4428 890 4492 abwéxite
922 4438 1257 4509 Nicephori,
1292 4453 1326 4492 a
1376 4435 1673 4492 Michaelis
1727 4428 2005 4493 videlicet
2033 4431 2082 4495 D
2113 4438 2296 4493 tionis
2327 4428 2505 4508 styl‘o,
2538 4434 2599 4489 in
2632 4428 2800 4509 suam
2832 4434 3139 4509 synopsim
3170 4434 3504 4492 Cedrenum
3537 4436 3774 4509 integre

353 4515 744 4580 cognomento
794 4508 1086 4565 Rancabis
1136 4509 1406 4580 imperio,
1468 4510 1651 4564 sumit
1691 4509 2001 4564 exordium

352 4596 465 4652 nec
497 4586 585 4634 est
614 4581 971 4652 scriptorum
999 4580 1101 4652 hic
1132 4586 1598 4636 memoratorum
1629 4580 1789 4636 ullus
1818 4598 1852 4636 a
1883 4597 2000 4652 quo

350 4651 526 4724 plura
556 4651 863 4723 collegisse
896 4651 1201 4708 Cedrenus
1241 4653 1646 4724 convincatur,
1701 4653 1798 4723 qui
1843 4651 2006 4709 com-

350 4722 735 4794 pendiosam.’
758 4739 876 4792 qua
906 4724 1174 4847 graditur
1220 4722 1341 4791 ille,
1374 4725 1527 4780 viam
1581 4722 1819 4779 secutus
1875 4729 2001 4790 est;

350 4810 461 4847 nec
509 4795 584 4847 ad
638 4794 920 4847 damnaui
947 4812 1046 4847 um
1096 4795 1186 4847 vel
1234 4795 1774 4847 commendandam
1822 4795 2001 4847 ullius

348 4810 461 4849 nec
509 4795 584 4850 ad
638 4794 1046 4851 damnandum
1096 4795 1186 4850 vel
1234 4795 1774 4852 commendandam
1822 4795 2004 4851 ullius

350 4866 725 4931 memoriam,
762 4866 921 4931 quod
954 4866 1013 4920 in
1047 4865 1150 4922 illo
1194 4866 1415 4926 laudat.
1451 4883 1697 4922 manum
1729 4865 1802 4923 ad
1858 4868 2001 4923 scri-

350 4938 608 4992 beneum
638 4954 699 4991 se
731 4938 1064 4993 admovisse
1097 4943 1367 4993 testatur.
1403 4938 1761 4995 Adversatur
1789 4939 2007 4994 nihilo-

352 5010 571 5067 minus.
607 5009 767 5079 quod
799 5026 976 5064 nemo
1006 5009 1183 5082 facile
1235 5027 1353 5065 non
1388 5009 1816 5081 deprehendat,
1873 5010 2007 5082 Scy-

350 5082 501 5137 litzae
527 5097 856 5151 cognomen
885 5089 944 5136 et
970 5080 1235 5137 ofﬁcium
1263 5080 1685 5153 curopalataaxl
1704 5080 2004 5138 Thracesii

353 5158 411 5225 et
462 5152 892 5225 protovestiarii
947 5152 1169 5225 notatis
1222 5153 1318 5225 hic
1360 5171 1480 5208 non
1532 5154 1766 5209 modico
1812 5154 2003 5225 spatio

351 5223 571 5280 dissita.
621 5231 693 5279 At
725 5225 771 5279 si
804 5225 1009 5295 patriae
1043 5223 1160 5285 hic,
1195 5223 1335 5280 alibi
1367 5225 1608 5280 familias
1641 5223 1885 5286 nomon.
1917 5223 2005 5279 nil

351 5296 511 5366 quod
543 5312 743 5351 secum
772 5295 1210 5367 oppositioan
1234 5297 1408 5351 vehat
1425 5296 2007 5367 producitur.0fﬁcia

347 5384 485 5422 vero
536 5366 982 5438 quantumlibet
1032 5368 1192 5422 varia
1239 5366 1640 5423 diversitatem
1690 5368 2004 5423 hominum

350 5455 471 5494 non
505 5445 760 5506 arguunt
790 5439 1297 5509 frequentemcum
1330 5440 1381 5494 is
1412 5438 1570 5493 idem
1603 5441 1798 5510 primo
1830 5455 2006 5494 curo-

350 5511 545 5582 palata
580 5511 885 5582 historiam
920 5516 1277 5576 texere,tum
1310 5511 1530 5565 secutis
1561 5511 1733 5566 annis
1764 5511 1837 5566 ad
1869 5526 2003 5581 pro-

352 5581 677 5637 lov’esliarii
735 5581 1084 5649 dignitatem
1140 5583 1473 5653 promoveri
1530 5597 1718 5653 eoque
1765 5582 1937 5637 titulo
1971 5598 2004 5637 a

352 5654 600 5708 «:edreni
653 5654 916 5723 potuerit
964 5653 1254 5708 decorari.
1316 5654 1565 5708 Alienus
1614 5655 1831 5725 quippe
1870 5669 2001 5709 sum

351 5741 456 5799 ego
490 5726 562 5781 ab
616 5740 823 5799 eorum
868 5725 1237 5799 conjectura.
1290 5727 1390 5799 qui
1443 5725 1862 5797 CurOpalatam
1894 5726 2004 5781 Ce-

349 5797 536 5853 dreno
568 5798 961 5869 posteriorem
993 5797 1314 5853 afﬁrmant.
1347 5798 1495 5856 Nam
1524 5812 1662 5858 cum
1691 5799 2002 5872 utriusque

2114 4515 2173 4565 et
2204 4507 2492 4581 plagiario
2522 4507 3133 4581 transtulisse._Go.in.

2183 4577 2489 4650 (l3)‘ldem
2523 4579 2678 4635 liber
2727 4577 3117 4650 Apocalypsis
3170 4578 3346 4632 Mosis
3398 4580 3776 4650 nominatur,

2110 4656 2175 4706 ut
2207 4651 2381 4723 paulo
2413 4656 2547 4722 post
2576 4650 2879 4707 Cedrenus
2911 4650 3376 4723 monet._Hujus
3407 4650 3586 4706 etiam
3646 4670 3771 4707 me-

2111 4721 2341 4780 minere
2373 4721 2714 4779 Theodorus
2743 4723 3107 4787 Metochites,
3142 4721 3422 4794 zonaras,
3455 4723 3667 4794 Glycas
3716 4729 3776 4779 et

2110 4794 2440 4868 Syncellus.
2503 4794 2602 4848 Est
2651 4800 2848 4849 autem
2903 4792 3362 4918 aprocryJihus;
3426 4792 3604 4864 quem
3649 4812 3774 4852 non

2111 4883 2326 4918 mamo
2359 4865 2662 4918 religionis
2684 4870 2743 4918 et
2772 4865 3109 4918 litterarum
3181 4865 3503 4918 etrimento
3524 4883 3773 4918 prorsus

2111 4865 2326 4932 magno
2359 4865 2662 4938 religionis
2684 4870 2743 4920 et
2772 4865 3109 4938 litterarum
3140 4865 3503 4938 detrimento
3524 4883 3773 4936 prorsus

2110 4939 2435 4994 interiisse.
2468 4935 2589 4993 una
2637 4953 2772 4994 cum
2822 4937 3051 5009 Enochi
3101 4935 3458 5009 Apocalypsi
3504 4935 3766 5009 aliisque

2112 5009 2381 5082 ejusdem
2416 5009 2623 5082 farinae
2648 5008 3041 5082 commentis,
3064 5005 3343 5082 arbitror;
3373 5005 3587 5082 Qualis
3607 5005 3773 5065 enim

2111 5077 2314 5138 fuerit.
2349 5081 2493 5137 satis
2542 5098 2613 5136 ex
2643 5080 2716 5136 iis
2763 5096 2895 5152 quas
2942 5078 3081 5134 inde
3122 5077 3511 5152 proferuntur
3552 5081 3766 5152 liquet.

2112 5155 2367 5242 Zonaras
2421 5152 2722 5242 principio
2782 5149 3027 5242 suorum
3064 5149 3386 5233 annalium
3441 5149 3774 5242 prudenter

2113 5241 2246 5281 eum
2307 5221 2861 5304 ὄιϊτοὲξιοτυφμῖττεῖτικι.Δ
2892 5221 3078 5304 Judaei
3137 5237 3415 5304 magnam
3442 5221 3770 5304 'Genesim,

2110 5312 2391 5369 magnum
2426 5296 2946 5369 Leviticum_,_etc.,
2982 5292 3223 5369 habent,
3245 5292 3316 5348 in
3354 5294 3549 5369 iisque
3588 5297 3773 5369 miras

2112 5365 2301 5437 nugas
2353 5368 2521 5433 Quod
2581 5367 2653 5422 de
2713 5366 3001 5437 alimento
3057 5366 3349 5437 sequitur,
3408 5365 3481 5421 ad
3525 5367 3771 5422 verbum

2109 5435 2363 5495 reddidi.
2401 5442 2503 5495 Est
2529 5445 2726 5494 autem
2776 5454 2962 5511 prope
2993 5436 3106 5492 hoc
3146 5435 3317 5508 quod
3360 5436 3592 5511 vulgato
3642 5454 3776 5511 pro-

2110 5512 2313 5567 verbio
2346 5511 2747 5577 extulisset,se
2777 5509 2947 5581 quasi
2975 5524 3378 5580 prmmansum
3414 5509 3573 5581 in'ros
3598 5509 3770 5563 nobis

2110 5584 2404 5654 ingerere,
2459 5582 2815 5654 compendio
2864 5582 3136 5654 omnium
3186 5586 3427 5654 aetatum
3485 5580 3768 5654 historias

2110 5651 2468 5711 tradentem.
2505 5655 2570 5709 In
2599 5651 2719 5725 quo
2769 5659 2969 5709 tamen
3017 5653 3191 5724 plura
3240 5652 3430 5725 multo
3477 5651 3771 5725 promittit

2109 5721 2929 5800 quampraastarepotuerit,
2961 5721 3035 5779 ut
3057 5725 3119 5778 in
3164 5721 3515 5796 praefatione
3564 5721 3763 5777 docui-

2109 5815 2264 5858 mus.
2296 5815 2429 5856 λη.
