4118 6430
419 349 492 414 81
1698 361 2020 427 GEORGII
2066 361 2375 427 GEDREN
2382 363 2414 425 Ι
3762 377 3843 445 38

416 495 543 549 erat
571 489 827 548 istorum
848 495 1308 568 consectarium)
1340 498 1650 555 tenebras:
1686 505 1913 574 septem
1959 518 2057 557 nu-

2182 499 2245 591 τὸ
2276 500 2487 567 σκότος,
2543 503 2686 576 ὁμοῦ
2729 498 2860 584 ἔργα
2892 506 3045 564 ἑπτά.
3101 509 3162 568 Ὀ
3224 506 3282 566 δὶ
3350 512 3675 589 Ἀφρικανὸς
3732 512 3838 591 (19)

416 596 581 636 mero
614 597 795 653 opera
825 582 1377 643 effecta.Africanus
1402 593 1601 644 autem
1633 588 1893 662 primum
1916 590 2057 647 diem

2186 590 2287 661 τήν
2307 591 2536 683 πρώτην
2557 590 2773 683 ημέραν
2807 582 3039 667 ⁷νοητὴν
3100 596 3267 675 λέγει,
3323 582 3439 657 διὰ.
3460 582 3530 659 ’τὸ
3560 582 3840 683 ἀδιάγνω-

416 669 814 743 intelligentia
838 677 1067 730 tantum
1101 676 1468 734 considerari
1492 679 1595 747 ait,
1631 679 1794 751 quhd
1827 686 2074 737 eatenus

414 759 519 814 lux
552 777 682 830 quae
712 767 849 818 ante
881 764 1083 819 omnia
1122 772 1322 822 creata
1376 766 1508 834 fuit,
1567 768 1893 825 internosci
1951 787 2073 827 non

415 853 677 923 potuerit
707 869 774 909 ac
805 853 1019 910 diffusa
1062 855 1260 912 fuerit.
1296 858 1568 914 Secunda
1607 860 1866 916 naturali
1898 861 1994 917 die
2023 861 2070 916 8

417 940 863 998 ﬁrmamentum
894 950 985 999 est
1014 944 1268 1001 factum:
1297 964 1444 1020 opus
1475 965 1684 1004 unum.
1722 951 1842 1005 Hoc
1873 956 2072 1006 autem

416 1047 634 1088 nomen
668 1032 1188 1106 habet.propterea
1206 1037 1364 1107 quod
1384 1037 1581 1092 tenuis
1613 1043 1704 1094 est
1732 1045 1792 1094 et
1820 1056 1956 1096 rara
1978 1056 2072 1095 eo-

409 1136 542 1175 rum
579 1137 709 1193 quaa
738 1139 917 1193 supra
946 1123 1005 1178 id
1033 1129 1211 1195 atque
1243 1125 1400 1182 infra
1431 1133 1572 1183 sunt
1603 1129 2071 1186 natura.Ca:lum

409 1216 609 1268 autem
639 1212 861 1277 (Graece
892 1210 1137 1286 οὐρανός)
1168 1216 1407 1276 dicitur.
1442 1218 1601 1289 quod
1650 1220 1825 1290 pellis
1882 1220 2072 1277 instar

409 1300 645 1357 videtur
669 1317 850 1373 supra
906 1308 1084 1374 caput
1143 1320 1493 1375 expansum.
1551 1307 1747 1364 Tertia
1776 1307 1870 1363 die
1898 1313 2066 1365 terrae

409 1390 701 1463 apparitio
734 1406 802 1447 ac
833 1391 1096 1454 siccatio,
1118 1394 1450 1464 paradisus,
1482 1396 1675 1453 omnis
1704 1398 1939 1470 generis
1970 1415 2068 1455 ar-

406 1478 811 1547 bores,herbaa
836 1484 897 1537 et
933 1482 1164 1538 semina
1199 1499 1212 1537 :
1247 1490 1507 1554 quatuor
1536 1501 1735 1557 opera.
1760 1488 1944 1543 Arida
1971 1504 2070 1544 au-

408 1573 530 1623 tem
582 1585 685 1623 seu
743 1569 904 1626 cicca
942 1571 1243 1642 appellata
1269 1572 1383 1628 fuit
1415 1579 1590 1642 terra,
1625 1576 1785 1646 quod
1844 1593 2065 1635 nomen

408 1663 635 1714 natura:
669 1658 797 1730 ejus
828 1661 1136 1731 proprium
1168 1667 1291 1717 est:
1327 1664 1568 1735 proprie
1627 1664 1788 1721 enim
1840 1667 2065 1723 siccum

406 1747 567 1818 quod
600 1748 694 1815 sit,
729 1752 887 1803 terra
917 1754 1022 1805 est.
1067 1750 1203 1806 Haec
1250 1751 1351 1806 ubi
1410 1769 1471 1808 se
1514 1752 1754 1824 injectis
1810 1754 2067 1828 desuper

407 1835 581 1908 aquis
612 1836 971 1904 exoneravit,
996 1838 1167 1910 jussa
1197 1858 1373 1911 porro
1404 1846 1494 1898 est
1523 1843 2062 1915 germinareJussa

405 1932 494 1981 est
520 1930 720 1981 autem
754 1926 1084 1997 producere
1133 1928 1395 1986 animam
1464 1931 1778 1997 viventem,
1803 1937 1871 1987 ut
1921 1932 2062 1989 inde

404 2021 863 2088 cognosceretur
888 2015 1049 2073 bruti
1076 2033 1144 2074 ac
1169 2017 1431 2075 hominis
1447 2020 1666 2077 animm
1688 2020 2019 2079 discrimen
2044 2039 2059 2080 :

405 2120 544 2161 nam
582 2104 895 2162 brutorum
925 2105 1127 2164 anima
1157 2124 1226 2163 ex
1261 2113 1417 2165 terra
1462 2114 1552 2165 est
1580 2115 1741 2178 nata,
1800 2110 2061 2169 hominis

403 2198 603 2250 autem
637 2209 709 2250 ex
741 2193 941 2251 divina
971 2195 1363 2268 inspiratione
1395 2203 1525 2254 orta
1555 2204 1663 2255 est.
1689 2199 1830 2256 Esse
1859 2206 2060 2258 autem

404 2284 718 2342 brutorum
750 2285 1013 2341 animam
1032 2291 1332 2345 terrenam
1363 2304 1602 2346 rursum
1620 2306 1690 2347 ex
1721 2290 2063 2363 ipsapotest

403 2372 660 2446 intelligi
694 2373 996 2446 Scriptura
1022 2391 1034 2429 :
1058 2374 1203 2431 dicit
1231 2377 1426 2433 enim:
1451 2379 1715 2435 «Anima
1744 2380 1939 2437 omnis
1954 2397 2062 2453 pe-

403 2464 558 2521 coris
591 2469 682 2519 est
711 2465 950 2538 sanguis
981 2466 1131 2537 ejus.
1158 2488 1186 2517 »
1232 2468 1419 2523 Porro
1451 2471 1693 2542 sanguis
1743 2477 2059 2528 concretus

401 2553 465 2611 in
524 2571 766 2611 carnem
828 2562 1112 2624 mutatur,
1148 2573 1284 2614 caro
1316 2575 1421 2615 suo
1472 2561 1718 2617 interitu
1740 2561 1803 2617 in
1836 2567 2059 2619 terram

404 2643 766 2702 dissolvitur.
826 2645 1028 2718 Itaque
1088 2652 1558 2707 consentaneum
1618 2655 1705 2706 est
1744 2650 2057 2708 brutorum

404 2735 666 2791 animam
700 2750 829 2792 esse
858 2736 1407 2803 terrenam.Quarta
1427 2738 1523 2795 die
1549 2739 1758 2805 solem,
1775 2739 1978 2797 funam
2001 2745 2060 2796 et

403 2825 607 2882 stellas
630 2826 783 2881 Deus
814 2825 988 2883 fecit:
1024 2827 1139 2882 tria
1190 2844 1390 2899 opera,
1422 2828 1833 2886 Luminarium
1892 2835 2057 2888 ortus

398 2914 795 2987 multiplicem
850 2915 1124 2972 universo
1183 2916 1503 2973 utilitatem
1534 2918 1753 2984 attulit,
1787 2936 1923 2976 cum
1952 2919 2054 2975 lu-

401 3003 588 3060 cendo
620 3020 848 3075 suoque
863 3005 1184 3076 splendore
1196 3007 1489 3063 mundum
1501 3008 1728 3065 ati'atim
1746 3008 2054 3066 illustrau-

400 3091 497 3161 do,
529 3096 657 3148 tum
690 3097 823 3148 ortu
847 3092 1131 3165 obituque
1164 3111 1272 3150 suo
1304 3100 1576 3168 tempora
1605 3096 2047 3170 distinguendo.

397 3183 544 3240 Tum
581 3181 783 3254 qualia
813 3183 981 3255 signa
1010 3184 1337 3255 praebeant,
1371 3185 1515 3241 luna
1545 3185 1811 3242 declarat
1842 3187 2052 3259 ;cujus

2186 701 2309 735 στον
2346 681 2481 736 εἴναι
2511 680 2645 744 τέως
2676 683 2739 738 τὸ
2772 687 3180 759 πρωτόκτιστον
3219 694 3333 765 φῶς
3391 691 3480 746 καὶ
3513 680 3837 773 κεχυμένον.

2181 771 2274 859 ξΕν
2306 791 2398 859 np
2413 766 2647 845 δευτέρῳ
2679 769 2735 826 δὶ
2764 774 3105 852 νυχθημέρῳ
3136 776 3346 853 ἐγένετο
3394 766 3675 856 στερέωμα
3705 788 3836 859 (2Ο),

2181 856 2345 934 ἔργον
2374 856 2448 918 ἓν.
2482 862 2776 935 Στερὲωμα
2815 860 2871 918 δὲ
2919 863 3128 936 ἐκλήθη
3188 867 3250 922 τὸ
3292 856 3720 946 δημιούργημαά
3751 856 3840 931 διὰ

2179 947 2243 1003 τὸ
2298 949 2400 1016 τὴν
2462 949 2617 1025 φύσιν
2702 954 2808 1004 τῶν
2880 951 3276 1028 ὑπερκειμένων
3351 959 3386 1029 ἢ
3466 960 3835 1036 ὑποκειμένων

2181 1035 2387 1107 λεπτὴν
2428 1039 2562 1093 εἶναι
2595 1039 2683 1093 καὶ
2711 1038 2919 1115 ἀραιὰν,
2971 1042 3194 1119 οὐρανὸς
3223 1043 3281 1100 δὲ
3334 1043 3425 1102 διὰ
3475 1049 3538 1104 τὸ
3595 1035 3837 1126 καθορᾶ-

2181 1130 2301 1182 σθαι
2330 1127 2533 1204 τρόπον
2568 1125 2806 1204 δερῥεως
2845 1131 2978 1206 ὑπὲρ
3034 1132 3283 1214 κεφαλῆς
3339 1135 3697 1212 ἡπλωμὲνος.
3740 1125 3836 1197 Ἔν

2177 1217 2257 1289 τῷ
2305 1218 2442 1293 τρίῳ
2472 1220 2837 1306 ⁸νυχθημᾼὲρῳ
2895 1223 3191 1300 φανέρωσις
3256 1232 3358 1299 γῆς
3403 1228 3489 1282 καὶ
3546 1230 3839 1306 ἀναξηραν-

2180 1325 2281 1371 σις,
2314 1303 2667 1380 παράδεισος,
2719 1304 2906 1380 δένδρα
2936 1318 3191 1384 παντοῖα,
3260 1316 3484 1387 βοτάναι
3542 1318 3633 1373 καὶ
3666 1303 3837 1396 σπέρ-

2180 1416 2341 1467 ματα,
2373 1388 2504 1470 ἔργα
2532 1396 2782 1470 τέσσαρα.
2818 1399 2980 1474 Ξηρὰ
3034 1397 3092 1456 δὲ
3141 1400 3418 1475 ἐπεκλήθη
3456 1408 3491 1475 ἡ
3522 1415 3617 1480 γῆ,
3648 1388 3834 1481 ἔπειδὴ

2174 1482 2265 1538 καὶ
2294 1481 2439 1539 ἲδιον
2466 1484 2638 1554 αὐτῆς
2668 1484 2780 1541 ἔστι
2827 1488 2963 1543 κατὰ
2994 1489 3153 1569 φύσιν
3194 1492 3258 1546 τὸ
3289 1494 3606 1569 πρόσρημα·
3637 1497 3700 1552 τὸ
3732 1497 3835 1575 γὰρ

2172 1571 2376 1647 κυρίως
2407 1573 2569 1648 ξηρὸν
2597 1581 2667 1651 γῆ
2693 1574 2852 1633 ἐστιν.
2916 1575 3142 1648 Ἐπειδὴ
3177 1579 3361 1656 ὥσπερ
3410 1603 3463 1637 τι
3499 1584 3666 1661 βάρος
3696 1571 3835 1642 ﬁt;

2174 1665 2293 1718 θετο
2325 1663 2391 1720 τὰ
2430 1661 2742 1737 ἐπικείμενα
2803 1665 2940 1742 αὐτῇ
3000 1665 3189 1737 ὕδατα,
3253 1670 3451 1727 λοιπὸν
3506 1673 3828 1748 βλαστάνειν

2172 1750 2547 1829 προσετάχθη.
2579 1756 2784 1833 Ψυχὴν
2815 1753 2873 1811 δὲ
2902 1761 3080 1827 ζῶσαν
3106 1758 3382 1834 ἐξαγαγεῖν
3414 1760 3733 1837 ἐκελεύσθη,
3761 1754 3835 1821 ’ἶν’

2172 1839 2233 1897 lx
2260 1842 2458 1898 τούτου
2484 1843 2821 1920 γινώσκηται
2850 1852 2951 1915 τῆς
2979 1867 3038 1901 τε
3067 1846 3276 1924 ἀλόγου
3308 1853 3495 1928 ψυχῆς
3530 1854 3565 1923 ἢ
3599 1850 3834 1929 διαφορὰ

2172 1930 2265 1986 καὶ
2295 1938 2395 2001 τῆς
2434 1932 2792 2020 ἀνθρωπείας·
2851 1933 2911 1989 ἐκ
2966 1936 3068 2011 γὰρ
3127 1941 3231 2014 γῆς
3287 1937 3422 2017 ἐφύη
3455 1946 3563 1996 τῶν
3614 1942 3835 2020 ἀλόγων

2174 2022 2210 2091 ἡ
2244 2022 2423 2098 ψυχὴ,
2453 2023 2494 2111 ἡΔ
2523 2019 2580 2076 δὶ
2608 2025 2706 2077 τοῦ
2744 2022 3054 2111 ἀνθρώπου
3109 2025 3169 2081 ἐκ
3226 2030 3324 2084 τοῦ
3377 2028 3521 2086 θείου
3579 2019 3837 2111 ἰμφυάή..

2177 2131 2345 2183 ματος
2374 2108 2619 2182 συνέστη.
2653 2110 2759 2170 Καὶ
2783 2111 2881 2196 ,ὅτι
2940 2113 3116 2190 γεηρά
3171 2115 3284 2171 ἐστι
3341 2122 3450 2174 τῶν
3511 2108 3736 2196 ἀλόγων
3794 2125 3830 2195 ἡ

2174 2200 2354 2290 είζυχῆ»
2424 2199 2473 2273 εξ
2535 2199 2705 2271 αὖτῆς
2763 2194 2875 2257 ἔστι
2921 2205 3123 2278 γνῶναι
3190 2205 3356 2261 πάλιν
3410 2213 3513 2278 τῆς
3585 2194 3847 2290 Γραφῆς.

2174 2285 2386 2362 ἄρηται
2418 2289 2544 2367 γάρ·
2573 2313 2602 2342 ‹‹
2634 2290 2803 2359 Ψυχή
2836 2292 3039 2357 παντὸς
3059 2295 3293 2365 κτήνους
3323 2297 3456 2371 (2t),
3483 2297 3546 2354 τὸ
3577 2285 3724 2373 αἷμά
3741 2299 3845 2356 αὖ.

2171 2382 2269 2435 τοῦ
2297 2378 2459 2436 ἐστιν.
2499 2403 2529 2431 ››
2551 2380 2709 2454 Αἷμα
2747 2377 2807 2436 δὶ
2836 2381 3179 2457 πηγνύμενον
3229 2383 3305 2446 εἷς
3355 2386 3528 2462 σάρκα
3561 2384 3843 2462 μεταϐάλ-

2172 2464 2342 2523 λεται·
2378 2467 2504 2544 σὰρξ
2539 2465 2596 2524 δὲ
2642 2469 2972 2546 φθειρομένη
3044 2470 3122 2534 εἲς
3168 2479 3272 2551 γῆν
3324 2472 3638 2533 ἀναλύεται.
3676 2476 3846 2533 Εῗκό-

2168 2578 2277 2619 τως
2311 2554 2402 2612 οὖν
2434 2556 2649 2633 γεώδης
2704 2561 2738 2629 ἡ
2778 2563 2888 2615 τῶν
2946 2559 3166 2638 ἀλόγων
3223 2564 3403 2638 ψυχή.
3466 2567 3548 2640 Τῇ
3609 2567 3847 2643 τετάρτῃ

2168 2647 2350 2722 ἡμέρᾳ
2389 2646 2640 2717 ἐποίησεν
2675 2649 2703 2702 ὁ
2734 2648 2865 2712 Θεὸς
2926 2649 3017 2705 τὸν
3049 2648 3231 2719 ἣλιον,
3285 2652 3384 2721 τήν
3446 2652 3685 2726 σελήνην
3740 2655 3836 2710 καὶ

2166 2736 2296 2798 τοὺς
2325 2734 2573 2823 ἀστέρας,
2605 2734 2735 2812 ἔργα
2763 2738 2908 2811 τρία.
2965 2741 3087 2796 Τῶν
3145 2742 3452 2817 φωστήρων
3483 2743 3566 2817 [Ρ.
3615 2746 3674 2820 ι]
3732 2766 3828 2823 γει

2162 2823 2407 2897 νομένων
2446 2822 2763 2900 πολυμερὲς
2789 2829 2869 2897 τῷ
2920 2827 3082 2883 παντὶ
3137 2830 3455 2905 παρεσχέθη
3519 2828 3743 2910 ὄφελος,
3776 2826 3838 2890 ἔκ

2166 2934 2224 2970 τε
2253 2917 2351 2969 τοῦ
2380 2914 2589 2986 φαίνειν
2648 2914 2739 2970 καὶ
2771 2920 2890 2977 ταῖς
2957 2915 3201 2980 οἰκείαις
3256 2915 3582 2992 λαμπηδόσι
3640 2942 3839 2977 καταυ-

2163 3002 2343 3078 γάζειν
2375 3003 2468 3059 τὸν
2499 3006 2707 3079 κόσμον
2739 3005 3044 3078 πλουσίως,
3073 3000 3134 3061 ἔκ
3175 3029 3235 3063 τε
3287 3012 3385 3064 τοῦ
3444 3008 3689 3085 ἀνίσχειν
3745 3010 3839 3066 καὶ

2163 3090 2522 3150 καταδύεσθαι
2552 3094 2652 3163 τὴν
2717 3099 2825 3149 τῶν
2886 3094 3102 3171 χρόνων
3163 3097 3542 3172 ἀπαρίθμησιν
3572 3098 3842 3176 γίνεσθαι.

2163 3178 2345 3237 Ἀλλᾶ
2373 3181 2464 3236 καὶ
2510 3185 2618 3239 τῶν
2656 3183 2923 3257 σημείων,
2978 3185 3070 3239 οία
3115 3183 3226 3241 ἔστι
3278 3186 3367 3241 διὰ
3421 3194 3524 3256 τῆς
3597 3188 3842 3260 σελήνης

395 3286 623 3325 cornua
655 3276 828 3327 acuta
848 3287 916 3327 ac
946 3287 1096 3344 pura
1126 3272 1175 3326 si
1207 3272 1347 3341 sint,
1397 3279 1773 3330 constantem
1803 3274 1923 3330 diei
1953 3256 2051 3330 se-

2168 3269 2464 3349 φαίνεσθαι.
2507 3272 2692 3341 Λεπτὴ
2749 3272 2852 3349 γὰρ
2910 3256 3048 3327 οὖσα
3099 3279 3219 3336 ταῖς
3276 3275 3519 3350 κεραίαις
3583 3278 3673 3332 καὶ
3723 3256 3842 3332 ⁷κα-

395 3360 714 3415 renitatem
735 3361 783 3415 9
818 3361 1130 3432 promittit,
1151 3361 1244 3417 sin
1262 3361 1491 3418 obtusis
1522 3362 1803 3420 cornibus
1824 3380 1893 3420 ac
1915 3363 2057 3419 sub-

397 3449 621 3507 rubens
675 3456 980 3523 appareat,
1040 3456 1144 3507 aut
1206 3450 1403 3525 largos
1450 3452 1673 3510 imbres
1731 3458 1834 3509 aut
1888 3459 2051 3510 tem-

394 3544 690 3611 pestatem
710 3539 837 3595 fore
876 3540 1121 3596 indicat.
1153 3540 1373 3597 Eodem
1403 3541 1581 3599 modo
1606 3541 1692 3598 sol
1724 3542 2051 3615 quoque,si

396 3644 603 3701 prunas
632 3627 821 3682 instar
849 3628 1101 3685 candeat
1127 3645 1196 3685 ac
1240 3630 1548 3703 sanguinis
1602 3630 1801 3686 colore
1833 3635 2051 3687 tinctos

392 3719 597 3776 radios
628 3718 1127 3792 splendoremque
1158 3719 1316 3787 edat,
1337 3728 1566 3779 motum
1585 3722 1909 3779 violentum
1943 3721 2051 3778 im-

394 3808 624 3866 minere
656 3807 1144 3865 ostendit.Testes
1174 3809 1385 3867 harum
1419 3828 1615 3867 rerum
1659 3816 1798 3867 sunt
1828 3817 2048 3879 nauta,

391 3898 966 3973 agricolaa,viatores.
986 3897 1207 3965 Quinta
1234 3898 1333 3957 die
1365 3902 1656 3973 repentia,
1675 3915 2050 3973 qumcunque

394 3994 623 4060 natant,
658 3993 839 4057 cetos,
855 3988 1068 4060 pisces,
1095 3994 1154 4043 et
1183 3990 1629 4062 quacunquein
1643 3991 1814 4063 aquis
1828 3992 2045 4048 vivunt.

2169 3362 2306 3437 θαρά
2334 3360 2462 3437 περὶ
2491 3363 2593 3430 τήν
2621 3360 2856 3435 ἡμέραν,
2908 3364 3184 3437 σταθηρὰν
3238 3361 3418 3419 εὐδίαν
3472 3364 3847 3442 κατεπαγγέλ-

2167 3447 2342 3521 λεται,
2394 3452 2601 3508 παχεῖα
2654 3448 2711 3507 δὲ
2737 3456 2857 3514 ταῖς
2887 3450 3131 3527 κεραίαις
3187 3454 3277 3509 καὶ
3340 3452 3644 3531 ὑπέρυθρος
3713 3477 3845 3534 φαι-

2161 3540 2435 3615 νομένηῆ
2470 3536 2618 3615 ὓδωρ
2644 3534 2850 3616 λάϐρον
2906 3540 3014 3597 ἀπὸ
3081 3546 3258 3616 νεφῶν
3318 3543 3354 3614 ἢ
3412 3548 3664 3618 χειμῶνα
3724 3543 3841 3600 ἔσε-

2163 3631 2284 3686 σθαι
2347 3630 2565 3703 μηνύει.
2652 3629 2926 3691 Ὡσαύτως
2978 3629 3069 3685 καὶ
3128 3631 3157 3686 ὁ
3226 3631 3390 3701 ἠλιος
3475 3630 3840 3708 ἀνθρακώδης

2158 3720 2444 3796 γενόμενος
2475 3719 2566 3774 καὶ
2608 3716 2844 3797 ὕφαιμος
2873 3724 2994 3782 ταῖς
3024 3718 3235 3775 ἀκτῖσιν
3296 3719 3332 3791 ἥ
3389 3721 3452 3777 τὸ
3498 3721 3833 3798 ἀπαύγασμα

2163 3806 2346 3883 βιαίαν
2410 3805 2622 3877 κίνησιν
2711 3802 2883 3877 δηλοῖ
2937 3804 3292 3880 ἐπιγενέσθαι.
3371 3808 3468 3866 Καὶ
3551 3807 3824 3883 μάρτυρες

2158 3895 2367 3954 τούτων
2399 3895 2720 3971 πλωτῆρις,
2750 3894 2841 3951 καὶ
2866 3896 3127 3974 γεωργοὶ,
3159 3896 3251 3951 καὶ
3305 3894 3615 3973 ὁδοιπόροι.
3675 3902 3756 3975 Τῇ
3789 3896 3829 3953 ε’

2157 3982 2341 4064 ἡμέρᾳ
2369 3985 2436 4042 τὰ
2475 3986 2694 4059 ἑρπετὰ,
2724 3985 2792 4041 τὰ
2821 3985 2996 4055 νηκτά
3025 3986 3220 4059 πάντα,
3276 3989 3446 4059 κήτη,
3488 3986 3676 4064 ἰχθύες
3734 3982 3828 4044 καὶ

1607 4088 1982 4146 XYLANDRI
2020 4088 2108 4144 ET
2149 4087 2371 4144 GOARI
2405 4086 2633 4143 NOTAE.

460 4179 573 4251 (19)
605 4177 916 4251 Africanus
948 4177 1347 4251 scriptor‘fuit
1370 4176 2046 4251 ecclesiasticusmagni

386 4247 671 4323 nominis.
704 4249 993 4323 Eusebius
1025 4247 1169 4305 citat
1198 4247 1655 4323 deﬂgenealogia
1699 4249 1917 4323 Christi
1951 4247 2051 4305 'ad

391 4321 712 4378 Aristidem
744 4321 1057 4392 epistolam
1107 4322 1238 4393 ejus
1270 4321 1373 4377 lib.
1395 4339 1423 4393 ,ι
1452 4321 1662 4378 Ηίεἱον.
1694 4321 1879 4377 eccles.
1906 4323 1961 4387 6,
1995 4325 2054 4376 et

390 4394 805 4461 Augustinusn
836 4392 1328 4457 Retract,etvu.et
1352 4392 1474 4448 alii.
1509 4392 1846 4450 Gotefridus
1877 4393 2050 4449 Vitar-

389 4465 640 4532 biensis,
674 4464 775 4535 qui
807 4464 1086 4521 historias
1118 4464 1479 4536 conscripsit
1507 4465 1666 4521 circa
1686 4481 1911 4521 annum
1932 4464 2047 4536 Do-

393 4537 540 4592 mini
566 4535 865 4602 l600,.lulii
894 4535 1154 4593 Africani
1177 4535 1461 4592 chronica
1481 4537 1653 4593 subM
1682 4537 1889 4593 Crasso
1911 4535 2051 4591 scri-

391 4613 494 4680 pta
518 4624 579 4663 se
604 4608 823 4663 habere
841 4608 1119 4663 affirmat.
1155 4607 1321 4673 Quod
1343 4625 1448 4680 ego
1472 4608 1545 4664 ab
1571 4609 1773 4680 inepto
1806 4608 2049 4663 homine

391 4679 724 4753 profectum
746 4680 1031 4751 puto,qui
1055 4696 1190 4737 cum
1223 4679 1446 4753 legeret
1469 4679 1749 4744 Marcum,
1775 4680 2049 4753 Crassum

389 4752 736 4823 ascripserit
781 4768 981 4808 crasso
1034 4767 1258 4817 errore,
1291 4752 1393 4822 qui
1420 4758 1636 4822 prmter
1666 4754 1745 4823 Μ.
1771 4752 2050 4823 Crassum

390 4821 625 4881 nullum
658 4825 916 4880 Marcum
949 4821 1485 4889 sciretQuis’enim
1517 4840 1637 4878 non
1658 4822 1817 4878 videt
1835 4824 1946 4878 hoc
1975 4821 2051 4878 ad

389 4897 716 4953 Antonium
749 4894 965 4951 debere
996 4895 1203 4950 referri
1227 4894 1254 4949 ‘?
1273 4896 1423 4950 Sane
1455 4895 1564 4950 sub
1589 4892 1912 4951 Commodo
1936 4892 2053 4948 flo-

391 4968 583 5023 ruisse
625 4966 928 5022 Cedrenus
981 4973 1184 5023 noster
1229 4966 1448 5021 alicubi
1510 4967 1709 5022 tradit.
1762 4964 2051 5021 Eusebius

390 5041 534 5096 Hist.
579 5040 759 5094 eccles.
797 5055 871 5103 v1,
904 5040 965 5092 31
1030 5038 1138 5093 sub
1196 5039 1514 5094 Maximino
1546 5055 1683 5094 eum
1716 5037 2050 5092 innotuisse

435 5112 687 5167 erhibet.
713 5109 977 5166 Africani
1016 5110 1201 5185 libros
1232 5113 1704 5185 xsovoypacptxc‘bv.
1765 5107 2051 5185 {susebjus

435 5129 687 5167 ermnet.
713 5129 977 5166 amcam
1016 5129 1201 5165 unros
1232 5129 1704 5185 χρονογραφικων.
1765 5129 2048 5163 nusemus

393 5129 465 5240 ge
501 5185 912 5253 Prwpuratione
945 5181 1264 5251 evangelica
1294 5181 1332 5236 Ι.
1365 5201 1402 5237 x
1428 5182 1589 5250 citat,
1619 5187 1676 5237 et
1734 5180 1895 5235 alibi.
1929 5181 2048 5236 Cte-

394 5259 583 5309 terum
648 5255 812 5310 locus
865 5259 955 5309 est
1002 5253 1313 5316 obscurus,
1374 5269 1507 5308 cum
1567 5253 1867 5309 Cedrenus
1923 5270 2049 5318 νοη-

389 5323 480 5377 τόν
510 5325 687 5382 modo
720 5326 781 5380 id
830 5326 990 5380 dicat
1047 5323 1208 5396 quod
1270 5331 1469 5381 mente
1527 5325 1655 5380 sola

394 5398 570 5453 modo
602 5397 662 5452 id
693 5398 849 5468 quod
884 5396 991 5452 sub
1018 5396 1136 5451 alio
1181 5396 1497 5452 indicatur.
1521 5396 1661 5451 Mihi

398 5468 696 5548 losophari
719 5467 852 5524 non
884 5468 1189 5548 libet,cun_1
1224 5468 1447 5548 Basilii,
1470 5467 1795 5548 Ambrosii,
1823 5471 2056 5548 Augus-

396 5537 541 5594 stini
560 5540 934 5609 aliorumque
966 5541 1038 5595 de
1070 5556 1132 5594 re
1161 5540 1270 5596 hac
1304 5545 1537 5596 exstent
1558 5537 2054 5596 doctissimaa'dis-

398 5612 766 5683 putationes.
798 5611 935 5668 XYL.

466 5685 577 5756 (20)
636 5684 760 5737 Vox
841 5687 1252 5751 ﬁrmamentum
1323 5682 1539 5742 Grmca
1610 5684 1737 5741 voci

1745 5323 2048 5394 ercipitur,

1734 5412 1763 5451 e
1797 5396 1888 5451 his
1919 5394 2053 5466 phi-

1819 5681 2054 5757 στερέωο

2164 4174 2505 4248 narvidetur
2544 4189 2665 4229 non
2697 4174 2956 4248 pessime
2987 4175 3371 4246 respondere.
3393 4176 3720 4248 iCedrenus
3752 4176 3830 4234 de

2161 4244 2310 4321 coelo
2334 4244 2806 4321 interpretatur:
2849 4244 2952 4321 alii
2991 4244 3203 4321 aerem
3262 4247 3645 4321 intelligunt,
3690 4264 3830 4321 cum

2163 4318 2381 4390 quibus
2409 4317 2554 4374 facit
2583 4317 2868 4391 Abneara
2899 4317 3261 4391 Judaaorum,
3294 4325 3361 4376 ut
3388 4317 3579 4391 aiunt,
3615 4317 3830 4377 doctis-

2162 4388 2371 4465 simus,
2406 4394 2555 4465 teste
2589 4388 2823 4444 Kimchi
2855 4388 2916 4445 in
2948 4390 3042 4446 Ps.
3074 4407 3193 4465 xix.
3243 4392 3316 4465 Et
3365 4388 3659 4465 Thargum
3692 4392 3830 4465 [lie-

2160 4461 2660 4536 rosolymitanurn
2682 4477 2787 4532 pro
2818 4476 2961 4517 voce
3011 4461 3106 4518 cui
3158 4464 3445 4536 στερεωμα
3475 4461 3824 4536 respondet,

2158 4532 2369 4591 Genes.
2416 4550 2432 4590 ι
2491 4532 2764 4605 posuisse
2823 4532 3274 4605 aerem,testis
3332 4532 3423 4591 est
3465 4532 3621 4593 Elias
3671 4537 3825 4592 The-

2158 4605 2326 4678 sbitaa
2355 4604 2630 4660 suo.’Sed
2681 4620 2881 4660 meum
2910 4621 3031 4660 non
3060 4604 3175 4661 fuit
3204 4605 3533 4678 quidquam
3564 4614 3821 4664 mutare.

2156 4676 2396 4750 Aridum
2426 4678 2934 4750 porrorets’icr-am
2987 4682 3213 4750 terram
3248 4676 3671 4750 cognominari
3703 4696 3754 4733 ν.
3792 4679 3824 4731 6

2158 4747 2442 4822 usitatum
2476 4753 2583 4822 est.
2618 4747 2936 4822 Epitheton
2987 4747 3115 4822 loco
3171 4747 3524 4822 substantivi
3558 4751 3822 4822 positum

2158 4821 2360 4894 nescio
2391 4837 2469 4894 an
2511 4818 2853 4894 inveniatur~
2872 4820 3030 4894 apud
3061 4820 3320 4887 Latinos,
3354 4822 3471 4877 nisi
3530 4818 3667 4894 q-uis
3701 4821 3825 4876 Vir-

2156 4892 2383 4966 giliana
2398 4893 2523 4947 haec
2552 4891 2943 4966 sicaccipiat,
2970 4891 3142 4947 donec
3169 4901 3360 4966 rostra,
3375 4891 3565 4966 tenent
3592 4893 3818 4966 siccum,

2156 4961 2374 5036 ΣιΕηθίᾀ.
2398 4981 2463 5036 _x,
2497 4970 2556 5019 et
2584 4961 2726 5036 alibi
2758 4961 2948 5036 assilit
2970 4966 3039 5036 in
3066 4966 3295 5036 siccum.
3350 4965 3639 5021 Homerus
3699 4964 3830 5036 qni-

2158 5036 2296 5093 dem
2326 5032 2413 5087 ἐπὶ
2444 5035 2716 5110 τραφερήν
2747 5054 2806 5089 τε
2834 5034 3344 5110 x1?_6ypf,v__dixit_
3380 5036 3544 5110 Iliad.
3592 5038 3663 5110 Ξ,
3698 5032 3827 5110 308,

2158 5112 2381 5163 terram
2407 5112 2466 5163 et
2500 5105 2662 5164 mare
2690 5113 2908 5164 notans
2935 5105 3167 5163 humidi
3210 5113 3269 5163 et
3300 5106 3440 5163 sicci
3487 5107 3775 5165 vocabulo
3811 5122 3826 5159 ε

2160 5185 2251 5256 est
2305 5179 2784 5256 enim_tpac?eeov
2838 5178 2901 5256 τρ
2970 5177 3397 5256 συμπαγὲςῌκαὶ
3450 5179 3674 5254 «esse»;
3734 5175 3828 5231 καὶ

2160 5231 2645 5325 διεωιξῐβίροβί
2669 5231 3105 5325 tas-canae».
3132 5319 3142 5325 _
3168 5231 3425 5325 ἑοιίάμω
3477 5231 3553 5308 ac'
3582 5232 3827 5325 ὀρωρθ·

2160 5330 2319 5381 ctum
2355 5319 2559 5394 probe.
2596 5324 2726 5380 Jam
2759 5319 2973 5379 caelum
3006 5319 3155 5393 παρὰ
3195 5319 3259 5374 τὸ
3320 5321 3450 5395 ὁρᾷν
3505 5340 3540 5380 a
3568 5319 3828 5380 videndo

2161 5395 2388 5453 dictum
2422 5410 2553 5467 esse
2578 5396 2783 5467 opinio
2825 5400 2917 5467 est
2967 5398 3248 5467 recepta;
3300 5400 3359 5451 et
3407 5395 3566 5467 apud
3623 5399 3830 5467 poetas

2160 5463 2656 5593 Doricekdialect'o
2690 5463 2889 5539 ὀρανός
2921 5463 3183 5537 positum
3232 5465 3348 5538 ipsi
3405 5463 3825 5523 animadverti-

2160 5555 2320 5593 mus.
2406 5553 2493 5592 γι..

2160 5555 2320 5596 mus.
2356 5553 2493 5593 ᾹΥΙ...

2234 5610 2347 5688 (_2_l)
2381 5609 2593 5688 Omnis
2619 5608 2842 5688 carnis,
2867 5612 2957 5663 est
2989 5607 3266 5688 in_I.evit.
3291 5626 3405 5667 xvn
3427 5609 3647 5688 σαρκός,
3680 5623 3826 5673 non,

2162 5678 2469 5737 ut'Noster
2497 5678 2698 5749 habet,
2731 5679 2992 5752 κτήνους.
3025 5678 3166 5737 ΧΠ..
