4118 6416
282 354 364 414 33
1427 349 1970 415 HISTORIAHUM
2016 349 2582 418 GOMPENDIUM.
3642 363 3721 422 3t

285 484 392 541 ὅσα
421 485 468 540 ιι
497 489 615 546 τοῖς
653 480 867 554 ὕδασιν,
921 480 1004 539 ἔτι
1059 504 1118 540 τε
1175 483 1266 539 καὶ
1326 485 1565 554 πετεινὰ,
1625 479 1754 561 ἔργα
1806 482 1951 561 τρία.

2076 499 2134 540 ac
2190 493 2480 559 praeterea
2533 489 2804 548 volucres
2857 491 3010 548 Deus
3058 492 3318 548 creavit:
3370 509 3549 566 Opera
3588 493 3723 552 tria.

287 580 372 649 Τῇ
433 577 477 640 ς’
535 577 720 650 ἠμὲρᾳ
779 575 847 631 τὰ
902 573 1230 650 τετράποδα,
1287 573 1354 630 τὰ
1431 574 1629 650 ἑρπετά
1707 579 1836 653 γῆς,
1895 574 1964 631 τά

289 667 462 742 θηρία
524 666 614 720 καὶ
681 666 775 721 τὸν
845 663 1160 740 ἄνθρωπον,
1231 663 1359 741 ἔργα
1449 669 1698 740 τεσσαρα.
1785 666 1960 738 Ὁμοῦ

289 757 470 811 πάντα
500 757 567 810 τὰ
616 749 749 829 ἔργα
805 752 1102 820 εἰκοσιδύο,
1161 753 1423 830 ἰσάριθμα
1471 760 1592 819 τοῖς
1652 749 1960 829 Ἑϐραϊκοῖς

293 847 611 921 γράμμασι,
642 845 734 900 καὶ
765 851 885 906 ταῖς
918 842 1191 901 εἰκοσιδύο
1223 845 1397 901 αὐτῶν
1427 840 1648 910 ϐίϐλοις
1679 847 1814 920 (22),
1872 844 1961 900 καὶ

292 941 418 998 ταῖς
452 935 560 991 ἀπὸ
617 929 800 1008 Ἀδὰμ
843 937 953 996 ’ἐως
1011 930 1209 991 Ἰακὼϐ
1264 932 1538 991 εἰκοσιδύο
1595 935 1961 1012 γενεαρχίαις,

297 1025 374 1087 ὡς
406 1024 459 1079 ἐν
497 1027 681 1098 Λεπτῇ
713 1025 929 1102 φέρεται
963 1026 1192 1090 Γενὲσει,
1251 1024 1318 1094 ἢν
1367 1024 1460 1080 καὶ
1523 1022 1761 1087 Μωσέως
1822 1023 1959 1078 εἷναί

299 1117 437 1190 φασί
467 1136 610 1176 τινες
640 1115 1015 1189 ἀποκάλυψιν,
1084 1113 1235 1185 Αὕτη
1297 1115 1394 1178 τὰς
1449 1114 1736 1184 οὐρανίους
1793 1111 1960 1169 δυνά-

301 1226 423 1278 μεις
457 1209 528 1276 τῇ
560 1206 756 1279 πρώτη
790 1205 974 1278 ἡμέρᾳ
1004 1206 1152 1280 Λέγει
1185 1203 1444 1260 ἐκτίσθαι.
1475 1205 1638 1266 Τίνος
1693 1201 1751 1259 δὲ
1797 1202 1958 1278 χάριν

288 1297 393 1362 τήν
433 1296 477 1362 ζ’
541 1295 757 1367 ἡμέραν
816 1292 1109 1366 εὐλόγησεν
1170 1292 1198 1348 6
1257 1293 1408 1362 Θεὸς,
1475 1293 1563 1348 καὶ
1622 1292 1686 1347 οὐ
1741 1295 1960 1360 πάσαςς

299 1385 629 1461 φασίτινες.
666 1381 909 1458 Λέγομεν
945 1383 1039 1438 οῦν
1096 1382 1179 1439 ὅτι
1238 1383 1434 1452 ἑκάστη
1491 1383 1599 1437 τῶν
1660 1379 1846 1437 ἄλλων
1904 1381 1964 1436 ἐκ

291 1481 395 1542 τῆς
430 1472 482 1527 ἐν
511 1473 654 1546 αὐτῇ
687 1472 992 1545 γενομένης
1049 1469 1412 1548 δημιουργίας
1466 1467 1596 1547 ἔσχε
1645 1473 1746 1540 τήν
1800 1470 1962 1526 εὐλο-

237 1560 432 1635 ’γίαψ
471 1558 661 1630 ἐπειδὴ
719 1557 777 1616 δὲ
833 1555 1066 1633 ἔμελλεν
1125 1561 1260 1631 αὕτη
1326 1560 1466 1633 μόνη
1525 1558 1700 1633 μένειν
1762 1560 1962 1635 ἀγέρα-

293 1669 448 1717 στος,
511 1646 789 1722 μηδεμιᾶς
844 1646 898 1703 ἕν
956 1649 1093 1722 αὐτῇ
1180 1647 1480 1724 γενομένης
1571 1644 1959 1723 δημιουργίας,

290 1744 496 1798 τούτου
525 1742 690 1816 χάριν
722 1737 1023 1816 ηὐλογήθη
1055 1739 1147 1794 καὶ
1197 1738 1332 1810 αὕτη
1391 1739 1495 1794 ὑπὸ
1541 1743 1639 1794 ¹ιοῦ
1687 1742 1823 1794 Θεοῦ
1870 1739 1960 1793 καὶ

2069 575 2242 632 Sexta
2301 579 2396 634 die
2457 580 2888 654 quadrupeda;
2947 598 3018 638 ea
3073 600 3205 654 quae
3253 584 3419 640 humi
3453 591 3724 656 serpunt,

2070 664 2292 723 bestias
2339 674 2398 724 et
2457 670 2808 726 hominem:
2871 687 3052 744 Opera
3099 678 3374 743 quatuor.
3432 676 3724 731 Numerus

2070 756 2343 812 omnium
2368 774 2614 830 operum
2649 760 2825 815 simul
2850 760 3054 833 viginti
3105 762 3220 817 duo
3256 780 3270 831 ;
3304 779 3436 833 qum
3493 780 3727 818 summa

2070 851 2267 915 mquat
2286 862 2606 903 numerum
2635 849 2966 905 litterarum
2989 851 3499 916 Hebraicarum,et
3517 870 3723 910 rursus

2068 932 2360 992 librorum
2419 938 2636 1009 quibus
2691 939 2875 996 Judaei
2907 947 3176 1000 utuntur.
3213 942 3476 1013 itemque
3518 943 3725 1016 viginti

2069 1022 2185 1079 duo
2207 1027 2496 1098 graduum
2518 1029 2754 1096 generis
2776 1030 2848 1085 ab
2874 1030 3094 1085 Adamo
3110 1031 3387 1102 usquead
3415 1032 3697 1088 Jacobum
3714 1076 3728 1100 ,

2069 1120 2135 1168 ut
2166 1114 2228 1168 in
2262 1133 2438 1186 parva
2469 1118 2684 1173 Genesi
2728 1119 2964 1192 legitur,
2999 1137 3175 1191 quam
3209 1122 3387 1176 etiam
3451 1122 3727 1178 nonnulli

2069 1203 2241 1258 aiunt
2270 1221 2400 1262 esse
2433 1207 2609 1262 Mosis
2642 1210 3098 1279 patefactionem
3161 1210 3319 1266 Idem
3354 1211 3506 1267 liber
3547 1212 3732 1267 tradit

2069 1293 2338 1349 ccelestes
2371 1313 2609 1368 quoque
2643 1298 2940 1368 potentias
2971 1300 3164 1370 prima
3187 1300 3283 1354 die
3314 1307 3544 1357 creatas
3575 1317 3725 1356 esse.

2067 1383 2183 1437 Cur
2211 1384 2722 1457 autem,inquiunt
2750 1387 3143 1458 quidam,non
3172 1391 3513 1459 omnes,sed
3546 1391 3728 1462 septi-

2067 1487 2234 1526 mum
2268 1473 2557 1530 duntaxat
2586 1475 2743 1530 diem
2779 1478 2931 1533 Deus
2982 1478 3243 1534 faustum
3307 1494 3434 1534 esse
3487 1480 3671 1551 jussit
3703 1478 3730 1533 ‘I

2068 1561 3396 1639 Respondemus,reliquarumunamquamque
3411 1585 3480 1623 ex
3494 1569 3732 1640 opiﬁcio

2070 1650 2229 1721 quod
2251 1668 2320 1707 ea
2341 1653 2435 1707 die
2459 1661 2765 1725 peractum
2790 1663 2898 1725 est,
2924 1673 3092 1712 suam
3115 1657 3335 1712 habere
3368 1659 3730 1730 prosperita-

2069 1740 2144 1796 tis
2193 1741 2747 1800 denuntiationem:
2799 1762 2934 1802 cum
2987 1754 3186 1802 autem
3220 1747 3346 1803 sola
3378 1750 3631 1820 septima
3661 1765 3731 1804 eo

293 1836 561 1910 ἡγιάσθη,
635 1833 732 1887 καὶ
812 1826 1094 1886 Σάϐϐατον
1172 1830 1248 1894 ὡς
1301 1829 1716 1902 καταπαύσιμος
1790 1849 1959 1904 προσ-

2076 1829 2296 1886 honore
2325 1838 2479 1887 esset
2508 1833 2786 1891 caritura.
2822 1835 2988 1890 nullo
3036 1853 3104 1892 ea
3135 1837 3228 1892 die
3265 1855 3442 1909 opere
3465 1839 3731 1905 condito,

297 1924 600 1998 ηγορεῦθη,
633 1922 722 1976 καὶ
753 1922 828 1982 ὡς
858 1920 1028 1982 τύπος
1087 1926 1188 1989 τῆς
1245 1913 1490 1992 ἑϐδόμης
1547 1915 1960 1997 χιλιοετηρίδος

292 2015 533 2081 καὶτῆς
589 2015 696 2065 τῶν
757 2009 1103 2084 ἁμαρτωλῶν
1166 2005 1495 2082 συντελείας,
1553 2009 1629 2070 ὡς
1691 2007 1958 2078 Ἰώσηπος

297 2107 567 2176 μαρτυρεῖ
593 2101 683 2156 καὶ
725 2102 760 2168 ἠ
798 2101 982 2168 Δενπὴ
1016 2099 1242 2160 Γενεσις.

364 2386 442 2440 Τὰ
517 2385 684 2458 θηρία
758 2383 851 2438 καὶ
925 2382 992 2436 τὰ
1061 2378 1372 2458 τετράποδα
1442 2379 1534 2435 καὶ
1608 2381 1676 2436 τὰ
1763 2380 1962 2455 ἑρπετὰ

292 2475 566 2550 ὀμόρωνα
606 2473 748 2541 ἦσαν
803 2471 912 2546 πρὸ
968 2477 1068 2539 τῆς
1118 2464 1476 2546 παραϐάσεως
1515 2472 1614 2541 ’τῷ
1669 2468 1961 2543 ἀνθρώπῳ,

291 2560 461 2631 διότι,
501 2563 693 2639 φησὶν,
747 2561 775 2614 6
837 2561 962 2637 δφις
1019 2559 1322 2635 ἀνθρωκίνῃ
1386 2562 1541 2638 φωνῇ
1601 2557 1842 2628 ἐλάλησε
1891 2563 1960 2633 τῇ

288 2651 427 2721 Εὕα.
465 2653 615 2708 Ilia:
646 2648 702 2706 δὲ
735 2650 939 2728 λογικὴ
994 2649 1154 2729 φύσις
1213 2651 1328 2722 (23)
1386 2649 1504 2704 κατ’
1565 2646 1748 2702 εἰκόνα
1804 2651 1959 2702 Θεοῦ’

292 2745 464 2796 ταῦτα
497 2737 556 2794 Si
585 2740 690 2795 οὐκ
713 2739 817 2794 εἰσί
875 2739 1014 2793 κατά
1070 2737 1249 2794 εἰκόνα
1307 2741 1466 2793 Θεοῦ·
1523 2737 1616 2792 τὸν
1668 2737 1772 2812 γὰρ
1839 2732 1960 2812 ὅφιν

292 2829 685 2903 ὁμολογοῦμεν
716 2826 1084 2898 λελαληκέναι
1125 2832 1196 2902 τῇ
1259 2823 1390 2897 Εὕα,
1441 2826 1620 2899 στόμα
1663 2825 1962 2900 γενόμενον

293 2925 374 2990 τῷ
403 2923 590 2990 νοητῷ
621 2917 763 2998 ὄφει,
795 2917 848 2972 ἐν
879 2918 925 2990 ᾧ
971 2916 1266 2993 ἐνεργήσας
1327 2916 1403 2981 ὡς
1450 2917 1662 2986 συνήθει
1719 2912 1833 2969 ὄντι
1883 2919 1963 2988 τῷ

295 3010 574 3082 ἀνθρώπῳ
605 3009 754 3083 παρὰ
780 3009 849 3062 τὰ
907 3005 1075 3062 λοιπὰ
1136 3006 1301 3081 θηρία
1360 3002 1432 3060 δι’
1492 3002 1656 3060 αὐτοῦ
1721 3004 1964 3074 ἧπάτὴσε

293 3099 424 3160 τοῦς
456 3097 835 3173 προπάτορας,
869 3097 896 3151 6
931 3096 1068 3170 μετά
1111 3099 1279 3151 τοῦτο
1328 3094 1422 3150 καὶ
1472 3094 1524 3150 ἐν
1587 3095 1830 3170 ἀψύχοις
1887 3093 1962 3150 ei-

2071 1918 2204 1974 ideo
2239 1921 2368 1991 ipsa
2416 1938 2652 1993 quoque
2699 1940 2732 1978 a
2763 1925 2880 1978 Deo
2939 1924 3132 1980 fausta
3190 1943 3318 1982 esse
3346 1928 3516 1998 jussa
3547 1934 3636 1982 est
3665 1945 3732 1983 ac

2069 2015 2416 2066 consecrata
2446 2016 2504 2064 et
2541 2011 2861 2068 Sabbatum
2895 2014 3192 2086 eppellata
3216 2033 3228 2082 ;
3253 2022 3319 2070 ut
3340 2033 3471 2087 quae
3501 2018 3730 2088 requie-

2070 2103 2190 2155 tem
2222 2101 2449 2168 atlerat,
2495 2106 2554 2156 et
2601 2110 2990 2174 repraesentet
3047 2105 3369 2176 septimum
3428 2123 3726 2161 annorum

2069 2187 2498 2256 millenarium,
2535 2190 2836 2265 ﬁnemque
2879 2194 3254 2264 peccantium
3288 2194 3625 2262 hominum,
3657 2201 3724 2251 ut

2067 2277 2360 2350 Iosephus
2390 2285 2642 2336 testatur
2671 2289 2730 2336 et
2754 2283 2939 2339 Parva
2964 2283 3227 2339 Genesis.

2142 2369 2350 2424 Bestiae
2383 2386 2449 2426 ac
2482 2371 2868 2444 quadrupeda
2913 2379 2972 2428 et
3007 2373 3246 2444 reptilia
3273 2380 3408 2430 ante
3439 2374 3725 2431 delictum

2071 2459 2374 2514 communi
2406 2477 2539 2515 cum
2575 2461 2916 2517 hominibus
2955 2463 3049 2518 I0
3080 2479 3216 2519 voce
3238 2479 3348 2519 usa
3391 2471 3549 2520 sunt.
3582 2468 3725 2521 Nam

2071 2551 2312 2623 (inquit)
2347 2569 2592 2626 serpens
2615 2555 2878 2612 humana
2899 2572 3038 2611 voce
3060 2557 3234 2612 Evam
3288 2563 3379 2612 est
3407 2558 3723 2614 allocutus.

2071 2645 2278 2700 Omnis
2308 2652 2506 2701 autem
2532 2654 2745 2702 natura
2763 2649 2996 2704 ratione
3021 2650 3268 2720 prmdita
3287 2655 3377 2705 est
3394 2651 3726 2706 secundum

2069 2733 2388 2806 imaginem
2441 2736 2562 2791 Dei.
2598 2740 2670 2791 At
2699 2753 2835 2792 vero
2884 2738 2998 2793 ista
3020 2756 3141 2795 non
3165 2745 3305 2794 sunt
3325 2739 3480 2795 facta
3511 2757 3725 2795 secun-

2071 2821 2212 2878 dum
2243 2825 2564 2896 imaginem
2613 2824 2740 2882 Dei.
2799 2827 3032 2883 Etenim
3090 2835 3428 2900 serpentem
3469 2829 3730 2884 fatemur

2071 2913 2203 2968 Eva:
2229 2913 2404 2968 verba
2433 2914 2766 2978 fecisse,ita
2789 2915 3031 2986 quidem
3073 2924 3141 2972 ut
3161 2918 3210 2972 is
3233 2918 3353 2973 oris
3387 2918 3517 2973 loco
3549 2918 3733 2987 fuerit

2072 3003 2354 3074 serpenti,
2388 3019 2565 3074 quem
2595 3009 2651 3059 et
2673 3005 3070 3077 significatum
3096 3006 3493 3079 intelligentia
3515 3007 3727 3080 depre-

2070 3093 2409 3149 hendimus.
2429 3093 2531 3149 Hic
2561 3093 2687 3157 illo,
2726 3101 2791 3150 ut
2820 3112 2955 3151 cum
2984 3097 3224 3152 homine
3254 3097 3383 3169 ples
3416 3114 3596 3170 quam
3632 3114 3728 3153 re-

295 3188 504 3250 ὂώλοις
540 3187 789 3259 λαλήσας
819 3192 936 3251 τοῖς
967 3186 1054 3242 ὑπ’
1083 3184 1248 3241 αὑτοῦ
1291 3181 1630 3241 δελεασθεῖσι
1692 3184 1956 3258 πολυτρό-

2076 3181 2254 3253 liquis
2284 3181 2361 3237 sit
2384 3182 2787 3240 animantibus
2810 3186 3262 3242 consuetudinis
3296 3186 3571 3256 habente,
3593 3201 3733 3243 usus

294 3301 415 3341 πως
446 3275 910 3352 εἰδωλολάτραις.
942 3277 1021 3334 Τὸ
1053 3273 1110 3332 δὲ
1162 3276 1302 3332 εἶναι
1347 3275 1438 3330 τὸν
1491 3273 1612 3355 ὂφιν
1659 3275 1960 3350 τετράπουν

295 3373 357 3426 τὸ
390 3370 520 3442 πρὶν
567 3367 659 3422 καὶ
726 3367 859 3440 μετὰ
914 3367 1014 3435 τήν
1064 3366 1306 3439 πονηρὰν
1367 3364 1649 3440 εἰσήγησιν
1708 3365 1963 3440 δρπυστι-

292 3463 418 3527 γὸν,
448 3457 542 3512 καὶ
570 3456 652 3511 ἱὸν
681 3454 830 3521 αὖτῷ
859 3453 948 3510 ἐπὶ
979 3456 1078 3524 τήν
1118 3452 1369 3529 γλῶσσαν
1429 3451 1726 3524 ἐντεθῆναι,
1786 3455 1872 3527 [Ρ.
1905 3454 1961 3527 5]

290 3548 394 3605 οὐκ
422 3547 784 3618 ἀπιστοῦμενο
817 3543 1096 3618 Φρόνιμος
1129 3541 1186 3598 δὲ
1217 3543 1245 3598 ὁ
1294 3537 1418 3622 ὄφις
1472 3541 1708 3612 ἐκλήθη,
1765 3540 1852 3598 ὅτι
1900 3542 1962 3598 τὸ

291 3637 524 3713 λογικὸν
554 3640 696 3706 ζῶον
729 3635 819 3689 τὸν
878 3632 1183 3708 ἄνθρωπον,
1243 3633 1333 3688 καὶ
1388 3637 1496 3688 τῶν
1553 3630 1743 3687 ἄλλων
1796 3632 1966 3712 ἀγχι-

294 3728 422 3800 νοίᾳ
478 3725 754 3802 διαφέρον,
811 3725 1038 3795 ἐξαπτᾷν
1096 3721 1351 3798 ἔμελλεν.
1412 3720 1619 3780 Ἀλλοι
1691 3719 1749 3778 δέ
1805 3743 1965 3802 φασιν

299 3819 386 3874 δτι
420 3819 483 3872 ού
513 3821 594 3888 τῷ
650 3815 787 3870 κατά
843 3814 1128 3890 προφορὰν
1187 3811 1343 3886 λόγῳ
1397 3813 1426 3868 6
1484 3810 1608 3888 ὄφις
1665 3811 1966 3887 ἐχρήσατο,

294 3906 426 3962 ἀλλ’
492 3906 545 3959 οἱ
603 3901 1055 3980 πρωτόπλαστοι,
1112 3902 1204 3957 ἅτε
1257 3903 1450 3964 κακίας
1516 3902 1664 3963 ὃντες
1725 3901 1968 3977 ἀμιγεῖς,

295 3991 694 4070 ἀκριϐεστάτας
752 3994 908 4072 εἶχον
959 3993 1054 4055 τὰς
1132 3990 1412 4061 αἰσθήσεις
1490 3991 1581 4046 καὶ
1653 3989 1798 4047 πολὺ
1858 3992 1966 4046 τῶν

292 4087 584 4160 ἡμετέρων
647 4081 1102 4151 διαλλαττούσας,
1180 4077 1319 4136 ὥστε
1403 4080 1504 4148 τὴν
1565 4080 1735 4150 ἀκοὴν
1792 4079 1966 4136 αὐτῶν

292 4175 479 4244 πάσης
537 4174 808 4247 ὑπάρχειν
899 4177 1082 4250 φωνῆς
1167 4169 1516 4240 ἀκουστικήν.
1579 4167 1805 4238 Ἐπειδὴ
1867 4171 1971 4245 γὰρ

303 4263 570 4342 βασιλεὺς
601 4261 785 4338 ὥσπερ
815 4265 1077 4338 πρνήχθη
1138 4258 1191 4315 ἂν
1223 4264 1302 4330 τῷ
1349 4258 1546 4332 κόσμῳ
1597 4261 1624 4314 6
1665 4259 1972 4334 ἅνθρωπος,

302 4354 538 4413 εἰκότως
571 4353 688 4408 κατ’
747 4352 926 4407 εἰκόνα
983 4355 1118 4407 Θεοῦ
1170 4348 1501 4426 γεγέννηται·
1560 4345 1672 4404 ’ἔδει
1723 4350 1822 4424 γὰρ
1880 4351 1974 4405 τὸν

307 4443 602 4517 μέλλοντα
631 4441 822 4519 ἄρχειν
850 4443 957 4496 τῶν
987 4439 1175 4497 ἄλλων
1209 4437 1392 4514 ὥσπερ
1434 4439 1556 4494 τινὰ
1606 4439 1788 4495 εἰκόνα
1836 4440 1974 4496 εἶναι

2073 3272 2498 3339 instrumento,
2528 3274 2763 3346 generis
2795 3276 2980 3330 nostri
3013 3283 3288 3333 auctores
3319 3276 3732 3348 decepit.ltem

2070 3361 2384 3434 postmodo
2417 3362 2595 3418 etiam
2619 3363 2679 3419 in
2703 3363 3039 3420 simulacris
3074 3365 3361 3421 inanimis
3386 3366 3620 3421 locutus
3644 3372 3733 3421 est

2072 3451 2146 3508 ad
2178 3452 2353 3508 variis
2383 3453 2578 3509 modis
2609 3469 2642 3508 a
2673 3469 2734 3508 se
2767 3453 3063 3511 inescatos
3111 3455 3570 3512 simulacrorum
3599 3456 3730 3510 cul-

2075 3544 2252 3595 tores.
2282 3541 2484 3611 Neque
2511 3546 2708 3597 tamen
2731 3558 2852 3597 non
2884 3541 3181 3598 credimus
3207 3543 3732 3614 serpenteminitio

2073 3628 2257 3685 fuisse
2285 3630 2753 3702 quadrupedem,
2793 3649 2860 3687 ac
2885 3638 3016 3702 post
3037 3633 3399 3688 malitiosam
3431 3633 3605 3688 istam
3638 3633 3730 3687 in-

2074 3719 2418 3775 ductionem
2474 3719 2638 3774 humi
2683 3722 2961 3792 serpendi
2994 3723 3348 3777 necessitate
3379 3728 3727 3788 astructum,

2075 3810 2413 3882 linguisque
2441 3811 2570 3882 ejus
2591 3811 2750 3867 virus
2797 3812 3180 3884 impositum.‘
3204 3815 3454 3869 Vocatus
3487 3819 3576 3867 est
3606 3829 3728 3868 ser-

2077 3915 2226 3971 pens
2243 3899 2681 3971 callidus,quod
2705 3900 3208 3968 homini,nnimali
3232 3904 3460 3958 ratione
3483 3902 3731 3974 prmdito

2077 3995 2136 4044 et
2165 3988 2417 4060 reliquis
2448 3989 2722 4044 acumine
2757 3991 2970 4046 mentis
2995 3991 3298 4062 praestanti
3322 3992 3733 4063 essetimposi-

2077 4084 2268 4134 turus.
2304 4078 2420 4133 Alii
2451 4079 2657 4135 dicunt
2682 4096 2803 4135 non
2850 4081 3144 4152 expressis
3187 4082 3381 4137 verbis
3404 4099 3577 4137 usum
3609 4098 3730 4136 ser-

2077 4173 2341 4240 pentem,
2369 4167 2474 4223 sed
2514 4169 2706 4239 primo
2768 4175 2996 4225 creatos
3056 4171 3354 4236 homines,
3410 4177 3614 4243 utpote
3660 4171 3732 4226 ab

2079 4257 2242 4312 omni
2273 4256 2503 4312 malitia
2550 4275 2751 4329 puros,
2775 4260 3155 4315 acutissimos
3187 4260 3464 4315 habuisse
3522 4277 3733 4316 sensus

2080 4347 2387 4417 multoque
2407 4347 2630 4402 nostris
2653 4348 3098 4419 praestantiores
3124 4368 3136 4417 ;
3163 4350 3363 4421 itaque
3396 4366 3501 4405 suo
3525 4349 3732 4405 auditu

2080 4436 2282 4492 omnia
2313 4436 2472 4492 vocis
2529 4453 2748 4511 genera
2803 4439 3158 4510 percepisse.
3196 4439 3445 4504 Quando
3479 4440 3638 4496 enim
3672 4439 3734 4494 in

303 4532 567 4612 ἔμψυχον
598 4538 698 4602 τῆς
721 4535 817 4586 τοῦ
848 4525 1240 4604 παμϐασιλέως
1261 4526 1616 4602 ὁμοιότητος,
1641 4527 1741 4584 οὐκ
1761 4528 1814 4584 ἐν
1843 4550 1965 4602 πορ-

2080 4526 2372 4583 mundum
2405 4527 2582 4583 homo
2614 4532 2900 4600 tanquam
2924 4545 3025 4583 rex
3047 4529 3371 4600 productus
3390 4530 3734 4594 fuit,conve-

304 4618 496 4700 φὺρὶδι
526 4620 616 4675 καὶ
649 4621 915 4694 σκήπτρῳ
952 4618 1043 4674 καὶ
1074 4614 1374 4688 διαδήματι
1405 4619 1505 4684 τήν
1557 4615 1704 4686 ἀξίαν
1762 4616 1970 4693 ἔμ’ραί-

297 4731 486 4778 νοντα,
519 4708 634 4766 ἐπεὶ
671 4708 811 4782 μηδὲ
840 4711 902 4764 τὸ
931 4707 1241 4784 ἀρχέτυπον
1279 4706 1329 4761 ἐν
1363 4706 1582 4769 τούτοις
1623 4705 1790 4775 ἐστῖν,
1843 4703 1975 4762 ἀλλ’

299 4801 357 4857 ἰν
392 4804 473 4870 τῷ
525 4801 897 4873 κεκοσμῆσθαι
943 4803 1013 4873 τῇ
1071 4796 1344 4873 ἀφθαρσίᾳ
1397 4795 1488 4850 καὶ
1547 4794 1831 4867 ἀθανασίᾳ,
1881 4795 1972 4851 καὶ

303 4891 502 4964 ἀρετῆ·
535 4890 748 4950 τούτοις
789 4889 895 4966 γὰρ
951 4887 1205 4962 τιμηθεῖς
1259 4887 1288 4941 6
1347 4884 1632 4959 ἄνθρωπος
1679 4887 1779 4955 τήν
1836 4887 1971 4960 πρὸς

304 4981 372 5034 τὸ
406 4979 766 5053 πρωτότυπον
801 4977 979 5034 εἰκόνα
1025 4978 1117 5032 καὶ
1163 4976 1470 5050 ὁμοιότητα
1523 4970 1801 5043 διασώζει.
1850 4977 1972 5032 Ἔτι

309 5068 368 5124 εὶ
398 5069 490 5124 καὶ
541 5071 576 5140 ἢ
623 5068 1036 5140 αὖτεξουσιότης
1083 5067 1148 5122 τὸ
1199 5064 1484 5142 βασιλικὸν
1534 5063 1624 5119 καὶ
1674 5063 1974 5141 ἐπῃρμένον

303 5167 409 5229 τῆς
441 5159 656 5238 ιρύσεως
682 5164 780 5216 τοῦ
810 5159 1098 5234 ἀνθρώπου
1139 5157 1228 5212 καὶ
1279 5176 1416 5232 προς
1457 5156 1557 5224 τήν
1600 5152 1748 5209 θείαν
1790 5155 1973 5211 εἰκόνα

2081 4616 2286 4673 niebat
2306 4633 2442 4672 eum
2475 4616 2548 4673 ad
2573 4618 2891 4691 imaginem
2916 4619 3016 4675 Dei
3058 4620 3281 4675 factum
3315 4636 3445 4676 esse
3481 4620 3738 4692 :quippe

2084 4707 2394 4778 oportebat
2414 4724 2551 4763 eum
2585 4709 2685 4780 qui
2718 4709 2850 4765 aliis
2885 4715 3041 4764 esset
3099 4710 3518 4782 imperaturus,
3552 4710 3737 4766 veluti

2083 4798 2404 4870 imaginem
2437 4799 2756 4868 quamdam
2789 4799 3112 4854 animatum
3141 4817 3267 4855 esse
3321 4799 3737 4856 similitudinis

2084 4889 2215 4959 ejus
2230 4889 2330 4958 qui
2360 4890 2478 4943 Rex
2506 4890 2911 4956 estomnium;
2947 4891 3046 4960 qui
3082 4907 3200 4946 non
3215 4899 3738 4962 purpura,sceptro

2083 4996 2151 5035 ac
2182 4978 2510 5035 diademate
2541 4979 2888 5052 dignitatem
2913 4998 3081 5036 suam
3113 4981 3740 5052 monstraret,quando

2085 5074 2145 5125 et
2176 5068 2480 5140 exemplar
2533 5068 2603 5124 ad
2639 5069 2797 5140 quod
2850 5069 2948 5125 ille
2978 5070 3167 5126 factus
3227 5078 3314 5127 est
3348 5071 3500 5126 nihil
3529 5071 3739 5125 borum

2082 5158 2282 5223 habet,
2316 5158 2419 5214 sed
2451 5175 2520 5213 eo
2552 5159 2711 5230 quod
2743 5159 3018 5215 interitus
3041 5161 3357 5226 vacuitate,
3385 5160 3742 5216 immortali-

1523 5255 1885 5313 XYLANDRI
1927 5259 2012 5315 ET
2049 5258 2265 5315 GOARI
2296 5258 2518 5313 ΝΟΤΑΞ.

378 5365 500 5440 (22)
557 5363 875 5440 Receptius
924 5369 1033 5440 est,
1082 5360 1378 5431 hodieque
1427 5357 1737 5440 usitatum,
1787 5356 1970 5440 libros

301 5427 536 5491 Veteris
593 5427 958 5492 Testamenti
1007 5427 1138 5489 xxiv
1184 5427 1533 5512 recenseri;
1584 5427 1972 5512 unde‘etiam

300 5510 486 5564 Vetus
518 5509 986 5582 Testamentum,
1019 5523 1150 5582 quas
1192 5508 1331 5582 sunt
1381 5501 1970 5582 Judmorumubibtia,

301 5589 547 5656 ειη-ειη,
570 5592 755 5648 rm.
787 5579 852 5656 is!
881 5583 990 5656 est.
1018 5572 1222 5652 viginti
1254 5580 1528 5656 (μημιον,
1562 5572 1974 5656 ἱηεςπίέηξοίιιν

298 5669 366 5728 ac
383 5643 895 5728 nominanturzDe
917 5643 1485 5728 utraq'uesententia
1507 5643 1974 5728 satisfacietnon

292 5727 478 5784 nimis
507 5727 752 5785 curioso
795 5723 1005 5781 lectori
1055 5717 1335 5796 prologue
1393 5719 1455 5774 D.
1509 5717 1854 5789 Hieronymi
1909 5717 1973 5775 in

2084 5357 2292 5424 Biblia,
2319 5356 2417 5428 qui
2451 5357 2663 5424 galeati
2690 5359 2862 5417 titulo
2886 5364 3092 5415 exstat.
3125 5361 3260 5416 XYL.

2153 5431 2264 5505 (423)
2305 5429 2559 5505 ﬁctione
2593 5433 2838 5505 przjdita
2896 5437 2997 5486 aut
3066 5447 3351 5488 sermone:
3415 5439 3736 5505 utrumque

2084 5497 2469 5576 enim'___)tovds
2517 5497 2855 5576 signiﬁcat;
2916 5519 3108 5576 neque
3159 5509 3249 5558 est
3304 5505 3416 5560 hoc
3472 5497 3735 5576 unquam

2084 5573 2514 5702 pinogllomum
2549 5573 2736 5631 oratio
2769 5576 2846 5632 sit
2875 5574 3043 5645 quasi
3073 5577 3313 5632 sensilis
3346 5573 3620 5648 quaedam
3644 5594 3741 5632 ra-

2109 5663 2186 5702 10.
2275 5661 2362 5700 γι.

2082 5647 2186 5703 tio.
2223 5647 2362 5702 Χγι.
