4118 6434
370 342 448 406 ες
1678 329 2007 392 GEORGII
2047 333 2407 396 CEDRENI
2520 298 2525 303 ⁷
3716 332 3799 393 se

370 478 490 530 tate
547 487 613 526 ac
672 466 885 523 virtute
945 465 1266 517 exornatus
1293 463 1486 515 esset:
1530 459 1623 515 his
1652 460 1814 516 enim
1843 461 2020 520 rebus

2137 460 2367 539 ἐμφερὲς
2426 464 2844 541 προφανέσεατα
2925 460 3184 519 δείκνυσι.
3244 461 3396 519 Κατὰ
3451 466 3645 517 τοῦτον
3710 459 3806 515 τὸν

370 563 684 618 decoratus
700 558 878 614 homo
897 550 1352 609 similitudinem
1366 550 1808 622 imaginemque
1831 568 2028 609 exem-

369 652 555 725 plaris
575 649 651 705 ad
684 649 777 702 11
813 643 974 716 quod
1004 642 1246 697 effectus
1281 647 1389 706 est,
1437 648 1766 697 conservat.
1800 642 1928 699 Jam
1960 644 2027 698 li-

371 743 571 798 bertas
630 753 871 811 quoque
928 732 1237 805 potestatis
1285 748 1428 795 suae,
1489 737 1719 788 naturai
1748 734 2024 790 humana;

369 832 595 906 regiam
628 826 1037 901 praestantiam
1054 823 1232 893 inque
1246 838 1315 877 ea
1340 821 1554 876 divinas
1572 822 2023 894 imaginissimi-

367 921 691 978 litudinem
713 913 1196 972 manifestissime
1218 911 1802 983 demonstrat.Atque
1822 929 2029 968 secun-

371 1011 514 1066 dum
530 1011 680 1064 hanc
705 1006 995 1062 rationem
1008 1003 1187 1057 homo
1209 1016 1493 1056 manuum
1514 1001 1615 1056 Dei
1640 1017 1789 1073 opus
1811 1002 2029 1056 dicitur

371 1099 445 1155 ob
477 1099 822 1171 dignitatem
846 1097 1159 1150 structurae
1187 1109 1201 1146 :
1235 1106 1412 1146 omne
1439 1090 1597 1145 enim
1620 1090 1734 1146 hoc
1766 1097 1856 1146 est
1884 1108 2021 1147 con-

373 1190 491 1244 silii
526 1187 781 1243 effectio.
816 1186 1001 1240 Porro
1028 1182 1154 1237 bmc
1183 1197 1242 1234 ;‹‹
1269 1179 1576 1237 Faciamus
1606 1180 1660 1236 ei
1690 1180 2025 1252 adjutorem

378 1279 831 1335 accomodatum
863 1273 973 1346 ipsi
1004 1290 1018 1339 ;
1054 1294 1079 1321 »ι
1115 1276 1358 1342 propter
1384 1269 1645 1325 futuram
1677 1269 1859 1342 prolis
1887 1289 2022 1344 pro-

371 1376 734 1425 creationem
767 1364 945 1421 dicit:
979 1363 1218 1432 adjuvat
1248 1359 1406 1415 enim
1441 1359 1665 1415 femina
1697 1376 1921 1416 marem
1962 1363 2024 1417 in

367 1458 749 1535 propagando
784 1454 1307 1525 conservandoque
1329 1469 1566 1526 genere.
1594 1455 1810 1509 Efl‘ecta
1825 1460 2024 1511 autem

366 1551 786 1615 muliere,cum
818 1562 950 1601 eam
977 1542 1352 1614 conspicatus
1386 1546 1543 1598 esset
1590 1541 1870 1610 Adamus,
1904 1561 2024 1600 non

366 1642 448 1696 ita
470 1638 743 1708 faﬂ‘ectus
773 1635 974 1692 animo
1031 1639 1120 1688 est
1146 1637 1214 1688 ut
1244 1631 1346 1704 qui
1378 1631 1691 1687 mulierem
1728 1639 2021 1690 cerneret.

366 1729 470 1786 sed
500 1726 748 1800 perinde
781 1742 849 1781 ac
879 1741 941 1779 se
974 1723 1168 1795 ipsum
1200 1720 1614 1792 contemplans
1645 1721 1878 1777 laetatus
1899 1723 2022 1793 spio

365 1820 484 1874 ritu
518 1822 626 1883 est,
658 1814 864 1870 videns
894 1829 1024 1868 eam
1074 1810 1255 1866 simili
1302 1809 1477 1865 modo
1510 1811 1790 1911 effictam.
1822 1810 1934 1866 Sed
1966 1818 2025 1866 et
2054 1848 2100 1911 Β

366 1907 584 1964 mulier
602 1906 788 1960 virum
822 1906 1112 1959 contuens
1138 1915 1351 1972 magno
1391 1898 1605 1972 gaudio
1638 1905 1727 1955 est
1757 1900 2018 1971 perfusa,

362 1997 703 2069 intelligens
735 2009 796 2049 se
825 1993 879 2048 ei
938 2007 1065 2046 esse
1121 1988 1482 2061 adjunctam.
1555 1988 1847 2045 Caeterum
1893 1990 2020 2046 haac

362 2085 558 2154 verba,
594 2085 811 2138 «Morte
837 2077 1200 2143 moriemini,
1224 2099 1251 2126 »
1276 2076 1335 2132 id
1356 2076 1719 2147 significant,
1746 2078 2021 2134 Mortales

362 2176 568 2240 eritis;
602 2169 899 2243 quomodo
934 2169 1113 2222 etiam
1167 2166 1561 2237 Symmachus
1592 2165 2020 2237 interpretatus

361 2270 469 2321 est.
503 2260 750 2333 Operari
784 2264 841 2314 et
882 2256 1182 2314 custodire
1207 2255 1569 2329 signiﬁcant,
1621 2254 1771 2310 illud
1802 2256 2021 2328 gratia-

368 2372 503 2412 rum
534 2354 829 2410 actionem
861 2355 918 2406 et
944 2348 1347 2404 laudationem
1370 2352 1455 2402 tot
1476 2352 1898 2419 tantorumque
1924 2348 2020 2404 bo-

368 2460 585 2503 norum
616 2439 916 2515 praebitori
942 2437 1290 2509 rependere,
1316 2436 1429 2492 hoc
1458 2452 1665 2492 cavere
1685 2452 1759 2492 ne
1782 2437 2020 2508 quando

363 2550 472 2605 per
500 2530 858 2588 vmcordiam
891 2529 979 2586 sui
1014 2525 1416 2583 benefactoris
1447 2524 1668 2580 oblitus
1726 2531 2021 2596 prmsente

362 2623 647 2679 felicitate
679 2639 747 2678 ac
776 2621 906 2675 vitea
930 2617 1354 2675 commoditate
1386 2613 1636 2670 excidat.
1674 2612 1886 2669 Adami
1922 2631 2022 2669 vo-

2138 549 2307 630 λόγον
2338 553 2430 607 καὶ
2488 558 2692 630 χειρῶν
2753 557 2888 609 Θεοῦ
2944 546 3105 628 ἔργον
3146 553 3176 608 ὁ
3206 550 3490 627 ἅνθρωπος
3559 546 3651 605 διὰ
3694 550 3800 619 τήν

2134 645 2305 715 τιμὴν
2333 650 2433 713 τῆς
2462 651 2817 715 κατασκευῆς
2859 644 2950 700 καὶ
3007 644 3116 719 γὰρ
3173 640 3384 719 βουλῆς
3435 640 3678 719 ἐνέργεια
3730 640 3794 697 τὸ

2136 738 2263 788 πᾶν.
2296 735 2397 791 Τὸ.
2429 756 2457 785 ‹‹
2492 737 2820 809 Ηοιήσωμεν
2852 733 2998 805 αὐτῷ
3030 733 3232 809 βοηθὸν
3263 734 3381 787 κατ’
3425 731 3608 801 αὐτὸν,
3639 754 3669 784 ι»
3704 726 3795 785 διὰ

2135 821 2198 875 τὸ
2232 818 2437 893 μέλλον
2498 824 2601 892 τῆς
2658 822 3011 897 παιδογονίας
3061 820 3228 898 λέγει·
3289 826 3539 898 συνεργεῖ
3591 819 3799 895 γάρτὸ

2138 908 2279 979 θῆλυ
2311 915 2391 982 τῷ
2422 909 2577 987 ἀνδρὶ
2604 915 2741 987 πρὸς
2780 913 2879 982 τήν
2928 916 3026 967 τοῦ
3069 914 3257 986 γένους
3315 907 3542 980 αὔξησίν
3590 928 3650 963 τε
3705 907 3834 963 καὶ⁴

2138 995 2431 1072 διαμονήν.
2492 998 2839 1072 Πλασθείσης
2897 998 2956 1057 δὲ
3010 1007 3111 1069 τῆς
3179 1000 3456 1076 γυναικὸς,
3515 999 3590 1060 ὡς
3650 998 3797 1070 ἑώρα

2137 1086 2305 1156 αὐτ-ᾖν
2337 1090 2365 1143 ὁ
2396 1085 2602 1160 Ἀδὰμ,
2634 1090 2748 1169 οὐχ
2804 1090 2881 1153 ὡς
2937 1095 3161 1165 γυναῖκα
3217 1090 3491 1162 θεώμενος
3531 1082 3794 1166 ἔπασχεν,

2137 1175 2266 1232 ἀλλ’
2298 1180 2372 1241 ιὶςς
2404 1178 2591 1234 ἑαυτὸν
2643 1180 2785 1254 ὁρῶν
2842 1183 3226 1253 πνευματικῶς
3286 1176 3631 1258 ηὐφραίνετο,
3688 1178 3792 1247 τὴν

2137 1266 2333 1339 ὁμοίαν
2401 1264 2620 1342 βλέπων
2689 1268 2781 1324 καὶ
2845 1267 3047 1339 ταύτην
3114 1267 3348 1343 ἔχουσαν
3432 1266 3792 1337 κατασκευήν.

2135 1355 2408 1418 Ὡσαύτως
2467 1357 2556 1412 καὶ
2613 1360 2648 1427 ἡ
2715 1359 2854 1434 γυνή
2925 1360 3109 1432 ὁρῶσα
3156 1358 3250 1414 τὸν
3310 1354 3478 1432 ἄνδρα
3532 1353 3793 1430 μεγάλως

2135 1444 2441 1520 ἠγάλλετο,
2472 1449 2592 1502 κατ’
2618 1445 2776 1502 αὐτὸν
2834 1446 2997 1502 οὖσαν
3046 1447 3240 1515 ἑαυτὴν
3291 1445 3533 1502 ἐννοῦσα.
3589 1446 3663 1501 Τὸ
3711 1442 3793 1514 δὲ,

2137 1558 2165 1586 ‹‹
2199 1535 2418 1608 Θανάτῳ
2441 1535 2816 1607 ἀποθανεῖσθε,
2852 1560 2879 1588 ιι
2920 1538 3121 1607 Θνητοὶ
3175 1535 3353 1592 ἔσεσθε
3399 1533 3677 1610 σημαίνει,
3717 1534 3793 1596 ὡς

2135 1633 2294 1689 καὶὸ
2356 1634 2665 1710 Σύμμαχος
2722 1637 3083 1709 ἡρμήνευσεν.
3143 1635 3498 1712 Ἐργάζεσθαι
3551 1633 3642 1689 καὶ
3699 1653 3795 1711 φυ-

2136 1720 2356 1780 λάσσειν
2407 1723 2686 1797 σημαίνει,
2744 1724 3055 1800 ἐργάζεσθαι
3120 1724 3215 1798 μὶν
3281 1725 3383 1793 τὴν
3442 1722 3791 1800 εὐχαριστίαν

2134 1812 2224 1867 καὶ
2253 1814 2354 1882 τὴν
2385 1812 2585 1869 αἲνεσιν
2644 1818 2724 1887 τῷ
2778 1812 3053 1869 τοσούτων
3107 1814 3196 1869 καὶ
3254 1811 3603 1885 τηλικούτων
3660 1812 3794 1887 ἀγα-

2128 1902 2237 1956 θῶν
2290 1907 2551 1977 παροχεῖ,
2611 1900 2906 1980 φυλάσσειν
2991 1899 3049 1958 δὲ
3132 1903 3223 1958 καὶ
3307 1907 3517 1976 τηρεῖν,
3591 1903 3792 1975 μήπως

2127 1990 2456 2062 ἀπονοηθεῖς
2484 1992 2577 2047 καὶ
2616 1989 2796 2062 λήθην
2856 1992 2952 2047 τοῦ
3011 1991 3295 2067 εὐεργέτου
3354 1986 3539 2046 λαϐὼν
3590 1997 3690 2060 τῆς
3730 1988 3783 2045 ἐν

2128 2082 2317 2155 χερσὶν
2351 2080 2598 2156 ἀποπέσῃ
2635 2082 3039 2158 μακαριότητος
3068 2083 3156 2137 καὶ
3208 2081 3463 2152 εὐζωῒας.
3495 2077 3679 2154 Ἀδὰμ
3727 2078 3787 2136 δὲ

2131 2169 2489 2246 ἑρμηνεύεται
2518 2168 2738 2246 γήΐνος,
2771 2171 2889 2228 Εὕα
2919 2168 2978 2226 δὲ
3010 2172 3146 2241 ζωή·
3196 2171 3287 2225 καὶ
3333 2170 3435 2246 γὰρ
3483 2169 3638 2225 αὐτοὶ
3686 2169 3787 2239 τῆς

2130 2258 2331 2336 γηΐνης
2362 2261 2454 2316 καὶ
2487 2268 2749 2335 σαρκικῆς
2795 2267 2940 2331 ζωῆς
2996 2261 3237 2337 ἀρχηγοὶ
3294 2260 3384 2316 καὶ
3433 2259 3657 2334 πατέρες
3710 2264 3792 2332 τῷ

2131 2344 2241 2402 ὄντι
2274 2350 2739 2423 χρηματίζουσιν,
2788 2347 2972 2425 ὥσπερ
3029 2356 3131 2419 τῆς
3187 2350 3447 2424 οὐρανίας
3487 2349 3580 2405 καὶ
3636 2368 3789 2405 πνευ-

2134 2444 2369 2509 ματικῆς
2402 2440 2614 2509 Ἰησοῦς
2643 2440 2876 2513 Χριστὸς
2930 2439 2958 2494 ὁ
2996 2437 3116 2503 νέος
3161 2436 3359 2512 Ἀδὰμ,
3407 2439 3496 2494 καὶ
3530 2441 3566 2508 ἡ
3596 2437 3788 2514 ἀπειρη

2131 2523 2342 2599 άνδρως
2375 2526 2534 2583 αὐτὸν
2591 2532 2843 2598 τεκοῦσα,
2889 2527 3118 2603 ἀπαρχὴ
3159 2528 3251 2583 καὶ
3310 2527 3454 2584 αἰτία
3498 2533 3617 2593 τοῖς
3653 2533 3787 2584 πᾶσι

2125 2619 2225 2671 τοῦ
2256 2620 2390 2672 Θεοῦ
2418 2617 2628 2681 τέκνοις
2660 2617 2814 2676 εῗσίν.

357 2710 635 2767 cabulum
668 2718 946 2767 terrenum
997 2706 1239 2775 signifit,
1287 2707 1453 2759 Ezivaa
1486 2704 1679 2757 vitam.
1717 2703 1859 2758 Nam
1910 2703 1948 2757 ii
2002 2705 2202 2778 reipsa
2243 2707 2614 2777 nominibus,
2648 2726 2780 2782 qua)
2811 2725 2913 2765 eos
2968 2714 3221 2765 terrenas
3250 2726 3320 2766 ac
3350 2710 3607 2767 carnalis
3635 2709 3772 2765 vita

360 2798 660 2872 principes
691 2813 758 2852 ac
802 2799 1079 2868 parentes
1110 2792 1415 2860 denotant,
1470 2791 1859 2863 respondent,
1893 2792 2046 2849 sicut
2099 2796 2269 2853 Jesus
2328 2798 2597 2854 Christus
2652 2816 2838 2855 novus
2870 2799 3149 2869 Adamus,
3182 2806 3241 2855 et
3288 2800 3360 2856 de
3401 2817 3520 2871 qua
3548 2800 3786 2856 nullum

366 2895 607 2960 eXperta
636 2888 826 2941 virum
861 2886 986 2956 ipse
1020 2890 1194 2939 natus
1226 2882 1597 2950 est,cazlestis
1615 2899 1683 2937 ac
1714 2882 2043 2954 spiritualis
2072 2887 2203 2942 vitea
2237 2888 2631 2959 primordium
2675 2894 2735 2944 et
2786 2906 2967 2946 causa
2998 2894 3138 2946 sunt
3167 2890 3452 2946 omnibus
3505 2890 3608 2946 Dei
3641 2889 3782 2945 ﬁliis

432 2978 533 3033 12
569 2975 902 3031 Notandum
936 2978 1027 3029 est
1055 2972 1365 3044 quosdam,
1397 2972 1481 3026 ita
1508 2977 1573 3026 ut
1606 2971 1890 3027 traditum
1921 2988 2020 3027 an-

2202 2977 2497 3038 Ὃτιτινὶς
2543 2975 2603 3032 ἐκ
2648 2973 2998 3052 παραδόσεως
3058 2977 3246 3033 ἐκατὸν
3299 2974 3394 3049 ἔτη
3453 2978 3544 3033 τὸν
3604 2973 3788 3049 Ἀδὰμ

361 3066 611 3137 tiquitus
661 3070 769 3133 est,
826 3064 1068 3121 referre.
1129 3062 1420 3117 Adamum
1461 3065 1701 3115 centum
1732 3077 1923 3115 annos
1953 3061 2017 3116 in

360 3154 636 3211 Paradiso
697 3154 980 3226 exegisse.
1030 3152 1145 3206 Alii
1198 3151 1372 3206 tertia
1417 3150 1564 3205 hora
1616 3148 1820 3204 fictum
1853 3155 2018 3204 sexta

357 3264 655 3320 peccasse,
683 3264 840 3303 nona
867 3247 1126 3318 ejectum
1159 3244 1499 3316 perhibent,
1533 3258 1602 3297 eo
1664 3249 2015 3315 argumento

356 3336 779 3408 utentes,quod
812 3338 959 3391 hora
1009 3339 1176 3390 sexta
1217 3333 1509 3389 Dominus
1567 3332 1728 3387 cruci
1779 3331 2014 3400 afﬁxus,

358 3443 517 3483 nona
551 3444 656 3499 pro
692 3426 863 3482 nobis
895 3432 1167 3481 mortuus
1199 3431 1309 3492 est,
1341 3423 1611 3478 fortassis
1640 3423 1721 3495 :eo
1779 3438 2018 3493 quoque

359 3518 423 3572 in
452 3518 608 3572 hanc
636 3516 875 3571 adducti
900 3515 1244 3588 opinionem
1276 3513 1446 3586 quod'
1467 3513 1574 3569 sub
1605 3529 1913 3585 vesperam
1944 3509 2018 3566 ad

363 3623 464 3663 eos
486 3607 646 3662 venit
668 3607 973 3661 Dominus.
1009 3604 1122 3660 Sed
1181 3603 1361 3659 trium
1414 3603 1700 3658 horarum
1760 3601 2017 3673 spatium

361 3712 477 3767 quo
499 3696 563 3750 in
597 3694 873 3767 paradiso
907 3693 1170 3749 Adamus
1202 3697 1467 3747 moratus
1486 3692 1582 3759 sit,
1608 3690 1780 3745 breve
1808 3690 2017 3745 admo-

358 3785 502 3840 dum
535 3791 595 3839 et
621 3784 801 3838 nimis
832 3782 1185 3838 incredibile
1219 3788 1309 3836 est
1331 3798 1395 3837 ac
1419 3780 1868 3852 magnificentia
1888 3779 2019 3851 ejus

360 3874 462 3944 qui
494 3870 1423 3944 universaimpervestigabilibus
1450 3869 1757 3941 sapientiae
1772 3867 2018 3941 judiciis

358 3963 679 4034 cispensat,
702 3961 1037 4033 indignum.
1061 3960 1171 4025 Qui
1202 3959 1362 4015 enim
1396 3959 1456 4013 in
1486 3958 1676 4012 tribus
1709 3956 1837 4011 istis
1856 3956 2019 4011 horis

360 4050 623 4107 Adamus
644 4051 719 4106 ad
748 4050 1179 4121 imponendum
1212 4048 1490 4103 omnibus
1542 4046 1924 4101 terrestribus
1952 4062 2020 4100 ac

360 4140 700 4196 volucribus
721 4141 968 4195 nomina
998 4147 1231 4211 tempus
1257 4136 1612 4193 habuisset?
1640 4134 1880 4201 Qurndo
1926 4150 2018 4188 re-

363 4230 545 4301 liquis
588 4230 651 4285 in
683 4229 956 4301 paradiso
989 4229 1278 4284 fructibus
1334 4225 1646 4292 vescendo,
1680 4224 1753 4280 ad
1811 4240 2018 4279 eorum

2128 3065 2181 3120 έν
2211 3070 2291 3138 τῷ
2328 3063 2645 3142 Παραδείσῳ
2694 3066 2823 3146 φασὶ
2881 3065 3257 3137 πεποιηκέναι.
3308 3064 3514 3124 Ἀλλοι
3572 3063 3630 3121 δε
3674 3064 3788 3141 τρί-

2127 3175 2229 3226 την
2263 3158 2357 3229 μὲν
2386 3153 2530 3228 ὥραν
2562 3154 2892 3224 πεπλάσθαι,
2924 3151 3085 3225 ἕκτην
3116 3158 3205 3230 [Ρ.
3238 3158 3291 3230 6]
3342 3152 3401 3210 δὲ
3448 3149 3787 3231 παραϐῆναι,

2128 3245 2349 3316 ἐννάτην
2383 3243 2441 3301 δὲ
2471 3240 2859 3316 ἐκϐεϐλῆσθαι,
2891 3246 2955 3301 τὸ
2985 3244 3038 3301 ἐν
3084 3242 3216 3321 ἕκτῃ
3270 3245 3366 3319 μὲν
3417 3242 3536 3319 ὥρᾳ
3580 3244 3791 3300 ἐνσταυ-

2133 3335 2454 3410 ρῶσθαιτὸν
2518 3337 2754 3406 Ἰησοῦν,
2816 3334 3006 3409 ἐννάτῃ
3068 3331 3124 3390 δὲ
3181 3338 3373 3389 τοῦτον
3434 3333 3566 3410 ὑπὲρ
3624 3334 3789 3408 ἡμῶν

2129 3423 2416 3488 ἀποθανεῖν
2440 3426 2740 3500 τεκμήριον
2768 3425 3063 3497 τιθέμενοι.
3114 3424 3275 3488 Ἰσως
3322 3420 3400 3493 δὲ,
3462 3422 3548 3478 ὅτι
3593 3422 3684 3478 καὶ
3726 3424 3791 3477 τὸ

2131 3510 2367 3569 δειλινὸν
2415 3511 2583 3583 ἦλθεν
2645 3515 2674 3569 ὁ
2726 3513 2923 3589 Κύριος
2980 3512 3117 3589 πρὸς
3175 3512 3396 3579 αὐτοὺς,
3454 3512 3531 3575 εἰς
3589 3512 3792 3584 ταύτην

2132 3602 2494 3679 ὑπενεχθῆναι
2568 3604 2668 3673 τήν
2743 3602 3028 3660 ὑπόνοιαν.
3106 3602 3302 3659 Στενὸν
3359 3600 3418 3656 δὲ
3467 3598 3674 3676 κομιδῇ
3729 3602 3793 3657 τὸ

2129 3691 2360 3767 τρίωρον
2392 3698 2494 3761 τῆς
2533 3691 2586 3747 έν
2645 3689 2958 3766 παραδείσῳ
3017 3687 3304 3766 διατριϐῆς
3360 3688 3458 3746 τοῦ
3515 3690 3789 3767 προπάτο-

2133 3802 2226 3858 ρος
2258 3779 2554 3855 διάστημα,
2613 3781 2703 3836 καὶ
2754 3780 2876 3837 λίαν
2937 3781 3196 3837 ἀπίθανον
3253 3782 3327 3842 ὡς
3382 3787 3483 3849 τῆς
3546 3777 3795 3857 μεγαλο-

2130 3871 2391 3946 πρεπείας
2418 3875 2517 3925 τοῦ
2547 3871 2613 3926 τὰ
2670 3870 2848 3926 πάντα
2886 3867 3288 3945 δυσθεωρήτοις
3340 3869 3529 3947 τοφίας
3579 3868 3791 3941 κρίμα-

2133 3982 2214 4015 σιν
2245 3960 2662 4034 οἱκονομοῦντος
2689 3959 2924 4030 ἀνάξιον,
2953 3960 3091 4015 Πότε
3137 3960 3238 4035 γὰρ
3297 3958 3348 4013 ἐν
3398 3958 3573 4031 τρισὶν
3625 3956 3796 4033 ὥραις

2134 4052 2414 4127 χερσαίοις
2442 4071 2500 4106 τε
2525 4050 2616 4105 καὶ
2654 4054 2887 4121 πτηνοῖς
2939 4053 3102 4105 πᾶσιν
3151 4048 3391 4122 ὀνόματα
3437 4046 3623 4103 καλεῖν
3674 4047 3796 4123 εἶχε

2131 4141 2359 4216 καιρόν;
2396 4136 2625 4195 Πότεδέ
2652 4143 2761 4195 τῶν
2819 4136 3011 4194 ἂλλων
3070 4137 3124 4194 έν
3174 4142 3253 4210 τῷ
3299 4136 3614 4214 παραδείσῳ
3661 4157 3802 4214 καρ-

2131 4236 2251 4287 πῶν
2308 4230 2621 4305 μετασχὼν,
2709 4228 2799 4284 καὶ
2874 4230 2973 4296 τῆς
3040 4228 3219 4284 αὐτῶν
3279 4226 3640 4302 μεταλήψεως
3696 4227 3796 4282 κό-

324 4317 663 4392 ’,ιι-ιιὶιὶοιιὶε
710 4320 1044 4375 satietatem
1094 4318 1413 4391 prolapsus
1471 4315 1858 4388 cupiditatem
1915 4330 2019 4387 gu-

2133 4342 2225 4398 ρον
2266 4316 2474 4389 λαϐὼν,
2537 4319 2613 4382 εἷς
2675 4318 2968 4393 ἐπιθυμίαν
3029 4326 3129 4389 τῆς
3189 4324 3286 4376 τοῦ
3344 4317 3792 4395 ἀπηγορευμένου

362 4410 587 4465 standte
610 4410 840 4465 arboris
868 4426 985 4480 qua
1016 4409 1066 4463 ei
1091 4408 1474 4463 interdictum
1498 4405 1629 4472 fuit,
1658 4405 1719 4459 in
1752 4404 2015 4459 animum

362 4498 696 4554 induxisset
725 4500 751 4554 ‘2
781 4500 853 4554 Ut
883 4499 1123 4553 noxiam
1176 4495 1520 4551 invidentiae
1546 4493 1779 4548 frudem
1811 4497 1869 4547 et
1889 4508 2014 4549 ser-

359 4589 558 4660 pontis
590 4588 664 4643 ad
697 4587 1015 4644 mulierem
1043 4602 1353 4659 aggressus
1402 4590 1579 4655 atque
1632 4582 2014 4638 consultatio-

361 4696 500 4735 nem
533 4696 654 4733 non
685 4693 1172 4744 commemorem,
1199 4692 1330 4746 quae
1352 4675 1481 4745 ipsa
1496 4672 1751 4744 amplius
1783 4689 1850 4728 ee
1870 4679 2020 4728 tem-

356 4786 468 4842 pus
499 4768 909 4839 requirebant.
944 4767 1317 4837 Quapropter
1353 4763 1661 4834 probabile
1693 4762 2017 4818 admodum

358 4878 427 4917 ac
459 4861 746 4916 credibile
779 4865 867 4914 est
900 4864 1065 4914 sexta
1093 4858 1188 4913 die
1222 4862 1279 4911 et
1309 4848 1474 4911 sexta
1532 4855 1678 4910 hora
1729 4854 2016 4910 delictum

356 4950 509 5005 illud
539 4950 614 5005 ab
648 4949 722 5004 iis
742 4948 1094 5013 admissum,
1128 4962 1408 5017 nonaque
1432 4945 1701 5017 ejusdem
1721 4944 1841 4999 diei
1874 4944 2019 5000 hora

357 5039 638 5097 Paradiso
670 5056 739 5095 ae
773 5039 888 5093 vita
917 5036 991 5091 ob
1021 5036 1300 5091 violatum
1327 5036 1431 5091 Dei
1477 5033 1825 5091 mandatum
1857 5033 2020 5089 exci-

360 5129 559 5185 disset
596 5128 699 5185 sed
733 5144 890 5183 anno
922 5127 1164 5181 demum
1197 5125 1448 5197 septimo
1480 5124 1540 5179 id
1590 5123 1834 5190 factum,
1869 5123 2024 5178 sicut

362 5236 433 5273 ex
463 5218 727 5290 antiquis
764 5216 1010 5289 quidam
1043 5216 1527 5288 pronuntiarunt.
1554 5213 1731 5283 Atqui
1761 5213 2020 5268 Joannes

360 5307 817 5379 Clirysostomus
867 5307 953 5360 vir
994 5305 1189 5377 magni
1239 5306 1394 5360 inter
1432 5302 1706 5358 doctores
1738 5301 2020 5373 nominis,

363 5395 427 5450 in
461 5397 829 5467 expositione
861 5394 1012 5452 sacri
1045 5393 1344 5468 Evangelii
1366 5391 1523 5465 quod
1544 5409 1579 5447 a
1602 5391 1856 5447 Mattheo
1879 5407 2023 5446 con-

364 5484 652 5556 scriptum
684 5486 816 5554 fuit,
835 5490 1000 5541 sexta
1024 5483 1119 5540 die
1152 5484 1358 5557 primae
1385 5482 1484 5538 13
1518 5480 1888 5552 septimanae,
1910 5479 2023 5537 hoc

363 5581 457 5632 est
484 5576 579 5632 die
612 5576 928 5634 efﬁctionis
957 5577 1192 5645 Adami,
1224 5578 1385 5632 hunc
1415 5580 1473 5631 et
1529 5575 1703 5629 Evam
1745 5574 2019 5631 Paradiso

361 5666 587 5740 ejectos
617 5666 719 5724 ait.
745 5666 851 5724 Cui
884 5670 943 5721 et
962 5681 1072 5723 nos
1094 5665 1273 5724 fidem
1305 5662 1836 5733 habemus,neque
1867 5662 2019 5720 ulte-

2127 4409 2292 4485 ξύλου
2324 4410 2561 4488 γεύσεως
2594 4407 2861 4480 ἐλήκυθεν
2898 4428 2913 4479 ;
2943 4410 3061 4464 Ἳνα
3094 4410 3172 4482 μή
3206 4406 3356 4485 λέγω
3384 4409 3485 4476 τὴν
3525 4407 3784 4482 ἐπήρειαν

2125 4507 2224 4569 τῆς
2260 4497 2552 4575 βασκανίας
2582 4497 2673 4553 καὶ
2705 4504 2805 4567 τῆς
2856 4501 2953 4553 τοῦ
3001 4494 3178 4578 ὄφεως
3228 4497 3367 4570 πρὸς
3414 4499 3513 4567 τήν
3562 4502 3791 4571 γυναῖκα

2124 4584 2446 4661 προσϐολῆς
2502 4588 2592 4642 καὶ
2645 4581 3007 4660 συμϐουλίας·
3054 4588 3144 4642 καὶ
3192 4588 3295 4662 γὰρ
3340 4584 3476 4654 αὐτὴ
3537 4583 3792 4648 πλείονος

2128 4675 2302 4733 ἐδεῖτο
2333 4684 2433 4747 τῆς
2465 4681 2562 4732 τοῦ
2594 4677 2802 4753 χρόνου
2831 4671 3049 4753 τριϐῆς.
3086 4676 3185 4732 Διὰ
3211 4679 3376 4731 τοῦτο
3412 4675 3507 4749 μὶν
3565 4674 3618 4730 ἐν
3657 4670 3789 4750 ἕκτῃ

2128 4765 2313 4839 ἡμέρᾳ
2339 4765 2428 4820 καὶ
2454 4762 2508 4819 ἐν
2545 4760 2679 4840 ἕκτῃ
2733 4763 2851 4839 ὥρᾳ
2894 4762 3269 4837 τετολμῆσθαι
3318 4765 3422 4833 τὴν
3460 4757 3791 4837 παράϐασιν,

2129 4853 2320 4930 ἐννάτῃ
2358 4851 2414 4909 δὲ
2443 4853 2559 4929 ὥρᾳ
2583 4860 2683 4923 τῆς
2716 4852 2883 4923 αὐτῆς
2913 4851 3124 4928 ἡμέρας
3160 4856 3258 4907 τοῦ
3310 4848 3647 4926 Παραδείσοῦ
3698 4854 3793 4907 καὶ

2127 4952 2228 5015 τῆς
2257 4944 2308 5000 ἐν
2341 4944 2490 5018 αὐτῷ
2547 4950 2693 5015 ζωῆς
2747 4945 2877 5007 τοὺς
2933 4945 3298 5013 ἀθετήσαντας
3357 4942 3597 4999 ἐκπεσεῖν
3655 4941 3790 5020 σφό-

2131 5032 2232 5112 δρα
2262 5035 2487 5090 πιθανὸν
2509 5034 2603 5089 καὶ
2633 5034 2844 5102 πιστὸν,
2896 5029 2968 5088 δι’
3015 5032 3152 5088 ἐτῶν
3204 5029 3261 5088 δὲ
3310 5033 3446 5089 ἑπτὰ
3492 5036 3655 5088 τοῦτο
3709 5050 3794 5109 γε

2130 5123 2334 5195 νέσθαι,
2379 5122 2452 5186 ὡς
2512 5127 2616 5178 τῶν
2677 5118 3059 5200 πρεσϐυτέρων
3119 5122 3259 5185 τινες
3316 5120 3674 5197 ἀπεφήναντο.
3728 5121 3790 5178 Ὀ

2132 5211 2190 5269 δέ
2219 5235 2279 5288 γε
2314 5212 2477 5290 μέγας
2511 5212 2562 5268 έν
2597 5209 2956 5275 διδασκάλοις
3006 5214 3258 5283 Ἰωάννης
3313 5212 3341 5266 ὁ
3381 5210 3775 5286 Χρυσόστομος

2127 5302 2182 5358 εν
2204 5306 2274 5377 τῇ
2306 5302 2566 5376 έομηνείᾳ
2592 5306 2689 5358 τοῦ
2718 5303 2856 5357 κατὰ
2884 5304 3167 5367 Ματθαῖον
3225 5299 3380 5375 ἁγίου
3434 5298 3779 5375 Εὐαγγελίου

2129 5395 2200 5467 τῇ
2228 5391 2359 5467 ἓκτῃ
2393 5391 2578 5466 ἡμέρᾳ
2607 5398 2705 5462 τῆς
2754 5391 2983 5467 πρώτης
3041 5384 3370 5465 ἑϐδομάδος,
3425 5393 3673 5444 τουτέστι
3721 5391 3791 5463 τῇ

2131 5483 2274 5555 αὐτῇ
2304 5478 2489 5557 ἡμέρᾳ
2533 5487 2635 5552 τῆς
2693 5482 2951 5542 πλάσεως
3007 5480 3197 5550 αὐτοῦ,
3258 5474 3408 5554 λέγει
3462 5478 3555 5534 τὸν
3613 5474 3795 5551 Ἀδὰμ

2131 5566 2466 5643 ἐκϐληθῆναι
2519 5575 2616 5627 τοῦ
2676 5570 3012 5648 Παραδείσου
3069 5570 3159 5626 καὶ
3216 5570 3318 5640 τήν
3371 5565 3539 5628 Εὕαν·
3702 5565 3796 5622 καὶ

2130 5665 2295 5735 ἡμεῖς
2322 5661 2645 5736 πε.θόμεθα.
2698 5660 2798 5718 Καὶ
2850 5659 2919 5716 οὐ
2967 5659 3081 5735 χρὴ
3139 5663 3320 5732 ζητεῖν
3378 5655 3682 5737 περαιτέρω
3729 5654 3797 5713 τὰ
