4118 6418
274 285 354 349 37
1431 280 1982 349 HISTORIARUM
2028 278 2434 342 COMPENDI
2444 278 2588 345 ΠΜ.
3642 291 3723 351 38

270 424 344 494 τῇ
402 418 749 492 θεοπνεύστῳ
802 421 1007 499 Γραφῇ
1060 419 1164 476 ὑπὸ
1214 422 1312 476 τοῦ
1399 418 1558 498 ἁγίου
1630 418 1941 491 Πνεύματος

2063 412 2189 471 rius
2220 412 2582 486 inquirenda
2606 418 2745 471 sunt
2775 432 2909 488 quae
2940 416 3191 490 Spiritus
3216 399 3456 476 sanctus
3481 419 3544 476 in
3575 421 3726 476 divi-

276 507 630 585 σεσιγημένα,
670 508 769 563 ἳνα
824 510 902 580 μὴ
966 508 1085 565 ἀντί
1142 507 1369 586 κέρδους
1433 512 1632 585 μικροῦ
1694 504 1945 586 μεγάλην

276 598 707 672 ἃπισπασώμεθα
737 596 968 671 ζημίαν,

352 691 423 748 Τὸ
454 686 511 745 δὶ
555 687 849 764 εἰρημένον
910 687 996 743 ὅτι
1075 712 1103 741 ‹‹
1138 686 1317 764 ’Δδᾶμ
1374 689 1592 766 γέγονεν
1652 689 1729 754 ὡς
1784 686 1944 761 εἶςίξ

275 783 463 853 ἡμῶν,
491 804 518 829 ιι
549 776 661 854 οὐχ
684 777 763 839 ὡς
796 775 868 834 δι’
898 777 1175 842 ἀπειθείας
1207 778 1293 834 tri
1319 779 1508 835 κακίαν
1536 780 1944 854 προκόψαντος,

274 868 424 926 ἀλλά
455 866 551 923 δνά
586 867 651 923 τὸ
712 866 1016 942 είρηκὲναι,
1060 894 1087 920 ‹‹
1125 869 1254 925 Κατ’
1282 868 1467 925 εἰκόνα
1523 872 1657 925 θεοῦ
1694 866 1947 939 ἐποίησεν

272 958 454 1015 αὐτόν.
494 983 520 1009 υ
560 955 742 1014 Ἀλλά
777 958 854 1029 μὴ
887 978 972 1020 τις
998 952 1253 1034 ὑπολάϐῃ
1288 959 1372 1013 ὅτι
1404 958 1468 1015 τὸ
1499 957 1659 1030 ξύλον
1687 951 1946 1027 τοιαύτης

270 1049 338 1117 ἦν
372 1047 583 1126 ερύσεως
615 1044 690 1108 ὡς
721 1050 927 1119 γνῶσιν
958 1045 1221 1123 παρέχειν
1255 1044 1431 1103 καλοῦ
1493 1049 1581 1103 καὶ
1641 1051 1830 1103 κακοῦ.
1865 1046 1942 1104 Οὐ

272 1138 380 1213 γαρ
408 1139 476 1206 ἦν
507 1157 562 1190 τι
599 1129 871 1213 βλαϐερὸν
904 1135 956 1191 ἐν
1011 1133 1354 1212 ΙΙαραδείσῳ,
1413 1137 1539 1214 ὅρος
1581 1134 1638 1193 δὶ
1667 1137 1817 1207 ἐτέθη
1854 1134 1941 1191 ἐπὶ

270 1232 355 1300 τῷ
385 1229 540 1305 φύτῷ
570 1227 710 1301 πρὸς
760 1225 1031 1301 γυμασῖαν
1069 1233 1169 1295 τῆς
1221 1224 1690 1302 ἓλετθεριότητος.
1726 1224 1823 1280 Καὶ
1856 1223 1938 1279 ὅτι

274 1314 338 1371 οὗ
369 1316 434 1371 τὸ
467 1312 630 1386 ξύλον
662 1312 838 1369 αἶ’τιον
872 1316 1125 1390 γνώςεως
1154 1319 1233 1387 τῷ
1263 1312 1439 1389 Ἀδὰμ
1475 1313 1683 1392 γέγονε,
1742 1311 1938 1385 δῆλον·

269 1407 308 1475 ἡ
340 1405 448 1479 γὰρ
479 1402 683 1475 ἔντολή
727 1402 804 1465 ὡς
833 1404 975 1478 πρὸς
1003 1402 1188 1460 εἰδότα
1217 1403 1386 1484 ἄμφω
1425 1403 1612 1475 ἐδόθη,
1662 1405 1725 1461 τό
1754 1425 1813 1460 τε
1840 1424 1941 1459 κα-

269 1492 373 1551 λὸν
400 1493 494 1549 καὶ
523 1494 791 1570 πονηρὸν,
823 1495 925 1563 τήν
956 1514 1015 1549 τε
1045 1493 1292 1563 ὑπακοὴν
1336 1493 1426 1550 καὶ
1474 1496 1574 1564 τήν
1632 1495 1937 1571 παρακοήν,

273 1581 479 1653 ὥστεὴ
536 1588 740 1660 γνῶσις
794 1578 1081 1657 προῦλαϐε
1134 1584 1235 1651 τήν
1290 1581 1546 1653 ἓντολήν.
1605 1580 1829 1639 Δέδοται
1882 1580 1940 1639 δὲ

274 1672 414 1744 αῦτη
447 1670 539 1728 διὰ
575 1672 664 1743 τὸ,
697 1672 774 1735 ὡς
806 1669 1044 1747 εἴρηται,
1111 1671 1443 1746 αὐτεξουσίῳ
1476 1671 1790 1749 βουλήματι
1848 1694 1936 1729 για

2053 501 2216 560 nitus
2248 503 2558 577 inspiratis
2597 505 2831 561 Litteris
2862 507 3119 573 reticuit,
3153 525 3228 565 ne
3261 509 3390 566 loco
3421 510 3616 585 exigui
3636 512 3725 569 lu-

2053 592 2137 647 cri
2172 608 2446 667 magnam
2478 593 2655 650 nobis
2688 610 3065 653 accersamus
3096 598 3403 656 damnum.

2123 682 2289 747 Quod
2323 688 2522 739 autem
2545 683 2773 741 dictum
2809 691 2918 753 est,
2978 710 3005 735 ‹‹
3068 687 3328 744 Adamus
3386 688 3580 747 factus
3632 698 3721 748 est

2051 775 2341 842 tanquam
2374 789 2528 828 unus
2562 790 2631 829 ex
2664 774 2859 840 nobis,
2897 797 2926 825 ››
2961 792 3081 834 non
3117 794 3188 832 eo
3222 778 3603 836 referendum
3637 786 3726 837 est

2053 860 2211 933 quod
2242 877 2350 933 per
2379 860 2854 919 inobedientiam
2888 865 2949 920 in
2984 864 3193 921 vitium
3227 867 3464 934 excidit,
3502 870 3605 925 sed
3648 870 3723 927 ad

2050 948 2111 1005 id
2143 949 2303 1020 quod
2333 948 2558 1006 dictum
2590 950 2702 1007 fuit
2731 969 2744 1006 :
2774 973 2805 1002 ‹‹
2837 952 2923 1007 Ad
2955 954 3279 1028 imaginem
3315 955 3417 1011 Dei
3449 958 3723 1014 condidit

2051 1053 2210 1094 eum.
2252 1060 2278 1088 υ
2311 1040 2513 1111 Neque
2544 1040 2775 1111 opinari
2807 1042 3100 1114 quiSpiam
3137 1043 3311 1100 debet
3333 1044 3560 1119 lignum
3587 1049 3717 1120 ejus

2050 1128 2235 1185 fuisse
2262 1134 2491 1184 natura:
2522 1136 2585 1185 ut
2620 1130 2760 1186 boni
2791 1132 3052 1203 malique
3080 1134 3353 1190 notitiam
3387 1136 3713 1207 praeberet:

2047 1217 2199 1273 nihil
2233 1218 2392 1273 enim
2428 1219 2488 1274 in
2522 1220 2803 1277 Paradiso
2828 1227 2954 1277 erat
2973 1238 3239 1280 noxium.
3256 1224 3369 1280 Sed
3392 1226 3518 1282 huic
3539 1225 3719 1283 arbor

2048 1307 2288 1362 termini
2311 1307 2441 1364 loco
2460 1313 2657 1365 statua
2677 1316 2857 1378 est,ut
2876 1319 3031 1367 esset
3046 1311 3339 1370 libertatis
3361 1315 3709 1372 exercendas

2044 1396 2339 1453 materies.
2359 1405 2432 1454 Ac
2446 1397 2631 1469 liquet
2646 1400 2920 1457 arborem
2940 1400 3101 1458 Adau
3120 1419 3153 1456 ο
3167 1418 3286 1458 non
3303 1403 3481 1460 fuisse
3494 1422 3720 1461 causam

2046 1485 2403 1558 cognitionis
2418 1487 2657 1558 quando
2677 1494 3015 1561 pr'uceptun
3044 1491 3098 1546 ei
3114 1494 3710 1566 tanquamutriusque

2045 1575 2387 1648 cognitione
2412 1576 2661 1648 prmdito
2687 1576 2889 1634 datum
2911 1579 3714 1653 est,boni,inqnam,etma1i,

2046 1663 2406 1720 obedientiae
2440 1671 2497 1721 et
2529 1668 2946 1725 contumaciae.
3000 1670 3206 1741 Itaque
3266 1672 3525 1744 cognitio
3564 1688 3715 1744 pras-

273 1763 537 1836 νούμενον
592 1782 685 1817 τον
723 1760 1035 1836 ἄνθρωπον,
1094 1759 1177 1817 ἐπ’
1232 1759 1413 1825 ἀδείας
1468 1783 1528 1818 τε
1583 1758 1784 1843 ἔχοντα
1831 1763 1937 1818 ἀπό

333 1852 345 1861 .
673 1848 692 1861 ι
795 1843 856 1861 ..
1066 1855 1094 1861 _
1201 1847 1291 1861 υ..
1424 1848 1468 1861 ...
1515 1848 1538 1861 ..
1711 1851 1724 1861 .
1775 1849 1789 1861 .
1889 1847 1930 1861 ..

2052 1758 2288 1825 ceptum
2322 1761 2664 1827 antegressa
2694 1761 2806 1813 est.
2841 1757 2960 1813 Hoc
2991 1765 3191 1815 autem
3224 1760 3427 1816 datum
3460 1767 3568 1827 est,
3629 1767 3715 1829 ut,

273 1852 499 1907 πάντων
533 1843 969 1923 μεταλαμϐάνειν
1026 1855 1134 1906 τῶν
1196 1847 1384 1906 ἄλλων
1419 1848 1679 1926 δένδρων,
1711 1849 1828 1913 ἱνὸς
1886 1847 1942 1905 δὲ

272 1943 453 2016 μόνου
510 1940 666 2012 νόμῳ
720 1938 1193 2015 προσταττόμενον
1261 1940 1580 2015 ἀπέχεσθαι,
1638 1941 1730 1995 καὶ
1780 1940 1945 2016 γινώ-

276 2051 424 2086 σκειν
459 2029 535 2093 ὡς
570 2029 674 2085 ὑπὸ
695 2028 967 2100 δεσπότην
998 2030 1109 2085 εστὶ
1142 2030 1236 2085 τὸν
1266 2029 1358 2085 καὶ
1382 2032 1483 2101 τήν
1515 2030 1745 2101 ζντολήν
1775 2025 1944 2086 δεδω-

278 2121 419 2176 κότα
455 2160 469 2175 .
530 2118 611 2176 Τὸ
669 2113 726 2172 δὶ
760 2162 775 2187 ,
843 2139 873 2170 cc
917 2116 1322 2194 Διηνοίχθησαν
1382 2119 1558 2175 αὐτῶν
1617 2119 1668 2173 οἱ
1726 2115 1941 2194 ὀφθαλ-

282 2210 407 2283 μοὶ,
442 2231 471 2257 ιι
530 2207 642 2283 οὐχ
669 2207 745 2269 ὡς
782 2207 909 2263 τότε
969 2205 1286 2283 βλεψάντων
1342 2209 1429 2284 [Ρ⁵
1457 2210 1516 2284 7]
1573 2212 1679 2264 τῶν
1731 2228 1947 2283 πρωτο-

274 2296 543 2353 πλάστων
576 2294 793 2371 εἴρηται
846 2292 1167 2370 (δείκνυνται
1201 2298 1307 2374 γὰρ
1331 2299 1419 2354 καὶ
1490 2297 1597 2374 πρὸ
1651 2304 1752 2369 τῆς
1787 2299 1942 2374 βρώ-

290 2407 430 2449 σεως
464 2387 781 2462 όρῶντεςὲκ
834 2390 933 2442 τοῦ
999 2385 1276 2464 λέγεσθαι*
1332 2412 1359 2439 ‹‹
1391 2388 1490 2444 Καὶ
1558 2386 1700 2444 εἶδεν
1735 2391 1771 2460 ἡ
1802 2391 1941 2464 γυνὴ

287 2476 379 2533 ὅτι
408 2475 580 2532 καλὸν
613 2476 676 2531 τὸ
704 2474 868 2546 ξύλον
928 2475 1005 2541 είς
1045 2477 1249 2553 βρῶσιν
1283 2478 1372 2533 καὶ
1404 2477 1489 2534 ὅτι
1547 2478 1769 2551 ἀρεστόν
1829 2476 1943 2536 ἐστι

295 2573 418 2627 τοῖς
448 2563 762 2646 ὀφθαλμοῖς
796 2564 930 2622 ἰδεῖν
962 2568 1032 2641 ››)’
1060 2565 1188 2623 ἀλλ’
1226 2560 1391 2631 ὡςττὸ
1413 2569 1771 2645 ἀπειρόκακον
1804 2569 1944 2625 ἀπο-

282 2656 533 2728 θεμένων
593 2652 683 2711 διὰ
720 2650 1095 2731 παραϐάσεως,
1136 2657 1165 2712 ’ὀ
1194 2658 1283 2713 καὶ
1313 2659 1415 2728 τήν
1471 2657 1753 2734 γύμνωσιν
1787 2655 1945 2714 ἀδιά-

278 2765 452 2823 φορον
484 2742 778 2820 παρέσχεν,
813 2743 1018 2820 ἐρρήθη
1078 2745 1163 2802 δτι
1222 2742 1620 2827 διηνοίχθησαν
1680 2747 1858 2804 αὐτῶν
1889 2748 1941 2803 οἱ

277 2833 591 2915 ὀφθαλμοί.
637 2832 845 2911 [licunt
874 2835 977 2910 γὰρ
1009 2835 1037 2890 6
1072 2835 1356 2914 ὀφθαλμὸς
1409 2834 1546 2900 ἄπας
1581 2837 1685 2894 ὑπὸ
1712 2842 1810 2892 τοῦ
1841 2835 1942 2893 λο-

273 2927 483 3000 γισμοῦ
568 2919 928 2998 διεγείρεσοαι
987 2926 1123 3000 πρὸς
1182 2927 1215 2980 ἅ
1281 2923 1512 3002 βλέπει·
1575 2926 1783 2982 σύνεσιν
1835 2928 1940 3003 γὰρ

275 3015 399 3067 καθ’
442 3012 633 3068 ἑαυτὸν
690 3012 852 3075 αὐτὸς
911 3012 1011 3069 ούκ
1067 3011 1203 3090 ἔχει.
1258 3021 1419 3070 Ὥστε
1475 3013 1753 3081 πολλάκις
1803 3016 1940 3091 πρὸς

272 3098 434 3177 ἔτερα
463 3108 565 3172 τῆς
595 3098 837 3163 διανοίας
870 3100 1295 3181 ἀσχολουμένης
1350 3103 1560 3185 τυφλοῦ
1611 3104 1768 3177 δίκην
1798 3127 1940 3181 παρ-

276 3192 562 3266 ερχόμεθα
593 3189 764 3246 δνίοτε
790 3192 878 3247 καὶ
920 3194 1011 3247 τὸν
1070 3192 1209 3248 πάνυ
1262 3194 1564 3268 γνώριμον,
1597 3196 1688 3251 καὶ
1720 3193 1936 3252 ἄπειδᾶν

275 3276 671 3353 ἰγκληθῶμ-ν,
701 3282 770 3353 τῇ
801 3278 1045 3355 ἀσχολίᾳ
1072 3286 1169 3337 τοῦ
1198 3281 1469 3359 λογισμοῦ
1497 3283 1560 3339 τὸ
1593 3282 1768 3340 αἴτιον
1809 3285 1936 3341 ἀνα-

274 3366 516 3430 τιθέντες
575 3366 1025 3444 ἀπολογούμεθα.
1076 3369 1266 3434 Οὕτως
1317 3371 1409 3426 οὗν
1441 3372 1471 3427 ὁ
1521 3370 1699 3446 Ἀδὰμ
1751 3374 1843 3430 καὶ
1902 3376 1936 3445 ἡ

272 3454 394 3516 Εῦα
422 3461 495 3529 τῇ
526 3457 774 3529 αἰσθήσει
805 3462 905 3513 τοῦ
961 3461 1056 3514 νοῦ
1112 3461 1248 3536 πρὸς
1303 3463 1403 3531 τήν
1459 3457 1583 3535 ὄψιν
1640 3461 1938 3539 διηγέρθη-

275 3564 397 3600 σαν.
431 3544 506 3601 Τὸ
532 3545 659 3620 γὰρ,
693 3569 721 3597 ‹‹
753 3538 994 3623 ἔγνωσαν
1036 3546 1119 3603 ὅτι
1152 3548 1350 3623 γυμνοί
1380 3548 1542 3619 ἦσαν,
1575 3575 1595 3600 ι
1658 3538 1936 3606 ἀποκάλυο

275 3637 373 3708 ψιν
429 3633 686 3705 σημαίνει
717 3636 817 3705 τὴν
854 3632 1210 3712 ἐγγενομένην
1250 3641 1330 3710 τῷ
1369 3637 1650 3715 λογισμῷ,
1682 3638 1782 3695 οὐκ
1811 3640 1938 3696 dvi-

274 3717 480 3797 ϐλεψιν
538 3721 865 3799 ὀρθαλμῶν.
925 3727 1269 3804 Λεχθήσεται
1331 3723 1388 3783 δὲ
1446 3729 1686 3797 κάκεῖνο,
1723 3728 1940 3805 ὅτιπρὸ

273 3818 382 3880 τῆς
406 3810 701 3875 ἀπειθείας,
730 3810 920 3882 ἐπειδὴ
963 3814 1152 3882 καιρὸν
1212 3815 1312 3871 οὐκ
1361 3815 1484 3893 εἶχε
1512 3818 1579 3872 τὰ
1606 3823 1707 3887 τῆς
1738 3816 1940 3874 παιδο-

273 3900 488 3967 ποιίας,
536 3901 638 3956 οὐκ
692 3898 910 3958 ἐδέδοτο
967 3904 1113 3979 παρὰ
1170 3906 1371 3976 Θεοῦὴ
1402 3908 1782 3981 παρατήρησις
1836 3915 1940 3977 τῆς

270 3990 633 4065 γυμνώσεως,
691 3990 838 4049 ἀλλά
893 3992 1169 4052 διετέλουν
1228 3997 1304 4061 ὡς
1363 3997 1614 4074 ἃσαρκοι,
1674 4003 1941 4075 σαρκικῆς

271 4077 577 4145 διαθέσεως
634 4078 789 4139 οὔπω
845 4085 1035 4159 καιρὸν
1092 4079 1331 4162 ἔχοντες.
1370 4085 1594 4158 Ἐπειδή
1628 4085 1686 4144 δὲ
1719 4091 1755 4160 ἡ
1785 4089 1943 4146 ἀπεί-

273 4180 401 4233 θεια
457 4166 803 4246 ἱπισυμῦἆσα
830 4173 894 4228 τὸ
923 4175 1117 4246 θνητὸν
1177 4175 1505 4252 ἐπηγάγετο,
1566 4177 1789 4241 εἰκότως
1818 4176 1944 4234 λοι-

270 4260 383 4315 τὸν
443 4257 667 4332 ἐνεδόθη
727 4262 947 4325 τούτοις
995 4266 1030 4334 ἡ
1080 4265 1217 4342 πρὸς
1265 4265 1551 4337 ἀλλήλους
1608 4264 1798 4329 αἰδώς·
1850 4269 1947 4324 καὶ

271 4349 605 4417 νενοήκασιν
662 4347 880 4426 ὕστερον
954 4357 1062 4408 τῶν
1132 4355 1437 4431 σχημάτων
1497 4358 1596 4426 τήν
1658 4353 1941 4436 διαφορὰν,

2052 1843 2560 1914 quemadmodum
2592 1844 2874 1913 diximus,
2906 1847 3232 1914 voluntate,
3264 1851 3435 1921 cujus
3458 1851 3583 1923 ipse
3610 1869 3716 1922 po-

2048 1936 2325 1986 testatem
2352 1932 2676 2002 obtineret,
2711 1940 2906 1990 motus
2937 1934 3138 2005 homo,
3201 1937 3491 2008 permisso
3542 1939 3591 1993 ei
3652 1945 3718 1994 ut

2046 2021 2339 2078 fructibus
2370 2023 2642 2078 omnium
2658 2022 3028 2095 reliquarum
3051 2025 3332 2081 arborum
3353 2034 3711 2095 vesceretur,

2045 2126 2285 2182 unaque
2318 2115 2549 2168 tantum
2583 2118 2649 2167 ut
2674 2112 3004 2169 abstineret
3033 2115 3716 2190 imperato,intelligeret

2046 2215 2123 2255 ne
2154 2199 2261 2256 sub
2294 2200 2546 2257 Domino
2577 2201 2751 2257 istius
2779 2203 3044 2259 mandati
3076 2209 3321 2260 auctore
3369 2221 3517 2261 esse.
3580 2207 3713 2261 Hinc

2045 2293 2268 2353 autem,
2300 2310 2329 2340 «
2365 2291 2565 2364 Aperti
2597 2297 2736 2346 sunt
2768 2308 2973 2348 eorum
3005 2294 3188 2358 oculi,
3226 2315 3254 2344 »
3289 2310 3411 2349 non
3430 2294 3716 2351 dicuntur

2046 2379 2214 2450 quasi
2232 2384 2356 2435 tum
2370 2378 2612 2437 demum
2635 2381 2832 2437 videre
2846 2383 3136 2454 cmperint
3152 2384 3314 2455 (nam
3334 2384 3463 2440 visu
3477 2386 3711 2458 praediti

2046 2467 2226 2524 etiam
2244 2475 2383 2525 ante
2408 2486 2571 2528 esum
2592 2470 3040 2529 demonstratur
3064 2489 3136 2528 ex
3161 2473 3252 2529 bis
3283 2474 3496 2544 verbis,
3550 2497 3577 2526 ‹‹
3612 2477 3677 2531 Vi
3695 2506 3712 2517 -

2047 2555 2250 2629 ditque
2284 2559 2504 2615 mulier
2532 2560 2810 2616 arborem
2846 2567 2903 2616 et
2935 2561 3009 2616 ad
3048 2577 3215 2618 esum
3246 2563 3623 2620 commodam
3656 2571 3715 2620 et

2048 2652 2294 2717 aspectu
2325 2653 2552 2719 gratam
2590 2650 2657 2718 υ),
2691 2649 2798 2705 sed
2825 2666 2894 2705 eo
2929 2652 3258 2722 pertinent,
3292 2653 3451 2722 quod
3493 2670 3564 2709 eo
3612 2654 3715 2709 de-

2045 2734 2188 2791 licto
2219 2738 2412 2792 omnis
2466 2737 2606 2792 mali
2658 2737 3125 2807 ignorationem,
3181 2755 3314 2811 quas
3373 2741 3708 2797 nuditatem

2048 2827 2151 2880 14
2181 2841 2419 2897 quoque
2443 2827 2527 2882 eis
2548 2825 2988 2884 inditferentem
3015 2829 3706 2902 redegerat,amiserunt.

2050 2915 2257 2970 Omnis
2287 2915 2449 2970 enim
2481 2917 2709 2983 oculus,
2744 2934 2880 2973 cum
2913 2918 3037 2990 ipse
3071 2936 3105 2975 a
3157 2936 3286 2975 sese
3332 2920 3707 2978 intellectum

2050 3019 2171 3058 non
2195 3003 2430 3068 habeat.
2458 3020 2527 3061 ea
2546 3011 2637 3060 est
2658 3012 2869 3062 natura
2888 3013 2954 3062 ut
2972 3024 3007 3063 a
3024 3008 3254 3064 ratione
3277 3008 3349 3065 ad
3404 3009 3705 3083 objectum

2052 3091 2214 3164 quod
2234 3092 2392 3147 videt
2412 3094 2721 3151 excitetur.
2739 3095 2942 3168 Itaque
2966 3114 3375 3169 saepenumero
3399 3100 3707 3156 intellectu

1970 3154 2013 3220 ί)
2052 3182 2185 3237 aliis
2210 3182 2383 3239 rebus
2404 3190 2689 3255 occupato
2712 3185 2892 3241 etiam
2915 3187 3260 3243 notissimos
3278 3190 3551 3245 homines
3573 3194 3706 3244 tan-

2048 3288 2227 3344 quam
2258 3274 2398 3329 cmci
2432 3275 2824 3345 praeterimus,
2858 3292 3047 3347 eoque
3078 3279 3324 3333 nomine
3355 3280 3704 3350 reprehensi

2044 3363 2272 3435 rejecta
2301 3363 2363 3418 in
2397 3364 2618 3419 mentis
2650 3366 3106 3437 occupationem
3137 3384 3316 3423 causa
3345 3384 3455 3424 nos
3492 3384 3705 3441 purga-

2046 3467 2201 3509 mus.
2224 3452 2317 3507 Sic
2340 3469 2475 3525 ergo
2497 3453 2760 3510 Adamus
2777 3461 2836 3509 et
2855 3456 2970 3512 Eva
2985 3472 3166 3512 sensu
3184 3458 3401 3512 mentis
3424 3457 3499 3513 ad
3530 3458 3705 3514 visio-

2046 3557 2186 3597 nem
2217 3542 2650 3599 excitabantur.
2711 3545 2854 3600 Nam
2912 3546 3061 3609 haec,
3120 3568 3149 3596 «
3201 3553 3607 3619 cognoverunt
3636 3563 3698 3603 se

2047 3633 2239 3689 nudos
2259 3650 2406 3695 esse,
2435 3656 2463 3684 ››
2484 3634 2940 3705 patefactionem
2963 3637 3320 3709 signiﬁcant,
3345 3655 3477 3710 quaa
3504 3639 3565 3694 in
3597 3655 3701 3695 ra-

2050 3723 2210 3779 tione
2230 3724 2413 3791 venit,
2440 3740 2560 3779 non
2586 3725 2895 3781 oculorum
2928 3727 3323 3798 apertionem.
3361 3728 3425 3782 ld
3470 3744 3709 3799 quoque

2047 3811 2368 3869 dicendum
2400 3813 2592 3870 nobis.
2629 3818 2779 3870 Ante
2843 3814 3263 3886 defectionem,
3307 3833 3443 3872 cum
3502 3817 3711 3874 liberis

2048 3902 2189 3959 dare
2221 3918 2463 3975 operam
2495 3903 2763 3959 nondum
2796 3904 2869 3960 iis
2896 3911 3053 3961 esset
3098 3907 3537 3978 tempestivum,
3588 3922 3707 3963 non

2050 3993 2297 4049 dederat
2323 3993 2434 4049 hoc
2463 3992 2584 4047 illis
2620 3993 2774 4049 Deus
2803 4000 2870 4049 ut
2898 3995 3287 4051 nudationem
3320 3997 3586 4068 corporis
3618 4013 3711 4053 ca-

2048 4087 2274 4151 verent,
2307 4082 2411 4137 sed
2438 4082 2734 4155 degebant
2761 4084 2941 4139 veluti
2977 4087 3174 4140 carnis
3208 4092 3503 4156 expertes,
3559 4103 3707 4142 non-

2048 4172 2193 4227 dum
2224 4175 2559 4242 opportuno
2590 4172 2923 4228 affectionis
2953 4175 3211 4229 carnalis
3240 4181 3533 4246 tempore.
3595 4176 3710 4232 Sed

2046 4265 2363 4332 postquam
2385 4260 2765 4316 contumacia
2795 4264 3225 4333 superveniens
3279 4264 3705 4320 mortalitatem

2047 4349 2909 4415 introduxit,convenienterin
2930 4359 3234 4423 posterum
3267 4354 3353 4409 eis
3398 4353 3588 4410 indita
3620 4360 3711 4410 est

267 4444 760 4514 προθεωρηθεῖσαν
789 4445 869 4513 τῷ
903 4441 1185 4517 πλάσματι
1219 4446 1356 4520 πρὸς
1400 4445 1462 4501 τὸ
1513 4446 1809 4524 ἀναγκαῖον
1840 4454 1941 4518 τῆς

2050 4438 2653 4506 mutuaverecundia;
2683 4455 2751 4495 ac
2798 4442 3108 4512 postmodo
3160 4441 3712 4499 animadverterunt

268 4532 375 4583 τοῦ
400 4534 589 4603 γίνους
638 4526 930 4607 διαδοχῆς.
973 4534 1068 4591 Ἐκ
1097 4534 1327 4614 φύλλων
1361 4535 1419 4593 δὲ
1477 4523 1645 4607 συκῆς
1679 4535 1937 4609 ἐποίησαν

2051 4530 2374 4602 ﬁgurarum
2395 4529 2821 4595 diversitatem,
2840 4530 2967 4600 jam
2993 4536 3132 4586 ante
3152 4532 3450 4603 provisam
3485 4533 3547 4587 in
3579 4532 3708 4605 ipso

270 4616 497 4677 ἑαυτοῖς
533 4620 907 4693 περιζώματα,
944 4622 1331 4703 αἰνιττομένων
1364 4622 1454 4680 διὰ
1501 4630 1599 4680 τοῦ
1642 4626 1812 4700 ξύλω
1842 4628 1937 4683 τὸν

268 4706 485 4779 τρόπον
510 4713 614 4776 τῆς
644 4712 1042 4788 κακοπραγίας·
1104 4714 1182 4775 ὡς
1221 4714 1329 4789 γὰρ
1357 4712 1496 4785 ἡδὺς
1524 4715 1553 4770 6
1582 4720 1790 4792 καρπὸς
1836 4723 1940 4787 τῆς

272 4804 474 4867 συκῆς,
522 4798 700 4874 τραχὺ
759 4797 818 4856 δὲ
873 4804 962 4857 καὶ
1020 4803 1349 4879 πικρότατον
1385 4806 1449 4862 τὸ
1501 4805 1738 4886 φύλλον,
1797 4807 1942 4862 οὕτω

269 4892 423 4940 tim
484 4887 723 4962 αμαρτία
779 4889 834 4946 ἐν
894 4892 991 4966 μὶν
1078 4897 1147 4969 τῇ
1224 4896 1414 4971 πράξει
1464 4893 1731 4953 δείκνυται
1761 4894 1941 4969 ἡδεῖα,

272 4977 416 5064 μετὰ
446 4972 711 5064 δὲταῦτα
769 4976 968 5053 ὀδύνην
1019 4984 1250 5060 παρέχει
1310 4988 1390 5057 τῷ
1448 4985 1779 5061 πεπραχότι.
1814 4987 1942 5064 Περὶ

269 5062 332 5120 δὲ
360 5070 474 5154 τῶν
507 5063 846 5141 δερματίνων
879 5074 1132 5148 χιτώνων
1184 5074 1346 5147 φησῖν
1378 5076 1406 5131 6
1438 5074 1702 5150 θεολόγος
1734 5062 1942 5154 Γρηγό-

266 5175 388 5232 ριος
416 5153 504 5241 ὅτι
534 5157 732 5227 θνητὸν
781 5160 947 5217 αὐτὸν
999 5163 1313 5241 ἀπεφήνατο
1359 5166 1389 5221 6
1458 5166 1589 5228 Θεὸς
1656 5153 1946 5241 νεκρότητι

264 5240 658 5320 περιϐάλλων.
692 5250 874 5306 Τοῦτο
904 5252 1009 5328 γάρ
1037 5253 1089 5309 οἱ
1120 5240 1440 5330 δερμάτινοι
1473 5258 1709 5335 χιτῶνες
1740 5256 1942 5330 σημαί-

262 5357 343 5392 νει
376 5336 488 5393 ἀπὸ
517 5340 619 5393 τοῦ
654 5335 835 5419 λόγου
867 5348 969 5412 τῆς
1021 5346 1130 5398 τῶν
1194 5344 1348 5414 ζώων
1406 5344 1758 5421 νεκρότητος,
1793 5346 1945 5409 ὅπως

270 5423 357 5483 διὰ
384 5434 491 5500 τῆς
522 5426 745 5493 Λύσεως
797 5435 897 5485 τοῦ
949 5434 1206 5506 σώματος
1234 5435 1324 5490 καὶ
1362 5442 1466 5506 τῆς
1495 5430 1672 5509 ὄψεως
1706 5437 1741 5505 ἡ
1775 5436 1949 5513 ἁμαρ-

267 5519 350 5575 τία
388 5521 543 5577 πᾶσα
596 5518 990 5597 αὐτόπρεμνος
1028 5519 1324 5602 διαφθαρῇ.
1380 5524 1479 5581 Διὰ
1508 5524 1613 5599 γὰρ
1644 5528 1807 5581 τοῦτο
1853 5526 1943 5581 καὶ

254 5614 354 5668 τοῦ
400 5607 766 5689 Παραδείσου
821 5606 1298 5687 ὶκόάλλεται,’ίια
1357 5620 1435 5690 μὴ
1495 5617 1563 5687 τῇ
1597 5612 1945 5685 αὖτεξουαιό-

2053 4619 2333 4691 ﬁgmento
2351 4616 2425 4671 ob
2446 4618 2681 4689 generis
2708 4619 3073 4692 propagandi
3088 4622 3523 4677 necessitatem.
3560 4621 3712 4677 Sub—

2049 4705 2305 4779 ligacula
2334 4713 2534 4761 autem
2567 4706 2680 4761 sibi
2704 4708 2974 4763 fecerunt
3017 4725 3086 4764 ex
3138 4709 3373 4766 ﬁculnis
3409 4710 3590 4778 foliis,
3623 4712 3707 4765 rei

2054 4797 2210 4853 male
2240 4801 2419 4869 gestas
2454 4796 2694 4852 modum
2726 4814 2795 4853 ex
2829 4799 2957 4869 ejus
2989 4799 3220 4855 arboris
3275 4805 3489 4857 natura
3537 4802 3707 4872 quasi

2054 4904 2163 4959 per
2193 4886 2471 4959 ambages
2506 4886 2907 4943 indicantibus
2942 4905 2955 4942 :
2988 4890 3495 4959 quemadmodum
3547 4891 3710 4946 cnim

2053 4977 2280 5032 fructus
2302 4975 2447 5031 ﬁcus
2469 4975 2661 5031 dulcis
2678 4983 2786 5040 est,
2822 4977 3029 5033 folium
3054 4995 3329 5050 asperum
3368 4986 3425 5034 et
3456 4981 3707 5036 amaris-

2057 5066 2297 5134 simum,
2333 5064 2417 5119 sic
2447 5081 2623 5120 omne
2656 5074 2967 5138 peccatum
3000 5068 3298 5123 actionem
3331 5068 3575 5140 quidem
3602 5069 3708 5124 ba-

2054 5156 2195 5212 bere
2217 5153 2551 5227 jucundum
2585 5156 2940 5222 ostenditur,
2974 5164 3184 5229 postea
3212 5175 3346 5214 vero
3373 5157 3710 5214 doloremei

2056 5247 2157 5319 qui
2181 5244 2444 5318 peccavit
2464 5244 2655 5302 aﬁ'ert.
2682 5247 2761 5301 De
2794 5247 3065 5318 pelliceis
3096 5264 3272 5320 porro
3305 5248 3522 5304 tunicis
3568 5249 3714 5305 Gre-

2054 5336 2254 5411 gorius
2274 5333 2606 5407 Theologus
2629 5336 2829 5401 sentit,
2855 5338 3043 5392 Deum
3060 5337 3143 5392 ita
3159 5338 3581 5395 mortalitatem
3603 5340 3712 5394 ho-

2055 5425 2238 5483 minis
2264 5423 2621 5492 declarasse,
2655 5425 2923 5481 mortalis
2954 5426 3161 5481 exuvio
3207 5441 3346 5482 eum
3396 5426 3709 5486 amiciens.

2056 5516 2179 5573 Hoc
2209 5512 2307 5570 I5
2340 5511 2502 5569 enim
2534 5513 2800 5585 pellicem
2830 5514 3048 5569 tunica:
3090 5514 3423 5588 designant,
3482 5518 3712 5575 ratione

2058 5610 2132 5669 ab
2163 5602 2519 5666 animalium
2549 5603 2912 5659 mortalitate
2959 5602 3156 5672 ducta,
3197 5611 3264 5662 ut
3311 5606 3704 5663 dissolutione
