4118 6416
367 340 444 402 39
1722 327 2037 392 GEORGII
2080 326 2433 390 OIDRENI

3715 333 3797 397 40

367 471 631 545 corporis
652 487 719 527 ac
738 470 898 526 visus
920 468 1241 525 abolitione
1266 483 1441 523 omne
1459 467 1770 539 peccatum
1819 460 2005 519 fundi-

2138 479 2266 531 τητι
2296 455 2643 535 κεχρημένος
2672 452 2817 534 λάϐῃ
2843 458 2945 515 τοῦ
2986 458 3153 532 ξύλου
3198 466 3300 532 τῆς
3332 465 3479 534 ζωῆς
3509 462 3600 519 καὶ
3628 462 3792 540 γένη-

365 566 461 619 tus
483 560 810 617 abolentur.
849 564 1039 630 Atque
1074 558 1147 613 ob
1184 558 1338 613 hanc
1360 571 1600 612 causam
1623 553 1804 609 etiam
1835 553 2009 608 Para-

2119 570 2209 605 ται
2238 549 2301 604 τὸ
2338 549 2503 605 κακὸν
2541 548 2826 607 ἀθάνατον.

363 650 491 707 diso
522 648 944 721 eXpellitur,ne
976 647 1249 702 libertate
1272 644 1591 700 voluntatis
1621 648 1797 698 utens
1823 656 2070 696 manum
2099 639 2259 714 ligno
2288 640 2421 696 vita;
2452 641 3199 714 injiceret,malumqueita
3228 642 3572 702 immortale
3596 645 3792 703 ﬂeret.

436 740 683 795 Satanas
715 738 1097 793 Hebraeorum
1120 736 1320 808 lingua
1344 733 1711 790 desertorem
1727 729 2025 805 significat

363 834 422 885 et
450 827 875 884 adversarium.
912 826 1191 881 Diabolus
1238 839 1274 880 a
1335 822 1641 879 calumnia
1684 820 2020 893 appellatur

366 918 601 979 Graecis.
638 932 755 989 qua
786 918 966 971 Deum
1000 915 1071 970 ab
1102 913 1448 969 hominibus
1478 910 1857 968 abalienavit.

434 1009 649 1064 Cainus
681 1006 908 1078 primus
938 1005 1093 1060 inter
1124 1003 1405 1059 homines
1439 1000 1741 1058 homicida
1769 998 2019 1062 exstitit,

362 1096 688 1153 Lamechus
702 1093 1031 1150 secundus:
1059 1093 1158 1164 qui
1176 1092 1321 1147 duas
1362 1108 1577 1147 uxores
1619 1090 1787 1146 duxit
1811 1095 1869 1145 et
1899 1089 2017 1143 duo

360 1185 682 1241 homicidia
702 1184 860 1239 fecit.
883 1184 979 1238 Vir
995 1189 1194 1238 autem
1212 1189 1271 1238 et
1286 1181 1633 1237 adolescens
1656 1196 1805 1251 quos
1838 1179 2019 1233 inter-

246 1290 251 1297 ‘
356 1276 514 1341 fecit,
548 1275 769 1330 Enochi
798 1274 1045 1330 fuerunt
1072 1273 1308 1339 fratres,
1342 1272 1443 1343 qui
1467 1277 1628 1327 certa
1658 1266 2016 1341 impetrandi

358 1366 577 1421 fiducia
608 1367 794 1420 Deum
821 1368 1100 1436 precatus
1132 1379 1207 1418 ne
1240 1361 1422 1417 talem
1456 1378 1634 1433 porro
1676 1360 1876 1414 videre
1917 1374 2018 1413 ne-

358 1472 488 1512 cem
511 1460 844 1527 cogeretur,
880 1453 1194 1509 exauditus
1218 1457 1276 1507 et
1294 1468 1324 1507 e
1349 1458 1507 1507 terra
1536 1449 1863 1506 translatus
1902 1452 2011 1503 est.

427 1547 649 1602 Abelus
665 1546 967 1617 justitiam
988 1544 1173 1600 coluit
1200 1560 1213 1600 :
1254 1544 1387 1600 ideo
1412 1543 1581 1599 aiunt
1598 1541 1847 1598 cadaver
1884 1540 2013 1612 ejus

355 1653 387 1692 θ
419 1642 739 1708 conspectu
771 1634 1083 1689 hominum
1117 1632 1417 1689 sublatum
1450 1632 1655 1696 fuisse,
1707 1646 1824 1701 quo
1881 1632 2015 1700 post

356 1726 742 1799 ipsumjuste
773 1722 983 1779 victuri
1010 1723 1072 1777 in
1130 1722 1351 1777 bonam
1411 1736 1575 1793 spem
1638 1723 2008 1775 vocarentur.

356 1816 571 1872 Cainus
601 1815 829 1886 primus
859 1817 1123 1869 aratrum
1155 1811 1396 1878 invenit,
1454 1808 1783 1879 urbemque
1843 1808 2009 1862 Enon

356 1905 480 1959 filio
497 1921 603 1960 suo
628 1901 1349 1976 cognominemcondidit.
1390 1898 1553 1955 Idem
1605 1902 1739 1970 post
1768 1896 2009 1952 damna-

354 1994 579 2050 tionem
604 1975 806 2066 raptor
820 1993 933 2048 fuit
954 1992 1236 2048 etalienis
1253 1990 1423 2047 bonis
1455 1988 1728 2054 inhiavit;
1760 1988 2011 2059 primus—

353 2101 469 2157 que
501 2099 816 2140 mensuras
847 2088 906 2138 et
934 2082 1197 2154 pondera
1254 2086 1313 2135 et
1360 2080 1581 2134 limites
1640 2077 2009 2150 excogitavit,

357 2190 614 2244 suosque
639 2173 701 2228 in
723 2189 909 2227 unum
936 2171 1261 2227 conductos
1283 2169 1441 2225 bello
1466 2185 1710 2241 operam
1730 2167 1871 2224 dare
1902 2166 2010 2221 do-

358 2264 497 2319 cuit.
524 2263 687 2319 Idem
711 2263 782 2318 ab
804 2280 873 2318 eo
897 2268 1165 2333 tempore
1190 2278 1306 2332 quo
1332 2277 1468 2316 eum
1491 2260 1645 2316 Deus
1669 2262 2011 2313 exsecratus

361 2360 467 2420 est,
491 2353 739 2408 humilis
758 2353 891 2420 fuit,
916 2367 1246 2422 omnesque
1266 2350 1339 2406 ab
1362 2367 1430 2405 eo
1454 2348 1746 2421 prognati.
1771 2349 2011 2403 Terram

360 2447 555 2498 autem
582 2441 834 2497 incoluit
854 2457 985 2513 quae
1010 2447 1272 2495 tremens
1294 2444 1382 2494 est
1402 2445 1461 2493 et
1500 2437 1765 2504 humilis,
1809 2435 2011 2492 Adami

358 2531 639 2587 mandato
665 2547 700 2585 a
721 2530 882 2586 Sethi
907 2529 1190 2601 progenie
1213 2533 1541 2599 separatus.
1573 2526 1821 2581 Cainum
1852 2524 2011 2581 hunc

358 2622 544 2676 Parva
578 2620 837 2682 Genesis,
864 2636 995 2692 qua:
1017 2619 1159 2674 Mosi
1180 2617 1546 2680 inscribitur,
1594 2615 1769 2673 ruina
1799 2615 2011 2671 domus

359 2727 479 2766 sum
508 2726 859 2781 oppressum
894 2708 1070 2764 vitam
1126 2707 1383 2764 ﬁnivisse
1442 2705 1638 2762 tradit.
1692 2704 2011 2778 Lapidibus

358 2800 518 2854 enim
549 2799 795 2855 fratrem
850 2813 1018 2853 suam
1079 2796 1330 2852 Abelum
1389 2800 1747 2851 necaverat:
1808 2794 2010 2865 itaque

356 2887 483 2960 ipse
517 2904 752 2959 quoque
785 2885 1083 2959 lapidibus
1111 2890 1202 2941 est
1232 2884 1633 2940 interfectum.

426 2978 528 3033 16
550 2977 764 3032 Sethus
784 2976 993 3032 Adami
1022 2974 1234 3030 tertius
1266 2975 1425 3031 ﬁlius
1485 2977 1851 3039 recensetur,
1906 2972 2007 3043 qui

353 3083 637 3141 germana
656 3082 856 3123 sorore
876 3082 1003 3134 sua,
1027 3065 1119 3121 cui
1144 3080 1364 3120 nomen
1388 3066 1667 3130 Asuama,
1696 3062 1759 3119 in
1808 3062 2007 3119 matri-

352 3160 623 3215 monium
656 3158 833 3215 ducta
864 3158 1124 3213 Enosum
1156 3154 1508 3229 procreavit.
1571 3153 1732 3211 Sethi
1783 3169 2005 3209 nomen

355 3249 793 3305 restitutionem
819 3253 1002 3304 notat.
1035 3248 1182 3301 heus
1204 3260 1442 3317 quoque
1465 3244 1624 3299 idem
1672 3242 2008 3315 appellatus

358 3344 465 3403 est,
496 3337 569 3394 ob
593 3336 971 3408 splendorem
993 3336 1187 3401 faciei,
1208 3351 1383 3406 quem
1411 3351 1518 3406 per
1557 3350 1796 3388 omnem
1827 3332 2005 3389 vitam

354 3426 583 3483 habuit.
618 3426 742 3492 Qua
770 3426 959 3499 gratia
988 3426 1168 3482 etiam
1194 3426 1379 3481 Moses
1400 3423 1683 3495 praaditus
1705 3423 1896 3478 velata
1918 3421 2005 3478 fa-

353 3517 444 3572 cie
466 3533 600 3572 cum
633 3516 848 3571 Judwis
888 3514 1292 3586 loquebatur“
1327 3515 1345 3535 '
1377 3512 1770 3585 quadraginta
1807 3512 2005 3567 annis.

348 3606 511 3664 Idem
534 3606 747 3661 Sethus
768 3610 994 3677 septem
1018 3603 1357 3660 errantibus
1407 3602 1626 3671 stellis,
1661 3602 1846 3658 δι’ωοί
1878 3601 2006 3674 pla-

350 3701 521 3752 netas
545 3694 1023 3763 vocant,nomina
1047 3692 1358 3765 imposuit;
1388 3691 1842 3763 cmlestiumque
1860 3707 2003 3747 con-

347 3782 688 3838 versionum
716 3782 1028 3837 scientiam
1057 3781 1423 3854 excogitavit,
1457 3796 1640 3852 quam
1655 3779 1885 3837 duabus
1906 3796 2003 3836 co-

347 3872 594 3938 lumnis,
617 3871 866 3944 lapideae
882 3870 1183 3940 uni,alteri
1198 3870 1492 3937 lateritiaa,
1509 3869 2001 3942 inscripsit.Pra3-

350 3961 577 4017 sciebat
596 3961 758 4017 enim
771 3960 1030 4017 universi
1045 3959 1563 4030 interitum,quem
1587 3959 1637 4014 si
1653 3976 1810 4031 aqua
1827 3960 2004 4014 aﬂ‘er—

347 4056 460 4119 ret,
491 4050 791 4122 lapideam
819 4055 1257 4121 superaturam,
1290 4048 1381 4105 sin
1416 4048 1593 4121 ignis,
1628 4048 1950 4104 lateritiam
1986 4066 1998 4116 ;

347 4145 526 4213 atque
544 4141 695 4197 hanc
714 4140 1043 4196 etiamnum
1059 4144 1287 4195 exstare
1302 4138 1362 4193 in
1377 4137 1569 4193 Sirido
1600 4143 1801 4194 monte
1836 4139 1996 4193 Jose-

346 4230 502 4302 phus
518 4236 783 4286 testatur.
796 4229 955 4285 Idem
974 4229 1184 4285 Sethus
1199 4227 1513 4283 Hebraicas
1526 4227 1755 4282 litteras
1768 4227 1997 4283 conscri

349 4320 485 4391 psit.
500 4322 647 4375 Nam
662 4319 1069 4375 ducentesimo
1084 4317 1386 4390 trigesimo
1403 4316 1611 4372 Adami
1645 4332 1803 4371 anno
1825 4321 2001 4371 natus

349 4414 465 4464 est:
492 4426 745 4480 cumque
770 4414 929 4465 esset
949 4422 1244 4464 annorum
1269 4404 1605 4473 duodecim,
1628 4403 1959 4462 ablactatus
1983 4421 1997 4472 ;

348 4513 625 4569 annoque
658 4498 867 4555 Adami
900 4513 1081 4570 supra
1113 4493 1589 4552 ducentesimum
1632 4495 1999 4568 septuagesi-

347 4602 444 4641 mo
477 4592 680 4658 raptus
711 4586 782 4641 ab
818 4586 1028 4659 angelo
1061 4584 1325 4640 imbutus
1376 4586 1464 4637 est
1520 4581 1857 4655 cognitione
1914 4582 2001 4639 fu-

347 4679 496 4729 tura:
526 4690 770 4731 suorum
828 4679 1203 4745 posterorum
1264 4670 1610 4743 impietatis,
1671 4670 1772 4742 qui
1815 4668 1998 4726 iidem

2200 729 2324 785 ’Ὁτι
2352 726 2387 781 ὁ
2411 731 2654 792 Σατανᾶς
2690 730 2827 784 κατὰ
2854 730 2953 799 τὴν
2982 733 3092 786 τῶν
3121 725 3390 806 Ἐϐραίων
3434 733 3624 807 φωνὴν
3652 732 3792 790 ἀπο-

2131 813 2329 886 στάτης
2354 812 2570 891 λέγεται
2610 817 2701 872 καὶ
2742 817 3136 892 ἀντικείμενος*
3196 814 3462 885 διάϐολος
3494 818 3553 877 δὲ
3578 821 3654 884 ὡς
3691 821 3788 878 τὸν

2129 905 2258 959 Θεὸν
2289 904 2424 980 πρὸς
2452 904 2579 969 τοὺς
2613 907 2929 983 ἀνθρώπους
2961 911 3375 989 συκοφαντήσας
3407 909 3641 986 εἴρηται.

2199 996 2321 1052 Ὂτι
2352 996 2380 1051 6
2414 996 2541 1051 Κάῖν
2573 994 2625 1052 ἐν
2654 995 2963 1073 ἀνθρώποις
3018 1003 3236 1074 πρῶτος
3297 1002 3488 1078 φονεὺς
3548 1002 3787 1079 ἐγένετο,

2132 1080 2381 1160 δεύτερος
2414 1083 2471 1141 δέ
2511 1086 2539 1140 6
2583 1087 2798 1161 Λάμεχ,
2855 1084 2951 1142 δύο
2983 1094 3243 1163 γυναῖκας
3300 1084 3511 1164 λαϐὼν,
3570 1090 3787 1150 καὶδύο

2130 1175 2327 1251 φόνους
2358 1174 2585 1233 ἐτέλεσε.
2620 1178 2727 1239 Οὓς
2762 1175 2820 1233 δὲ
2848 1177 3081 1247 ἀνεῖλεν,
3115 1176 3279 1256 ἄνδρα
3344 1181 3435 1237 καὶ
3486 1182 3787 1255 νεανίσκον,

2129 1262 2358 1341 ἀδελφοὶ
2414 1268 2548 1335 ἦσαν
2597 1270 2695 1322 τοῦ
2762 1268 2961 1343 Ἑνὼχ,
3004 1269 3064 1332 ὃς
3101 1270 3193 1324 καὶ
3260 1270 3437 1328 πίστει
3486 1275 3788 1348 προσευξά-

2132 1375 2294 1427 μενος
2332 1359 2429 1411 τοῦ
2462 1357 2539 1429 μή
2584 1354 2714 1412 ἰδεῖν
2747 1355 2827 1413 ἔτι
2881 1363 3130 1414 τοιοῦτον
3192 1360 3442 1430 θάνατον,
3502 1363 3785 1426 ἁκουσθείς

2131 1444 2386 1517 μετετέθη
2398 1488 2409 1500 .

2200 1535 2282 1607 [Ρ.
2315 1536 2368 1608 8]
2398 1535 2518 1590 Ὅτι
2574 1530 2746 1593 ’Ἅϐελ
2808 1533 3156 1609 δικαιοσύνης
3215 1537 3515 1616 ἐφρόντιζε·
3576 1538 3662 1596 διὸ
3692 1540 3785 1597 καὶ

2124 1618 2187 1677 τὸ
2220 1626 2379 1696 σῶμα
2432 1622 2597 1678 αὐτοῦ
2650 1624 2807 1703 φασὶν
2864 1625 3063 1698 ἀφανὲς
3108 1626 3394 1703 γεγονέναι
3448 1634 3566 1694 τοῖς
3626 1630 3781 1704 μετέ-

2124 1731 2281 1766 πειτα
2321 1709 2559 1776 δικαίοις
2593 1713 2799 1789 ἀγαθὰς
2833 1712 3061 1779 ἐλπίδας
3114 1717 3431 1797 ὑποφαῖνον.
3465 1720 3525 1778 Ὀ
3556 1715 3614 1774 δὶ
3644 1721 3780 1779 Κάΐν

2124 1805 2345 1875 πρῶτος
2370 1800 2607 1878 ἄροτρον
2636 1803 2782 1880 εὗρε,
2814 1804 2904 1860 καὶ
2970 1803 3135 1861 πόλιν
3192 1804 3367 1862 ἔκτισε
3424 1807 3514 1864 ἐπὶ
3542 1811 3622 1880 τῷ
3651 1808 3781 1865 ὀνό-

2126 1895 2377 1962 ματιτοῢ
2403 1892 2525 1946 υἱοῦ
2574 1892 2741 1948 αὐτοῦ
2808 1895 2983 1954 Ενών.
3048 1894 3145 1950 Καὶ
3198 1895 3283 1951 ὅτι
3317 1898 3452 1971 μετὰ
3482 1898 3584 1967 τήν
3613 1918 3779 1954 κατα-

2123 1975 2278 2050 δίκην
2345 1982 2514 2056 ἅρπαξ
2575 1982 2666 2037 καὶ
2725 1980 3061 2055 πλεονέκτης
3145 1983 3374 2061 ἐγένετο,
3436 1983 3606 2061 μέτρα
3689 1986 3780 2041 καὶ

2121 2069 2331 2142 σταθμὰ
2382 2069 2474 2125 καὶ
2525 2071 2686 2147 ὅρους
2724 2078 2829 2147 γῆς
2888 2078 3107 2148 πρῶτος
3177 2072 3490 2146 ἐπινοήσας,
3530 2074 3781 2139 καὶτοὺς

2121 2157 2357 2223 οἰκείους
2388 2159 2463 2223 εἷς
2492 2155 2545 2216 ἔν
2605 2162 2925 2242 συναγαγὼν
2982 2162 3037 2219 ἐν
3092 2162 3363 2238 πολέμοις
3422 2163 3778 2242 ἀσχῢλεῖσθαι

2120 2246 2417 2307 ἐδίδασκεν.
2451 2252 2626 2316 Οὗτος
2686 2250 2978 2329 χθαμαλὸς
3011 2256 3074 2325 ἦν
3107 2255 3214 2312 ἀπὸ
3265 2262 3366 2326 τῆς
3415 2256 3651 2332 κατάρας
3682 2261 3780 2313 τοῦ

2120 2342 2278 2412 Θεοῦ,
2307 2340 2397 2395 καὶ
2455 2342 2651 2404 πάντες
2712 2344 2762 2397 οἱ
2816 2341 2867 2416 ἐξ
2920 2342 3090 2399 αὐτοῦ
3147 2344 3456 2422 γενόμενοι.
3516 2345 3667 2426 ’ᾨκεὶ
3722 2341 3781 2401 δὶ

2118 2428 2217 2497 τήν
2247 2432 2527 2505 γῆν,ἢτις
2570 2430 2685 2487 ἐστὶ
2737 2434 3034 2509 τρέμουσα,
3096 2432 3395 2509 χθαμαλὴν
3469 2433 3631 2491 οὖσαν
3690 2456 3780 2491 κε-

2121 2518 2466 2592 χωρισμένος
2495 2519 2759 2597 ὑπάρχων
2791 2521 2899 2577 ἀπὸ
2930 2529 3033 2592 τῆς
3082 2528 3177 2579 τοῦ
3225 2526 3337 2593 Σὴθ
3392 2530 3577 2599 γενεᾶς
3629 2525 3775 2581 κατὰ

2120 2608 2406 2683 πρόσταξιν
2456 2607 2554 2664 τοῦ
2615 2607 2813 2684 Ἀδάμ.
2874 2610 3048 2675 Οὗτος
3106 2613 3135 2668 6
3194 2612 3352 2685 Κάϊν,
3412 2614 3555 2684 ὡςὴ
3589 2614 3776 2684 Λεπτὴ

2120 2696 2359 2759 Μωσέως
2415 2700 2625 2763 Γένεσις
2698 2700 2886 2776 φησὶν,
2942 2707 3043 2771 τῆς
3102 2700 3303 2764 οἰκείας
3356 2702 3627 2773 πεσούσης
3687 2703 3776 2777 ἐπ,

2119 2784 2282 2843 αὐτὸν
2308 2786 2555 2859 τελευτᾷ·
2614 2787 2787 2852 λίθοις
2845 2790 2949 2866 γὰρ
3005 2791 3096 2845 τὸν
3157 2789 3392 2871 ἀδελφὸν
3458 2787 3625 2850 Ἅϐελ
3680 2794 3778 2849 ἀπ·

2121 2872 2341 2947 έκτεινε,
2367 2876 2457 2932 καὶ
2480 2874 2662 2942 λίθοις
2692 2878 2902 2953 ὁμοίως
2922 2879 3013 2935 καὶ
3045 2879 3205 2943 αὐτὸς
3235 2882 3561 2953 ἀπεκτάνθη.

2188 2967 2312 3023 ’Ότι
2386 2967 2415 3022 ὁ
2472 2968 2590 3037 Σὴθ
2658 2967 2845 3044 τρίτος
2924 2969 3043 3032 υἱὸς
3130 2969 3484 3047 άναγέγραται
3570 2969 3771 3047 ’Δδάμ’

2118 3053 2177 3115 ’ὀς
2279 3055 2378 3125 τὴν
2487 3051 2627 3111 ἰδίαν
2730 3053 2972 3137 ἀδελφὴν
3079 3059 3325 3135 Ἀσουάμ
3424 3059 3774 3133 καλουμένην

2115 3146 2299 3220 γήμας
2374 3143 2631 3222 ἐγέννησε
2713 3147 2804 3202 τὸν
2890 3148 3079 3211 Ἐνώς.
3169 3148 3438 3224 Σημαίνει
3524 3148 3623 3206 δὶ-
3662 3152 3777 3222 Σὴθ

2116 3234 2481 3306 ἐξανάστασιν.
2560 3237 2875 3311 Ὠνομάσθη
2979 3237 3037 3295 δὶ
3110 3240 3201 3295 καὶ
3278 3242 3409 3304 Θεὺς
3485 3238 3576 3297 διὰ
3675 3244 3775 3311 τήν

2117 3324 2329 3401 λάμψιν
2386 3330 2487 3382 τοῦ
2547 3326 2846 3401 προσώπου
2921 3327 3108 3399 αὐτοῦ,
3192 3328 3259 3399 ἢν
3334 3329 3493 3406 ἕσγεν
3547 3330 3599 3387 ἐν
3667 3332 3773 3407 ὅλῃ

2117 3413 2282 3470 αὐτοῦ
2340 3421 2407 3491 τῇ
2495 3420 2631 3492 ζωῇ.
2718 3416 2931 3488 Ταύτην
3007 3415 3065 3475 δέ
3122 3420 3220 3488 τήν
3283 3421 3445 3496 χάριν
3499 3420 3589 3477 καὶ
3643 3426 3776 3480 Μω-

2116 3511 2215 3574 σῆς
2291 3502 2462 3578 ἔχων,
2535 3504 2600 3560 τὸ
2700 3504 2970 3580 κάλυμμα
3071 3508 3238 3573 τιθεὶς
3348 3506 3557 3583 ὡμίλεῖ
3653 3516 3776 3575 τοῖς

2119 3590 2454 3656 Ἰουδαίοις.
2559 3595 2684 3652 Ἐπὶ
2789 3596 3014 3672 χρόνοις
3113 3598 3516 3673 τεσσαράκοντα
3618 3602 3774 3675 (24),

2112 3688 2231 3747 τοῖς
2259 3705 2319 3740 τε
2346 3684 2482 3741 ἑπτὰ
2531 3682 2836 3756 πλανήταις
2893 3685 3143 3761 ὀνόματα
3199 3689 3482 3760 τεθεικὼς,
3540 3688 3631 3745 καὶ
3668 3690 3773 3761 τήν

2112 3779 2222 3830 τῶν
2262 3768 2523 3851 οὸρανίων
2573 3778 2841 3848 κινήσεων
2894 3778 3082 3858 σοφίαν
3131 3776 3414 3850 ἐπενόησε.
3477 3781 3576 3836 Καὶ
3637 3782 3775 3851 στή-

2113 3863 2215 3928 λας
2269 3862 2389 3935 δύο,
2456 3863 2671 3938 λιθίνην
2715 3888 2775 3923 τε
2830 3868 2921 3923 καὶ
2978 3867 3295 3943 πλινθίνην,
3362 3869 3762 3933 κατασκευάσας

2113 3953 2224 4010 ἐκεῖ
2251 3958 2419 4011 ταῦτα
2467 3953 2724 4033 ἔγραψεν,
2784 3954 2943 4021 εἰδὼς
3001 3960 3100 4029 τήν
3152 3963 3250 4015 τοῦ
3305 3961 3504 4022 παντὸς
3565 3960 3769 4041 φθορὰν

2109 4044 2201 4100 καὶ
2228 4045 2302 4107 ὡς
2330 4044 2376 4101 εί
2412 4047 2505 4120 μὶν
2538 4045 2591 4117 ἐξ
2645 4043 2840 4108 ὕδατος
2900 4048 3149 4123 γένηται,
3204 4050 3305 4119 τὴν
3345 4046 3567 4121 λιθίνην
3599 4051 3767 4120 σώζε-

2109 4146 2254 4205 σθαι,
2287 4133 2332 4189 εί
2365 4131 2424 4190 δὶ
2454 4131 2544 4189 διὰ
2577 4134 2773 4211 πυρὸς,
2809 4138 2910 4208 τὴν
2966 4135 3276 4208 πλινθίνην
3336 4138 3460 4209 ἥτις
3515 4140 3771 4211 σώζεται,

2110 4224 2186 4287 ὡς
2215 4225 2483 4296 Ἰώσηπος
2525 4230 2810 4302 μαρτυρεῖ,
2843 4225 2921 4288 εἷς
2950 4227 3011 4281 τὸ
3046 4224 3266 4304 Σίριδον
3310 4223 3458 4304 ὅρος,
3523 4228 3630 4292 ἓως
3680 4228 3773 4284 καὶ

2107 4317 2220 4369 νῦν.
2304 4314 2478 4379 Οὗτος
2563 4313 2655 4370 καὶ
2712 4314 2779 4371 τὰ
2836 4310 3098 4390 Ἐϐραϊκά
3158 4315 3455 4392 γράμματα
3507 4318 3773 4393 συνεγρά-

2109 4404 2269 4475 ψατο.
2353 4406 2449 4476 Τῷ
2522 4404 2625 4481 γὰρ
2713 4401 3076 4477 διακοσιοστῷ
3150 4410 3459 4480 τριακοστῷ
3516 4400 3624 4461 ἔτει
3675 4410 3773 4461 τοῦ

2110 4490 2287 4567 Ἀδάμ
2315 4490 2575 4569 ἐγεννήθη
2609 4494 2637 4548 ὁ
2673 4494 2805 4564 Σὴθ,
2839 4494 2927 4549 καὶ
2996 4492 3290 4570 γενόμενος
3350 4494 3483 4551 ἐτων
3544 4492 3774 4551 δώδὲκα⁹

2107 4578 2551 4656 ἀπεγαλακνίσθη
2587 4602 2599 4615 ·
2661 4581 2753 4637 καὶ
2810 4586 2890 4656 τῷ
2948 4579 3312 4657 διακοσιοστῷ
3367 4579 3770 4659 ἑϐδομηκοστῷ

2109 4666 2217 4727 ἔτει
2242 4675 2341 4727 τοῦ
2373 4668 2555 4745 Ἀδάμ
2576 4672 2604 4727 ὁ
2636 4673 2755 4741 Σήθ
2782 4671 3079 4749 ἀραπαγεὶς
3125 4673 3229 4729 ὑπὸ
3267 4673 3502 4750 ἀγγέλου
3556 4673 3768 4747 ἐμυάθη

347 4764 666 4837 Egregores
696 4764 1075 4837 appellantur
1132 4766 1191 4819 et
1244 4760 1364 4828 filii,
1410 4760 1536 4829 Dei,
1589 4775 1658 4815 ac
1704 4759 1909 4815 diluvii
1941 4765 2002 4817 et

2123 4760 2178 4816 τά
2217 4759 2343 4837 περὶ
2372 4767 2475 4832 τῆς
2499 4748 2859 4838 παραϐάσεως
2920 4748 3201 4838 μέλλοντα
3257 4748 3468 4819 ἔσεσθαι
3497 4768 3608 4819 τῶν
3640 4763 3772 4819 υἱῶν

1546 4942 1907 5000 XYLANDRI
1946 4945 2042 5001 ET
2076 4944 2298 5003 GOARI
2337 4946 2561 5004 ΝΟΤΑΞ.

418 5093 525 5162 (24)
583 5089 831 5159 Χρόνους
889 5090 1237 5162 frequenter
1283 5085 1415 5142 loco
1473 5089 1733 5162 ενιαυτῶν
1802 5088 1995 5162 ponit,

346 5157 708 5233 quod'facile
738 5171 829 5219 est
878 5157 1064 5218 cuivis
1122 5161 1457 5216 observare.
1506 5157 1629 5233 _Sed
1687 5157 1997 5233 antehac

347 5230 525 5289 verba
557 5236 723 5291 deest
762 5235 988 5305 aliqiud
1023 5252 1036 5291 :
1099 5230 1691 5305 itaqueasteriscum
1724 5232 1990 5305 appinxi.

348 5305 522 5379 Apud
551 5302 880 5379 Iosephum
904 5323 1029 5379 non
1057 5311 1145 5361 est
1160 5302 1399 5379 "Siridus
1456 5318 1670 5379 mons._
1701 5303 1805 5358 sed
1861 5302 1996 5379 {tua

342 5371 443 5451 τῇν
480 5371 736 5446 Συριαδᾶ,
790 5380 872 5443 in,
910 5378 1093 5451 Syria.
1156 5371 1675 5451 Egregores__quid
1713 5375 1995 5451 Avocabuli

348 5448 447 5515 sit,
482 5445 601 5504 non
633 5445 1051 5521 assequor.'De
1082 5445 1433 5521 coruscante
1479 5445 1857 5521 Mosis__facie
1902 5464 1996 5521 res

348 5525 439 5575 est
468 5536 537 5573 ex
567 5523 750 5577 sacris
774 5517 1007 5578 Litteris
1037 5526 1201 5581 nota.
1222 5517 1401 5574 Exod.
1423 5532 1615 5587 xxxvn,
1650 5517 1698 5573 ll
1727 5519 1993 5576 Corinth.

340 5608 423 5663 ιιι,
457 5597 570 5648 etc.
602 5592 744 5651 Xro.
789 5595 970 5650 Filios
998 5593 1137 5649 Seth
1168 5593 1286 5648 Deo
1317 5588 1588 5660 dilectos,
1647 5590 1797 5661 pios,
1859 5609 1997 5664 pro-

2108 5105 2297 5171 ceros,
2330 5090 2645 5171 formosos,
2689 5091 3054 5161 sacerdotes,
3089 5097 3371 5171 natarum
3421 5092 3563 5149 Cain
3610 5092 3771 5171 cupi-

2109 5159 2246 5218 dine
2278 5169 2501 5237 captos,
2537 5181 2775 5220 necnon
2821 5159 3064 5222 exortos
3121 5181 3189 5220 ex
3236 5166 3481 5237 profano
3512 5180 3647 5221 cum
3687 5159 3770 5220 iis

2105 5235 2417 5310 complexu
2441 5235 2664 5293 liberos
2698 5238 2983 5310 Georgius
3010 5235 3323 5309 SyncelIus
3354 5243 3521 5293 vocat
3556 5237 3769 5310 iri-ym-

2102 5303 2269 5379 γὸρου
2306 5329 2332 5355 ››
2362 5307 2433 5363 ab
2464 5315 2705 5383 auctore
2732 5303 2922 5383 dictos
2956 5303 3322 5383 Ἐγρῆγορας,
3344 5324 3385 5383 a
3405 5308 3601 5383 patris
3629 5303 3772 5383 Seth

2106 5329 2269 5379 γορου
2306 5329 2332 5355 ››
2362 5329 2433 5363 an
2464 5329 2705 5364 aucwre
2732 5329 2922 5365 (llCtOS
2976 5329 3014 5363 ιδ
3059 5329 3123 5383 pr,
3171 5329 3322 5379 ορας,
3350 5329 3385 5367 a
3414 5329 3601 5380 patris
3630 5329 3770 5364 aeu:

2106 5384 2410 5457 venustate
2434 5396 2447 5434 :
2472 5373 2730 5457 _Et3_cra6i,5
2768 5378 2838 5457 ﬂv
2870 5379 2899 5434 6
2933 5329 3052 5457 Σήθ
3077 5329 3179 5457 καλ.
3205 5376 3601 5457 εὐδιάπλαστος
3632 5378 3770 5457 σφό-

2108 5445 2238 5524 δρα,
2291 5448 2381 5504 καὶ
2440 5451 2491 5504 οἱ
2545 5450 2597 5521 ἐξ
2655 5445 2825 5506 αὐτοῦ
2875 5445 3071 5516 πάντες
3130 5446 3370 5513 εὐσεϐεῖς
3426 5451 3518 5507 καὶ
3574 5445 3769 5528 ὡροὶῖοι

2104 5519 2265 5591 ἦσαν.
2299 5524 2476 5581 ΕοΑιι.

2148 5540 2265 5578 σαν.
2299 5539 2476 5581 UOAI.
