4118 6420
314 391 388 451 Η
1464 382 2012 445 HISTORIARUM
2056 384 2605 450 COMPENDIUM.
3662 392 3742 451 42

309 520 479 579 αὐτοῦ
509 518 658 596 (ἤτοι
708 523 825 575 τῶν
886 518 1272 597 Ἒγρηγόρων,
1330 514 1532 579 οἵτινες
1577 515 1669 572 καὶ
1700 515 1812 572 υἱοὶ
1836 521 1971 573 Θεοῦ

2087 519 2374 581 adventus
2400 522 2747 583 Servatoris.
2764 526 2910 595 Cum
2941 529 3140 583 autem
3159 521 3614 597 quadragesima
3642 523 3740 582 die

310 609 586 686 ἐλέγοντο)
643 610 738 666 καὶ
797 609 868 665 τὰ
918 608 1045 683 περὶ
1101 611 1197 663 τοῦ
1276 605 1674 680 κατακλυσμοῦ
1730 606 1821 662 καὶ
1876 598 2027 677 τῆς’

308 701 613 776 παρουσίας
664 703 767 754 τοῦ
828 704 1117 773 Σωτῆρος.
1174 696 1387 772 Ἡμέρᾳ
1457 694 1514 750 δὲ
1572 700 1979 771 τεσσαρακοστῇ

310 789 546 867 ἄφαντος
572 789 843 864 γεγονὼς.
893 787 1073 852 ἐλθὼν
1124 784 1430 861 διηγήσατο
1472 791 1591 848 τοῖς
1641 784 1982 861 πρωτοπλά-

308 900 459 941 στοις
492 877 592 933 ὅσα
616 876 835 952 ἐμυήθη
870 876 964 933 διὰ
991 881 1090 933 τοῦ
1146 875 1409 952 ἀγγέλου.
1444 874 1679 946 Εὐειδής
1705 873 1763 931 δὶ
1791 875 1859 945 ἦν
1887 875 1978 931 καὶ

310 966 718 1035 εὐδιάπλαστος
773 963 951 1042 σόδρα
1008 966 1174 1029 αὐτός
1233 985 1292 1021 τε
1339 965 1430 1021 καὶ
1489 967 1542 1020 οἱ
1573 965 1623 1035 ἐξ
1656 966 1826 1021 αὐτοῦ
1856 986 1978 1043 γεν-

307 1060 573 1131 νώμενοι,
608 1059 949 1133 ’Βγρήγορες
1005 1054 1095 1111 καὶ
1152 1055 1264 1110 υἱοὶ
1323 1058 1459 1111 Θεοῦ
1516 1050 1607 1110 διὰ
1634 1054 1733 1122 τὴν
1765 1054 1978 1129 λάμψιν

308 1152 408 1203 τοῦ
437 1147 741 1225 προσώπου
791 1149 893 1205 τοῦ
954 1145 1071 1214 Σὴθ
1129 1142 1439 1220 λεγόμενοι·
1470 1142 1561 1199 καὶ
1607 1144 1707 1213 τὴν
1758 1143 1977 1217 ὑψηλο-

308 1238 468 1311 τέραν
500 1243 606 1314 γῆν
643 1242 745 1305 τῆς
794 1231 968 1308 Ἐδὶμ
1021 1233 1220 1307 ᾤκουν,
1259 1233 1502 1303 πλησίον
1559 1236 1657 1289 τοῦ
1714 1229 1977 1310 παραδεί-

307 1347 407 1382 σου
453 1324 762 1400 ἆγγελικῶς
815 1324 1092 1400 βιοῦντες,
1130 1321 1237 1385 ’ὲως
1285 1325 1382 1377 τοῦ
1427 1318 1721 1400 χιλιοστοῦ
1765 1342 1973 1397 κοσμι-

302 1419 408 1470 κοῦ
467 1412 647 1475 ξτους.
703 1414 924 1470 Τούτων
977 1414 1077 1482 τὴν
1127 1410 1378 1486 ἐνάρετον
1427 1408 1707 1469 πολιτείαν
1768 1412 1844 1484 μὴ
1879 1410 1976 1488 φέ-

304 1525 419 1581 ρων
450 1505 480 1561 ὁ
502 1503 814 1581 ἆρχίκακος
840 1502 1089 1577 βλέπειν,
1114 1501 1190 1564 εἷς
1214 1501 1313 1569 τήν
1339 1500 1657 1576 ὡραιότητα
1674 1505 1784 1557 τῶν
1812 1512 1975 1578 θυγα-

300 1592 479 1668 τέρων
510 1597 619 1648 τῶν
653 1592 956 1667 ανθρώπων
1000 1590 1125 1660 ἢτοι
1182 1593 1284 1646 τοῦ
1326 1595 1459 1646 Καϊν
1490 1588 1684 1653 αὐτοὺς
1713 1584 1968 1664 ἔτρωσεν.

380 1685 466 1756 [Α.
501 1683 579 1756 9.]
611 1682 737 1739 Ὅτι
787 1679 872 1748 τὸ,
933 1704 961 1731 ‹‹
992 1679 1158 1742 Ἐνὼς
1210 1676 1448 1749 ἤλπισεν
1497 1678 1873 1745 ἒπικαλεῖσθαι
1906 1680 1970 1734 τὸ

301 1771 485 1845 ὄνομα
532 1769 737 1845 Κυρίου
791 1773 890 1826 τοῦ
940 1768 1074 1825 Θεοῦ
1133 1772 1350 1844 πρῶτος
1385 1792 1412 1821 »ι
1473 1766 1966 1845 προσαγορεύεσθαι

2089 629 2326 669 rursum
2359 615 2421 669 in
2450 615 2764 672 hominum
2795 620 3182 688 conspectum
3207 616 3498 681 rediisset,
3533 636 3743 691 paren-

2090 702 2246 758 tibus
2273 720 2343 759 ea
2364 704 2582 776 quibus
2605 705 2678 762 ab
2697 706 3221 787 angeloinitiatum
3239 706 3498 771 diximus
3528 710 3740 767 recita-
3850 740 3857 747 -

2087 791 2187 847 vit.
2220 795 2259 861 1
2275 794 2313 848 τ
2342 794 2659 850 Formosus
2679 801 2879 853 autem
2895 795 3221 863 admodum
3259 796 3390 862 fuit,
3414 804 3475 854 et
3494 798 3741 871 pulchre

2089 879 2227 935 ﬁcto
2260 897 2509 954 corpore
2530 899 2667 939 cum
2698 884 2825 956 ipse
2858 891 2982 941 tum
3034 891 3092 942 et
3148 870 3441 958 prognati,
3486 870 3738 961 Egrego-

2084 984 2181 1025 res
2213 974 2271 1025 et
2304 970 2405 1026 Dei
2439 970 2548 1028 ﬁlii
2581 972 2655 1029 ob
2680 973 2847 1030 Sethi
2905 973 3079 1031 faciei
3127 974 3510 1048 splendorem
3548 976 3690 1037 dicti
3721 992 3737 1044 ;

2087 1061 2427 1131 terramque
2458 1060 2678 1118 Edenis
2706 1062 3117 1120 sublimiorem
3151 1064 3553 1134 incoluerunt,
3598 1067 3739 1124 vici-

2087 1148 2268 1220 nique
2319 1150 2596 1222 paradiso
2657 1152 2836 1209 vitam
2895 1153 3245 1227 angelorum
3300 1153 3433 1219 vita
3480 1155 3742 1216 similem

2085 1242 2335 1311 egerunt
2364 1254 2552 1311 usque
2584 1238 2659 1303 ad
2688 1240 3080 1305 millesimum
3107 1242 3315 1303 mundi
3338 1246 3743 1317 annum.Qu_o-

2083 1341 2217 1382 rum
2250 1325 2565 1395 honestam
2595 1328 2727 1386 vitae
2754 1330 3255 1389 consuetudinem
3282 1338 3491 1390 auctor
3509 1335 3741 1407 primus

2082 1413 2379 1481 malorum
2410 1416 2635 1475 intueri
2664 1435 2787 1475 non
2818 1419 3143 1492 sustinens,
3176 1422 3548 1483 formositate
3586 1424 3740 1481 ﬁlia-

2080 1519 2215 1561 rum
2245 1504 2583 1575 hominum,
2613 1506 2675 1563 id
2704 1513 2792 1564 est
2822 1509 3011 1580 Caini,
3045 1527 3145 1568 eos
3176 1512 3483 1572 sauciavit.

2152 1677 2285 1731 Haec
2318 1678 2493 1749 verba
2526 1701 2554 1730 «
2587 1678 2821 1745 Enosus
2854 1680 3084 1751 primus
3134 1684 3393 1753 speravit
3447 1683 3738 1765 appellari

2078 1779 2301 1822 nomen
2332 1768 2569 1825 Domini
2601 1769 2726 1837 Dei,
2765 1790 2786 1820 ι
2824 1770 2935 1825 hoc
2967 1771 3329 1844 signiﬁcant,
3361 1773 3605 1839 nomine
3636 1774 3737 1837 Dei

302 1862 539 1935 ὀνόματι
570 1865 726 1930 Θεοῦ,
759 1856 902 1916 ἔστιν
1117 1859 1283 1922 Ἐνὼς
1332 1860 1438 1935 γὰρ
1476 1858 1831 1956 ἑρμηνεύεται
1862 1858 1963 1915 ἄν-

2083 1856 2269 1911 vocari
2292 1872 2305 1910 :
2330 1873 2469 1912 nam
2491 1856 2780 1915 Hebraica
2800 1859 3003 1931 lingua
3022 1860 3253 1929 Eposus
3276 1860 3453 1927 homo
3495 1869 3602 1929 est.
3645 1863 3736 1921 Sic

301 1955 527 2027 θρωπος
580 1952 719 2007 κατὰ
784 1951 879 2006 τὸν
939 1944 1225 2025 Ἐϐραϊκὸν
1279 1954 1423 2004 νοῦν·
1484 1949 1657 2012 οὕτως
1686 1952 1714 2005 ὁ
1764 1951 1964 2024 Σωτὴρ

302 2042 429 2104 Υἱὸς
459 2039 634 2103 ὄντως
664 2040 982 2116 ἀνθρώπου,
1014 2040 1153 2094 κατὰ
1189 2039 1280 2094 τὸ)
1310 2040 1536 2119 φυσικὸν
1570 2037 1740 2114 λόγον
1773 2040 1973 2114 ’Δφρι-

300 2135 493 2189 κανοῦ.
532 2131 699 2195 Ἐνὼς
730 2128 786 2185 δὲ
831 2132 991 2205 γεννᾷ
1016 2129 1108 2185 τὸν
1138 2127 1461 2199 Μαλελεήλ,
1494 2129 1522 2184 ὁ
1554 2125 1611 2184 δὶ
1639 2130 1732 2184 τὸν
1764 2125 1969 2205 Ἵάρεδ,

298 2219 351 2293 ἐξ
384 2221 446 2274 οὐ
480 2220 686 2295 Ἑνώχ.
740 2217 917 2279 Οὗτος
977 2222 1195 2293 πρῶτος
1250 2217 1556 2293 γράμματα
1591 2217 1846 2291 μανθάνει
1877 2233 1969 2288 καὶ

300 2305 569 2377 διδάσκει,
627 2308 720 2363 καὶ
779 2308 942 2363 θείων
1001 2306 1316 2382 μυστηρίων
1351 2305 1756 2382 ἀποκαλύψεως
1784 2307 1973 2379 ἀξιοῦ-

293 2420 409 2455 ται.
442 2399 551 2455 Καὶ
590 2398 787 2473 πρώτη
837 2393 1092 2473 περίοδος
1151 2401 1259 2452 τῶν
1306 2395 1675 2453 πεντακοσίων
1717 2396 1969 2472 τριάκον-

293 2508 362 2543 τα
392 2486 492 2543 δύο
526 2486 663 2543 ἑτῶν
694 2488 1032 2563 πληροῦται·
1066 2485 1133 2556 ἦν
1188 2482 1246 2542 δὲ
1301 2487 1503 2563 χρόνος
1562 2490 1658 2543 τοῦ
1722 2487 1816 2561 μὲν
1854 2489 1969 2557 Σὴθ

291 2577 607 2653 τριακόσιοί
643 2574 762 2649 δύο,
794 2579 896 2632 τοῦ
928 2574 987 2631 δὲ
1018 2575 1201 2652 Ἑνὼχ
1233 2574 1753 2647 ἐννενηκονταοκτώ.

368 2762 495 2817 Ὅτι
524 2754 713 2831 uasa
742 2761 824 2829 τῷ
872 2756 1236 2828 ἑξακοσιοστῷ
1287 2749 1394 2811 ἔτει
1458 2756 1797 2828 μετανοήσας
1826 2754 1968 2832 ἔγνω

300 2846 373 2902 δι’
404 2845 816 2921 ἀποκαλύψεως
875 2846 944 2901 τὰ
995 2844 1120 2917 περὶ
1174 2849 1283 2899 τῶν
1342 2845 1698 2922 Ἐγρηγόρων
1748 2844 1968 2900 καὶτοῦ

298 2936 720 3010 κατακλυσμοῦ,
760 2938 853 2990 καὶ
912 2934 979 2989 τὰ
1034 2933 1159 3009 περὶ
1222 2932 1507 3007 μετανοίας
1558 2933 1648 2989 καὶ
1697 2936 1799 2999 τῆς
1824 2932 1969 2995 θείας

299 3026 655 3100 σαρκώσεως,
703 3023 795 3079 καὶ
853 3023 980 3099 περὶ
1037 3026 1146 3079 τῶν
1205 3023 1325 3077 καθ’
1384 3022 1613 3092 εκάστην
1645 3022 1788 3097 ὥραν
1817 3025 1967 3095 ἡμε-

298 3119 457 3190 ρινήν
518 3116 610 3172 καὶ
689 3114 1003 3191 νυκτερινήν
1084 3112 1566 3187 ἆναπεμπυμὲνων
1651 3111 1832 3188 εὐχῶν
1888 3117 1967 3185 τῷ

295 3206 421 3280 Θεῷ
442 3205 550 3261 ὰπὸ
579 3205 799 3261 πάντων
860 3207 973 3259 τῶν
1027 3201 1339 3276 κτισμάτων
1395 3198 1465 3257 δι’
1507 3199 1723 3277 Οὐριήλ
1752 3205 1849 3256 τοῦ
1876 3199 1963 3256 ἐπὶ

292 3302 396 3364 τῆς
431 3292 723 3368 μετανοίας
754 3290 1135 3373 ἀρχαγγὲλου,
1187 3292 1389 3354 οὕτως·
1430 3293 1572 3365 Ὥρᾳ
1600 3291 1793 3367 πρώτᾳ
1821 3292 1961 3363 ἡμε-

294 3388 422 3458 ρινῇ
453 3382 654 3457 πρώτη
688 3380 831 3457 εὐχή
864 3378 1194 3436 ἐπιτελεῖται
1247 3380 1300 3435 ἰν
1352 3384 1435 3454 τῷ
1475 3379 1712 3454 οὐρανῷ,
1745 3377 1967 3454 δευτέρᾳ

292 3473 439 3547 εὐχὴ
494 3469 777 3549 ἄγγὲλων,
827 3471 986 3545 τρίτῃ
1037 3469 1177 3545 εὐχή
1231 3474 1476 3542 πτηνῶν,
1548 3467 1778 3544 τετάρτῃ
1822 3468 1962 3544 εὐχὴ

288 3566 541 3632 κτηνῶν,
568 3561 795 3636 πέμπτῃ
859 3558 1001 3634 εὐχῆ
1058 3558 1290 3634 θηρίων,
1332 3556 1460 3633 ἕκτῃ
1515 3556 1767 3634 ἀγγέλων
1790 3558 1968 3633 παρά-

292 3670 485 3711 στασις
542 3649 633 3704 καὶ
695 3646 968 3724 διάκρισις
1012 3649 1193 3720 πάσης
1251 3648 1503 3716 κτίσεως,
1555 3642 1769 3721 ἑϐδόμῃ
1810 3648 1970 3724 ἆγγέ.

292 3738 412 3795 λων
444 3734 659 3800 εἷ’σοδος
725 3736 863 3810 πρὸς
917 3736 1044 3792 Θεὸν
1098 3738 1190 3792 καὶ
1248 3730 1434 3810 ἔξοδος
1492 3733 1971 3813 ἀγγέλων,ὀγδόῃ

298 3828 510 3889 αἲνεσις
560 3826 651 3882 καὶ
708 3827 891 3882 θυσίαι
951 3824 1222 3901 άγγὲλων,
1281 3824 1468 3901 ἐννάτῃ
1517 3823 1701 3897 δέησις
1746 3825 1834 3881 καὶ
1868 3824 1972 3881 λα-

304 3918 461 3993 τρεία
492 3918 808 3993 ἀνθρώπου,
866 3912 1063 3990 δεκάτῃ
1120 3914 1414 3971 ἐπισκοπαὶ
1472 3912 1682 3971 ὑδάτων
1717 3915 1809 3971 καί
1841 3912 1971 3985 δεή-

306 4028 422 4071 σεις
450 4006 725 4081 οὐρανίων
764 4005 857 4060 καὶ
910 4003 1181 4080 ἐπιγείων,
1238 4002 1496 4079 ἑνδεκάτῃ
1522 4003 1971 4080 ἀνθομολόγησις

301 4095 401 4152 καὶ
428 4093 763 4172 ἄγαλλίασις
795 4094 1038 4165 πάντων,
1069 4090 1352 4171 δωδεκάτη
1401 4088 1631 4165 ἔντευξις
1668 4093 1972 4169 ἀνθρώπων

304 4185 388 4248 εἷς
418 4182 695 4247 εὐδοκίας.
726 4180 873 4256 Τῷδὶ
904 4182 1302 4256 ἑννακοσιοστῷ
1319 4186 1628 4261 τριακοστῷ
1651 4180 1757 4238 ἔτει
1790 4178 1973 4255 ’Δδάμ

303 4272 589 4347 ἐκοιμήθη
645 4274 768 4328 κατ’
820 4272 990 4343 αὐτὴν
1040 4278 1144 4343 τῆς
1201 4267 1561 4348 παραϐάσεως
1609 4273 1842 4347 ἡμέραν,
1880 4270 1972 4326 καὶ

303 4363 384 4426 εἷς
430 4363 534 4433 τὴν
592 4369 695 4439 γῆς
752 4360 802 4431 ἒξ
854 4363 921 4431 ἧς
979 4359 1193 4440 ἐλήφθη
1252 4360 1487 4432 ἀπῆλθε,
1520 4360 1850 4435 καταλείψας
1883 4358 1976 4435 ἄῤ-

302 4452 465 4526 ῥένας
500 4451 653 4514 υἱοὺς
687 4450 775 4528 λγ“
804 4449 896 4506 καὶ
927 4449 1224 4526 θυγατέρας
1280 4451 1380 4521 κζ’.
1435 4450 1611 4513 Οὗτος
1642 4450 1975 4528 ἡγεμόνευσε

296 4547 405 4597 τοῦ
438 4539 634 4615 γένους
663 4543 771 4595 τῶν
802 4539 1106 4611 ἀνθρώπων
1154 4536 1227 4595 δι’
1275 4537 1414 4610 ὅλης
1464 4540 1634 4596 αὐτοῦ
1663 4546 1766 4610 τῆς
1800 4545 1968 4610 ζωῆς.

2080 1944 2353 2000 Servator
2372 1944 2558 2003 Filius
2579 1962 2714 2001 vere
2735 1946 3023 2015 hominis,
3041 1952 3106 2003 ut
3128 1948 3440 2005 Africanus
3469 1950 3532 2005 in
3562 1955 3735 2007 natu—

2078 2031 2190 2088 rali
2212 2034 2483 2093 oratione
2505 2042 2711 2092 auctor
2731 2042 2840 2093 est.
2866 2037 3094 2109 Enosus
3118 2037 3485 2095 Maleleelem
3506 2039 3734 2112 genuit,

2079 2121 2130 2178 is
2157 2123 2458 2181 Jaredum.
2495 2125 2612 2182 Hoc
2647 2125 2920 2182 Enochus
2951 2127 3237 2184 nascitur.
3289 2126 3563 2187 Enochus
3618 2130 3738 2202 pri-

2078 2228 2212 2269 mus
2239 2212 2448 2285 didicit
2469 2230 2536 2271 ac
2569 2214 2772 2272 docuit
2801 2215 3052 2286 litteras,
3087 2232 3155 2272 ac
3186 2215 3523 2285 divinorum
3572 2234 3737 2276 arca-

2077 2318 2292 2359 norum
2314 2304 2712 2375 patefactione
2739 2305 2954 2378 dignus
2984 2311 3075 2362 est
3093 2306 3352 2364 habitus.
3377 2308 3522 2373 Tum
3544 2308 3741 2380 prima

2077 2393 2544 2466 quingentorum
2575 2395 2821 2467 triginta
2846 2394 3100 2452 duorum
3139 2412 3437 2463 annorum
3496 2398 3732 2455 revolu-

2078 2481 2160 2537 tio
2192 2481 2452 2554 perfecta
2481 2488 2590 2549 est,
2622 2499 2849 2540 annum
2901 2489 3111 2557 agente
3171 2485 3349 2543 Setho
3399 2487 3734 2545 secundum

2076 2587 2111 2627 a
2182 2572 2627 2642 trecentesimo,
2712 2574 2952 2631 Enocho
3033 2575 3496 2647 nonagesimum
3578 2583 3735 2643 octa-

2079 2676 2238 2717 vum.

2147 2751 2409 2807 Adamus
2463 2753 2895 2809 sexcentesimo
2947 2770 3109 2810 anno
3164 2771 3301 2811 cum
3359 2755 3734 2827 resipuisset,

2076 2839 2471 2910 patefactione
2502 2841 2699 2898 divina
2728 2842 2802 2898 de
2832 2843 3231 2916 Egregoribus
3262 2848 3322 2900 et
3350 2843 3571 2907 diluvio
3593 2845 3735 2903 edo-

2076 2934 2205 2985 ctus
2233 2936 2343 2995 est,
2376 2947 2444 2987 ac
2492 2931 2564 2988 de
2612 2933 2963 3003 pmnitentia
3019 2939 3079 2988 et
3143 2934 3558 3012 incarnatione
3606 2935 3733 3003 Dei,

2076 3022 2253 3089 atque
2309 3018 2382 3077 de
2440 3020 2716 3092 precibus
2777 3038 2908 3092 quas
2953 3020 3029 3078 ad
3073 3023 3263 3080 Deum
3309 3023 3382 3080 ab
3438 3024 3738 3085 universis

2075 3111 2365 3164 creaturis
2382 3108 2500 3165 diei
2522 3126 2590 3165 ac
2606 3110 2802 3166 noctis
2845 3111 3097 3184 singulis
3143 3112 3310 3169 horis
3349 3113 3738 3185 perferuntur

2075 3195 2149 3251 ab
2181 3196 2399 3263 Urielo,
2433 3199 2535 3270 qui
2566 3198 2913 3273 angelorum
2945 3201 3225 3273 princeps
3279 3202 3731 3276 (archangelum

2076 3284 2259 3343 Graeci
2282 3287 2512 3358 vocant)
2537 3287 2904 3359 pcenitentias
2946 3290 3303 3361 praepositus
3354 3295 3463 3353 est.
3507 3291 3620 3347 Res
3649 3289 3733 3347 ita

2076 3373 2257 3430 habet
2271 3391 2283 3429 :
2302 3377 2343 3432 l
2355 3374 2402 3430 8
2420 3376 2618 3432 Prima
2635 3375 2752 3432 diei
2766 3377 2914 3432 hora
2921 3394 3130 3448 preces
3143 3383 3510 3450 peraguntur
3519 3379 3728 3451 prima)

2075 3464 2136 3519 in
2167 3464 2337 3534 caelo,
2369 3465 2632 3521 secunda
2659 3482 2867 3539 preces
2911 3467 3284 3540 angelorum,
3345 3469 3518 3525 tertia
3564 3469 3733 3525 volu-

2075 3554 2945 3628 crium,quartajumentorum.
2963 3559 3174 3629 quinta
3185 3558 3535 3621 bestiarum:
3566 3565 3733 3619 sexta

2074 3642 2267 3716 angeli
2290 3644 2596 3713 assistunt,
2622 3661 2950 3716 omnesque
2975 3646 3369 3703 dicernuntur
3399 3654 3686 3707 creaturas
3713 3664 3729 3715 ;

2076 3732 2327 3806 septima
2357 3733 2431 3788 ad
2462 3733 2651 3791 Deum
2681 3735 2877 3808 angeli
2908 3736 3138 3792 intrant
3167 3742 3225 3791 et
3243 3742 3465 3793 exeunt
3487 3755 3502 3805 ;
3525 3742 3730 3795 octava

2074 3822 2337 3879 laudatio
2361 3827 2416 3879 et
2438 3824 2732 3881 sacriﬁcia
2774 3824 3142 3899 angelorum,
3172 3841 3333 3883 nona
3376 3828 3638 3899 precatio
3669 3832 3730 3887 et

2074 3911 2271 3969 cultus
2296 3912 2369 3969 ab
2400 3913 2766 3982 hominibus,
2799 3915 3031 3972 decima
3087 3932 3379 3988 aquarum
3436 3917 3728 3990 inspectio

2077 4018 2402 4074 precesque
2424 4003 2755 4061 caelestium
2781 4011 2837 4060 et
2850 4005 3573 4073 terrestrium,undecima
3594 4024 3732 4065 mu-

2076 4096 2180 4147 tua
2219 4091 2515 4149 confessio
2568 4098 2629 4149 et
2675 4094 2959 4153 exultatio
3020 4096 3314 4162 omnium,
3381 4096 3737 4154 duodecima

2076 4179 2477 4252 interpellatio
2498 4181 2811 4237 hominum
2833 4184 2951 4238 Deo
2974 4184 3508 4256 accepta.Adamus
3525 4186 3740 4243 nonin-

2077 4270 2405 4341 gentesimo
2459 4269 2761 4327 tricesimo
2818 4287 2983 4327 anno
3050 4273 3167 4328 vita
3224 4273 3540 4335 defunctus
3623 4279 3737 4345 est,

2079 4359 2286 4415 eadem
2318 4376 2436 4433 qua
2467 4361 2611 4417 olim
2677 4362 3015 4434 deliquerat
3069 4363 3210 4433 die;
3271 4371 3331 4421 et
3378 4366 3443 4422 in
3492 4372 3735 4434 terram.

2079 4448 2239 4505 unde
2259 4449 2453 4507 fuerat
2483 4450 2857 4526 desumptus,
2880 4468 3152 4510 reversus
3185 4460 3297 4523 est,
3340 4453 3566 4515 relictis
3598 4456 3741 4517 ﬁliis

2082 4539 2169 4607 33,
2196 4539 2435 4596 ﬁliabus
2455 4543 2546 4597 27.
2598 4542 2915 4614 Imperavit
2956 4548 3158 4599 autem
3211 4544 3310 4600 hic
3354 4544 3617 4607 humano
3647 4563 3743 4620 ge-

299 4631 375 4687 Ἦ
416 4627 475 4684 δὲ
533 4629 681 4704 ταφὴ
736 4627 905 4684 αὐτοῦ
960 4629 1096 4684 κατᾶ
1148 4630 1250 4699 τήν
1311 4633 1418 4684 τῶν
1471 4627 1870 4704 Ἱεροσολύμων
1899 4627 1973 4705 γέ·

2094 4629 2224 4684 neri
2253 4646 2361 4701 per
2390 4634 2575 4686 totam
2607 4648 2777 4689 suam
2803 4633 3002 4688 vitam.
3041 4633 3315 4705 Sepultus
3346 4641 3437 4697 est
3462 4636 3526 4694 in
3585 4616 3745 4694 terra

296 4740 432 4793 τονε
460 4726 593 4793 γῆν,
627 4718 703 4780 ὡς
736 4717 1009 4789 Ἰώσηπος
1033 4718 1265 4794 ἱστορεῖ,
1323 4720 1416 4793 Τῷ
1475 4718 1625 4791 αὐτῷ
1657 4719 1848 4798 χρόνῳ
1877 4719 1970 4774 καὶ

304 4809 444 4866 Κάιν
472 4808 727 4879 ἀπέθανε,
754 4807 1012 4870 πεσόντος
1043 4806 1126 4864 ἐπ’
1174 4807 1340 4863 αὐτὸν
1367 4812 1464 4863 τοῦ
1495 4807 1619 4880 οῐκή
1632 4828 1821 4880 ματος,
1856 4810 1973 4884 μετ’

302 4897 559 4953 ἰνιαυτὸν
584 4894 679 4953 ἕνα
705 4902 806 4967 τῆς
837 4899 935 4951 τοῦ
967 4893 1147 4972 Ἀδὰμ
1175 4896 1457 4967 τελευτῆς.

2081 4717 2642 4791 Hierosolymitana,
2667 4726 2733 4777 ut
2748 4722 3041 4794 Iosephus
3062 4729 3287 4780 narrat.
3316 4722 3538 4783 Eodem
3594 4731 3746 4785 tem-

2083 4824 2225 4882 pore
2292 4808 2511 4864 Cainus
2579 4826 2818 4882 quoque
2886 4810 3053 4881 obiit,
3121 4828 3242 4870 uno
3308 4820 3445 4887 post
3536 4815 3747 4873 Adami

2082 4903 2339 4955 mortem
2372 4916 2552 4970 anno,
2586 4907 2900 4959 corruente
2958 4918 3138 4974 supra
3194 4920 3334 4962 eum
3386 4905 3569 4963 domo
3617 4922 3743 4979 sua,

1514 5016 1879 5073 XYLANDRI
1916 5017 2004 5072 ET
2042 5016 2261 5072 GOARI
2297 5016 2526 5074 ΝΟΤΑΕ.

390 5108 507 5179 (25)
536 5108 662 5180 Hoc
682 5106 824 5180 vult,
856 5108 1115 5163 Enosum
1162 5105 1281 5180 ADei
1335 5105 1579 5161 nomine
1608 5106 1979 5180 appellatum

305 5180 521 5237 fuisse.
555 5179 670 5235 Sed
702 5179 947 5251 ineptae;
971 5184 1112 5235 sunt
1158 5178 1250 5251 has
1294 5194 1487 5251 nugae,
1524 5182 1582 5233 et
1609 5178 1740 5251 quin
1774 5181 1872 5251 (ne
1908 5178 1980 5234 de

308 5251 606 5324 Hebraica
637 5249 881 5324 veritate
915 5249 1203 5324 dicamus)
1236 5266 1349 5307 usu
1382 5249 1598 5306 Graecae
1628 5249 1848 5324 linguai
1868 5268 1979 5324 _re-

304 5323 629 5380 falluntur.
648 5322 749 5380 Est
765 5323 927 5381 enim
948 5322 1230 5389 medium,
1256 5328 1322 5379 ut
1342 5327 1577 5385 vocant,
1599 5321 1841 5379 verbum
1864 5321 1981 5376 ἑπι-

303 5391 614 5466 καλὲομαι,
648 5398 863 5462 invoco,
898 5393 1061 5466 quod
1093 5411 1270 5450 nemo
1303 5394 1496 5463 nescit
1524 5394 1639 5449 nisi
1673 5395 1775 5465 qui
1796 5395 1984 5451 biblia

309 5468 667 5541 Griecanon
701 5467 866 5541 legit.
899 5466 1131 5541 Enosus
1164 5483 1325 5541 ergo,
1351 5466 1678 5541 qui_a_vitae
1704 5467 1983 5541 humanas

309 5539 573 5596 miseriis
604 5538 717 5611 hoc
748 5534 976 5599 nomen
1003 5537 1184 5611 habet
1215 5534 1397 5611 (quod
1442 5534 1733 5611 Hebraice
1765 5538 1985 5611 eruditi

306 5619 550 5676 norunt.
582 5620 639 5669 et
673 5608 790 5669 hoc
841 5610 975 5667 loco
1028 5608 1442 5667 demonstrare
1499 5608 1984 5682 intempestivum

311 5687 417 5755 est)
448 5686 607 5742 inter
636 5701 740 5741 eas
772 5683 1008 5757 primus
1041 5682 1103 5738 in
1161 5683 1279 5739 Deo
1310 5696 1477 5755 spem
1510 5698 1679 5740 suam
1717 5685 1985 5757 reposuit

584 5806 863 5867 Panos.
908 5804 1026 5862 Gn.
1071 5800 1280 5863 CXXI.

2094 5121 2351 5181 eumque
2411 5107 2643 5164 ﬁduciae
2700 5108 2914 5181 plenus
2968 5113 3279 5170 invocavit.
3339 5115 3521 5168 Porro
3579 5110 3745 5167 locus

2091 5177 3055 5257 fidetuncorruptus{manifesto
3084 5186 3325 5257 quidem
3358 5183 3599 5257 ffalsum
3658 5188 3748 5239 est

2092 5249 2550 5327 Mahalaleeleni
2575 5251 2967 5327 fu_isse_Enosi
3000 5249 3215 5326 ﬁlium,
3273 5256 3446 5327 cujus
3502 5254 3617 5311 fuit
3672 5270 3745 5311 ex

2093 5321 2333 5378 Cenano
2360 5339 2565 5405 nepos.
2612 5325 2779 5405 Quod
2838 5328 3110 5405 sequitur
3164 5321 3238 5405 de
3289 5321 3507 5393 UEielo,
3556 5327 3751 5405 ambi:

2092 5409 2272 5471 gnum
2291 5396 2569 5471 est‘isne
2615 5396 3234 5471 Adamum’docuerit
3278 5416 3356 5456 an
3410 5414 3617 5471 preces
3672 5399 3749 5455 ad

2098 5463 2280 5544 Deum
2312 5463 2576 5544 deferat;
2610 5484 2791 5544 quam
2834 5485 2946 5544 ego
3002 5463 3454 5544 ambiguitatem
3511 5469 3748 5544 reliqui.

2096 5537 2265 5593 Prius
2296 5536 2534 5616 probo,_
2566 5536 2707 5616 quia
2750 5536 2982 5616 Urielus
3034 5536 3199 5616 idem
3250 5548 3388 5616 post
3437 5536 3747 5601 Enochum

2094 5625 2332 5681 quoque
2364 5609 2638 5682 quasdam
2671 5610 2945 5669 docuisse
2975 5609 3423 5674 tradituervL.
