4118 6436
359 449 437 509 45
1504 445 1866 507 HISTORIA
1884 445 2058 506 RUM
2106 443 2633 506 COMPBNDIUM
2647 493 2660 505 .
3714 446 3792 508 46

355 581 566 637 τοότων
649 577 947 656 ληρῄμασι
1018 580 1382 657 προσέχοντες
1441 575 1685 655 εὐχερῶς
1741 575 2013 653 βλᾶπτον-

2138 582 2266 650 pter
2323 596 2455 651 quas
2539 579 2940 652 simpliciores
3017 581 3198 636 etiam
3255 580 3505 654 reliquis
3586 597 3791 638 eorum

351 692 474 728 ται.

435 763 557 815 Ὀτι
587 764 670 830 τῷ
702 761 872 828 αυπη³
902 757 1011 814 ἔτει
1041 763 1138 814 to?)
1169 760 1382 831 κόσμου
1416 758 1600 832 Ἑνὼχ
1656 757 1914 830 μετετέθη
1975 755 2028 811 ἐν

2136 671 2310 741 nugis
2341 671 2614 726 animum
2647 671 3027 726 attendentes
3057 670 3235 726 facilo
3268 670 3664 742 decipiuntur.

2206 761 2378 815 Anno
2411 759 2622 816 mundi
2684 763 2820 816 1488
2847 761 3121 816 Enochus
3179 762 3241 815 in
3303 761 3645 832 paradisum
3702 766 3793 817 est

350 855 432 922 τῷ
479 847 816 924 παραδείσῳ,
890 852 1220 924 τριακοσίων
1283 851 1547 921 ἑξήκοντα
1602 848 1762 904 πέντε
1814 849 2013 922 χρόνωι

2138 849 2672 917 translatus,annos
2702 857 2878 906 natus
2908 851 3010 905 365
3040 867 3052 903 :
3088 857 3213 906 erat
3265 851 3425 906 enim
3459 852 3577 905 Deo
3619 867 3788 905 acce-

352 941 673 1012 γενόμενος.
701 939 1056 1014 Εὐηρέστησε
1085 943 1165 1012 τῷ
1197 943 1340 1012 Θεῷ·
1391 964 1414 994 ιι
1449 940 1542 994 Καὶ
1580 938 1688 1016 οὐχ
1735 938 2013 1012 ηὑρίσκετε

2138 942 2267 1008 ptus
2290 955 2308 992 :
2338 941 2384 1008 (ι
2417 941 2486 993 Et
2508 956 2628 995 non
2650 939 3232 1012 inveniebatur,quia
3262 939 3416 996 Deus
3441 956 3576 995 eum
3600 945 3790 995 trans-

355 1027 500 1083 διότι
535 1027 824 1102 μετέθηκεν
878 1028 1039 1083 αὐτὸν
1069 1030 1097 1083 6
1129 1030 1281 1090 Θεός,
1311 1050 1338 1082 ε

426 1121 544 1173 Ὀτι
611 1117 748 1173 κατᾶ
800 1116 933 1180 τοὺς
992 1115 1325 1193 λεγομένους
1390 1117 1728 1193 γεωμέτρας,
1787 1115 1898 1171 ἐστὶ
1959 1119 2022 1171 τὸ

2133 1027 2286 1082 tulit.
2325 1050 2352 1078 υ

2201 1117 2529 1174 Geometras
2557 1118 2806 1174 tradunt
2835 1118 3145 1175 dimidiam
3179 1125 3410 1192 partem
3441 1125 3613 1175 terras
3652 1136 3786 1192 qum

349 1206 531 1280 ἥμισυ
560 1214 660 1277 τῆς
692 1207 1127 1280 κατοικουμένης
1157 1211 1258 1276 τῆς
1310 1206 1390 1271 είς
1420 1205 1483 1262 τὸ
1518 1214 1696 1280 μῆκος
1734 1205 1895 1280 μίλια
1926 1227 2013 1285 χι-

2138 1205 2525 1277 inhabitatur,
2561 1207 2843 1265 milliaria
2874 1209 2935 1264 in
2964 1208 3207 1282 longum
3239 1208 3561 1266 duodocies
3593 1209 3787 1264 millia

349 1294 541 1358 λιάδες
599 1293 852 1370 δώδεκα,
911 1295 989 1360 εἰς
1047 1295 1106 1352 δὶ
1158 1296 1222 1352 τὸ
1289 1294 1500 1358 πλάτος
1561 1294 1722 1369 μίλια
1769 1293 2013 1371 χιλιάδες

2138 1301 2353 1367 patere,
2387 1296 2449 1352 in
2491 1297 2681 1354 latum
2719 1298 3004 1354 milliaria
3051 1297 3249 1355 decies
3281 1316 3349 1355 ac
3402 1299 3594 1355 sexies
3645 1297 3786 1354 mil-

346 1383 480 1440 δέκα
500 1383 578 1456 ἳξ.

420 1477 547 1534 Ὀτι
580 1477 645 1530 τὰ
692 1477 795 1551 ὅρη
857 1477 1095 1552 ’Δραρὰτ
1151 1474 1303 1550 ἴσμεν
1360 1475 1412 1532 ἐν
1474 1475 1684 1551 Παρθίὰ
1739 1482 1842 1546 τῆς
1899 1477 2020 1549 Ἀρ·

345 1563 539 1638 μενίας
569 1569 685 1638 (28)
717 1567 879 1620 εἶναι·
930 1566 1075 1628 τινες
1109 1563 1166 1621 δέ
1224 1587 1408 1639 φασιν,
1464 1564 1515 1620 έν
1567 1563 1856 1628 Κελαιναῖς
1914 1570 2015 1635 τῆς

346 1655 624 1732 Φρυγίας.

426 1747 512 1817 [Ρ.
552 1747 788 1817 11]*Οτι
832 1743 924 1799 ἐπὶ
983 1745 1169 1800 ἑκατὸν
1229 1744 1454 1820 χρόνοις
1516 1743 1832 1814 ἐσκευάζετο
1861 1747 1896 1814 ἡ
1929 1765 2016 1798 κι-

345 1826 552 1902 ϐωτὸς,
583 1832 882 1907 έτλῃρώθη
918 1830 974 1888 δὲ
1003 1837 1083 1904 τῷ
1115 1834 1234 1910 φςθ’
1278 1828 1382 1888 ἔτει
1435 1836 1533 1902 τῆς
1569 1838 1715 1903 ζωῆς
1743 1837 1839 1887 τοῦ
1865 1835 2014 1901 Νῶε,

2127 1384 2231 1442 lia.

2199 1476 2425 1533 Montes
2456 1478 2666 1533 Ararat
2696 1477 2917 1533 scimus
2951 1477 3011 1535 in
3045 1478 3287 1534 Parthia
3307 1478 3606 1536 Armenias
3629 1494 3780 1534 esse.

2122 1562 2373 1630 Quidam
2407 1565 2579 1621 aiunt
2608 1566 2767 1638 apud
2796 1565 3061 1622 Celaenas
3095 1566 3362 1639 Phrygiae
3395 1566 3705 1640 oppidum.

2191 1750 2342 1804 Arca
2369 1750 2504 1804 Noae
2535 1753 2775 1816 centum
2806 1749 2981 1805 annis
3015 1754 3357 1807 constructa
3389 1749 3780 1820 est,absoluta

2120 1853 2277 1893 anno
2310 1838 2441 1893 vitae
2475 1839 2608 1893 Noae
2642 1855 2759 1895 uno
2783 1838 2855 1894 de
2887 1839 3343 1909 sexcentesimo,
3369 1855 3576 1895 mense
3603 1839 3772 1903 Maio,

344 1922 483 1992 μηνί
516 1943 621 1976 τινι
655 1921 813 1994 Μαΐῳ
852 1930 952 1986 κς’.
1014 1921 1195 1998 ἡμέρᾳ
1251 1925 1443 1997 πρώτῃ
1504 1928 1636 1996 (29)·
1673 1923 1701 1977 6
1731 1921 1920 1996 πῆχυς
1953 1919 2009 1977 δὲ

2138 1926 2399 1982 νὶοεεὶητιει
2430 1932 2594 1982 sexta
2625 1927 2742 1995 die,
2773 1928 2967 1999 prima
2997 1929 3347 1999 septimanaa
3377 1927 3494 1983 die.
3530 1927 3776 1983 Cubitus

337 2018 446 2079 τῆς
485 2007 727 2066 κιϐωτοῦ
759 2011 952 2088 όργυιὰ
1008 2013 1240 2089 μεγίστη
1292 2011 1403 2068 ἐστὶ
1461 2013 1580 2068 κατ’
1651 2013 2003 2088 Αἰγυπτίους·

346 2104 403 2175 μ’
459 2101 518 2157 δὶ
570 2102 777 2177 ἡμέρας
858 2105 1174 2177 κατήρχετο
1227 2104 1254 2158 6
1320 2104 1474 2168 ὑετὸς
1527 2105 1618 2159 καὶ
1676 2105 1728 2176 μ’
1785 2103 2002 2166 νύκτᾶς.

343 2193 666 2267 Ἀπριλλίῳ
689 2193 745 2250 δὲ
758 2193 914 2274 φηνῖ,
936 2194 1114 2270 ἡμέρα
1138 2197 1328 2270 πρώτῃ
1349 2202 1448 2264 τῆς
1473 2191 2005 2269 ἓϐδομάδος,έξῆλθε

345 2285 474 2341 Νῶε
533 2282 591 2337 ἐκ
644 2291 745 2352 τῆς
803 2279 1047 2339 κιϐωτοῦ
1081 2327 1094 2340 .
1152 2285 1306 2346 Τινὲς
1363 2282 1440 2355 δὲ,
1491 2285 1610 2348 καθ’
1670 2287 1735 2356 ἢν
1794 2287 2004 2360 ἡμέραν

344 2372 604 2442 ἐκλείσθη
637 2378 852 2449 πρῶτον
885 2371 1208 2443 ὴκιϐωτὸς,
1263 2376 1380 2429 κατ’
1435 2374 1602 2443 αὐτὴν
1655 2379 1734 2446 τῷ
1795 2371 2002 2431 ἐπιόντι

343 2468 526 2536 καιρῷ
557 2463 834 2538 ἀνοιγῆναί
883 2484 1063 2540 φασιν,
1096 2463 1147 2518 ἐν
1180 2468 1258 2536 τῷ
1306 2461 1670 2541 διο-χιλιοστῷ
1723 2462 2001 2521 διακοσιο-

346 2557 463 2624 στῷ
492 2556 911 2626 τεσσαρακοστῷ
938 2552 1107 2628 τρίτῳ
1144 2548 1250 2608 ἔτει
1279 2561 1382 2623 τῆς
1438 2559 1537 2609 τοῦ
1585 2555 1797 2628 κόσμου
1853 2555 1999 2631 γενέ·

343 2662 502 2702 σεως.
541 2640 636 2696 Καὶ
659 2643 845 2706 θυσίας
875 2641 1165 2717 προσάγων
1194 2647 1272 2713 τῶ
1317 2647 1463 2716 Θεῷε
1521 2643 1743 2699 ἴκετεύει
1807 2644 2001 2718 μηκέτι

340 2737 524 2788 ποιεῖν
556 2731 920 2805 κατακοσμόν.
984 2731 1420 2807 Ἀποδεξάμενος
1475 2734 1567 2790 οὗν
1628 2735 1656 2790 6
1715 2736 1844 2796 Θεὸς
1901 2737 2003 2806 τὴν

338 2825 441 2875 τοῦ
490 2819 680 2895 ἀνδρὸς
716 2820 916 2893 ἀρετὴν
977 2821 1244 2897 ὑπέσχετο
1293 2828 1480 2895 τοῦτο,
1506 2830 1739 2899 σημεῖον
1797 2827 2001 2888 έπιθεὶς

347 2911 416 2965 τὸ
443 2910 600 2980 τόξον
622 2917 722 2979 τῆς
753 2907 949 2984 ἴριδος·

417 3000 541 3056 Ὀτι
573 2999 600 3052 6
633 3002 751 3052 Νῶε
776 2997 1078 3073 Ξίσουθρος
1108 3002 1251 3077 παρᾶ
1281 3000 1576 3065 Χαλδαίοις
1609 3002 1846 3078 ἐλέγετο.

417 3090 541 3145 Ὀτι
581 3088 689 3159 πρὸ
720 3091 815 3142 τοῦ
864 3087 1254 3164 κατακλυσμοῦ
1285 3089 1410 3148 οὔτε
1438 3086 1589 3154 ἔθνος
1621 3093 1685 3161 ἦν
1747 3091 1871 3147 οὔτε
1913 3094 2005 3166 βα-

348 3176 551 3232 σιλεία·
587 3176 720 3231 ἐτῶν
778 3173 835 3230 δὲ
881 3177 1138 3253 περίοδος
1197 3180 1288 3250 ἦν.
1350 3177 1666 3256 Περιέχεται
1728 3179 1786 3236 δὶ
1841 3179 1892 3236 έν
1925 3185 2004 3250 τῷ

351 3261 564 3342 βιϐλίῳ
591 3269 698 3320 τῶν
745 3265 1106 3347 Ἀποκρύφων
1141 3267 1318 3346 Ἑνὼχ
1351 3269 1434 3324 ὅτι
1467 3268 1679 3346 Οὐριὴλ
1715 3271 1742 3325 ὁ
1773 3266 2006 3345 ἅγγελος

346 3356 594 3429 ἐμήνυσε
658 3358 740 3425 τῷ
789 3355 971 3432 Ἑνὼχ
1006 3401 1019 3424 ,
1090 3359 1143 3412 τί
1199 3359 1310 3416 ἐστι
1373 3360 1468 3432 μὶν
1522 3361 1612 3415 καὶ
1666 3361 1844 3436 τροπὴ
1913 3360 2004 3415 καὶ

347 3445 623 3511 ἐνιαυτὸς,
654 3443 743 3497 καὶ
771 3443 863 3498 τὸν
893 3442 1130 3502 ἐνιαυτὸν
1162 3445 1310 3524 ἔχειν
1343 3449 1424 3523 νβ’
1454 3443 1786 3522 ἑϐδομάδας.

423 3633 609 3700 Ὀτιὴ
645 3633 924 3708 Αἴγυπτος
969 3633 1074 3687 ὑπὸ
1113 3635 1211 3686 τοῦ
1261 3633 1534 3705 Μεστρὶμ,
1591 3635 1690 3686 τοῦ
1749 3627 2006 3705 δευτέρου

346 3723 476 3775 υἱοῦ
518 3722 645 3795 Χὰμ
692 3725 827 3778 κατὰ
858 3725 956 3792 τήν
987 3729 1224 3798 Γραφην,
1279 3724 1427 3786 θείου
1487 3721 1544 3776 δὲ
1599 3725 1696 3776 τοῦ
1753 3716 2007 3795 Νεόρὼδ,

344 3812 473 3864 υἱοῦ
533 3815 696 3880 Χοῦς,
747 3813 866 3866 υίοῦ
925 3812 1052 3883 Χᾶμ
1105 3815 1202 3866 τοῦ
1267 3812 1510 3888 πρώτου,
1561 3811 1865 3874 οἰκισθεῖσα
1916 3810 2006 3865 καὶ

350 3899 743 3974 βασιλευθεῑσα
778 3899 880 3964 ἓως
935 3898 1094 3956 τοῦδε
1146 3901 1273 3976 παρ’
1331 3896 1608 3974 Ἑϐραίοις
1665 3901 1754 3954 καὶ
1810 3900 2011 3974 Σύροις

345 3990 440 4044 καὶ
473 3992 678 4064 Ἄραψι
706 3990 968 4067 Νεστραία
1000 3988 1264 4046 καλεῖται.

425 4081 552 4136 Ὀτι
583 4084 662 4152 τῷ
691 4079 1059 4159 δισχιλιοστῷ
1098 4076 1426 4151 διακοσιστῴ
1483 4083 1835 4151 πεντηκοστῷ
1863 4081 2010 4154 πρώ-

348 4189 433 4241 τῳ
496 4166 604 4224 ἔτει
655 4169 779 4225 Νῶε
834 4168 1120 4247 ἐφύτευσεν
1174 4168 1473 4238 ἀμπελῶνα
1521 4166 1575 4222 ἐν
1628 4163 1743 4243 ὄρει
1795 4163 2007 4223 Λουϐἆν

347 4264 454 4326 τῆς
489 4258 796 4332 Ἀρμενίας,
827 4259 992 4323 θύσας
1025 4278 1082 4314 τε
1111 4261 1188 4330 τῷ
1218 4261 1336 4330 Θεῷ
1367 4258 1456 4312 καὶ
1487 4257 1627 4312 πιὼν
1684 4257 1831 4312 οἶνον
1880 4255 2010 4332 ἐγυ-

359 4346 584 4420 μνώθη.

425 4437 553 4492 ’Ότι
615 4437 1045 4510 ἡγεμονεύοντος
1102 4432 1332 4510 Νεϐρὼδ
1381 4435 1603 4508 ἐκτίσθη
1663 4439 1698 4506 ἠ
1750 4430 2042 4492 Βαϐυλὼν

2036 3322 2085 3387 C

2119 2023 2319 2071 autem
2351 2033 2467 2086 quo
2502 2033 2634 2072 eam
2666 2033 2910 2072 mensus
2941 2023 3050 2085 est,
3077 2018 3336 2073 maxima
3369 2024 3458 2072 est
3491 2018 3772 2090 .Egyptiis

2117 2106 2279 2161 ulna.
2309 2107 2403 2163 2|
2443 2106 2843 2180 Quadraginta
2874 2106 3000 2162 dies
3034 2106 3393 2178 totidemque
3416 2111 3620 2162 noctes
3637 2105 3768 2178 plu-

2116 2198 2210 2253 via
2239 2197 2480 2254 decidit.
2515 2199 2714 2254 Prima
2746 2199 2840 2253 die
2892 2199 3240 2269 septimana:
3275 2199 3500 2253 mensis
3547 2196 3768 2270 Aprilis

2114 2289 2237 2342 Noa
2267 2304 2539 2360 egressus
2569 2293 2661 2343 est
2691 2305 2761 2344 ex
2792 2304 2947 2344 arca.
2982 2287 3233 2354 Quidam
3267 2287 3475 2345 eadem
3507 2287 3602 2342 die
3646 2302 3764 2358 qua

2113 2383 2251 2434 ante
2278 2395 2501 2434 annum
2531 2379 2734 2435 clausa
2763 2377 2975 2446 fuerat,
3014 2384 3282 2449 apertam
3340 2395 3540 2434 arcam
3599 2393 3760 2432 asse-

2111 2475 2437 2537 runt,anno
2469 2469 2542 2525 ab
2574 2469 2802 2542 origine
2841 2467 3051 2525 mundi
3083 2469 3392 2524 2243.Tum
3426 2469 3546 2524 Noa
3577 2468 3763 2523 Deum

2112 2577 2176 2614 re
2209 2577 2376 2616 sacra
2404 2561 2561 2616 facta
2590 2560 2944 2632 deprecatus
2978 2564 3070 2614 est
3091 2576 3164 2614 ne
3195 2560 3443 2630 posthac
3474 2557 3762 2613 diluvium

2114 2654 2285 2703 terrae
2309 2648 2948 2706 immitteret.Probans
2971 2653 3171 2704 autem
3195 2648 3349 2702 Deus
3363 2647 3625 2702 hominis
3639 2647 3769 2718 ejus

2113 2739 2503 2807 virtutem,ita
2532 2738 2657 2792 fore
2687 2735 2987 2808 pollicitus
3018 2741 3378 2804 est,tesseras
3407 2735 3538 2790 loco
3565 2751 3770 2790 arcum

2115 2827 2219 2899 qui
2249 2827 2356 2883 Iris
2385 2827 2605 2882 dicitur
2635 2826 3028 2882 constituens.

2189 3003 2311 3056 Noa
2341 2999 2634 3056 Chaldaeis
2667 2999 2949 3054 Xisuther
2977 2999 3175 3054 dictus
3208 2999 3340 3056 fuit.

2186 3094 2335 3146 Ante
2367 3089 2651 3145 diluvium
2685 3105 2878 3160 neque
2923 3105 3068 3162 gens
3107 3087 3232 3144 ulla
3275 3087 3388 3143 fuit
3441 3105 3634 3158 neque
3685 3105 3772 3143 re-

2115 3195 2620 3253 gnum,annorum
2656 3183 2856 3234 autem
2882 3178 3154 3234 circuitio
3188 3183 3333 3233 erat.
3371 3177 3436 3233 In
3472 3177 3626 3233 libro
3661 3179 3770 3234 Oc-

2117 3270 2413 3326 cultorum
2443 3269 2667 3325 Enochi
2696 3268 3036 3324 continetur
3057 3267 3639 3339 scriptum,Urielum
3663 3283 3765 3322 an-

2115 3359 2314 3433 gelum
2368 3357 2612 3414 Enocho
2670 3357 2968 3413 indicasse
3017 3357 3160 3427 quid
3212 3357 3434 3412 mensis
3485 3357 3581 3422 sit,
3623 3356 3768 3428 quid

2118 3447 2613 3519 solstitium,quid
2653 3463 2846 3504 annus
2874 3463 2886 3512 ;
2920 3464 2985 3503 ac
3019 3463 3242 3503 annum
3277 3446 3517 3520 quidem
3541 3449 3609 3501 52
3627 3463 3766 3504 con-

2118 3545 2275 3596 stare
2308 3538 2678 3610 septimanis.

2189 3630 2469 3701 A‘Sgyptus
2491 3644 2524 3682 a
2546 3627 3126 3694 Mezromo,secundo
3145 3628 3351 3684 Chami
3367 3627 3488 3682 filio
3510 3629 3773 3698 (auctore

2119 3719 2687 3790 Scriptura),patruo
2705 3723 2905 3772 autem
2918 3717 3198 3771 Nemrodi
3233 3722 3394 3782 (nam
3417 3718 3468 3772 is
3492 3717 3774 3784 Chusum,

2119 3809 2220 3879 qui
2255 3808 2484 3879 primus
2517 3806 2722 3862 Chami
2757 3806 2915 3860 titius
2944 3805 3314 3878 fuit,patrem
3343 3804 3576 3876 habuit)
3614 3803 3777 3862 culta

2120 3915 2188 3954 ac
2212 3903 2457 3970 regnata
2480 3896 2552 3952 ad
2577 3898 2701 3952 haec
2725 3912 2914 3967 usque
2935 3902 3206 3968 tempora
3229 3895 3303 3951 ad
3324 3894 3776 3966 Hebraeis,Syris

2121 3993 2180 4043 et
2208 3986 2502 4043 Arabibus
2534 3989 2775 4042 Mezraea
2805 3987 3170 4042 nominatur.

2193 4081 2318 4132 Noa
2347 4075 2438 4130 bis
2465 4075 2790 4131 millesimo
2822 4075 3233 4131 ducentesimo
3279 4074 3774 4146 quinquagesimo

2122 4166 2316 4237 primo
2347 4181 2505 4221 anno
2537 4165 2769 4220 vineam
2792 4163 3081 4235 plantavit
3111 4164 3171 4218 in
3207 4163 3446 4219 Lubano
3477 4162 3775 4219 Armenias

2121 4260 2324 4311 monte
2349 4271 2362 4321 ;
2396 4270 2652 4324 cumque
2672 4255 2789 4309 Deo
2815 4269 2940 4308 rem
2964 4269 3196 4308 sacram
3216 4252 3455 4308 fecisset
3481 4269 3548 4307 ac
3570 4252 3775 4306 vinum

2124 4346 2393 4411 bibisset,
2428 4345 2624 4400 nudus
2646 4344 2858 4418 jacuit.

2196 4433 2492 4490 Nemrodo
2518 4433 2850 4505 imperante
2869 4431 3134 4505 Babylon
3157 4432 3448 4490 aedificata
3473 4436 3565 4488 est
3581 4435 3639 4487 et
3658 4435 3779 4486 tur-

1562 4535 1926 4593 XYLANDRI
1964 4536 2051 4590 ET
2091 4533 2304 4590 GOARI
2347 4533 2566 4588 ΝΟΤᾸΞ.

431 4652 785 4726 (28)ηΛιὶἰιιιΔ
827 4653 1185 4726 apocryphis
1263 4659 1502 4709 auctore
1560 4653 1782 4726 relatis
1843 4652 2013 4726 venia

2138 4642 2385 4726 Ξᾶτήριον
2561 4646 2654 4701 τὸν
2712 4646 2879 4701 τόπον
2941 4644 3222 4726 καλεῖσθαι
3280 4651 3399 4726 τοῖς
3464 4645 3779 4726 ’Δρμενίο-ις

353 4725 518 4790 data,
549 4725 722 4780 liceat
773 4724 883 4780 hoc
914 4743 984 4780 ex
1014 4724 1410 4781 Krmenorum
1454 4724 1692 4797 scriptis
1750 4725 2015 4780 historiis

354 4803 420 4852 et
447 4798 715 4870 paternis
749 4797 1164 4870 traditionibus
1196 4797 1542 4870 adjungere.
1598 4797 1790 4870 Jacobi
1824 4797 2015 4870 Meus-

399 4885 557 4922 onoe
589 4869 943 4940 catholicum
966 4868 1072 4939 (ita
1100 4868 1756 4940 vocantpatriarcham)
1781 4868 2019 4940 impulit

379 4939 548 4995 ibido
578 4939 652 5012 ad
693 4953 1037 5012 supremum
1094 4939 1389 4996 montium
1447 4944 1657 4997 Ararat
1715 4939 2017 5005 vertiCem,

357 5013 571 5067 lassis
612 5011 858 5078 dictum,
899 5013 1232 5085 proﬁcisci.
1295 5020 1359 5068 ut
1401 5014 1694 5069 curiosius
1752 5013 2018 5085 inspecto

356 5085 496 5157 loco
516 5091 587 5157 et
616 5085 850 5157 generis
899 5084 1142 5157 humani
1205 5087 1320 5140 Deo
1378 5091 1720 5157 reparatore
1749 5084 2018 5157 adorato,

357 5171 436 5211 ex
467 5156 674 5210 diluvii
707 5156 976 5227 reliquiis
1009 5158 1227 5225 (arcam
1273 5156 1456 5212 enim
1490 5159 1709 5212 Noeam
1742 5156 1899 5211 inter
1929 5156 2023 5210 ni-

355 5229 522 5282 vium
574 5234 880 5300 aggeratos
939 5229 1211 5284 cumulos
1269 5228 1348 5283 ibi
1402 5245 1715 5300 superesse
1773 5228 2024 5283 credunt

357 5299 606 5368 accolas)
637 5299 1033 5372 fragmentum
1069 5300 1236 5372 ligni,
1271 5301 1320 5354 si
1341 5371 1345 5372 ί
1370 5299 1632 5363 daretur,
1666 5305 2020 5371 asportaret.

357 5372 478 5428 Iter
525 5371 858 5444 aggressus,
888 5386 921 5425 a
954 5371 1158 5427 Massis
1203 5371 1440 5444 vesticis
1497 5387 1742 5429 accessu
1800 5376 2026 5428 secreta

354 5443 951 5514 virtute’repulsus,
1040 5443 1316 5514 precibus
1397 5444 1567 5512 fusis,
1626 5445 2024 5514 fragmentum

357 5515 867 5597 quodoptaverat
922 5514 1532 5597 Deindononrecep‘it,
1591 5514 1763 5597 quod
1803 5517 1864 5570 in
1919 5532 2029 5597 op-

355 5588 490 5660 pido
523 5586 741 5660 Aquiri
776 5586 865 5660 ad;
886 5587 1119 5660 montis;
1140 5587 1375 5642 radices
1401 5586 1514 5642 sito
1545 5586 1876 5659 repositum
1910 5586 2026 5641 Ar-

357 5657 510 5718 ineni
559 5657 946 5731 frequentius
1004 5657 1293 5726 invisunt,
1315 5663 1376 5714 et
1404 5675 1590 5731 penes
1614 5657 1708 5722 se.
1740 5659 2026 5731 utaiunt,

357 5679 509 5718 mem
559 5679 647 5718 Ire
699 5679 946 5716 uenuus
1005 5679 1293 5726 ιηγιδαῐιι,
1315 5679 1376 5714 Ol
1404 5679 1590 5731 penes
1621 5679 1708 5722 se.
1740 5679 1806 5713 ur.
1836 5679 2026 5722 aiunt,

353 5679 905 5805 asservandignurn
921 5745 1043 5805 quo
1065 5731 1219 5805 Deus
1233 5731 1477 5786 humani
1491 5731 1729 5805 generis
1741 5729 2030 5805 reliquias

338 5806 512 5882 jussit
544 5802 828 5886 quodam
853 5802 927 5859 ab
954 5802 1135 5858 exitio
1159 5802 1527 5874 praservari.
1564 5802 1855 5860 Zonaras:
1889 5802 2030 5857 ἀπο-

2130 4714 2293 4796 φησὶν
2354 4719 2383 4772 6
2432 4720 2742 4788 Ἰώσηππος
2780 4762 2794 4788 ,
2872 4719 2958 4772 καὶ
3033 4718 3258 4793 λείψανα
3317 4714 3621 4774 δείκνυσθαι
3678 4724 3779 4788 τῆς

2126 4791 2396 4847 λάρνακος
2430 4789 2560 4845 ἰκεῖ.
2594 4792 2771 4847 Goan.

2234 4810 2396 4852 νακος
2430 4809 2560 4845 εκει.
2594 4809 2771 4847 UOAR.

2201 4811 2396 4865 ρνακος
2430 4811 2560 4845 εκει.
2594 4811 2771 4847 UOAR.

2202 4867 2310 4935 {29)
2325 4863 2613 4919 Nimirum
2625 4869 2724 4930 τῆς
2739 4857 3233 4936 ἑϐδομάδοςῃιιοᾴ
3248 4863 3402 4936 infra
3414 4879 3778 4936 expressum,

2129 4938 2225 4992 hic
2256 4936 2747 4990 omiserat.Porro
2768 4952 2993 4990 annum
3025 4935 3323 4990 diluviiab
3354 4935 3525 4991 initio
3549 4935 3778 4996 mundi,

2130 5007 2408 5064 eumdem
2437 5007 2616 5062 habet
2637 5007 3020 5078 Nicephorus.
3039 5007 3152 5064 Sed
3173 5006 3494 5063 Hebraicus
3515 5006 3778 5063 calculus

2133 5079 2311 5136 habet
2347 5081 2686 5149 1656,quem
2701 5078 2856 5133 docti
2876 5079 3508 5149 sequuntur.Clemens
3523 5079 3746 5134 Alexan
3762 5108 3777 5118 -

2132 5152 2340 5207 drinus
2371 5167 2560 5206 annos
2590 5151 2663 5206 ab
2697 5150 2922 5206 Adamo
2953 5149 3106 5206 facto
3138 5167 3327 5221 usque
3357 5151 3430 5206 ad
3489 5149 3778 5221 diluvium

2132 5223 2276 5279 ειη
2303 5228 2361 5277 et
2390 5225 2422 5277 4
2480 5222 2607 5278 dies
2640 5229 2933 5287 numerat,
2978 5222 3016 5276 l.
3076 5220 3339 5278 iStrom.
3385 5222 3550 5288 Quod
3601 5220 3780 5288 paulo

2133 5302 2269 5368 post
2294 5296 2600 5377 sequitur;
2621 5296 2801 5377 Noam
2834 5311 2869 5350 a
2885 5294 3203 5377 Ehaldasis
3220 5295 3403 5349 fuisse
3434 5294 3782 5377 Xis-uthrum

2135 5364 2524 5440 appellatum,
2560 5366 2850 5421 Eusebius
2879 5368 3126 5435 Prcepar.
3164 5367 3367 5434 Evang.
3401 5383 3456 5420 ix
3511 5364 3782 5438 Abydeni

2134 5439 2438 5510 Assyriam
2461 5438 2772 5494 historiam
2797 5438 2959 5501 citat,
2994 5438 3055 5510 in
3080 5453 3196 5510 qua
3228 5436 3516 5492 Seisither
3546 5437 3786 5510 dicitur,

2135 5507 2432 5580 Ζείσίθρος,
2472 5510 2576 5565 fol.
2639 5511 2838 5564 Grmco
2870 5511 2973 5563 243
3030 5507 3086 5580 b,
3121 5509 3411 5563 Caeterum
3471 5526 3577 5580 pro
3610 5527 3670 5561 στ
3729 5508 3791 5562 in

2137 5579 2416 5638 MestrOm
2449 5590 2508 5637 et
2531 5584 2819 5649 Mestraaa,
2837 5580 2895 5636 id
2928 5579 3087 5651 quod
3120 5580 3433 5650 perspicue
3463 5579 3669 5636 verum
3703 5585 3796 5651 est

2138 5660 2400 5722 secutus,
2437 5658 2465 5722 ζ
2496 5654 2706 5724 posui;
2740 5653 2856 5708 nisi
2903 5650 3038 5723 quis
3076 5671 3105 5704 σ
3145 5651 3332 5722 malit,
3383 5659 3451 5709 ut
3499 5659 3591 5709 est
3637 5650 3796 5722 apud

2137 5728 2449 5783 Zonaram.
2481 5728 2614 5781 XVL.
