4118 6424
341 380 426 438 49
1478 371 2021 432 ΗΙΞΤΟΗΙΑΒΙῙΜ
2071 367 2624 433 ΟΟΜΡΕΝΒΙΟΜ.
3716 381 3796 440 50

339 510 503 571 λείας
538 510 619 583 [Ρ.
660 511 714 565 ll
747 509 803 583 ὁ]
840 503 1144 562 Χαλδαίων
1172 467 1298 574 ἤτοι
1352 499 1726 562 Βαϐυλωνίων
1786 498 1875 557 διὰ
1916 504 2015 559 Νε-

2129 504 2367 559 niorum
2384 522 2625 578 regnum
2641 506 2980 562 institutum
2994 504 3389 565 fuisse.Aiunt
3402 512 3593 569 solum
3611 512 3793 571 Hebe-

348 595 529 675 ὄρώδ.
552 597 691 652 Φασὶ
724 593 783 653 δὲ
814 597 899 651 ὅτι
935 595 1103 669 μόνος
1132 596 1161 649 6
1187 589 1352 669 Ἔϐερ
1391 595 1420 648 6
1470 597 1570 647 τοῦ
1622 590 1811 647 Φάλεκ
1840 594 2020 667 πατὴρ

353 688 421 745 οὗ
454 688 707 752 συνέθετο
733 691 804 761 τῇ
830 687 1023 762 πράξει
1049 692 1150 756 τῆς
1209 702 1575 760 πυργοποιας·
1613 678 1699 736 διὸ
1749 683 1861 751 καὶ,
1920 688 2022 751 τῆς

354 784 466 835 τῶν
530 775 719 832 ἄλλων
778 779 969 854 φωνῆς
1029 772 1404 850 συγχεθείσης,
1460 772 1495 843 ἦ
1545 775 1643 826 τοῦ
1701 765 1866 847 Ἔϐερ
1925 770 2024 826 οὐκ

354 866 638 923 ἀπώλετο.
675 865 824 936 Αὕτη
865 863 922 920 δέ
986 864 1130 920 ἐστιν
1279 863 1370 917 καὶ
1428 858 1608 936 Ἀδὰμ
1665 859 1873 917 ἐλάλει’
1935 859 2022 915 καὶ

350 960 562 1028 ταύτην
592 958 645 1011 οἱ
693 960 888 1011 τοῦτον
933 951 1304 1027 διαδεξάμενοι
1363 950 1629 1027 ἀπόγονοι
1669 971 2023 1024 πατρωνυμιι

351 1055 471 1109 κῶς
503 1046 727 1108 ἑαυτοὺς
759 1041 1053 1122 Ἐϐραίους
1096 1040 1547 1120 προσηγόρευσαν
1615 1039 1704 1096 καὶ
1761 1035 2023 1117 Ἐϐραῖδα

350 1140 457 1205 τήν
519 1138 706 1215 φωνὴν
767 1133 1053 1190 ἐκάλεσαν.
1133 1135 1451 1207 Τεκμηριον
1506 1129 1566 1186 δὲ
1620 1130 1822 1199 ταύτην
1882 1131 2020 1185 εἶναι

351 1231 456 1297 τήν
492 1228 597 1303 πρὸ
628 1234 728 1296 τῆς
763 1226 1086 1305 συγχύσεως
1118 1224 1304 1301 φωνὴν
1350 1223 1416 1277 τᾶ
1445 1226 1556 1278 τῶν
1614 1220 1867 1277 παλαιῶν
1900 1220 2019 1275 ὀνό-

355 1339 523 1391 ματα·
550 1315 633 1390 ἐφ’
654 1317 730 1369 ὧν
763 1334 868 1391 γαρ
891 1315 1009 1370 κατ’
1031 1309 1290 1385 οὐδεμίαν
1314 1311 1567 1385 γλῶσσάν
1589 1309 1699 1364 ἐστι
1730 1310 1793 1364 τὸ
1826 1331 1892 1379 ση
1904 1330 1974 1382 μα
1986 1331 2024 1365 ι-

346 1408 587 1478 νόμενον
619 1403 998 1472 ἑπιλόσασθαι,
1038 1402 1155 1457 κατ’
1185 1401 1353 1468 αὐτὴν
1382 1399 1445 1454 τὸ
1480 1398 1813 1471 ζητούμενον
1846 1399 2022 1474 ἑρμη-

347 1496 580 1550 νεύεται·
616 1494 730 1548 οἷον
765 1490 946 1565 Ἀδὰμ
969 1492 1089 1546 καθ’
1119 1489 1301 1564 ἑτέραν
1338 1489 1432 1561 μὶν
1455 1485 1715 1561 οὐδεμίαν
1741 1489 1925 1566 φωνήν
1957 1486 2020 1541 τὸ

354 1581 703 1656 δηλοῦμενον
760 1581 1085 1656 εὑρίσκεται.
1161 1580 1298 1633 κατᾶ
1367 1575 1428 1632 δὲ
1480 1576 1681 1647 ταύτην
1731 1574 2019 1651 ἄνθρωπος

356 1671 739 1747 ἑρμηνεύεται·
788 1670 880 1725 καί
948 1672 985 1739 ἠ
1044 1671 1140 1723 τοῦ
1206 1667 1333 1724 Νῶε
1388 1666 1733 1740 προσηγορία
1809 1662 2015 1720 δικαιο-

2134 593 2533 661 rum,Phaleci
2568 596 2888 668 patrem,in
2921 595 3421 654 substructionem
3454 601 3632 657 turris
3663 620 3785 659 non

2131 685 2529 741 consensisse:
2546 685 2746 757 itaque
2760 685 3337 758 etiam,reliquorum
3352 688 3570 759 linguis
3584 693 3760 748 confu
3772 723 3787 736 -

2133 773 2398 837 sis,Hebe
2408 775 2453 828 ri
2468 791 2663 830 sermo
2679 776 2906 847 integer
2918 777 3339 848 permansit.Ea
3354 783 3442 832 est
3455 777 3653 853 lingua
3667 798 3785 853 qua

2133 862 2396 918 Adamus
2416 881 2561 919 usus
2580 865 2691 919 fuit
2715 883 2727 931 ;
2763 870 2821 920 et
2848 866 2920 921 ab
2942 867 3051 921 hoc
3076 869 3297 939 posteri
3321 869 3534 925 Heberi
3556 887 3618 925 se
3644 889 3786 945 gen-

2134 952 2309 1008 tilitio
2337 955 2578 1010 nomine
2612 955 2887 1010 Hebraaos
2909 972 2976 1011 ac
3001 956 3262 1030 linguam
3295 956 3642 1015 Hebraicam
3664 978 3780 1016 no-

2131 1043 2526 1099 minaverunt.
2550 1045 2754 1099 Fuisse
2772 1044 2924 1100 hanc
2942 1046 3205 1117 linguam
3223 1051 3359 1102 ante
3375 1048 3782 1106 confusionem

2133 1136 2293 1188 certo
2328 1132 2595 1189 indicant
2626 1140 2889 1189 veterum
2920 1136 3190 1203 nomina,
3214 1152 3345 1208 quae
3377 1137 3520 1208 quid
3553 1140 3782 1213 signiﬁ-

2134 1226 2414 1277 centcum
2428 1222 2596 1278 nulla
2618 1222 2734 1278 alia
2759 1223 2961 1296 lingua
2979 1225 3259 1297 explicari
3282 1227 3486 1297 possit,
3499 1228 3784 1285 Hebraica

2133 1310 2337 1383 lingua
2389 1310 2945 1384 interpretationem
3001 1314 3278 1387 suggerit.
3347 1316 3517 1371 Verbi
3571 1317 3779 1390 gratia,

2130 1399 2393 1457 Adamus
2412 1399 2576 1457 nullo
2596 1401 2713 1457 alio
2732 1419 3007 1458 sermone
3022 1404 3784 1476 quidquam,Hebraicaau—

2132 1493 2251 1567 tem
2292 1490 2598 1546 hominem
2631 1490 2731 1547 23
2765 1497 2951 1547 notat.
2987 1493 3079 1547 Sic
3120 1495 3241 1549 Noa
3272 1495 3591 1568 justitiam,
3625 1496 3781 1553 Chus

2128 1577 2481 1650 Ethiopem,
2518 1579 2842 1634 Mezromus
2871 1581 3200 1652 Egyptum,
3230 1583 3520 1638 Phalecus
3550 1584 3783 1640 divisio-

2129 1683 2289 1733 nem,
2325 1666 2587 1739 Babylon
2620 1667 3052 1725 confusionem.

351 1763 520 1832 σῦνην
604 1760 886 1834 σημαίνει,
941 1760 1031 1814 καὶ
1090 1756 1234 1820 Χοὺς
1292 1755 1492 1831 Αἰθίοψ
1526 1800 1540 1825 ,
1597 1755 1687 1810 καὶ
1765 1754 2023 1831 Μεστρὲμ
2083 1752 2372 1831 Αἴγυπτος,
2428 1755 2518 1810 καὶ
2579 1753 2767 1811 Φαλὲκ
2823 1758 3109 1831 μερισμὸς,
3169 1750 3259 1813 καὶ
3308 1754 3575 1815 Βαϐυλὼν
3639 1760 3767 1837 σύγ.

356 1872 544 1928 χυσις.

423 1954 551 2005 ’Ότι
617 1949 755 2022 μετᾶ
812 1948 906 2004 τὸν
962 1944 1347 2020 κατακλυσμὸν
1403 1940 1507 2007 ἕως
1564 1950 1665 2013 τῆς
1717 1941 2013 2017 διασπορᾶς
2046 1947 2095 2013 Β

352 2040 516 2112 μόνοι
548 2040 600 2093 οἰ
631 2044 779 2113 τρεῖς
811 2032 1086 2113 ἡγήσαντο
1142 2039 1249 2090 τῶν
1306 2033 1533 2091 πολλῶν
1578 2028 1839 2100 εὐσεϐῶς,
1875 2036 2016 2100 Νῶε,

350 2130 482 2201 Σήμ
510 2128 601 2183 καὶ
643 2123 922 2204 Ἀρφαξαδ
954 2126 982 2180 6
1012 2125 1126 2185 υἱὸς
1156 2128 1251 2180 τοῦ
1295 2124 1447 2196 Σήμ,
1489 2117 1583 2193 ἔτη
1619 2119 1761 2200 φλδ’.
1790 2125 1900 2179 Τοῦ
1962 2119 2019 2175 δὲ

347 2218 563 2290 κόσμου
594 2213 714 2277 ἔτος
748 2219 816 2285 ἦν
862 2217 1039 2291 βψος”
1100 2218 1180 2286 τῷ
1232 2214 1335 2289 γὰρ
1576 2206 1680 2267 ἔτει
1710 2211 1799 2266 καὶ
1830 2212 1956 2267 Νῶε
1990 2210 2017 2264 ὁ

351 2305 567 2368 δίκαιος
598 2305 901 2379 ἐκοιμήθη,
945 2301 1019 2359 ὣν
1071 2300 1203 2359 ἐτῶν
1269 2301 1594 2358 ἐννακοσίων
1655 2302 2014 2371 πεντήκοντα.

348 2403 474 2453 Τῶν
508 2394 565 2451 δὲ
624 2393 747 2475 φλιῗ
799 2394 1014 2474 χρόνων
1046 2392 1330 2468 ὁάριθμός
1380 2392 1557 2455 οὗτος·
1613 2394 1733 2448 Νῶε
1762 2391 1828 2446 τὰ
1884 2390 2019 2465 μετᾶ

349 2488 445 2543 τὸν
477 2485 863 2558 κατακλυσμὸν
909 2482 1002 2554 ἔτη
1041 2490 1138 2553 τν’,
1189 2484 1316 2556 Σήμ
1346 2480 1437 2552 ἔτη
1475 2487 1570 2555 ρν’,
1601 2480 1691 2535 καὶ
1748 2476 2016 2555 Ἀρφαξὰδ

350 2574 448 2648 ἔτη
484 2576 589 2654 ly"
626 2577 768 2649 ὀμοῦ
824 2572 921 2645 ’ἐτη
970 2572 1119 2653 φλγ’,
1175 2581 1273 2643 τῆς
1336 2574 1514 2649 ἀρχὴς
1572 2576 1679 2627 τῶν
1726 2568 1914 2626 ἄλλων
1962 2568 2014 2624 ἐν

348 2671 433 2737 τῷ
501 2664 747 2737 τετάρτῳ
798 2664 988 2739 χρόνῳ
1048 2656 1501 2735 λαμϐανομένης.
1576 2662 1918 2738 Συγγραφεῖς
1962 2655 2019 2713 δὲ

394 2760 421 2772 ν
546 2756 561 2773 ο
725 2754 735 2772 1
920 2752 935 2771 ‘
1125 2748 1150 2769 κ
1196 2751 1208 2771 Ι
1388 2750 1410 2769 Υ
1508 2769 1520 2783 .
1661 2748 1672 2769 Ι
1962 2751 1973 2765 1

348 2778 461 2811 των
500 2767 814 2831 Διγυπτιων
846 2773 937 2807 και
997 2751 1289 2808 Χαλοαιων
1349 2772 1499 2806 ουτοι
1586 2752 1828 2810 Μανεθος
1859 2750 1886 2804 ὁ
1915 2770 2016 2818 την

352 2850 465 2903 τῶν
523 2843 836 2920 Αἰγυπτίων
897 2839 1268 2914 ποιησάμενος
1326 2840 1675 2914 συγγραφήν,
1737 2838 2017 2912 Βηροσσὸς

352 2937 383 2989 6
413 2935 480 2988 ti
513 2929 802 2989 Χαλδαϊκὰ
834 2930 1173 3005 συναγαγὼν,
1206 2929 1418 3003 Μῶχός
1479 2949 1537 2982 τε
1588 2926 1677 2981 καὶ
1729 2929 2018 2996 Ἑστιαῖος,

346 3025 441 3080 καί
491 3023 633 3097 πρὸς
684 3020 902 3082 τούτοις
962 3020 1251 3096 Αἰγύπτιος
1307 3017 1652 3093 Ἱερώνυμος.
1714 3018 1781 3074 Οἱ
1841 3014 1898 3071 δὲ
1953 3017 2019 3071 τὰ

352 3114 593 3170 Φοινικὰ
700 3110 1141 3187 συγγραψάμενοι
1214 3106 1468 3171 Ἡσίοδος
1537 3129 1595 3162 τε
1669 3108 1758 3161 καὶ
1861 3109 2019 3163 Ἐκα-

347 3211 532 3274 ταῖος,
589 3201 923 3265 Ἑλλάνικος
978 3201 1066 3256 καὶ
1126 3196 1491 3269 Λκουσίλαος,
1544 3197 1758 3276 Εφορὸς
1814 3219 1873 3253 τε
1928 3197 2019 3253 καί

356 3293 664 3354 Νικόλαος.

422 3386 523 3457 Τῷ
554 3384 719 3462 βφοβ¹
746 3379 858 3437 ’ἔτει
885 3385 984 3438 τοῦ
1012 3380 1248 3453 κόσμου,
1300 3379 1659 3451 ἐνακοσιοστῷ
1710 3383 2016 3454 τριακοστῷ

346 3474 463 3530 ἔτει
495 3478 594 3529 τοῦ
626 3473 931 3541 Νῶεηιατὰ
967 3476 1110 3535 θεῖον
1172 3467 1433 3541 δηλονότι
1485 3471 1741 3545 χρησμὸν
1799 3467 2014 3545 ἐμέρισε

354 3567 479 3620 Νῶε
511 3569 625 3625 τοῖς
656 3561 832 3638 τρισὶν
872 3563 1011 3623 υἱοῖς
1068 3559 1234 3615 αὖτοῦ
1293 3561 1391 3629 τὴν
1449 3566 1550 3632 γῆν
1580 3560 1744 3615 οὕτω.
1781 3560 1910 3632 Σήμ
1932 3563 2012 3631 τῷ

348 3651 699 3727 πρωτοτόκῳ
747 3650 912 3705 αὐτοῦ
972 3649 1097 3719 υἱῷ,
1148 3645 1330 3723 ἄγοντι
1392 3645 1510 3707 ἔτος
1566 3647 2011 3722 τετρακοσιοστὸν

348 3742 676 3815 τριακοστὸν
720 3744 958 3813 πρῶτον,
1018 3735 1215 3793 ἔδωκεν
1268 3737 1376 3791 ἀπὸ
1440 3733 1699 3812 Περσίδος
1752 3734 1840 3791 καὶ
1872 3736 2014 3791 Βάκ·

346 3852 496 3905 τρων
526 3829 628 3891 ἕως
681 3827 913 3898 Ἰνδικῆς
979 3834 1177 3900 μῆκος,
1230 3826 1436 3888 πλάτος
1500 3822 1557 3879 δὲ
1616 3824 1720 3880 ἀπὸ
1776 3821 2011 3896 Ἰνδικῆς

345 3918 456 3982 ἕως
490 3918 956 3993 Ῥινοκουροόρων
991 3923 1112 3985 τῆς.
1162 3915 1466 3991 Αἰγύπτου,
1496 3911 1621 3983 ἤτοι
1649 3915 1717 3970 τὰ
1747 3914 1852 3969 ἀπὸ
1884 3915 2013 3970 ἀνα-

341 4011 523 4079 τολῆς
546 4007 652 4070 ἕως
694 4009 892 4082 μὲρους
925 4012 1026 4076 τῆς
1088 3999 1464 4079 μεσημϐρίας,
1504 4006 1612 4075 πήν
1672 4025 1731 4059 τε
1790 4004 2010 4080 Συρίαν,

346 4101 387 4168 ἢ
418 4100 513 4153 καὶ
544 4095 782 4154 Ἰουδαία
814 4097 1032 4170 Λέγεται
1062 4093 1176 4167 (καὶ
1228 4093 1333 4169 γὰρ
1388 4093 1481 4147 καὶ
1538 4094 1590 4148 οἱ
1648 4091 1875 4148 παλαιοί
1906 4094 2013 4149 Σό-

351 4209 484 4263 ρους
532 4186 659 4249 τοὺς
720 4184 1130 4254 Παλαιστηνοὺς
1189 4182 1503 4256 ὠνόμαζον)
1536 4229 1550 4255 ,
1620 4183 1709 4237 καὶ
1768 4180 2011 4255 Μηδίαν,

345 4278 443 4333 καὶ
484 4277 733 4350 ποταμὸν
783 4273 1097 4345 διορίζοντα
1143 4271 1309 4327 αὐτοῦ
1362 4272 1431 4327 τὰ
1461 4272 1586 4347 ὁρία
1638 4272 1728 4326 τὸν
1794 4272 2011 4350 Εὐφρά-

346 4390 480 4439 την.
514 4368 643 4441 Χὰμ
668 4363 726 4421 δὲ
752 4370 831 4439 τῷ
861 4363 1098 4439 δευτέρῳ
1137 4362 1306 4419 αὐτοῦ
1363 4362 1490 4435 υἱῷ,
1535 4361 1720 4439 ἄγοντι
1748 4359 1870 4426 ἓτος
1913 4363 2011 4436 υζ’,

347 4458 528 4518 ἔδωκε
553 4462 654 4529 τήν
685 4459 822 4533 πρὸς
874 4456 1030 4512 νότον
1083 4455 1177 4512 καὶ
1237 4449 1397 4510 λίὸαν
1457 4453 1548 4510 καί
1606 4453 1771 4531 μέρος
1797 4461 1896 4525 τῆς
1927 4452 2014 4509 δύ-

351 4572 492 4613 σεως
552 4548 659 4604 ἀπό
690 4545 1151 4623 Ῥινοκουρούρων
1206 4552 1309 4615 τῆς
1358 4544 1664 4620 Αἰγύπτου,
1722 4544 2013 4610 Αἰθιοπίαν

2196 1948 2241 2001 Α
2273 1945 2496 2001 diluvio
2528 1964 2716 2017 usque
2749 1945 2822 2001 ad
2854 1946 3287 2020 dispersionem
3314 1952 3542 2003 tantum
3567 1950 3625 2004 hi
3658 1954 3778 2005 tres

2126 2035 2496 2091 multitudini
2527 2036 2623 2107 pie
2647 2036 3032 2108 praefuerunt,
3064 2038 3205 2103 Noa,
3239 2038 3447 2093 Semus
3507 2043 3566 2091 et
3595 2039 3779 2113 hujus

2126 2124 2285 2180 ﬁlius
2300 2125 3028 2196 Arphaxadus,annis£i34,
3053 2125 3127 2181 ad
3141 2141 3214 2180 an
3228 2144 3372 2182 num
3390 2127 3597 2181 mundi
3614 2132 3777 2184 2776.

2124 2216 2387 2269 Mortuus
2408 2214 2569 2269 enim
2593 2218 2681 2268 est
2705 2217 2749 2267 N
2756 2232 2828 2269 oa
2835 2214 3036 2287 justus
3058 2232 3215 2271 anno
3239 2219 3398 2281 2592,
3445 2233 3635 2272 annos
3667 2234 3776 2273 na-

2125 2309 2217 2358 tus
2249 2306 2371 2358 950.
2408 2306 2591 2359 Porro
2627 2305 2731 2357 534
2765 2321 2913 2376 quos
2943 2304 3222 2375 diximus,
3256 2306 3397 2360 anni
3449 2308 3532 2361 sic
3564 2324 3778 2363 nume-

2123 2398 2333 2449 rantur
2361 2411 2373 2448 :
2408 2395 2528 2449 Noa
2558 2398 2692 2465 post
2721 2394 3012 2449 diluvium
3047 2412 3236 2451 annos
3268 2398 3393 2464 350,
3427 2396 3634 2452 Semus
3667 2414 3773 2453 an-

2125 2499 2235 2537 nos
2268 2484 2390 2550 150,
2427 2483 2815 2555 Arphaxadus
2846 2500 3035 2538 annos
3068 2484 3133 2539 33
3166 2502 3178 2538 :
3214 2501 3448 2539 summa
3470 2486 3610 2541 anni
3646 2489 3774 2553 533,

2124 2571 2298 2627 initio
2342 2572 2711 2643 reliquorum
2760 2573 2821 2647 in
2860 2574 2893 2626 4
2932 2588 3111 2644 supra
3158 2575 3264 2628 530
3307 2591 3464 2630 anno
3515 2581 3771 2647 sumpto.

2124 2662 2233 2727 Qui
2266 2679 2360 2717 res
2391 2662 2758 2735 Egyptiacas
2788 2667 2847 2717 et
2875 2662 3226 2717 Chaldaicas
3266 2664 3771 2736 conscripserunt,

2125 2752 2183 2806 hi
2218 2756 2403 2806 sunt:
2441 2750 2747 2805 Manethus
2792 2751 3031 2822 scripsit
3080 2753 3432 2823 Aigyptiaca,
3491 2754 3773 2810 Berossus

2125 2840 2440 2896 Chaldaica
2492 2839 2752 2913 collegit,
2792 2845 2914 2895 tum
2966 2841 3203 2897 Mochus
3252 2845 3312 2897 et
3354 2843 3661 2912 Hestiaeus,
3706 2852 3775 2901 ac

2127 2936 2341 3003 praeter
2371 2931 2478 2984 hos
2508 2931 2899 3001 Hieronymus
2933 2932 3254 3003 .Egyptius.
3286 2932 3628 2988 thnicum
3679 2951 3773 2989 res

2126 3019 2607 3093 conscripserunt
2667 3020 2977 3088 Hesiodus,
3040 3022 3367 3091 Hecataeus,
3411 3022 3773 3093 Hellanicus,

2128 3111 2461 3180 Acusilaus,
2494 3111 2764 3182 Ephorus
2797 3115 2856 3165 et
2887 3108 3178 3167 Nicolaus.

2201 3380 2369 3433 Anno
2401 3376 2473 3431 ab
2508 3376 2736 3449 origine
2763 3377 2969 3431 mundi
3001 3379 3142 3431 2572
3172 3378 3294 3431 Noa
3324 3390 3546 3433 annum
3584 3379 3776 3435 aetatis

2124 3485 2305 3543 agens
2317 3466 2691 3533 930,0raculo
2707 3467 2923 3522 nimiru
2935 3482 2987 3521 m
3003 3465 3287 3522 divinitus
3300 3470 3565 3539 accepto,
3584 3468 3772 3524 tribus

2124 3560 2246 3615 suis
2275 3559 2413 3614 filiis
2445 3563 2665 3621 terram
2696 3558 3018 3625 distribuit,
3053 3559 3166 3614 hoc
3198 3559 3373 3615 modo
3400 3577 3412 3613 :
3445 3560 3615 3616 Semo
3646 3562 3771 3633 pri-

2124 3654 2423 3723 mogenito
2455 3668 2561 3705 suo
2601 3650 2743 3719 ﬁlio,
2783 3666 3008 3705 annum
3041 3651 3231 3705 aetatis
3261 3652 3773 3724 quadringentesi-

2124 3757 2287 3797 mum
2320 3739 2685 3794 tricesimum
2716 3738 2975 3810 primum
3006 3740 3223 3812 agenti,
3257 3740 3421 3795 dedit
3478 3741 3770 3813 quidquid

2122 3834 2295 3885 terra:
2329 3830 2388 3883 in
2421 3828 2659 3901 longum
2692 3846 2725 3883 a
2754 3828 2992 3884 Perside
3026 3834 3084 3882 et
3113 3829 3332 3884 Bactris
3351 3846 3541 3902 usque
3572 3831 3647 3885 ad
3675 3832 3771 3886 In-

2124 3919 2282 3974 diam
2319 3917 2727 3990 porrigitur,in
2752 3917 2936 3972 latum
2959 3917 3033 3973 ab
3050 3917 3219 3973 India
3240 3935 3429 3990 usque
3454 3919 3528 3974 ad
3554 3920 3771 3977 Rhino-

2122 4025 2337 4064 corura
2366 4008 2611 4080 Aigypti,
2646 4007 2765 4061 sive
2798 4023 2929 4080 quae
2960 4006 3032 4063 ab
3064 4013 3198 4062 ortu
3230 4008 3373 4062 solis
3413 4014 3553 4064 sunt
3579 4026 3770 4081 usque

2124 4098 2197 4153 ad
2230 4097 2463 4170 plagam
2494 4095 2971 4164 meridionalem,
2999 4097 3229 4170 Syriam
3261 4114 3498 4170 nempe,
3551 4116 3682 4170 quas
3715 4106 3773 4156 et

2123 4187 2324 4242 Iudaea
2353 4185 2572 4241 dicitur
2597 4186 2755 4256 (nam
2787 4185 3017 4257 antiqui
3052 4186 3224 4257 Syros
3250 4186 3537 4242 vocabant
3585 4188 3769 4243 Palas-

2124 4275 2357 4347 stinos),
2382 4280 2442 4330 et
2470 4274 2739 4342 Mediam,
2759 4279 2816 4328 et
2844 4273 3204 4345 Euphratem
3232 4274 3474 4331 ﬂuvium
3498 4275 3771 4349 designa-

2122 4367 2222 4432 vit,
2257 4365 2357 4437 qui
2388 4364 2610 4420 limites
2640 4364 2795 4419 Semi
2830 4365 2932 4421 24
2963 4363 3260 4419 definiret.
3294 4364 3515 4421 Chamo
3569 4371 3770 4425 autem

2124 4455 2387 4513 secundo
2401 4471 2507 4510 suo
2522 4454 2895 4523 ﬁlio,annum
2910 4454 3103 4527 agenti
3119 4453 3770 4529 quadringentesimum

2123 4544 2692 4619 septimum,terram
2724 4541 2955 4599 addixit
2977 4559 3111 4614 qum
3139 4544 3352 4599 Austro
3378 4549 3436 4600 et
3465 4544 3661 4601 Africo
3684 4551 3774 4601 est

1554 4674 1924 4731 XYLANDBI
1964 4676 2050 4735 ET
2089 4674 2303 4731 GOARI
2342 4673 2564 4729 NOT/E.

350 4808 593 4865 Latinas
624 4806 870 4868 litteras,
902 4803 1019 4858 huc
1053 4802 1346 4871 ﬁngamus
1377 4801 1562 4874 recipi
1593 4800 1727 4857 ideo
1753 4818 1874 4857 non
1893 4818 2011 4859 me-

345 4881 582 4937 ruisse:
618 4877 759 4950 quid
780 4880 983 4950 autem
1009 4874 1111 4929 flet
1139 4874 1359 4928 titteris
1389 4890 1441 4941 ιε,
1488 4890 1614 4950 17,3,
1638 4891 1693 4935 o.
1723 4879 1781 4929 et
1811 4874 2010 4950 aliis?

347 4952 491 5009 Mihi
526 4945 764 5021 quidem
817 4949 944 5003 haec
975 4950 1321 5021 commenta
1368 4962 1487 5021 non
1518 4945 1776 5017 placent.
1819 4946 2007 5021 Credo

346 5016 637 5080 adhibitis
670 5022 832 5093 prius
870 5019 1049 5093 rectis
1098 5016 1274 5072 lineis
1306 5018 1483 5093 etiam
1518 5016 1722 5093 curvas
1764 5034 1883 5073 non
1914 5018 2006 5073 in-

344 5088 768 5152 commode'iis
816 5091 1102 5161 adjectas.
1132 5091 1464 5160 praesertim
1517 5088 1665 5161 jam,
1702 5097 2006 5145 crescente

342 5181 738 5242 numerorum
767 5160 1143 5242 agmine._Sit
1163 5176 1302 5242 ergo
1335 5160 2005 5242 semicirculus__litter:n

339 5257 374 5296 c
402 5236 694 5295 assimilis
720 5232 860 5291 nota
918 5232 1288 5298 centenarii;
1342 5232 1501 5304 quod
1551 5250 1618 5287 eo
1652 5233 1885 5288 facilius
1917 5239 2007 5288 est

336 5311 593 5375 creditu,
630 5310 771 5378 quia
799 5305 1017 5378 reliqui
1075 5304 1473 5378 characteres,
1516 5305 1694 5359 etiam
1726 5305 2005 5361 millena-

335 5384 591 5443 riorum.
616 5375 692 5436 ab
712 5375 1354 5440 hoc.ut'ostendemus,
1376 5377 1672 5432 oriuntur.
1699 5379 1841 5433 Nam
1865 5378 2005 5433 huic

336 5454 681 5513 contrarius
707 5469 739 5507 ι)
770 5450 973 5507 addita
1010 5446 1239 5520 lineola,
1267 5447 1354 5502 sic
1384 5465 1456 5513 ιυ,
1490 5450 1846 5520 quingentas
1870 5450 2001 5503 uni-

336 5535 488 5585 tates
520 5527 726 5592 τοῖοι-η
748 5521 1063 5579 semissem
1095 5518 1381 5592 nimirum
1416 5518 1760 5587 millenarii,
1797 5522 1898 5592 qui
1918 5521 2003 5577 sic

332 5600 673 5673 antiquitus
704 5593 1171 5673 exprimebatur,
1201 5608 1306 5659 mo,
1327 5591 1570 5673 _lineola
1600 5593 1758 5673 inter
1779 5591 2003 5673 priores

337 5662 720 5731 characteres
752 5662 1087 5739 interiecta,
1109 5680 1199 5739 n_e_
1217 5662 1724 5739 coalescerentmt
1753 5662 1997 5738 opinor;

328 5764 465 5823 qua
487 5741 726 5803 lineola
753 5747 817 5798 et
836 5735 984 5809 in'L,
1009 5736 1169 5809 quod
1185 5735 1556 5808 longiuscule
1572 5735 1918 5811 pingerétur
1942 5743 2002 5793 et

2121 4801 2364 4857 litteraI
2394 4804 2725 4873 putaretur,
2755 4799 3083 4857 deformata
3115 4805 3205 4857 est
3232 4818 3267 4857 a
3295 4800 3768 4860 librariis.lidem

2118 4880 2187 4929 ut
2214 4890 2335 4928 uno
2368 4872 2579 4928 calami
2613 4874 2794 4929 ductu
2831 4873 2992 4929 mille
3033 4873 3382 4938 scriberent,
3413 4889 3767 4931 mexarave-

2119 4952 2278 5007 runt,
2314 4945 2466 5001 sicut
2497 4952 2553 4999 et
2583 4946 2715 5018 Isin
2748 4962 2779 4999 ι)
2810 4945 3068 5000 litteram
3093 4946 3765 5018 mutaruntiidem,qum

2116 5018 2432 5082 Manutius,
2468 5017 2749 5088 praeclare
2798 5020 3037 5072 notavit.
3072 5035 3107 5073 ιι
3136 5035 3241 5089 pro
3275 5017 3593 5073 millenarii
3624 5017 3765 5076 nota

2117 5090 2428 5159 usurgarie
2452 5089 2627 5143 hodie
2652 5096 2859 5143 notum
2883 5094 3056 5155 est,et
3076 5096 3542 5145 commemorata
3562 5105 3759 5147 causa.

2118 5161 2367 5231 Reliqua
2395 5167 2460 5214 ut
2488 5160 2629 5216 hinc
2660 5167 3004 5226 nascantur,
3037 5161 3097 5216 in
3128 5166 3407 5233 promptu
3438 5161 3761 5233 estvidere.

2114 5233 2354 5287 Nostras
2388 5232 2626 5286 interim
2650 5240 2820 5288 notas
2842 5233 3115 5288 utilitatis
3133 5232 3200 5287 ac
3221 5232 3560 5304 compendii
3583 5249 3763 5290 causa

2116 5304 2355 5387 plurimi
2388 5304 2562 5371 facio,
2584 5308 2955 5387 ιιι.500;.(57ἒξ3
2991 5311 3098 5387 etc.
3267 5305 3626 5387 maiusculas
3655 5305 3763 5363 has

2116 5375 2175 5431 in
2206 5375 2372 5431 libris
2401 5378 2676 5446 usurpari
2711 5394 2741 5432 e
2771 5376 3057 5447 dignitate
3084 5377 3526 5432 videtur.Porr0
3550 5393 3763 5435 novem

2114 5449 2297 5513 (verbi
2328 5449 2535 5519 gratia)
2568 5449 2758 5505 millia
2777 5465 2883 5520 ego
2917 5448 3340 5520 compendiose
3378 5455 3650 5520 putarem
3677 5451 3762 5506 sic

2113 5520 2287 5577 scribi
2324 5518 2377 5574 ix
2409 5537 2496 5574 om
2531 5526 2632 5576 aut
2664 5518 2835 5576 ιιιοιυζ
2868 5520 2979 5575 Sed
3013 5518 3083 5575 de
3119 5519 3212 5574 his
3265 5518 3535 5577 hoc—loco
3567 5522 3710 5578 satis
3744 5540 3758 5577 :

2114 5592 2366 5663 quisque
2398 5598 2681 5662 sequatur
2710 5591 2868 5662 quod
2900 5591 3067 5661 valet,
3102 5590 3427 5649 dummodo
3458 5593 3607 5648 alios
3638 5610 3759 5650 non

2110 5664 2420 5735 vituperet.
2454 5664 2588 5719 XrL.
