4118 6416
279 307 355 366 51
1652 306 1969 367 GEORGII
2017 308 2352 369 CEDBENI
3633 310 3711 370 52

284 442 575 516 exposita,
629 446 690 498 et
735 444 967 514 partem
1021 441 1379 511 Occidentis,
1413 459 1447 498 a
1503 441 1934 497 Rhinocoruris

2053 440 2136 496 xui
2184 438 2460 517 Αἴγυπτον
2516 439 2607 496 καὶ
2668 435 2903 513 Λιϐύην,
2960 441 3225 519 Ἀφρικὴν
3285 442 3372 497 καὶ
3434 442 3741 517 Μαυριτα·,

285 532 534 606 Egypti,
563 530 945 603 Ethiopiam,
976 532 1310 604 Egyptum,
1344 530 1609 603 Lybiam,
1657 530 1941 597 Africam,

288 620 921 693 Mauritaniam,usque
953 621 1027 677 ad
1060 620 1372 677 columnas
1403 620 1807 687 Herculis,seu
1839 637 1941 675 us-

289 728 403 783 que
425 710 498 767 ad
520 710 838 767 occiduum
867 727 936 767 ac
959 711 1220 767 Africum
1249 709 1816 780 oceanum,fluvium
1840 709 1941 780 qui

289 799 422 874 ejus
461 800 672 856 ditioni
704 802 996 856 terminus
1029 804 1206 867 esset,
1239 799 1430 855 Nilum
1462 799 1792 868 constituit,
1838 800 1940 871 qui

290 890 450 946 idem
475 891 635 946 Geon
668 895 725 945 et
776 890 1213 961 Chrysorrhoas
1245 889 1437 962 (quasi
1488 887 1801 961 auriﬂuus)
1833 905 1938 960 ap-

287 981 568 1053 pellatur.
599 982 802 1053 Japeto
833 981 1004 1036 tertio
1037 980 1158 1036 {ilio
1188 996 1415 1036 annum
1446 979 1641 1053 agenti
1676 978 1798 1045 425,
1851 984 1943 1033 at-

288 1069 498 1127 tribuit
529 1068 817 1142 quidquid
848 1086 883 1126 a
904 1069 1091 1125 Media
1112 1070 1186 1124 ad
1219 1069 1687 1141 septentrionem
1723 1072 1781 1122 et
1801 1067 1942 1124 solis

289 1174 566 1215 occasum
598 1161 879 1231 pertinet,
902 1175 1092 1231 usque
1111 1158 1185 1214 ad
1207 1159 1398 1215 Gades
1428 1158 1782 1229 insulasque
1814 1156 1939 1211 Bri-

289 1247 580 1316 tannicas,
612 1247 1551 1315 Armeniam,lberiam,Pontum,
1585 1246 1837 1303 Colchos
1861 1249 1943 1299 at-

289 1354 406 1412 que
461 1335 778 1393 ulteriores
817 1336 1090 1409 regiones
1138 1342 1317 1408 atque
1360 1336 1588 1391 insulas
1631 1352 1820 1407 usque
1867 1334 1943 1390 ad

287 1426 545 1493 Italiam,
565 1425 801 1494 Gallias,
828 1427 1193 1498 Hispaniam,
1216 1426 1597 1482 Celtiberiam
1628 1432 1688 1480 et
1713 1424 1941 1481 Lusita-

288 1534 418 1574 nos.
451 1517 597 1573 Cum
629 1514 703 1572 ad
742 1516 903 1572 hunc
959 1515 1203 1572 modum
1246 1515 1543 1573 divisisset
1601 1515 1941 1587 scriptoque

290 1622 460 1663 suam
488 1606 855 1662 voluntatem
887 1610 1133 1661 testatus
1169 1610 1347 1668 esset.
1378 1609 1443 1661 ut
1492 1604 1829 1677 perhibent,
1881 1603 1939 1658 id

289 1695 409 1751 illis
434 1694 729 1763 recitavit,
755 1700 934 1766 atque
955 1700 1091 1767 post
1110 1694 1487 1767 obsignatum
1528 1711 1711 1766 penes
1743 1710 1805 1748 se
1838 1693 1939 1748 de-

291 1784 470 1841 tinuit
494 1800 683 1856 usque
713 1783 787 1839 ad
810 1800 1037 1839 annum
1071 1783 1397 1883 ahAdamo
1427 1786 1726 1883 259?,quo
1758 1782 1935 1882 vitam
1966 1819 2013 1883 Β

290 1874 499 1931 finivit.
523 1874 839 1930 Moriturus
864 1873 1051 1929 tribus
1076 1873 1213 1928 filiis
1237 1874 1360 1929 suis
1382 1873 1685 1929 mandavit
1703 1889 1778 1927 ne
1801 1872 1936 1944 quis

289 1980 496 2020 eorum
526 1963 726 2020 fratris
757 1963 1062 2035 regionem
1093 1963 1401 2019 invaderet
1449 1979 1655 2018 eumve
1714 1961 1937 2033 injuria

288 2054 488 2126 aliqua
516 2052 783 2109 afﬁceret
815 2069 827 2107 :
858 2052 1122 2124 alioquin
1153 2053 1265 2107 hoc
1297 2052 1382 2107 eis
1414 2050 1848 2108 discordiarum
1880 2055 1940 2106 et

288 2143 585 2199 bellorum
616 2141 1038 2196 intestinorum
1071 2157 1311 2199 causam
1342 2141 1686 2197 allaturum.
1735 2142 1937 2197 Testa-

289 2236 561 2292 mentum
592 2230 786 2297 Semo,
819 2230 1039 2302 quippe
1070 2234 1242 2285 aatate
1263 2246 1331 2285 ac
1363 2230 1579 2301 pietate
1609 2230 1937 2302 praastanti,

294 2320 543 2378 tradidit
569 2334 581 2375 :
618 2320 667 2376 is
698 2320 751 2375 ei
781 2321 843 2376 in
874 2320 1125 2392 imperio
1158 2322 1465 2391 successit,
1484 2328 1663 2393 atque
1690 2323 1939 2378 eximias

292 2409 895 2482 prosperitates,quas
925 2408 979 2464 ei
1010 2414 1284 2481 precatus
1313 2410 1509 2466 fuerat
1537 2415 1724 2485 pater,
1750 2411 1941 2466 haere-

292 2498 477 2556 ditate
503 2504 858 2555 consecutus
884 2504 993 2567 est,
1025 2499 1185 2570 quod
1218 2499 1395 2555 etiam
1427 2499 1488 2555 in
1519 2501 1732 2556 Genesi
1791 2499 1941 2556 scri-

291 2593 461 2663 ptum
493 2593 701 2645 exstat.
732 2590 1019 2645 Humatus
1050 2593 1140 2646 est
1168 2589 1229 2644 in
1259 2595 1460 2645 monte
1492 2589 1740 2647 Lubaro.

363 2685 534 2739 Anno
564 2682 773 2737 mundi
805 2686 965 2751 2791,
999 2681 1172 2738 annis
1199 2682 1272 2739 ab
1303 2683 1466 2739 obitu
1518 2686 1654 2739 Noae
1714 2683 1937 2740 ducen-

289 2774 387 2840 tis,
416 2771 621 2828 Chami
681 2772 840 2827 illius
865 2773 1145 2829 Chanaan
1203 2773 1300 2831 25
1337 2791 1516 2830 novas
1570 2792 1666 2830 res
1698 2774 1940 2831 molitus

290 2862 448 2918 Semi
491 2862 639 2917 fines
668 2862 972 2934 ingressus
1002 2867 1091 2917 est
1119 2868 1343 2917 contra.
1376 2862 1515 2918 Noae
1550 2869 1937 2935 praeceptum,

289 2968 425 3009 cum
460 2957 688 3023 septem
714 2968 786 3007 ex
817 2968 879 3007 se
911 2952 1055 3007 ortis
1084 2952 1359 3023 gentibus
1384 2953 1942 3021 Amorrhaeis,Chet‘

290 3041 440 3106 taais,
495 3040 843 3108 Pherezmis,
902 3040 1109 3110 Evasis,
1166 3041 1512 3115 Gergesaeis,
1558 3041 1842 3099 Jebusaais
1885 3049 1944 3098 et

290 3129 643 3187 Chananaais
668 3145 680 3182 :
717 3146 865 3200 quas
894 3135 1100 3199 gentes
1122 3130 1277 3185 Deus
1296 3148 1402 3203 per
1423 3133 1643 3186 Mosem
1666 3133 1938 3188 etJesum

294 3221 463 3275 Navaa
495 3218 686 3274 filium
718 3217 956 3287 excidit,
988 3233 1056 3275 ac
1086 3235 1192 3274 suo
1218 3218 1432 3275 deinde
1463 3225 1731 3292 tempore
1772 3221 1941 3277 Judi-

299 3326 434 3366 cum
446 3325 628 3383 opera
638 3308 778 3365 ﬂliis
789 3308 994 3365 Israeli
1008 3309 1229 3366 avitam
1243 3315 1464 3367 terram
1479 3310 1945 3379 reddidit,etiam

301 3401 364 3456 in
385 3400 498 3455 hoc
520 3414 688 3455 suam
701 3398 1000 3470 justitiam
1025 3396 1353 3455 declarans.
1371 3401 1511 3455 Nam
1527 3399 1812 3456 Israelita:
1838 3418 1947 3473 per

299 3489 517 3563 gradus
547 3493 886 3560 prepagatas
917 3489 1109 3561 gentis
1135 3490 1202 3543 38
1232 3506 1267 3544 a
1296 3490 1466 3545 Semo
1501 3491 1614 3545 orti
1647 3497 1946 3559 erant,an-

294 3579 390 3634 nis
425 3577 628 3635 1087...
661 3593 850 3649 usque
909 3577 983 3632 ad
1027 3578 1368 3634 Mastusiam
1421 3579 1528 3635 Ilio
1588 3581 1940 3652 oppositam.

294 3668 587 3741 Regiones
616 3671 815 3722 autem
847 3683 1049 3723 eorum
1081 3673 1239 3736 sunt,
1274 3668 1480 3735 Media,
1507 3668 1780 3735 Albania,
1834 3674 1944 3726 Ar-

295 3756 497 3813 menia
527 3756 721 3828 major
749 3761 808 3811 et
836 3756 1055 3824 minor,
1090 3758 1456 3813 Amazonum
1486 3759 1669 3831 regio,
1694 3758 1943 3831 Paphla-

293 3846 517 3921 gonia,
550 3845 938 3918 Cappadocia,
1000 3845 1243 3915 Galatia,
1297 3845 1553 3915 Colchis,
1600 3848 1943 3920 Bosporeni,

293 3936 537 4003 Maeotis,
598 3936 817 4003 Derris,
879 3934 1189 4005 Sarmatia,
1250 3936 1550 4002 Tauriani,
1623 3939 1943 4004 Bactriani,

296 4024 554 4098 Scythia,
587 4024 854 4089 Thracia,
907 4023 1272 4093 Macedonia,
1333 4026 1573 4096 Graecia,
1617 4027 1943 4097 Thessalia,

296 4115 540 4179 Boeotia,
592 4114 812 4182 Locris,
860 4114 1092 4184 Etolia,
1142 4115 1382 4185 Achaia,
1434 4116 1942 4188 Pelopponnesus,

296 4204 654 4273 Acarnania,
707 4203 939 4275 Epirus,
994 4203 1317 4276 Illyricum,
1368 4205 1690 4277 Lychnitis,
1742 4208 1942 4277 Adria,

295 4294 454 4350 unde
482 4294 634 4350 mari
667 4293 964 4349 Adriatico
988 4310 1210 4353 nomen
1238 4295 1460 4351 factum
1486 4311 1499 4351 :
1533 4296 1946 4365 Calabria,lta-

296 4382 401 4450 lia,
433 4381 640 4448 Gallia,
694 4382 950 4447 Etruria,
1002 4383 1328 4447 Lusitania,
1372 4383 1610 4450 Celtica,
1663 4385 1943 4454 Massilia,

297 4471 662 4545 Celtogallia,
684 4470 966 4543 Hispania
994 4472 1187 4544 major
1217 4476 1276 4527 et
1305 4472 1519 4528 minor.
1556 4473 1638 4528 lbi
1672 4473 1820 4529 ﬁnes
1848 4476 1941 4529 Ja-

2029 526 2313 599 -νίαν,ἓως
2343 529 2676 605 Ἡρακλείων
2720 528 2938 601 στηλῶν
2971 527 3095 598 ἤτοι
3136 525 3238 593 ἕως
3293 536 3390 586 τοῦ
3450 529 3704 589 δυκτικοῦ

2050 622 2139 676 καὶ
2176 616 2416 676 Λιϐυκοό
2448 622 2715 691 ὠκεανοῦ,
2760 624 2843 696 [1⁸.
2884 624 2969 696 12]
3004 621 3253 695 ποταμὸν
3285 619 3344 678 δὲ
3392 621 3704 699 ὂιοριζοντα

2049 711 2143 766 τὸν
2174 712 2400 777 ΝεῖΛον,
2433 710 2492 772 ὅς
2551 711 2638 765 καὶ
2701 714 2843 766 Γεῶν
2901 709 2992 765 καὶ
3050 710 3406 788 Χρυσοῤῥόας
3466 714 3704 791 λέγεται.

2052 799 2229 874 Ἰάφεθ
2262 796 2319 853 δὲ
2348 803 2428 871 τῷ
2457 798 2625 874 τρίτῳ
2649 799 2815 854 αὐτοῦ
2870 800 2994 872 υἱῳ,
3027 796 3211 876 ὄίγοντι
3262 798 3383 863 ἓτος
3436 805 3562 869 υκε’,
3594 803 3704 860 ἀπὸ

2052 885 2275 959 Μηδίας
2302 889 2369 944 τὰ
2418 889 2553 963 πρὸς
2613 887 2808 961 ἄρκτον
2868 888 2959 943 καὶ
3001 886 3208 963 δυσμὰς
3267 889 3372 952 ἓως
3430 889 3701 966 Γαδείρων

2051 977 2140 1033 καὶ
2172 979 2545 1052 Βρεττανικῶν
2576 981 2779 1049 νήσων,
2813 981 3130 1054 Ἀρμενίαν,
3180 976 3445 1057 Ἰϐηρίαν,
3477 984 3702 1052 Πόντον,

2052 1067 2308 1144 Κόλχους
2337 1069 2427 1124 καὶ
2456 1069 2551 1132 τὰς
2583 1072 2699 1125 κατ’
2730 1069 2914 1141 Ἰόπην
2973 1072 3162 1146 χώρας
3222 1075 3332 1146 (31)
3359 1074 3447 1128 καὶ
3503 1077 3705 1145 νήσους

2047 1156 2154 1221 ’ἕως
2190 1156 2420 1220 Ἰταλίας
2449 1159 2539 1214 καὶ
2572 1159 2841 1226 Γαλλιῶν,
2884 1160 3153 1223 Ἱσπανίας
3208 1182 3264 1217 τε
3311 1162 3401 1218 καὶ
3434 1159 3705 1236 Κελτιϐη-

2054 1249 2167 1325 ρίας
2209 1250 2297 1305 καὶ
2333 1254 2669 1305 Λυσιτανῶν.
2701 1250 2861 1308 Οὕτω
2896 1250 3118 1327 μερίσας
3146 1252 3232 1307 καὶ
3270 1250 3553 1329 ἐγγράφως
3586 1252 3703 1310 δια-

2049 1338 2294 1412 θέμενος,
2326 1338 2402 1402 ὥς
2433 1361 2614 1415 φασιν,
2646 1338 2982 1417 ἐπαναγνοὺς
3018 1362 3078 1396 τε
3127 1342 3312 1404 αὐτοῖς
3364 1345 3462 1412 τήν
3507 1341 3703 1415 διαθή-

2048 1450 2151 1499 κην
2169 1428 2336 1484 αὐτοῦ
2393 1428 2773 1505 ἐσφραγίσατο,
2834 1432 2962 1505 παρ’
3024 1431 3198 1503 ἑαυτῷ
3254 1434 3546 1508 κατασχὼν
3601 1431 3706 1496 ἓως

2047 1523 2145 1574 τοῦ
2201 1519 2383 1599 ’βφιιβ
2438 1516 2592 1582 ἵτους
2641 1519 2748 1574 ἀπὸ
2807 1517 3005 1593 Ἀδὰμ,
3056 1519 3109 1574 ἐν
3161 1519 3207 1592 ᾧ
3262 1521 3354 1577 καὶ
3403 1520 3703 1595 ἐκοιμήθη.

2050 1605 2290 1665 Μέλλων
2349 1606 2407 1664 δὲ
2459 1608 2717 1681 τελευτᾷν
2773 1609 3078 1665 ἐνετείλατο
3159 1616 3277 1673 τοῖς
3327 1610 3501 1684 τρισὶν
3560 1613 3701 1675 υἱοῖς

2047 1696 2212 1752 αὐτοῦ
2246 1694 2451 1771 μηδένα
2489 1695 2735 1754 ἐπελθεῖν
2787 1702 2903 1760 τοῖς
2957 1702 3055 1753 τοῦ
3112 1696 3352 1776 ἀδελφοῦ
3384 1700 3555 1775 ὁρίοις
3605 1702 3699 1756 καὶ

2048 1786 2292 1848 ἀτάκτως
2326 1786 2604 1862 ἐνεχθῆναι
2636 1788 2771 1861 πρὸς
2818 1787 2913 1842 τὸν
2971 1780 3175 1864 ἕτερον,
3235 1789 3309 1852 ὡς
3364 1788 3560 1846 τούτου
3608 1813 3696 1865 γε-

2042 1874 2557 1946 νησονὲνου“αἶτίου
2614 1877 2825 1940 στάσως
2882 1876 3068 1940 αὐτοῖς
3126 1878 3214 1932 καὶ
3273 1877 3533 1952 πολέμων
3588 1884 3697 1935 τῶν

2042 1965 2178 2040 πρὸς
2208 1962 2516 2035 ἀλλήλους.
2550 1967 2667 2036 Τὴν
2727 1963 2784 2021 δὲ
2842 1963 3106 2037 διαθήκην
3165 1966 3330 2022 αὐτοῦ
3382 1965 3588 2023 δέδωκε
3617 1973 3696 2041 τῷ

2046 2055 2177 2127 Σῆμ
2205 2054 2279 2115 ὡς
2309 2054 2649 2127 πρωτοτόκῳ
2707 2054 2811 2127 υἱῷ
2865 2053 2954 2108 καὶ
3012 2053 3430 2133 θεοφιλεστὲρῳ,
3488 2056 3548 2120 ’ὃς
3603 2056 3695 2111 καὶ

2002 2143 2142 2213 οτὴν
2175 2141 2473 2217 ἡγεμονίαν
2530 2140 2800 2213 διεδὲξκτο
2836 2144 2952 2217 μετ’
3004 2142 3163 2199 αὐτὸν
3216 2143 3306 2199 καὶ
3356 2145 3455 2207 τὰς
3506 2143 3701 2220 ἔξαιρε·

2044 2254 2173 2296 τους
2214 2236 2320 2289 τῶν
2363 2235 2490 2308 παρ’
2547 2233 2712 2289 αὐτοῦ
2771 2232 3038 2309 εὐλογιῶν
3092 2232 3469 2310 ἐκληρώσατο,
3501 2236 3575 2297 ὡς
3608 2237 3701 2291 καὶ

2046 2322 2100 2378 ἐν
2129 2327 2197 2396 τῇ
2248 2324 2454 2378 Γενὲσει
2515 2325 2754 2401 φέρεται.
2791 2324 2896 2380 Καὶ
2953 2323 3225 2397 ἐκοιμήθη
3295 2323 3347 2379 ἐν
3397 2320 3513 2401 ὄρει
3562 2327 3704 2380 Λού-

2048 2408 2173 2487 ϐαρ.

2120 2683 2207 2739 Ἐν
2240 2679 2297 2737 δὲ
2328 2687 2409 2755 τῷ
2440 2683 2609 2761 ,βψιια
2640 2704 2746 2739 ετει
2774 2687 2877 2739 τοῦ
2934 2684 3167 2757 κόσμου,
3227 2688 3352 2756 ἢτοι
3399 2687 3534 2760 μετά
3584 2685 3706 2742 διο.-

2046 2774 2206 2828 κόσια
2263 2771 2356 2843 ἔτη
2405 2780 2507 2843 τῆς
2569 2774 2830 2842 τελευτῆς
2890 2779 3015 2831 Νῶε
3050 2819 3063 2845 ,
3121 2776 3439 2853 νεωτερίσας
3517 2779 3545 2832 ὁ
3602 2783 3701 2833 τοῦ

2048 2862 2178 2935 Χᾶμ
2235 2863 2350 2926 υἱὸς
2409 2864 2613 2918 Χαναὰν
2670 2858 2836 2935 ἐπέϐη
2882 2869 2999 2926 τοῖς
3060 2864 3235 2940 ὁρίοις
3289 2871 3386 2920 τοῦ
3446 2869 3575 2939 Σήμ
3612 2867 3700 2923 καὶ

2048 2952 2363 3023 κατῴκησεν
2396 2952 2524 3015 ἐκεῖ,
2561 2947 2808 3027 παραϐὰς
2848 2954 2947 3021 τήν
2977 2953 3206 3024 ἐντολὴν
3260 2957 3407 3023 Νῶε,
3439 2957 3532 3010 σὺν
3584 2962 3703 3017 τοῖς

2049 3039 2099 3113 ὶξ
2131 3039 2295 3095 αὐτοῦ
2317 3039 2632 3117 γενομένοις
2664 3036 2865 3097 ἔθνεσιν
2919 3043 3074 3111 ἔπτὰ,
3134 3044 3511 3121 Ἀμορραίοις,
3543 3052 3707 3119 Φερε-

2053 3129 2248 3200 ζαίοις,
2308 3129 2549 3197 Εὖαίοις,
2608 3131 2975 3208 Γεργεσαίοις,
3037 3127 3383 3203 Ἰεϐουζαίοις
3442 3134 3532 3189 καὶ
3596 3137 3701 3192 Χα-

2051 3220 2308 3283 ναναίοις·
2343 3220 2438 3284 οὓς
2494 3217 2584 3275 διὰ
2637 3222 2879 3285 Μωσέως
2936 3222 3025 3276 xui
3058 3222 3242 3293 Ἰησοῦ
3271 3226 3368 3277 τοῦ
3399 3229 3547 3291 Ναυῆ
3580 3223 3706 3294 ἐξω-

2054 3306 2342 3384 λόθρευσεν
2374 3310 2403 3364 ὁ
2435 3309 2585 3375 Θεὸς,
2645 3310 2735 3364 xui
2792 3310 2929 3383 μετά
2986 3331 3136 3375 τινας
3190 3311 3415 3386 καιροὺς
3473 3310 3562 3368 διὰ
3596 3318 3709 3369 τῶν

2055 3401 2269 3474 Κριτῶν
2325 3396 2573 3454 ἀπέδωκε
2627 3404 2746 3459 τοῖς
2805 3400 2945 3462 υἱοῖς
3004 3400 3226 3475 Ἰσραήλ
3285 3402 3386 3469 τήν
3448 3404 3704 3477 πατρῴαν

2051 3495 2175 3564 γῆν,
2209 3486 2418 3550 δίκαιος
2449 3489 2542 3543 xui
2599 3486 2651 3542 ἐν
2706 3490 2886 3560 τούτῳ
2939 3490 3118 3567 φανεὶς
3151 3492 3179 3546 ὁ
3230 3491 3382 3560 Θεὸς,
3416 3492 3490 3552 ὡς
3520 3493 3584 3545 ἐκ
3610 3496 3709 3546 τοῦ

2057 3578 2186 3652 Σὴμ
2212 3578 2612 3650 καταπμένοις
2642 3574 2733 3632 διὰ
2768 3583 2959 3652 γενεῶν
2993 3580 3099 3650 λη’,
3152 3578 3285 3635 ἐτῶν
3343 3578 3533 3659 χιλίον
3589 3581 3707 3650 ἔξα-

2054 3668 2255 3723 κοσίων
2285 3664 2622 3742 ὀγδοήκοντα
2653 3669 2787 3723 ἑπτά
2824 3672 3002 3741 (32)...
3035 3666 3142 3733 ἕως
3188 3670 3271 3743 [Ρ.
3309 3670 3396 3743 14]
3447 3671 3707 3726 Μαστοῦ-

2054 3756 2172 3818 σίας
2205 3761 2315 3829 (33)
2353 3763 2453 3825 τῆς
2484 3757 2619 3812 κατὰ
2648 3756 2836 3814 Ἴλιον.
2868 3759 2935 3815 Ai
2967 3761 3150 3833 ’χῶραι
3181 3756 3240 3813 δὲ
3276 3756 3454 3813 αὐτῶν
3495 3756 3705 3829 Μηδία,

2057 3841 2344 3915 Ἀλϐανία,
2414 3848 2675 3921 Ἀρμενία
2728 3847 2896 3923 μικρᾶ
2951 3848 3040 3902 καί
3102 3847 3340 3924 μεγάλη,
3396 3848 3709 3921 Ἀμαζονίς,

2055 3934 2425 4013 Παφλαγονία,
2468 3935 2850 4003 Καππαδοκία,
2910 3935 3166 4007 Γαλατία,
3226 3937 3459 4013 Κολχὶς,
3494 3941 3712 3995 Βοσπο-

2055 4026 2236 4101 ρηνοὶ,
2272 4027 2547 4098 Μαιῶτις,
2601 4024 2812 4101 Δέρῥις,
2871 4024 3158 4100 Σαρματία
3188 4027 3506 4101 Ταυριανοὶ,
3560 4030 3711 4083 Βακ-

2051 4114 2286 4186 τριανοὶ,
2339 4112 2562 4186 Σκυθία,
2614 4113 2821 4185 Θρᾴκη,
2879 4112 3207 4182 Μακεδονία,
3251 4112 3477 4184 Ἑλλὰς,
3510 4120 3712 4170 Θεττα-

2055 4201 2172 4271 λία,
2201 4203 2455 4274 Βοιωτὶς,
2494 4202 2722 4278 Λοκρία,
2779 4200 3050 4273 Αἰτωλία,
3110 4204 3328 4279 Ἀχαία,
3363 4203 3710 4277 Πελοπόννη-

2054 4314 2148 4355 σος
2184 4340 2198 4365 ,
2257 4293 2521 4369 Ἀκαρνία
2554 4336 2568 4363 ,
2636 4293 3014 4367 Ἠπειρῶται,
3077 4291 3316 4367 Ἰλλυρὶς
3349 4339 3364 4365 ,
3418 4298 3711 4370 Λυχνῖται,

2055 4379 2345 4457 ’Δδριακὴ,
2396 4381 2487 4458 ἀφ’
2543 4382 2609 4453 ᾗς
2645 4381 2709 4437 τὸ
2761 4377 3107 4456 Ἀδριατικὸν
3167 4380 3410 4459 πέλαγος
3471 4383 3707 4457 ἐκλήθη,

2055 4467 2366 4546 Καλαϐρία,
2417 4470 2644 4541 Ἰταλία,
2706 4469 2937 4541 Γαλλία,
3005 4475 3290 4544 Θουσκηνὴ
3328 4518 3341 4543 ,
3394 4474 3708 4545 Λυσιτανία,

294 4561 417 4633 peti
448 4560 995 4631 terminantur,qua
1025 4561 1463 4633 septentriones
1494 4563 1825 4635 respiciunt
1844 4580 1941 4618 us-

2055 4560 2315 4631 Κελτική,
2349 4559 2659 4629 Μασσαλία,
2720 4558 3128 4637 Κελτογαλλία,
3190 4558 3424 4638 Ἰϐηρία,
3469 4565 3713 4620 Ἰσπανία

297 4666 413 4721 que
443 4648 518 4704 ad
551 4648 920 4704 Britannicas
950 4649 1198 4706 insulas.
1234 4649 1418 4706 Habet
1456 4656 1656 4707 autem
1694 4652 1942 4718 insulas,

296 4738 688 4807 Britanniam,
722 4738 1006 4805 Siciliam,
1040 4740 1343 4809 Eubmam,
1384 4741 1679 4808 Rhodum,
1712 4743 1944 4811 Chium,

300 4827 611 4900 Lesbum;
597 4827 870 4899 Cythera,
902 4829 1288 4901 Zacynthum,
1315 4825 1765 4902 'Cephaleniam,
1799 4834 1949 4889 Itha-

278 4934 452 4985 ‘cam,
486 4934 555 4973 ac
585 4917 892 4989 Cyclades,
927 4924 985 4973 et
1014 4919 1165 4975 Asiae
1197 4925 1425 4992 partem
1460 4938 1591 4993 qua)
1621 4923 1786 4979 Ionia
1834 4939 1947 4995 ap-

298 5006 699 5081 pellatur.Pro
730 5007 988 5075 termino
1012 5013 1101 5063 est
1124 5007 1309 5082 Tigris
1331 5008 1674 5081 ﬂuvius,qui
1699 5012 1948 5067 Mediam

2055 4656 2091 4722 ἡ
2128 4650 2339 4728 μεγάλη
2383 4652 2473 4707 καὶ
2528 4652 2714 4727 μικρά.
2776 4652 3038 4709 Ἐνταῦθα
3101 4651 3401 4731 καταλήγει
3459 4656 3524 4710 τὰ
3586 4650 3711 4729 ὅρια

2056 4745 2152 4797 τοῦ
2185 4741 2381 4819 Ἰἀφεθ,
2410 4739 2516 4803 ἕως
2557 4743 2926 4814 Βρεττανικῶν
2967 4743 3150 4812 νήσῶν
3189 4742 3256 4797 τὰ
3313 4744 3448 4818 πρὸς
3509 4742 3708 4820 βορῥᾶν

2062 4829 2354 4906 βλέποντα.
2402 4830 2560 4905 Ἔχει
2630 4826 2687 4884 δὲ
2742 4829 2940 4900 νήσους
3010 4829 3332 4905 Βρεττανίαν
3371 4876 3384 4901 ,
3436 4830 3713 4903 Σικελίαν,

2061 4915 2318 4986 Εὔϐοιαν,
2348 4915 2556 4987 Ῥόδον,
2604 4917 2764 4987 Χίον,
2801 4916 3026 4975 Δέσλον.
3090 4920 3363 4995 Κύθηραν,
3422 4922 3713 4995 Ζάκυνθον,

2063 5008 2436 5084 Κεφαληνίαν,
2500 5007 2738 5078 Ἰθάκην,
2799 5009 2881 5082 [Ρ.
2931 5012 2995 5066 14
3027 5010 3077 5083 b]
3136 5010 3225 5064 xui
3278 5016 3372 5073 τὰς
3404 5009 3717 5084 Κυκλάδας,

1500 5153 1864 5210 XYLANDRI
1904 5155 1991 5211 ET
2029 5154 2237 5210 GOARI
2277 5154 2497 5211 NOTE.

370 5279 484 5349 (31)
515 5280 635 5336 Hoc
665 5278 841 5351 quale
874 5277 978 5351 sit,_
1002 5277 1105 5333 alii
1153 5278 1444 5351 viderunt.
1501 5279 1618 5332 κατ’
1677 5277 1944 5344 Εὐρώπην

299 5347 443 5423 puto
469 5347 815 5422 legendum,
847 5347 1075 5423 κατόπιν
1108 5350 1306 5423 potius
1340 5352 1584 5423 :Joppae
1640 5351 1802 5407 enim
1851 5350 1949 5407 hic

301 5420 474 5494 nihil.
508 5420 619 5477 Sed
649 5422 1044 5494 geographica
1073 5420 1214 5477 alibi
1247 5420 1639 5493 explicantur.
1673 5423 1805 5478 XVL.

2061 5296 2188 5343 nes,
2215 5297 2346 5353 quas
2368 5296 2403 5336 a
2426 5279 2719 5353 filiisNow
2742 5283 2969 5353 στίφει
2988 5284 3288 5352 occupatas
3310 5280 3552 5336 fuerint.
3577 5282 3718 5338 Χγι..

2131 5350 2543 5422 (33lMastusia
2572 5350 2833 5406 Thraciae
2854 5350 3208 5407 Chersonesi
3242 5355 3717 5422 promontorium

2061 5432 2152 5479 est
2174 5441 2203 5478 c
2224 5425 2477 5497 regione
2506 5422 2621 5490 llii,
2655 5423 3035 5497 Hellesponto
3057 5422 3460 5480 interﬂuente.
3495 5426 3716 5493 Derris,

376 5492 492 5564 (3‘2)
518 5492 673 5556 Quae
690 5494 847 5549 hunc
870 5492 1248 5567 exciderunt,
1282 5496 1426 5567 dum
1458 5495 1707 5550 alterius
1729 5494 1951 5553 codicis
2064 5512 2190 5567 quae
2222 5492 2333 5553 hi6
2349 5513 2484 5552 cum
2515 5494 2783 5550 Maeotide
2815 5492 2873 5567 et
2902 5492 3714 5553 Sarmatiacommemoratur

310 5561 428 5641 ope
452 5568 862 5641 restituantur,
894 5581 967 5620 ex
996 5561 1249 5641 Josepho
1283 5573 1342 5621 et
1368 5565 1504 5641 aliis
1557 5567 1951 5641 scriptoribus
2063 5561 2263 5641 ignota
2295 5568 2439 5624 mihi
2475 5572 2581 5624 est.
2642 5569 2755 5641 Pro
2802 5561 2988 5641 Εῧοιαί
3018 5567 3299 5641 Eubaaam
3353 5568 3492 5641 legi,
3552 5569 3713 5640 quod

310 5633 431 5706 p‘eti
466 5633 701 5689 debent.
728 5634 880 5689 Satis
909 5633 1156 5707 apparat
1186 5638 1517 5710 descriptus
1547 5633 1731 5693 fuisse
1762 5640 1951 5695 natio-

2065 5638 2194 5694 o'rat
2217 5640 2276 5695 in
2310 5645 2608 5711 promptu.
2634 5639 2861 5694 Caatera
2893 5638 3069 5710 hujus
3092 5639 3202 5694 loci
3233 5656 3351 5695 non
3377 5638 3532 5696 sunt.
3569 5638 3705 5695 XvL.
