4118 6424
276 336 354 396 ⁸3
1418 332 1974 395 HISTOlllARUM
2020 334 2178 396 COM
2191 337 2588 401 PENDIUM.
3635 343 3725 402 54

273 467 367 524 καὶ
417 464 579 543 μέρος
657 472 772 535 τῆς
848 463 1042 528 Ἀσίας
1112 465 1214 533 τήν
1288 462 1499 521 Ἰωνίαν
1572 464 1940 538 καλουμένην,

2069 485 2092 524 ει
2113 469 2436 541 Babylonia
2453 471 2790 528 dividit.His
2812 490 2949 547 ergo
2972 474 3302 547 implentur
3320 477 3472 533 fines
3495 478 3715 550 Japeti,

282 557 526 628 ποταμὸν
601 553 663 611 δὲ
737 553 962 632 Τίγριν,
1039 551 1344 627 διορίζοντα
1439 555 1633 627 μεταξὺ
1733 552 1948 625 Μηδίας

283 646 374 701 καὶ
448 639 835 708 Βαϐυλωνίας.
915 645 1005 701 Ἐν
1081 641 1297 705 τούτοις
1372 640 1461 698 οῦν
1502 640 1811 718 πληροῦται
1884 645 1953 700 τὰ

284 738 385 790 τοῦ
458 734 634 810 ἰαιρεθ
694 732 821 808 ὅρια
893 730 986 787 διὰ
1060 731 1122 786 τὸ
1214 730 1488 806 εἷ’ρηκὲναι
1562 732 1661 800 τήν
1735 735 1952 809 Γραφήν

290 850 310 874 ο
354 822 634 880 [Ιλατύναι
665 823 695 877 ὁ
738 822 870 883 Θεὸς
899 825 981 894 τῷ
1012 821 1211 897 Ἰάφεθ·
1254 846 1284 873 υ
1314 822 1414 890 τήν
1447 827 1619 876 πᾶσαν
1642 823 1746 896 γὰρ
1770 822 1953 897 Εὐρώ-

281 934 394 985 πην
426 912 516 967 καὶ
543 912 714 986 μέρος
752 910 818 966 ού
860 910 1054 986 μικρὸν
1102 916 1203 978 τῆς
1265 909 1510 985 μεγάλης
1571 911 1752 973 Ἀσίας
1802 912 1952 981 ἀπη-

283 1006 537 1076 νέγκατο
604 998 692 1055 διὸ
746 1000 839 1055 καὶ
898 999 1134 1074 εἴρηται,
1198 1020 1223 1053 ι
1271 998 1361 1054 καὶ
1424 1001 1840 1071 κατασκηνώσαι
1896 1002 1947 1057 ὲν

281 1100 406 1156 τοῖς
437 1094 764 1165 σκηνώμασι
792 1095 895 1146 τοῦ
923 1092 1071 1163 Σήμ,
1106 1113 1134 1142 ››
1165 1090 1240 1144 Ού
1303 1089 1467 1163 μόνον
1527 1088 1605 1157 δὲ,
1663 1088 1810 1146 ἀλλά
1860 1093 1950 1148 καὶ

284 1186 421 1239 κατὰ
451 1182 805 1259 ἆναγωγικὸν
834 1181 1058 1255 τρόπον,
1105 1180 1190 1235 ὅτι
1241 1186 1387 1235 πᾶσα
1416 1182 1450 1249 ἡ
1486 1182 1643 1254 μερὶς
1694 1184 1790 1236 τοῦ
1839 1184 1949 1239 Ἰά-

285 1277 384 1347 φεθ
413 1271 619 1349 σχεδὸν
651 1277 735 1345 τῷ
768 1271 1104 1348 βαπρίσματι
1134 1271 1224 1325 καὶ
1253 1274 1325 1344 τῇ
1370 1271 1447 1331 εἰς
1494 1272 1727 1346 Χριστὸν
1773 1272 1952 1328 πίστει

282 1364 617 1435 προσετέθη,
678 1360 836 1416 ἃτινά
894 1360 1005 1415 ἐστι
1091 1360 1425 1432 σκηνώματα
1472 1364 1573 1415 τοῦ
1626 1363 1773 1434 Σήμ,
1832 1360 1950 1418 ἐπεὶ

281 1454 376 1508 καὶ
439 1451 490 1521 ἐξ
553 1450 720 1508 αὐτοῦ
779 1453 808 1505 ὁ
867 1444 1121 1525 Ἀϐρααμ
1201 1449 1293 1505 καὶ
1354 1449 1405 1504 οἱ
1465 1452 1824 1529 πατριάρχαι,
1896 1450 1948 1522 ἐξ

285 1541 364 1597 ὧν
389 1543 483 1598 καὶ
515 1542 571 1597 αἱ
602 1540 797 1596 λοιπαὶ
827 1539 1141 1615 γενεαρχίαι
1188 1535 1293 1602 ἕως
1347 1543 1592 1615 Χριστοῦ
1643 1540 1947 1617 ἡγουμένου

288 1636 477 1708 σαφῶς
504 1627 979 1706 γενεαλογοῦνται.
1029 1629 1139 1685 Τοῦ
1198 1623 1257 1682 δὲ
1309 1628 1439 1701 Χᾶμ
1493 1626 1723 1685 πλεῖστα
1784 1630 1949 1706 μέχρι

284 1720 383 1774 καὶ
414 1724 506 1773 νῦν
538 1715 665 1787 ἔθνη
707 1714 852 1772 ἐστὶν
909 1714 963 1770 ἐν
1014 1714 1340 1787 ἀποστασία,
1398 1717 1535 1772 κατά
1587 1738 1651 1792 γε
1695 1718 1789 1781 τὰς
1853 1721 1951 1776 Ἰν-

284 1808 407 1870 δίας
438 1809 531 1863 καὶ
561 1805 851 1868 Αἰθιοπίας
899 1806 990 1861 καὶ
1049 1804 1433 1880 Μαυριτανίας·
1498 1804 1550 1861 ἐν
1608 1807 1691 1868 οἷς
1745 1807 1834 1863 καὶ
1892 1810 1946 1863 αἱ

280 1893 571 1974 Ἀῤῥαϐίαι
599 1896 691 1951 καὶ
742 1892 1024 1969 Ἰδουμαία
1075 1895 1212 1951 κατὰ
1267 1899 1401 1950 Θεοῦ
1457 1896 1546 1950 καὶ
1610 1901 1717 1952 τῶν
1772 1898 1947 1974 ἁγίων

281 1988 455 2045 αὐτοῦ
486 1985 862 2059 θρασύνονται,
938 1988 1006 2059 τῇ
1064 1988 1160 2039 τοῦ
1226 1983 1354 2059 Χὰμ
1416 1985 1505 2040 καὶ
1567 1990 1666 2040 τοῦ
1735 1988 1946 2044 Χαναὰν

282 2080 497 2150 κατάρᾳ
579 2069 1160 2147 καθυποϐεϐλημιὲνοι⁸
1212 2071 1298 2129 διὰ
1355 2073 1446 2129 καὶ
1504 2072 1675 2130 παῖδα
1732 2075 1949 2148 οίκὲτην

280 2166 379 2221 τὸν
412 2165 550 2237 Χὰμ
577 2166 680 2217 τοῦ
713 2163 843 2236 Σήμ
870 2159 961 2217 καί
985 2164 1083 2216 τοῦ
1117 2162 1291 2239 Ἰάφεθ
1347 2162 1383 2231 ἡ
1432 2163 1619 2241 Γραφή
1669 2162 1946 2242 ἀπεφήνα-

282 2277 377 2321 το,
408 2252 497 2308 διᾶ
526 2257 625 2308 τοῦ
670 2250 885 2309 Χαναὰν
940 2254 1038 2307 τοῦ
1096 2251 1215 2307 υἱοῦ
1272 2251 1360 2308 καὶ
1422 2251 1585 2307 αὐτὸν
1646 2252 1947 2326 σημαίνου-

284 2366 376 2401 σα.

359 2445 478 2498 Ὀτι
506 2440 603 2497 δύο
634 2438 1013 2514 κατακλυσμοὶ
1045 2439 1181 2495 κατὰ
1226 2441 1328 2508 τήν
1384 2437 1629 2497 Ἐλλάδα
1673 2448 1775 2517 γῆν
1830 2439 1949 2498 δια-

286 2529 629 2605 ϐεϐοημὲνοι
658 2530 929 2606 γεγόνασι,
959 2534 1175 2605 πρῶτος
1209 2529 1304 2603 μὲν
1346 2528 1434 2584 ἐπὶ
1491 2530 1726 2605 Ὠγύγου
1772 2531 1823 2585 ἐν
1876 2536 1945 2606 τῇ

286 2625 544 2693 Ἀττικῇ,
578 2620 805 2699 χρόνοις
853 2616 911 2674 δὲ
967 2618 1186 2693 ὕστερον
1248 2620 1378 2692 σμη¹
1434 2618 1486 2673 ἐν
1546 2618 1811 2693 Θετταλίᾳ
1856 2621 1945 2676 επὶ

285 2709 665 2772 Δευκαλίωνος
711 2706 1101 2783 βασιλεύοντος
1152 2709 1435 2778 Ἀθήνησι,
1496 2705 1749 2782 δευτᾶρου
1804 2712 1949 2785 Κρα-

284 2802 426 2856 ναοῦ
462 2798 819 2873 αύτόχθονος.
852 2795 1061 2853 Τούτου
1091 2801 1189 2852 τοῦ
1246 2794 1657 2872 κατακλυσμοῦ,
1710 2803 1809 2853 τοῦ
1856 2797 1946 2853 ἐπὶ

284 2889 673 2950 Δευκαλίωνος
708 2885 997 2958 δηλονότι,
1043 2883 1263 2942 δοκοῦσι
1327 2889 1635 2959 μεμνῆσθαι
1695 2888 1785 2942 καὶ
1843 2889 1945 2946 Al-

286 2980 540 3055 γύπτιοι,
601 2978 894 3056 φάσκοντες
953 2978 1052 3046 τήν
1109 2977 1297 3051 χώραν
1356 2975 1531 3031 αὐτῶν
1585 2979 1661 3049 μή
1726 2997 1948 3033 κατακε-

282 3068 546 3132 κλύσθαι.
610 3067 715 3125 Καὶ
775 3063 998 3128 δικαίως
1048 3070 1416 3145 φιλονεικοῦσι
1477 3068 1553 3139 μή
1608 3066 1948 3123 κατακεκλύ-

285 3171 412 3224 σθαι
444 3159 569 3213 τότε
597 3158 698 3225 τήν
728 3155 1024 3231 Αἴγυπτον
1071 3156 1296 3217 τοπικὸς
1356 3156 1461 3230 γὰρ
1513 3178 1731 3233 γέγονεν
1787 3157 1945 3220 οὗτος

285 3223 758 3320 ὁκατακλυσμός.
790 3223 896 3303 'l‘ov
948 3246 1052 3322 γὰρ
1096 3223 1380 3322 πρότερον·
1407 3223 1537 3315 ἦτοι
1581 3223 1675 3301 τὸν
1723 3247 1949 3303 καθολι-
1981 3223 2023 3290 C

285 3340 385 3395 κὸν
417 3336 800 3410 κατακλυσμὸν
862 3334 986 3391 οὐδὲ
1040 3337 1409 3410 γινώσκουσιν.
1463 3332 1620 3392 οὔπω
1669 3337 1770 3410 γὰρ
1823 3339 1886 3405 ἦν
1919 3338 1948 3390 ὁ

289 3414 649 3503 πατριάρχης
706 3425 886 3482 αὐτῶν
942 3424 1244 3502 γεννηθείς.
1304 3425 1432 3491 Χὰμ.
1496 3422 1552 3481 δὶ
1609 3426 1637 3480 ὁ
1691 3426 1805 3488 υίὸς
1856 3430 1950 3480 τοῦ

288 3523 416 3573 Νῶε
447 3517 628 3590 πατὴρ
660 3516 726 3584 ἦν
760 3515 1037 3588 Μεστρὶμ,
1071 3515 1161 3591 ἀφ’
1191 3512 1255 3570 οῦ
1283 3514 1597 3589 Αἰγύπτιοι.

361 3609 491 3663 ’Ότι
548 3605 641 3660 τὸν
700 3599 927 3679 Νεϐρὼδ
985 3605 1390 3666 ἂποθεώσαντες
1450 3606 1501 3659 οἱ
1562 3603 1838 3679 ’Λσσύριοι
1894 3603 1947 3660 ἐν

285 3702 409 3759 τοῖς
489 3693 707 3769 ἄστροις
779 3698 878 3749 τοῦ
954 3694 1187 3768 ούρανοῦ
1263 3691 1468 3766 ἔταξαν,
1544 3694 1633 3749 καὶ
1690 3693 1948 3750 καλοῦσιν

284 3787 546 3859 Ὠρίωνα.
583 3786 761 3847 Οὗτος
806 3781 1075 3854 κατέδειξε
1124 3784 1223 3851 τὴν
1281 3786 1662 3860 κυνηγετικήν·
1719 3781 1804 3839 διὸ
1859 3784 1950 3839 καὶ

281 3878 383 3933 τὸν
430 3874 773 3946 καλούμενον
830 3876 966 3930 κύνα
1020 3874 1212 3950 ἃστρον
1271 3879 1351 3947 τῷ
1406 3874 1627 3950 Ὠρίωνι
1683 3879 1948 3950 συνῆψαν·

284 3969 506 4024 Τοῦτον
537 3962 798 4020 καλοῦσιν
829 3964 921 4019 καὶ
952 3962 1158 4039 Κρόνον
1216 3963 1294 4029 εἰς
1338 3964 1438 4033 τὴν
1488 3962 1805 4038 ἐπωνυμίαν
1850 3969 1951 4020 τοῦ

281 4054 593 4124 πλάνητος.

358 4161 485 4211 Ὀτι
515 4153 971 4227 διαμερισθέντων
1002 4158 1110 4208 τῶν
1168 4152 1337 4209 ἐθνῶν
1386 4153 1629 4231 ἀνεφάνη
1681 4175 1766 4217 τις
1809 4153 1951 4229 ἀνὴρ

282 4241 480 4311 Ἰνδὸς,
512 4242 577 4298 ἐι.
606 4247 706 4299 τοῦ
758 4244 947 4318 γένους
1003 4240 1301 4319 Ἀρφαξὰδ,
1357 4240 1604 4316 τοῦνομα
1655 4238 1954 4300 Ἀνδουϐά-

284 4356 431 4411 ριος,
466 4334 527 4396 ὅς
557 4330 838 4406 πσρέδωκε
866 4336 986 4394 τοῖς
1026 4329 1218 4394 Ἰνδοῖς
1247 4331 1628 4408 ἀστρονομίαν.

359 4426 447 4496 [Ρ.
484 4426 575 4495 15]
602 4425 725 4480 Ὅτι
755 4427 838 4495 τῷ
869 4419 1239 4497 δισχιλιοστῷ
1282 4426 1726 4494 πεντακοσιοστῷ
1752 4419 1951 4496 ὀγδοη-

278 4517 474 4583 κοστῷ
524 4513 563 4567 ε’
619 4505 727 4567 ἔτει
786 4507 1049 4566 διοδεύων
1110 4512 1313 4568 Καϊνᾶν
1374 4508 1426 4566 ἐν
1485 4514 1566 4583 τῷ
1621 4507 1795 4584 πεδίῳ
1834 4512 1954 4586 εὗρε

1976 1851 2025 1916 Β

2060 559 2201 630 quia
2231 566 2320 615 est
2342 562 2403 617 in
2436 562 2774 635 Scriptura:
2812 586 2838 613 ιι
2864 564 3209 635 Δηιρὶὶῐὶοει
3240 566 3340 621 26
3366 567 3519 622 Deus
3548 570 3715 640 Jape-

2060 652 2208 703 tum.
2243 673 2269 700 ‹‹
2298 651 2641 707 Universum
2665 652 2884 724 quippe
2906 655 3287 724 Europam,et
3309 672 3536 728 magna;
3558 657 3712 712 Asiae

2058 739 2217 795 haud
2239 742 2511 814 exiguam
2548 749 2776 815 partem
2826 742 3108 811 abstulit;
3155 745 3408 817 ideoque
3440 747 3711 803 additum

2060 835 2168 895 est,
2206 852 2231 882 ι
2266 838 2323 886 et
2352 832 2580 888 habitet.
2609 834 2671 888 in
2703 833 3103 890 tabernaculis
3147 837 3325 891 Semi.
3362 859 3388 886 »
3423 839 3621 908 Neque
3654 838 3713 893 id

2060 921 2259 987 modo,
2288 922 2392 977 sed
2424 924 2602 979 etiam
2635 925 3096 981 reconditiorem
3147 943 3389 983 sensum
3447 928 3711 984 eruendo

2058 1010 2638 1084 intelligimus,quod
2650 1016 2840 1086 Japeti
2862 1016 2986 1070 fere
3004 1021 3126 1072 tota
3139 1018 3334 1088 portio
3346 1017 3712 1089 baptismum

2059 1116 2125 1155 ac
2156 1100 2335 1157 ﬁdem
2357 1102 2420 1156 in
2446 1103 2744 1158 Christum
2774 1110 2863 1159 est
2894 1105 3187 1175 amplexa,
3222 1106 3383 1176 quod
3413 1123 3519 1177 per
3548 1107 3706 1162 Semi

2060 1190 2444 1247 tabernacula
2474 1197 2736 1258 notatur,
2765 1193 3004 1264 quando
3036 1194 3217 1249 etiam
3246 1194 3620 1250 Abrahamus
3677 1211 3713 1250 a

2059 1279 2230 1334 Semo
2261 1296 2449 1352 genus
2475 1281 2643 1336 duxit
2671 1288 2851 1354 atque
2880 1284 3295 1354 patriarcha),a
3324 1284 3541 1355 quibus
3569 1300 3710 1355 per-

2058 1368 2261 1440 spicue
2287 1370 2525 1441 generis
2574 1372 2921 1444 prOpagatio
2972 1388 3079 1443 per
3108 1372 3377 1428 ordinem
3411 1389 3600 1443 usque
3632 1372 3707 1428 ad

2057 1457 2355 1513 Christum
2407 1458 2742 1516 deducitur.
2777 1461 2851 1515 At
2884 1462 3089 1517 Chami
3137 1466 3343 1532 gentes
3410 1461 3711 1533 pleraaque

2056 1546 2363 1603 etiamnum
2378 1548 2436 1602 in
2449 1548 2781 1605 defectione
2795 1565 2829 1604 a
2841 1549 3296 1606 ﬁdeChristiana
3307 1555 3716 1622 permaneant,

2057 1634 2118 1689 in
2141 1634 2345 1700 lndiis,
2364 1636 3097 1708 £thiopiis,Mauritaniis,
3130 1639 3190 1694 in
3207 1638 3422 1710 quibus
3437 1639 3714 1712 gentibus

2057 1724 2234 1780 etiam
2262 1725 2493 1781 Arabiae
2524 1733 2918 1783 numerantur
2949 1744 3017 1783 ac
3037 1727 3323 1794 ldumaaa,
3355 1729 3457 1800 qui
3505 1729 3713 1801 populi

2056 1830 2266 1869 omnes
2296 1815 2576 1870 adversus
2636 1816 2821 1872 Deum
2854 1822 2913 1871 et
2965 1822 3204 1872 sanctos
3233 1818 3361 1889 ejus
3391 1818 3712 1885 ferociunt,

2059 1904 2449 1960 exsecrationi
2480 1905 2573 1960 cui
2604 1905 2892 1959 Chamum
2917 1910 2977 1960 et
3005 1906 3385 1962 Chanaanem
3420 1908 3573 1962 Deus
3605 1907 3712 1962 ob-

2059 1995 2307 2050 noxium
2337 1994 2560 2051 fecerat
2583 1994 2826 2051 addicti.
2866 1998 3067 2068 [taque
3090 1997 3394 2068 Scriptura
3422 1998 3711 2053 Chamum

2062 2083 2218 2139 Semi
2279 2090 2337 2139 et
2384 2085 2573 2165 lapeti
2634 2102 2869 2140 servum
2921 2086 3346 2157 pronuntiavit,
3405 2103 3511 2157 per
3567 2086 3715 2143 Cha-

2060 2188 2318 2230 naanem
2348 2174 2541 2230 ﬁlium
2574 2175 2702 2246 ipso
2728 2175 2906 2231 etiam
2938 2180 3105 2246 patre
3136 2174 3355 2230 Chamo
3385 2180 3613 2231 notato.

2133 2458 2257 2512 Duo
2287 2456 2510 2514 diluvia
2531 2458 2590 2513 in
2608 2458 2835 2515 Graecia
2857 2459 3078 2516 celebri
3100 2461 3260 2516 fama
3280 2459 3717 2531 fuerunt,prius

2061 2549 2124 2603 in
2154 2549 2367 2617 Attica,
2424 2548 2603 2621 Ogygi
2653 2554 2846 2627 aetate,
2879 2551 3178 2620 posterius
3209 2551 3384 2605 annis
3415 2550 3487 2605 ab
3514 2567 3582 2605 eo
3613 2549 3718 2604 248

2062 2639 2124 2692 in
2137 2636 2828 2702 Thessalia,Deucalione
2844 2639 3091 2694 Athenis
3104 2646 3415 2711 regnante,
3451 2638 3712 2694 secundo

2063 2744 2097 2782 a
2139 2728 2364 2782 Cranao
2410 2725 2710 2797 indigena.
2765 2727 2950 2795 Hujus
2999 2727 3110 2782 sub
3160 2728 3521 2783 Deucalione
3574 2728 3712 2783 facti

2062 2815 2267 2870 diluvii
2287 2815 2562 2869 videntur
2581 2815 2759 2870 etiam
2787 2817 3035 2888 [Egyptii
3068 2816 3713 2882 meminisse,dicentes

2064 2922 2232 2962 suam
2256 2909 2476 2958 terram
2502 2904 2911 2960 inundationis
2936 2909 3237 2976 expertem
3264 2906 3552 2961 fuisse.Et
3579 2904 3713 2975 qui-

2063 2995 2196 3049 dem
2212 2998 2370 3049 recte
2394 2993 2764 3049 contendunt
2783 2995 3091 3065 Egyptum
3118 3000 3260 3049 tunc
3282 2994 3570 3049 diluvium
3591 3010 3714 3049 non

2063 3101 2189 3139 esse
2218 3100 2474 3155 passam,
2512 3100 2646 3138 cum
2697 3082 2756 3136 id
2805 3083 3093 3138 diluvium
3125 3089 3286 3138 certo
3317 3088 3549 3139 tantum
3578 3084 3712 3138 Ioco

2063 3172 2411 3227 substiterit.
2430 3172 2600 3226 Prius
2621 3176 2819 3227 autem
2838 3171 3148 3238 diluvium,
3182 3171 3341 3243 quod
3371 3171 3710 3227 universam

2065 3267 2283 3318 terram
2339 3260 2667 3327 inundavit,
2723 3261 2900 3331 plane
2950 3262 3269 3333 ignorant:
3306 3262 3576 3317 nondum
3607 3262 3705 3317 21

2059 3352 2218 3407 enim
2251 3358 2378 3407 tum
2404 3357 2582 3406 natus
2600 3352 2791 3405 fuerat
2820 3351 3095 3406 conditor
3123 3352 3315 3423 gentis
3340 3368 3548 3407 eorum
3565 3352 3710 3407 Cha-

2057 3457 2212 3508 mus,
2248 3440 2408 3495 ﬁlius
2442 3442 2600 3507 Noae,
2632 3445 2803 3511 pater
2852 3440 3147 3509 Mezromi,
3207 3457 3243 3495 a
3286 3456 3405 3510 quo
3458 3441 3711 3513 Egyptii

2063 3535 2205 3585 sunt
2223 3530 2359 3584 orti.

2129 3617 2423 3673 Nemrodo
2478 3618 2703 3687 Assyrii
2756 3617 3016 3672 divinam
3074 3618 3378 3673 ascribunt
3424 3624 3716 3687 naturam,

2059 3707 2217 3761 inter
2240 3705 2437 3760 sidera
2469 3705 2732 3760 ccrlestia
2789 3704 3151 3761 collocantes
3183 3711 3241 3759 et
3288 3705 3564 3760 Orionem
3619 3723 3712 3761 vo-

2059 3802 2282 3853 cantes.
2317 3795 2421 3852 Hic
2452 3794 2704 3850 venandi
2736 3800 2924 3849 artem
2949 3795 3178 3866 primus
3201 3796 3466 3867 protulit.
3501 3797 3707 3867 Itaque

2058 3885 2264 3942 Orioni
2287 3885 2639 3956 sidus,quod
2669 3885 2843 3939 Canis
2864 3889 3125 3952 vocatur,
3161 3884 3522 3958 adjungunt.
3556 3886 3709 3950 Quin

2059 3980 2120 4032 et
2140 3975 2595 4043 Saturni,stellaa
2618 3974 2782 4031 illius
2801 3974 3316 4041 erraticaa,nomen
3339 3975 3392 4029 ei
3416 3975 3708 4032 tribuunt.

2129 4154 2441 4227 Dissipatis
2466 4153 2741 4227 gentibus
2769 4153 2948 4208 Indus
2988 4154 3234 4224 quidam
3257 4153 3331 4209 ab
3353 4155 3709 4226 Arphaxado

2058 4260 2245 4317 genus
2275 4243 2499 4298 ducens
2530 4242 3024 4310 exstitit,nomine
3068 4241 3450 4297 Andubarius
3482 4261 3497 4309 ;
3531 4243 3702 4313 isque

2060 4334 2221 4389 Indis
2250 4331 2677 4388 astronomiam
2713 4330 2974 4385 tradidit.

2130 4426 2302 4479 Anno
2334 4423 2406 4478 ab
2429 4422 2656 4494 origine
2689 4421 2895 4477 mundi
2937 4423 3075 4476 3585
3106 4422 3402 4477 Cainanus
3432 4438 3710 4493 campum

2062 4529 2385 4588 peragrans
2425 4513 2781 4583 scripturam
2812 4510 3117 4583 gigantum
3173 4510 3417 4583 reperit,
3461 4517 3520 4566 et
3574 4528 3710 4569 cum

277 4605 386 4673 τήν
425 4603 643 4679 γραφὴν
697 4605 804 4656 τῶν
856 4601 1122 4676 γιγάντων
1180 4600 1273 4655 καὶ
1336 4598 1535 4676 ἔκρυψε
1585 4606 1711 4675 παρ’
1748 4601 1943 4673 ἑαυτῷ,

2069 4601 2185 4674 ipse
2210 4618 2279 4656 ea
2311 4600 2620 4656 tractanda
2649 4599 2926 4672 deliquit,
2960 4605 3085 4655 tum
3116 4599 3265 4655 alios
3315 4599 3572 4657 absurda
3602 4601 3719 4658 ista

197 4736 211 4743 -
279 4694 381 4748 καὶ
409 4691 578 4753 αὐτὸς
611 4691 705 4764 μὶν
739 4691 795 4746 iv
824 4690 1012 4751 αὐτοῖς
1046 4688 1402 4765 ἐξημάρτανε,
1435 4690 1525 4746 καί
1571 4691 1698 4753 τοὺς
1747 4690 1952 4754 ἄλλους

279 4784 389 4852 τήν
451 4781 621 4849 αὐτὴν
679 4779 906 4836 ἀτοπίαν
962 4776 1355 4850 ἐξεπαίδευσεν.
1415 4781 1481 4838 O't
1541 4777 1598 4835 δὶ
1662 4784 1756 4836 τὸν
1802 4778 1951 4837 Σάλα

281 4874 420 4952 φασὶ
453 4872 655 4942 ταύτην
686 4870 999 4945 εὑρηκέναι.

357 4975 487 5032 Ὀτι
517 4971 573 5027 ἐν
600 4976 677 5042 τῷ
705 4965 818 5046 ὄρει
850 4973 948 5025 τοῦ
999 4964 1236 5026 Λιϐάνου
1297 4969 1482 5046 ἰχθύες
1530 4968 1804 5041 θαλάσσης
1859 4969 1950 5025 εῦ-

283 5066 545 5140 ρὲθησαν,
582 5061 636 5117 ἐν
663 5059 884 5122 κοίλοις
922 5060 1114 5122 τόποις
1172 5057 1406 5130 ὑδάτων,
1475 5062 1576 5130 τήν
1631 5065 1729 5116 τοῦ
1785 5080 1947 5116 κατα-

272 5154 536 5225 κλυσμοῦ
569 5150 931 5223 πιστούμενοι
960 5148 1356 5226 πανωλεθρίαν.

349 5245 479 5301 Ὅτι
513 5245 736 5315 πρῶτος
769 5239 967 5314 Λάμεχ
995 5240 1102 5315 πρὸ
1128 5243 1225 5293 τοῦ
1257 5238 1400 5295 ἰδίου
1440 5239 1645 5314 πατρὸς
1697 5237 1945 5309 τελευτᾷ,

271 5336 452 5408 ἤγουν
480 5330 580 5389 τοῦ
613 5326 971 5385 Μαθουσάλα.

345 5425 463 5479 Ὀτι
494 5421 608 5478 άπὸ
648 5423 750 5476 τοῦ
810 5414 986 5491 ’Δδὰμ
1040 5413 1144 5482 ἕως
1194 5420 1294 5473 τοῦ
1341 5416 1753 5490 κατακλυσμοῦ,
1810 5419 1948 5473 κατὰ

268 5514 396 5579 τοὺς
428 5508 884 5587 Ἐὄδομήκοντα,
933 5506 1029 5578 ἔτη
1090 5507 1267 5584 βσμβ,
1337 5508 1420 5570 οίς
1478 5509 1569 5563 καὶ
1620 5510 1655 5578 ἡ
1716 5508 1945 5579 ἀκήθεια

271 5602 635 5681 ἕπιμκρτυρεῖ
691 5600 787 5656 καὶ
847 5599 902 5652 αἱ
962 5596 1211 5660 ὰνὲκαθεν
1281 5597 1478 5660 πάσαις
1534 5604 1654 5660 ταῖς
1705 5597 1944 5667 Ἐκκλη-

266 5699 399 5761 σίαις
429 5692 890 5771 ὶπικρατήσασαι
941 5684 1290 5764 παραδόσεις,
1350 5687 1437 5743 ἐπὶ
1498 5685 1554 5743 δὶ
1603 5688 1665 5742 τὸ
1724 5693 1940 5762 πρῶτον

2062 4690 2283 4747 docuit.
2317 4691 2433 4747 Alii
2455 4707 2490 4746 a
2519 4690 2655 4746 Sala
2680 4690 2861 4745 fuisse
2885 4705 3015 4745 eam
3040 4690 3396 4762 scripturam
3419 4695 3718 4762 repertam

2061 4785 2355 4837 asserunt.

2132 4976 2197 5029 In
2222 4977 2419 5028 monte
2444 4971 2663 5028 Libano
2696 4970 2889 5043 pisces
2922 4971 3140 5027 marini
3172 4973 3396 5029 inventi
3454 4978 3612 5041 sunt,
3647 4973 3711 5029 in

2058 5063 2214 5119 cavis
2228 5079 2358 5134 quas
2380 5078 2565 5133 aquas
2579 5062 3423 5135 receperant,internecionem
3440 5062 3709 5117 omnium

2057 5152 2431 5217 animalium,
2467 5167 2599 5222 quas
2631 5150 2852 5205 diluvio
2876 5150 3111 5219 accidit,
3148 5152 3557 5206 testiﬁcantes.

2132 5242 2367 5297 Primus
2425 5240 2750 5296 Lamechus
2810 5256 2915 5295 suo
2974 5246 3139 5311 patre
3190 5240 3517 5296 Mathusala
3546 5242 3714 5312 prior

2061 5335 2333 5387 mortuus
2364 5336 2473 5387 est.

2128 5421 2216 5476 Ab
2270 5418 2498 5477 Adamo
2556 5437 2745 5492 usque
2803 5419 2878 5475 ad
2935 5419 3226 5474 diluvium
3287 5418 3359 5475 de
3416 5423 3714 5479 sententia

2059 5511 2441 5583 Septuaginta
2485 5511 2879 5582 interpretum
2927 5509 3069 5564 anni
3104 5515 3500 5565 numerantur
3545 5514 3709 5566 2242·

2054 5602 2279 5665 Quibus
2308 5607 2365 5655 et
2385 5602 2600 5655 veritas
2619 5597 2975 5671 astipuletur
2987 5606 3044 5654 et
3060 5599 3434 5667 traditiones,
3455 5617 3708 5671 quarum

2054 5691 2377 5748 auctoritas
2399 5690 2471 5745 ab
2493 5689 2738 5761 antiquo
2761 5705 2867 5760 per
2889 5706 3097 5747 omnes
3124 5689 3375 5747 invaluit
3392 5689 3701 5746 Ecclesias.
