4118 6422
363 349 443 407 55
1735 333 2063 399 GEORGII
2105 331 2455 395 CEDR'ENI
3710 348 3788 407 56

361 483 445 540 Ad
474 488 703 540 annum
733 480 837 538 28
866 480 1184 538 Abrahami
1207 480 1467 554 primum
1498 478 1892 534 numerantur
1911 488 2014 527 an-

2143 461 2248 529 ἱτος
2310 463 2563 544 Ἀϐραάμ
2774 470 2869 545 ἔτη
2925 475 3084 551 γτιβ“.
3151 477 3254 535 Καὶ
3317 479 3452 551 μετὰ
3505 476 3665 555 ἕτερα
3718 482 3797 536 os‘

363 573 425 629 ni
456 572 530 629 ab
560 566 791 644 origine
836 570 1044 628 mundi
1075 553 1235 627 33137.
1271 572 1415 625 Post
1464 571 1532 624 75
1584 565 1798 623 deinde
1829 578 2020 619 annos

2143 554 2221 627 ὶτη
2254 556 2475 631 ἐξῆλθεν
2501 560 2561 616 ἐκ
2592 564 2828 638 Χαρρὰν,
2876 568 3217 641 παροικήσας
3275 566 3354 630 εἰς
3410 576 3515 645 γῆν
3572 553 3782 626 Χαναὰν

369 678 440 719 ex
468 662 765 718 Charrane
782 677 1054 734 egressus
1074 663 1136 717 in
1167 666 1328 716 terra
1341 659 1621 716 Chanaan
1655 653 2022 727 inquilinum

2143 646 2227 715 τὴν
2258 653 2347 704 νῦν
2381 651 2746 725 Παλαιστίνην
2777 653 3104 730 λεγομένην.

374 753 512 826 egit,
546 768 677 823 qum
707 767 870 807 nunc
899 751 1218 807 Palaestina
1245 754 1508 805 vocatur.

448 841 741 896 Phalecus
766 845 901 896 ante
931 845 1160 911 patrem
1193 855 1366 894 suum
1390 836 1685 893 Heberum
1710 831 2029 890 obiit.Tria

2200 828 2327 884 ’Ότι
2355 826 2384 881 6
2416 823 2602 881 Φάλεκ
2630 825 2738 898 πρὸ
2767 831 2864 881 τοῦ
2914 827 3119 903 πατρὸς
3168 830 3333 884 αὐτοῦ
3381 826 3545 906 Ἔϐερ
3592 830 3788 887 τελευ-

377 931 566 987 millia
630 906 951 986 annorum_
980 930 1055 985 ad
1099 906 1336 985 f’haleci
1396 932 1649 983 mortem
1692 925 1765 982 ab
1797 924 2022 979 Adamo

2143 920 2215 987 τᾷ,
2250 915 2531 990 συνάγεται
2564 916 2621 969 δὶ
2678 914 2744 970 τὰ
2792 916 2965 971 πάντα
3011 912 3105 988 ἕτη
3156 917 3263 973 ἀπὸ
3315 923 3412 975 τοῦ
3469 918 3653 995 Ἀδάμ
3702 922 3794 977 ἐπὶ

376 1025 820 1092 computantur.
845 1019 992 1074 Hinc
1013 1018 1259 1075 nomina
1284 1018 1623 1073 Graecorum
1644 1015 1892 1070 deorum
1918 1011 2026 1066 ini-

2143 1008 2229 1076 ιὴν
2262 1003 2361 1062 τοῦ
2391 1002 2580 1059 Φάλεκ
2607 1004 2870 1075 τελευτὴν
2902 1002 2995 1092 ἔτη
3027 1006 3341 1087 τρισχίλια.
3375 1009 3558 1066 Ἔνθεν
3607 1010 3792 1087 ἀρχὴν

378 1091 531 1167 tium
561 1114 825 1166 sumunt.

2143 1100 2241 1151 τῶν
2270 1093 2620 1165 Ἑλληνικῶν
2653 1099 2788 1160 θεῶν
2825 1091 3164 1169 λαμϐάνουσι
3195 1098 3263 1154 τὰ
3292 1099 3555 1173 ὀνόματα.

446 1202 626 1255 Natus
683 1202 775 1254 est
846 1196 1050 1254 Cbami
1086 1197 1272 1270 stirpe
1328 1196 1415 1251 vir
1459 1196 1703 1252 nomine
1768 1194 2020 1260 Chusus,

2207 1187 2507 1260 Ἐγεννήθη
2542 1182 2599 1239 δὶ
2628 1183 2689 1240 ἐκ
2714 1191 2817 1254 τῆς
2848 1184 3029 1265 φυλῆς
3077 1191 3175 1242 τοῦ
3236 1189 3364 1258 Σήμ
3421 1189 3555 1265 ἀνὴρ
3614 1192 3795 1265 ὄνομα

374 1288 720 1360 EthiOszs
741 1287 1105 1344 Nemrodum
1136 1287 1362 1360 genuit,
1384 1286 1487 1356 qui
1518 1290 1578 1341 et
1607 1284 1789 1340 Orion
1820 1281 2024 1355 appel-

2143 1280 2286 1337 Χοῦς
2315 1274 2540 1347 Αθθίοψ,
2575 1273 2633 1335 ὅς
2684 1273 2934 1349 ἐγέννησε
2988 1277 3081 1332 τὸν
3124 1272 3355 1352 Νεϐρὼδ
3403 1279 3495 1334 τὸν
3539 1281 3640 1349 τήν
3690 1282 3799 1338 Βα-

372 1378 551 1443 latur,
599 1378 974 1433 conditorem
1026 1375 1345 1448 Babylonis
1379 1391 1393 1442 ;
1427 1380 1605 1446 atque
1664 1373 1761 1429 hic
1819 1376 2028 1427 auctus

2143 1361 2361 1420 ὗυλῶνα
2416 1365 2691 1430 κτίσαντα,
2781 1364 2871 1419 τὸν
2960 1366 3051 1420 καὶ
3136 1366 3366 1442 Ὠρίωνα
3448 1368 3794 1434 ἑπικλθὲντα.

371 1467 643 1543 potentia
672 1467 901 1538 primus
923 1466 1238 1521 hominum
1259 1464 1542 1537 regnavit,
1565 1462 2027 1535 Assyriisimpe-

2143 1455 2306 1515 Οὗτος
2339 1451 2559 1515 δυνατὸς
2591 1454 2876 1529 γενόμενος
2933 1450 3252 1511 ἐϐασίλευσε
3298 1463 3515 1532 πρῶτος
3562 1457 3650 1514 ἐπὶ
3692 1465 3799 1528 τῆς

372 1542 537 1613 rans.
570 1556 734 1614 Idem
771 1557 1057 1612 Saturnus
1116 1554 1313 1610 dictus
1369 1558 1483 1618 est,
1543 1555 1937 1626 cognomento
1997 1565 2032 1604 a

2143 1551 2236 1621 γῆς
2295 1543 2347 1598 ἐν
2402 1548 2517 1604 τοῖς
2578 1542 2906 1617 Ἀσσυρίοις.
2966 1542 3025 1609 ὅς
3082 1545 3171 1599 καὶ
3231 1546 3525 1618 ὠνομάσθη
3587 1548 3796 1623 Κρόνος

377 1646 621 1720 planeta
651 1645 849 1701 ducto.
883 1646 1133 1700 Uxorem
1167 1661 1237 1700 ex
1296 1644 1509 1700 eadem
1558 1643 1742 1715 stirpe
1799 1640 2028 1704 habuit,

2143 1633 2215 1694 ιῖς
2244 1632 2343 1701 τὴν
2394 1632 2710 1706 ἐπωνυμίαν
2766 1638 2865 1687 τοῦ
2924 1632 3221 1703 πλάνητος.
3279 1634 3453 1697 Οὗτος
3511 1629 3639 1712 ἔσχε
3694 1659 3792 1714 γυ-

381 1735 626 1791 nomine
646 1734 1025 1791 Semiramin.
1052 1735 1186 1789 Haac
1208 1734 1377 1789 frena
1407 1733 1632 1805 reperit
1662 1736 1721 1787 et
1768 1729 2027 1803 pyrami-

2143 1728 2295 1779 ναῖκα
2325 1721 2383 1778 ἐκ
2409 1729 2509 1791 τῆς
2566 1720 2735 1793 αὒτῆς
2791 1721 2995 1800 φυλῆς,
3052 1724 3403 1795 καλουμένην
3456 1726 3789 1800 Σεμίραμιν.
3880 1777 3887 1782 .

384 1825 488 1882 des
528 1842 675 1898 quas
730 1828 942 1879 vocant
988 1824 1297 1880 exstruxit.
1351 1825 1511 1879 Hanc
1567 1820 1748 1877 etiam
1805 1821 2028 1875 Rheam

2143 1812 2288 1883 Αὕτη
2328 1817 2445 1875 τοῖς
2518 1818 2790 1885 ποταμοῖς
2864 1809 3157 1889 περιέϐαλε
3232 1814 3448 1887 στόμια.
3527 1817 3614 1871 καὶ
3660 1818 3789 1893 ,τὰς

381 1915 789 1984 nominarunt,
822 1918 888 1968 ut
918 1929 1049 1985 quas
1085 1912 1428 1968 hominibus
1449 1928 1665 1984 magna
1695 1927 1830 1966 cum
1860 1914 2026 1981 pote-

2143 1901 2482 1976 καλουμένας
2511 1899 2826 1977 πυραμίδας
2884 1904 3161 1980 ἀνήγειρε.
3218 1904 3436 1975 Ταύτην
3491 1906 3581 1961 καὶ
3638 1906 3792 1963 Ῥέαν

379 2010 531 2063 state
563 2011 622 2062 et
648 1997 874 2077 ingenti
907 2009 1132 2058 terrore
1153 2003 1494 2073 imperaret.
1520 2002 1654 2056 Haec
1684 1997 2030 2056 Semiramis

2143 1992 2427 2065 ὠνόμασαν
2483 1993 2558 2054 ὡς
2617 1990 2672 2047 ἐν
2729 1990 2953 2065 δυνάμει
3041 1992 3132 2048 καὶ
3191 1993 3405 2066 ἐξουσίᾳ
3476 1997 3567 2050 καὶ
3625 1996 3792 2072 ὑπερ-

380 2092 573 2152 ﬂlium
604 2093 815 2149 habuit
843 2092 1088 2147 nomine
1122 2092 1351 2154 Picum,
1384 2094 1779 2162 cognomento
1808 2090 2030 2155 Jovem,

380 2201 449 2241 ac
464 2186 682 2256 prmter
691 2183 853 2238 hunc
868 2182 1073 2237 Belum
1090 2197 1159 2236 ac
1173 2181 1406 2237 Nimum
1421 2180 1737 2235 etFiliamJ
1747 2186 2029 2234 unonem.

377 2274 586 2341 Ninus,
640 2271 739 2343 qui
780 2271 1050 2327 Ninivem
1098 2286 1377 2343 magnam
1427 2267 1716 2336 condidit,
1777 2272 2030 2323 matrem

380 2378 551 2419 suam
602 2360 958 2418 Semiramin
1008 2360 1211 2416 uxoris
1240 2359 1369 2415 loco
1428 2357 1654 2414 habuit.
1716 2356 2032 2413 Africanus

386 2453 642 2508 Saturno
659 2456 949 2522 prmterea
981 2449 1178 2505 Afrum
1200 2448 1393 2504 filium
1415 2447 1730 2516 ascribit,a
1760 2462 1878 2517 quo
1910 2446 2031 2500 Afri

389 2540 535 2597 dicti
568 2541 788 2596 sunt.Is
819 2540 959 2595 Afer
979 2539 1156 2595 ducta
1175 2542 1503 2609 Astynoma
1522 2554 1706 2592 uxore
1744 2539 2031 2592 Venerem

338 2664 341 2665 ν
382 2630 746 2704 genuit,quae
768 2629 984 2684 Graecis
1010 2628 1280 2684 Afrodita
1296 2627 1828 2683 dicitur.Saturnus
1850 2641 2032 2698 regno

386 2720 665 2793 expulsus
687 2737 722 2775 a
752 2719 877 2775 ﬁlio
910 2736 1016 2774 suo
1037 2720 1172 2773 Jove
1224 2718 1286 2773 in
1309 2717 1586 2773 occiduas
1631 2721 1803 2771 terra;
1833 2721 2033 2787 partes

385 2809 627 2866 devenit
645 2826 713 2865 ac
769 2807 997 2864 Italiam
1029 2807 1307 2863 obtinuit.
1332 2807 1479 2863 Dein
1511 2806 1741 2878 Jupiter
1778 2806 2034 2877 Assyriis

384 2900 736 2968 decessit,ac
764 2897 838 2953 ad
855 2902 1087 2969 patrem
1110 2913 1172 2953 se
1199 2896 1577 2967 contulit,qui
1592 2897 1644 2951 ei
1665 2911 1915 2967 regnum
1933 2896 2033 2952 20

384 2988 572 3046 Italiae
594 2988 823 3045 dimisit
838 3004 851 3042 :
865 2987 967 3043 ubi
990 3003 1122 3042 cum
1143 3004 1250 3060 per
1266 2986 1488 3041 multos
1505 2998 1692 3041 annos
1706 2990 2033 3059 regnasset,

383 3078 569 3134 vitam
592 3092 729 3133 eum
743 3080 932 3131 morte
972 3074 1382 3141 commutavit,
1416 3079 1474 3129 et
1489 3074 1549 3129 in
1570 3075 1743 3129 Creta
1764 3073 2034 3146 sepultus

383 3171 492 3222 est.
527 3167 666 3221 Post
686 3165 901 3220 Ninum
926 3164 1183 3235 Assyriis
1224 3164 1454 3219 Thurus
1476 3163 1810 3234 imperavit,
1844 3162 1943 3233 qui
1977 3168 2037 3218 et

382 3257 534 3311 Mars
546 3253 883 3328 appellatur
893 3258 1098 3325 utpote
1111 3252 1621 3309 bellicosissimus.
1632 3253 1796 3308 Hunc
1807 3251 2035 3323 Assyrii

383 3344 625 3401 Baalum
639 3344 758 3399 sive
782 3342 989 3399 Belum
1005 3341 1181 3398 deum
1199 3342 1601 3415 appellarunt,
1636 3346 1952 3412 statuaque
1985 3342 2039 3396 ei

384 3433 640 3488 excitata
665 3431 882 3487 divinis
904 3431 1233 3487 honoribus
1252 3431 1590 3488 coluerunt.
1616 3433 1660 3486 A
1677 3436 1869 3487 morte
1885 3430 2040 3485 Jovis

384 3522 643 3589 Faunus,
666 3536 735 3575 eo
765 3526 1215 3592 natus,regnum
1243 3521 1568 3577 tenuit.Hic
1597 3520 1923 3576 Mercurius
1937 3520 2041 3575 de-

387 3610 735 3666 nominatus
756 3606 890 3680 fuit,
925 3609 1083 3681 quod
1118 3608 1412 3665 facundus
1432 3610 1753 3666 admodum
1786 3614 1943 3664 esset
1973 3625 2040 3663 ac

388 3700 949 3756 mathematicamm
996 3715 1195 3753 rerum
1254 3699 1467 3755 sciens.
1492 3699 1652 3755 Idem
1693 3699 2040 3755 hominibus

389 3790 519 3845 auri
551 3805 622 3844 ex
650 3793 823 3843 terrm
844 3788 1168 3844 visceribus
1197 3789 1442 3845 eruendi
1465 3794 1653 3845 artem
1683 3790 2041 3846 invenit.Ve-

389 3898 505 3938 nus
527 3880 757 3937 erudita
769 3879 1090 3935 admodum
1104 3880 1217 3936 fuit
1235 3885 1295 3935 et
1312 3881 1490 3937 variis
1502 3882 1681 3937 rebus
1703 3887 1913 3937 ornata
1932 3897 2039 3936 nu-

386 3971 506 4042 psit
530 3969 781 4025 Adonidi
831 3969 1060 4040 Cinyrae
1098 3969 1224 4024 tilio
1264 3968 1617 4041 philosopho
1636 3970 1749 4041 ipsi
1774 3986 2031 4042 quoque.

386 4062 641 4115 Narrant
665 4075 768 4114 eos
797 4057 870 4114 ad
903 4063 1157 4114 mortem
1216 4075 1404 4129 usque
1463 4075 1583 4115 una
1636 4060 2034 4131 philosophias

382 4164 637 4205 vacasse.
671 4147 866 4216 Picus,
900 4148 998 4219 qui
1030 4147 1184 4203 idem
1215 4154 1304 4203 est
1320 4148 1567 4219 Jupiter,
1599 4166 1736 4204 cum
1795 4150 2038 4223 triginta

382 4256 572 4295 annos
602 4238 859 4310 Assyriis
907 4237 1283 4310 imperasset,
1340 4256 1523 4311 regno
1567 4240 1627 4295 in
1659 4256 1873 4295 manus
1926 4240 2033 4295 filii

383 4328 474 4385 sui
508 4328 631 4383 Beli
689 4333 750 4383 et
800 4327 1072 4394 Junonis,
1128 4344 1259 4399 quae
1317 4344 1487 4383 soror
1543 4329 1673 4400 ejus
1704 4328 2036 4400 eademque

381 4416 603 4489 conqu
635 4416 1110 4483 erat,tradito,ad
1142 4421 1371 4487 patrem
1405 4433 1581 4472 suum
1613 4418 1933 4474 Saturnum
1970 4435 2031 4473 se

383 4505 657 4571 contulit,
680 4511 1017 4576 provectam
1064 4506 1192 4577 jam
1244 4510 1478 4561 aetatem
1528 4506 1745 4562 misere
1780 4507 2033 4563 toleran-

386 4600 530 4652 tem.
571 4597 744 4650 Pater
791 4595 842 4650 ei
877 4595 1077 4651 statim
1136 4611 1387 4667 regnum
1436 4596 1710 4663 dimisit;
1746 4602 1805 4652 et
1858 4598 2032 4653 Picus

386 4683 653 4756 potentia
673 4689 840 4739 actus
865 4699 972 4754 per
992 4686 1061 4738 62
1099 4682 1249 4739 alios
1298 4700 1487 4739 annos
1533 4684 1763 4741 Italiam
1811 4687 2034 4742 rexisse

2139 2076 2401 2137 ϐάλλοντι
2478 2077 2633 2158 φόϐῳ
2688 2086 2796 2136 τῶν
2853 2082 3152 2155 ἀνθρώπιον
3209 2085 3505 2159 ἃρχουσαν.
3563 2084 3710 2155 Αὕτη
3752 2088 3787 2155 ἡ

2143 2170 2449 2244 Σεμίραμις
2481 2166 2643 2250 ἔσχεν
2707 2171 2824 2232 υἱὸς
2878 2171 2941 2225 οὗ
2997 2172 3060 2226 τὸ
3118 2171 3291 2246 ὄνομα
3348 2171 3534 2243 Ηῖκος,
3585 2174 3643 2236 δς
3701 2175 3794 2230 καὶ

2143 2262 2541 2336 μετωνομάσθη
2574 2261 2728 2322 Ζεύς·
2759 2260 2850 2315 καὶ
2883 2259 3088 2323 ἅλλους
3121 2258 3179 2317 δὲ
3208 2259 3367 2342 ἔσχεν
3418 2263 3569 2325 υἱοὺς
3611 2263 3796 2334 Βῆλόν

2138 2373 2196 2407 τε
2224 2350 2314 2406 καὶ
2346 2355 2528 2420 Νῖνον,
2560 2350 2650 2404 καὶ
2706 2350 2977 2426 θυγατέρα
3034 2352 3132 2419 τήν
3188 2353 3380 2425 “Ηραν.
3442 2353 3545 2410 Καὶ
3607 2354 3635 2408 6
3699 2354 3794 2426 μὶν

2142 2447 2325 2508 Νῖνος,
2359 2439 2419 2504 ὅς
2457 2439 2676 2507 καὶτήν
2735 2436 2925 2499 Νινευΐ
2982 2442 3084 2508 τήν
3140 2441 3385 2516 μεγάλην
3444 2439 3639 2512 ἔκτισε,
3697 2445 3799 2513 τήν

2143 2528 2282 2586 ἰδίαν
2320 2528 2530 2604 μητὲρα
2563 2529 2870 2604 Σεμίραμιν
2902 2523 3033 2603 ἔσχε
3063 2536 3312 2603 γυναῖκα.
3347 2537 3432 2593 Ὡς
3496 2529 3553 2587 δὲ
3606 2534 3803 2611 ’Δφρι-

2140 2615 2310 2683 κανός
2350 2639 2505 2695 φησι,
2565 2618 2655 2673 καὶ
2718 2616 2901 2691 ἕτερον
2964 2618 3081 2673 υἱὸν
3141 2613 3302 2697 ἔσχεν
3360 2620 3389 2674 6
3446 2619 3649 2695 Κρόνος
3704 2622 3797 2676 τὸν

2140 2714 2367 2786 νΑφρον,
2400 2707 2451 2779 ἐξ
2483 2708 2545 2763 οὗ
2576 2709 2802 2784 Ἀφροι’
2838 2706 2896 2770 ὅς
2949 2710 3132 2781 γήμας
3182 2703 3526 2782 Ἀστυνόμην
3575 2708 3801 2779 ἐποίησε

2142 2798 2404 2874 θυγατέρα
2474 2800 2573 2867 τήν
2636 2794 2987 2877 Ἀφροδίτην.
3050 2798 3110 2856 Ὀ
3169 2795 3228 2853 δὶ
3285 2800 3487 2874 Κρόνος
3546 2798 3796 2870 ἐξωσθεὶς

2138 2890 2239 2956 τῆς
2274 2883 2557 2962 βασιλείας
2592 2886 2696 2941 ὑπὸ
2725 2889 2821 2940 τοῦ
2875 2882 3015 2940 ἰδίου
3074 2887 3195 2940 υἱοῦ
3240 2887 3385 2955 Διὸς,
3434 2886 3710 2942 κατελθὼν
3740 2886 3793 2942 ἐν

2139 2982 2209 3052 τῇ
2238 2974 2385 3032 δόσει
2408 2982 2598 3051 κρατεῖ
2629 2983 2729 3045 τῆς
2762 2974 3019 3037 Ἰταλίας.
3061 2976 3195 3033 Εἶτα
3244 2977 3272 3031 6
3321 2975 3447 3038 Ζεὺς
3491 2977 3795 3056 ὑποχωρή-

2144 3086 2239 3129 σας
2293 3072 2401 3122 τῶν
2460 3065 2762 3139 Ἀσσυρίων
2813 3064 3167 3140 παραγίνεται
3227 3067 3361 3140 πρὸς
3419 3065 3511 3121 τὸν
3571 3065 3793 3140 πατέρα·

2146 3154 2264 3213 ὁδὶ
2292 3160 2618 3231 παραχωρεῖ
2644 3154 2791 3226 αὖτῷ
2850 3152 3162 3221 βπσιλεῦειν
3218 3161 3320 3224 τῆς
3375 3153 3634 3217 Ἰταλίας.
3694 3156 3797 3213 Καὶ

2146 3243 2382 3307 πολλοῖς
2417 3242 2555 3300 ἔτεσι
2616 3242 2965 3319 βασιλεύσας,
3024 3246 3143 3298 εἶτα
3191 3243 3521 3315 τελευτήσας
3579 3245 3797 3301 κατατί-

2146 3338 2291 3391 θεται
2322 3333 2375 3389 ἐν
2411 3337 2478 3407 τῇ
2520 3335 2733 3410 Κρήτῃ.
2781 3334 2929 3388 Μετὰ
2987 3330 3045 3387 δὶ
3094 3337 3249 3388 Νῖνον
3318 3328 3636 3389 ἐϐασίλευσε
3692 3339 3801 3390 τῶν

2147 3424 2448 3497 Ἀσσυρίων
2478 3426 2683 3496 Θοῦρος
2717 3423 2744 3477 ὁ
2774 3421 2867 3476 καὶ
2925 3422 3098 3496 ’Ἄρης
3156 3421 3383 3492 κληθεὶς
3438 3424 3512 3485 ὡς
3560 3421 3798 3497 πολεμι-

2144 3516 2412 3575 κώτατος.
2445 3515 2654 3570 Τοῦτον
2689 3510 2742 3566 οἱ
2774 3511 3050 3585 Ἀσσύριοι
3081 3512 3170 3585 [Ρ.
3212 3513 3298 3586 16]
3333 3510 3484 3568 Βάαλ
3518 3513 3646 3568 Θεὸν
3676 3513 3801 3583 ἢτοι

2148 3603 2267 3668 Βῆλ
2316 3620 2782 3675 μετονομασαντες
2836 3600 2927 3655 καὶ
2985 3599 3468 3672 ἀναστηλώσαντες
3528 3596 3800 3662 σέϐονται.

2144 3692 2292 3748 Μετὰ
2323 3689 2379 3746 δὲ
2407 3691 2504 3758 τήν
2533 3694 2632 3746 τοῦ
2662 3691 2784 3752 Διὸς
2814 3689 3073 3760 τελευτὴν
3135 3695 3347 3752 Φαῦνος
3393 3691 3421 3744 6
3467 3691 3581 3753 οἷὸς
3632 3691 3799 3747 αὐτοῦ

2145 3776 2513 3845 ἐϐασίλευσεν,
2573 3774 2630 3839 ὅς
2692 3776 3086 3851 μετωνομάσθη
3146 3779 3378 3853 Ἑρμῆς*
3437 3780 3503 3847 ἦν
3552 3780 3655 3853 γὰρ
3712 3777 3802 3835 λο-

2143 3870 2446 3946 γικώτατος
2474 3867 2613 3922 πάνυ
2644 3867 2734 3922 καὶ
2797 3867 3199 3939 μαθηματικός
3261 3867 3319 3928 ὅς
3357 3868 3450 3922 καὶ
3506 3872 3601 3922 τοῦ
3660 3888 3798 3946 χρυ-

2146 3967 2243 4017 σοῦ
2304 3963 2401 4031 τήν
2489 3959 2645 4037 φύσιν
2726 3956 2928 4032 ἐξεῦρεν
2984 3955 3044 4011 ἐκ
3112 3955 3402 4030 μετάλλων
3461 3956 3797 4033 ἀνθρώποις,

2160 4055 2206 4109 Π
2243 4051 2423 4124 μέντοι
2465 4046 2766 4129 Ἀφροδίτη
2829 4046 3029 4123 λογική
3092 4047 3181 4101 καὶ
3242 4047 3470 4118 ποικίλη
3524 4045 3796 4124 λεγομένη

2143 4142 2399 4219 ἐγαμήθη
2428 4138 2512 4212 τῷ
2558 4134 2817 4194 Ἀδώνιδι
2879 4140 2958 4207 τῷ
3020 4136 3124 4208 υἱῷ
3174 4140 3272 4192 τοῦ
3325 4136 3579 4214 Κινύρου,
3637 4137 3800 4216 φιλο-

2146 4232 2298 4308 σόφῳ
2328 4225 2444 4285 ὄντι
2474 4228 2566 4284 καὶ
2597 4226 2764 4299 αὐτῷ’
2811 4223 2903 4289 οὕς
2961 4226 3051 4280 καὶ
3099 4225 3231 4302 ἄχρι
3281 4227 3508 4283 θανάτου
3575 4227 3805 4306 φιλοσο-

2149 4327 2377 4385 φοῦντας
2409 4321 2500 4375 σὺν
2529 4315 2807 4388 ἀλλήλοις
2836 4318 3037 4391 βιῶσαι
3078 4316 3379 4392 ἱστοροῦσι.
3438 4319 3590 4375 Μετὰ
3638 4316 3699 4373 δὲ
3742 4321 3807 4375 τὸ

2146 4409 2465 4486 βασιλεῦσαι
2494 4406 2799 4482 Ἀσσυρίων
2833 4411 3002 4462 Πῖκον
3054 4405 3150 4461 τὸν
3200 4405 3292 4461 καὶ
3351 4407 3447 4463 Δία
3503 4401 3597 4473 ἔτη
3649 4409 3806 4483 τριά-

2140 4523 2328 4568 κοντα,
2402 4501 2496 4555 τὸν
2574 4498 2691 4554 υἱὸν
2764 4495 2934 4552 αὐτοῦ
3012 4496 3195 4565 Βῆλον
3269 4496 3673 4570 ὀνομαζόμενον
3713 4498 3803 4553 καὶ

2070 4566 2111 4630 D
2142 4566 2447 4669 Ἵιραντὴν
2469 4593 2697 4666 γυναῖκα
2727 4587 2827 4656 τήν
2873 4586 2964 4641 καὶ
3025 4583 3266 4655 ἀδελφήν
3325 4566 3413 4640 ἐπὶ
3462 4566 3572 4655 της
3626 4587 3807 4662 ἀρχῆς

2141 4681 2461 4740 καταλιπὼν
2494 4679 2630 4754 πρὸς
2676 4676 2771 4733 τὸν
2829 4675 2994 4732 αὐτοῦ
3051 4676 3256 4752 πατέρα
3316 4676 3521 4750 Κρόνον
3578 4676 3807 4751 παραγί.

1596 4815 1955 4871 XYLANDRI
1993 4816 2079 4873 ET
2117 4813 2333 4873 GOABI
2367 4811 2592 4868 ΝΟΤᾹΞ.

455 4911 781 4988 (ggﬁtnnis
829 4910 1145 4988 duodecim
1176 4911 1387 4988 plures
1432 4913 1611 4988 habet
1638 4915 2029 4988 Nicephorus.

382 4982 693 5040 Ex’B'i'bliis
724 4982 797 5038 ab
827 4984 1050 5055 origine
1074 4982 1282 5038 mundi
1318 4983 1391 5039 ad
1441 4986 1669 5041 natales
1711 4982 2031 5043 Abrahami

381 5055 848 5129 (exclusivefanon
869 5054 1056 5126 pluris
1084 5057 1219 5129 19i9
1242 5056 1413 5129 annis
1439 5058 2029 5129 computantur.Cum

381 5145 497 5199 qua
510 5126 963 5183 ratiocinatione
976 5126 1646 5201 convenitHehrmoru'm
1666 5132 2028 5201 supputatio,

304 5264 307 5267 _
380 5201 480 5274 qui
513 5217 546 5255 a
578 5201 913 5274 linguarum
953 5199 1299 5274 conlusione
1329 5199 1828 5274 annospraaterea
1842 5219 2030 5274 usque

380 5270 456 5325 ad
469 5270 696 5345 natales
712 5270 916 5345 [s_aacii
931 5272 998 5345 $2
1022 5272 1509 5345 uumeraut.Ergo
1531 5270 1582 5328 is
1604 5288 1778 5345 natus
1800 5274 1911 5328 fuit
1930 5270 2030 5328 an-

383 5343 644 5415 1102048
686 5341 778 5397 vel
824 5342 982 5415 2049,
1054 5341 1530 5415 annumageﬁte
1578 5344 1810 5400 Abraho
1886 5361 2027 5399 cen-

382 5412 684 5468 tesimum.
711 5411 884 5486 Paulo
916 5414 1048 5486 pest
1096 5430 1145 5466 v.
1180 5415 1211 5467 8
1257 5411 1386 5468 ubi'
1420 5416 1630 5486 scripsi
1686 5432 1757 5470 ex
1808 5417 2029 5470 Charmi

382 5486 576 5553 stirpe.
610 5485 765 5552 Serui
798 5491 889 5539 est
916 5485 1230 5557 ingGrteco,
1263 5485 1367 5541 sed
1426 5485 1739 5557 perspicue
1789 5487 2023 5544 falsum.

385 5557 515 5609 Mox
545 5557 619 5609 de
645 5556 1057 5628 Semira‘mide,
1102 5561 1288 5628 [ruma
1316 5556 1583 5628 repperit.
1616 5561 1681 5614 In’
1711 5560 1908 5615 Grch
1942 5567 2029 5615 est

384 5633 659 5711 ποταμοῖς
684 5620 989 5711 ,περιέϐαλε
1017 5627 1201 5711 στόμι,
1236 5620 1394 5711 quod
1414 5620 1652 5686 'mendo
1683 5647 1805 5711 non
1829 5637 2022 5711 yacat.

386 5699 502 5770 Ego
535 5698 804 5770 suspico‘r
832 5698 1272 5769 ποταμοῖςρδεό
1296 5702 1613 5769 vitiosum;
1667 5701 1784 5755 sive
1829 5698 2026 5762 ’ἓπποις

2143 4915 2264 4970 sive
2291 4911 2433 4985 quid
2464 4909 2627 4985 aliud
2658 4906 2972 4985 scripserit
2992 4910 3220 4985 auctor,
3244 4908 3675 4985 utnequestris
3705 4928 3802 4985 re-

2140 4977 2402 5042 inven'tio
2415 4982 2712 5038 bellicose)
2730 4977 3351 5052 viraginitribuaturVi
3364 4978 3566 5052 rgilius
3581 4981 3811 5052 quidem

2143 5057 2351 5113 .«Ereid.
2387 5073 2458 5110 vn
2491 5055 2691 5109 Picum
2726 5049 2905 5122 hujus
2956 5049 3167 5117 filium,
3222 5049 3268 5122 si
3320 5049 3619 5122 Cedrenus
3672 5069 3811 5110 vera

2142 5129 2370 5187 retulit.
2408 5140 2695 5197 equorum
2729 5121 3085 5197 domitorem
3109 5121 3707 5197 n_o_minat,_i‘ortassis
3739 5142 3811 5182 eo

2144 5205 2386 5258 invento
2419 5192 2738 5270 insignem,
2772 5201 2837 5249 ut
2866 5193 3090 5270 ibidem
3114 5192 3267 5247 alius
3300 5194 3648 5270 perhibetur
3677 5198 3810 5253 viti-

2146 5280 2328 5329 sator.
2365 5264 2576 5340 Στόμιᾶ
2609 5270 2827 5340 frmnos
2852 5264 3188 5338 signiﬁcare
3220 5272 3426 5321 notum
3451 5271 3558 5322 est.
3580 5268 3814 5340 Signiﬁ-

2143 5351 2285 5399 cant
2315 5339 2495 5399 etiam
2526 5339 2755 5395 oriﬁcia
2786 5354 2890 5392 seu
2922 5353 3043 5393 ora.
3074 5341 3142 5391 ut
3170 5352 3461 5400 vasorum,
3497 5339 3810 5398 venarum.

2141 5417 2222 5472 De
2248 5412 2628 5477 ﬂuminibus,
2654 5426 2856 5486 eorum
2883 5409 3035 5465 ostia
3053 5414 3121 5486 ut
3142 5408 3497 5486 significent,
3514 5427 3635 5486 non
3669 5413 3807 5486 legi,

2139 5504 2338 5559 neque
2369 5487 2600 5559 videtur
2626 5482 2942 5559 quadrare.
2980 5482 3135 5559 Infra
3164 5480 3408 5559 quidem
3440 5482 3500 5536 in
3532 5480 3804 5541 Heraclio

2141 5553 2343 5630 στάμια
2373 5556 2587 5631 ἐρήμου
2617 5553 2821 5611 fauces
2842 5559 3007 5610 vocat
3030 5553 3149 5631 s_i_ve
3170 5553 3494 5625 angustias,
3526 5572 3633 5625 per
3653 5574 3804 5627 quas

2136 5631 2199 5687 in
2230 5626 2613 5687 solitudinem
2645 5630 3009 5700 penetratur.
3043 5626 3181 5679 XYL.
