4118 6424
334 412 415 472 51

1489 398 2033 468 HISTORIARUM
2077 396 2601 462 COMPENDIUM
2616 446 2633 461 .
3692 402 3771 461 58

334 567 514 615 νσται,
568 542 676 616 ἤδη
732 555 1085 620 γεγήρακοτα
1137 541 1227 596 καὶ
1283 538 1801 615 ταλαιπωρήσανταο
1832 536 1879 611 ᾧ
1907 537 2000 591 καῖ

2122 532 2320 591 fertur.
2382 532 2556 591 Belus
2615 535 2777 592 filius
2808 537 2940 607 ejus
2979 534 3091 591 hoc
3145 551 3365 591 nomen
3414 537 3488 592 ob
3519 536 3577 591 id
3612 515 3775 609 quod

340 638 674 715 παραχωρεῖ
698 635 799 703 τῆς
837 630 1121 709 βασιλείας
1172 629 1350 700 εὐθὺς,
1410 630 1501 685 καὶ
1560 628 1721 690 οὗτος
1777 624 2004 687 δυνατὸς

345 726 423 782 ὧν
451 723 599 781 ἄλλα
618 718 712 794 ἔτη
744 723 1012 793 ἑξήκοντα
1051 718 1148 779 δύο
1204 721 1341 776 κατὰ
1392 721 1492 789 τὴν
1550 715 1786 775 Ἰταλίαν
1849 716 2007 791 βασι-

344 815 543 872 λεῦσαι
588 814 827 892 λὲγεται.
891 813 1073 882 Βῆλος
1106 808 1164 867 δὲ
1194 811 1223 867 6
1254 811 1370 873 υἱὸς
1430 807 1522 866 διὰ
1567 809 1629 865 τὸ
1691 807 2005 881 ὀξυκίνητος

342 907 481 960 εἶναι
524 904 695 966 οὕτως
772 902 1010 973 ἐκλήθη,
1084 900 1174 957 καὶ
1252 898 1348 956 δύο
1423 894 1519 970 ἔτη
1599 893 2004 974 βεϐασιλευκὼς

342 993 642 1068 Ἀσσυρίων
691 990 942 1062 τελευτᾷ.
996 992 1159 1053 Νῖνος
1206 986 1264 1045 δὲ
1294 991 1324 1045 6
1353 988 1552 1044 τούτου
1610 993 1753 1052 θεῖος
1812 984 2006 1061 ἐγκρα-

336 1085 444 1146 τὴς
500 1082 782 1157 γενόμενος
838 1087 940 1150 τῆς
1000 1079 1181 1156 ἀρχῆς
1240 1079 1324 1154 νβ’
1382 1074 1475 1150 ἔτη
1532 1081 1640 1132 τῶν
1704 1075 2005 1151 ’Λσσυρίων

339 1167 716 1230 ἰῦασίλευσεν.
749 1173 848 1230 Ἐκ
873 1168 976 1227 τοῦ
1031 1172 1215 1247 γὲνους
1269 1169 1362 1224 οὗν
1420 1167 1585 1225 αὐτοῦ
1644 1166 1734 1223 καὶ
1793 1165 2008 1240 Ζωροά-

342 1283 517 1337 στρης
554 1262 584 1317 6
615 1255 950 1336 περιϐόητος
986 1258 1322 1336 ἀστρονόμος
1382 1255 1435 1313 ἰν
1495 1254 1728 1330 Πέρσαις
1775 1255 2007 1331 γενόμε-

336 1373 433 1424 νος
463 1346 668 1421 ηὔξατο
698 1350 804 1404 ὑπὸ
834 1349 1005 1423 πυρὸς
1065 1348 1251 1424 ἀερίου
1295 1347 1702 1421 κεραυνωθῆναι
1750 1344 1840 1401 καὶ
1883 1344 2006 1399 ἅνα-

336 1422 612 1508 λωθῆναι,
673 1422 1056 1511 ἐντειλάμενος
1103 1422 1220 1498 τοῖς
1269 1436 1498 1510 Πέρσαις
1543 1434 1612 1490 τὰ
1659 1433 1793 1490 ὀστᾶ
1840 1431 2007 1489 αὖτοῦ

341 1532 486 1605 μετᾶ
532 1530 634 1598 τήν
691 1528 884 1584 καῦσιν
943 1523 1234 1583 ἀναλαϐεῖν
1291 1526 1382 1582 καὶ
1468 1523 1756 1603 φυλάττειν
1812 1521 2009 1586 αὐτοὺς

343 1619 436 1676 καὶ
495 1610 679 1691 τιμᾷν·
742 1618 835 1673 καὶ
889 1615 998 1680 ἳως
1057 1616 1146 1681 οὗ,
1200 1616 1358 1693 φησὶ,
1413 1612 1650 1678 σώσεσθε
1702 1616 1891 1680 ταῦτα,
1943 1611 2006 1667 τὸ

351 1706 635 1785 βασίλειον
688 1714 793 1776 τῆς
847 1707 1001 1781 ὑμῶν
1056 1703 1246 1786 χώρας
1332 1702 1434 1760 οὐκ
1490 1702 1747 1777 ἇκλείψει.
1817 1703 2007 1760 Οὕτως

350 1806 449 1857 οὖν
508 1801 706 1857 τούτου
760 1799 891 1874 πυρὶ
953 1796 1190 1874 οὐρανίῳ
1243 1795 1607 1877 τεφθωθὲντος
1656 1795 1724 1851 τὰ
1783 1793 2011 1870 λείψανα

2114 623 2390 680 celeriter
2419 632 2758 682 moveretur
2803 624 3029 682 habuit.
3061 626 3116 681 Is
3150 642 3284 681 cum
3309 644 3414 699 per
3460 626 3770 685 biennium

2112 730 2360 788 regnum
2394 716 2773 789 Assyriorum
2805 715 3109 789 gessisset,
3170 716 3231 771 in
3276 715 3395 771 fata
3452 719 3767 775 concessit.

2111 804 2365 859 Patruus
2397 805 2526 877 ejus
2558 805 2741 860 Ninus
2764 822 2947 878 regno
2980 805 3226 877 potitus,
3259 808 3324 860 57
3348 821 3540 860 annos
3596 808 3769 879 Assy-

2113 894 2220 950 riis
2249 894 2579 965 imperavit.
2615 897 2697 949 Ex
2729 895 2909 967 hujus
2943 911 3158 968 genere
3200 895 3377 948 etiam
3430 897 3770 959 Zoroastres

2114 981 2332 1040 nobilis
2364 982 2464 1038 ille
2495 983 2653 1058 apud
2682 983 2891 1039 Persas
2948 989 3328 1039 astronomus
3370 985 3631 1052 exstitit;
3666 986 3768 1058 qui

2116 1089 2178 1129 se
2209 1072 2459 1129 fulmine
2482 1074 2665 1129 ictum
2688 1090 2756 1129 ac
2779 1078 3198 1146 consumptum
3223 1073 3292 1128 iri
3334 1074 3634 1146 praedixit,
3667 1076 3769 1130 80

2115 1161 2535 1236 mandavitque
2556 1162 2751 1219 Persis
2773 1168 2839 1217 ut
2858 1180 2995 1221 ossa
3007 1180 3114 1220 sua
3127 1180 3195 1218 ex
3212 1162 3489 1219 incendio
3504 1164 3772 1238 legerent

2115 1269 2183 1308 ac
2215 1252 2585 1309 custodirent
2615 1259 2794 1327 atque
2816 1258 3267 1321 venerarentur,
3296 1254 3650 1327 promittens
3676 1272 3770 1312 re-

2113 1328 2297 1417 gnum
2319 1358 2389 1399 ex
2420 1343 2684 1416 ipsorum
2714 1343 2957 1399 natione
2990 1341 3254 1399 ablatum
3297 1360 3416 1401 non
3447 1343 3518 1399 iri
3578 1360 3770 1416 quan-

2117 1426 2219 1487 diu
2252 1448 2321 1488 ea
2342 1432 2628 1489 colerent.
2663 1434 2742 1489 Eo
2767 1432 2969 1505 itaque
3000 1432 3259 1490 fulmine
3288 1434 3350 1489 in
3410 1434 3641 1491 cineres
3685 1451 3779 1490 re—

2116 1522 2289 1579 dacto
2319 1523 2606 1597 reliquias
2637 1522 2767 1596 ejus
2816 1525 3008 1579 Persa=
3053 1523 3389 1589 coluerunt,
3450 1525 3638 1581 donec
3696 1525 3772 1580 iis

2115 1615 2403 1689 neglectis
2432 1633 2679 1689 regnum
2712 1618 2891 1673 etiam
2919 1617 3270 1674 amiserunt.
3300 1619 3590 1675 Caeterum
3619 1619 3769 1674 Nino

2113 1704 2267 1761 lovis
2310 1704 2478 1761 fratri
2508 1706 2737 1763 Thurus
2760 1707 2822 1762 in
2841 1723 3089 1780 regnum
3112 1707 3417 1779 Assyrium
3437 1708 3763 1781 {successiL

2117 1796 2285 1851 Hunc
2335 1795 2528 1851 lamis
2574 1801 2761 1866 pater,
2794 1796 2978 1852 frater
3007 1796 3204 1866 Rhea),
3250 1798 3495 1853 Martem
3526 1798 3771 1854 nomine

348 1891 522 1947 αὐτοῦ
550 1886 642 1945 διὰ
667 1895 839 1963 τιμῆς
872 1890 1031 1964 εἶχον
1088 1888 1140 1942 οἱ
1189 1886 1414 1960 Πέρσαι,
1455 1882 1560 1948 ἕως
1605 1882 1804 1941 τούτου
1846 1905 2009 1939 κατα-

2122 1885 2372 1968 planetaa
2403 1885 2740 1958 appellavit.
2772 1887 2912 1942 Erat
2939 1891 3137 1942 autem
3165 1902 3304 1943 acer
3328 1887 3493 1944 valde
3527 1892 3769 1962 etsupe-

344 1982 718 2057 φρονήσαντες
792 1977 882 2032 καὶ
958 1982 1061 2047 τῆς
1135 1972 1416 2050 βασιλείας
1476 1973 1742 2045 ἐξέπεσον.
1818 1973 2009 2031 Τοίνυν

347 2069 487 2144 μετᾶ
519 2070 681 2126 Νῖνον
707 2067 800 2123 τὸν
832 2071 931 2123 τοῦ
964 2065 1087 2127 Διὸς
1117 2061 1354 2138 ἀδελφὸν
1394 2068 1602 2139 Θοῦρος
1654 2067 1765 2118 τῶν
1816 2064 2007 2120 Ἀσσυ-

352 2158 484 2234 ρίων
519 2154 819 2235 βασιλεύει.
852 2157 1067 2215 Τοῦτον
1096 2155 1126 2210 6
1154 2155 1336 2231 πατὴρ
1366 2152 1532 2210 αὐτοῦ
1592 2152 1784 2226 Ζάμις,
1832 2152 1892 2214 ’ὀς
1944 2155 2012 2221 ἧν

345 2255 449 2316 τῆς
485 2246 633 2310 Ῥὸας
693 2243 952 2323 ἀδελφὸς,
1016 2244 1104 2300 ἐπί
1154 2249 1235 2323 τῷ
1293 2243 1519 2318 ὀνόματι
1572 2246 1670 2300 τοῦ
1726 2238 2009 2312 πλάνητος

344 2337 571 2412 ἆστίρος
603 2337 779 2411 ’Ἄρεα
807 2331 1085 2392 ἐκάλεσεν.
1121 2335 1221 2391 'llv
1271 2330 1330 2389 δὶ
1387 2333 1416 2389 6
1474 2333 1651 2408 Ἀρης
1705 2330 1864 2395 οὗτος
1915 2352 2006 2386 πι-

342 2427 479 2500 κρὸς
511 2429 598 2482 καὶ
629 2426 760 2499 ἄγαν
792 2422 1297 2500 δυσκαταγώνιστος
1340 2420 1708 2495 πολεμιστὴς,
1758 2420 1820 2483 ὅς
1873 2428 2009 2476 limu-

344 2518 505 2589 κάσψ
533 2516 636 2573 τινὶ
667 2513 818 2590 ἀνδρὶ
870 2518 1230 2590 γιγαντογενεῖ
1286 2509 1517 2584 δυνατῷ,
1576 2510 1636 2567 ἐκ
1672 2518 1773 2581 τῆς
1827 2510 2007 2590 φυλῆς

343 2586 528 2685 Ἰἀφεθ
554 2586 898 2681 ὡρμημνὲνῳ,
940 2586 1196 2668 νέπελόὼν
1250 2602 1342 2658 καὶ
1398 2586 1862 2674 καταπαλεμήσας
1916 2586 2007 2656 καὶ

345 2694 559 2751 ἀνελὼν
624 2686 902 2767 παρέλαϐε
960 2692 1061 2761 τήν
1120 2691 1310 2767 χώραν
1372 2688 1561 2759 αὐτοῦ,
1613 2688 1704 2744 καὶ
1761 2687 1851 2743 ἐπὶ
1904 2688 2005 2756 τήν

345 2785 568 2859 Θρᾴκην
601 2782 774 2838 ἱλθὼν
804 2781 893 2837 καὶ
927 2779 1256 2851 τελευτήσας
1311 2777 1423 2836 ἐκεῖ
1482 2779 1760 2835 θάπτεται.
1812 2777 2007 2850 Τούτῳ

342 2880 427 2947 τῷ
468 2876 629 2948 Ἀρεῖ
683 2872 908 2948 πρώτην
970 2868 1179 2941 στήλην
1245 2867 1538 2940 ἀνέστησαν
1599 2868 1654 2923 οἱ
1705 2865 2007 2941 Ἀσσύριοι,

339 2966 435 3020 καὶ
495 2963 571 3025 ὡς
626 2963 754 3018 Θεὸν
822 2957 1208 3037 προσκυνοῦσι,
1296 2956 1443 3013 Βάαλ
1529 2956 1914 3032 ὀνομάζοντες,
1976 2955 2006 3011 6'

341 3052 703 3129 ὶρμηνεῦεται
761 3052 935 3125 ’Ἄρης
1004 3046 1267 3123 πολέμων
1336 3046 1490 3110 Θεός.
1558 3046 1704 3102 Μετᾶ
1766 3050 1962 3102 τοῦτον
2030 3047 2207 3120 Δάμις
2276 3052 2385 3103 τῶν
2450 3046 2749 3124 Ἀσσυρίων

2118 1979 2255 2047 ratu
2279 1973 2671 2030 difficillimus
2698 1974 2972 2031 bellator.
3006 1977 3059 2030 ls
3088 1976 3436 2043 Caucasum,
3462 1983 3769 2048 potentem

2121 2063 2427 2119 hominem
2460 2069 2519 2120 et
2573 2064 3008 2137 gigantigenam
3068 2081 3137 2119 ex
3189 2065 3379 2136 Japeti
3440 2056 3769 2123 ditiOnibus

2118 2152 2447 2226 profectum
2477 2170 2786 2227 aggressus
2808 2154 2964 2210 bello
3002 2154 3138 2210 vicit
3160 2159 3218 2210 et
3247 2155 3484 2221 occidit,
3517 2156 3767 2228 ejusque

2119 2243 2405 2299 ditionem
2437 2243 2917 2314 occupavit.Post
2936 2244 2996 2299 in
3028 2244 3335 2300 Thraciam
3361 2246 3540 2311 venit,
3568 2245 3771 2318 ibique

2118 2333 2237 2388 vita
2265 2332 2505 2388 functus
2526 2338 2584 2387 et
2643 2333 2970 2389 tumulatus
3025 2338 3134 2390 est.
3186 2336 3333 2390 Huic
3362 2335 3529 2392 Marti
3589 2336 3769 2407 primo

2120 2426 2375 2479 statuam
2399 2428 2729 2494 posuerunt
2756 2422 3004 2494 Assyrii,
3036 2428 3213 2497 atque
3249 2429 3314 2479 ut
3342 2424 3521 2481 deum
3555 2424 3770 2481 adora-

2117 2515 2349 2575 yerunt,
2383 2511 2623 2568 Baalum
2642 2512 3059 2579 nominantes;
3098 2512 3257 2585 quod
3290 2519 3463 2571 sonat
3522 2516 3769 2571 Martem

2113 2600 2409 2657 bellorum
2424 2600 2770 2656 deum.Post
2786 2601 2944 2657 hunc
2959 2601 3152 2657 Lamus
3167 2602 3421 2674 Assyriis
3438 2604 3769 2675 imperavit.

2117 2691 2179 2745 Ei
2231 2690 2665 2762 Sardanapalus
2719 2699 3113 2764 cognomento
3172 2694 3410 2765 Magnus
3459 2695 3771 2760 successit,

2116 2796 2294 2850 quem
2320 2780 2574 2835 Perseus
2602 2779 2761 2834 Jovis
2783 2797 2852 2835 ex
2874 2781 3071 2836 Danae
3104 2780 3261 2836 filius
3293 2781 3592 2837 interfecit
3618 2800 3632 2847 ;
3680 2800 3771 2838 re-

2115 2887 2348 2943 gnoque
2372 2871 2628 2942 Assyriis
2655 2871 2932 2944 adempto
2966 2888 3067 2927 eos
3098 2889 3132 2928 a
3179 2889 3240 2928 se
3270 2873 3477 2929 Persas
3498 2873 3773 2929 denomi-

2116 2960 2297 3025 navit,
2330 2960 2522 3032 iisque
2557 2977 2662 3032 per
2691 2963 2757 3014 53
2789 2976 2978 3015 annos
3005 2960 3334 3033 imperavit.

2845 3041 3212 3116 ἐϐασίλευσεν,
3299 3050 3415 3103 εἶτα
3486 3045 3770 3124 Σαρδανά-

339 3140 575 3203 παλεςὸ
611 3137 892 3215 μέγας,ὅν
941 3137 1033 3193 καὶ
1100 3138 1130 3192 6
1189 3137 1311 3199 Διὸς
1367 3135 1457 3190 καὶ
1506 3135 1712 3206 Δανάης
1771 3134 1887 3198 υἱὸς
1953 3135 2183 3209 Περσεὺς
2252 3134 2594 3204 ἀποκτείνας,
2660 3135 2749 3191 καὶ
2809 3136 2916 3191 ἀπὸ
2966 3136 3268 3212 Ἀσσυρίων
3326 3138 3427 3206 τὴν
3486 3134 3768 3214 βασιλείαν

336 3230 705 3309 ἀφελόμενος,
736 3228 814 3293 εἷς
840 3228 902 3284 τὸ
936 3224 1074 3283 ἴδιον
1108 3223 1285 3299 ὄνομα
1317 3224 1524 3301 [Ismuc
1551 3225 1931 3299 μετωνόμασεν
1962 3224 2179 3297 αὐτοὺς,
2205 3226 2296 3281 καὶ
2327 3220 2671 3281 ἐϐασίλευσεν
2704 3226 2880 3281 αὐτῶν
2914 3219 3006 3296 ἔτη
3039 3226 3133 3301 νγῖ

414 3322 509 3391 Μὴ
541 3317 849 3377 λανθανέτω
880 3314 940 3372 δὲ
980 3311 1190 3390 μηδενα
1229 3315 1530 3390 ἀνθρώπων
1579 3318 1688 3369 τῶν
1740 3312 1999 3385 ἀληθείας

2187 3319 2387 3389 Neque
2417 3334 2553 3373 vero
2586 3317 2903 3389 quisquam
2934 3316 3197 3372 veritatis
3219 3316 3520 3374 studiosus
3546 3318 3779 3390 ignoret

342 3408 837 3483 ἆντιποιουμὲνων.
897 3406 985 3462 ὅτι
1063 3411 1232 3470 Πῖκος
1308 3403 1472 3467 οὗτος
1532 3404 1561 3459 6
1616 3406 1746 3465 Ζεὺς
1806 3404 2022 3461 πάντων

345 3500 657 3576 ἀνθρώπων
705 3502 815 3554 τῶν
878 3497 972 3551 ἀπ’
1031 3494 1230 3560 αἰῶνος
1287 3496 1371 3571 [Ρ.
1432 3496 1522 3569 17]
1581 3494 2021 3571 ὲξεγηγερμὲνων

348 3590 599 3661 πλάνων,
633 3589 875 3665 γοήτων,
939 3588 1373 3665 φαντασιαστῶν,
1418 3584 1601 3659 μάγων
1648 3580 1861 3655 δεινῶν,
1920 3605 2024 3658 μυ-

358 3686 570 3756 σαρῶν,
603 3676 871 3735 τελεστῶν
902 3674 1170 3744 ἰκτόπων,
1200 3674 1363 3738 αὐοὸς
1394 3673 1462 3744 ἦν
1523 3673 1903 3750 μυσαρώτερος
1932 3673 2024 3728 καὶ

362 3768 808 3846 δραστικώτσρος
838 3766 930 3822 καὶ
989 3762 1422 3843 βδελυρώτερος,
1471 3761 1750 3839 μοιχείαις
1798 3762 1889 3817 καὶ
1931 3762 2024 3817 ἀν-

364 3858 691 3933 δρομανίαις
719 3855 810 3911 καὶ
841 3854 1262 3930 ἆρῥητοποιίαις
1290 3874 1347 3908 τε
1386 3854 1584 3915 πάσαις
1641 3851 1729 3907 καῖ
1785 3851 2029 3925 μιαρίαις

359 3948 453 4004 καὶ
486 3944 839 4020 ἁκαθαρσίαις
896 3943 988 3998 καὶ
1044 3940 1241 4004 πάσαις
1294 3938 1742 4016 ἀθεμιτουργίαις
1800 3940 1891 3995 καὶ
1940 3940 2028 3995 αἰ-

367 4033 708 4117 σχρουργίας
729 4033 1104 4109 ἑναγεστάταις
1136 4029 1196 4087 ἐκ
1222 4030 1420 4101 νηπίου
1466 4029 1572 4092 ’ὲως
1616 4030 1805 4085 ἑκατὸν
1854 4029 2025 4086 ε’ἶκοσι

367 4126 587 4204 χρόνων
619 4131 720 4194 τῆς
756 4129 899 4193 ζωῆς
928 4120 1092 4178 αὐτοῦ
1124 4124 1380 4195 (τοσαῦτα
1408 4121 1513 4197 γὰρ
1542 4141 1698 4197 φασιν
1728 4118 1890 4176 αὐτὸν
1923 4126 2026 4191 ζῆ⁹

370 4219 488 4291 σαι)
520 4212 866 4295 ἐσχολακὼς.
896 4213 1101 4277 πάντας
1128 4212 1255 4275 τοὺς
1286 4211 1393 4287 πρὸ
1418 4209 1584 4267 αὐτοῦ
1606 4211 1695 4266 καὶ
1721 4212 1836 4285 μετ’
1867 4211 2028 4269 αὐτόν

373 4306 672 4381 ἆθεμίτους
740 4298 1086 4380 ὑπερϐαλών.
1168 4305 1388 4375 Πνεῦμα
1472 4302 1576 4377 γὰρ
1637 4300 1881 4381 θεμάχον
1936 4304 2028 4381 καί

366 4396 805 4471 ἀκαθαρτότατον
855 4394 1071 4449 πάντων
1126 4392 1451 4466 πνευμάτων
1512 4395 1766 4465 πονηρῶν
1826 4391 1891 4462 ἧν
1944 4378 2029 4448 ἐπ’

366 4489 542 4561 αὑτῷ,
584 4485 646 4549 ὅς
676 4483 765 4541 ἰπὶ
795 4484 1021 4547 πλείους
1048 4482 1289 4560 χρόνους
1337 4485 1439 4548 τῆς
1487 4479 1721 4544 Ἰταλίας
1772 4480 2028 4558 βασιλεύ-

366 4599 463 4641 τας
495 4575 566 4632 δι’
599 4571 911 4652 ὑπερϐολὴν
940 4578 1035 4630 τοῦ
1088 4572 1315 4648 ὑψίστου
1353 4571 1444 4627 καὶ
1498 4572 1665 4647 μόνου
1723 4570 1858 4629 Θεοῦ
1920 4593 2026 4647 μα-

2123 3408 2328 3483 Picum
2386 3408 2591 3476 istum,
2652 3408 2752 3480 qui
2811 3413 2869 3464 et
2924 3407 3151 3480 Juyiter
3211 3407 3450 3477 dicitur,
3509 3410 3779 3466 omnium

2123 3505 2390 3572 quoquot
2438 3499 2510 3555 ab
2555 3500 2717 3554 omni
2779 3516 2900 3555 ωνο
2948 3499 3305 3556 exstiterunt
3363 3500 3779 3573 impostorum,

2123 3590 2645 3664 praestigiatorum,
2678 3589 2845 3645 falsis
2868 3588 3225 3663 imaginibus
3253 3590 3613 3655 ludentium,
3634 3591 3781 3648 diris

2123 3685 2301 3751 atque
2332 3679 2754 3735 abominandis
2778 3679 2870 3735 8|
2912 3678 3138 3734 artibus
3171 3681 3416 3753 magicis
3451 3681 3779 3749 utentium,

2125 3770 2419 3827 sacriﬁcia
2438 3769 2511 3826 ab
2524 3788 2634 3827 usu
2658 3771 2969 3826 hominum
2991 3770 3374 3828 abhorrentia
3403 3772 3778 3838 abeuntium,

2127 3860 2584 3933 turpitudinem,
2616 3860 2991 3917 atrocitatem
3048 3861 3576 3933 impuritatemque
3601 3880 3780 3936 supe-

2128 3967 2293 4007 rasse
2322 3968 2335 4005 :
2370 3951 2589 4022 quippe
2600 3951 2730 4022 jam
2752 3950 2891 4006 inde
2915 3968 2949 4006 a
2970 3951 3227 4022 pueritia
3243 3951 3782 4019 adulteriis,mares

2129 4039 2535 4112 depereundo,
2567 4039 2728 4096 dictu
2784 4039 2956 4096 foedis
3018 4040 3367 4096 libidinibus
3442 4059 3511 4097 ac
3583 4041 3781 4109 factis,

2129 4134 2327 4185 omnis
2383 4129 2621 4201 generis
2673 4129 3040 4185 obscenitate
3106 4136 3285 4201 atque
3342 4130 3687 4203 impuritate
3715 4149 3785 4188 ac

2131 4220 2438 4293 quibusvis
2468 4218 2710 4291 flagitiis
2741 4218 3061 4291 impiisque
3093 4235 3273 4290 supra
3296 4237 3477 4291 quam
3534 4221 3650 4277 dici
3676 4239 3789 4294 po-

2131 4315 2246 4366 test
2275 4308 2599 4364 sceleribus
2631 4307 2887 4377 deditus,
2914 4324 3100 4380 usque
3129 4309 3204 4363 ad
3238 4325 3464 4364 annum
3528 4310 3627 4363 120
3673 4312 3786 4382 (tot

2132 4399 2289 4456 enim
2316 4398 2531 4454 vixisse
2570 4397 2779 4470 fertur)
2812 4396 3217 4469 turpissimam
3248 4398 3425 4453 vitam
3482 4399 3778 4470 produxit,

2129 4488 2427 4563 prioribus
2460 4487 2831 4560 posterisque
2854 4486 3134 4543 omnibus
3162 4488 3265 4560 qui
3315 4488 3600 4545 scelerate
3633 4490 3786 4546 vixe-

2131 4585 2273 4637 runt
2300 4596 2335 4636 a
2361 4595 2424 4634 se
2455 4594 2526 4633 ea
2554 4595 2616 4633 re
2650 4576 2965 4650 superatis.
2990 4578 3134 4632 Nam
3178 4577 3392 4650 spiritu
3421 4578 3540 4635 Deo
3571 4577 3781 4635 adver-

366 4665 695 4745 κροθυμίας,
738 4666 828 4723 καὶ
886 4666 1059 4727 πάσας
1113 4663 1279 4741 κόρας
1327 4662 1564 4761 ῶραίας,
1622 4660 1762 4761 ὅσας.
1808 4661 2014 4761 λίχνοιι

2136 4674 2303 4726 sante
2320 4667 2709 4738 omniumque
2732 4665 3050 4739 spirituum
3064 4665 3358 4723 malorum
3378 4667 3784 4740 impurissimo

367 4756 512 4816 εἶδεν
545 4757 877 4835 ὀφθαλμοῖς,
908 4752 1247 4833 διαφθείρας,
1298 4750 1375 4815 εἷς
1425 4752 1469 4807 o'
1521 4749 1883 4825 ποσουμὲνας,
1933 4750 2025 4806 καὶ

364 4853 490 4911 ταῖς
535 4843 774 4908 πολλαῖς
831 4843 1009 4901 αὐτῶν
1066 4844 1204 4918 μετά
1259 4845 1564 4921 φαντασιῶν
1623 4839 1876 4917 ἆρῥήτων
1932 4839 2022 4895 καὶ

365 4941 650 5014 μυστικῶν
708 4935 1134 5007 συναπτόμενος,
1182 4932 1243 4988 οὐ
1288 4932 1396 5006 μήν
1447 4927 1505 4986 δὲ
1557 4928 1706 4985 ἀλλὰ
1761 4930 1848 4985 καὶ
1905 4932 2022 4991 ταῖς

359 5026 582 5084 πλείοσι
665 5030 774 5082 τῶν
866 5021 1033 5079 αὐτοῦ
1110 5020 1441 5096 θυγατέρων,
1502 5021 1622 5085 θεὸν
1690 5015 2022 5097 φημίζεσῧαι

358 5122 555 5175 τοῦτον
614 5113 703 5171 καῖ
753 5111 1216 5188 ἀνακηρύττεσθαι
1273 5115 1390 5174 τοίς
1468 5107 1705 5170 πολλοῖς
1757 5109 2018 5164 ἀνέπεισε.

364 5209 465 5265 Καὶ
496 5192 560 5262 τὸ
590 5204 658 5276 δή
686 5210 880 5285 χεῖρον
909 5195 988 5258 ἔτι
1018 5201 1214 5256 τούτου
1245 5199 1335 5255 καὶ
1393 5198 1758 5272 ἀτοπώτερον,
1808 5198 1891 5252 ὅτι
1929 5196 2019 5252 καὶ

366 5298 506 5373 μετὰ
535 5297 634 5364 τήν
662 5294 830 5350 αἰ»τοῦ
859 5289 1117 5361 τελευτὴν
1146 5290 1236 5346 καὶ
1274 5290 1451 5370 ταφήν
1503 5289 1602 5357 τὴν
1655 5286 1708 5343 ἐν
1749 5291 1819 5362 τῇ
1869 5289 2016 5363 Κρής

358 5412 454 5467 τῃ,
514 5389 652 5444 κατὰ
711 5385 999 5462 πρόσταξιν
1053 5381 1240 5449 αὐτοῦ,
1300 5381 1354 5437 οἱ
1410 5380 1613 5436 οἰκεῖον
1670 5377 1834 5435 αὐτοῦ
1889 5379 2016 5434 ναὸν

355 5484 448 5537 καὶ
512 5482 786 5554 μνημεῖον
877 5470 1345 5551 οἰκοδομήσαντες
1426 5469 1753 5545 κατὲθαψαν,
1823 5470 1870 5543 ᾧ
1925 5469 2015 5525 καὶ

354 5572 529 5635 οὕτως
587 5567 925 5645 ἐπέγραψαν
981 5589 1009 5617 ιι
1071 5556 1292 5628 Ἐνθάδε
1341 5566 1515 5618 κεῖται
1570 5560 1744 5615 θανὼν
1792 5565 1956 5623 Πῖκος
1987 5560 2016 5617 6

350 5664 438 5721 καὶ
469 5660 622 5725 Ζεύς.
656 5683 687 5714 n
721 5655 820 5713 Καὶ
885 5654 1022 5729 μετᾶ
1076 5656 1246 5708 ταῦτα
1275 5654 1311 5723 ἡ
1344 5654 1442 5708 τοῦ
1501 5654 1792 5725 θεομισοῦς
1848 5649 2014 5707 αὐτοῦ

348 5754 435 5811 καὶ
492 5745 848 5830 ὁπερηφὲνην
908 5740 1218 5817 πνεύματος
1308 5740 1455 5815 ὄσμή
1513 5742 1610 5811 τὴν
1677 5739 2010 5818 οἰκουμένην

2133 4758 2434 4833 agebatur.
2472 4760 2523 4813 Is
2545 4757 2719 4813 Picus
2741 4772 2879 4812 eum
2901 4771 3009 4828 per
3033 4758 3151 4812 tam
3175 4756 3393 4812 multos
3424 4774 3633 4825 annos,
3666 4758 3785 4816 Deo

2134 4847 2585 4923 longanimitate
2634 4863 2870 4903 summa
2898 4846 3011 4902 hoc
3042 4847 3398 4916 sustinente,
3430 4847 3663 4906 Italiam
3694 4866 3789 4906 re-

2133 4940 2340 5006 xisset,
2392 4954 2721 5009 omnesque
2766 4936 3059 4993 formosas
3113 4936 3360 5008 puellas,
3397 4955 3782 5011 quascunque

2132 5028 2413 5085 mollibus
2437 5026 2559 5083 suis
2590 5026 2783 5083 oculis
2831 5025 3078 5094 viderat,
3110 5028 3494 5099 corrupisset,
3528 5045 3781 5099 quarum

2131 5133 2418 5173 numerus
2446 5115 2522 5172 ad
2552 5118 2620 5169 '70
2651 5114 2965 5187 colligitur,
2997 5113 3285 5185 quasdam
3308 5115 3486 5171 etiam
3522 5116 3783 5175 infandis

2131 5222 2199 5261 ac
2229 5204 2495 5277 mysticis
2526 5202 2998 5275 apparitionibus
3031 5201 3291 5268 delusas,
3324 5220 3574 5274 cumqus
3630 5204 3780 5263 adeo

2127 5294 2441 5368 plerasque
2474 5310 2611 5350 suas
2657 5292 2809 5349 illius
2849 5292 3134 5359 vitiasset,
3166 5291 3360 5348 malus
3408 5293 3508 5349 illc
3540 5295 3783 5367 spiritus

2130 5384 2500 5441 multitudini
2534 5390 2730 5440 tamen
2755 5383 3049 5455 persuasit
3078 5390 3142 5439 ut
3164 5400 3300 5439 eum
3324 5382 3500 5440 deum
3525 5402 3784 5458 pronun-

2128 5474 2362 5531 tiarent.
2397 5474 2462 5530 Id
2491 5489 2627 5530 vero
2650 5473 2912 5529 deterius
2936 5471 3130 5527 adhuc
3190 5479 3279 5528 est
3325 5478 3383 5529 et
3439 5474 3777 5537 absurdius.

2127 5565 2286 5638 quod
2317 5581 2452 5621 cum
2484 5568 2753 5619 mortuus
2786 5568 2844 5618 et
2875 5562 3051 5634 (quod
3086 5561 3490 5638 mandaverat)
3519 5565 3583 5623 in
3606 5569 3779 5626 Creta

2066 5700 2087 5711 -
2126 5655 2395 5728 sepultus
2428 5659 2603 5725 esset,
2627 5652 2725 5711 ubi
2760 5651 3081 5707 necessarii
3118 5651 3171 5708 ei
3195 5652 3438 5711 humato
3472 5655 3674 5712 fanum
3705 5675 3777 5716 ac

2124 5751 2580 5803 monumentum
2612 5747 3030 5801 exstruxerunt
3053 5760 3186 5801 cum
3222 5743 3331 5801 hac
3354 5746 3774 5817 inscriptione:
