4118 6416
382 327 462 386 59
1745 326 2062 391 GEORGII
2105 326 2443 391 GEDRENI
3728 346 3808 408 60

385 484 413 512 «
444 461 588 519 Huic
612 461 760 519 situs
782 467 874 518 est
921 465 1117 533 Picus,
1151 466 1253 538 qui
1277 470 1336 521 et
1381 466 1627 537 Jupiter,
1662 468 1956 532 mortuus,
2006 483 2034 511 »

2155 456 2540 536 διατρέχουσα,
2585 462 2857 555 βασιλέων
2916 486 2974 555 τε
3029 468 3118 522 καὶ
3172 468 3458 545 ἀρχόντων
3507 472 3595 529 καὶ
3658 473 3806 555 λαῶν

386 552 705 607 Postmodo
724 552 871 608 odor
882 553 992 609 deo
1014 555 1240 610 inimici
1264 554 1427 610 illius
1443 572 1511 610 ac
1532 553 1769 627 superbi
1790 552 2045 624 quicum

382 647 619 696 rexerat
639 641 905 712 spiritus,
925 643 1130 699 orbem
1158 649 1448 700 terrarum
1472 660 1650 699 cursu
1672 647 2042 715 pervagatus,

382 746 586 804 regum
618 730 983 803 principum,
1009 733 1364 805 populorum
1395 734 1781 806 gentiumque
1831 731 2048 787 stolida

383 820 563 877 corda
577 820 936 892 implevit,ut
951 823 1168 877 animis
1184 822 1422 878 inscitia
1438 827 1615 894 atque
1630 821 1937 894 impietate
1954 837 2047 875 oc-

383 910 612 983 cupatis
626 910 785 966 hunc
804 910 953 967 falso
969 912 1346 968 nominatum
1360 912 1538 968 deum
1551 911 2045 982 Jovem,aliosque

384 1000 565 1072 hujus
587 999 814 1056 similes
863 1006 922 1055 et
977 1006 1259 1074 cognatos
1318 1001 1647 1069 damones,
1697 1001 1798 1057 82
1847 1000 2048 1057 divino

383 1089 548 1145 cultu
579 1094 756 1161 atque
782 1090 1135 1146 adoratione
1169 1107 1238 1147 eo
1270 1108 1461 1163 usque
1494 1092 1878 1159 honorarent,
1903 1090 2046 1146 dum

384 1177 639 1233 Verbum
658 1178 761 1235 Dei
784 1195 1029 1235 carnem
1061 1179 1278 1248 induit,
1314 1180 1497 1254 idque
1524 1180 1801 1254 gentibus
1839 1179 2045 1236 beato-

381 1282 512 1327 rum
533 1266 941 1337 apostolorum
960 1284 1028 1322 ac
1053 1273 1380 1339 martyrum
1402 1268 1741 1324 ministerio
1765 1268 2045 1323 innotuit.

382 1358 636 1411 Narrant
655 1356 814 1411 hunc
830 1357 1032 1412 Jovem
1055 1373 1122 1413 ac
1142 1362 1398 1413 matrem
1422 1358 1553 1430 ejus
1594 1356 2047 1413 Semiramidem

378 1444 800 1518 reliquumque
824 1445 955 1518 ejus
973 1462 1158 1518 genus
1187 1446 1505 1503 Abrahami
1526 1452 1699 1502 atate
1723 1446 2048 1503 exstitisse.

381 1534 783 1591 Conveniebat
833 1536 995 1591 enim
1046 1542 1113 1591 ut
1168 1554 1349 1608 quam
1381 1542 1616 1593 atatem
1668 1536 1944 1593 diabolus
1972 1536 2048 1592 ad

384 1623 712 1695 perniciem
773 1618 979 1680 multis
1035 1642 1219 1697 opera
1271 1625 1615 1681 invisissimi
1664 1625 1838 1681 istius
1892 1624 2047 1680 Jovis

387 1710 732 1767 struendam
763 1711 1085 1786 delegerat,
1112 1712 1319 1769 eadem
1351 1714 1531 1769 etiam
1565 1731 1736 1770 verus
1765 1715 1920 1771 Deus
1952 1730 2048 1770 sa-

2156 550 2424 605 ἀσυνέτων
2476 551 2563 605 καὶ
2619 550 2784 616 ἐθνῶν
2841 551 3066 629 καρδίας
3124 555 3485 631 πληρώσασι,
3541 560 3646 626 ἕως
3703 554 3803 635 τῆς

2152 640 2248 694 τοῦ
2311 641 2490 715 Λόγου
2548 645 2684 696 Θεοῦ
2769 646 3093 712 σαρκώσεως
3150 647 3240 702 καὶ
3291 646 3379 705 ἐπὶ
3442 650 3506 705 τὰ
3552 647 3674 725 ἔθνη
3733 652 3805 710 δι’

2155 727 2480 784 ἀποστόλων
2531 730 2697 806 ἀγίων
2758 731 2846 787 καὶ
2908 735 3194 810 μαρτύρων
3256 735 3569 810 ἀναδείξεως
3627 748 3800 799 πᾶσαν

2153 819 2339 907 ψυχὴν
2374 818 2564 894 ἀγνοίᾳ
2602 821 2692 875 καὶ
2748 817 2963 894 ἀσεϐείᾳ
3020 826 3355 900 κρατουμένη
3415 828 3488 891 εἰς
3547 829 3800 907 λατρείαν

2152 906 2243 962 καὶ
2273 907 2642 982 προσκύνησιν
2698 915 2796 965 τοῦ
2848 910 3209 988 ψευδωνύμου
3266 922 3400 973 Θεοῦ
3458 906 3663 975 οούτουγ
3706 926 3804 977 τοῦ

2155 996 2277 1051 Διὸς
2308 998 2674 1071 προετρέπετο
2728 1000 2817 1054 καὶ
2873 1005 2980 1056 τῶν
3038 1003 3246 1076 ὁμοίων
3303 1006 3471 1062 αὐτοῦ
3531 1005 3805 1082 δαιμόνων

2152 1086 2241 1140 καὶ
2274 1091 2568 1175 συγγενῶν.
2604 1089 2763 1145 Εἶναι
2794 1090 2850 1145 δὲ
2894 1092 2993 1160 τήν
3051 1092 3247 1149 τούτου
3308 1097 3518 1173 μητέρα
3567 1101 3804 1175 Σεμίρα-

2158 1196 2247 1249 μιν
2279 1174 2560 1231 καῖαὗτὸν
2603 1178 2693 1233 τὸν
2754 1180 2851 1234 Δία
2906 1182 2995 1236 καὶ
3054 1184 3154 1252 τὴν
3210 1187 3391 1260 γενεὰν
3446 1189 3613 1243 αὐτοῦ
3669 1174 3805 1245 κατὰ

2151 1264 2299 1353 ’τοὺςΔ
2334 1266 2574 1353 χρόνους
2631 1268 2907 1343 ἱστοροῦσι
2972 1270 3070 1326 τοῦ
3115 1268 3384 1349 Ἀϐραὰμ·
3447 1271 3644 1353 ἔπρεπε
3699 1279 3806 1353 γὰρ

2151 1357 2248 1407 τοῦ
2280 1349 2544 1409 διαϐόλου
2572 1355 2645 1418 εἰς
2679 1354 2863 1430 λύμην
2891 1357 3119 1415 πολλῶν
3167 1362 3267 1430 τήν
3321 1364 3457 1418 κατά
3512 1349 3602 1419 τὸν
3656 1349 3808 1441 ἔχθι-

2152 1462 2278 1498 στον
2316 1447 2509 1499 τοῦτον
2565 1445 2661 1500 Δία
2717 1446 2903 1523 γενεὰν
2951 1447 3329 1523 έκλεξαμένου,
3387 1453 3511 1509 τότε
3564 1454 3654 1510 καὶ
3710 1455 3803 1509 τὸν

2154 1531 2281 1587 Θεὸν
2328 1532 2419 1586 τὸν
2474 1531 2657 1604 ἀληθῆ
2729 1535 2805 1599 εἰς
2861 1534 3064 1593 πολλῶ
3119 1539 3393 1615 σωτηρίαν
3450 1543 3541 1603 τὸν
3600 1541 3808 1598 δίκαιον

2150 1618 2377 1676 καλέσαι
2409 1616 2684 1697 Ἀϐραὰμ.
2734 1624 2908 1688 Οὗτος
2968 1627 2996 1680 6
3054 1629 3181 1691 Ζεὺς
3239 1629 3377 1705 πρὸς
3433 1637 3550 1694 τοῖς
3608 1630 3804 1694 ἄλλοις

2151 1712 2291 1771 υἱοῖς
2324 1707 2453 1785 ἔσχε
2482 1711 2569 1766 καὶ
2623 1716 2835 1768 Φαῦνον
2892 1716 2979 1770 καὶ
3033 1717 3245 1791 Περσέα
3300 1717 3391 1773 καὶ
3449 1716 3802 1776 Ἀπόλλωνα·

381 1799 524 1855 lutis
557 1800 881 1857 multorum
905 1818 1084 1857 causa
1104 1802 1335 1873 justum
1363 1802 1763 1858 Abrahamum
1787 1806 2034 1860 vocaret.

2154 1796 2299 1853 ἀλλά
2353 1800 2447 1854 τὸν
2500 1801 2594 1872 μὲν
2656 1808 2872 1858 Φαΰνον
2932 1804 3015 1860 ἐπ’
3072 1807 3299 1879 ὀνόματι
3356 1813 3454 1863 τοῦ
3520 1810 3803 1879 πλάνητος

380 1890 610 1961 Jupiter
634 1906 769 1945 cum
801 1890 951 1946 alios
982 1890 1159 1961 ﬁlios,
1195 1896 1319 1946 tum
1351 1891 1640 1962 Faunum,
1670 1894 1953 1948 Perseum
1986 1897 2034 1948 et

2154 1886 2376 1963 ἀστέρος
2433 1889 2682 1947 ἐκάλεσεν
2743 1894 2970 1969 Ἐρμῆν,
3029 1894 3089 1959 ὅς
3143 1896 3234 1951 καὶ

376 1978 714 2051 Apollinem
747 1978 971 2034 habuit.
1006 1981 1089 2035 Ac
1120 1981 1387 2037 Faunum
1437 1981 1682 2054 quidem
1728 1981 2041 2054 desumpto

379 2072 452 2128 ab
486 2077 721 2128 errante
753 2072 927 2128 stella
978 2072 1222 2129 nomine
1256 2075 1611 2131 Mercurium
1662 2074 1985 2147 appellavit
2022 2093 2040 2143 ;

379 2163 550 2233 isque
582 2178 616 2216 a
648 2167 836 2217 morte
851 2162 1011 2216 Jovis
1031 2178 1284 2237 regnum
1305 2163 1489 2219 Italiae
1522 2180 1711 2220 annos
1734 2166 1800 2218 35
1826 2165 2038 2233 tenuit;

382 2252 561 2306 homo
592 2250 704 2305 fuit
744 2256 1037 2320 versutus,
1071 2252 1551 2324 mathematicus,
1584 2252 2039 2311 disertissimus.

381 2340 526 2395 Cum
558 2356 693 2395 vero
726 2339 963 2396 insidiis
1001 2341 1371 2413 reliquorum
1427 2342 1677 2398 fratrum
1736 2348 2045 2415 peteretur

379 2429 564 2503 (ﬁlius
594 2429 757 2485 enim
807 2430 1052 2486 Maiadis
1082 2431 1355 2488 mulieris
1388 2437 1536 2497 erat,
1573 2448 1751 2503 quam
1779 2432 1840 2487 iu
1873 2431 2043 2488 Italia

375 2522 631 2593 primam
654 2522 863 2577 habuit
884 2539 1130 2578 uxorem
1151 2524 1385 2595 Jupiter
1409 2540 1421 2589 ;
1449 2540 1519 2579 ac
1550 2529 1685 2596 post
1726 2540 1857 2581 eam
1909 2524 2043 2579 Ale-

376 2627 615 2667 menem
647 2611 1010 2677 Thebanam,
1045 2629 1177 2683 qua
1208 2614 1261 2669 ei
1299 2614 1690 2685 trivesperum
1725 2613 2040 2671 Herculem

377 2700 651 2772 peperit,)
684 2718 899 2775 magna
928 2702 980 2755 vi
1013 2703 1141 2757 auri
1170 2703 1589 2759 suffarcinatus
1620 2704 1679 2758 in
1727 2705 2039 2776 :Egyptum

376 2790 646 2845 venit.lbi
659 2789 733 2846 ob
746 2791 877 2846 auri
892 2791 1020 2863 ejus
1044 2791 2041 2865 larginationem,facundiam,divi~

377 2881 555 2936 nandi
583 2879 895 2937 scientiam
914 2886 973 2936 et
1009 2882 1253 2937 oracula
1290 2883 1586 2956 gratiosus
1620 2882 1811 2938 factus
1832 2901 1900 2939 ac
1930 2902 2037 2957 pro

378 2970 488 3025 deo
512 2969 1059 3033 habitus.Mezromo
1080 2972 1284 3028 Chami
1318 2971 1572 3044 ﬁlio,qui
1605 2989 1854 3045 regnum
1868 2975 2034 3047 Egy-

375 3060 461 3134 pti
482 3065 622 3116 tunc
652 3060 1155 3127 tenebat,mortuo
1182 3061 1558 3135 subrogatur.
1583 3060 1688 3118 Ubi
1714 3078 1849 3119 cum
1880 3063 2035 3119 fastu

379 3155 437 3206 et
466 3147 851 3222 pradictione
910 3149 1271 3218 futurorum,
1325 3150 1473 3206 deus
1518 3150 1876 3223 appellatus,
1927 3169 2034 3224 per

380 3256 568 3295 annos
617 3239 1173 3311 undequadraginta
1202 3240 1262 3294 id
1322 3256 1567 3314 regnum
1600 3241 1801 3313 gessit.
1834 3242 2028 3297 Cate-

378 3345 511 3384 rum
543 3328 776 3401 Apollo,
811 3345 947 3384 cum
975 3328 1047 3384 ab
1081 3329 1322 3385 ineunte
1355 3334 1525 3385 atate
1556 3329 1771 3402 spiritu
1820 3330 2034 3402 Pytho-

378 3418 471 3473 nis
529 3418 741 3474 fuisset
803 3417 1063 3483 afﬂatus,
1110 3417 1279 3490 isque
1321 3418 1567 3490 spiritus
1625 3419 1676 3474 ei
1731 3436 1839 3491 per
1895 3436 2032 3475 om-

376 3523 517 3565 nem
546 3506 727 3562 vitam
770 3507 1076 3571 adfuisset,
1108 3525 1184 3563 ne
1218 3512 1451 3563 mortuo
1498 3508 1740 3580 quidem
1791 3524 1859 3564 eo
1890 3510 2032 3567 ista-

378 3611 510 3650 rum
545 3611 836 3667 nugarum
870 3594 1050 3651 finem
1082 3595 1223 3652 fecit
1244 3596 1536 3652 diabolus.
1589 3596 1840 3653 Maxima
1883 3597 2029 3653 divi-

377 3683 561 3740 nandi
591 3684 872 3740 facultate
903 3684 964 3740 id
992 3701 1179 3758 genus
1201 3686 1444 3757 spiritus
1479 3686 1681 3756 pollet,
1728 3687 1915 3743 multa
1935 3705 2030 3745 ve-

373 3773 753 3849 ra,pleraque
776 3778 976 3829 autem
990 3774 1268 3845 ambigua
1286 3779 1344 3829 et
1384 3775 1668 3846 ancipitia
1701 3774 1775 3830 ob
1793 3777 2031 3849 ignora-

369 3847 596 3917 tionem
621 3862 1036 3919 dicens.88At
1056 3862 1340 3919 Hercules
1355 3863 1415 3920 in
1430 3864 1703 3920 Occiduis
1718 3847 1888 3921 terra
1901 3882 2031 3939 par-

373 3950 532 4006 tibus
546 3950 774 4021 primus
792 3951 1232 4022 philosophiam
1249 3952 1711 4027 instituit,quem
1727 3958 2029 4011 mortuum

372 4040 445 4096 ab
478 4041 605 4112 ipso
636 4040 908 4112 prognati
940 4041 1002 4096 in
1033 4040 1282 4097 deorum
1318 4058 1637 4098 numerum
1668 4044 2025 4114 retulerunt,

372 4129 658 4201 sidusque
683 4131 745 4186 in
775 4130 923 4186 calo
949 4131 1191 4187 nomine
1225 4133 1355 4203 ejus
1404 4132 1749 4189 affecerunt.
1810 4134 2027 4190 Hercu-

375 4219 492 4276 lem
542 4220 722 4277 istum
753 4221 1006 4291 pingunt
1060 4220 1340 4276 indutum
1392 4222 1523 4277 loco
1581 4223 1761 4278 vestis
1818 4224 2026 4280 exuvio

374 4308 587 4378 leonis,
622 4309 847 4365 clavam
877 4309 1168 4366 ferentem
1226 4328 1295 4367 ac
1346 4312 1459 4367 tria
1510 4316 1815 4369 tenentem
1846 4314 2025 4384 mala,

375 4416 504 4471 qua
535 4399 878 4456 fabulantur
907 4416 1043 4454 cum
1074 4400 1334 4456 dracone
1391 4400 1556 4457 clava
1599 4403 1793 4458 occiso
1824 4403 2025 4461 abstu-

371 4490 537 4558 lisse,
569 4491 680 4545 hoc
703 4495 1001 4559 notantes,
1028 4507 1163 4546 eum
1196 4492 1350 4548 mala
1403 4509 1472 4548 ac
1530 4495 1687 4550 varia
1732 4494 2027 4566 cupidita-

3323 1899 3458 1972 μετὰ
3510 1901 3608 1969 τήν
3680 1902 3803 1963 Διὸς

2149 1976 2409 2047 τελευτὴν
2466 1974 2780 2037 ἐϐασίλευσε
2862 1989 2962 2053 τῆς
3044 1985 3280 2050 Ἰταλίας
3349 1982 3443 2059 ἔτη
3511 1991 3806 2063 τριάκοντα

2150 2067 2326 2140 πέντε,
2358 2067 2425 2136 ἧν
2459 2066 2515 2124 δὶ
2570 2074 2875 2147 πανοῦργος
2935 2074 3068 2148 ἀνὴρ
3128 2074 3216 2130 καὶ
3277 2078 3656 2151 μαθηματικὸς
3711 2079 3804 2135 καὶ

2151 2154 2517 2244 λογιώτατος.
2550 2160 2701 2220 Ἐπεὶ
2736 2158 2793 2217 δὲ
2827 2163 2931 2219 ὑπὸ
2985 2169 3090 2219 τῶν
3146 2164 3336 2222 ἄλλων
3387 2164 3636 2244 ἀδελφῶν
3683 2169 3807 2226 έπε-

2153 2240 2424 2318 ϐουλεύθη
2457 2247 2641 2321 (αὐτὸς
2669 2251 2773 2327 γὰρ
2815 2250 3061 2315 Μαιάδος
3116 2257 3373 2329 γυναικὸς
3430 2257 3498 2327 ἦν
3536 2240 3685 2327 ὐὶὸς,
3739 2259 3808 2329 ἣν

2149 2336 2374 2424 erg-{nvi
2404 2332 2560 2424 ἔσχεν
2586 2339 2614 2394 6
2663 2341 2790 2403 Ζεὺς
2823 2340 2876 2395 ἐν
2932 2342 3162 2414 Ἰταλίᾳ,
3214 2342 3544 2419 Ἀλκμήνην
3593 2350 3679 2423 [Ρ.
3716 2351 3803 2424 18]

2151 2421 2208 2512 δὲ
2236 2426 2336 2495 τήν
2376 2421 2615 2496 Θηϐαίαν
2677 2430 2791 2501 μετ’
2848 2430 3040 2500 αὐτὴν,
3101 2432 3150 2502 ἐξ
3208 2435 3275 2502 ἧς
3340 2435 3433 2490 τὸν
3486 2421 3805 2512 τριέσπερον

2149 2508 2304 2589 ἔσχεν
2345 2515 2655 2592 Ἡρακλέα),
2707 2518 2879 2575 πολὺν
2935 2522 3138 2595 χρυσὸν
3196 2508 3683 2599 έγκοκπωσάμενος
3709 2508 3807 2591 ἐἰς

2147 2602 2434 2682 Αἴγυπτον
2463 2605 2623 2676 ἦλθε,
2655 2608 2748 2664 καὶ
2776 2614 2845 2684 τῇ
2873 2611 3068 2665 τούτου
3100 2609 3341 2669 ἐπιδόσει
3374 2615 3465 2669 καὶ
3521 2620 3601 2687 τῷ
3651 2616 3803 2694 λόγῳ

2147 2696 2238 2752 καὶ
2269 2700 2337 2770 τῇ
2371 2698 2591 2770 μαντείᾳ
2643 2699 2732 2753 καὶ
2791 2705 2909 2762 τοῖς
2966 2700 3450 2776 χρησμῳδήμασιν
3499 2705 3802 2783 ἀγαπηθεὶς

2146 2788 2232 2841 καὶ
2269 2787 2357 2841 ὑπ’
2388 2785 2561 2841 αὐτῶν
2608 2788 2966 2857 ἀποθεωθεὶς,
3030 2789 3285 2865 Μέστρεμ
3343 2797 3439 2848 τοῦ
3491 2796 3613 2849 υἱοῦ
3669 2796 3806 2870 Χάμ

2144 2880 2242 2932 τοῦ
2291 2875 2403 2932 ἐκεῖ
2482 2876 2869 2951 βασιλεύοντος
2951 2879 3315 2943 ἀποθανόντος
3370 2883 3524 2945 εὐθὺς
3599 2886 3803 2961 ἀναγο-

2149 2968 2378 3043 ρεύεται,
2436 2967 2526 3022 καὶ
2603 2966 2655 3023 ἐν
2716 2967 3052 3045 ὑπερηφανίᾳ
3130 2971 3220 3025 καὶ
3294 2976 3401 3027 τῶν
3484 2970 3799 3045 μελλόντων

2145 3059 2444 3134 προρῥησει
2477 3059 2551 3119 ὡς
2605 3059 2722 3123 θεὸς
2779 3057 3134 3132 κλεῖζόμενος
3192 3063 3279 3116 ἐπὶ
3340 3060 3420 3117 λθ¹
3476 3058 3569 3134 ἔτη
3632 3066 3802 3141 Αίγύ-

2145 3169 2282 3205 πτου
2317 3148 2703 3223 βασιλεύει.’0
2760 3145 2817 3205 δὶ
2871 3148 3165 3206 Ἀπόλλων
3221 3154 3489 3226 πνεύματι
3545 3152 3809 3221 Πύθωνος

2144 3237 2205 3294 ἐκ
2230 3239 2485 3309 νεότητος
2517 3240 2756 3318 κάτοχος
2806 3237 2881 3293 ὥν
2938 3236 3042 3301 ἕως
3108 3239 3368 3312 τελευτῆς
3429 3243 3616 3315 αὐτοῦ,
3672 3243 3801 3302 οὑδὲ

2141 3331 2278 3405 μετὰ
2335 3329 2595 3400 τελευτῆν
2655 3330 2823 3388 αὐτοῦ
2882 3336 2978 3398 τῆς
3039 3330 3377 3412 φληναφείας
3436 3335 3707 3394 ἐπαύσατο
3768 3339 3798 3394 6

2138 3420 2403 3496 πονηρός·
2438 3417 2677 3497 ἔστιγὰρ
2723 3426 2887 3478 τοῦτο
2946 3421 3097 3485 εἶδος
3148 3423 3457 3497 πνεύματος
3519 3430 3799 3499 μαντικώ-

2135 3525 2319 3576 τατον,
2351 3503 2539 3560 πολλά
2578 3505 2672 3578 μὶν
2705 3503 2912 3575 ἀληθῆ,
2944 3506 3011 3559 τὰ
3070 3504 3128 3561 δὶ
3186 3505 3416 3564 πλεῖστα
3474 3508 3630 3583 λέγον
3687 3512 3799 3585 ἀμ-

2138 3589 2344 3673 φίϐολᾶ
2372 3595 2463 3649 καὶ
2494 3594 2817 3672 ἀμφιρῥεπῆ
2847 3592 2936 3649 διὰ
2966 3596 3065 3663 τὴν
3122 3594 3363 3673 ἄγνοιαν.
3416 3604 3476 3656 Ὁ
3526 3597 3583 3654 δὲ
3629 3601 3800 3676 Ἦρα-

2134 3682 2278 3753 κλῆς
2332 3687 2549 3758 πρῶτος
2600 3681 2871 3758 κατέδειξε
2957 3683 3280 3764 φιλοσοφεῖν
3332 3684 3385 3741 ἐν
3435 3693 3552 3751 τοῖς
3612 3691 3803 3747 Ἑσπε-

2139 3772 2279 3848 ρίοις
2336 3772 2541 3849 μέρεσι.
2601 3775 2808 3830 Τοῦτον
2866 3774 3173 3829 ἀπεθέωσαν
3235 3777 3287 3831 οἱ
3343 3775 3402 3831 έκ
3457 3782 3555 3832 τοῦ
3610 3777 3799 3855 γένους

2136 3859 2304 3915 αὐτοῦ
2367 3859 2499 3932 μετᾶ
2553 3862 2654 3931 τὴν
2710 3861 2879 3916 αὐτοῦ
2936 3859 3221 3931 τελευτήν,
3280 3862 3368 3917 καὶ
3429 3862 3686 3920 ἐκάλεσαν
3744 3866 3799 3922 ἐν

2128 3952 2215 4048 ⁵τῷ
2273 3948 2489 4023 οὐρανῷ
2554 3950 2749 4025 ἀστέρα
2819 3948 2902 4005 ἔπ’
2985 3950 3214 4024 ὀνόματι
3297 3952 3481 4011 αὐτοῦ.
3569 3956 3799 4013 ’Όντινα

2158 4037 2411 4115 Ηρακλέα
2471 4038 2829 4115 ἐγγράφουσιν
2878 4038 2994 4094 ἀντὶ
3051 4043 3289 4119 χιτῶνος
3348 4039 3509 4117 δορὰν
3567 4042 3797 4107 λέοντος

2134 4127 2509 4206 ἠμφιεσμένον
2567 4129 2657 4182 καὶ
2716 4125 2961 4202 ῥόπαλον
3014 4129 3247 4206 φέροντα
3308 4131 3399 4185 καὶ
3454 4131 3581 4207 τρία
3639 4134 3797 4207 μῆλα

2132 4221 2450 4295 κρατνῦντα,
2526 4216 2662 4292 ἅπερ
2747 4215 3042 4295 ἀφελέσθαι
3127 4219 3289 4274 αὐτὸν
3373 4219 3791 4299 ἐμυθολόγησαν

2132 4312 2210 4379 τῷ
2241 4305 2472 4382 ῥοπάλῷ
2524 4305 2858 4383 φονεύσαντα
2911 4307 3003 4362 τὸν
3064 4305 3352 4382 δράκοντα,
3411 4313 3656 4367 τουτέστι
3709 4335 3798 4368 νι-

2132 4398 2378 4469 κήσαντα
2428 4397 2519 4451 τὸν
2573 4396 2815 4471 πονηρὸν
2869 4396 2960 4452 καὶ
3015 4397 3270 4454 ποικίλον
3328 4408 3428 4471 τῆς
3498 4400 3795 4478 ἐπιθυμίας

2132 4485 2409 4563 λογισμὸά
2464 4483 2553 4541 διά
2606 4486 2703 4541 τοῦ
2764 4484 3008 4561 ῥοπάλου
3066 4486 3192 4556 ἢτοι
3276 4492 3378 4555 τῆς
3438 4490 3794 4572 φιλοσοφίας,

374 4582 450 4635 tis
481 4579 731 4637 consilia
778 4579 978 4650 clava,
1012 4580 1124 4637 boc
1153 4586 1243 4637 est
1272 4582 1686 4655 philosophia,
1718 4602 1830 4657 ope
1860 4586 2027 4641 vicis-

2144 4576 2335 4653 ἔχοντα
2402 4572 2759 4650 περιϐόλαιον
2839 4583 3084 4651 γενναῖον
3173 4580 3435 4655 φρόνημα
3492 4583 3567 4646 ὡς
3626 4581 3790 4659 δόράν

378 4687 463 4738 se,
492 4670 773 4727 amictum
805 4670 982 4725 veluti
1013 4670 1169 4743 pelle
1204 4671 1395 4728 leonis
1444 4673 1648 4729 animo
1688 4690 1975 4748 generoso
2009 4692 2022 4743 ;

374 4765 551 4832 atque
573 4761 654 4815 ita
669 4760 779 4817 tria
826 4759 985 4816 mala
1006 4760 1357 4831 abstulisse,
1377 4766 1494 4818 tres
1510 4763 1736 4819 scilicet
1755 4764 2024 4834 virtutes,

374 4868 505 4923 qua
528 4855 666 4905 sunt
695 4866 812 4906 non
827 4850 1150 4917 irasci,non
1175 4868 1302 4907 esse
1325 4851 1720 4925 voluptatibus
1734 4853 2023 4923 deditum,

373 4958 493 4997 non
552 4957 682 4996 esse
742 4940 1024 5012 cupidum
1075 4942 1342 5012 pecunia
1398 4942 1562 4998 clava
1618 4944 1781 4998 enim
1840 4944 2024 4999 animi

370 5030 701 5099 tolerantis,
736 5046 803 5084 ac
841 5028 1019 5101 pelle,
1049 5029 1107 5083 id
1142 5035 1232 5084 est
1260 5032 1677 5101 temperantia,
1720 5037 2023 5088 terrenum

371 5135 563 5191 prava
586 5118 1089 5190 concupiscentia
1102 5123 1404 5175 certamen
1416 5120 2023 5193 vicit,philosophiam

372 5228 559 5284 usque
591 5213 663 5269 ad
696 5216 950 5268 mortem
981 5210 1265 5279 colendo;
1286 5210 1444 5283 quod
1465 5211 1539 5268 de
1568 5230 1637 5268 eo
1670 5212 2020 5286 Herodotus,

368 5299 750 5356 doctissimus
809 5301 1085 5372 scriptor,
1145 5301 1447 5356 memoria
1507 5301 1788 5373 prodidit,
1876 5301 2021 5360 alios

371 5408 605 5462 quoque
639 5397 867 5463 septem
901 5390 1181 5448 Hercules
1200 5391 1384 5447 fuisse
1416 5408 1690 5449 narrans.

371 5481 681 5536 Enimvero
738 5482 1081 5549 Mercurius,
1132 5482 1405 5553 cognitis,
1438 5490 1504 5537 ut
1558 5482 1839 5552 diximus,
1888 5501 2020 5556 qua

363 5570 481 5626 sibi
518 5570 849 5625 afratribus
883 5573 1075 5641 (erant
1103 5577 1303 5627 autem
1329 5573 1451 5626 Jovi
1494 5588 1562 5627 ex
1606 5573 1855 5629 diversis
1895 5575 2019 5630 nati

367 5658 721 5718 mulieribus
754 5659 860 5715 ﬁlii
894 5660 1132 5716 circiter
1155 5664 1242 5732 70)
1273 5660 1674 5718 tendebantur
1695 5662 2017 5734 insidiis,in

2137 4666 2381 4733 λέοντὸς,
2412 4664 2501 4721 καί
2533 4667 2709 4729 οὕτως
2755 4667 3092 4748 ἀφελόμενον
3147 4669 3215 4725 τὰ
3258 4671 3384 4744 τρία
3431 4670 3605 4746 μῆλα³
3656 4674 3790 4747 ὅπερ

2136 4756 2247 4813 ἐστὶ
2275 4757 2373 4820 τὰς
2402 4762 2549 4834 τρεῖς
2577 4757 2792 4835 ἀρετὰς,
2822 4760 2886 4815 τὸ
2920 4758 2997 4832 μή
3066 4758 3397 4834 ὀργίζεσθαι,
3456 4762 3519 4818 τὸ
3567 4764 3645 4836 μή
3699 4785 3794 4843 φι-

2138 4844 2413 4917 ληδονεῖν,
2442 4848 2505 4903 τὸ
2542 4848 2617 4922 μή
2650 4848 3025 4925 φιλαργυρεῖν.
3064 4850 3163 4903 Διά
3207 4851 3312 4924 γὰρ
3367 4854 3465 4905 τοῦ
3517 4852 3789 4926 ῥοπάλου,

2132 4940 2234 5003 τῆς
2261 4944 2586 5013 καρτερικῆς
2620 4942 2825 5013 ψυχῆς,
2858 4938 2948 4993 καὶ
3000 4944 3103 5008 τῆς
3158 4935 3341 5013 δορᾶς,
3391 4940 3636 4997 τουτέστι
3690 4948 3789 4998 τοῦ

2134 5027 2421 5104 σώφρονος
2454 5032 2749 5101 λογισμοῦ,
2783 5026 2997 5097 ἐνίκησε
3042 5030 3135 5084 τὸν
3182 5030 3369 5103 γήϊνον
3421 5036 3521 5099 τῆς
3568 5030 3786 5108 φαύλης

2134 5116 2427 5189 ἐπιθυμίας
2486 5117 2688 5193 ἀγῶνα,
2750 5116 3130 5193 φιλοσοφήσας
3190 5117 3320 5196 ἄχρι
3379 5122 3631 5190 θανᾶτου,
3691 5144 3788 5179 κα·

2132 5207 2243 5269 Θὼς
2316 5203 2611 5282 Ἡρόδοτος
2671 5207 2699 5261 6
2757 5209 3071 5286 σοφώτατος
3127 5211 3517 5285 συνεγράψατο,
3587 5211 3646 5277 ὅς
3697 5211 3787 5269 καί

2131 5295 2362 5360 ἄλλους.
2395 5295 2688 5373 Ἡρακλεῖς
2711 5296 2964 5374 ἱστόρησε
2993 5298 3240 5374 γενέσθαι
3271 5298 3424 5359 ἑπτά.

2200 5487 2260 5543 Ὀ
2301 5489 2431 5559 γοῦν
2492 5487 2702 5562 Ἐρμῆς
2759 5487 2922 5561 γνοὺς
2975 5488 3073 5557 τὴν
3132 5491 3249 5545 κατ’
3296 5489 3461 5545 αὐτοῦ
3519 5496 3781 5563 συσκευὴν

2128 5579 2234 5631 τῶν
2264 5572 2513 5654 ἀδελφῶν
2548 5578 2737 5645 αὐτοῦ,
2771 5576 2845 5639 ὡς
2875 5574 3102 5650 εἲπομεν
3149 5579 3294 5653 (περὶ
3343 5600 3450 5635 που
3507 5582 3610 5656 γὰρ
3656 5584 3783 5648 τοὺς

2130 5669 2169 5720 e‘
2207 5667 2458 5745 ὑπῆρχον
2494 5666 2601 5721 ἀπὸ
2649 5662 2923 5744 διαφόρων
2981 5672 3247 5742 γυναικῶν
3305 5671 3650 5745 γεννηθέντες
3706 5673 3785 5750 τῷ
