4118 6420
295 333 373 393 61
1430 330 1980 394 HISTORIARUM
2022 332 2561 399 COMPENDIUM.
3649 345 3727 404 62

297 466 430 538 Διὶ),
458 462 808 540 ἀνεχώρησεν
866 463 946 525 εἷς
997 460 1271 538 Αἴγυπτον
1316 464 1453 540 πρὸς
1507 466 1609 534 τήν
1648 462 1830 539 φυλὴν
1860 469 1955 521 τοῦ

2072 471 2383 544 Egyptum
2414 473 2562 530 abiit
2589 471 2666 528 ad
2708 474 2954 546 stirpem
3008 475 3237 545 Chami,
3273 476 3372 548 qui
3405 482 3534 536 erat
3563 479 3727 539 illius

294 557 434 629 Χᾶμ
477 554 600 609 υἱοῦ
650 550 792 621 Nais,
856 553 1059 615 οἳτινες
1114 549 1360 625 ἐδέξαντο
1413 552 1574 609 αύτόν
1608 553 1662 610 ἐν
1705 558 1865 630 τιμῇ·
1900 556 1960 621 δς

294 646 389 701 καὶ
451 637 715 717 διέτριϐεν
771 640 886 698 ἐκεῖ
945 643 1321 720 ὑπηρηφανῶν
1373 644 1573 705 πάντας
1626 644 1718 698 καὶ
1779 648 1961 721 φορῶν

294 740 513 809 χρυσῆν
572 729 803 803 στολήν.
867 732 971 790 Καὶ
1029 729 1347 810 ἐφιλοσόφει
1404 734 1552 808 παρὰ
1606 738 1722 796 τοῖς
1757 734 1962 808 Δίγυπ-

289 822 647 899 τίοις,λᾶγων
678 820 868 883 αὐτοῖς
932 820 1203 896 μαντείας
1263 820 1491 896 λογικὸς
1545 824 1652 898 γὰρ
1682 824 1747 893 ἦν
1782 821 1957 898 φύσει.

294 912 403 972 Καῖ
454 912 825 987 προσεκύνουν
872 911 1035 967 αὐτὸν
1085 911 1295 986 Ἑρμῆν
1342 913 1418 974 ὡς
1468 910 1697 989 λέγοντα
1725 913 1792 969 τὰ
1827 911 1961 987 μὲλ-

292 1001 465 1057 λωτα
522 1000 610 1056 καὶ
668 996 1032 1056 διακονοῦντα
1087 1000 1276 1063 αὐτοῖς
1334 1003 1434 1072 τήν
1489 1006 1598 1057 τῶν
1642 999 1958 1075 μελλόντων

291 1091 354 1147 ἐκ
383 1093 481 1146 τοῦ
522 1094 658 1145 Θεοῦ
713 1086 875 1158 δῆθεν
932 1087 1220 1165 ἀπόκρισιν
1278 1093 1371 1146 καὶ
1426 1089 1740 1171 παρέχοντα
1770 1091 1962 1155 αὐτοῖς

290 1182 597 1256 χῶήματα·
631 1179 691 1235 ὅν
730 1180 825 1235 καὶ
860 1176 1240 1251 πλουτοδότην
1291 1178 1526 1237 ἐκάλουν
1569 1181 1644 1243 ὡς
1689 1185 1787 1236 τοῦ
1818 1200 1960 1256 χρυ-

294 1274 395 1324 σοῦ
424 1270 544 1333 θεὸν
578 1268 914 1343 νομίζοντες.

367 1360 457 1415 Ἐν
489 1364 608 1422 τοῖς
649 1359 784 1433 μετᾶ
810 1362 980 1414 ταῦτα
1037 1355 1093 1413 δὲ
1149 1358 1396 1435 χρόνοις,
1427 1358 1513 1412 ἐπὶ
1545 1366 1644 1429 τῆς
1681 1356 1961 1434 βασιλείας

291 1449 581 1518 Φοίνικος,
611 1449 678 1515 ἧν
705 1446 991 1523 Ἡρακλῆς
1043 1448 1071 1502 ὁ
1128 1446 1437 1527 φιλόσοφος
1469 1449 1497 1504 ὁ
1529 1447 1825 1525 λεγόμενος
1852 1448 1961 1506 Τύ-

291 1560 437 1613 ριος,
467 1538 618 1600 ὅστις
647 1535 839 1616 ἆφεῦρε
893 1538 994 1607 τήν
1053 1539 1140 1612 [Ρ.
1178 1539 1267 1612 19]
1323 1535 1639 1613 κογχύλην.
1678 1540 1959 1610 Μετεωρι-

290 1629 523 1705 ζόμενὸς
551 1627 659 1705 γὰρ
690 1615 785 1691 εἰς
843 1627 908 1682 τὸ
966 1615 1243 1701 παράλιον
1309 1628 1475 1702 μέρος
1506 1633 1608 1696 τῆς
1638 1626 1817 1703 Τύρου
1848 1627 1961 1684 εἶδε

288 1718 621 1793 ποιμενικὸν
657 1718 790 1773 κύνα
847 1715 1097 1772 ἐσθίοντα
1150 1716 1250 1786 τὴν
1311 1713 1621 1795 λεγομενην
1647 1715 1958 1794 κογχύλην,

286 1809 383 1864 καὶ
416 1807 680 1882 ποιμένα,
708 1805 1012 1882 νομίζοντα
1059 1805 1352 1879 αἱμάσσειν
1399 1807 1493 1861 τὸν
1525 1806 1678 1877 κύνα,
1712 1807 1818 1862 ἀπὸ
1846 1812 1955 1863 τῶν

286 1892 589 1974 προϐάτων
636 1895 806 1952 πόκον
855 1894 1009 1971 ἐρέας
1049 1890 1287 1951 λαϐόντα
1333 1897 1703 1970 καταμάσσειν
1757 1898 1823 1952 τὰ
1851 1917 1952 1953 κα-

287 1987 641 2065 ταφερόμενα
694 1984 754 2040 lx
802 1989 903 2040 τοῦ
970 1982 1240 2058 στόματος
1292 1988 1391 2040 τοῦ
1444 1985 1623 2048 κυνός.
1683 1987 1746 2044 '0
1780 1982 1954 2043 δὶἭ-

289 2077 506 2152 ρακλῆς
555 2075 957 2151 προσεσχηκὼς
1006 2075 1094 2130 καὶ
1148 2071 1277 2131 ἰδὼν
1321 2074 1452 2130 αὐτὸ
1506 2076 1702 2151 βάμμα
1730 2097 1783 2131 τι
1821 2076 1955 2145 ἐξαί-

291 2188 412 2223 σιον
491 2166 783 2240 ἰθαύμασε⁶
845 2165 934 2220 καὶ
994 2163 1157 2240 γνοὺς
1215 2165 1300 2220 ὅτι
1359 2163 1419 2220 ἐκ
1475 2172 1575 2236 τῆς
1661 2163 1954 2242 κογχύλης

292 2258 461 2327 ἐστὶν,
519 2255 762 2332 εἰληφὼς
818 2254 911 2311 τὸν
978 2255 1148 2310 πόκον
1222 2252 1298 2317 ὡς
1360 2254 1499 2330 μὲγα
1552 2252 1731 2330 δῶρον
1790 2276 1954 2330 προσ-

288 2349 489 2422 ήνεγκε
515 2349 597 2418 τῷ
631 2343 848 2420 βασιλεῖ
884 2347 987 2410 τῆς
1034 2342 1217 2418 Τύρου
1267 2345 1506 2413 Φοίνικι,
1536 2342 1595 2406 ὅς
1622 2345 1713 2400 καὶ
1744 2343 1951 2401 ἐκπλα-

290 2435 409 2515 γεῖς
456 2434 547 2489 ἐπὶ
606 2438 674 2509 τῇ
732 2432 828 2506 θὲᾳ
882 2437 979 2488 τοῦ
1042 2434 1331 2508 βάμματος
1390 2431 1670 2497 ἐκέλευσεν
1703 2432 1755 2505 ἐξ
1786 2432 1953 2490 αὐτοῦ

293 2526 536 2603 βαφῆναι
594 2522 743 2599 ἰρὲαν
801 2524 893 2579 καὶ
951 2522 1195 2598 γενέσθαι
1252 2523 1405 2595 αὖτῷ
1467 2522 1750 2599 βασιλικὸν
1805 2525 1954 2601 περί-

286 2609 547 2684 ϐόΑαιον,
579 2611 612 2668 8
640 2606 1076 2688 περιϐαλόμενος
1133 2611 1295 2676 αὐτὸς
1352 2616 1570 2685 πρῶτος
1618 2610 1951 2686 ἐθαυμάζετο

290 2703 398 2759 ὑπὸ
429 2704 670 2758 πάντων·
704 2702 811 2776 πρὸ
843 2699 1043 2757 τούτου
1089 2700 1194 2777 γὰρ
1224 2699 1323 2756 οὐκ
1370 2698 1593 2776 ᾔδεισαν
1644 2702 1696 2756 οἱ
1741 2701 1955 2778 ἅνθρω-

287 2812 386 2847 ποι
421 2792 647 2866 βάπτειν
700 2790 916 2866 χροιάς.
971 2790 1124 2847 Μετᾶ
1170 2794 1300 2866 γοῦν
1346 2791 1580 2867 χρόνους
1618 2790 1867 2855 πολλοὺς
1899 2793 1953 2848 οἱ

287 2883 566 2953 Ῥωμαῖοι
612 2882 713 2950 τήν
775 2879 1052 2936 Φοινίκων
1112 2880 1299 2955 χώραν
1358 2882 1726 2956 κατασχόντες
1781 2882 1844 2937 τὸ
1901 2880 1952 2953 ἐξ

290 2973 478 3046 ἀρχῆς
527 2970 790 3040 ἀληθινὸν
842 2969 903 3025 ἐκ
951 2976 1053 3038 τῆς
1102 2967 1394 3045 κογχύλης
1442 2977 1635 3046 σχῆμα
1669 2968 1954 3047 βασιλικὸν

288 3061 575 3139 ἰφόρεσαν.
640 3060 793 3116 Μετὰ
850 3056 908 3114 δὶ
960 3060 1159 3132 Ῥἑμου
1234 3061 1322 3114 καῖ
1379 3059 1663 3133 Ῥωμύλον
1726 3062 1950 3136 Νουμᾶς

290 3150 625 3227 βασιλεύσας
698 3150 1016 3223 Ῥωμαίων,
1090 3148 1182 3204 καὶ
1260 3146 1546 3223 δεξάμενος
1620 3146 1952 3225 πρεσϐευτὰς

287 3218 347 3296 in
390 3246 495 3310 τῆς
527 3239 717 3317 χώρας
772 3218 882 3294 τέῦν
942 3236 1258 3316 λεγομενων
1312 3218 1605 3314 έίελασγῶν
1653 3218 1955 3317 ᾦοροῦντας
1983 3218 2027 3286 C

286 3326 591 3406 χλαμύδας
646 3328 882 3405 ἐχούσας
937 3322 1141 3384 ταϐλία
1196 3332 1307 3403 (35)
1365 3327 1557 3403 ῥούσια
1611 3332 1855 3407 καθάπερ
1904 3332 1957 3387 οἱ

284 3420 399 3475 ἀπὸ
426 3426 532 3488 τῆς
562 3419 830 3495 Ίσαυρίας
875 3418 1087 3495 χώρας,
1139 3417 1229 3472 καὶ
1289 3421 1539 3493 τερφθεὶς
1569 3424 1648 3492 τῷ
1679 3422 1956 3495 σχήματι,

284 3506 558 3578 Ξπενόησε
586 3512 806 3578 πρῶτος
843 3505 896 3562 ἂν
949 3509 1018 3581 τῇ
1073 3507 1266 3581 Ῥώμῃ
1319 3504 1614 3584 χλαμύδας
1673 3515 1956 3585 φορεῖσθαι

283 3601 386 3663 τὶς
438 3600 535 3674 μὲν
586 3598 876 3676 βασιλικὰς
925 3599 1234 3678 πορφύρας,
1287 3599 1525 3678 ἒχούσας
1572 3596 1776 3659 ταϐλία
1815 3604 1960 3679 χρύ-

290 3712 406 3761 σεα,
436 3688 534 3753 τὰς
586 3685 644 3744 δὲ
690 3692 798 3744 τῶν
845 3694 1233 3765 συγκλητικῶν
1277 3689 1369 3746 καὶ
1415 3689 1513 3755 τὰς
1559 3695 1669 3746 τῶν
1699 3689 1754 3747 ἔν
1785 3692 1959 3763 ἀξίαις

284 3780 381 3836 καὶ
440 3778 748 3852 στρατείαις
825 3776 1122 3855 χλαμύδας
1207 3777 1440 3856 ἐχούσας
1517 3784 1802 3857 σήμαντρα
1857 3786 1956 3853 τῆς

291 3868 593 3947 βασιλικῆς
628 3868 901 3946 οορεσίας,
950 3864 1152 3925 ταϐλία
1199 3875 1455 3948 πορφυρᾶ
1502 3868 1777 3942 δηλοῦντα
1805 3872 1953 3943 ἀξίαν

2064 562 2204 618 Noe.
2240 561 2326 618 Ab
2359 564 2432 618 iis
2462 568 2550 618 est
2582 580 2719 620 cum
2766 565 2993 622 honore
3025 571 3324 638 acceptus,
3359 567 3559 639 ibique
3590 587 3726 643 per-

2066 651 2289 706 mansit
2319 669 2528 708 omnes
2546 670 2669 726 praa
2694 671 2757 710 se
2780 653 3117 727 despiciens
3138 662 3196 711 et
3218 660 3472 713 Auream
3500 664 3725 715 vestem

2064 756 2296 812 gerens.
2330 741 2791 816 Philosophatus
2846 750 2937 800 est
2983 751 3185 801 autem
3238 747 3396 818 apud
3427 749 3723 821 Egyptios

2063 831 2413 900 vaticinans,
2447 837 2514 889 ut
2538 838 2667 889 erat
2696 840 2911 890 natura
2934 835 3214 891 disertus.
3248 836 3619 894 Adorabatur
3647 839 3721 894 ab

2064 919 2159 991 iis,
2193 937 2260 977 ac
2300 923 2623 979 Mercurius
2652 925 2754 980 84
2787 925 2933 980 deus
2980 926 3414 998 appellabatur.
3448 927 3608 998 quod
3637 929 3724 984 fu-

2062 1015 2198 1067 tura
2227 1011 2593 1083 prmdiceret,
2621 1029 2689 1069 ac
2730 1014 3013 1071 divinitus
3044 1016 3331 1073 nimirum
3362 1017 3434 1073 de
3467 1018 3540 1085 iis
3589 1035 3721 1090 quas

2063 1106 2200 1172 post
2221 1108 2421 1159 essent
2437 1109 2719 1160 eventura
2740 1121 3029 1177 responsa
3047 1106 3517 1174 administraret,
3536 1124 3688 1180 pecu
3702 1138 3722 1150 ο

2063 1190 2345 1264 niamque
2396 1193 2841 1265 suppeditaret;
2896 1194 3097 1265 itaque
3150 1196 3329 1251 etiam
3380 1196 3723 1253 divitiarum

2065 1280 2334 1336 datorem
2366 1281 2673 1351 vocabant,
2707 1284 2975 1354 pecunias
3005 1284 3183 1339 deum
3213 1291 3512 1358 putantes.

2133 1369 2525 1429 Inferioribus
2551 1372 2916 1445 temporibus
2944 1373 3221 1430 Phoenice
3247 1380 3553 1448 regnante,
3581 1376 3722 1431 Her-

2063 1459 2229 1516 cules
2260 1460 2373 1518 fuit
2393 1461 2785 1534 philosophus
2807 1469 3201 1537 cognomento
3227 1466 3455 1537 Tyrius.
3486 1466 3563 1531 Is,
3586 1483 3725 1538 pur-

2062 1566 2275 1624 puram
2309 1552 2553 1609 invenit.
2613 1554 2758 1609 Cum
2813 1553 2973 1609 enim
3033 1554 3094 1609 in
3145 1571 3275 1611 eam
3323 1557 3455 1628 Tyri
3490 1562 3724 1628 partem

2062 1640 2435 1698 ascendisset
2463 1659 2595 1714 quas
2620 1641 2695 1698 ad
2728 1659 2892 1699 mare
2918 1644 3196 1715 pertinet,
3230 1644 3487 1716 pastoris
3512 1662 3722 1703 canem

2063 1730 2207 1786 vidit
2236 1731 2524 1790 concham
2553 1748 2778 1797 vorare,
2806 1738 3226 1805 pastoremque
3257 1750 3293 1790 a
3322 1751 3467 1790 cane
3493 1737 3726 1808 sangui-

1984 1841 2032 1907 B
2062 1837 2200 1875 nem
2234 1821 2423 1909 emitti
2456 1823 2788 1909 putantem,
2813 1822 2951 1878 lana
2972 1822 3043 1877 ab
3067 1840 3172 1879 ove
3198 1830 3441 1896 accepta
3471 1825 3629 1896 quod
3651 1842 3724 1909 ex

2064 1925 2166 1965 ore
2188 1909 2353 1965 canis
2375 1907 2677 1965 deﬂuebat
2695 1909 3135 1983 abstergere.At
3156 1911 3564 1984 Hercules,qui
3591 1929 3722 1969 rem

2062 1997 2424 2066 observaret,
2457 1999 2777 2054 tincturam
2830 1999 2960 2071 ejus
3019 1999 3171 2055 lanaa
3229 2002 3524 2075 egregiam
3581 2018 3717 2057 cum

2062 2087 2456 2143 admiratione
2488 2087 2665 2156 vidit;
2693 2088 3226 2161 animadversoque
3254 2090 3549 2161 liquorem
3581 2108 3718 2146 eum

2066 2192 2137 2232 ex
2168 2176 2395 2232 concha
2425 2176 2539 2232 ista
2582 2177 2846 2244 (luxisse,
2896 2178 3093 2235 lanam
3143 2180 3319 2235 istam
3351 2180 3548 2252 magni
3578 2180 3720 2237 doni

2065 2265 2195 2321 loco
2217 2266 2291 2321 ad
2316 2282 2512 2339 regem
2538 2267 2670 2338 Tyri
2691 2268 3034 2324 Phoenicem
3056 2268 3277 2324 attulit.
3298 2269 3719 2340 Is,spectaculo

2062 2356 2337 2412 tinctura:
2390 2356 2562 2412 istius
2610 2357 2919 2424 attonitus,
2945 2358 3130 2430 jussit
3172 2359 3284 2415 hoc
3314 2358 3489 2414 modo
3522 2359 3725 2415 lanam

2065 2446 2210 2520 tingi
2244 2451 2422 2517 atque
2451 2460 2521 2501 ex
2552 2462 2621 2501 ea
2661 2446 2771 2501 sibi
2827 2446 3051 2519 regiam
3082 2452 3303 2504 vestem
3337 2448 3570 2520 parari;
3605 2465 3723 2519 qua

2062 2536 2296 2608 primus
2326 2534 2639 2591 hominum
2699 2535 2946 2594 indutus
3004 2536 3282 2591 omnibus
3337 2536 3722 2593 admirationi

2064 2623 2195 2679 fuit.
2231 2623 2377 2678 Nam
2403 2628 2580 2678 antea
2612 2625 2895 2695 temporis
2917 2624 3182 2681 colorum
3210 2625 3527 2682 tincturam
3559 2627 3724 2698 igno‘

2064 2716 2340 2768 raverant
2369 2712 2663 2769 homines.
2699 2713 2896 2785 Longo
2954 2719 3091 2786 post
3150 2720 3413 2785 tempore
3446 2716 3720 2783 Romani,

2066 2801 2369 2857 thnicia
2391 2800 2658 2869 subacta,
2674 2818 2873 2857 veram
2898 2808 2956 2857 et
2976 2804 3237 2874 antiquae
3259 2804 3723 2875 respondentem

2064 2908 2388 2965 purpuram
2414 2891 2487 2947 ad
2510 2892 2734 2966 regium
2759 2893 3043 2949 amictum
3067 2894 3491 2950 adhibuerunt.
3513 2897 3722 2958 Numa,

2066 2982 2167 3054 qui
2192 2986 2329 3054 post
2358 2982 2677 3038 Romulum
2702 2989 2762 3038 et
2784 2986 3031 3039 Remum
3062 2986 3261 3039 Romae
3284 2985 3569 3057 regnavit,
3588 3002 3724 3040 cum

2066 3071 2140 3126 ad
2184 3087 2322 3128 eum
2371 3071 2754 3143 Pelasgorum
2813 3072 2986 3146 legati
3046 3073 3346 3129 venissent
3377 3073 3722 3145 chlamydes

2065 3167 2365 3235 gestantes
2396 3167 2710 3234 prmtextas
2759 3164 3022 3230 coccino,
3072 3164 3280 3235 quales
3320 3165 3501 3220 etiam
3534 3165 3722 3221 Isauri

2064 3258 2314 3327 gestant,
2350 3270 2419 3308 ea
2446 3254 2639 3311 forma
2688 3253 3015 3311 delectatus
3046 3255 3275 3326 primus
3306 3255 3566 3311 instituit
3596 3261 3661 3310 ut
3688 3272 3723 3309 a

2065 3342 2348 3399 Romanis
2405 3342 2752 3415 chlamydes
2808 3349 3201 3417 gestarentur,
3260 3360 3295 3399 a
3350 3344 3448 3402 85
3484 3344 3722 3417 regibus

2065 3448 2403 3504 purpureai,
2437 3437 2736 3504 prastextze
2767 3449 2935 3497 auro,
2962 3450 2995 3489 a
3021 3432 3396 3488 senatoribus
3427 3437 3485 3488 et
3514 3432 3588 3487 iis
3619 3435 3720 3504 qui

2066 3538 2200 3576 cum
2236 3522 2582 3594 magistratu
2614 3528 2717 3578 aut
2744 3524 2997 3595 imperio
3043 3528 3245 3578 essent
3288 3522 3420 3578 alia)
3453 3539 3584 3595 quae
3616 3541 3722 3594 pro

2067 3610 2287 3667 indicio
2314 3612 2459 3686 regii
2490 3614 2839 3686 gestaminis
2871 3631 3133 3687 purpura
3163 3620 3365 3670 essent
3394 3620 3720 3686 praetextis;

2067 3717 2183 3772 quo
2216 3702 2655 3775 significaretur
2686 3705 2962 3759 Romanis
2994 3703 3078 3758 rei
3111 3703 3364 3775 publicae
3387 3703 3643 3777 dignitas
3666 3707 3724 3756 et

2068 3791 2382 3865 subjectio.
2418 3792 2730 3867 Edixitqne
2760 3811 2835 3850 ne
2862 3796 2997 3866 quis
3028 3795 3155 3849 sine
3187 3794 3530 3866 hujusmodi
3565 3793 3721 3850 chla-

2066 3880 2241 3952 myde
2268 3881 2330 3940 in
2359 3883 2648 3955 palatium
2680 3901 2853 3941 suum
2887 3884 3405 3940 intromitteretur.

286 3970 622 4042 Ῥὡμαϊκήν
651 3967 936 4033 πολιτείας
963 3968 1053 4024 καὶ
1078 3968 1357 4046 ὖποταγήν
1393 3967 1697 4048 διαγωγὴν,
1729 3970 1988 4039 κελεύσας
2020 3974 2230 4050 μηδένα
2279 3980 2356 4042 εἰς
2403 3979 2466 4036 τὸ
2515 3981 2682 4037 αὐτοῦ
2724 3982 2990 4037 παλάτιον
3023 3978 3284 4037 εἰσελθεῖν
3315 3980 3723 4057 συγχωρεῖσθαι

289 4056 416 4114 ἄνευ
444 4062 548 4114 τοῦ
577 4060 869 4134 σχήματος
897 4064 1000 4128 τῆς
1032 4060 1293 4131 τοιαύτης
1321 4057 1636 4136 χλαμύδος.

373 4150 565 4219 Φοῖνιξ
618 4146 677 4203 δὲ
726 4150 754 4203 ὁ
803 4149 920 4211 υἱὸς
961 4153 1060 4204 τοῦ
1108 4149 1406 4226 Ἀγήνορος
1456 4149 1590 4227 ἀνὴρ
1620 4150 1830 4230 ἐγένετο
1864 4174 1957 4209 σο-

291 4240 421 4318 φὸς,
490 4238 549 4303 ὅς
595 4239 966 4314 συνεγράψατο
1020 4242 1299 4302 Φοινικοῖς
1347 4241 1637 4317 γράμμασι
1686 4243 1787 4312 τὴν
1845 4243 1959 4318 ἀρι.

290 4328 576 4403 θμητικήν
623 4325 973 4408 φιλοσοφίαν,
1045 4327 1323 4402 ὑπεξέθετο
1374 4326 1433 4385 δὶ
1477 4331 1567 4385 καὶ
1628 4330 1956 4406 ἀσωμάτους

2139 4160 2384 4219 thnix
2415 4163 2700 4235 Agenoris
2731 4162 2890 4218 ﬁlius
2921 4163 3007 4216 vir
3036 4161 3149 4217 fuit
3174 4163 3433 4234 sapiens,
3467 4162 3567 4234 qui
3600 4163 3728 4233 phi“

2066 4250 2402 4322 losophiam
2428 4250 2500 4306 de
2532 4251 2799 4306 numeris
2830 4250 3185 4321 conscripsit
3214 4248 3429 4307 litteris
3458 4249 3719 4305 Punicis.

2066 4341 2349 4413 Exposuit
2378 4342 2557 4398 etiam
2592 4341 2888 4414 principia
2935 4342 3287 4413 incorporea
3315 4344 3375 4395 et
3402 4352 3718 4412 corporum

289 4418 503 4496 ἀρχὰς,
556 4415 646 4472 καὶ
696 4417 924 4490 σώματα
973 4413 1030 4473 δὶ
1080 4413 1540 4492 μεταϐάλλεσθαι,
1590 4419 1681 4475 καὶ
1726 4420 1821 4484 τὰς
1850 4425 1955 4495 ψυ-

2069 4431 2425 4488 mutationes
2450 4413 2905 4502 animarumque
2937 4430 2999 4485 in
3047 4428 3294 4485 alterius
3324 4428 3561 4502 generis
3589 4428 3719 4483 ani-

291 4483 412 4584 χᾶῖ
455 4483 533 4568 εἷς
582 4483 889 4580 ἀλλογεννῆ
940 4483 1344 4595 ςῶασίσιὲναι.
1401 4483 1575 4571 Οὗτος
1628 4513 1845 4586 πρῶτος
1866 4483 1952 4586 ’ἰε-

2069 4521 2245 4578 malia
2274 4521 2677 4595 migrationes.
2730 4520 2965 4577 Primus
3021 4519 3119 4577 hic
3176 4519 3290 4575 ista
3328 4517 3620 4591 exposuit,
3655 4523 3721 4575 ut

292 4597 451 4661 ἑθετο
509 4598 700 4665 ταῦτα,
769 4595 845 4659 ὡς
913 4592 1149 4671 Κλήμης
1234 4596 1611 4673 συνεγράψατο
1680 4599 1708 4653 ὁ
1777 4600 1959 4677 σοφώ-

294 4705 521 4832 τῗέτᾶ
579 4772 637 4830 δὶ
694 4776 794 4846 τήν
850 4777 1059 4849 Ἑρμοῦ
1104 4773 1366 4845 τελευτὴν
1426 4777 1455 4832 ὁ
1506 4780 1809 4856 ’Ἥφαιστος
1866 4776 1956 4834 ἐπὶ

287 4868 527 4939 τέσσαρα
582 4866 753 4938 ’ἳιμισυ
809 4860 904 4936 ἔτη
957 4871 1057 4935 τῆς
1115 4865 1393 4941 Αἰγύπτου
1449 4860 1809 4924 ἐϐασίλευσεν.
1854 4871 1954 4926 Ἦν

2068 4611 2343 4668 Clemens
2372 4612 2550 4667 homo
2582 4610 2963 4667 doctissimus
2986 4610 3274 4682 scriptum
3309 4608 3574 4681 reliquit.

2142 4779 2185 4833 Α
2215 4782 2405 4834 morte
2434 4776 2705 4833 Mercurii
2737 4775 3030 4832 Vulcanus
3062 4791 3310 4850 regnum
3360 4774 3585 4849 Aigypti
3616 4792 3723 4848 per

2066 4883 2255 4923 annos
2286 4871 2542 4938 quatuor
2572 4882 2708 4922 cum
2767 4866 3014 4922 semisse
3055 4865 3266 4922 tenuit.
3316 4865 3535 4921 Ferent
3562 4865 3723 4921 hunc

1498 4998 1868 5055 XYLANDRI
1906 4999 1994 5053 ET
2033 4998 2254 5054 GOARI
2290 4996 2515 5054 NOTAE.

368 5109 483 5176 (35)
512 5106 640 5160 Non
672 5103 972 5176 observavi
1000 5102 1152 5176 alibi
1180 5096 1400 5176 ταϐλία.
1435 5104 1725 5161 Videntur
1751 5111 1952 5161 autem

287 5174 383 5237 sic
408 5174 702 5250 appellari
734 5174 1299 5250 panniculi,qui_but
1319 5193 1439 5232 ora)
1456 5176 1649 5250 lanea
1673 5183 1953 5249 prastexe-

288 5246 623 5315 rentur,die
642 5246 815 5321 byra’m.
839 5247 964 5305 Nisi
986 5246 1121 5319 quis
1142 5246 1337 5304 clavos
1352 5248 1623 5315 malit,de
1642 5246 1760 5321 q'uo
1781 5250 1949 5305 alias.

287 5321 513 5401 ρούσιον
536 5320 687 5404 verti
707 5320 1041 5404 coccinum.
1064 5321 1453 5404 Qussatorum
1477 5321 1821 5404 aurigarum
1842 5320 1957 5404 fuit

287 5390 498 5474 genus,
531 5392 690 5474 quod
722 5393 784 5474 in
803 5393 1068 5474 gerens
1090 5390 1750 5474 )Eiphilinusexnllione
1774 5390 1956 5467 πυῤῥᾷ

287 5463 454 5540 σκευῇ
486 5463 769 5540 appellat.
803 5463 1077 5540 Meminit
1106 5463 1258 5520 Plin.
1288 5481 1383 5529 vn,
1418 5466 1507 5520 53.
1547 5464 1824 5540 Plerique
1854 5463 1954 5521 ro-

289 5535 459 5598 seum
493 5535 702 5595 vocant
730 5538 894 5595 hunc
925 5535 1210 5609 colorem,
1262 5553 1459 5609 neque
1498 5552 1643 5593 sane
1672 5554 1708 5593 a
1728 5535 1954 5594 rubore

293 5612 616 5687 sanguineo
664 5609 866 5687 colore
925 5606 1310 5687 praeditarum
1362 5606 1641 5687 rosarum
1673 5609 1838 5687 color
1867 5614 1959 5687 est

294 5679 518 5743 alienus
568 5682 897 5741 Coccinum
931 5679 1113 5735 talem
1146 5681 1410 5754 aurigam
1442 5680 1708 5756 appellat
1735 5680 1953 5738 alicubi

2063 5104 2366 5161 Martialis.
2390 5104 2527 5160 Χγι..
2552 5134 2620 5145 -
2644 5102 2733 5158 Nil
2759 5101 3004 5157 dubium
3028 5104 3175 5172 quin
3192 5116 3330 5157 voce
3347 5094 3589 5153 ταϐλιων
3614 5103 3722 5157 Ro-

2065 5193 2380 5232 manorum
2431 5178 2577 5231 latus
2607 5175 2790 5230 clavus
2821 5181 2873 5229 et
2904 5174 3102 5229 limbus
3125 5189 3443 5244 purpureus
3492 5179 3716 5229 vestem

2064 5248 2379 5322 insigniter
2401 5256 2734 5322 prmtexens
2757 5247 2833 5301 sit
2854 5243 3295 5322 intelligendus.
3322 5243 3539 5322 ῥοόσιον
3560 5244 3722 5301 enim

2063 5318 2269 5405 χρῷμα
2297 5318 2481 5403 roseus
2512 5324 2604 5375 est
2632 5319 2762 5399 sive
2781 5334 3092 5405 purpureus
3135 5318 3300 5405 691073
3356 5320 3532 5405 atQPe
3564 5333 3721 5405 Ρηυε

2066 5388 2139 5449 ei
2166 5388 2240 5448 iis
2271 5409 2420 5463 quos
2450 5392 2609 5447 inter
2638 5390 3028 5463 aurigandum
3068 5388 3719 5463 facti‘ones‘ostentasse

2066 5465 2271 5522 scribit
2290 5458 2501 5521 auctor
2531 5465 2592 5519 in
2623 5458 2906 5517 Michaele
2956 5458 3438 5532 Theophiliﬁlio.
3473 5461 3716 5517 Prasino

2065 5555 2265 5610 porro,
2298 5538 2518 5610 Veneto
2550 5541 2607 5591 et
2636 5533 2899 5610 Candida
2964 5529 3180 5603 ῥούσιον
3213 5531 3504 5603 adjungit,
3537 5550 3717 5604 quem

2064 5605 2275 5665 roseum
2307 5609 2792 5680 interpretantur.
2827 5605 3006 5658 Goan.
