4118 6434
378 374 457 436 63
1747 371 2059 435 GEORGII

2166 370 2461 436 EDRENI
2924 346 2931 357 ’
3216 455 3223 459 ,
3724 378 3804 436 δι

370 506 722 563 bellatorem
754 505 958 574 fuisse,
983 522 1051 562 ac
1073 522 1208 563 cum
1231 522 1382 579 equo
1414 510 1788 563 corruentem
1811 504 2026 579 pedem
2055 565 2059 573 η

2166 502 2220 575 ii,
2252 504 2404 586 φασξ,
2438 505 2804 581 πολεμιστὴς,
2855 503 2911 560 ὅν
2966 504 3309 580 συμπεσόντα
3357 509 3435 578 τῷ
3461 503 3625 579 ’ίππῳ
3654 503 3806 578 πλη-

373 595 640 665 fregisse,
659 597 819 651 unde
841 596 916 651 ad
939 601 1193 652 mortem
1213 612 1402 668 usque
1421 595 1670 654 claudus
1692 612 2035 669 permanse-

373 685 473 742 rit.
507 687 574 740 In
605 685 857 741 deorum
891 702 1209 741 numerum
1234 702 1372 741 eum
1399 687 1646 759 Egyptii
1678 686 2035 753 retulerunt,

380 775 541 847 quod
570 775 696 847 lege
729 775 849 830 lata
876 776 1143 847 ipsorum
1178 791 1395 831 uxores
1424 792 1542 831 uno
1574 775 1696 832 viro
1729 779 2039 834 contentas

380 882 512 921 esse
543 870 601 920 et
630 864 842 936 pudice
894 867 1086 920 vivere
1128 865 1430 936 jussisset,
1465 865 1946 939 suppliciumque
1978 865 2039 920 in

380 954 681 1014 adulteras
741 955 1184 1021 constituisset;
1217 961 1318 1012 aut
1358 972 1515 1025 vero,
1571 961 1636 1010 ut
1692 956 1858 1012 Plato
1895 954 2037 1023 vult,

380 1046 537 1119 quod
561 1047 646 1101 eis
667 1045 1015 1102 bellicorum
1042 1051 1100 1100 et
1120 1046 1479 1102 rusticorum
1503 1046 2039 1102 instrumentorum

377 1153 447 1192 ex
477 1134 632 1191 ferro
654 1134 1108 1191 fabricationem
1134 1133 1641 1191 demonstrasset:
1674 1140 1811 1191 ante
1844 1134 2040 1207 ipsum

372 1226 533 1283 enim
559 1224 858 1297 lapidibus
888 1230 948 1280 et
972 1224 1230 1281 fustibus
1252 1225 1699 1297 praeliabantur.
1726 1226 1893 1281 Hunc
1914 1242 2042 1296 my-

377 1317 525 1373 stica
553 1315 811 1388 quadam
869 1315 1216 1386 precatione
1251 1315 1420 1371 aiunt
1478 1333 1548 1371 ex
1587 1331 1723 1370 aere
1754 1315 2043 1388 forcipem

380 1406 757 1477 impetrasse,
790 1408 970 1476 atque
1002 1404 1085 1458 ita
1112 1404 1394 1477 .Egyptiis
1428 1405 1561 1459 aeris
1590 1404 1919 1461 fabricandi
1951 1422 2043 1460 ar-

381 1496 501 1549 iem
534 1492 872 1549 tradidisse.

457 1582 557 1638 86
588 1582 851 1638 Vulcano
874 1581 1154 1638 defuncto
1178 1581 1339 1638 ﬁlius
1363 1583 1611 1638 nomine
1634 1582 1733 1639 Sol
1758 1574 2051 1639 successit

381 1689 450 1729 ac
481 1689 588 1729 rex
620 1672 1023 1745 Egyptiorum
1053 1673 1227 1728 annis
1278 1672 1482 1746 viginti
1526 1673 1710 1729 semis
1741 1672 1873 1729 fuit.
1910 1678 2049 1729 Post

382 1762 543 1818 hunc
570 1762 753 1827 Sosis,
786 1761 925 1818 inde
969 1762 1178 1830 Osiris,
1231 1768 1439 1836 postea
1468 1763 1641 1831 Orus,
1674 1766 1801 1818 tum
1826 1762 2047 1822 Thules

2143 601 2305 669 γῆναι
2342 596 2436 651 τὸν
2493 592 2634 651 πόδα
2693 596 2783 651 καὶ
2842 594 3161 671 χωλεύοντα
3218 593 3351 675 ἄχρι
3398 592 3596 658 τέλους
3646 592 3805 668 διαρ-

2143 684 2316 742 κέσαι.
2379 686 2695 757 Ἀπεθεώθη
2753 683 2810 741 δί
2866 686 2893 741 6
2951 686 3252 765 ’Ἥφαιστος
3322 685 3425 741 ὑπὸ
3483 686 3805 761 Αἱγυπτίων

2145 769 2235 829 διὰ
2264 775 2326 830 τὸ
2358 781 2730 847 νομοθετῆσαι
2791 771 3109 850 μονανδρεῖν
3167 775 3256 830 καὶ
3319 772 3613 853 σωφρόνως
3649 777 3806 849 βιουν

2146 865 2240 927 τὰς
2290 869 2550 942 γυναῖκας
2601 870 2708 920 τῶν
2766 864 3102 940 Αἰγυπτίων,
3152 865 3247 928 τὰς
3300 862 3356 920 δὲ
3404 864 3808 940 μοιχευομέναις

2145 956 2531 1027 τιμωρεῖσθαι,
2563 951 2711 1010 ἀλλᾶ
2744 955 2851 1028 μὴν
2893 955 2980 1008 καὶ
3032 955 3107 1017 ὡς
3138 956 3166 1009 6
3200 954 3451 1021 Πλάτων,
3483 952 3807 1028 πολεμικῶν

2146 1043 2240 1098 καὶ
2299 1048 2616 1119 γεωργικῶν
2690 1041 2988 1118 ἐργαλείων
3060 1045 3159 1112 τήν
3233 1041 3293 1098 ἐκ
3351 1040 3581 1116 σιδήρου
3643 1064 3813 1098 κατα-

2150 1132 2350 1200 σκευὴν
2378 1132 2565 1195 αὐτοῖς
2603 1129 2973 1202 ὑποδείξαντα⁶
3009 1132 3187 1195 λίθοις
3243 1133 3347 1208 γὰρ
3405 1134 3495 1188 καὶ
3537 1130 3810 1209 ῥοπάλοις

2148 1216 2457 1295 ἐπολέμουν
2492 1221 2600 1297 πρὸ
2630 1219 2816 1289 αὐτοῦ,
2875 1225 3066 1275 τοῦτον
3127 1218 3184 1276 δὲ
3239 1243 3365 1300 φασι
3423 1219 3511 1276 διὰ
3544 1227 3817 1295 μυστικῆς

2152 1312 2323 1388 εὐχῆς
2376 1312 2477 1379 τήν
2532 1305 2808 1381 ὀξυλάὲην
2855 1308 3145 1383 δεξάμενον
3194 1309 3254 1366 ἐκ
3299 1315 3397 1366 τοῦ
3449 1309 3628 1387 ἀέρος,
3660 1307 3815 1365 οὕτω

2149 1403 2252 1470 τήν
2283 1399 2655 1475 χαλκευτικὴν
2692 1399 3012 1477 Αἲγυπτίοις
3042 1397 3399 1477 παραδοῦναι.

2229 1585 2374 1641 Μετὰ
2423 1581 2481 1639 δὲ
2535 1585 2835 1663 ’Ἥφαιστον
2893 1585 2920 1639 ὁ
2978 1584 3094 1645 υίὸς
3153 1583 3319 1639 αὐτοῦ
3375 1582 3575 1647 ’Ἡλιος
3607 1583 3813 1639 καλού-

2159 1695 2319 1750 μενος
2351 1672 2437 1729 ἐπὶ
2469 1671 2642 1728 εἶ’κοσι
2676 1676 2759 1743 [Ρ.
2804 1675 2894 1747 20]
2946 1672 3038 1728 καὶ
3068 1669 3243 1746 ⁴ἥμισυ
3272 1670 3368 1743 ’ἐτη
3402 1679 3503 1741 τῆς
3532 1671 3815 1749 Αἱγόπτου

2154 1759 2496 1833 ἲϐασίλευσε,
2552 1763 2641 1818 καὶ
2722 1765 2839 1836 μετ’
2927 1761 3088 1819 αὐτὸν
3149 1768 3345 1833 Σῶσις,
3403 1763 3521 1819 εἶτα
3576 1764 3819 1838 Ὄσιρις,

385 1855 717 1926 Egyptum,
750 1852 903 1909 alius
934 1857 1069 1926 post
1097 1853 1282 1908 alium
1313 1858 1612 1909 rexerunt.
1648 1852 1864 1909 Thules
1910 1871 2044 1909 om-

2166 1856 2274 1925 μεθ’
2304 1852 2361 1907 ὅν
2394 1857 2576 1928 Ὧρος,
2602 1851 2690 1906 καὶ
2741 1853 2857 1924 μετ’
2906 1850 3069 1907 αὐτὸν
3100 1851 3337 1923 Θούλης,
3374 1851 3432 1915 ὅς
3463 1851 3555 1907 καὶ
3582 1848 3688 1914 ἓως
3716 1856 3819 1906 τοῦ

386 1960 524 2000 nem
560 1947 777 1999 terram
809 1958 1000 2014 usque
1032 1942 1107 1998 ad
1159 1944 1456 1999 Oceanum
1503 1944 1845 2015 occupavit:
1906 1943 2047 1999 inde

389 2034 451 2088 in
485 2031 742 2088 Africam
773 2048 1044 2088 reversus
1075 2032 1381 2088 oraculum
1415 2033 1736 2101 consuluit,
1771 2033 2047 2105 quisnam

389 2139 451 2178 se
479 2123 643 2193 prior
673 2127 899 2177 tantum
933 2123 1243 2193 potestatis
1286 2121 1617 2199 habuisset,
1657 2140 1724 2178 ac
1756 2123 1890 2194 quis
1921 2127 2055 2195 post

389 2212 587 2285 ipsum
612 2211 982 2267 tantumdem
1001 2210 1313 2267 habiturus
1336 2212 1603 2267 esset.lta
1624 2213 1675 2266 ei
1699 2229 2052 2285 responsum

392 2300 778 2374 perhibetur:
810 2301 882 2371 (α
920 2298 1214 2372 Principio
1255 2299 1423 2368 deus,
1455 2300 1597 2355 hinc
1627 2307 1843 2370 sermo,
1876 2306 2055 2372 atque

394 2390 491 2446 his
524 2389 769 2461 spiritus
791 2390 1060 2461 junctus.
1096 2391 1230 2445 Haec
1288 2389 1402 2444 tria
1455 2395 1740 2462 cognata:
1797 2395 1887 2445 est
1934 2390 2056 2446 illis

397 2485 622 2537 aeterna
675 2483 957 2551 potestas.
1005 2479 1287 2546 Mortalis,
1348 2479 1529 2536 celeri
1579 2497 1787 2553 gressu
1830 2484 1885 2535 te
1916 2481 2058 2535 hinc

399 2570 675 2643 protinus
705 2568 891 2634 aufer,
928 2569 1217 2625 incertam
1268 2568 1487 2642 degens
1533 2569 1712 2625 dubio
1744 2570 2059 2625 conamine

398 2660 601 2714 vitam.
637 2662 690 2725 »)
734 2659 955 2713 Ferunt
996 2658 1175 2725 hunc,
1228 2657 1326 2713 ubi
1383 2659 1644 2730 primum
1677 2659 1802 2714 sede
1832 2659 2057 2715 oraculi

401 2764 675 2822 egressus
706 2752 814 2810 est,
850 2764 884 2803 a
914 2747 1037 2803 suis
1069 2764 1199 2803 esse
1229 2749 1287 2803 in
1320 2749 1450 2821 ipsa
1480 2748 1670 2804 Africa
1692 2748 2054 2822 jugulatum.

337 2842 348 2857 '
401 2837 701 2895 Successit
751 2837 805 2893 ei
864 2838 1170 2906 Sesostris,
1229 2854 1295 2893 ac
1351 2842 1421 2892 20
1479 2839 1653 2895 annis
1710 2856 1958 2913 regnum
1999 2839 2060 2895 in

401 2927 701 3000 Egyptios
731 2927 930 2999 gessit.
966 2927 1069 2982 Hic
1100 2928 1395 3000 Assyrios,
1428 2928 1734 2984 Chaldmos
1766 2933 1824 2983 et
1853 2930 2061 2985 Persas

404 3032 596 3088 usque
627 3014 701 3070 ad
733 3014 1095 3087 Babylonem
1143 3016 1395 3089 subegit,
1437 3017 1757 3089 Asiamque
1790 3022 1848 3072 et
1875 3019 2062 3073 Euro-

406 3121 568 3178 pam,
603 3105 847 3175 Mysiam
903 3110 961 3159 et
1017 3105 1337 3176 Scythiam.
1398 3108 1686 3162 Reversus
1718 3106 2062 3179 quindecim

406 3194 601 3251 millia
630 3193 979 3265 Scytharum
1002 3195 1289 3267 juvenum
1314 3195 1596 3267 delectos,
1621 3197 1722 3267 qui
1744 3196 2063 3254 bellatores

407 3291 608 3342 essent
633 3286 864 3358 optimi,
897 3286 958 3342 in
990 3285 1231 3341 Perside
1262 3286 1716 3343 collocavit.Sub
1739 3287 1850 3343 hoc
1865 3288 2066 3346 ferunt

405 3376 761 3433 Mercurium
794 3377 855 3431 in
882 3378 1124 3449 (Egypto
1157 3377 1511 3446 innotuisse,
1544 3376 1957 3436 admirabilem
1989 3380 2069 3436 vi-

405 3482 539 3521 rum
571 3469 631 3520 et
651 3465 958 3537 sapientiae
989 3481 1167 3521 causa
1189 3465 1567 3538 stupendum.
1594 3468 1650 3522 Is
1680 3468 1782 3524 Dei
1805 3468 2067 3525 universi

409 3555 590 3627 hujus
617 3554 955 3610 Conditoris
980 3560 1098 3611 tres
1117 3572 1245 3611 esse
1270 3557 1558 3613 maximas
1573 3556 1908 3626 facultates,
1931 3557 2065 3614 uni-

411 3658 543 3700 cam
586 3654 726 3699 ver‘o
771 3644 1032 3700 divinam
1091 3651 1367 3701 naturam
1421 3646 1586 3700 dixit.
1634 3648 1838 3719 Itaque
1885 3647 2068 3703 etiam

410 3734 831 3806 Trisme‘gistus
890 3734 1156 3803 Hermes,
1217 3736 1375 3806 quod
1435 3743 1513 3789 est
1579 3739 1881 3793 Mercurius
1959 3743 2069 3793 ter—

411 3825 706 3891 mawimus,
739 3822 1161 3879 denominatus
1195 3830 1300 3879 est.
1340 3824 1528 3895 Hujus
1561 3824 1632 3881 ad
1664 3826 2067 3898 )Esculapium

411 3912 733 3983 quemdam
765 3912 892 3968 haec
923 3919 1060 3968 sunt
1110 3912 1315 3969 verba:
1365 3936 1392 3963 «
1429 3915 1567 3969 Erat
1595 3914 1696 3969 lux
1726 3914 2069 3987 intelligens

413 4007 549 4057 ante
578 4002 773 4058 lucem
826 4002 1300 4075 intelligentem;
1360 4009 1604 4075 eratque
1638 4020 1874 4076 semper
1899 4018 2068 4060 mens

414 4109 547 4163 qua:
566 4092 783 4147 mentis
808 4108 987 4148 causa
1004 4098 1381 4164 esset,neque
1411 4092 1738 4165 quidquam
1762 4098 1890 4150 erat
1908 4092 2070 4151 aliud

412 4175 594 4254 quam
627 4183 806 4255 hujus
832 4183 1051 4238 mentis
1089 4186 1304 4239 unitas.
1356 4187 1437 4240 Ea
1470 4200 1637 4241 mens
1667 4200 1804 4240 cum
1834 4198 2072 4257 semper

415 4272 478 4327 in
508 4289 637 4328 sese
668 4273 800 4345 ipsa
838 4275 934 4342 sit,
990 4290 1227 4347 semper
1281 4291 1389 4331 sua
1454 4275 1641 4345 ipsius
1700 4280 1898 4331 mente
1939 4274 2069 4331 luce

412 4368 590 4432 atque
649 4361 862 4434 spiritu
914 4363 1193 4419 universa
1249 4363 1534 4419 continet.
1584 4364 1680 4420 ιτ
1732 4366 1910 4421 Extra
1939 4378 2071 4421 eam

413 4456 681 4506 mentem
710 4467 906 4523 neque
938 4451 1085 4509 deus
1106 4458 1197 4508 est
1224 4469 1419 4524 neque
1455 4453 1926 4525 angelus,neque
1958 4454 2070 4510 daa-

412 4555 576 4608 mon,
610 4556 805 4612 neque
835 4540 953 4597 alia
979 4540 1103 4599 ulla
1134 4541 1651 4601 natura.0mnium
1683 4543 1843 4599 enim
1866 4542 2064 4599 Domi-

2150 1945 2411 1999 Ὠκεανοῦ
2469 1947 2642 1996 πᾶσαν
2702 1943 2802 2011 τήν
2859 1948 2961 2019 γῆν
3015 1939 3377 2016 παρείληφεν.
3437 1940 3564 1998 Ἐπὶ
3613 1937 3670 1995 δὲ
3718 1941 3821 2008 τὴν

2155 2033 2420 2112 ’Λφρικὴν
2483 2032 2835 2111 ὑποστρέφων
2906 2032 2981 2093 εἷς
3053 2030 3115 2085 τὸ
3176 2036 3424 2103 μαντεῖον
3494 2028 3821 2095 ἐπυνθάνετο

2154 2122 2238 2185 τίς
2270 2121 2376 2196 πρὸ
2429 2122 2598 2177 αὐτοῦ
2650 2121 2739 2176 καὶ
2796 2122 2879 2184 τίς
2945 2127 3061 2194 μετ’
3116 2120 3277 2175 αὐτὸν
3324 2119 3474 2175 οὕτω
3505 2116 3818 2191 ’δυνήσεται⁸

2157 2215 2384 2289 ᾅκοῦσαι
2418 2210 2474 2267 δὲ
2502 2217 2599 2268 τοῦ
2630 2215 2894 2292 χρησμοῦ
2952 2213 3149 2273 οὕτως·
3186 2236 3214 2264 ι(
3266 2215 3463 2287 Πρῶτα
3508 2210 3638 2272 Θεὸς
3678 2212 3821 2283 (36),

2165 2305 2453 2377 μ·τὶπειτα
2512 2302 2702 2377 λόγος,
2752 2301 2841 2356 καὶ
2898 2304 3112 2373 πνεῦμα
3169 2299 3262 2355 σὺν
3320 2299 3527 2362 αὐτοῖς·
3563 2300 3825 2378 σύμφυτα

2163 2390 2219 2448 δέ
2254 2394 2355 2447 ῖῗπι
2383 2389 2530 2461 τάδε,
2564 2394 2638 2447 ὧν
2692 2392 2889 2467 κράτος
2938 2391 3183 2447 αἰώνιον.
3238 2388 3415 2445 Ὠκέσι
3445 2410 3576 2445 ποσι
3607 2386 3823 2464 βάδιζε,

2160 2478 2340 2549 (iv-gr},
2378 2475 2583 2549 ἔδηλον
2620 2474 2847 2533 διανῦων
2882 2477 3024 2552 βίον.
3061 2500 3088 2528 ››
3132 2479 3339 2533 Τοῦτον
3370 2474 3526 2540 εὐθὺς
3556 2478 3651 2529 τοῦ
3685 2495 3825 2548 μαν-

2161 2566 2314 2624 τείου
2346 2565 2713 2641 ἐξεληλυθότα
2759 2567 2812 2621 οἱ
2859 2563 2987 2620 ἴδιοι
3046 2563 3097 2620 ἐν
3154 2564 3291 2640 αὐτῇ
3323 2569 3391 2639 τῇ
3424 2566 3660 2642 Ἀφρικῇ
3691 2586 3827 2620 κατ-

2164 2659 2411 2737 έσφαξαν.
2445 2656 2592 2713 Μετᾶ
2640 2653 2699 2710 δὲ
2755 2660 2952 2711 τοῦτοο
3015 2654 3320 2729 Σέσωστρις
3359 2658 3467 2709 τῶν
3500 2653 3824 2730 Αἱγυπτίων

2164 2749 2252 2806 ἐπὶ
2293 2748 2493 2805 εἶ’κοσιν
2548 2743 2641 2819 ἔτη
2701 2741 3070 2805 ἓῦασίλευσεν.
3132 2748 3306 2809 Οὗτος
3366 2745 3686 2821 Ἀσσυρίους
3731 2745 3827 2800 καὶ

2164 2836 2473 2901 Χαλδαίους
2523 2839 2611 2893 καὶ
2674 2836 2877 2913 Πέρσας
2936 2832 3040 2899 ἕως
3097 2832 3426 2898 Βαϐυλῶνος
3454 2835 3699 2906 ὑπέταξε,
3731 2837 3829 2889 καὶ

2166 2931 2265 2999 τῆν
2327 2928 2534 2997 Ἀσίαν,
2592 2928 2887 3002 Εὐρώπην,
2947 2927 3038 2983 καὶ
3134 2927 3340 2983 Μυσίαν
3423 2926 3512 2981 καὶ
3568 2927 3827 2984 Σκυθίαν,

2166 3016 2543 3098 Ὑποστρέφων
2601 3015 2658 3072 δὲ
2716 3015 3003 3073 δεκαπέντε
3064 3013 3322 3092 χιλιάδας
3379 3012 3585 3092 ἀνδρῶν
3644 3014 3834 3069 νεανί-

2169 3131 2335 3178 σκων,
2389 3113 2608 3173 Σκυθῶν
2658 3108 3070 3183 μαχιμωτάτων
3129 3101 3454 3177 ἐπιλέκτων,
3487 3103 3540 3159 έν
3583 3108 3653 3178 τῇ
3686 3109 3836 3179 Περ-

2173 3205 2300 3275 σικῇ
2350 3202 2423 3275 γῇ
2472 3199 2793 3272 κατῴκισεν.
2854 3196 2977 3255 Ἐπὶ
3033 3193 3230 3252 τούτου
3287 3197 3495 3271 Ἑρμῆν
3550 3214 3710 3270 φασιν
3769 3195 3827 3250 ἐν

2174 3287 2437 3364 Αἰγύπτῳ
2494 3284 2801 3359 θαυμαστὸν
2861 3283 3026 3359 ἄνδρα
3080 3285 3387 3359 γνωσθῆναι
3444 3284 3533 3338 καὶ
3592 3278 3832 3360 φοϐερὸν

2171 3374 2260 3431 ἐπὶ
2292 3374 2468 3453 σοφίᾳ·
2534 3375 2595 3435 ’ὸς
2650 3367 2845 3451 ἔφρασε
2896 3376 3042 3449 τρεῖς
3105 3371 3364 3450 μεγίστας
3395 3371 3531 3427 εἶναι
3565 3369 3829 3444 δυνάμεις

2169 3470 2267 3521 τοῦ
2299 3466 2653 3539 Δημιουργοῦ
2703 3466 2811 3517 τῶν
2866 3461 3013 3517 ὅλων
3066 3461 3222 3533 Θεοῦ,
3269 3462 3396 3535 μίαν
3431 3458 3661 3530 θεότητα
3691 3460 3829 3514 εἶναι

2173 3558 2311 3614 εἴπε-
2372 3555 2458 3611 διὸ
2515 3556 2601 3609 καὶ
2662 3553 3056 3630 Τρισμέγιστος
3113 3554 3323 3627 Ἑρμῆς
3381 3551 3828 3624 κατωνόμασται.

2171 3649 2268 3708 Ὃς
2299 3644 2447 3700 οὕτω
2479 3644 2614 3719 πρός
2671 3663 2788 3697 τινα
2842 3640 3177 3713 Ἀσκληπιὸν
3211 3640 3394 3703 αὐτοῖς
3427 3641 3663 3717 ρήμασιν
3697 3633 3827 3718 ἔφη·

2178 3760 2200 3789 ι
2234 3736 2337 3792 Ἤν
2365 3738 2481 3811 φῶς
2513 3733 2699 3808 νοερὸν
2731 3733 2839 3808 πρὸ
2899 3733 3080 3805 φωτὸς
3128 3734 3339 3807 νοεροῦ,
3372 3730 3461 3785 καὶ
3491 3730 3557 3799 ἧν
3588 3728 3669 3784 ἀεὶ
3699 3732 3832 3792 νοῦς

2170 3828 2264 3880 νοῦ
2293 3821 2485 3893 αἰετιον,
2514 3822 2604 3878 καὶ
2636 3816 2791 3877 οὐδὲν
2839 3816 3019 3896 ἕτερον
3080 3820 3145 3890 ἦν
3206 3821 3241 3891 ἢ
3301 3821 3336 3889 ἠ
3389 3817 3585 3874 τούτου
3616 3819 3830 3889 ένότης.

2172 3914 2287 3972 Ἀεὶ
2318 3912 2371 3969 ἐν
2413 3911 2562 3984 αὐτῷ
2619 3906 2692 3966 ὥν
2752 3909 2834 3964 ἀεὶ
2890 3913 2972 3981 τῷ
3029 3910 3224 3964 δαυτοῦ
3282 3908 3367 3963 vo’i‘
3423 3907 3512 3962 καὶ
3570 3907 3708 3987 φωτί
3736 3907 3833 3962 καὶ

2173 4003 2441 4076 πνεύματι
2495 4002 2670 4057 πάντα
2725 3998 2993 4074 περιέχει.
3055 3997 3243 4059 Ἐκτὸς
3311 3997 3507 4052 τούτου
3559 3995 3621 4051 οὐ
3677 3997 3833 4066 Θεὸς,

2174 4094 2275 4149 οὐκ
2303 4088 2559 4168 ἅγγελος,
2591 4090 2657 4145 οὐ
2688 4087 2923 4161 δαίμων,
2956 4087 3056 4144 οὒκ
3102 4086 3260 4143 οὐσία
3288 4108 3371 4149 τις
3402 4084 3574 4156 ’ἄλλην
3610 4087 3831 4143 πάντων

2171 4183 2272 4260 γὰρ
2332 4184 2527 4257 Κύριος
2584 4181 2671 4235 καὶ
2735 4180 2863 4240 Θεὸς
2918 4179 3009 4233 καὶ
3087 4180 3296 4253 Πατήρ·
3359 4177 3451 4232 καὶ
3507 4176 3679 4231 πάντα
3739 4176 3835 4231 ὑπ’

2172 4276 2342 4331 αὐτοῦ
2371 4273 2544 4329 καὶέν
2575 4272 2725 4344 αὐτῷ
2783 4269 2946 4325 ἐστιν.
3003 4269 3061 4323 '0
3119 4270 3223 4345 γάρ
3284 4267 3456 4343 λόγος
3497 4267 3661 4323 αὐτοῦ
3692 4287 3833 4343 προ-

2174 4363 2348 4428 ελθὼν
2401 4360 2719 4421 παντέλειος
2773 4358 2863 4414 καὶ
2920 4378 3149 4435 γονιμος
3212 4357 3298 4413 καὶ
3359 4355 3722 4434 δημιουργὸς,
3776 4354 3835 4411 ἐν

2172 4473 2389 4530 γονιμῳ
2434 4450 2588 4529 φύσει
2635 4448 2813 4505 πεσὼν
2864 4448 3001 4520 (37),
3060 4445 3111 4502 έν
3159 4447 3377 4523 γονίμῳ
3423 4442 3599 4513 ὒδατι,
3644 4443 3837 4521 ἔγκυον

2174 4542 2237 4599 τὸ
2268 4538 2414 4615 ὓδωρ
2465 4538 2741 4611 ἐποίησεν.
2773 4560 2800 4593 ι
2863 4540 3055 4599 Οὕτως
3107 4537 3275 4593 εἰπὼν
3307 4537 3335 4591 6
3365 4536 3577 4611 Ἑρμῆς
3605 4531 3834 4607 ηὕξατο’⁶

412 4646 526 4686 nus
557 4595 725 4686 bene;
746 4635 805 4685 et
832 4633 1007 4686 Pater
1053 4636 1161 4689 est.
1196 4628 1312 4687 Sub
1361 4632 1492 4703 ipso
1525 4636 1583 4687 et
1611 4631 1674 4688 in
1704 4632 1833 4704 ipso
1862 4632 2059 4688 omnia

2172 4595 2468 4707 ιζ’όρκίξω
2499 4651 2580 4697 σε,
2617 4595 2870 4704 ὀὐρανοῦ
2929 4595 3172 4704 μεγάλου
3238 4595 3478 4702 ὲργάτά,ι
3751 4645 3835 4702 σεε

415 4725 576 4801 sunt.
610 4721 813 4776 Sermo
860 4721 1019 4776 enim
1075 4722 1286 4794 ipsius,
1319 4721 1420 4793 qui
1452 4721 1752 4794 perfectus
1790 4721 2070 4778 omnibus

413 4808 608 4866 modis
640 4816 729 4865 est
759 4816 818 4866 et
844 4810 1135 4866 fecundus
1166 4827 1233 4866 ac
1276 4810 1491 4884 opifex,
1524 4811 1598 4867 ab
1638 4811 1767 4881 ipsa
1794 4826 2069 4884 progres-

414 4916 515 4955 sus
542 4906 740 4955 mente
773 4900 955 4972 inque
984 4916 1224 4971 aquam,
1256 4900 1427 4971 cujus
1458 4905 1549 4955 est
1590 4899 1804 4956 fertilis
1835 4905 2069 4968 natura,

412 4987 705 5051 incidens,
740 4990 921 5044 fetam
956 5005 1172 5060 aquam
1201 4988 1484 5047 reddidit.
1516 5011 1543 5038 ››
1580 4990 1713 5046 Hmc
1742 4990 1898 5045 fatus
1927 4991 2074 5045 Her-

413 5094 541 5155 mes
574 5078 657 5133 sic
688 5084 963 5150 precatus
996 5083 1121 5134 est:
1156 5101 1184 5127 ‹‹
1210 5078 1432 5150 Adjure
1454 5084 1533 5144 te,
1558 5078 1689 5134 caeli
1715 5079 1909 5151 magni
1941 5079 2074 5150 Opi-

414 5168 550 5223 fex:
585 5168 794 5239 adjuro
827 5173 905 5235 te,
958 5184 1068 5222 vox
1124 5168 1336 5234 Patris,
1370 5183 1547 5238 quam
1578 5168 1836 5239 primam
1866 5166 2072 5233 edidit,

416 5259 787 5330 unigenitum
818 5275 993 5314 suum
1016 5257 1295 5328 Verbum,
1318 5257 1610 5331 propitius
1640 5263 1788 5313 esto.
1811 5279 1839 5308 »
1863 5258 2074 5313 Beatus

2180 4722 2336 4797 φωνή
2387 4718 2598 4789 Πατρὸς
2648 4719 2715 4788 ἤν
2763 4716 3059 4796 ἐφθέγξατο
3120 4716 3367 4791 πρώτην,
3418 4715 3512 4771 τὸν
3568 4719 3835 4788 μονογενῆ

2181 4809 2345 4887 λόγον
2396 4809 2588 4881 αὐτοῦ,
2631 4805 2802 4871 ⁴’ίλεως
2851 4801 2963 4863 ἔσο.
3000 4831 3028 4857 ιν
3084 4810 3210 4863 Τῶν
3258 4809 3452 4884 φωνῶν
3498 4804 3704 4860 τούτων
3744 4803 3839 4859 καὶ

2182 4901 2211 4956 6
2242 4900 2385 4975 ἱερὸς
2419 4895 2701 4973 Κόριλλος
2732 4896 2979 4971 ἐμνήσθη
3031 4895 3197 4951 εἰπὼν
3237 4896 3324 4950 ’ὁτι
3354 4893 3442 4949 καὶ
3475 4894 3503 4949 ὁ
3533 4894 3839 4969 Τρισμέγιο

2184 5010 2310 5052 στος
2341 4989 2552 5065 Ἑρμῆς
2584 4984 2794 5061 Τριάόα
2824 4984 3133 5061 ὡμολόγει.
3178 4984 3240 5041 Ὀ
3271 4980 3329 5039 δὲ
3361 4982 3667 5058 Σέσωστρις
3702 4983 3840 5055 μετὰ

2182 5080 2282 5148 τήν
2335 5078 2490 5148 νίκην
2544 5078 2644 5146 τὴν
2701 5073 2971 5148 Αἴγυπτον
3038 5067 3365 5130 καταλαϐὼν
3416 5071 3663 5142 τελευτᾷ.
3716 5073 3839 5128 Ἀν-

2184 5169 2310 5237 έστη
2371 5165 2428 5222 δὲ
2485 5167 2596 5239 μετ’
2652 5164 2814 5220 αὐτὸν
2877 5164 3134 5238 βασιλεὺς
3190 5161 3271 5218 ἐπ’
3325 5160 3602 5238 Αἴγυπτον
3634 5163 3841 5236 Φαραὼ

2186 5258 2214 5311 ὁ
2247 5257 2335 5312 καὶ
2367 5256 2601 5331 Ναρεχὼ
2657 5252 3023 5333 καλούμενος,
3079 5254 3354 5329 κρατήσας
3402 5245 3518 5322 ἔτη,
3579 5248 3655 5314 ὥς
3685 5271 3838 5327 φασι,

1617 5382 1987 5440 XYLANDRI
2026 5384 2113 5439 ET
2153 5383 2371 5441 GOARl
2409 5383 2633 5439 NOTAE.

489 5511 599 5582 (36)
635 5513 845 5567 Versus
878 5515 1017 5566 sunt
1045 5510 1276 5566 confusi
1307 5511 1369 5566 in
1402 5512 1627 5575 Graaco,
1658 5526 1912 5582 quorum
1946 5527 2075 5566 sen-

346 5624 351 5629 -
420 5584 669 5641 tentiam
701 5588 949 5638 conatus
979 5599 1108 5637 sum
1144 5584 1338 5639 edere.
1372 5581 1506 5638 XvL.

492 5655 809 5728 (37l7Apud
839 5654 1079 5710 Suidam
1110 5656 1172 5728 in
1202 5656 1412 5728 Ἱσέρμης
1446 5656 1573 5728 haec
1599 5652 1832 5728 eadem.
1862 5651 2069 5728 paucis

418 5720 1081 5796 mutatis-referuntur.
1106 5726 1217 5784 Sed
1250 5720 1455 5784 vitiose
1485 5725 1567 5783 ibi
1597 5725 1815 5800 legitur
1844 5720 1972 5787 τεαῖς
1994 5720 2072 5780 ὤν

2180 5508 2457 5590 xui_si_cu_t
2496 5513 2701 5590 contra
2745 5525 2862 5590 nos
2883 5509 3095 5590 vitiose
3144 5507 3320 5590 ἑαυτῷ
3357 5508 3700 5590 pauloante
3731 5523 3839 5578 pro

2178 5579 2326 5665 αὸτῷ
2347 5578 2733 5663 habebamus.
2755 5580 2869 5637 Sed
2890 5586 2949 5636 et
2970 5582 3231 5653 precatio
3253 5578 3409 5652 apud
3426 5580 3842 5636 Suidamnon-

2181 5652 2333 5710 nihil
2363 5659 2569 5709 variat.
2605 5654 2743 5707 XvL.
