4118 6420
290 369 371 428 es
1427 357 1968 447 HISTORIARUM
2014 357 2559 451 QOMPENDIUM.
3647 364 3729 426 66

292 500 656 571 πεντήκοντα’
712 496 775 555 ἐκ
859 496 1060 554 τούτου
1108 498 1161 552 οἱ
1216 494 1323 552 ἀπὸ
1377 496 1476 550 τοῦ
1558 491 1748 568 γένους
1796 491 1959 557 αὐτοῦ

2077 507 2315 565 quoque
2346 491 2603 567 Cyrillus
2633 491 2845 548 harum
2896 508 3106 549 vocum
3155 492 3528 552 mentionem
3568 494 3731 566 fecit,

295 590 662 665 καταγόμενοι
722 586 977 663 βασιλεῖς
1037 584 1241 663 Φαραὼ
1299 581 1788 662 προσαγορύονται.
1818 582 1960 645 Ἕως

296 676 409 736 ὧδε
438 681 492 735 αἱ
521 684 631 735 τῶν
660 678 980 756 Αἰγυπτίων
1013 673 1306 755 βασιλεῖαι.

2074 580 2278 637 dicens
2300 581 2458 653 quod
2481 583 2661 641 etiam
2682 582 2927 637 Hermes
2948 583 3369 657 Trismegistus
3380 584 3730 641 Trinitatem

2072 669 2149 727 sit
2206 670 2534 728 confessus.
2596 672 2889 727 Caeterum
2948 670 3234 729 Sesostris
3284 677 3457 744 parta
3486 666 3733 730 victoria

295 772 614 844 xilgyptum
669 770 923 843 adeptus
975 768 1232 837 decessit
1280 767 1413 822 vita.
1466 768 1604 833 Post
1648 779 1785 835 eum
1829 778 1933 818 rex
1978 759 2208 816 Pharao
2260 760 2507 830 exstitit,
2553 761 2655 832 qui
2700 766 2759 816 et
2828 762 3093 817 Narecho
3151 761 3386 820 dicitur.
3447 764 3731 837 Regnavit

296 875 513 928 annos,
541 866 611 916 nt
639 862 831 930 aiunt,
863 859 1317 934 quinquaginta.
1351 855 1438 914 Ab
1470 858 1582 927 hoc
1610 870 1797 929 genus
1829 851 2113 908 ducentes
2139 866 2305 935 reges
2335 849 2676 907 Pharaones
2722 851 3006 923 appellati
3063 856 3221 909 sunt.
3284 853 3579 909 Hactenus
3638 869 3731 908 re—

292 967 487 1023 gnum
516 952 950 1025 Egyptiorum.

376 1041 467 1098 Ἑν
503 1035 561 1094 δὲ
590 1044 709 1102 τοῖς
740 1040 971 1115 χρόνοις
1022 1038 1192 1095 Πίκου
1249 1040 1347 1093 τοῦ
1404 1033 1494 1092 καὶ
1553 1033 1676 1102 Διὸς
1725 1027 1961 1111 ἀνεφάνη

292 1149 383 1191 τις
413 1126 477 1184 ἐκ
503 1136 606 1199 τῆς
635 1127 813 1208 φυλῆς
843 1133 942 1186 τοῦ
971 1126 1148 1205 Ἰάφεθ
1180 1125 1232 1183 ἐν
1293 1127 1457 1203 χώρᾳ
1513 1129 1620 1181 τῶν
1680 1117 1962 1201 Ἀργείων,

295 1217 525 1294 Ἴναχος
565 1216 886 1295 λεγόμενος.
944 1218 1029 1294 [Ρ,
1057 1217 1151 1293 21]
1205 1217 1300 1279 ’Ὀς
1353 1215 1442 1270 καὶ
1500 1213 1552 1268 ἐν
1606 1210 1742 1286 αὐτῇ
1806 1210 1962 1288 βασι-

298 1305 503 1371 λεᾶσας
532 1306 704 1378 κτίζει
744 1304 908 1363 πόλιν
942 1306 1030 1363 ἰὼ
1086 1304 1175 1369 καὶ
1233 1300 1490 1363 Ἰώπολιν
1557 1298 1779 1358 ἐκάλεσε
1833 1297 1960 1354 ταύ-

296 1418 401 1468 την
442 1394 521 1459 εἷς
580 1393 760 1472 ὄνομα
822 1403 924 1468 τῆς
979 1395 1239 1468 σελήνης·
1295 1396 1348 1450 οἱ
1405 1394 1508 1471 γὰρ
1570 1392 1813 1468 ’ᾼργεῖοι
1862 1389 1962 1458 τὴν

295 1485 543 1557 σελήνην
576 1487 669 1543 Ἰὼ
708 1485 991 1542 καλοῦσιν.
1025 1486 1199 1561 Ἔσχε
1258 1480 1316 1540 δὲ
1373 1483 1464 1539 καὶ
1513 1481 1780 1563 θυγατέρα
1840 1479 1959 1537 Ἰώ⁶

296 1572 362 1629 ἐκ
394 1571 600 1643 ταύτης
631 1574 659 1629 6
690 1574 818 1638 Ζεὺς
875 1571 1139 1649 θυγατέρα
1190 1568 1321 1648 ἔσχε
1371 1572 1471 1641 τήν
1527 1565 1757 1642 Λιϐύην.
1806 1569 1956 1640 Αὕτη

296 1665 335 1732 ἦ
370 1662 463 1720 ’ἰὼ
494 1662 614 1718 ἐπεὶ
659 1662 824 1739 ἐμίγη
882 1667 962 1736 τῷ
1020 1661 1125 1733 Διὶ,
1185 1659 1542 1741 αἰσχυνθεῖσα
1605 1658 1698 1714 τὸν
1754 1655 1958 1733 πατέρα

295 1753 486 1830 φεύγει
517 1752 595 1813 είς
628 1749 926 1829 Αἴγυπτον,
976 1750 1149 1808 ἐκεῖσε
1202 1748 1260 1806 δὲ
1314 1749 1407 1806 τὸν
1458 1751 1669 1825 Ἑρμῆν
1730 1746 1960 1825 βασιλέα

294 1842 534 1919 εὑροῦσα
563 1843 679 1899 ἐπεὶ
709 1844 771 1899 τὸ
803 1841 1037 1901 Σίλπιον
1069 1840 1196 1920 ὅρος
1222 1849 1325 1913 τῆς
1373 1839 1572 1917 Συρίας
1621 1834 1955 1914 μεταϐαίνει,

2145 1029 2431 1101 Tempore
2461 1029 2607 1099 Pici,
2641 1030 2742 1102 qui
2774 1034 2832 1086 et
2855 1030 3083 1103 Jupiter
3130 1037 3449 1103 usurpatus
3494 1037 3606 1101 est,
3665 1033 3730 1088 in

2069 1119 2423 1192 Argivorum
2438 1118 2678 1192 regione
2704 1120 2948 1192 quidam
2971 1121 3043 1175 de
3063 1121 3252 1193 Japeti
3275 1122 3458 1194 stirpe
3483 1122 3729 1193 exstitit,

2073 1207 2315 1264 nomine
2342 1209 2617 1264 Inachus.
2644 1209 2749 1265 Hic
2772 1226 2951 1283 regno
2977 1211 3326 1283 Argivorum
3371 1211 3593 1283 potitus
3626 1229 3728 1267 ur-

2071 1296 2209 1352 bem
2235 1300 2295 1354 lo
2314 1297 2604 1366 condidit,
2661 1304 2719 1354 et
2762 1297 3015 1371 Iopolim
3054 1298 3219 1355 illam
3249 1300 3475 1355 vocavit
3504 1317 3538 1357 a
3566 1299 3727 1356 lunae

2071 1387 2355 1455 nomine;
2389 1388 2536 1444 luna
2567 1388 2683 1444 eim
2714 1390 2774 1444 Io
2810 1387 2882 1445 ab
2913 1387 3141 1467 Argivis
3192 1390 3557 1447 nominatur.
3616 1391 3733 1445 Ha-

2070 1474 2200 1531 buit
2231 1483 2289 1531 et
2319 1476 2506 1535 ﬁliam
2537 1479 2595 1533 lo
2626 1478 2894 1544 nomine,
2955 1494 3029 1534 ex
3087 1494 3206 1550 qua
3253 1479 3482 1552 Jupiter
3542 1478 3728 1536 ﬁliam

2069 1564 2313 1637 Libyam
2346 1567 2607 1635 sustulit,
2640 1567 2775 1641 Ipsa
2805 1568 2865 1639 Io
2912 1566 3274 1625 verecundia
3303 1569 3510 1642 patris,
3567 1569 3730 1641 quod

2069 1670 2204 1710 cum
2235 1656 2370 1713 Jove
2404 1657 2845 1728 concubuisset,
2905 1657 2969 1713 in
3025 1659 3337 1731 Egyptum
3385 1657 3581 1731 fugit;
3628 1658 3731 1733 ubi

2068 1761 2204 1800 cum
2229 1746 2587 1805 Mercurium
2620 1764 2821 1820 regem
2850 1736 3199 1815 invenisset,
3232 1749 3294 1806 in
3318 1749 3613 1824 Silphium
3638 1752 3734 1823 Sy-

2066 1837 2169 1895 riae
2194 1844 2460 1895 montem
2494 1840 2661 1907 abiit,
2694 1840 2795 1895 ubi
2828 1847 3036 1912 postea
3067 1841 3168 1898 38
3192 1842 3478 1914 temporis
3522 1842 3730 1898 Seleu-

294 1900 438 1988 δτίου
488 1931 759 1997 Σέλευκος
815 1934 844 1989 6
902 1900 1168 1992 Μακεδίὶιν
1222 1900 1465 2008 ὕστερον⁸
1498 1930 1574 1993 είς
1621 1900 1809 2005 ,ὄνομα
1858 1933 1956 1985 τοῦ

2070 1943 2170 1982 cus
2201 1928 2439 1984 Macedo
2472 1946 2747 2002 magnam
2779 1930 3158 1986 Antiochiam
3188 1930 3261 1986 de
3314 1930 3421 1985 ﬁlii
3480 1932 3727 1987 nomine

294 2023 440 2082 ἰδίου
497 2026 619 2080 υἱοῦ
673 2026 773 2095 τὴν
829 2023 1078 2100 μεγάλην
1144 2023 1489 2100 Ἀντιόχειαν
1568 2018 1952 2097 ᾠκοδόμησεν.

293 2117 445 2172 Ἑιιιῖ
472 2113 564 2171 οὖν
597 2116 633 2184 ἠ
666 2116 756 2172 Ἰὼ
786 2112 1034 2188 τελευτᾷ.
1095 2119 1319 2191 Ἴναχος
1349 2109 1409 2169 δι
1447 2113 1476 2167 6
1513 2111 1718 2184 ταύτης
1772 2112 1955 2187 πατήρ

306 2201 551 2267 πολλοὺς
581 2204 658 2267 εἷς
684 2204 1016 2276 ἀναζήτησιν
1046 2204 1215 2276 αὐτῆς
1255 2201 1585 2281 πεπομφὼς,
1638 2199 1786 2258 ἀλλὰ
1844 2203 1953 2276 μὴν

306 2294 396 2349 καί
427 2294 551 2358 τοὺς
577 2294 750 2364 αὐτῆς
779 2290 1076 2372 ἀδελφοὺς,
1114 2292 1505 2371 παρήγγειλεν,
1565 2292 1612 2349 εί
1671 2293 1750 2366 μὴ
1784 2291 1955 2362 αὐτὴν

299 2383 577 2459 ἀγάγοιεν,
614 2380 755 2458 μηδὶ
780 2382 979 2447 αὐτοὺς
1026 2381 1364 2449 ἐπανελθεῖν.
1422 2382 1491 2440 Οἱ
1552 2378 1609 2437 δὲ
1657 2381 1759 2451 τὴν
1793 2379 1956 2456 Αί¹γυ⁴

291 2495 431 2530 πτον
462 2468 742 2543 διαϐάντες
772 2474 864 2529 καὶ
904 2474 1041 2550 πρὸς
1067 2474 1268 2550 Συρίαν
1320 2470 1567 2537 ἐλθόντες
1625 2468 1755 2548 ὄναρ
1816 2483 1957 2536 θεω-

293 2566 452 2638 ροῦσι
487 2558 723 2636 δάμαλιν
782 2561 1095 2638 ἀνθρωπίνῃ
1150 2565 1306 2640 φωνῇ
1358 2559 1811 2640 χρηματίζουσαν
1864 2561 1958 2618 οὕ-

291 2671 424 2714 τως·
488 2679 515 2704 «
541 2650 761 2717 Ἑνθάδε
825 2651 941 2726 εἰμὶ
1005 2651 1111 2727 ἐγὼ
1140 2649 1177 2722 ἧ
1210 2652 1319 2709 Ἰώ,
1356 2675 1384 2703 ››
1433 2650 1834 2715 Διτπνιοθέντες
1868 2648 1959 2706 οὖν

297 2740 411 2796 ἐκεῖ
454 2741 602 2815 ἱερὸν
682 2742 771 2797 καὶ
817 2740 1034 2818 πόλιγ,
1094 2740 1129 2811 ἢ
1189 2740 1279 2796 καὶ
1348 2739 1571 2798 Ἰώπλιν
1642 2741 1953 2815 ὡνόμησαν,

298 2827 770 2903 οἰκοδομήσαντες
803 2828 1041 2904 ἔμειναν,
1077 2832 1153 2905 μὴ
1205 2828 1525 2904 τολμῶντες
1548 2830 1683 2906 πρὸς
1737 2832 1956 2906 Ἴναχον

296 2919 617 2976 ἐπανελθεῖν
668 2915 847 2991 Λιϐύη
910 2916 969 2976 δὲ
1017 2921 1053 2990 ἡ
1095 2920 1337 2995 θυγάτηρ
1381 2919 1570 2990 αὐτῆς,
1626 2921 1692 2991 ἢν
1747 2918 1806 2974 ἐκ
1832 2919 1957 2981 Διὸς

296 3004 482 3085 ἔσχεν,
510 3006 766 3085 ἐγαμήθη
804 3006 1102 3067 Ηοσειδῶνι
1142 3012 1223 3081 τῷ
1251 3006 1464 3085 Κρόνου
1500 3009 1596 3083 μὲν
1651 3007 1776 3081 υἱῷ,
1806 3005 1963 3064 ἀδελ-

298 3102 390 3175 φῷ
420 3094 481 3153 δὲ
507 3097 653 3160 Διός.
704 3098 929 3160 Τούτοις
959 3103 1103 3172 τρεῖς
1157 3095 1368 3169 παῖδες,
1426 3098 1680 3174 Ἀγήνωρ
1747 3098 1838 3153 καὶ
1870 3097 1963 3157 Βέ-

302 3188 403 3250 λος
460 3188 554 3242 καὶ
609 3185 891 3251 Ἐνυᾶλιος
947 3187 1264 3264 ἐνέχθησαν.
1325 3192 1418 3242 Ὠν
1452 3187 1480 3243 6
1511 3186 1683 3249 Βέλος
1735 3188 1829 3261 μὲν
1860 3189 1961 3258 τὴν

2068 2016 2155 2072 sic
2176 2015 2396 2074 dictam
2418 2018 2706 2074 condidit.
2730 2019 2814 2074 lbi
2839 2026 3076 2076 mortua
3123 2026 3214 2075 est
3255 2021 3338 2076 Io.
3390 2022 3566 2076 Pater
3590 2038 3726 2076 vero

2067 2106 2322 2164 Inachus
2352 2109 2574 2165 multos
2596 2126 2732 2166 cum
2754 2110 3020 2166 misisset
3041 2111 3143 2182 qui
3165 2126 3297 2167 eam
3329 2111 3727 2182 requirerent,

2070 2194 2226 2252 ﬁlios
2261 2214 2497 2270 quoque
2530 2216 2667 2254 suos
2696 2216 2766 2255 ea
2795 2199 3138 2256 conditione
3160 2201 3451 2274 ablegavit
3480 2207 3545 2256 ut
3576 2218 3722 2256 non-

2069 2284 2186 2340 nisi
2220 2302 2351 2341 eam
2402 2287 2758 2344 reducentes
2816 2287 3061 2343 domum
3119 2288 3403 2346 redirent.
3464 2290 3531 2344 Hi
3580 2306 3725 2345 cum

2066 2375 2309 2448 Egypto
2326 2377 2726 2449 peragrataad
2767 2378 2998 2449 Syriam
3047 2379 3457 2449 accessissent,
3491 2396 3596 2451 per
3624 2381 3720 2435 in-

2068 2465 2367 2521 somnium
2400 2465 2675 2523 viderunt
2703 2462 3007 2533 buculam,
3064 2484 3194 2540 quas
3253 2469 3519 2525 humana
3573 2485 3718 2524 voce

2067 2553 2194 2611 haec
2215 2553 2420 2617 ederet
2444 2572 2458 2610 :
2483 2578 2510 2605 ‹‹
2536 2557 2640 2612 Hic
2660 2572 2793 2612 sum
2815 2573 2919 2629 ego
2941 2556 3018 2612 lo.
3050 2579 3078 2607 ››
3097 2558 3314 2613 Somno
3352 2558 3530 2613 soluti
3574 2557 3715 2613 fano

2069 2641 2151 2698 ibi
2182 2648 2242 2698 et
2270 2644 2415 2699 urbe
2444 2644 2633 2717 Iopoli
2664 2632 2973 2702 aediﬁcetis
3028 2663 3098 2701 eo
3157 2646 3287 2702 loco
3346 2651 3715 2715 manserunt,

2071 2749 2205 2787 cum
2237 2732 2312 2788 ad
2341 2733 2625 2789 Inachum
2658 2734 2870 2791 reverti
2902 2751 3024 2791 non
3056 2735 3363 2791 auderent.
3409 2737 3482 2790 At
3539 2736 3719 2808 Libya

2069 2822 2166 2877 Ius
2189 2828 2247 2877 et
2264 2822 2416 2881 Jovis
2442 2823 2562 2878 ﬁlia
2588 2824 2859 2896 Neptuno
2884 2825 3105 2896 nupsit,
3129 2825 3365 2880 Saturni
3390 2825 3536 2896 ﬁlio,
3567 2827 3721 2882 Jovis

2048 2911 2259 2969 fratri.
2296 2917 2375 2968 Ex
2407 2914 2518 2969 hoc
2548 2914 2823 2988 conjugio
2856 2916 2979 2970 nati
3009 2921 3127 2971 tres
3155 2915 3284 2983 ﬁlii,
3317 2918 3572 2989 Agenor,
3612 2918 3722 2973 Be-

2070 3002 2165 3057 lus
2196 3008 2255 3058 et
2285 3002 2587 3075 Enyalius.
2620 3004 2883 3069 Quorum
2914 3005 3087 3060 Belus
3110 3004 3286 3061 ducta
3315 3006 3377 3061 in
3409 3007 3722 3063 matrimo-

2072 3095 2240 3151 nium
2268 3095 2407 3153 Side
2436 3098 2772 3169 Egyptum,
2806 3096 2964 3153 unde
3025 3100 3269 3172 Egypto
3326 3099 3556 3172 regioni
3614 3116 3724 3155 no-

2071 3201 2231 3253 men,
2265 3190 2324 3241 et
2352 3185 2619 3242 Danaum
2653 3185 2808 3242 ﬁlios
2832 3188 3056 3256 genuit.
3094 3191 3322 3261 Agenor
3373 3189 3435 3243 in
3496 3189 3730 3245 Phoeni-

301 3276 436 3335 Σίόα
467 3280 802 3356 γεγάμηκεν,
842 3280 934 3355 ἀφ’
964 3261 1351 3355 ἧςἾΑῗγυπτον
1407 3279 1496 3334 καὶ
1556 3279 1760 3336 Δαναὸν
1804 3274 1959 3358 ἔσχεν

2074 3291 2201 3332 cem
2234 3275 2533 3347 profectus
2562 3277 2711 3347 Tyro
2741 3293 2988 3332 uxorem
3014 3276 3216 3345 duxit;
3240 3294 3312 3333 ex
3350 3294 3469 3349 qua
3517 3278 3570 3334 ei
3600 3278 3726 3334 nati

300 3371 481 3436 υἱοὺς,
510 3368 563 3440 ἐξ
610 3367 675 3423 οὗ
731 3370 820 3424 καὶ
878 3372 913 3440 ἡ
948 3370 1106 3445 χώρα
1168 3367 1441 3445 Αἴγυπτος
1485 3367 1771 3440 κέκληται·
1810 3369 1838 3424 ὁ
1869 3370 1958 3426 Ἀ·

295 3463 490 3535 γήνωρ
522 3457 581 3515 δὲ
610 3458 699 3515 ἐπὶ
728 3460 827 3529 τήν
862 3459 1117 3531 Φοινίκη,
1150 3457 1325 3524 ἐλθὼν
1355 3460 1595 3534 ἠγάγετο
1624 3460 1723 3529 τήν
1772 3459 1960 3534 Τυρὼ,

298 3550 349 3619 ἐξ
402 3553 469 3619 ἦς
528 3546 753 3623 Κάδμος
814 3549 1072 3626 ἐγεννήθη
1131 3549 1221 3605 καὶ
1266 3549 1456 3620 Φοῖνιξ
1494 3550 1582 3604 καὶ
1641 3548 1818 3625 Σύρος
1869 3539 1961 3604 διαἰ

299 3639 462 3711 Κίλιξ
492 3638 586 3695 καὶ
642 3639 888 3715 θυγάτηρ
950 3640 1192 3714 Εὑρώπη
1252 3637 1599 3714 καλουμένη.
1662 3638 1845 3709 Κτίζει
1904 3635 1963 3696 δὲ

296 3730 550 3804 Ἀγήνωρ
580 3729 682 3799 τήν
707 3728 907 3804 Τύρον,
949 3726 1032 3784 ἐπ’
1089 3728 1319 3804 ὀνόματι
1374 3728 1583 3805 Τύροῦς
1640 3735 1741 3798 τῆς
1794 3730 1963 3785 αὐτοῦ

290 3824 563 3893 γαμετῆς,
598 3815 878 3891 βασιλεύει
918 3814 977 3872 δὲ
1028 3821 1138 3872 τῶν
1186 3822 1364 3895 μερῶν
1423 3816 1645 3873 ἐκείνων
1706 3813 1802 3889 ἔτη
1861 3819 1961 3893 Εγ’.

294 3907 439 3961 Φασὶ
474 3903 534 3961 ὂὶ
560 3907 656 3961 τὸν
678 3909 888 3982 Ταῦρον
918 3912 1037 3968 τοῖς
1069 3905 1297 3987 χρόνοις
1328 3905 1555 3968 ἐκείνοις
1592 3914 1694 3977 τῆς
1740 3910 1963 3983 Κρήτης

300 3993 689 4069 βασιλεύοντα,
715 3995 1000 4075 ναυμαχίᾳ
1056 3997 1193 4051 κατά
1245 4002 1346 4066 τῆς
1402 3995 1582 4075 Τύρου
1641 3995 1961 4071 ἐπιθέμενον

294 4089 398 4139 τοῦ
427 4086 729 4160 Ἀγήνορος
762 4082 1020 4160 ἀλλαχοῦ
1066 4085 1202 4158 μετᾶ
1255 4091 1359 4156 τῆς
1419 4084 1623 4148 οἰκείας
1680 4081 1963 4158 δυνάμεως

294 4172 551 4247 πόλεμον
580 4176 937 4247 ποιουμένου,
985 4175 1124 4251 πρὸς
1181 4174 1408 4250 ἑσπέραν
1457 4175 1556 4243 τὴν
1590 4174 1760 4247 Τόρον
1795 4171 1966 4246 ἑλεῖν,

295 4262 513 4326 ἄλλους
545 4285 601 4320 τε
628 4261 879 4326 πολλοὺς
926 4262 1328 4338 αἰχμαλώτους
1359 4265 1449 4320 καὶ
1484 4261 1551 4335 δὴ
1582 4265 1674 4319 καὶ
1730 4266 1830 4334 τήν
1857 4266 1966 4321 E6-

297 4356 498 4427 ρώπην
556 4351 824 4429 θυγατέρα
875 4355 1195 4433 Ἀγήνορος,
1248 4354 1315 4424 ἢν
1374 4355 1461 4410 καὶ
1516 4359 1743 4429 γυναῖκα
1797 4375 1964 4427 ποιη-

291 4443 530 4515 σάμενος
569 4447 745 4499 πᾶσαν
798 4443 900 4511 τήν
926 4445 1029 4518 γήν
1093 4444 1270 4521 Ἰἇφεθ
1327 4442 1598 4521 Εὐρώπην
1658 4444 1962 4519 ὠνόμασεν,

294 4531 484 4603 ὥσπερ
515 4526 724 4603 Λιϐύην
760 4532 789 4586 6
819 4529 1096 4589 Ποσειδῶν
1147 4534 1249 4603 τὴν
1287 4535 1386 4587 τοῦ
1415 4533 1551 4609 Χᾶμ
1581 4538 1691 4609 γῆν
1745 4530 1834 4588 διὰ
1863 4536 1964 4589 Αι-

2068 3369 2207 3419 sunt
2227 3365 2502 3432 Cadmus,
2522 3365 2793 3437 Phwnix,
2818 3367 2998 3437 Syrus
3025 3366 3196 3435 Cilix,
3229 3372 3288 3422 et
3305 3367 3427 3423 ﬁlia
3470 3369 3727 3439 Europa.

2068 3456 2304 3526 Agenor
2326 3454 2543 3526 Tyrum
2564 3454 2875 3523 exstruxit,
2898 3455 2970 3511 ab
2989 3472 3174 3512 uxore
3196 3457 3281 3512 ita
3329 3457 3721 3520 nominatam,

2068 3557 2438 3615 regnumque
2473 3542 2533 3597 in
2566 3543 2639 3598 iis
2671 3543 3013 3617 regionibus
3044 3562 3152 3617 per
3185 3562 3399 3616 annos,
3431 3552 3497 3601 ut
3536 3547 3729 3615 aiunt,

2068 3631 2137 3686 63
2164 3631 2442 3687 obtinuit.
2476 3633 2555 3688 Ea
2586 3637 2936 3705 tempestate
2969 3635 3223 3691 traditur
3252 3637 3508 3691 Taurum
3541 3636 3726 3691 Cretas

2068 3738 2267 3795 regem
2300 3721 2488 3778 classe
2520 3723 2735 3796 Tyrum
2770 3728 3055 3793 tentasse,
3084 3728 3353 3799 Agenore
3408 3742 3543 3782 cum
3603 3725 3730 3781 suis

2069 3812 2257 3885 copiis
2288 3811 2432 3868 alibi
2491 3813 2716 3869 bellum
2775 3822 3069 3888 gerente;
3128 3833 3197 3872 ac
3251 3816 3361 3873 sub
3420 3833 3729 3889 vesperam

2070 3906 2242 3973 capta
2257 3903 2406 3973 Tyro
2429 3919 2565 3957 cum
2587 3903 2737 3959 alios
2758 3904 2979 3960 multos
3001 3906 3261 3979 captivos
3287 3912 3410 3962 tum
3432 3907 3731 3977 Europam

2071 4005 2307 4064 quoque
2338 3992 2624 4063 Agenoris
2658 3992 2844 4048 ﬁliam
2884 3993 3253 4051 abduxissse.
3304 3995 3464 4051 Hauc
3512 3994 3728 4050 deinde

2069 4078 2170 4136 89
2204 4096 2454 4136 uxorem
2487 4080 2717 4150 habuit,
2751 4082 2823 4138 ab
2856 4100 3049 4156 eaque
3079 4086 3328 4158 Europa:
3351 4100 3573 4140 nomen
3624 4083 3730 4139 toti

2072 4186 2204 4244 quas
2234 4169 2438 4242 Japeto
2463 4175 2727 4226 cesserat
2756 4177 2928 4227 terrae
2978 4172 3140 4242 fecit,
3190 4174 3366 4230 sicuti
3425 4177 3732 4245 Neptunus

2072 4275 2311 4314 omnem
2335 4257 2541 4314 Chami
2567 4264 2784 4314 terram
2825 4276 2860 4315 ει
2900 4261 3079 4331 Libya
3108 4277 3292 4317 uxore
3346 4278 3454 4317 sua
3485 4262 3728 4332 Libyam

2072 4346 2499 4403 denominavit.
2526 4346 2673 4403 Hinc
2693 4353 2883 4419 poetas
2925 4350 3360 4422 perhibuerunt
3383 4351 3583 4406 Jovem
3617 4350 3728 4409 sub

2070 4439 2259 4495 tauris
2284 4438 2483 4510 specie
2512 4439 2807 4511 Europam
2839 4441 3129 4513 rapuisse.
3165 4442 3267 4497 Hic
3297 4441 3525 4497 Taurus
3547 4442 3728 4499 etiam

2069 4528 2388 4599 Gortynam
2419 4526 2628 4583 urbem
2657 4530 2830 4584 matri
2863 4547 2983 4585 suae
3013 4532 3433 4605 cognominem
3466 4532 3527 4586 in
3561 4534 3733 4588 Creta

294 4615 440 4693 δύην
484 4622 586 4691 τὴν
635 4624 802 4677 αὐτοῦ
856 4624 1122 4699 γαμετήν.
1182 4623 1454 4679 Ἐντεῦθεν
1503 4620 1873 4700 ὡμολόγησαν
1906 4624 1959 4679 οἱ

2070 4617 2674 4689 εοιιάὶἀίι,θιίυωίιιιε
2697 4635 2766 4673 ex
2790 4620 3025 4692 Europa
3044 4621 3455 4694 habuit,quem
3480 4623 3731 4678 Minoem

291 4709 530 4779 ποιηταὶ
560 4709 637 4771 ὠς
669 4710 698 4765 ὁ
728 4709 854 4773 Ζεὺς
882 4710 1067 4788 ταύρῳ
1093 4711 1388 4786 όμοιωθεὶς
1439 4711 1713 4788 Εὐρώπην
1774 4714 1955 4787 ἣρπα-

294 4822 404 4856 σεν.
479 4800 652 4862 Οὗτος
684 4798 955 4875 όΤαῦρος
1019 4801 1109 4856 καὶ
1169 4801 1439 4877 Γόρτυναν
1498 4801 1662 4858 πόλιν
1723 4801 1807 4857 ἐπ’
1839 4802 1957 4857 ὀνό-

297 4910 432 4962 ματι
458 4897 560 4960 τῆς
605 4890 769 4947 αὐτοῦ
830 4890 1066 4968 μητέρος
1120 4889 1477 4967 ᾠκοδόμησεν
1510 4891 1563 4948 ἐν
1595 4894 1814 4969 Κρήτῃ,
1864 4891 1956 4948 καὶ

290 4978 415 5032 υἱὸν
448 4971 608 5054 ἔσχεν
637 4979 744 5035 ἀπὸ
772 4986 873 5049 τῆς
923 4979 1200 5055 Εὐρώπης
1255 4979 1315 5035 δν
1373 4979 1529 5037 Μίνω
1585 4980 1958 5056 προσηγόρευ-

294 5087 405 5123 σεν.
434 5067 499 5124 Ὁ
519 5068 773 5145 Ἀγήνωρ
810 5065 869 5125 δὲ
896 5065 1151 5140 τελευτᾷν
1189 5067 1411 5144 μέλλων
1450 5071 1714 5145 χρήματα
1765 5065 1959 5125 πολλὰ

289 5155 349 5211 ἐν
384 5158 577 5233 Κρήτῃ
621 5156 711 5214 διὰ
753 5163 853 5213 τοῦ
909 5160 1029 5214 υἱοῦ
1087 5154 1312 5232 Κάδμου
1357 5160 1495 5235 πρὸς
1532 5159 1631 5229 τήν
1691 5158 1956 5233 θυγατέρα

292 5247 575 5323 Εὐρώπην
607 5246 959 5305 ἀποστέλλει.
1005 5251 1137 5315 Τοῖς
1193 5249 1335 5312 υἱοῖς
1386 5245 1445 5304 δὲ
1487 5247 1652 5303 αὐτοῦ
1681 5250 1782 5318 τήν
1819 5250 1956 5304 ὑπο-

284 5337 625 5413 τεταγμένην
656 5337 811 5411 αὐτῷ
842 5343 940 5411 γῆν
969 5336 1371 5412 καταμερίζων,
1434 5336 1651 5393 Φοίνικι
1722 5337 1818 5412 μὲν
1848 5337 1954 5394 Τύ-

293 5445 387 5499 ρον
416 5427 602 5483 καὶτὰ
632 5426 793 5503 πέριξ
852 5424 1017 5495 αὐτῆς
1066 5425 1364 5502 ἀπονείμας
1423 5425 1688 5499 Φοινίκην
1720 5427 1821 5496 τὴν
1866 5426 1957 5481 ὑπ’

2067 4707 2404 4787 appellavit.
2439 4708 2733 4763 Caeterum
2772 4712 3009 4782 Agenor
3065 4712 3392 4768 moriturus
3450 4729 3727 4787 magnam

2067 4786 2335 4871 pecunias
2358 4797 2475 4851 vim
2493 4812 2598 4869 per
2620 4798 2908 4855 Cadmum
2928 4799 3119 4857 ﬁlium
3142 4818 3317 4857 suum
3331 4801 3406 4858 ad
3428 4803 3727 4874 Europam

2066 4890 2132 4945 in
2160 4889 2394 4943 Cretam
2421 4887 2776 4956 transmisit,
2809 4905 2979 4945 suam
3031 4907 3167 4946 vero
3229 4890 3521 4947 ditionem
3573 4893 3730 4948 inter

2068 4976 2220 5034 ﬁlios
2241 4977 2326 5032 ita
2346 4975 2671 5042 distribuit,
2697 4983 2762 5033 ut
2806 4978 3068 5035 thnici
3107 4980 3296 5052 Tyrus
3345 4998 3414 5038 ac
3446 4998 3578 5054 quas
3609 4982 3732 5038 cir-

2067 5083 2204 5125 cum
2235 5070 2326 5123 est
2352 5067 2513 5140 regio
2544 5063 2904 5141 obtingeret,
2939 5086 3119 5139 quam
3152 5077 3209 5125 et
3242 5072 3583 5128 Phoenicem
3618 5088 3730 5125 no-

2066 5156 2334 5224 minavit,
2367 5156 2523 5211 sicut
2552 5161 2610 5210 et
2640 5156 2870 5226 Syriam
2902 5174 2971 5214 ac
3002 5160 3292 5225 Ciliciam,
3326 5176 3473 5230 quas
3506 5161 3650 5231 Syro
3670 5166 3733 5214 et

2066 5242 2233 5300 Cilici
2267 5241 2406 5296 ﬁliis
2436 5241 2560 5296 suis
2591 5240 2975 5300 attribuebat.
3012 5244 3198 5316 Hujus
3227 5243 3525 5299 Phoenicis
3555 5250 3732 5300 aetate

2066 5334 2265 5392 ferunt
2286 5329 2602 5385 Herculum
2626 5330 3456 5405 philosophum,cognomento
3470 5334 3735 5406 Tyrium,

2063 5439 2397 5498 purpuram
2430 5437 2549 5495 quo
2581 5423 2918 5494 expositum
2951 5428 3040 5478 est
3071 5423 3252 5478 modo
3282 5424 3598 5496 reperisse.

291 5514 453 5571 αὐτόν
480 5517 735 5593 ὠνόμασε
791 5523 921 5591 γῆν.
979 5514 1217 5590 Ὁμοίως
1276 5514 1332 5572 δὶ
1363 5517 1452 5572 καὶ
1510 5515 1709 5592 Συρίαν
1754 5516 1846 5572 καὶ
1913 5512 2169 5573 Κιλικίαν
2228 5510 2325 5573 τὰς
2385 5506 2762 5585 ἐπιλαχούσας
2814 5514 2932 5570 τοῖς
2985 5509 3128 5569 υἱοῖς
3184 5509 3343 5586 Σύρῳ
3400 5511 3491 5566 καὶ
3546 5511 3735 5569 Κίλικι

297 5605 479 5680 χώρας
501 5601 962 5681 προσωνόμασεν.
1002 5605 1091 5661 Ἐν
1143 5611 1263 5666 τοῖς
1296 5605 1518 5681 χρόνοις
1573 5605 1774 5659 τούτου
1822 5607 1919 5660 τοῦ
1977 5602 2239 5664 Φοίνικος
2299 5599 2387 5654 καὶ
2447 5594 2726 5672 Ἠρακλῆν
2776 5618 2903 5675 φασι
2957 5598 3050 5652 τὸν
3111 5598 3434 5677 φιλόσοφον,
3472 5602 3582 5674 [Ρ.
3616 5604 3733 5676 22]

284 5696 373 5750 τὸν
405 5693 715 5774 λεγόμενον
740 5693 971 5769 Τύριον,
1002 5694 1101 5762 τήν
1136 5694 1280 5749 οὕτω
1307 5693 1651 5769 καλουμένην
1684 5694 1977 5770 κογχύΛην
2010 5693 2258 5767 ἐξευρεῖν,
2294 5689 2370 5751 ὡς
2401 5685 2635 5761 εἶ’ρηται-
