4118 6440
416 403 494 463 67
1777 392 2102 456 GEORGII
2145 388 2487 451 CIDRENI
3763 397 3842 457 σε

488 540 558 591 At
572 537 802 609 Jupiter
821 544 1039 611 printer
1060 537 1279 593 multas
1303 537 1558 592 Danaem
1578 547 1813 606 quoque
1839 529 2050 585 Acrisii

2261 526 2326 581 '0
2360 524 2546 598 μέντοι
2577 526 2708 587 Ζεὺς
2737 524 2875 601 πρὸς
2916 530 3038 588 ταῖς
3068 524 3269 589 ἄλλαις
3333 528 3423 583 καὶ
3483 531 3582 584 τοῦ
3634 527 3685 600 ἐξ
3720 533 3851 603 Ἀρ-

417 627 518 697 qui
539 627 850 701 abArgivis
889 628 1308 695 descendebat,
1342 625 1550 693 filiam,
1584 622 1802 695 insigni
1856 620 2069 687 forma,

419 722 477 771 et
499 734 629 788 qum
654 717 715 772 in
738 718 1010 773 cubiculo
1033 717 1108 773 ad
1129 734 1290 773 mare
1316 720 1616 771 exstructo
1638 711 2073 777 asservabatur,

419 807 714 878 corruptis
734 808 920 862 multo
935 824 1078 863 auro
1101 806 1447 862 custodibus
1467 806 1664 877 rapuit
1709 820 1777 859 ac
1809 802 2065 866 violavit,

420 899 597 967 atque
621 913 689 952 ex
710 913 778 952 ea
798 896 986 951 tilium
1004 896 1243 951 nomine
1294 898 1576 951 Perseum
1626 891 1885 947 sustulit.
1921 891 2068 945 Hinc

415 984 660 1040 fabulati
688 987 1003 1057 scriptores
1025 987 1222 1040 Jovem
1244 984 1564 1040 ediderunt
1580 983 1639 1038 in
1663 997 1876 1038 aurum
1927 996 2070 1034 con-

415 1090 651 1129 versum
684 1092 789 1146 per
818 1080 1037 1130 tectum
1070 1074 1131 1130 in
1162 1073 1359 1130 cubile
1390 1072 1722 1139 influxisse,
1756 1087 1824 1127 ac
1857 1071 2068 1126 Danaas

414 1165 810 1237 virginitatem
844 1165 1152 1238 eripuisse.
1184 1166 1348 1219 Hunc
1380 1180 1616 1235 quoque
1646 1164 1929 1218 Perseum
1952 1161 2069 1216 ala-

417 1259 543 1309 tum
562 1256 744 1311 fuisse
768 1254 1234 1325 dixerunt,quod
1259 1254 1331 1308 ab
1356 1253 1599 1309 ineunte
1628 1244 1800 1307 astate
1827 1249 2065 1307 celerri-

415 1360 550 1405 mus
566 1344 680 1400 fuit
702 1344 1056 1415 ingenioque
1070 1343 1437 1400 ferocissimo
1456 1348 1633 1413 atque
1656 1340 2065 1409 callidissimo;

416 1451 599 1505 quare
624 1435 804 1490 etiam
827 1450 964 1489 eum
988 1434 1216 1504 Jupiter
1235 1438 1403 1504 pater
1422 1448 1667 1489 arcanas
1689 1448 1757 1487 ac
1786 1430 2066 1503 mystica:

414 1523 689 1596 fmdaque
704 1524 805 1579 40
819 1539 1026 1579 omnes
1043 1522 1477 1579 incantationes
1490 1519 1844 1577 etveneﬁcia
1867 1519 2069 1575 docuit

416 1616 632 1671 horum
657 1631 770 1687 ope
793 1615 1100 1671 victoriam
1120 1616 1171 1670 ei
1204 1613 1275 1670 ab
1324 1613 1597 1673 hostibus
1643 1611 2065 1684 reportandam

412 1704 935 1776 pollicens.ltaque
965 1704 1052 1759 vir
1071 1703 1260 1760 factus
1280 1704 1534 1759 Perseus
1555 1701 1686 1758 Nini
1701 1699 2065 1773 patruifilios

410 1793 645 1867 fugiens
677 1795 750 1851 ad
779 1797 1054 1866 Assyrios
1084 1795 1261 1851 venit.
1294 1793 1439 1849 Inde
1469 1794 1529 1847 in
1580 1791 1837 1848 Africam
1899 1790 2063 1846 eunti

2182 614 2345 692 γείων
2405 615 2789 690 καταγομένου
2872 614 3152 689 Ἀκρισίου
3239 617 3507 693 θυγατίρα
3603 621 3842 689 Δανάην,

2179 704 2422 780 εὐπρεπῆ
2454 706 2591 761 πάνυ
2642 704 2803 759 οὖσαν
2853 707 2941 760 καὶ
3004 704 3056 760 ἐν
3114 702 3498 782 κουϐουκλείῳ
3556 712 3694 786 πρὸς
3753 711 3844 766 θά-

2179 801 2380 848 Λασσαν
2415 794 2861 873 φυλαττομένην,
2893 794 3093 868 πολλῷ
3133 801 3325 875 χρυσῷ
3352 797 3480 860 τοὺς
3536 803 3841 873 τηροῦντας

2174 883 2364 944 πείσας
2420 883 2512 936 καὶ
2565 882 2770 953 ταύτην
2838 884 3085 956 ἁρπάσας
3163 885 3255 940 καὶ
3295 886 3518 963 φθείρας
3577 880 3735 963 ἔσχεν
3783 888 3837 959 ἐξ

2174 970 2348 1039 αὐτῆς
2380 968 2549 1026 παῖδα
2608 971 2810 1047 Περσέα
2868 971 3122 1045 ὀνόματι.
3182 975 3371 1039 Ἔνθεν
3428 976 3481 1029 οἱ
3524 974 3836 1053 μυθολόγοι

2171 1060 2264 1116 τὸν
2289 1060 2387 1116 Δία
2417 1060 2546 1135 φασὶ
2577 1061 2781 1136 χρυσὸν
2830 1061 3116 1136 γενόμενον
3174 1061 3370 1139 ῥυῆναι
3428 1062 3518 1119 διὰ
3581 1069 3679 1121 τοῦ
3710 1067 3835 1121 στέ-

2173 1170 2304 1224 γους
2335 1148 2410 1212 είς
2440 1150 2533 1205 τὸν
2568 1148 2816 1223 θάλαμον
2844 1149 2934 1205 καὶ
2993 1151 3200 1223 Δανάην
3261 1149 3587 1233 διαφθεῖραι.
3619 1155 3829 1212 Τοῦτον

2170 1238 2264 1294 τὸν
2298 1238 2500 1313 Περσέα
2529 1239 2619 1294 καὶ
2648 1241 2925 1314 πτερωτὸν
2976 1242 3114 1295 εἶναι
3170 1234 3401 1318 ἔφασκον
3462 1240 3535 1305 ὠς
3567 1241 3827 1314 ὐξύτάτον

2172 1323 2302 1383 ὄντα
2345 1326 2602 1393 παιδόθεν
2637 1329 2726 1384 καὶ
2784 1333 2854 1403 τῇ
2912 1327 3065 1407 φύσει
3125 1330 3459 1407 γοργότατον
3509 1333 3601 1387 καὶ
3650 1332 3830 1409 ἐντρε-

2170 1418 2453 1495 χὲστατον.
2486 1422 2550 1494 ᾯ
2595 1416 2686 1473 καὶ
2743 1418 2871 1480 Ζεὺς
2900 1419 2928 1474 ὁ
2967 1421 3147 1494 πατὴρ
3180 1419 3349 1476 αὐτοῦ
3405 1422 3500 1484 τὰς
3560 1422 3831 1499 κρυφίους

2169 1518 2261 1575 καὶ
2287 1520 2549 1592 μυστικὰς
2576 1518 2665 1575 καὶ
2711 1520 2954 1596 μυσαρὰς
3007 1522 3182 1585 πάσας
3242 1522 3471 1601 μαγείας
3535 1525 3623 1579 καὶ
3689 1546 3830 1603 μαγ-

2167 1607 2354 1683 γανίας
2422 1605 2669 1679 ἐδίδαξε,
2726 1612 2878 1680 νικᾷν
2933 1609 3061 1674 τοὺς
3118 1610 3424 1686 πολεμίους
3492 1610 3547 1668 ἐν
3603 1612 3825 1677 τούτοις

2168 1702 2516 1772 παρεγγυῶν.
2549 1697 2741 1754 Τοίνυν
2772 1698 2848 1763 εἷς
2877 1696 3103 1768 ἡλιλίαν
3148 1697 3339 1775 ἀνδρός
3404 1698 3575 1757 ἐλθὼν
3635 1701 3827 1780 φεύγει

2166 1785 2295 1848 τοὺς
2327 1786 2478 1849 υἱοὺς
2520 1787 2679 1842 Νίνου
2735 1791 2831 1843 τοῦ
2864 1789 3010 1852 θείου
3062 1789 3253 1858 αὐτοῦ,
3286 1790 3376 1845 καὶ
3434 1791 3574 1866 πρὸς
3630 1793 3831 1848 Ἀσσυ-

408 1883 568 1955 virgo
592 1884 852 1939 occurrit
872 1884 1174 1957 indigena,
1199 1882 1388 1938 oculis
1412 1881 1765 1954 capillisque
1792 1881 1932 1937 feras
1963 1880 2053 1934 in-

2169 1874 2318 1950 ρίους
2348 1870 2590 1951 ἔρχεται.
2627 1877 2770 1952 Πρὸς
2804 1875 2861 1932 δὲ
2893 1874 3101 1948 Λιϐύην
3162 1873 3497 1935 διαϐαίνοντι
3554 1876 3829 1955 παρθένος

405 1978 529 2028 star
558 1974 835 2030 horrens.
875 1972 1060 2038 Quam
1092 1973 1218 2044 ipse
1249 1988 1382 2028 cum
1406 1970 1728 2027 subsistere
1747 1969 2056 2042 coegisset,

406 2062 567 2133 quod
581 2080 800 2118 nomen
822 2068 1053 2135 gereret
1077 2061 1477 2134 interrogavit.
1503 2060 1792 2116 Prot‘essae
1836 2075 2058 2115 nomen

408 2150 662 2207 Medusae
682 2153 880 2207 statim
903 2157 1079 2223 caput
1099 2151 1453 2222 amputavit;
1480 2149 1677 2219 idque,
1701 2154 1768 2203 ut
1798 2147 2057 2203 infandae

406 2245 585 2311 atque
609 2240 1023 2296 abominanda)
1044 2241 1198 2296 Jovis
1220 2240 1405 2311 patris
1428 2239 1856 2311 praeceptiones
1888 2238 2059 2309 jube-

406 2329 884 2399 bant,conditum
911 2330 1157 2397 habens,
1185 2345 1473 2385 manuum
1496 2327 1706 2383 robore
1761 2332 1818 2382 et
1873 2327 2059 2395 magi-

410 2436 615 2477 carum
637 2421 857 2476 artium
883 2419 1097 2475 fiducia
1117 2420 1324 2486 fretus,
1348 2419 1660 2475 adversum
1681 2417 1882 2475 hostes
1920 2432 2059 2472 suos

409 2510 707 2580 perrexit;
741 2509 919 2581 capiti
951 2525 1171 2565 nomen
1203 2508 1485 2581 Gorgonis
1511 2506 1795 2579 imposuit
1817 2505 1890 2562 ob
1932 2505 2055 2559 efﬁ-

405 2597 714 2653 cacitatem
739 2603 796 2653 et
812 2599 929 2653 vim
946 2598 1233 2653 veneﬁcii.
1258 2597 1401 2652 Inde
1426 2597 1484 2652 in
1506 2596 1835 2668 Aibiopiam
1862 2599 2059 2650 trans-

403 2686 527 2755 ivit,
560 2704 738 2757 quam
774 2694 912 2743 tunc
943 2688 1213 2759 Cepheus
1246 2704 1426 2759 regno
1457 2685 1697 2741 tenebat
1728 2704 1742 2753 ;
1804 2684 1933 2757 ejus
1993 2684 2056 2738 fi-

396 2779 1014 2836 liam.Andromedam
1037 2780 1428 2851 eamdemque
1457 2778 1824 2835 sacerdotem
1839 2779 2053 2850 rapuit,

404 2886 473 2925 ac
512 2887 620 2940 per
648 2869 877 2941 Syriam
908 2870 982 2925 ad
1014 2870 1367 2941 Lycaoniam
1400 2869 1708 2942 navigavit.
1755 2869 2054 2940 Lycaones

404 2974 541 3013 cum
573 2975 635 3013 se
660 2960 876 3014 Perseo
899 2959 1538 3030 opposuissent,primo
1570 2957 1855 3030 Gorgonis
1887 2956 2056 3012 auxi-

402 3049 484 3103 lio
518 3048 729 3103 devicti
763 3054 919 3104 sunt.
954 3048 1039 3103 Ibi
1070 3048 1277 3103 urbem
1309 3050 1560 3103 Perseus
1591 3047 1858 3103 condidit
1882 3063 1950 3102 ac
1983 3046 2054 3100 de

406 3153 513 3192 suo
568 3137 811 3193 nomine
868 3138 1173 3193 Persidem
1229 3137 1567 3209 appellavit.
1624 3138 1800 3192 Extra
1842 3135 2051 3191 urbem

404 3231 659 3283 statuam
686 3226 904 3299 posuit,
939 3233 1115 3298 atque
1149 3227 1222 3282 ab
1273 3244 1342 3281 eo
1401 3226 1722 3282 simulacro
1783 3226 2048 3282 Iconium

399 3317 745 3373 nominavit.
783 3317 925 3373 Inde
956 3317 1243 3372 Isauriam
1275 3321 1334 3371 et
1385 3316 1651 3371 Ciliciam
1701 3331 2047 3388 peragrans.

400 3412 642 3478 accepto
666 3406 907 3462 oraculo
929 3411 995 3460 ut
1016 3423 1132 3478 quo
1162 3406 1291 3461 loco
1319 3405 1392 3459 de
1421 3422 1572 3476 equo
1600 3403 1970 3460 descendens
1989 3405 2048 3458 in

402 3495 609 3567 planta
634 3496 802 3568 pedis
834 3495 1101 3551 dolorem
1136 3496 1404 3563 sentiret,
1439 3494 1519 3550 ibi
1551 3495 1853 3550 victoriam
1899 3493 2049 3549 obti-

402 3591 574 3641 neret
603 3590 779 3656 atque
809 3585 1019 3641 urbem
1053 3586 1393 3654 aedificaret,
1434 3585 1700 3653 Tarsum,
1761 3602 1796 3639 a
1847 3584 2053 3655 planta

402 3674 571 3746 pedis
598 3674 815 3729 dictam
848 3674 1079 3742 urbem,
1112 3674 1396 3730 condidit.
1432 3677 1513 3729 Ac
1542 3679 1751 3729 contra
1781 3674 2051 3745 Assyrios

401 3764 703 3834 profectus
738 3780 839 3818 eos
872 3764 1188 3835 superavit,
1245 3763 1721 3835 Sardanapalope
1771 3779 1901 3818 cum
1946 3779 2053 3817 sua

400 3859 575 3925 gente
606 3859 814 3909 necato
842 3854 1115 3925 Assyrios
1145 3871 1389 3925 prorsus
1435 3853 1686 3925 subegit,
1749 3868 2049 3924 regnoque

397 3941 471 3997 iis
488 3942 787 4015 adempto,
812 3945 1022 3999 Persas
1045 3942 1117 3999 de
1140 3960 1244 3997 suo
1297 3943 1539 3998 nomine
1587 3941 1926 4014 appellavit,
1959 3957 2050 3996 re-

399 4047 703 4103 gnumque
726 4032 789 4087 in
813 4035 904 4088 41
947 4050 1045 4088 eos
1078 4050 1183 4104 per
1213 4035 1278 4088 53
1313 4049 1500 4088 annos
1561 4031 1839 4089 obtinuit.
1892 4030 2050 4085 Idem

400 4120 675 4176 arborem
699 4138 934 4194 quoque
956 4139 1065 4177 ase
1092 4123 1388 4177 Persicam
1408 4121 1626 4177 dictam
1676 4138 1783 4192 per
1812 4136 2049 4176 omnem

402 4226 571 4265 suam
604 4210 892 4266 ditionem
923 4211 1247 4283 plantavit;
1276 4211 1348 4268 fa:
1365 4210 1550 4283 ioque
1610 4210 1861 4266 Medusa;
1922 4227 2050 4281 scy-

400 4300 519 4373 pho
550 4299 621 4356 de
643 4301 840 4357 Persis
863 4318 1015 4372 quos
1037 4301 1293 4356 maxime
1316 4300 1618 4373 diligebat,
1663 4299 1895 4356 arcanis
1922 4315 2053 4353 ma-

398 4389 546 4462 gicis
571 4391 756 4445 sacris
788 4391 1053 4459 initians,
1087 4388 1285 4445 Medos
1318 4405 1417 4444 eos
1448 4395 1508 4445 et
1566 4394 1784 4444 terram
1844 4403 2050 4443 eorum

399 4477 653 4533 Mediam
680 4479 1027 4535 nominavit.
1051 4479 1194 4534 Inde
1218 4479 1291 4535 ad
1314 4478 1606 4550 Silphium
1633 4482 1897 4533 montem
1920 4492 2053 4547 pro-

396 4565 594 4622 fectus
617 4568 862 4636 Jonitas,
895 4570 996 4641 qui
1024 4569 1097 4625 ab
1132 4569 1299 4642 Argis
1349 4585 1417 4623 eo
1474 4571 1915 4637 concesserant,
1967 4564 2047 4619 ibi

398 4658 644 4728 reperit,
678 4658 749 4713 ab
772 4659 1060 4731 iisque,ut
1080 4659 1351 4730 ejusdem
1375 4658 1599 4729 stirpis,
1626 4663 1716 4711 est
1746 4660 2043 4727 acceptus.

395 4743 483 4799 lbi
508 4761 641 4799 cum
665 4746 874 4819 ingens
897 4753 1219 4818 tempestas
1259 4747 1481 4801 imbres
1525 4742 1852 4811 effudisset,
1878 4760 1946 4799 ac
1976 4744 2048 4798 Ο-

397 4840 599 4888 rontes
631 4833 843 4889 ﬂuvius
866 4836 966 4906 qui
991 4835 1215 4907 lopolin
1246 4835 1415 4891 allhit
1460 4850 1639 4906 supra
1681 4833 1923 4888 modum
1956 4847 2053 4887 ex-

396 4925 670 4992 undaret,
697 4929 911 4982 Perseo
936 4934 1175 4999 precato
1197 4928 1423 4983 fulmen
1449 4927 1625 4981 veluti
1648 4924 1859 4998 globus
1898 4924 2050 4996 ignis

396 5017 593 5073 subito
625 5018 889 5074 delatum
921 5024 1045 5086 est;
1083 5020 1284 5090 itaque
1317 5025 1373 5073 et
1419 5017 1670 5073 inhibita
1727 5021 2051 5087 tempestas

391 5108 526 5175 fuit,
548 5108 839 5163 ettluvius
863 5125 968 5163 suo
995 5126 1055 5164 se
1107 5108 1273 5164 alveo
1323 5107 1637 5164 conclusit.
1687 5108 1769 5160 Ex
1814 5122 1881 5159 eo
1915 5104 2050 5176 igne

394 5198 645 5253 Perseus
679 5198 876 5271 ignem
938 5199 1230 5266 accendit,
1293 5214 1615 5268 secumque
1677 5196 1850 5261 tulit;
1903 5193 2051 5249 etin

397 5301 566 5341 suam
594 5288 815 5359 regiam
843 5293 1165 5360 apportans
1191 5287 1380 5343 aedem
1399 5287 1521 5359 igni
1545 5285 2053 5354 exstruxit,sacer-

399 5372 678 5445 dotioque
702 5377 831 5447 pios
856 5377 1011 5432 viros
1045 5376 1325 5449 praefecit.
1360 5377 1642 5448 Idemque
1690 5381 1749 5430 et
1778 5373 1962 5445 Iopoli
1997 5376 2055 5427 et

403 5462 464 5517 in
495 5468 618 5518 tota
657 5481 765 5520 sua
795 5466 1020 5523 ditione
1068 5466 1362 5532 instituit;
1414 5465 1812 5536 mandatoque
1870 5470 1935 5517 ut
1979 5461 2051 5517 de

402 5552 550 5607 ccelo
583 5553 814 5610 delatus
845 5557 1159 5631 deusignis
1181 5557 1496 5621 coleretur,
1517 5555 1671 5627 ignis
1693 5552 1925 5610 colendi
1979 5552 2053 5606 ri-

404 5646 528 5696 tum
561 5641 1092 5718 docuit,magorum
1145 5647 1390 5702 nomine
1435 5643 1840 5701 sacerdotibus
1897 5642 2051 5715 ignis

396 5731 646 5789 affectis.
673 5733 853 5791 Porro
876 5734 1097 5792 bellum
1115 5737 1333 5793 Perseo
1359 5735 1630 5807 Cepheus
1655 5731 2049 5790 Andromedae

2164 1963 2300 2038 κόρη
2338 1966 2638 2044 χωριτικῆ,
2687 1966 3144 2041 ἀπηγριωμένους
3191 1965 3395 2043 ἔχουσα
3450 1968 3579 2032 τούς
3609 1968 3825 2046 ὀφθαλ-

2168 2052 2304 2126 μοὺς
2335 2054 2425 2108 καὶ
2475 2055 2573 2117 τὰς
2618 2055 2841 2131 τρίχας,
2882 2056 3017 2111 κατᾶ
3071 2057 3365 2130 πρόσωπον
3427 2062 3675 2128 συναντᾷ.
3709 2061 3819 2114 "HV

2163 2144 2253 2197 καὶ
2286 2145 2486 2214 στήσας
2515 2145 2579 2199 τὸ
2610 2145 2783 2214 αὐτῆς
2814 2166 2985 2218 ονομα
3016 2147 3224 2221 ἠρώτα.
3265 2147 3328 2203 Ἡ
3357 2144 3436 2216 δὶ,
3469 2172 3497 2198 ‹‹
3532 2144 3817 2218 Μέδουσα,

2163 2230 2290 2312 ἔφη,
2325 2231 2583 2310 λέγομρι.
2619 2256 2643 2288 ι
2698 2235 2801 2290 Καὶ
2834 2234 3025 2290 αὐτίκα
3073 2236 3171 2305 τήν
3227 2234 3395 2311 κᾶραν
3451 2237 3621 2306 αὐτῆς
3681 2238 3825 2292 ἀπο-

2162 2321 2368 2396 τὲμνευ
2428 2324 2519 2379 καὶ
2571 2324 2773 2396 ταύτην
2829 2325 3166 2399 ταριΧεύσας
3213 2328 3349 2381 κατὰ
3394 2328 3489 2388 τὰς
3548 2327 3828 2403 ἀρρήτους

2162 2410 2256 2465 καὶ
2290 2411 2490 2486 μιαρᾶς
2524 2412 2801 2483 ὑποθήκας
2857 2413 2982 2475 Διὸς
3032 2417 3130 2468 τοῦ
3159 2412 3391 2487 πατέρος
3447 2415 3637 2485 αὐτοῦ,
3696 2418 3823 2475 ταῖς

2165 2501 2324 2575 χερσῖ
2356 2505 2567 2576 κρατῶν
2598 2503 2688 2556 καί
2748 2507 2869 2565 ταῖς
2926 2502 3174 2578 μαγείαις
3235 2502 3450 2579 θαῤῥῶν
3509 2503 3644 2558 κατὰ
3700 2507 3815 2558 τῶν

2166 2586 2381 2663 ἐχθρῶν
2414 2589 2638 2666 ἐχώρει.
2693 2591 2933 2666 Γοργόνα
2964 2588 3020 2646 δὶ
3048 2592 3147 2661 τήν
3179 2592 3345 2667 κάραν
3407 2590 3592 2648 ἰκάλει
3631 2588 3721 2647 διὰ
3750 2591 3818 2647 τὸ

2161 2684 2261 2747 τῆς
2285 2679 2540 2754 γοητείας
2571 2679 2779 2754 ἐνερκὶς
2836 2680 2926 2735 καὶ
2962 2680 3074 2750 ὀξύ.
3136 2683 3375 2739 Ἐκεῖθεν
3433 2681 3571 2757 πρὸς
3626 2680 3821 2738 Αἰθιο-

2162 2767 2294 2822 πίαν
2335 2762 2527 2829 διαϐὰς
2589 2769 2693 2824 ὑπὸ
2752 2764 2979 2848 Κηφέως
3033 2770 3159 2826 τότε
3226 2768 3680 2845 βασιλευομένην,
3720 2770 3817 2825 καὶ

2159 2859 2261 2926 τὴν
2319 2858 2487 2911 αὐτοῦ
2544 2856 2813 2934 θυγατέρα
2868 2855 3234 2933 ’Λνδρομὲδαν
3312 2857 3662 2932 καλουμένην
3724 2858 3817 2913 καὶ

2163 2945 2359 3022 ἱέρειαν
2420 2946 2582 3002 οὖσαν
2614 2946 2877 3021 ἁρπάσας,
2927 2946 3256 3004 κατέπλευσε
3289 2945 3378 3003 διὰ
3431 2947 3630 3023 Συρίας
3674 2948 3816 3023 πρὸς

2162 3039 2493 3095 Λυκαονίαν.
2536 3036 2601 3093 Ol
2643 3033 2701 3092 δὲ
2761 3036 3027 3101 Λυκάονες
3072 3038 3255 3109 τούτῳ
3311 3036 3713 3100 ἑναντιωθεντες
3743 3040 3815 3110 τῇ

2159 3131 2259 3195 τῆς
2289 3126 2558 3200 Γοργόνος
2622 3126 2815 3200 πρώνῃ
2879 3125 3106 3201 βοηθείᾳ
3156 3128 3608 3197 κατενικήθησαν.
3666 3126 3821 3182 Ἐκεῖ

2159 3215 2249 3270 καὶ
2281 3214 2444 3271 πόλιν
2476 3216 2664 3276 κτίσας
2691 3212 2923 3292 Περσίδα
2953 3220 3034 3287 τῷ
3072 3212 3199 3288 ῗδιῳ
3237 3213 3504 3286 κέκληκεν
3565 3216 3816 3289 ὀνόματι.

2157 3303 2384 3376 Στήλην
2438 3301 2496 3359 δὲ
2525 3298 2627 3375 ἔξω
2679 3307 2777 3373 τῆς
2824 3300 3043 3368 πόλεως
3080 3306 3303 3374 στήσας,
3336 3305 3426 3359 καὶ
3470 3306 3532 3359 τὸ
3590 3304 3816 3360 ἀπεικό-

2156 3414 2320 3466 νισμα
2350 3401 2449 3464 τῆς
2482 3394 2755 3470 Γοργόνος
2786 3392 3012 3459 ἐπιθεὶς,
3047 3393 3292 3449 Είκόνιον
3339 3394 3542 3465 ταύτην
3602 3392 3819 3448 ἐπωνό-

2159 3503 2344 3557 μασεν.
2379 3484 2614 3546 Ἐκεῖθεν
2658 3481 2745 3536 ἐπὶ
2805 3481 3071 3555 Ἰσαυρίαν
3143 3481 3232 3536 καὶ
3292 3479 3538 3537 Κιλικίαν
3595 3476 3815 3552 διαϐὰς,

2158 3583 2415 3658 χρησμὸν
2451 3577 2635 3639 λαϐὼν
2664 3582 2748 3637 ὅτι
2780 3608 2806 3634 ι(
2837 3584 3005 3638 Ἔνθα
3036 3581 3095 3637 ἐκ
3121 3587 3219 3637 τοῦ
3246 3583 3421 3638 ἳππου
3460 3577 3678 3644 ἀποϐὰς
3716 3584 3814 3638 τὸν

2156 3674 2354 3747 ταρσὸν
2388 3669 2659 3746 ὀδυνηθῇς
2688 3675 2786 3727 τοῦ
2815 3669 3004 3742 ποδὸς,
3046 3671 3200 3743 νίκην
3262 3667 3442 3747 λάϐῃς
3501 3672 3591 3727 καὶ
3651 3670 3821 3727 πόλιν

2158 3759 2560 3837 οἶκοδομήσῃς,
2588 3784 2616 3813 ››
2671 3763 2771 3831 τήν
2817 3761 3021 3836 Ταρσὸν
3061 3762 3230 3831 κτίζει
3260 3762 3350 3816 καὶ
3381 3763 3516 3817 κατὰ
3546 3766 3652 3817 τῶν
3685 3763 3814 3817 Ἀσ-

2157 3851 2359 3925 συρίων
2391 3853 2558 3928 ὁρμᾷ,
2587 3851 2816 3916 τούτους
2844 3872 2901 3907 τε
2961 3855 3186 3922 νικήσας
3240 3852 3331 3907 καὶ
3378 3852 3472 3907 τὸν
3529 3849 3815 3928 Σαρδανάο

2157 3939 2333 3998 παλον
2364 3942 2454 3997 καὶ
2484 3941 2610 4004 τοὺς
2657 3946 2754 3997 τοῦ
2793 3941 2980 4019 γένους
3028 3940 3194 3997 αὐτοῦ
3250 3941 3595 4003 ἀπεκτονοὼς
3627 3939 3705 4003 εἷς
3734 3939 3819 3996 1'3-

2159 4031 2257 4094 λος
2286 4029 2482 4094 αὐτοὺς
2534 4031 2846 4088 ὑποτάσσει.
2882 4030 2982 4086 Καὶ
3015 4032 3312 4105 Ἀσσυρίων
3370 4033 3470 4099 τήν
3530 4030 3815 4105 βασιλείαν

2160 4117 2534 4201 ἆσφελὸμενος
2563 4119 2651 4175 ἐπὶ
2681 4124 2763 4193 τῷ
2788 4116 2917 4193 ἰδίῳ
2949 4118 3175 4193 ὀνόματι
3206 4118 3415 4194 Πέρσας
3457 4118 3655 4181 αὐτοὺς
3687 4118 3815 4175 ἐκά-

2160 4208 2304 4279 λεσε,
2340 4208 2666 4284 βασιλεύσας
2695 4209 2778 4265 tn’
2833 4208 3030 4272 αὐτοὺς
3084 4204 3179 4280 ἔτη
3219 4210 3313 4285 νγ“,
3370 4209 3541 4273 Οὗτος
3592 4208 3682 4264 καὶ
3712 4210 3815 4279 τὴν

2158 4298 2505 4373 καλουμὲνην
2565 4299 2795 4374 ΙΙερσὲαν
2850 4298 2906 4355 ἰν
2942 4303 3024 4372 τῷ
3072 4297 3198 4372 ἰδίῳ
3229 4299 3459 4373 ὀνόματι
3518 4297 3592 4361 εἷς
3645 4302 3820 4355 πᾶσαν

2156 4389 2257 4457 τήν
2312 4386 2679 4459 ὐποκειμὲνην
2762 4385 2909 4459 αὐτῷ
2972 4387 3330 4467 κατεφύτευσε
3378 4393 3506 4464 γῆν,
3564 4388 3653 4443 καὶ
3709 4388 3815 4457 τὴν

2159 4481 2259 4533 τοῦ
2295 4480 2538 4552 μυσαροῦ
2571 4475 2777 4555 σκύφου
2806 4482 2907 4547 τῆς
2959 4472 3249 4547 Μεδούσης
3307 4476 3401 4538 οὓς
3458 4477 3648 4551 ἠγάπα
3703 4481 3817 4531 τῶν

2163 4569 2384 4639 Περσῶν
2416 4564 2468 4621 ἐν
2529 4566 2812 4641 μυστηρίῳ
2869 4567 3308 4642 μυσταγωγήσας
3371 4566 3625 4643 μαγείοις
3682 4567 3815 4638 Μή-

2160 4658 2285 4722 δους
2316 4657 2512 4720 αὐτοὺς
2541 4657 2630 4711 καὶ
2664 4654 2881 4728 Μηδίαν
2928 4658 3028 4727 τήν
3084 4656 3273 4733 χώραν
3336 4657 3510 4712 αὐτῶν
3570 4657 3820 4731 μετωνό-

2161 4770 2348 4823 μασεν.
2383 4749 2517 4805 Εἶτα
2561 4746 2636 4809 εἷς
2674 4748 2736 4803 τὸ
2797 4748 3028 4804 Σίλπιον
3088 4744 3215 4823 ὅρος
3284 4746 3461 4803 ἐλθὼν
3520 4746 3640 4821 εὗρε
3686 4747 3817 4810 τοὺς

2158 4839 2266 4896 ἀπὸ
2297 4840 2536 4914 Ἀργους
2581 4836 2814 4899 Ἰωνίτας
2863 4838 2951 4913 ὑφ’
3011 4838 3085 4893 ὧν
3141 4838 3231 4893 καὶ
3283 4836 3483 4913 ἐδέχθη
3546 4837 3621 4897 ὡς
3679 4838 3821 4910 ὁμό-

2160 4940 2352 5010 φυλος.
2384 4930 2448 5000 [Ρ
2478 4930 2573 5001 23]
2606 4931 2902 5001 Χειμῶνος
2936 4924 2993 4982 δὲ
3032 4925 3250 4983 πολλοῦ
3302 4928 3564 4991 πεσόντος
3590 4927 3680 4981 καὶ
3718 4932 3822 4981 τοῦ

2159 5015 2709 5094 προσπαρακειμένου
2754 5021 3007 5090 ποταμοῦ
3064 5022 3183 5081 τοῖς
3229 5015 3575 5078 Ἰωπολίναις
3628 5015 3824 5092 Ὀρόν-

2157 5129 2257 5164 του
2278 5107 2397 5162 καθ’
2417 5101 2729 5182 ὑπερϐολὴν
2762 5105 3260 5181 πλημμυροῦντος,
3278 5104 3393 5161 ἐπεὶ
3418 5104 3642 5176 ηὔξατο,
3670 5103 3822 5184 ἄφνω

2158 5196 2414 5272 κεραυνὸς
2469 5195 2542 5257 ὡς
2611 5200 2811 5274 σφαῖρα
2894 5196 3066 5271 πυρὸς
3126 5195 3415 5270 οὐρανόθεν
3482 5194 3822 5269 κατηνέχθη,

2159 5285 2249 5343 καὶ
2282 5285 2454 5346 οὕτως
2486 5284 2515 5339 ὅ
2542 5305 2599 5339 τε
2629 5285 2846 5360 χειμὼν
2892 5284 3163 5360 ἐπεσχέθη
3222 5283 3316 5340 καὶ
3378 5286 3446 5340 τὰ
3511 5284 3697 5361 ῥεῖθρα
3726 5288 3830 5338 τοῦ

2161 5378 2419 5465 οξτογιαμοῧι
2458 5374 2672 5465 ἇτγείθηἔ
2728 5372 2833 5465 Ka'l
2882 5376 3176 5465 yoiivmtoﬁ
3229 5375 3405 5465 πυρὸς
3459 5372 3664 5465 ἐκείνου
3715 5376 3825 5465 map

2162 5444 2367 5521 ἀνάψας
2399 5447 2427 5501 ὁ
2477 5444 2712 5517 Περσεὺς
2772 5444 2907 5521 εἶχε
2950 5447 3067 5519 μεθ’
3126 5444 3319 5502 ἑαυτοῦ
3377 5445 3681 5522 βαστάζων,
3742 5444 3824 5511 ei."

2161 5535 2314 5592 τετὰ
2364 5531 2483 5589 ’ίδια
2544 5531 2794 5608 βασίλεια
2855 5534 3075 5611 ἀγαγὼν
3135 5535 3225 5590 καὶ
3281 5535 3426 5609 ἱερὸν
3484 5538 3582 5590 τοῦ
3647 5533 3823 5608 πυρὸς

2160 5623 2561 5685 κατασκευάσας
2592 5626 2681 5677 καὶ
2740 5622 2906 5698 ῗερεῖς
2968 5619 3220 5688 εὐλαϐεῖς
3279 5621 3477 5701 ἄνδρας
3525 5624 3821 5694 ἐπιστησά-

2166 5735 2345 5796 μενος·
2378 5711 2525 5769 ἀλλὰ
2578 5715 2685 5787 μὴν
2739 5713 2829 5770 καὶ
2888 5713 2941 5769 ἄν
2993 5713 3245 5773 Ἰωπόλιι
3278 5714 3367 5771 καὶ
3428 5713 3483 5770 ἂν
3548 5713 3691 5789 πάσῃ
3750 5720 3822 5791 τῇ
