4118 6424
300 384 380 444 ιθ
1432 372 1794 435 HISTORIA
1808 370 1986 436 RUM
2030 375 2360 444 COMPEN
2371 384 2587 447 DlUM.
3651 388 3731 449 '70

308 518 394 575 ὕπ’
426 515 584 573 αὐτὸν
613 515 686 591 τῇ
741 508 839 569 καὶ
898 510 976 574 ὡς
1029 507 1079 579 ιε
1137 505 1369 581 οὐρανοῦ
1420 504 1810 595 κατενεχθέντα
1837 507 1958 565 θεὸν

2072 519 2244 586 pater
2272 517 2495 575 intulit.
2528 519 2633 577 Cui
2663 536 2800 578 cum
2830 518 3046 579 infesto
3077 538 3232 595 equo
3254 539 3572 581 occurrens
3588 525 3727 579 Per-

305 603 550 665 σέϐεσθαι
604 606 669 661 τὸ
726 607 841 680 πῦρ
897 601 1068 657 ἔκεῖνο
1120 598 1376 660 θεσπίσας
1432 594 1640 668 έδίδαξε
1683 597 1966 671 πυρσολα-

302 704 474 775 τρεῖν,
509 698 717 771 μάγους
769 694 901 754 τοὺς
958 694 1058 747 τοῦ
1108 689 1279 764 πυρὸς
1337 689 1503 763 ἱερεῖς
1553 685 1807 775 καλέσας,
1838 690 1968 775 Ἑρ-

308 773 469 866 χεται
501 786 592 842 οὖν
623 784 763 860 πρὸς
814 780 978 837 αὐτὸν
1033 779 1084 866 έν
1141 775 1381 851 πολέμῳ
1410 776 1439 831 6
1466 783 1569 866 τῆς
1599 773 1967 866 ξΛνΔδρομέδας

300 863 486 953 πατὴρ
519 876 548 929 6
578 871 820 951 Κηφεύς.
884 868 988 927 Καὶ
1047 864 1160 924 ἕπεὶ
1200 867 1245 953 76
1305 864 1542 940 Περσεὺς
1602 863 1834 939 ἐξελθὼν
1864 868 1966 937 τὴν

297 974 401 1038 τῆς
460 952 735 1042 Γοργόνος
793 957 1040 1037 κεφαλήν
1097 952 1423 1042 ἐπεδείκνυε,
1483 954 1700 1033 Κηφεὺς
1760 953 1818 1011 δὲ
1864 956 1966 1011 ὑπὸ

296 1061 399 1114 τοῦ
429 1040 618 1131 γήρως
672 1046 1059 1126 ἆμόλυωπῶν,
1119 1045 1194 1109 ὡς
1251 1040 1486 1123 ἔφιππος
1529 1047 1647 1101 κατ’
1676 1043 1842 1100 αὐτοῦ
1873 1043 1966 1102 ἐπ.

302 1142 511 1203 έϐαινεν
557 1144 586 1199 6
633 1140 890 1215 Περσεὺς,
964 1139 1171 1213 ἀγνοῶν
1236 1131 1596 1208 ἀμϐλυωπεῖν
1635 1134 1727 1190 τὸν
1761 1131 1966 1212 Κηφέα,

303 1234 601 1313 ὶλογίσατο
635 1231 713 1306 μή
772 1229 1008 1307 ἐνεργεῖν
1066 1222 1147 1282 ἔτι
1199 1225 1264 1295 ἢν
1310 1230 1536 1313 κατεῖχε
1563 1227 1663 1289 τῆς
1695 1222 1968 1313 Γοργόνος

299 1311 577 1405 κεφαλὴν,
624 1322 711 1377 καὶ
766 1320 999 1395 στρέψας
1052 1337 1259 1405 ταυτην
1307 1315 1445 1405 πρρς
1496 1312 1683 1405 έαυτδν
1732 1314 1820 1369 καὶ
1869 1311 1967 1405 ἐμ-

2076 621 2212 660 seus
2241 614 2419 679 caput
2446 610 2732 682 Gorgonis
2763 616 3140 681 ostentasset,
3200 612 3467 685 Cepheus
3525 619 3726 668 autem

2075 701 2320 767 propter
2349 703 2638 755 senectam
2668 704 2904 756 aetatem
2936 700 3259 767 caecutiret,
3297 701 3569 757 nesciens
3590 703 3728 756 Per-

2080 799 2214 839 seus
2244 785 2546 858 Cepheum
2577 790 2877 858 cmcutire,
2935 790 3166 862 putavit
3221 796 3397 862 caput
3441 791 3729 864 Gorgonis

2078 873 2238 943 quod
2270 877 2681 947 praetendebat
2713 878 2869 935 vires
2900 896 3039 936 suas
3060 880 3189 952 jam
3240 897 3360 936 non
3409 896 3682 936 exserere
3714 897 3728 947 ;

2077 960 2279 1035 itaque
2301 964 2413 1020 sibi
2436 966 2497 1021 id
2524 966 2794 1036 obvertit,
2815 968 2996 1040 inque
3020 968 3080 1024 id
3127 968 3317 1026 oculis
3366 970 3613 1024 intentis
3645 970 3732 1024 in-

2078 1052 2283 1121 tuitus,
2320 1055 2620 1129 extemplo
2652 1058 2752 1114 42
2786 1064 3114 1114 excaecatus
3146 1059 3346 1131 itaque
3380 1057 3730 1115 interfectus

2078 1145 2184 1197 est.
2215 1144 2263 1198 Δ
2300 1144 2534 1216 Cepheo
2569 1146 2824 1218 proinde
2849 1163 3029 1220 regno
3059 1148 3375 1204 Persarum
3401 1149 3611 1216 Meros,
3662 1149 3732 1204 fi-

2076 1228 2193 1287 lius
2225 1232 2425 1289 Persei
2455 1240 2512 1290 et
2545 1234 2957 1307 Andromedae,
2991 1237 3305 1309 prml'ectus
3329 1242 3456 1303 est;
3489 1242 3549 1293 et
3606 1238 3734 1310 ipse

2079 1326 2341 1378 cremato
2373 1324 2659 1397 Gorgonis
2689 1325 2883 1397 capite
2913 1325 2975 1380 in
3006 1341 3175 1382 suam
3204 1326 3508 1398 regionem
3531 1326 3730 1382 rediit.

298 1399 509 1488 ϐλέψας
564 1411 765 1472 ἀτενῶς
821 1406 1070 1483 παραυτᾶ
1122 1402 1430 1483 τυφλωθεὶς
1491 1401 1751 1478 ἆνήρέθη.
1812 1402 1915 1490 Καὶ
1974 1399 2173 1460 λοιπὸν
2230 1403 2607 1484 προϐάλλεται
2669 1412 2771 1469 ὑπὸ
2848 1412 3080 1490 Κηφέως
3162 1411 3420 1489 βασιλεὺς
3508 1417 3727 1489 Περσῶν

295 1505 501 1578 Μέρωε
530 1502 560 1555 6
596 1499 844 1576 Περσέως
892 1496 982 1552 καὶ
1028 1490 1395 1568 Ἀνδρομέδας
1436 1492 1574 1553 υἷος.
1619 1491 1836 1571 Κηφεὺς
1883 1488 1942 1548 δῖ
1978 1493 2079 1564 τὴν
2139 1502 2240 1566 τῆς
2299 1499 2571 1574 Γοργόνος
2618 1500 2861 1579 κεφαλὴν
2905 1488 3107 1564 καύσας
3138 1488 3486 1579 ἆνεχώρησεν
3520 1500 3596 1563 είς
3626 1501 3727 1568 τήν

300 1594 495 1673 χώραν
536 1588 729 1647 αὐτοῦ.

372 1681 651 1756 ’Δγ-ιξνορα
706 1674 765 1732 δὲ
819 1677 937 1752 (38)
994 1673 1087 1730 τὸν
1145 1672 1253 1728 ἀπὸ
1313 1670 1580 1742 Φοινίκης
1612 1671 1853 1746 ὁπατήρ
1893 1671 1970 1733 είς

296 1772 639 1842 ἀναζήτησιν
694 1774 795 1838 τῆς
850 1764 1019 1820 αὐτοῦ
1072 1761 1339 1840 θυγατρὸς
1391 1759 1665 1835 Εὐρώπης
1716 1759 1972 1816 ἀποστεί-

291 1860 416 1932 λας,
453 1859 640 1933 μαθὼν
670 1858 699 1911 6
731 1852 968 1929 Κάδμος
1000 1853 1074 1915 ὡς
1110 1851 1281 1922 αὐτὴν
1334 1850 1427 1905 σὺν
1460 1849 1656 1924 Ταύρῳ
1684 1853 1765 1921 τῷ
1794 1850 1969 1926 ἁρπά-

2072 1679 2405 1750 Agenorem
2438 1685 2640 1737 autem
2670 1698 2705 1738 a
2733 1681 3038 1739 thnicia
3062 1688 3232 1755 pater
3287 1681 3362 1739 ad
3410 1682 3730 1754 inquiren-

2072 1765 2205 1822 dam
2238 1768 2427 1825 ﬁliam
2460 1785 2631 1826 suam
2663 1772 2960 1843 Europam
2993 1788 3129 1829 cum
3152 1771 3436 1841 misisset,
3454 1772 3730 1841 Cadmus,

2071 1872 2205 1911 cum
2235 1873 2368 1913 eam
2400 1858 2798 1916 intellexisset
2854 1877 2991 1916 cum
3048 1862 3260 1926 Tauro,
3314 1877 3349 1916 a
3407 1877 3526 1931 qua
3566 1863 3734 1931 rapta

288 1972 443 2006 σαντι
490 1948 696 2017 ταύτην
751 1952 863 2015 τῆς
923 1944 1150 2019 Κρήτης
1214 1938 1515 2017 βασιλεύει,
1576 1936 1835 2016 ὥρμησεν
1886 1939 1961 2001 είς

2071 1945 2284 2016 fuerat,
2317 1949 2501 2002 Cretas
2534 1964 2809 2021 regnare,
2843 1949 2905 2004 in
2940 1950 3222 2006 Boeotiam
3254 1946 3418 2018 abiit,
3470 1950 3735 2005 Boeotos-

289 2041 565 2098 Βοιωτίαν
595 2037 687 2093 καὶ
721 2034 919 2098 αὐτοὺς
969 2033 1296 2109 ἀγνοοῦντας
1344 2033 1411 2086 τὰ
1461 2028 1737 2086 Φοινίκων
1772 2030 1961 2108 γράμ-

2072 2051 2187 2107 que
2216 2035 2552 2093 litterarum
2584 2038 2824 2112 ignaros
2854 2039 3189 2096 Phcenicias
3221 2039 3453 2095 litteras
3507 2037 3729 2107 docuit,

301 2152 443 2204 ματα
497 2125 724 2199 ἐδίδαξε,
793 2126 885 2182 καὶ
940 2119 1283 2179 ἐϐασίλευσεν
1340 2119 1423 2176 ἐπ’
1485 2120 1679 2182 αὐτοῖς
1728 2118 1960 2195 ἔτη

307 2219 407 2275 Καὶ
460 2224 682 2296 γυναῖκα
732 2212 976 2291 ἠγάγετο
1058 2214 1159 2283 τὴν
1230 2209 1527 2287 Ἃρμονίαν
1584 2207 1956 2284 καλουμένην,

2070 2141 2441 2199 regnumque
2463 2128 2622 2200 apud
2654 2144 2756 2183 eos
2789 2146 2897 2200 per
2926 2130 2998 2184 62
3023 2146 3215 2184 annos
3246 2128 3524 2185 obtinuit.
3578 2129 3733 2184 Uxo-

2070 2234 2198 2275 rem
2230 2218 2401 2275 duxit
2431 2221 2838 2288 Harmoniam,
2871 2239 3003 2294 qum
3031 2223 3084 2278 ei
3116 2239 3218 2278 sex
3250 2222 3404 2278 ﬁlias
3449 2223 3683 2295 peperit
3717 2240 3729 2288 ;

303 2312 421 2379 ἣτις
452 2309 596 2382 αὐτῷ
623 2302 674 2379 ἕξ
719 2306 891 2363 τίκτει
941 2304 1256 2379 θυγατέρας,
1314 2302 1456 2372 ’[νὼ,
1490 2299 1757 2377 Ἀγαύην,
1790 2299 1961 2374 Σεμέ-

2071 2324 2326 2379 quarum
2357 2310 2605 2367 nomina
2635 2311 2761 2378 Ino,
2794 2313 3039 2386 Agrave,
3062 2312 3315 2381 Semele,
3366 2313 3727 2385 Eurynome,

301 2397 432 2471 λην,
465 2397 812 2474 Εὐρυνόμην,
847 2394 1112 2458 Κλεανθὼ
1142 2391 1232 2449 καὶ
1265 2387 1598 2466 Εὐρυδίκην.
1633 2386 1805 2445 Αὖται
1836 2386 1959 2445 ἰλέ-

2070 2397 2356 2455 Cleantho
2379 2404 2438 2455 et
2458 2400 2749 2474 Eurydice
2775 2417 2789 2456 :
2817 2402 2910 2457 has
2925 2402 3105 2457 etiam
3124 2400 3440 2458 Cadmides
3455 2402 3729 2457 nomina-

295 2509 462 2567 γοντο
496 2482 799 2561 Καδμίδες.
840 2484 1017 2545 Οὗτος
1071 2482 1100 2537 6
1159 2477 1381 2555 Κάδμος
1419 2479 1509 2535 καὶ
1538 2477 1703 2535 πόλιν
1733 2479 1831 2549 τὴν
1858 2499 1959 2554 με-

2070 2485 2365 2545 bantur.ls
2386 2489 2643 2546 Cadmus
2661 2490 2843 2547 etiam
2865 2490 3184 2548 Cadmeam
3205 2508 3488 2564 magnam
3514 2490 3726 2547 urbem

292 2578 478 2657 γάλην
506 2578 605 2647 τήν
644 2571 921 2649 Καδμείαν
969 2571 1082 2628 ἰκεῖ
1125 2570 1317 2640 κτίζει.
1367 2571 1463 2632 *ος
1505 2569 1595 2625 καὶ
1642 2568 1737 2623 τὸν
1767 2570 1960 2657 Τειρε-

2070 2576 2147 2632 ibi
2170 2577 2458 2648 condidit,
2486 2585 2544 2635 et
2559 2579 2846 2635 Tiresiam
2884 2581 3218 2637 Boeotorum
3274 2580 3718 2653 philosophum,

292 2656 411 2725 σίαν
466 2670 726 2724 Βοιωτῶν
782 2661 911 2721 ὄντα
968 2661 1299 2742 φιλόσοφον,
1350 2661 1442 2717 τὸν
1493 2658 1818 2732 αὐτομάτως
1864 2656 1957 2737 φέ-

2070 2667 2166 2738 qui
2193 2667 2351 2739 quod
2368 2668 2569 2725 omnia
2598 2668 2840 2725 fortuito
2871 2669 3013 2725 ferri
3078 2669 3364 2741 nullaque
3423 2670 3716 2725 mundum

294 2760 484 2837 ρεσθαι
541 2758 609 2813 τὰ
664 2755 841 2811 πάντα
897 2753 986 2809 καὶ
1040 2751 1381 2823 ἀπρονόητον
1438 2749 1574 2805 εἶναι
1619 2747 1955 2837 τὸνγκόσμον

2070 2755 2438 2827 providentia
2461 2756 2775 2828 gubernari
2800 2757 3125 2826 docuisset,
3148 2758 3209 2813 in
3248 2758 3516 2830 Daphnei
3546 2757 3717 2829 Apol-

294 2846 711 2924 δογματίσαντα
769 2843 861 2899 καὶ
918 2841 994 2905 είς
1049 2841 1114 2897 τὸ
1169 2845 1268 2896 τοῦ
1300 2838 1570 2919 Δαφναίου
1601 2836 1958 2900 Ἀπόλλωνος

2070 2843 2206 2901 linis
2230 2845 2518 2917 templum
2541 2846 2836 2920 relegatus
2857 2848 3149 2917 fuerat,ab
3169 2847 3381 2904 exsilio
3405 2847 3714 2903 revocavit.

290 2939 443 3013 ἱερὸν
505 2934 598 2991 διὰ
650 2938 818 2990 ταῦτα
876 2931 1151 3007 ἐξόριστον
1208 2929 1520 3005 γενόμενον,
1570 2924 1952 2983 ἂνεκαλέσατο.

2070 2934 2429 2991 Fabulantur
2450 2936 2607 2992 hunc
2624 2936 3074 3003 Tiresiam,cum
3088 2937 3387 2993 lavantem
3402 2938 3720 2992 Minervam

286 3031 497 3083 Τοῦτον
563 3023 656 3080 τὸν
727 3021 1008 3098 Τειρεσίαν
1065 3017 1483 3096 μυθολογοῦσιν,
1534 3018 1608 3080 ὡς
1675 3015 1955 3093 ἑωρακότα

2070 3023 2329 3096 vidisset,
2363 3025 2558 3082 subito
2584 3028 2646 3082 in
2704 3027 3025 3085 mulierem
3082 3044 3436 3084 conversum
3485 3025 3718 3093 fuisse;

288 3112 563 3173 Παλλάδα
613 3111 943 3187 λουομένην,
1003 3110 1077 3171 είς
1125 3108 1381 3186 γυναικὸς
1436 3105 1626 3162 αὐτίκα
1667 3101 1950 3181 μεταϐλη-

2070 3114 2241 3186 inqne
2274 3130 2344 3170 ea
2388 3120 2602 3172 natura
2668 3118 2902 3173 curiose
2961 3117 3358 3189 exploravisse
3419 3117 3718 3188 quomodo

288 3214 451 3277 θῆναι
511 3203 694 3282 φύσιν,
752 3203 843 3258 καὶ
902 3200 1400 3277 πολύπραγμονεῖν
1454 3196 1590 3271 αὐτῇ
1644 3200 1762 3258 πῶς
1810 3196 1949 3274 γυνή

2070 3203 2281 3261 mulier
2301 3221 2371 3261 ex
2387 3206 2510 3260 viro
2532 3205 2849 3278 concipiat,
2874 3206 3173 3278 quomodo
3196 3206 3373 3263 unica
3411 3207 3719 3278 sanguinis

290 3296 431 3371 μετᾶ
468 3293 662 3370 ἀνδρὸς
712 3286 1107 3365 συλλαμϐάνει,
1166 3288 1256 3345 καὶ
1316 3292 1433 3350 πῶς
1465 3291 1500 3358 ἡ
1536 3287 1635 3361 μία
1664 3285 1822 3363 φύσις
1851 3289 1950 3341 τοῦ

2070 3299 2274 3351 natura
2294 3295 2358 3349 in
2378 3312 2534 3367 ossa,
2562 3312 2762 3362 venas,
2793 3312 3001 3353 carnes
3020 3303 3077 3352 et
3100 3302 3316 3352 caetera
3361 3295 3720 3351 distribuan-

284 3358 525 3461 αἳματος
570 3358 658 3446 ἐἷς
724 3384 857 3438 όστᾶ
896 3358 1011 3437 ’καὶ
1074 3358 1281 3459 φλέϐας
1329 3378 1420 3434 καὶ
1485 3358 1687 3453 σάρκας
1732 3377 1824 3432 καὶ
1885 3377 1953 3431 τὰ

2070 3389 2175 3450 tur,
2211 3389 2271 3439 et
2298 3384 2598 3455 quomodo
2630 3384 2806 3440 fmtus
2836 3386 2997 3441 vivus
3028 3386 3604 3458 gignatur;cumque
3624 3402 3716 3441 sa-

286 3474 468 3532 λοιπὰ
517 3474 813 3550 μερίζεται,
871 3472 960 3527 καὶ
1016 3469 1215 3547 βρέφος
1283 3467 1732 3541 ξωογονούμενον
1778 3464 1957 3522 τίκτε-

2070 3474 2355 3546 pientiam
2388 3474 2630 3546 Opificis
2662 3476 2900 3547 assequi
2935 3477 3251 3549 cogitando
3305 3477 3599 3548 nequiret,
3653 3492 3720 3530 eo

282 3586 399 3633 ται,
458 3564 552 3620 καὶ
603 3567 700 3619 τοῦ
757 3563 1110 3636 Δημιουργοῦ
1157 3559 1257 3627 τήν
1310 3556 1499 3637 σοφίαν
1550 3557 1626 3629 μὴ
1660 3552 1956 3627 δυνηθέντα

2070 3562 2410 3634 prolapsum
2436 3567 2503 3620 ut
2547 3565 2751 3620 omnia
2794 3564 3039 3620 fortuito
3072 3566 3203 3622 fieri
3236 3565 3481 3622 diceret.
3519 3567 3721 3636 Itaque

284 3648 623 3711 καταλαϐεῖν
682 3654 756 3715 εἰς
818 3648 1231 3725 αὐτοματισμὸν
1294 3645 1663 3717 ἐξολισθῆσαι·
1726 3642 1812 3700 διὸ
1864 3644 1954 3699 καὶ

2070 3653 2193 3724 ioco
2246 3652 2472 3709 dictum
2550 3660 2640 3710 est
2723 3672 2861 3712 eum
2947 3656 3010 3710 in
3092 3655 3365 3711 mulieris
3440 3662 3718 3712 naturam

284 3744 574 3816 παίξοντες
631 3741 791 3799 αὐτὸν
824 3741 900 3803 εἷς
960 3741 1231 3817 γυναικῶν
1287 3737 1445 3816 φύσιν
1505 3733 1736 3814 ἔφρασαν
1788 3754 1953 3808 μετα-

288 3830 597 3906 ϐληθῆναι,
631 3833 808 3892 Οὗτος
843 3832 870 3887 6
904 3826 1121 3904 Κάδμος
1172 3828 1201 3883 6
1248 3833 1348 3899 τῆς
1397 3826 1664 3890 Βοιωτίας
1698 3823 1955 3901 βασιλεὺς

286 3925 539 4000 ’Δγαῦην
600 3924 701 3993 τὴν
759 3921 935 3977 αὐτοῦ
992 3917 1258 3996 θυγατέρα
1315 3916 1527 3997 Ἐχίονι
1572 3914 1698 3978 δοὺς
1728 3920 1958 3993 γυναῖκα

285 4014 369 4077 εἷς
423 4014 554 4070 Χίον
612 4010 967 4068 ἀποστέλλει.
1026 4012 1281 4065 Γεννᾶται
1338 4005 1429 4062 οὖν
1490 4006 1540 4081 ἐξ
1593 4006 1762 4076 αὐτῆς
1821 4007 1956 4082 ἀνὴρ

285 4104 565 4179 φρόνιμος
604 4103 696 4157 καὶ
746 4101 960 4162 συνετὸς
1008 4099 1037 4155 6
1087 4097 1337 4163 Πενθεύςο
1393 4099 1480 4169 [Ρ.
1514 4098 1630 4170 24.]
1661 4094 1707 4168 ᾦ
1736 4094 1827 4150 καὶ
1856 4095 1955 4164 τήν

284 4191 567 4262 διοίκησιν
619 4198 720 4260 τῆν
785 4187 1061 4266 βασιλείας
1140 4187 1363 4262 ὕστερον
1420 4184 1789 4262 παρεχώρησε
1844 4184 1957 4241 Κά-

283 4279 456 4355 δμος,
489 4281 564 4343 ὡς
593 4281 764 4336 αὐτοῦ
818 4278 953 4353 μετὰ
1007 4276 1283 4353 Τειρεσίου
1341 4273 1431 4331 ἐπὶ
1472 4275 1537 4331 τὸ
1569 4273 1958 4350 Κιθαιρώνειον

283 4374 426 4446 ὁρος
458 4373 554 4426 τὸν
589 4369 709 4446 βίον
744 4365 1179 4429 διατελέσαντος.
1228 4366 1346 4435 Τὴν
1402 4361 1459 4420 δὲ
1491 4363 1745 4438 Σεμέλην
1780 4360 1963 4418 Πολυ-

284 4456 490 4534 μήδων
519 4459 549 4513 6
576 4459 693 4520 υίὸς
752 4458 853 4514 τοῦ
914 4456 1245 4530 Αἰθερίωνος
1294 4457 1501 4530 γήμας,
1555 4451 1616 4509 ἐκ
1642 4457 1739 4508 τοῦ
1768 4452 1959 4527 γένους

281 4545 365 4603 ὧν
395 4552 498 4604 τοῦ
540 4547 689 4617 Διὸς,
746 4546 854 4603 ἀπὸ
912 4542 1165 4619 Σεμέλης
1224 4544 1626 4617 ἑπταμηνιαῖον
1657 4544 1809 4618 γεννᾷ
1843 4541 1968 4618 βρέ-

280 4659 392 4718 φος
448 4634 539 4692 διὰ
594 4638 659 4693 τὸ
717 4637 1006 4713 ἀστραπῶν
1067 4635 1159 4690 καὶ
1248 4634 1495 4710 βροντῶν
1556 4629 1804 4702 έξαισίων
1863 4632 1965 4702 τὴν

2062 3741 2427 3801 transivisse.
2462 3742 2515 3799 Is
2545 3743 2801 3801 Cadmus
2833 3745 3071 3801 Bmotiaa
3104 3762 3209 3800 rex
3239 3748 3474 3818 Agaven
3537 3745 3721 3800 ﬁliam

2063 3848 2233 3887 suam
2262 3832 2510 3887 Echioni
2544 3833 2604 3888 in
2639 3834 3090 3890 matrimonium
3140 3834 3324 3901 dedit,
3384 3852 3452 3891 ac
3509 3833 3571 3888 in
3617 3834 3717 3891 48

2063 3920 2275 3976 Chium
2295 3922 2656 3979 amandavii.
2690 3925 2929 3996 Peperit
2957 3924 3083 3980 hinc
3106 3924 3298 3979 virum
3363 3923 3719 3997 prudentem

2064 4028 2131 4067 ac
2162 4011 2562 4084 ingeniosum,
2623 4014 2868 4069 nomine
2923 4015 3299 4080 Pentheum;
3363 4014 3456 4070 cui
3514 4019 3724 4085 postea

2065 4101 2354 4173 temporis
2364 4101 2617 4159 Cadmus
2634 4104 2796 4175 regni
2809 4102 3388 4160 administrationem
3401 4103 3723 4169 commisit,

2071 4205 2205 4245 cum
2268 4190 2397 4261 ipse
2455 4207 2591 4247 cum
2647 4191 2872 4248 Tiresia
2930 4192 3239 4248 statuisset
3286 4192 3347 4248 in
3391 4192 3724 4248 Cithaerone

2069 4287 2274 4338 monte
2306 4284 2489 4339 vitam
2512 4283 2704 4339 ﬁnire.
2739 4283 3011 4339 Semelen
3039 4283 3405 4356 Polymedon
3437 4283 3725 4338 zEtherio-

2065 4370 2161 4427 nis
2182 4370 2368 4427 tiliam
2391 4371 2582 4442 duxit,
2607 4389 2677 4428 ex
2694 4377 2869 4446 gente
2907 4372 3062 4428 Jovis
3087 4390 3102 4440 ;
3154 4377 3331 4444 atque
3383 4388 3455 4445 ex
3486 4388 3556 4428 ea
3583 4386 3724 4443 pro-

2067 4461 2188 4517 lem
2220 4462 2661 4534 septimestrem
2716 4462 2979 4529 sustulit,
3041 4469 3230 4520 matre
3287 4462 3622 4535 fulguribus
3666 4466 3726 4517 et

2070 4551 2393 4607 tonitribus
2422 4552 2681 4608 insolitis
2710 4558 2942 4609 necata.
2995 4551 3251 4609 Cadmus
3309 4553 3597 4609 infantem
3662 4552 3724 4607 in

2071 4640 2312 4713 Nysiam
2334 4642 2662 4714 regionem,
2690 4657 2822 4714 quas
2851 4647 2908 4698 et
2936 4642 3216 4715 Nyseium
3265 4641 3503 4712 dicitur,
3555 4642 3725 4697 alen-

286 4725 509 4802 μητέρα
538 4726 853 4791 ἀποθανεῖν.
883 4727 1061 4784 Τοῦτο
1121 4723 1181 4778 τὸ
1243 4723 1442 4802 βρέφος
1498 4720 1575 4783 εἰς
1627 4718 1828 4776 Νυσίαν
1860 4720 1959 4790 τὴν

2072 4729 2206 4785 dam
2230 4730 2414 4785 misit.
2437 4731 2804 4787 Fabulantur
2825 4732 3113 4788 infantem
3135 4749 3170 4789 a
3191 4732 3326 4788 Jove
3350 4733 3411 4788 in
3452 4733 3588 4788 sinu
3619 4747 3724 4785 suo

281 4836 480 4893 χηραν
512 4818 541 4872 6
574 4814 793 4891 Κάδμος
849 4814 1186 4892 ἐκτραφῆναι
1239 4810 1500 4887 ἔπεμψεν,
1533 4810 1563 4866 6'
1592 4809 1682 4866 καὶ
1724 4809 1956 4868 Νύσειον

280 4906 622 4981 ὠνομάσθη.
683 4904 1070 4982 Μυθολογοῦσι
1128 4901 1186 4958 δὲ
1237 4900 1321 4957 ὅτι
1378 4905 1545 4957 τοῦτο
1578 4901 1606 4957 6
1637 4898 1766 4963 Ζευς
1792 4899 1844 4956 έν
1874 4904 1955 4974 τῷ

281 4994 417 5071 ἰδίῳ
448 4996 648 5070 κόλπῳ
679 4995 767 5051 hri
797 4993 1032 5070 δευτέρῳ
1093 4992 1223 5066 μηνὶ
1280 4990 1572 5070 ἐφύλασσε,
1614 4986 1754 5045 διότι
1791 4988 1956 5066 μέρος

281 5085 444 5157 ζωῆς
475 5079 608 5163 ἔσχε
636 5086 773 5161 πρὸς
820 5088 919 5141 τοῦ
965 5086 1100 5139 Θεοῦ
1148 5082 1296 5157 παρᾶ
1340 5080 1433 5137 τὸν
1483 5079 1785 5155 ὡρισμένον
1819 5080 1956 5157 χρό-

274 5198 378 5233 νον
410 5175 731 5251 έκτρωθείς.
764 5172 972 5234 ’Ἄλλοι
1007 5170 1065 5229 δὲ
1095 5175 1293 5227 τοῦτον
1315 5170 1389 5251 ᾡς
1413 5168 1463 5240 ἐξ
1496 5167 1747 5240 ἡλιακῶν
1780 5168 1961 5248 εὐχῶν

279 5247 530 5340 μυστικᾶ
581 5286 701 5321 τινα
757 5266 847 5321 καὶ
919 5261 1210 5337 θαυμαστά
1275 5247 1489 5336 δρῶντα
1542 5258 1630 5313 καὶ
1691 5259 1769 5321 ὡς
1833 5247 1957 5340 περί

278 5336 608 5431 ἓμπελικήν
660 5354 927 5433 γεωργίαν
976 5351 1332 5424 ξκτιθάμενον
1385 5347 1697 5433 ἀπεθέωσαν
1755 5369 1813 5404 τε
1867 5336 1959 5403 ιιαἓ

277 5429 545 5504 Διόνυσον
605 5429 998 5520 μετεκᾶλεσαν,
1077 5441 1154 5503 ὡς
1223 5437 1285 5494 ἐκ
1350 5438 1540 5514 γένους
1615 5429 1746 5491 ὄντα
1812 5438 1960 5500 Διός.

2066 4818 2218 4875 duos
2248 4818 2512 4891 reliquos
2558 4837 2798 4877 menses
2859 4827 3227 4878 asservatum
3284 4821 3513 4886 fuisse;
3568 4819 3727 4891 quod

2065 4908 2296 4964 scilicet
2315 4925 2349 4964 a
2365 4908 2483 4965 Deo
2506 4916 2736 4982 partem
2759 4910 3079 4981 quamdam
3104 4910 3239 4966 vitae
3261 4910 3489 4978 habuit,
3514 4911 3727 4966 abortu

2067 5003 2205 5054 ante
2226 4996 2808 5072 legitimumtempus
2826 4999 3041 5056 editus.
3067 4999 3180 5055 Alii
3235 4999 3413 5070 hunc,
3461 4999 3620 5071 quod
3654 5015 3724 5053 ex

2068 5084 2363 5142 solaribus
2385 5088 2660 5159 precibus
2680 5088 2932 5161 mystica
2952 5089 3225 5160 quaedam
3259 5095 3318 5145 et
3365 5087 3723 5143 miraculosa

2068 5175 2292 5233 faceret
2323 5183 2382 5233 et
2409 5178 2542 5234 vitis
2574 5179 2802 5235 cultum
2834 5179 3156 5246 docuisset,
3190 5180 3250 5234 in
3309 5178 3451 5234 deos
3509 5177 3727 5233 retule—

2070 5270 2214 5322 runt
2241 5282 2309 5321 ac
2339 5267 2688 5341 Dionysium
2744 5269 3156 5337 nominarunt,
3214 5274 3280 5323 ut
3333 5267 3490 5323 Jovis
3540 5268 3725 5340 stirpe

2073 5360 2291 5412 ortum.
2326 5356 2673 5430 Dionysium
2705 5358 2863 5413 hunc
2885 5356 3086 5412 ferunt
3114 5357 3187 5412 ad
3218 5359 3430 5413 Persas
3470 5358 3727 5423 venisse,

2074 5460 2141 5500 ac
2173 5444 2478 5503 mirabiles
2509 5446 2796 5519 quasdam
2851 5446 3304 5519 imaginationes
3359 5463 3606 5519 operum
3660 5463 3728 5503 ac

1504 5573 1868 5631 XYLANDBI
1908 5577 1995 5633 ET
2032 5578 2252 5635 GOARI
2291 5580 2512 5636 NOTAE.

343 5702 456 5777 (88)
491 5704 688 5761 Locus
720 5696 1072 5773 perSpiscue
1104 5696 1441 5764 corruptus,
1466 5690 1666 5747 fabula
1695 5690 1788 5747 vel
1822 5708 1894 5748 ex
1923 5694 2127 5752 Ovidio
2157 5702 2320 5753 nota.
2350 5698 2488 5752 XYL.
