  <div class='ocr_page' id='page_1' title='image "/cluster/home/n/w/nwhite01/storage/ocr_20150623/121:no.1/coo.31924054870260/043.png"; bbox 0 0 4118 6420; ppageno 0'>
   <div class='ocr_carea' id='block_1_1' title="bbox 394 306 2038 403">
    <p class='ocr_par' dir='ltr' id='par_1_1' title="bbox 394 308 2038 390">
     <span class='ocr_line' id='line_1_1' title="bbox 394 308 2038 390; baseline -0.005 -11"><span class='ocrx_word' id='word_1_1' title='bbox 394 320 467 379; x_wconf 77' lang='grc' dir='ltr'>τι</span> <span class='ocrx_word' id='word_1_2' title='bbox 1746 308 2038 390; x_wconf 59' lang='lat' dir='ltr'>QEQRQI</span> 
     </span>
    </p>
   </div>
   <div class='ocr_carea' id='block_1_2' title="bbox 2147 306 3815 403">
    <p class='ocr_par' dir='ltr' id='par_1_2' title="bbox 2147 306 3815 402">
     <span class='ocr_line' id='line_1_2' title="bbox 2147 306 3815 402; baseline -0.001 -33"><span class='ocrx_word' id='word_1_3' title='bbox 2147 306 2464 402; x_wconf 58' lang='lat' dir='ltr'><strong>gaanNI</strong></span> <span class='ocrx_word' id='word_1_4' title='bbox 3739 309 3815 399; x_wconf 54' lang='grc' dir='ltr'>τε</span> 
     </span>
    </p>
   </div>
   <div class='ocr_carea' id='block_1_3' title="bbox 391 424 2038 522">
    <p class='ocr_par' dir='ltr' id='par_1_3' title="bbox 391 445 2038 522">
     <span class='ocr_line' id='line_1_3' title="bbox 391 445 2038 522; baseline -0.005 -17"><span class='ocrx_word' id='word_1_5' title='bbox 391 450 689 507; x_wconf 87' lang='lat' dir='ltr'>bellorum</span> <span class='ocrx_word' id='word_1_6' title='bbox 711 450 869 522; x_wconf 86' lang='lat' dir='ltr'>apud</span> <span class='ocrx_word' id='word_1_7' title='bbox 889 466 989 505; x_wconf 92' lang='lat' dir='ltr'>eos</span> <span class='ocrx_word' id='word_1_8' title='bbox 1002 454 1359 520; x_wconf 81' lang='lat' dir='ltr'>ostentasse.</span> <span class='ocrx_word' id='word_1_9' title='bbox 1385 446 1721 504; x_wconf 87' lang='lat' dir='ltr'>Secundum</span> <span class='ocrx_word' id='word_1_10' title='bbox 1753 445 1879 499; x_wconf 78' lang='lat' dir='ltr'>haec</span> <span class='ocrx_word' id='word_1_11' title='bbox 1909 458 2038 498; x_wconf 90' lang='lat' dir='ltr'>cum</span> 
     </span>
    </p>
   </div>
   <div class='ocr_carea' id='block_1_4' title="bbox 2147 424 3814 522">
    <p class='ocr_par' dir='ltr' id='par_1_4' title="bbox 2156 435 3814 512">
     <span class='ocr_line' id='line_1_4' title="bbox 2156 435 3814 512; baseline -0.001 -19"><span class='ocrx_word' id='word_1_12' title='bbox 2156 439 2362 493; x_wconf 82' lang='grc' dir='ltr'>Τοῦτον</span> <span class='ocrx_word' id='word_1_13' title='bbox 2418 437 2494 499; x_wconf 77' lang='grc' dir='ltr'>εἷς</span> <span class='ocrx_word' id='word_1_14' title='bbox 2554 436 2761 511; x_wconf 86' lang='grc' dir='ltr'>Πέρσας</span> <span class='ocrx_word' id='word_1_15' title='bbox 2821 437 2980 511; x_wconf 82' lang='grc' dir='ltr'>φασὶν</span> <span class='ocrx_word' id='word_1_16' title='bbox 3039 435 3316 507; x_wconf 72' lang='grc' dir='ltr'>ἀπελθεῖν,</span> <span class='ocrx_word' id='word_1_17' title='bbox 3375 436 3465 491; x_wconf 80' lang='grc' dir='ltr'>καὶ</span> <span class='ocrx_word' id='word_1_18' title='bbox 3523 438 3814 512; x_wconf 76' lang='grc' dir='ltr'>φαντασίας</span> 
     </span>
    </p>
   </div>
   <div class='ocr_carea' id='block_1_5' title="bbox 395 533 2047 613">
    <p class='ocr_par' dir='ltr' id='par_1_5' title="bbox 395 533 2047 613">
     <span class='ocr_line' id='line_1_5' title="bbox 395 533 2047 613; baseline -0.005 -19"><span class='ocrx_word' id='word_1_19' title='bbox 395 556 611 613; x_wconf 88' lang='lat' dir='ltr'>magna</span> <span class='ocrx_word' id='word_1_20' title='bbox 635 541 949 595; x_wconf 88' lang='lat' dir='ltr'>hominum</span> <span class='ocrx_word' id='word_1_21' title='bbox 972 539 1146 597; x_wconf 89' lang='lat' dir='ltr'>turba</span> <span class='ocrx_word' id='word_1_22' title='bbox 1170 540 1450 595; x_wconf 89' lang='lat' dir='ltr'>adversus</span> <span class='ocrx_word' id='word_1_23' title='bbox 1471 537 1803 593; x_wconf 83' lang='lat' dir='ltr'>Pentheum</span> <span class='ocrx_word' id='word_1_24' title='bbox 1847 533 2010 589; x_wconf 84' lang='lat' dir='ltr'>venit</span> <span class='ocrx_word' id='word_1_25' title='bbox 2034 548 2047 585; x_wconf 91' lang='lat'>:</span> 
     </span>
    </p>
   </div>
   <div class='ocr_carea' id='block_1_6' title="bbox 393 621 2053 697">
    <p class='ocr_par' dir='ltr' id='par_1_6' title="bbox 393 621 2053 697">
     <span class='ocr_line' id='line_1_6' title="bbox 393 621 2053 697; baseline -0.005 -14"><span class='ocrx_word' id='word_1_26' title='bbox 393 630 547 686; x_wconf 88' lang='lat' dir='ltr'>viros</span> <span class='ocrx_word' id='word_1_27' title='bbox 568 647 602 685; x_wconf 90' lang='lat' dir='ltr'>a</span> <span class='ocrx_word' id='word_1_28' title='bbox 623 630 896 687; x_wconf 84' lang='lat' dir='ltr'>saltando</span> <span class='ocrx_word' id='word_1_29' title='bbox 925 630 1169 697; x_wconf 84' lang='lat' dir='ltr'>Scirtos,</span> <span class='ocrx_word' id='word_1_30' title='bbox 1220 629 1505 683; x_wconf 83' lang='lat' dir='ltr'>mulieres</span> <span class='ocrx_word' id='word_1_31' title='bbox 1556 625 1815 681; x_wconf 81' lang='lat' dir='ltr'>Bacchas</span> <span class='ocrx_word' id='word_1_32' title='bbox 1854 621 2053 695; x_wconf 72' lang='lat' dir='ltr'>appel-</span> 
     </span>
    </p>
   </div>
   <div class='ocr_carea' id='block_1_7' title="bbox 391 714 2048 789">
    <p class='ocr_par' dir='ltr' id='par_1_7' title="bbox 391 714 2048 789">
     <span class='ocr_line' id='line_1_7' title="bbox 391 714 2048 789; baseline -0.004 -16"><span class='ocrx_word' id='word_1_33' title='bbox 391 719 552 774; x_wconf 83' lang='lat' dir='ltr'>lavit.</span> <span class='ocrx_word' id='word_1_34' title='bbox 576 721 721 774; x_wconf 89' lang='lat' dir='ltr'>Cnm</span> <span class='ocrx_word' id='word_1_35' title='bbox 745 726 947 774; x_wconf 87' lang='lat' dir='ltr'>autem</span> <span class='ocrx_word' id='word_1_36' title='bbox 989 719 1204 773; x_wconf 76' lang='lat' dir='ltr'>Beotiua</span> <span class='ocrx_word' id='word_1_37' title='bbox 1256 733 1503 789; x_wconf 86' lang='lat' dir='ltr'>regnum</span> <span class='ocrx_word' id='word_1_38' title='bbox 1554 716 1666 771; x_wconf 89' lang='lat' dir='ltr'>sibi</span> <span class='ocrx_word' id='word_1_39' title='bbox 1699 714 2048 783; x_wconf 81' lang='lat' dir='ltr'>vindicaret,</span> 
     </span>
    </p>
   </div>
   <div class='ocr_carea' id='block_1_8' title="bbox 394 804 2051 880">
    <p class='ocr_par' dir='ltr' id='par_1_8' title="bbox 394 804 2051 880">
     <span class='ocr_line' id='line_1_8' title="bbox 394 804 2051 880; baseline -0.004 -17"><span class='ocrx_word' id='word_1_40' title='bbox 394 808 553 864; x_wconf 93' lang='lat' dir='ltr'>bello</span> <span class='ocrx_word' id='word_1_41' title='bbox 584 825 719 864; x_wconf 90' lang='lat' dir='ltr'>cum</span> <span class='ocrx_word' id='word_1_42' title='bbox 752 809 1016 863; x_wconf 89' lang='lat' dir='ltr'>Pentheo</span> <span class='ocrx_word' id='word_1_43' title='bbox 1048 823 1398 880; x_wconf 87' lang='lat' dir='ltr'>congressus</span> <span class='ocrx_word' id='word_1_44' title='bbox 1435 804 1768 862; x_wconf 89' lang='lat' dir='ltr'>succubuit.</span> <span class='ocrx_word' id='word_1_45' title='bbox 1800 804 2051 876; x_wconf 87' lang='lat' dir='ltr'>Captum</span> 
     </span>
    </p>
   </div>
   <div class='ocr_carea' id='block_1_9' title="bbox 396 892 2049 969">
    <p class='ocr_par' dir='ltr' id='par_1_9' title="bbox 396 892 2049 969">
     <span class='ocr_line' id='line_1_9' title="bbox 396 892 2049 969; baseline -0.003 -18"><span class='ocrx_word' id='word_1_46' title='bbox 396 914 464 952; x_wconf 86' lang='lat' dir='ltr'>ex</span> <span class='ocrx_word' id='word_1_47' title='bbox 523 898 773 953; x_wconf 86' lang='lat' dir='ltr'>vinculis</span> <span class='ocrx_word' id='word_1_48' title='bbox 829 898 1103 953; x_wconf 85' lang='lat' dir='ltr'>liberavit</span> <span class='ocrx_word' id='word_1_49' title='bbox 1156 899 1346 969; x_wconf 89' lang='lat' dir='ltr'>Agave</span> <span class='ocrx_word' id='word_1_50' title='bbox 1397 900 1738 960; x_wconf 76' lang='lat' dir='ltr'>matertera,</span> <span class='ocrx_word' id='word_1_51' title='bbox 1797 892 2049 948; x_wconf 88' lang='lat' dir='ltr'>Penthei</span> 
     </span>
    </p>
   </div>
   <div class='ocr_carea' id='block_1_10' title="bbox 394 985 2047 1060">
    <p class='ocr_par' dir='ltr' id='par_1_10' title="bbox 394 985 2047 1060">
     <span class='ocr_line' id='line_1_10' title="bbox 394 985 2047 1060; baseline -0.002 -18"><span class='ocrx_word' id='word_1_52' title='bbox 394 993 604 1043; x_wconf 89' lang='lat' dir='ltr'>mater.</span> <span class='ocrx_word' id='word_1_53' title='bbox 642 988 783 1043; x_wconf 89' lang='lat' dir='ltr'>Inde</span> <span class='ocrx_word' id='word_1_54' title='bbox 810 1005 916 1060; x_wconf 91' lang='lat' dir='ltr'>per</span> <span class='ocrx_word' id='word_1_55' title='bbox 945 987 1192 1043; x_wconf 87' lang='lat' dir='ltr'>insidias</span> <span class='ocrx_word' id='word_1_56' title='bbox 1223 987 1557 1043; x_wconf 87' lang='lat' dir='ltr'>Pentheum</span> <span class='ocrx_word' id='word_1_57' title='bbox 1588 985 1840 1052; x_wconf 85' lang='lat' dir='ltr'>necavit,</span> <span class='ocrx_word' id='word_1_58' title='bbox 1881 999 2047 1040; x_wconf 83' lang='lat' dir='ltr'>cum-</span> 
     </span>
    </p>
   </div>
   <div class='ocr_carea' id='block_1_11' title="bbox 394 1074 2048 1150">
    <p class='ocr_par' dir='ltr' id='par_1_11' title="bbox 394 1074 2048 1150">
     <span class='ocr_line' id='line_1_11' title="bbox 394 1074 2048 1150; baseline -0.002 -19"><span class='ocrx_word' id='word_1_59' title='bbox 394 1094 509 1147; x_wconf 89' lang='lat' dir='ltr'>que</span> <span class='ocrx_word' id='word_1_60' title='bbox 544 1078 705 1131; x_wconf 86' lang='lat' dir='ltr'>Beoti</span> <span class='ocrx_word' id='word_1_61' title='bbox 741 1093 876 1133; x_wconf 91' lang='lat' dir='ltr'>eum</span> <span class='ocrx_word' id='word_1_62' title='bbox 909 1094 1091 1149; x_wconf 91' lang='lat' dir='ltr'>regno</span> <span class='ocrx_word' id='word_1_63' title='bbox 1138 1093 1261 1133; x_wconf 90' lang='lat' dir='ltr'>non</span> <span class='ocrx_word' id='word_1_64' title='bbox 1319 1077 1729 1150; x_wconf 82' lang='lat' dir='ltr'>dignarentur,</span> <span class='ocrx_word' id='word_1_65' title='bbox 1789 1074 2048 1146; x_wconf 86' lang='lat' dir='ltr'>Delphos</span> 
     </span>
    </p>
   </div>
   <div class='ocr_carea' id='block_1_12' title="bbox 393 1165 2046 1238">
    <p class='ocr_par' dir='ltr' id='par_1_12' title="bbox 393 1165 2046 1238">
     <span class='ocr_line' id='line_1_12' title="bbox 393 1165 2046 1238; baseline -0.001 -19"><span class='ocrx_word' id='word_1_66' title='bbox 393 1166 693 1236; x_wconf 84' lang='lat' dir='ltr'>profectus</span> <span class='ocrx_word' id='word_1_67' title='bbox 715 1172 984 1222; x_wconf 90' lang='lat' dir='ltr'>mortuus</span> <span class='ocrx_word' id='word_1_68' title='bbox 1007 1184 1073 1221; x_wconf 90' lang='lat' dir='ltr'>ac</span> <span class='ocrx_word' id='word_1_69' title='bbox 1090 1167 1363 1238; x_wconf 88' lang='lat' dir='ltr'>sepultus</span> <span class='ocrx_word' id='word_1_70' title='bbox 1381 1173 1489 1221; x_wconf 84' lang='lat' dir='ltr'>est.</span> <span class='ocrx_word' id='word_1_71' title='bbox 1512 1166 1732 1221; x_wconf 87' lang='lat' dir='ltr'>Cadmo</span> <span class='ocrx_word' id='word_1_72' title='bbox 1761 1165 1821 1219; x_wconf 89' lang='lat' dir='ltr'>in</span> <span class='ocrx_word' id='word_1_73' title='bbox 1867 1178 2046 1235; x_wconf 87' lang='lat' dir='ltr'>regno</span> 
     </span>
    </p>
   </div>
   <div class='ocr_carea' id='block_1_13' title="bbox 391 1252 2050 1328">
    <p class='ocr_par' dir='ltr' id='par_1_13' title="bbox 391 1252 2050 1328">
     <span class='ocr_line' id='line_1_13' title="bbox 391 1252 2050 1328; baseline -0.001 -19"><span class='ocrx_word' id='word_1_74' title='bbox 391 1255 612 1311; x_wconf 70' lang='lat' dir='ltr'>Beotim</span> <span class='ocrx_word' id='word_1_75' title='bbox 647 1258 935 1312; x_wconf 87' lang='lat' dir='ltr'>successit</span> <span class='ocrx_word' id='word_1_76' title='bbox 983 1259 1263 1328; x_wconf 84' lang='lat' dir='ltr'>Nycteus.</span> <span class='ocrx_word' id='word_1_77' title='bbox 1331 1260 1434 1312; x_wconf 75' lang='lat'>44</span> <span class='ocrx_word' id='word_1_78' title='bbox 1492 1257 1635 1311; x_wconf 90' lang='lat' dir='ltr'>Cum</span> <span class='ocrx_word' id='word_1_79' title='bbox 1697 1256 1877 1328; x_wconf 84' lang='lat' dir='ltr'>hujus</span> <span class='ocrx_word' id='word_1_80' title='bbox 1927 1252 2050 1308; x_wconf 90' lang='lat' dir='ltr'>ﬁlia</span> 
     </span>
    </p>
   </div>
   <div class='ocr_carea' id='block_1_14' title="bbox 389 1342 2047 1418">
    <p class='ocr_par' dir='ltr' id='par_1_14' title="bbox 389 1342 2047 1418">
     <span class='ocr_line' id='line_1_14' title="bbox 389 1342 2047 1418; baseline -0.002 -18"><span class='ocrx_word' id='word_1_81' title='bbox 389 1345 673 1418; x_wconf 87' lang='lat' dir='ltr'>Antiopa,</span> <span class='ocrx_word' id='word_1_82' title='bbox 707 1345 1013 1401; x_wconf 86' lang='lat' dir='ltr'>sacerdote</span> <span class='ocrx_word' id='word_1_83' title='bbox 1047 1345 1563 1411; x_wconf 73' lang='lat' dir='ltr'>Solis,’l‘heoboeus</span> <span class='ocrx_word' id='word_1_84' title='bbox 1597 1344 1867 1400; x_wconf 89' lang='lat' dir='ltr'>Bratonis</span> <span class='ocrx_word' id='word_1_85' title='bbox 1891 1342 2047 1399; x_wconf 89' lang='lat' dir='ltr'>ﬁlius</span> 
     </span>
    </p>
   </div>
   <div class='ocr_carea' id='block_1_15' title="bbox 391 1431 2049 1507">
    <p class='ocr_par' dir='ltr' id='par_1_15' title="bbox 391 1431 2049 1507">
     <span class='ocr_line' id='line_1_15' title="bbox 391 1431 2049 1507; baseline -0.002 -18"><span class='ocrx_word' id='word_1_86' title='bbox 391 1450 426 1489; x_wconf 90' lang='lat' dir='ltr'>a</span> <span class='ocrx_word' id='word_1_87' title='bbox 454 1436 594 1489; x_wconf 82' lang='lat' dir='ltr'>Jove</span> <span class='ocrx_word' id='word_1_88' title='bbox 624 1451 811 1507; x_wconf 92' lang='lat' dir='ltr'>genus</span> <span class='ocrx_word' id='word_1_89' title='bbox 842 1434 1066 1491; x_wconf 92' lang='lat' dir='ltr'>ducens</span> <span class='ocrx_word' id='word_1_90' title='bbox 1098 1451 1165 1497; x_wconf 85' lang='lat' dir='ltr'>ac</span> <span class='ocrx_word' id='word_1_91' title='bbox 1191 1434 1377 1491; x_wconf 83' lang='lat' dir='ltr'>frater</span> <span class='ocrx_word' id='word_1_92' title='bbox 1406 1434 1629 1506; x_wconf 84' lang='lat' dir='ltr'>Nyctei,</span> <span class='ocrx_word' id='word_1_93' title='bbox 1663 1449 1879 1506; x_wconf 88' lang='lat' dir='ltr'>corpus</span> <span class='ocrx_word' id='word_1_94' title='bbox 1906 1431 2049 1487; x_wconf 91' lang='lat' dir='ltr'>mis-</span> 
     </span>
    </p>
   </div>
   <div class='ocr_carea' id='block_1_16' title="bbox 390 1522 2048 1597">
    <p class='ocr_par' dir='ltr' id='par_1_16' title="bbox 390 1522 2048 1597">
     <span class='ocr_line' id='line_1_16' title="bbox 390 1522 2048 1597; baseline -0.001 -20"><span class='ocrx_word' id='word_1_95' title='bbox 390 1523 535 1592; x_wconf 86' lang='lat' dir='ltr'>cuit,</span> <span class='ocrx_word' id='word_1_96' title='bbox 570 1523 832 1597; x_wconf 86' lang='lat' dir='ltr'>indeque</span> <span class='ocrx_word' id='word_1_97' title='bbox 861 1525 1129 1597; x_wconf 87' lang='lat' dir='ltr'>geminos</span> <span class='ocrx_word' id='word_1_98' title='bbox 1159 1539 1229 1579; x_wconf 89' lang='lat' dir='ltr'>ea</span> <span class='ocrx_word' id='word_1_99' title='bbox 1260 1530 1349 1581; x_wconf 89' lang='lat' dir='ltr'>est</span> <span class='ocrx_word' id='word_1_100' title='bbox 1377 1525 1572 1590; x_wconf 85' lang='lat' dir='ltr'>enixa,</span> <span class='ocrx_word' id='word_1_101' title='bbox 1606 1522 2048 1594; x_wconf 88' lang='lat' dir='ltr'>Amphinonem</span> 
     </span>
    </p>
   </div>
   <div class='ocr_carea' id='block_1_17' title="bbox 391 1613 2050 1685">
    <p class='ocr_par' dir='ltr' id='par_1_17' title="bbox 391 1613 2050 1685">
     <span class='ocr_line' id='line_1_17' title="bbox 391 1613 2050 1685; baseline -0.001 -18"><span class='ocrx_word' id='word_1_102' title='bbox 391 1617 449 1667; x_wconf 93' lang='lat' dir='ltr'>et</span> <span class='ocrx_word' id='word_1_103' title='bbox 465 1613 716 1668; x_wconf 90' lang='lat' dir='ltr'>Zethum</span> <span class='ocrx_word' id='word_1_104' title='bbox 744 1628 758 1679; x_wconf 90' lang='lat'><strong>;</strong></span> <span class='ocrx_word' id='word_1_105' title='bbox 782 1614 883 1684; x_wconf 88' lang='lat' dir='ltr'>qui</span> <span class='ocrx_word' id='word_1_106' title='bbox 909 1614 1087 1684; x_wconf 89' lang='lat' dir='ltr'>jussu</span> <span class='ocrx_word' id='word_1_107' title='bbox 1118 1613 1322 1669; x_wconf 85' lang='lat' dir='ltr'>fratris</span> <span class='ocrx_word' id='word_1_108' title='bbox 1362 1613 1613 1685; x_wconf 83' lang='lat' dir='ltr'>expositi</span> <span class='ocrx_word' id='word_1_109' title='bbox 1670 1618 1810 1667; x_wconf 89' lang='lat' dir='ltr'>sunt</span> <span class='ocrx_word' id='word_1_110' title='bbox 1865 1627 2050 1683; x_wconf 84' lang='lat' dir='ltr'>prope</span> 
     </span>
    </p>
   </div>
   <div class='ocr_carea' id='block_1_18' title="bbox 389 1699 2045 1774">
    <p class='ocr_par' dir='ltr' id='par_1_18' title="bbox 389 1699 2045 1774">
     <span class='ocr_line' id='line_1_18' title="bbox 389 1699 2045 1774; baseline -0.001 -18"><span class='ocrx_word' id='word_1_111' title='bbox 389 1708 660 1757; x_wconf 89' lang='lat' dir='ltr'>montem</span> <span class='ocrx_word' id='word_1_112' title='bbox 692 1703 1109 1759; x_wconf 67' lang='lat' dir='ltr'>Cithwronem.</span> <span class='ocrx_word' id='word_1_113' title='bbox 1145 1702 1255 1759; x_wconf 91' lang='lat' dir='ltr'>Sed</span> <span class='ocrx_word' id='word_1_114' title='bbox 1288 1703 1533 1774; x_wconf 89' lang='lat' dir='ltr'>quidam</span> <span class='ocrx_word' id='word_1_115' title='bbox 1562 1702 1820 1759; x_wconf 89' lang='lat' dir='ltr'>rusticus</span> <span class='ocrx_word' id='word_1_116' title='bbox 1869 1699 2045 1763; x_wconf 87' lang='lat' dir='ltr'>Ordio</span> 
     </span>
    </p>
   </div>
   <div class='ocr_carea' id='block_1_19' title="bbox 388 1789 2120 1878">
    <p class='ocr_par' dir='ltr' id='par_1_19' title="bbox 388 1789 2120 1878">
     <span class='ocr_line' id='line_1_19' title="bbox 388 1789 2120 1878; baseline 0 -34"><span class='ocrx_word' id='word_1_117' title='bbox 388 1792 658 1856; x_wconf 90' lang='lat' dir='ltr'>nomine,</span> <span class='ocrx_word' id='word_1_118' title='bbox 683 1808 818 1846; x_wconf 90' lang='lat' dir='ltr'>cum</span> <span class='ocrx_word' id='word_1_119' title='bbox 844 1791 1010 1863; x_wconf 90' lang='lat' dir='ltr'>prole</span> <span class='ocrx_word' id='word_1_120' title='bbox 1030 1793 1266 1856; x_wconf 85' lang='lat' dir='ltr'>carerit,</span> <span class='ocrx_word' id='word_1_121' title='bbox 1287 1791 1531 1847; x_wconf 90' lang='lat' dir='ltr'>sustulit</span> <span class='ocrx_word' id='word_1_122' title='bbox 1553 1807 1652 1846; x_wconf 86' lang='lat' dir='ltr'>eos</span> <span class='ocrx_word' id='word_1_123' title='bbox 1674 1796 1853 1860; x_wconf 88' lang='lat' dir='ltr'>atque</span> <span class='ocrx_word' id='word_1_124' title='bbox 1902 1789 2041 1845; x_wconf 88' lang='lat' dir='ltr'>edu-</span> <span class='ocrx_word' id='word_1_125' title='bbox 2074 1815 2120 1878; x_wconf 79' lang='grc' dir='ltr'><strong>Β</strong></span> 
     </span>
    </p>
   </div>
   <div class='ocr_carea' id='block_1_20' title="bbox 387 1880 2038 1954">
    <p class='ocr_par' dir='ltr' id='par_1_20' title="bbox 387 1880 2038 1954">
     <span class='ocr_line' id='line_1_20' title="bbox 387 1880 2038 1954; baseline 0 -19"><span class='ocrx_word' id='word_1_126' title='bbox 387 1880 718 1936; x_wconf 87' lang='lat' dir='ltr'>cavit.Cum</span> <span class='ocrx_word' id='word_1_127' title='bbox 741 1888 940 1937; x_wconf 89' lang='lat' dir='ltr'>autem</span> <span class='ocrx_word' id='word_1_128' title='bbox 959 1882 1210 1954; x_wconf 83' lang='lat' dir='ltr'>Antiopa</span> <span class='ocrx_word' id='word_1_129' title='bbox 1257 1881 1414 1953; x_wconf 91' lang='lat' dir='ltr'>apud</span> <span class='ocrx_word' id='word_1_130' title='bbox 1460 1882 1673 1937; x_wconf 92' lang='lat' dir='ltr'>Dircen</span> <span class='ocrx_word' id='word_1_131' title='bbox 1714 1897 2038 1936; x_wconf 84' lang='lat' dir='ltr'>asservare-</span> 
     </span>
    </p>
   </div>
   <div class='ocr_carea' id='block_1_21' title="bbox 385 1973 2042 2047">
    <p class='ocr_par' dir='ltr' id='par_1_21' title="bbox 385 1973 2042 2047">
     <span class='ocr_line' id='line_1_21' title="bbox 385 1973 2042 2047; baseline -0.001 -19"><span class='ocrx_word' id='word_1_132' title='bbox 385 1979 501 2041; x_wconf 90' lang='lat' dir='ltr'>tur,</span> <span class='ocrx_word' id='word_1_133' title='bbox 525 1979 589 2028; x_wconf 85' lang='lat' dir='ltr'>ut</span> <span class='ocrx_word' id='word_1_134' title='bbox 608 1979 851 2046; x_wconf 85' lang='lat' dir='ltr'>propter</span> <span class='ocrx_word' id='word_1_135' title='bbox 875 1973 1165 2047; x_wconf 81' lang='lat' dir='ltr'>flagitium</span> <span class='ocrx_word' id='word_1_136' title='bbox 1188 1975 1575 2030; x_wconf 91' lang='lat' dir='ltr'>commissum</span> <span class='ocrx_word' id='word_1_137' title='bbox 1619 1990 1725 2029; x_wconf 92' lang='lat' dir='ltr'>suo</span> <span class='ocrx_word' id='word_1_138' title='bbox 1777 1978 2042 2044; x_wconf 90' lang='lat' dir='ltr'>tempore</span> 
     </span>
    </p>
   </div>
   <div class='ocr_carea' id='block_1_22' title="bbox 386 2061 2043 2136">
    <p class='ocr_par' dir='ltr' id='par_1_22' title="bbox 386 2061 2043 2136">
     <span class='ocr_line' id='line_1_22' title="bbox 386 2061 2043 2136; baseline -0.001 -18"><span class='ocrx_word' id='word_1_139' title='bbox 386 2079 589 2134; x_wconf 71' lang='lat' dir='ltr'>prenas</span> <span class='ocrx_word' id='word_1_140' title='bbox 612 2062 824 2131; x_wconf 92' lang='lat' dir='ltr'>lueret,</span> <span class='ocrx_word' id='word_1_141' title='bbox 846 2079 980 2120; x_wconf 89' lang='lat' dir='ltr'>cum</span> <span class='ocrx_word' id='word_1_142' title='bbox 1023 2064 1085 2117; x_wconf 92' lang='lat' dir='ltr'>in</span> <span class='ocrx_word' id='word_1_143' title='bbox 1133 2065 1478 2136; x_wconf 84' lang='lat' dir='ltr'>Argivorum</span> <span class='ocrx_word' id='word_1_144' title='bbox 1524 2063 1766 2136; x_wconf 85' lang='lat' dir='ltr'>regione</span> <span class='ocrx_word' id='word_1_145' title='bbox 1816 2061 2043 2117; x_wconf 88' lang='lat' dir='ltr'>bellum</span> 
     </span>
    </p>
   </div>
   <div class='ocr_carea' id='block_1_23' title="bbox 386 2149 2044 2223">
    <p class='ocr_par' dir='ltr' id='par_1_23' title="bbox 386 2149 2044 2223">
     <span class='ocr_line' id='line_1_23' title="bbox 386 2149 2044 2223; baseline -0.001 -17"><span class='ocrx_word' id='word_1_146' title='bbox 386 2152 711 2206; x_wconf 82' lang='lat' dir='ltr'>exstitisset</span> <span class='ocrx_word' id='word_1_147' title='bbox 731 2151 933 2223; x_wconf 88' lang='lat' dir='ltr'>ibique</span> <span class='ocrx_word' id='word_1_148' title='bbox 960 2152 1147 2223; x_wconf 82' lang='lat' dir='ltr'>Lycus</span> <span class='ocrx_word' id='word_1_149' title='bbox 1172 2158 1526 2218; x_wconf 88' lang='lat' dir='ltr'>moraretur,</span> <span class='ocrx_word' id='word_1_150' title='bbox 1546 2149 1719 2207; x_wconf 89' lang='lat' dir='ltr'>Dirce</span> <span class='ocrx_word' id='word_1_151' title='bbox 1758 2153 2044 2223; x_wconf 88' lang='lat' dir='ltr'>Nycteum</span> 
     </span>
    </p>
   </div>
   <div class='ocr_carea' id='block_1_24' title="bbox 385 2238 2044 2312">
    <p class='ocr_par' dir='ltr' id='par_1_24' title="bbox 385 2238 2044 2312">
     <span class='ocr_line' id='line_1_24' title="bbox 385 2238 2044 2312; baseline 0.001 -18"><span class='ocrx_word' id='word_1_152' title='bbox 385 2238 605 2295; x_wconf 85' lang='lat' dir='ltr'>blande</span> <span class='ocrx_word' id='word_1_153' title='bbox 633 2240 977 2296; x_wconf 88' lang='lat' dir='ltr'>sollicitavit</span> <span class='ocrx_word' id='word_1_154' title='bbox 1006 2240 1077 2295; x_wconf 92' lang='lat' dir='ltr'>de</span> <span class='ocrx_word' id='word_1_155' title='bbox 1106 2240 1414 2296; x_wconf 87' lang='lat' dir='ltr'>liberanda</span> <span class='ocrx_word' id='word_1_156' title='bbox 1466 2240 1738 2312; x_wconf 87' lang='lat' dir='ltr'>Antiopa.</span> <span class='ocrx_word' id='word_1_157' title='bbox 1805 2241 1858 2294; x_wconf 91' lang='lat' dir='ltr'>ls</span> <span class='ocrx_word' id='word_1_158' title='bbox 1907 2256 2044 2295; x_wconf 91' lang='lat' dir='ltr'>vero</span> 
     </span>
    </p>
   </div>
   <div class='ocr_carea' id='block_1_25' title="bbox 383 2328 2043 2401">
    <p class='ocr_par' dir='ltr' id='par_1_25' title="bbox 383 2328 2043 2401">
     <span class='ocr_line' id='line_1_25' title="bbox 383 2328 2043 2401; baseline 0 -19"><span class='ocrx_word' id='word_1_159' title='bbox 383 2333 556 2383; x_wconf 90' lang='lat' dir='ltr'>tauro</span> <span class='ocrx_word' id='word_1_160' title='bbox 581 2344 710 2383; x_wconf 90' lang='lat' dir='ltr'>eam</span> <span class='ocrx_word' id='word_1_161' title='bbox 735 2329 929 2399; x_wconf 88' lang='lat' dir='ltr'>potius</span> <span class='ocrx_word' id='word_1_162' title='bbox 946 2329 1070 2384; x_wconf 86' lang='lat' dir='ltr'>fero</span> <span class='ocrx_word' id='word_1_163' title='bbox 1096 2329 1461 2401; x_wconf 86' lang='lat' dir='ltr'>alligandam</span> <span class='ocrx_word' id='word_1_164' title='bbox 1484 2330 1681 2399; x_wconf 86' lang='lat' dir='ltr'>itaque</span> <span class='ocrx_word' id='word_1_165' title='bbox 1713 2328 2043 2384; x_wconf 87' lang='lat' dir='ltr'>necandam</span> 
     </span>
    </p>
   </div>
   <div class='ocr_carea' id='block_1_26' title="bbox 387 2417 2044 2491">
    <p class='ocr_par' dir='ltr' id='par_1_26' title="bbox 387 2417 2044 2491">
     <span class='ocr_line' id='line_1_26' title="bbox 387 2417 2044 2491; baseline 0 -20"><span class='ocrx_word' id='word_1_166' title='bbox 387 2418 717 2489; x_wconf 80' lang='lat' dir='ltr'>profanatas</span> <span class='ocrx_word' id='word_1_167' title='bbox 748 2418 1104 2491; x_wconf 83' lang='lat' dir='ltr'>virginitatis</span> <span class='ocrx_word' id='word_1_168' title='bbox 1132 2435 1311 2474; x_wconf 88' lang='lat' dir='ltr'>causa</span> <span class='ocrx_word' id='word_1_169' title='bbox 1342 2419 1676 2489; x_wconf 87' lang='lat' dir='ltr'>imperavit.</span> <span class='ocrx_word' id='word_1_170' title='bbox 1730 2417 1851 2472; x_wconf 80' lang='lat' dir='ltr'>Hoc</span> <span class='ocrx_word' id='word_1_171' title='bbox 1908 2432 2044 2471; x_wconf 89' lang='lat' dir='ltr'>cum</span> 
     </span>
    </p>
   </div>
   <div class='ocr_carea' id='block_1_27' title="bbox 385 2507 2044 2580">
    <p class='ocr_par' dir='ltr' id='par_1_27' title="bbox 385 2507 2044 2580">
     <span class='ocr_line' id='line_1_27' title="bbox 385 2507 2044 2580; baseline 0.001 -20"><span class='ocrx_word' id='word_1_172' title='bbox 385 2508 819 2563; x_wconf 89' lang='lat' dir='ltr'>inaudivissent</span> <span class='ocrx_word' id='word_1_173' title='bbox 841 2510 1139 2580; x_wconf 88' lang='lat' dir='ltr'>Amphion</span> <span class='ocrx_word' id='word_1_174' title='bbox 1167 2516 1226 2564; x_wconf 94' lang='lat' dir='ltr'>et</span> <span class='ocrx_word' id='word_1_175' title='bbox 1250 2510 1484 2575; x_wconf 91' lang='lat' dir='ltr'>Zethus,</span> <span class='ocrx_word' id='word_1_176' title='bbox 1516 2508 1587 2564; x_wconf 92' lang='lat' dir='ltr'>ab</span> <span class='ocrx_word' id='word_1_177' title='bbox 1634 2525 1703 2564; x_wconf 89' lang='lat' dir='ltr'>eo</span> <span class='ocrx_word' id='word_1_178' title='bbox 1751 2508 1851 2579; x_wconf 91' lang='lat' dir='ltr'>qui</span> <span class='ocrx_word' id='word_1_179' title='bbox 1884 2507 2044 2578; x_wconf 91' lang='lat' dir='ltr'>ipsos</span> 
     </span>
    </p>
   </div>
   <div class='ocr_carea' id='block_1_28' title="bbox 395 2597 2043 2670">
    <p class='ocr_par' dir='ltr' id='par_1_28' title="bbox 395 2597 2043 2670">
     <span class='ocr_line' id='line_1_28' title="bbox 395 2597 2043 2670; baseline -0.002 -17"><span class='ocrx_word' id='word_1_180' title='bbox 395 2597 747 2653; x_wconf 88' lang='lat' dir='ltr'>educaverat</span> <span class='ocrx_word' id='word_1_181' title='bbox 767 2598 957 2654; x_wconf 91' lang='lat' dir='ltr'>edocti</span> <span class='ocrx_word' id='word_1_182' title='bbox 977 2599 1269 2670; x_wconf 84' lang='lat' dir='ltr'>Antiopiae</span> <span class='ocrx_word' id='word_1_183' title='bbox 1283 2616 1344 2654; x_wconf 88' lang='lat' dir='ltr'>se</span> <span class='ocrx_word' id='word_1_184' title='bbox 1360 2615 1489 2654; x_wconf 81' lang='lat' dir='ltr'>esse</span> <span class='ocrx_word' id='word_1_185' title='bbox 1502 2597 1678 2664; x_wconf 88' lang='lat' dir='ltr'>ﬁlios,</span> <span class='ocrx_word' id='word_1_186' title='bbox 1703 2614 1839 2655; x_wconf 89' lang='lat' dir='ltr'>cum</span> <span class='ocrx_word' id='word_1_187' title='bbox 1861 2613 2043 2652; x_wconf 90' lang='lat' dir='ltr'>manu</span> 
     </span>
    </p>
   </div>
   <div class='ocr_carea' id='block_1_29' title="bbox 390 2688 2043 2761">
    <p class='ocr_par' dir='ltr' id='par_1_29' title="bbox 390 2688 2043 2761">
     <span class='ocr_line' id='line_1_29' title="bbox 390 2688 2043 2761; baseline -0.001 -19"><span class='ocrx_word' id='word_1_188' title='bbox 390 2689 753 2744; x_wconf 87' lang='lat' dir='ltr'>rusticorum</span> <span class='ocrx_word' id='word_1_189' title='bbox 779 2690 1103 2757; x_wconf 89' lang='lat' dir='ltr'>irruerunt,</span> <span class='ocrx_word' id='word_1_190' title='bbox 1128 2690 1474 2761; x_wconf 85' lang='lat' dir='ltr'>necatisque</span> <span class='ocrx_word' id='word_1_191' title='bbox 1498 2688 1804 2757; x_wconf 90' lang='lat' dir='ltr'>militibus,</span> <span class='ocrx_word' id='word_1_192' title='bbox 1833 2688 2043 2742; x_wconf 86' lang='lat' dir='ltr'>Dircen</span> 
     </span>
    </p>
   </div>
   <div class='ocr_carea' id='block_1_30' title="bbox 388 2776 2041 2850">
    <p class='ocr_par' dir='ltr' id='par_1_30' title="bbox 388 2776 2041 2850">
     <span class='ocr_line' id='line_1_30' title="bbox 388 2776 2041 2850; baseline -0.001 -19"><span class='ocrx_word' id='word_1_193' title='bbox 388 2783 562 2833; x_wconf 91' lang='lat' dir='ltr'>tauro</span> <span class='ocrx_word' id='word_1_194' title='bbox 625 2776 924 2850; x_wconf 89' lang='lat' dir='ltr'>alligatam</span> <span class='ocrx_word' id='word_1_195' title='bbox 976 2778 1422 2835; x_wconf 85' lang='lat' dir='ltr'>interfecerunt.</span> <span class='ocrx_word' id='word_1_196' title='bbox 1487 2778 1603 2849; x_wconf 88' lang='lat' dir='ltr'>Ipsi</span> <span class='ocrx_word' id='word_1_197' title='bbox 1664 2793 1801 2833; x_wconf 90' lang='lat' dir='ltr'>cum</span> <span class='ocrx_word' id='word_1_198' title='bbox 1852 2781 2041 2831; x_wconf 89' lang='lat' dir='ltr'>matre</span> 
     </span>
    </p>
   </div>
   <div class='ocr_carea' id='block_1_31' title="bbox 392 2865 2043 2937">
    <p class='ocr_par' dir='ltr' id='par_1_31' title="bbox 392 2865 2043 2937">
     <span class='ocr_line' id='line_1_31' title="bbox 392 2865 2043 2937; baseline -0.001 -18"><span class='ocrx_word' id='word_1_199' title='bbox 392 2865 651 2937; x_wconf 85' lang='lat' dir='ltr'>Antiopa</span> <span class='ocrx_word' id='word_1_200' title='bbox 677 2866 739 2920; x_wconf 92' lang='lat' dir='ltr'>in</span> <span class='ocrx_word' id='word_1_201' title='bbox 770 2866 1052 2921; x_wconf 73' lang='lat' dir='ltr'>Boeotiam</span> <span class='ocrx_word' id='word_1_202' title='bbox 1102 2866 1371 2937; x_wconf 84' lang='lat' dir='ltr'>profecti,</span> <span class='ocrx_word' id='word_1_203' title='bbox 1425 2881 1560 2922; x_wconf 87' lang='lat' dir='ltr'>cum</span> <span class='ocrx_word' id='word_1_204' title='bbox 1613 2865 1741 2937; x_wconf 87' lang='lat' dir='ltr'>jam</span> <span class='ocrx_word' id='word_1_205' title='bbox 1791 2866 2043 2937; x_wconf 85' lang='lat' dir='ltr'>Nycteus</span> 
     </span>
    </p>
   </div>
   <div class='ocr_carea' id='block_1_32' title="bbox 387 2952 2044 3026">
    <p class='ocr_par' dir='ltr' id='par_1_32' title="bbox 387 2952 2044 3026">
     <span class='ocr_line' id='line_1_32' title="bbox 387 2952 2044 3026; baseline 0.001 -20"><span class='ocrx_word' id='word_1_206' title='bbox 387 2952 507 3008; x_wconf 86' lang='lat' dir='ltr'>vita</span> <span class='ocrx_word' id='word_1_207' title='bbox 535 2954 911 3023; x_wconf 88' lang='lat' dir='ltr'>decessisset,</span> <span class='ocrx_word' id='word_1_208' title='bbox 965 2956 1049 3010; x_wconf 88' lang='lat' dir='ltr'>ita</span> <span class='ocrx_word' id='word_1_209' title='bbox 1093 2955 1306 3010; x_wconf 89' lang='lat' dir='ltr'>musici</span> <span class='ocrx_word' id='word_1_210' title='bbox 1368 2955 1663 3026; x_wconf 84' lang='lat' dir='ltr'>Amphion</span> <span class='ocrx_word' id='word_1_211' title='bbox 1721 2960 1781 3010; x_wconf 89' lang='lat' dir='ltr'>et</span> <span class='ocrx_word' id='word_1_212' title='bbox 1831 2953 2044 3009; x_wconf 88' lang='lat' dir='ltr'>Zethus</span> 
     </span>
    </p>
   </div>
   <div class='ocr_carea' id='block_1_33' title="bbox 396 3043 2045 3116">
    <p class='ocr_par' dir='ltr' id='par_1_33' title="bbox 396 3043 2045 3116">
     <span class='ocr_line' id='line_1_33' title="bbox 396 3043 2045 3116; baseline -0.001 -18"><span class='ocrx_word' id='word_1_213' title='bbox 396 3044 614 3099; x_wconf 75' lang='lat' dir='ltr'>Boeotis</span> <span class='ocrx_word' id='word_1_214' title='bbox 636 3043 855 3099; x_wconf 90' lang='lat' dir='ltr'>multos</span> <span class='ocrx_word' id='word_1_215' title='bbox 871 3061 979 3116; x_wconf 86' lang='lat' dir='ltr'>per</span> <span class='ocrx_word' id='word_1_216' title='bbox 1004 3060 1192 3099; x_wconf 89' lang='lat' dir='ltr'>annos</span> <span class='ocrx_word' id='word_1_217' title='bbox 1212 3043 1373 3116; x_wconf 89' lang='lat' dir='ltr'>regia</span> <span class='ocrx_word' id='word_1_218' title='bbox 1394 3048 1682 3115; x_wconf 89' lang='lat' dir='ltr'>potestate</span> <span class='ocrx_word' id='word_1_219' title='bbox 1725 3043 2045 3114; x_wconf 85' lang='lat' dir='ltr'>imperave-</span> 
     </span>
    </p>
   </div>
   <div class='ocr_carea' id='block_1_34' title="bbox 387 3131 2114 3240">
    <p class='ocr_par' dir='ltr' id='par_1_34' title="bbox 387 3131 2114 3240">
     <span class='ocr_line' id='line_1_34' title="bbox 387 3131 2114 3240; baseline -0.001 -53"><span class='ocrx_word' id='word_1_220' title='bbox 387 3132 1151 3205; x_wconf 76' lang='lat' dir='ltr'>runt.llimagnamnrbem</span> <span class='ocrx_word' id='word_1_221' title='bbox 1185 3132 1602 3200; x_wconf 81' lang='lat' dir='ltr'>condiderunt,</span> <span class='ocrx_word' id='word_1_222' title='bbox 1666 3136 1723 3185; x_wconf 91' lang='lat' dir='ltr'>et</span> <span class='ocrx_word' id='word_1_223' title='bbox 1773 3147 1808 3185; x_wconf 91' lang='lat' dir='ltr'>a</span> <span class='ocrx_word' id='word_1_224' title='bbox 1855 3131 2040 3203; x_wconf 89' lang='lat' dir='ltr'>patris</span> <span class='ocrx_word' id='word_1_225' title='bbox 2070 3173 2114 3240; x_wconf 66' lang='grc' dir='ltr'><strong>Ο</strong></span> 
     </span>
     <span class='ocr_line' id='line_1_35' title="bbox 387 3219 2035 3240; baseline -0.001 0"><span class='ocrx_word' id='word_1_226' title='bbox 387 3222 454 3240; x_wconf 70' lang='grc' dir='ltr'>πη</span> <span class='ocrx_word' id='word_1_227' title='bbox 486 3239 492 3240; x_wconf 63' lang='lat'><strong><em>,</em></strong></span> <span class='ocrx_word' id='word_1_228' title='bbox 527 3222 564 3240; x_wconf 20' lang='grc' dir='ltr'>Α.</span> <span class='ocrx_word' id='word_1_229' title='bbox 699 3238 720 3240; x_wconf 21' lang='grc' dir='ltr'><em>Α</em></span> <span class='ocrx_word' id='word_1_230' title='bbox 751 3223 852 3240; x_wconf 34' lang='grc' dir='ltr'>ρ.</span> <span class='ocrx_word' id='word_1_231' title='bbox 917 3222 1034 3240; x_wconf 33' lang='grc' dir='ltr'>νηη</span> <span class='ocrx_word' id='word_1_232' title='bbox 1065 3222 1154 3240; x_wconf 16' lang='grc' dir='ltr'>ιι,</span> <span class='ocrx_word' id='word_1_233' title='bbox 1242 3239 1246 3240; x_wconf 64' lang='lat'><strong><em>,</em></strong></span> <span class='ocrx_word' id='word_1_234' title='bbox 1315 3238 1338 3240; x_wconf 27' lang='grc' dir='ltr'><em>Α</em></span> <span class='ocrx_word' id='word_1_235' title='bbox 1481 3227 1644 3240; x_wconf 58' lang='lat'>-,,__.</span> <span class='ocrx_word' id='word_1_236' title='bbox 1726 3219 2035 3240; x_wconf 32' lang='grc' dir='ltr'>πὼς-,λη</span> 
     </span>
    </p>
   </div>
   <div class='ocr_carea' id='block_1_35' title="bbox 385 3219 2040 3292">
    <p class='ocr_par' dir='ltr' id='par_1_35' title="bbox 385 3219 2040 3292">
     <span class='ocr_line' id='line_1_36' title="bbox 385 3219 2040 3292; baseline -0.001 -15"><span class='ocrx_word' id='word_1_237' title='bbox 385 3222 661 3278; x_wconf 75' lang='lat' dir='ltr'>Theobmi</span> <span class='ocrx_word' id='word_1_238' title='bbox 694 3223 936 3277; x_wconf 90' lang='lat' dir='ltr'>nomine</span> <span class='ocrx_word' id='word_1_239' title='bbox 966 3222 1195 3277; x_wconf 88' lang='lat' dir='ltr'>Thebas</span> <span class='ocrx_word' id='word_1_240' title='bbox 1226 3227 1669 3292; x_wconf 88' lang='lat' dir='ltr'>nuncuparunt.</span> <span class='ocrx_word' id='word_1_241' title='bbox 1726 3219 2040 3292; x_wconf 88' lang='lat' dir='ltr'>Euripides</span> 
     </span>
    </p>
   </div>
   <div class='ocr_carea' id='block_1_36' title="bbox 386 3312 2041 3385">
    <p class='ocr_par' dir='ltr' id='par_1_36' title="bbox 386 3312 2041 3385">
     <span class='ocr_line' id='line_1_37' title="bbox 386 3312 2041 3385; baseline -0.001 -18"><span class='ocrx_word' id='word_1_242' title='bbox 386 3329 551 3367; x_wconf 91' lang='lat' dir='ltr'>more</span> <span class='ocrx_word' id='word_1_243' title='bbox 570 3318 881 3385; x_wconf 90' lang='lat' dir='ltr'>poetarum</span> <span class='ocrx_word' id='word_1_244' title='bbox 905 3312 1165 3369; x_wconf 82' lang='lat' dir='ltr'>fabulam</span> <span class='ocrx_word' id='word_1_245' title='bbox 1188 3329 1459 3378; x_wconf 89' lang='lat' dir='ltr'>narrans,</span> <span class='ocrx_word' id='word_1_246' title='bbox 1481 3313 1675 3368; x_wconf 85' lang='lat' dir='ltr'>Jovem</span> <span class='ocrx_word' id='word_1_247' title='bbox 1700 3312 1784 3366; x_wconf 90' lang='lat' dir='ltr'>ait</span> <span class='ocrx_word' id='word_1_248' title='bbox 1804 3316 2041 3382; x_wconf 91' lang='lat' dir='ltr'>sumpta</span> 
     </span>
    </p>
   </div>
   <div class='ocr_carea' id='block_1_37' title="bbox 384 3401 2039 3474">
    <p class='ocr_par' dir='ltr' id='par_1_37' title="bbox 384 3401 2039 3474">
     <span class='ocr_line' id='line_1_38' title="bbox 384 3401 2039 3474; baseline -0.001 -19"><span class='ocrx_word' id='word_1_249' title='bbox 384 3402 568 3474; x_wconf 80' lang='lat' dir='ltr'>satyri</span> <span class='ocrx_word' id='word_1_250' title='bbox 596 3402 783 3474; x_wconf 83' lang='lat' dir='ltr'>ﬁgura</span> <span class='ocrx_word' id='word_1_251' title='bbox 802 3402 1073 3473; x_wconf 75' lang='lat' dir='ltr'>Antiopae</span> <span class='ocrx_word' id='word_1_252' title='bbox 1094 3402 1299 3456; x_wconf 88' lang='lat' dir='ltr'>vitium</span> <span class='ocrx_word' id='word_1_253' title='bbox 1325 3401 1614 3456; x_wconf 90' lang='lat' dir='ltr'>obtulisse</span> <span class='ocrx_word' id='word_1_254' title='bbox 1643 3417 1655 3455; x_wconf 91' lang='lat'><strong>:</strong></span> <span class='ocrx_word' id='word_1_255' title='bbox 1683 3418 1750 3456; x_wconf 93' lang='lat' dir='ltr'>eo</span> <span class='ocrx_word' id='word_1_256' title='bbox 1773 3417 1843 3456; x_wconf 87' lang='lat' dir='ltr'>ex</span> <span class='ocrx_word' id='word_1_257' title='bbox 1902 3416 2039 3455; x_wconf 88' lang='lat' dir='ltr'>con-</span> 
     </span>
    </p>
   </div>
   <div class='ocr_carea' id='block_1_38' title="bbox 385 3491 2038 3563">
    <p class='ocr_par' dir='ltr' id='par_1_38' title="bbox 385 3491 2038 3563">
     <span class='ocr_line' id='line_1_39' title="bbox 385 3491 2038 3563; baseline -0.001 -17"><span class='ocrx_word' id='word_1_258' title='bbox 385 3491 591 3557; x_wconf 83' lang='lat' dir='ltr'>cubitu</span> <span class='ocrx_word' id='word_1_259' title='bbox 612 3497 785 3546; x_wconf 91' lang='lat' dir='ltr'>natos</span> <span class='ocrx_word' id='word_1_260' title='bbox 803 3491 1191 3563; x_wconf 85' lang='lat' dir='ltr'>Amphionem</span> <span class='ocrx_word' id='word_1_261' title='bbox 1217 3497 1275 3545; x_wconf 93' lang='lat' dir='ltr'>et</span> <span class='ocrx_word' id='word_1_262' title='bbox 1312 3492 1558 3545; x_wconf 89' lang='lat' dir='ltr'>Zethum</span> <span class='ocrx_word' id='word_1_263' title='bbox 1603 3491 1884 3545; x_wconf 88' lang='lat' dir='ltr'>musicos.</span> <span class='ocrx_word' id='word_1_264' title='bbox 1918 3491 2038 3544; x_wconf 88' lang='lat' dir='ltr'>Hoc</span> 
     </span>
    </p>
   </div>
   <div class='ocr_carea' id='block_1_39' title="bbox 388 3580 2036 3653">
    <p class='ocr_par' dir='ltr' id='par_1_39' title="bbox 388 3580 2036 3653">
     <span class='ocr_line' id='line_1_40' title="bbox 388 3580 2036 3653; baseline -0.001 -18"><span class='ocrx_word' id='word_1_265' title='bbox 388 3597 525 3635; x_wconf 91' lang='lat' dir='ltr'>eum</span> <span class='ocrx_word' id='word_1_266' title='bbox 557 3580 690 3635; x_wconf 92' lang='lat' dir='ltr'>ideo</span> <span class='ocrx_word' id='word_1_267' title='bbox 713 3581 935 3637; x_wconf 86' lang='lat' dir='ltr'>dixisse</span> <span class='ocrx_word' id='word_1_268' title='bbox 967 3587 1199 3653; x_wconf 89' lang='lat' dir='ltr'>putant,</span> <span class='ocrx_word' id='word_1_269' title='bbox 1232 3580 1391 3652; x_wconf 90' lang='lat' dir='ltr'>quod</span> <span class='ocrx_word' id='word_1_270' title='bbox 1416 3580 1742 3636; x_wconf 69' lang='lat' dir='ltr'>Theobaaus</span> <span class='ocrx_word' id='word_1_271' title='bbox 1789 3594 1823 3635; x_wconf 88' lang='lat' dir='ltr'>a</span> <span class='ocrx_word' id='word_1_272' title='bbox 1876 3580 2036 3650; x_wconf 89' lang='lat' dir='ltr'>Pico,</span> 
     </span>
    </p>
   </div>
   <div class='ocr_carea' id='block_1_40' title="bbox 386 3671 2036 3744">
    <p class='ocr_par' dir='ltr' id='par_1_40' title="bbox 386 3671 2036 3744">
     <span class='ocr_line' id='line_1_41' title="bbox 386 3671 2036 3744; baseline 0 -18"><span class='ocrx_word' id='word_1_273' title='bbox 386 3672 485 3742; x_wconf 90' lang='lat' dir='ltr'>qui</span> <span class='ocrx_word' id='word_1_274' title='bbox 519 3672 675 3727; x_wconf 91' lang='lat' dir='ltr'>idem</span> <span class='ocrx_word' id='word_1_275' title='bbox 707 3671 935 3744; x_wconf 88' lang='lat' dir='ltr'>Jupiter</span> <span class='ocrx_word' id='word_1_276' title='bbox 966 3672 1096 3739; x_wconf 89' lang='lat' dir='ltr'>fuit,</span> <span class='ocrx_word' id='word_1_277' title='bbox 1131 3672 1509 3727; x_wconf 89' lang='lat' dir='ltr'>descenderit</span> <span class='ocrx_word' id='word_1_278' title='bbox 1540 3687 1648 3743; x_wconf 91' lang='lat' dir='ltr'>per</span> <span class='ocrx_word' id='word_1_279' title='bbox 1697 3671 1915 3725; x_wconf 72' lang='lat' dir='ltr'>animm</span> <span class='ocrx_word' id='word_1_280' title='bbox 1971 3671 2036 3726; x_wconf 90' lang='lat' dir='ltr'>in</span> 
     </span>
    </p>
   </div>
   <div class='ocr_carea' id='block_1_41' title="bbox 384 3759 2039 3832">
    <p class='ocr_par' dir='ltr' id='par_1_41' title="bbox 384 3759 2039 3832">
     <span class='ocr_line' id='line_1_42' title="bbox 384 3759 2039 3832; baseline -0.001 -17"><span class='ocrx_word' id='word_1_281' title='bbox 384 3759 502 3815; x_wconf 87' lang='lat' dir='ltr'>alia</span> <span class='ocrx_word' id='word_1_282' title='bbox 522 3765 656 3832; x_wconf 92' lang='lat' dir='ltr'>post</span> <span class='ocrx_word' id='word_1_283' title='bbox 676 3760 795 3815; x_wconf 90' lang='lat' dir='ltr'>alia</span> <span class='ocrx_word' id='word_1_284' title='bbox 821 3776 1072 3832; x_wconf 88' lang='lat' dir='ltr'>corpora</span> <span class='ocrx_word' id='word_1_285' title='bbox 1094 3761 1669 3832; x_wconf 87' lang='lat' dir='ltr'>commigrationem.</span> <span class='ocrx_word' id='word_1_286' title='bbox 1696 3761 1836 3815; x_wconf 88' lang='lat' dir='ltr'>Nam</span> <span class='ocrx_word' id='word_1_287' title='bbox 1871 3760 2039 3815; x_wconf 83' lang='lat' dir='ltr'>Bceo-</span> 
     </span>
    </p>
   </div>
   <div class='ocr_carea' id='block_1_42' title="bbox 382 3848 2036 3923">
    <p class='ocr_par' dir='ltr' id='par_1_42' title="bbox 382 3848 2036 3923">
     <span class='ocr_line' id='line_1_43' title="bbox 382 3848 2036 3923; baseline 0 -20"><span class='ocrx_word' id='word_1_288' title='bbox 382 3854 580 3904; x_wconf 90' lang='lat' dir='ltr'>torum</span> <span class='ocrx_word' id='word_1_289' title='bbox 637 3865 913 3904; x_wconf 88' lang='lat' dir='ltr'>sermone</span> <span class='ocrx_word' id='word_1_290' title='bbox 968 3850 1211 3923; x_wconf 88' lang='lat' dir='ltr'>Satyrus</span> <span class='ocrx_word' id='word_1_291' title='bbox 1269 3850 1484 3905; x_wconf 66' lang='lat' dir='ltr'>anima:</span> <span class='ocrx_word' id='word_1_292' title='bbox 1543 3850 1605 3904; x_wconf 91' lang='lat' dir='ltr'>in</span> <span class='ocrx_word' id='word_1_293' title='bbox 1663 3849 1826 3904; x_wconf 87' lang='lat' dir='ltr'>aliud</span> <span class='ocrx_word' id='word_1_294' title='bbox 1863 3848 2036 3903; x_wconf 82' lang='lat' dir='ltr'>vilius</span> 
     </span>
    </p>
   </div>
   <div class='ocr_carea' id='block_1_43' title="bbox 378 3937 2037 4009">
    <p class='ocr_par' dir='ltr' id='par_1_43' title="bbox 378 3937 2037 4009">
     <span class='ocr_line' id='line_1_44' title="bbox 378 3937 2037 4009; baseline 0.001 -18"><span class='ocrx_word' id='word_1_295' title='bbox 378 3953 591 4009; x_wconf 81' lang='lat' dir='ltr'>corpus</span> <span class='ocrx_word' id='word_1_296' title='bbox 621 3937 1040 4009; x_wconf 84' lang='lat' dir='ltr'>migrationem</span> <span class='ocrx_word' id='word_1_297' title='bbox 1076 3939 1170 3996; x_wconf 74' lang='lat'><strong>45</strong></span> <span class='ocrx_word' id='word_1_298' title='bbox 1210 3939 1525 4007; x_wconf 78' lang='lat' dir='ltr'>signiﬁcat.</span> <span class='ocrx_word' id='word_1_299' title='bbox 1560 3941 1701 3995; x_wconf 89' lang='lat' dir='ltr'>Post</span> <span class='ocrx_word' id='word_1_300' title='bbox 1724 3938 1832 3992; x_wconf 83' lang='lat' dir='ltr'>bos</span> <span class='ocrx_word' id='word_1_301' title='bbox 1856 3938 2037 3993; x_wconf 90' lang='lat' dir='ltr'>musi-</span> 
     </span>
    </p>
   </div>
   <div class='ocr_carea' id='block_1_44' title="bbox 378 4027 2037 4099">
    <p class='ocr_par' dir='ltr' id='par_1_44' title="bbox 378 4027 2037 4099">
     <span class='ocr_line' id='line_1_45' title="bbox 378 4027 2037 4099; baseline 0.001 -18"><span class='ocrx_word' id='word_1_302' title='bbox 378 4042 500 4093; x_wconf 90' lang='lat' dir='ltr'>cos,</span> <span class='ocrx_word' id='word_1_303' title='bbox 530 4027 569 4080; x_wconf 92' lang='lat' dir='ltr'>ii</span> <span class='ocrx_word' id='word_1_304' title='bbox 602 4027 703 4098; x_wconf 91' lang='lat' dir='ltr'>qui</span> <span class='ocrx_word' id='word_1_305' title='bbox 736 4044 807 4082; x_wconf 82' lang='lat' dir='ltr'>ex</span> <span class='ocrx_word' id='word_1_306' title='bbox 838 4044 1045 4082; x_wconf 90' lang='lat' dir='ltr'>eorum</span> <span class='ocrx_word' id='word_1_307' title='bbox 1078 4027 1261 4099; x_wconf 89' lang='lat' dir='ltr'>stirpe</span> <span class='ocrx_word' id='word_1_308' title='bbox 1291 4029 1585 4099; x_wconf 88' lang='lat' dir='ltr'>procreati</span> <span class='ocrx_word' id='word_1_309' title='bbox 1618 4033 1757 4083; x_wconf 89' lang='lat' dir='ltr'>sunt</span> <span class='ocrx_word' id='word_1_310' title='bbox 1785 4027 1846 4082; x_wconf 90' lang='lat' dir='ltr'>in</span> <span class='ocrx_word' id='word_1_311' title='bbox 1884 4027 2037 4082; x_wconf 88' lang='lat' dir='ltr'>The-</span> 
     </span>
    </p>
   </div>
   <div class='ocr_carea' id='block_1_45' title="bbox 378 4114 2032 4189">
    <p class='ocr_par' dir='ltr' id='par_1_45' title="bbox 378 4114 2032 4189">
     <span class='ocr_line' id='line_1_46' title="bbox 378 4114 2032 4189; baseline 0.001 -20"><span class='ocrx_word' id='word_1_312' title='bbox 378 4114 564 4170; x_wconf 90' lang='lat' dir='ltr'>banos</span> <span class='ocrx_word' id='word_1_313' title='bbox 594 4131 845 4189; x_wconf 88' lang='lat' dir='ltr'>regnum</span> <span class='ocrx_word' id='word_1_314' title='bbox 908 4116 1300 4172; x_wconf 90' lang='lat' dir='ltr'>obtinuerunt</span> <span class='ocrx_word' id='word_1_315' title='bbox 1355 4134 1544 4189; x_wconf 90' lang='lat' dir='ltr'>usque</span> <span class='ocrx_word' id='word_1_316' title='bbox 1598 4117 1673 4172; x_wconf 93' lang='lat' dir='ltr'>ad</span> <span class='ocrx_word' id='word_1_317' title='bbox 1720 4117 2032 4188; x_wconf 87' lang='lat' dir='ltr'>()Edipum,</span> 
     </span>
    </p>
   </div>
   <div class='ocr_carea' id='block_1_46' title="bbox 376 4205 2034 4263">
    <p class='ocr_par' dir='ltr' id='par_1_46' title="bbox 376 4205 2034 4263">
     <span class='ocr_line' id='line_1_47' title="bbox 376 4205 2034 4263; baseline 0.002 -5"><span class='ocrx_word' id='word_1_318' title='bbox 376 4205 623 4260; x_wconf 76' lang='lat' dir='ltr'>Jocastm</span> <span class='ocrx_word' id='word_1_319' title='bbox 648 4212 706 4261; x_wconf 90' lang='lat' dir='ltr'>et</span> <span class='ocrx_word' id='word_1_320' title='bbox 724 4205 845 4261; x_wconf 88' lang='lat' dir='ltr'>Laii</span> <span class='ocrx_word' id='word_1_321' title='bbox 872 4206 1080 4262; x_wconf 90' lang='lat' dir='ltr'>ﬁlium.</span> <span class='ocrx_word' id='word_1_322' title='bbox 1107 4207 1339 4262; x_wconf 88' lang='lat' dir='ltr'>Etenim</span> <span class='ocrx_word' id='word_1_323' title='bbox 1366 4206 1536 4263; x_wconf 83' lang='lat' dir='ltr'>Laius</span> <span class='ocrx_word' id='word_1_324' title='bbox 1581 4223 1684 4262; x_wconf 88' lang='lat' dir='ltr'>rex</span> <span class='ocrx_word' id='word_1_325' title='bbox 1724 4205 2034 4262; x_wconf 85' lang='lat' dir='ltr'>Thebano-</span> 
     </span>
    </p>
   </div>
   <div class='ocr_carea' id='block_1_47' title="bbox 375 4293 2031 4365">
    <p class='ocr_par' dir='ltr' id='par_1_47' title="bbox 375 4293 2031 4365">
     <span class='ocr_line' id='line_1_48' title="bbox 375 4293 2031 4365; baseline 0.001 -18"><span class='ocrx_word' id='word_1_326' title='bbox 375 4309 509 4348; x_wconf 89' lang='lat' dir='ltr'>rum</span> <span class='ocrx_word' id='word_1_327' title='bbox 533 4293 791 4365; x_wconf 90' lang='lat' dir='ltr'>primum</span> <span class='ocrx_word' id='word_1_328' title='bbox 816 4311 887 4350; x_wconf 85' lang='lat' dir='ltr'>ex</span> <span class='ocrx_word' id='word_1_329' title='bbox 908 4296 1142 4352; x_wconf 73' lang='lat' dir='ltr'>locasta</span> <span class='ocrx_word' id='word_1_330' title='bbox 1163 4313 1345 4352; x_wconf 86' lang='lat' dir='ltr'>uxore</span> <span class='ocrx_word' id='word_1_331' title='bbox 1366 4297 1556 4351; x_wconf 86' lang='lat' dir='ltr'>ﬁlium</span> <span class='ocrx_word' id='word_1_332' title='bbox 1576 4297 1777 4351; x_wconf 84' lang='lat' dir='ltr'>Jocam</span> <span class='ocrx_word' id='word_1_333' title='bbox 1835 4301 2031 4350; x_wconf 89' lang='lat' dir='ltr'>sustu-</span> 
     </span>
    </p>
   </div>
   <div class='ocr_carea' id='block_1_48' title="bbox 379 4384 2033 4455">
    <p class='ocr_par' dir='ltr' id='par_1_48' title="bbox 379 4384 2033 4455">
     <span class='ocr_line' id='line_1_49' title="bbox 379 4384 2033 4455; baseline 0.001 -18"><span class='ocrx_word' id='word_1_334' title='bbox 379 4384 533 4438; x_wconf 89' lang='lat' dir='ltr'>lerat</span> <span class='ocrx_word' id='word_1_335' title='bbox 555 4402 570 4451; x_wconf 88' lang='lat'><strong>;</strong></span> <span class='ocrx_word' id='word_1_336' title='bbox 591 4384 663 4439; x_wconf 92' lang='lat' dir='ltr'>de</span> <span class='ocrx_word' id='word_1_337' title='bbox 685 4402 800 4455; x_wconf 90' lang='lat' dir='ltr'>quo</span> <span class='ocrx_word' id='word_1_338' title='bbox 823 4402 959 4440; x_wconf 90' lang='lat' dir='ltr'>cum</span> <span class='ocrx_word' id='word_1_339' title='bbox 995 4386 1236 4442; x_wconf 90' lang='lat' dir='ltr'>oraculo</span> <span class='ocrx_word' id='word_1_340' title='bbox 1294 4388 1554 4441; x_wconf 90' lang='lat' dir='ltr'>monitus</span> <span class='ocrx_word' id='word_1_341' title='bbox 1599 4392 1777 4453; x_wconf 86' lang='lat' dir='ltr'>esset,</span> <span class='ocrx_word' id='word_1_342' title='bbox 1809 4384 1934 4441; x_wconf 89' lang='lat' dir='ltr'>fore</span> <span class='ocrx_word' id='word_1_343' title='bbox 1967 4388 2033 4439; x_wconf 91' lang='lat' dir='ltr'>ut</span> 
     </span>
    </p>
   </div>
   <div class='ocr_carea' id='block_1_49' title="bbox 378 4473 2032 4548">
    <p class='ocr_par' dir='ltr' id='par_1_49' title="bbox 378 4473 2032 4548">
     <span class='ocr_line' id='line_1_50' title="bbox 378 4473 2032 4548; baseline 0.001 -21"><span class='ocrx_word' id='word_1_344' title='bbox 378 4473 431 4528; x_wconf 91' lang='lat' dir='ltr'>is</span> <span class='ocrx_word' id='word_1_345' title='bbox 459 4488 594 4528; x_wconf 89' lang='lat' dir='ltr'>cum</span> <span class='ocrx_word' id='word_1_346' title='bbox 628 4475 872 4545; x_wconf 89' lang='lat' dir='ltr'>pr0pria</span> <span class='ocrx_word' id='word_1_347' title='bbox 903 4482 1092 4531; x_wconf 88' lang='lat' dir='ltr'>matre</span> <span class='ocrx_word' id='word_1_348' title='bbox 1113 4475 1559 4541; x_wconf 90' lang='lat' dir='ltr'>concumberet,</span> <span class='ocrx_word' id='word_1_349' title='bbox 1604 4475 1817 4548; x_wconf 90' lang='lat' dir='ltr'>ligneis</span> <span class='ocrx_word' id='word_1_350' title='bbox 1866 4490 2032 4529; x_wconf 91' lang='lat' dir='ltr'>com-</span> 
     </span>
    </p>
   </div>
   <div class='ocr_carea' id='block_1_50' title="bbox 2160 523 3815 603">
    <p class='ocr_par' dir='ltr' id='par_1_50' title="bbox 2160 523 3815 603">
     <span class='ocr_line' id='line_1_51' title="bbox 2160 523 3815 603; baseline 0.001 -23"><span class='ocrx_word' id='word_1_351' title='bbox 2160 527 2312 589; x_wconf 81' lang='grc' dir='ltr'>τινάς</span> <span class='ocrx_word' id='word_1_352' title='bbox 2372 527 2686 599; x_wconf 80' lang='grc' dir='ltr'>θαυμασίων</span> <span class='ocrx_word' id='word_1_353' title='bbox 2761 523 2936 603; x_wconf 76' lang='grc' dir='ltr'>ἔργων</span> <span class='ocrx_word' id='word_1_354' title='bbox 3025 526 3113 582; x_wconf 88' lang='grc' dir='ltr'>καὶ</span> <span class='ocrx_word' id='word_1_355' title='bbox 3178 526 3443 601; x_wconf 87' lang='grc' dir='ltr'>πολέμων</span> <span class='ocrx_word' id='word_1_356' title='bbox 3506 527 3558 583; x_wconf 76' lang='grc' dir='ltr'>ἐν</span> <span class='ocrx_word' id='word_1_357' title='bbox 3628 527 3815 590; x_wconf 82' lang='grc' dir='ltr'>αὐτοῖς</span> 
     </span>
    </p>
   </div>
   <div class='ocr_carea' id='block_1_51' title="bbox 2160 614 3815 693">
    <p class='ocr_par' dir='ltr' id='par_1_51' title="bbox 2160 614 3815 693">
     <span class='ocr_line' id='line_1_52' title="bbox 2160 614 3815 693; baseline 0.001 -23"><span class='ocrx_word' id='word_1_358' title='bbox 2160 614 2544 686; x_wconf 77' lang='grc' dir='ltr'>ἐπιδείξασθαι.</span> <span class='ocrx_word' id='word_1_359' title='bbox 2607 618 2759 675; x_wconf 83' lang='grc' dir='ltr'><strong>Μετὰ</strong></span> <span class='ocrx_word' id='word_1_360' title='bbox 2817 615 2984 673; x_wconf 73' lang='grc' dir='ltr'>ταῦτα</span> <span class='ocrx_word' id='word_1_361' title='bbox 3067 615 3157 673; x_wconf 83' lang='grc' dir='ltr'>ἐπὶ</span> <span class='ocrx_word' id='word_1_362' title='bbox 3242 617 3439 682; x_wconf 82' lang='grc' dir='ltr'>Πενθέα</span> <span class='ocrx_word' id='word_1_363' title='bbox 3497 616 3815 693; x_wconf 64' lang='grc' dir='ltr'>σὺνόχλῳ</span> 
     </span>
    </p>
   </div>
   <div class='ocr_carea' id='block_1_52' title="bbox 2165 701 3817 783">
    <p class='ocr_par' dir='ltr' id='par_1_52' title="bbox 2165 701 3817 783">
     <span class='ocr_line' id='line_1_53' title="bbox 2165 701 3817 783; baseline 0.002 -23"><span class='ocrx_word' id='word_1_364' title='bbox 2165 706 2322 781; x_wconf 83' lang='grc' dir='ltr'>βαρεῖ</span> <span class='ocrx_word' id='word_1_365' title='bbox 2350 701 2593 782; x_wconf 78' lang='grc' dir='ltr'>ἔρχεται,</span> <span class='ocrx_word' id='word_1_366' title='bbox 2646 708 2731 762; x_wconf 83' lang='grc' dir='ltr'>καὶ</span> <span class='ocrx_word' id='word_1_367' title='bbox 2800 705 2928 768; x_wconf 79' lang='grc' dir='ltr'>τοὺς</span> <span class='ocrx_word' id='word_1_368' title='bbox 2990 708 3086 782; x_wconf 76' lang='grc' dir='ltr'>μὶν</span> <span class='ocrx_word' id='word_1_369' title='bbox 3126 704 3322 783; x_wconf 79' lang='grc' dir='ltr'>ἄνδρας</span> <span class='ocrx_word' id='word_1_370' title='bbox 3380 708 3633 782; x_wconf 81' lang='grc' dir='ltr'>σκιρτοὺς</span> <span class='ocrx_word' id='word_1_371' title='bbox 3690 708 3817 763; x_wconf 80' lang='grc' dir='ltr'>ἐκά-</span> 
     </span>
    </p>
   </div>
   <div class='ocr_carea' id='block_1_53' title="bbox 2160 793 3816 874">
    <p class='ocr_par' dir='ltr' id='par_1_53' title="bbox 2160 793 3816 874">
     <span class='ocr_line' id='line_1_54' title="bbox 2160 793 3816 874; baseline 0.002 -24"><span class='ocrx_word' id='word_1_372' title='bbox 2160 794 2284 851; x_wconf 88' lang='grc' dir='ltr'>λεσε</span> <span class='ocrx_word' id='word_1_373' title='bbox 2313 793 2403 851; x_wconf 79' lang='grc' dir='ltr'>διὰ</span> <span class='ocrx_word' id='word_1_374' title='bbox 2437 796 2502 851; x_wconf 83' lang='grc' dir='ltr'>τὸ</span> <span class='ocrx_word' id='word_1_375' title='bbox 2558 794 2823 852; x_wconf 74' lang='grc' dir='ltr'>ἅλλεσθαι</span> <span class='ocrx_word' id='word_1_376' title='bbox 2883 796 2974 853; x_wconf 84' lang='grc' dir='ltr'>καὶ</span> <span class='ocrx_word' id='word_1_377' title='bbox 3030 795 3232 869; x_wconf 81' lang='grc' dir='ltr'>πηδᾷν,</span> <span class='ocrx_word' id='word_1_378' title='bbox 3292 798 3388 860; x_wconf 85' lang='grc' dir='ltr'>τὰς</span> <span class='ocrx_word' id='word_1_379' title='bbox 3435 795 3493 854; x_wconf 68' lang='grc' dir='ltr'>δὲ</span> <span class='ocrx_word' id='word_1_380' title='bbox 3552 803 3816 874; x_wconf 86' lang='grc' dir='ltr'>γυναῖκας</span> 
     </span>
    </p>
   </div>
   <div class='ocr_carea' id='block_1_54' title="bbox 2161 884 3814 965">
    <p class='ocr_par' dir='ltr' id='par_1_54' title="bbox 2161 884 3814 965">
     <span class='ocr_line' id='line_1_55' title="bbox 2161 884 3814 965; baseline 0.004 -28"><span class='ocrx_word' id='word_1_381' title='bbox 2161 884 2396 959; x_wconf 88' lang='grc' dir='ltr'>βάκχας.</span> <span class='ocrx_word' id='word_1_382' title='bbox 2447 887 2565 956; x_wconf 75' lang='grc' dir='ltr'>Τήν</span> <span class='ocrx_word' id='word_1_383' title='bbox 2621 906 2679 940; x_wconf 89' lang='grc' dir='ltr'>τε</span> <span class='ocrx_word' id='word_1_384' title='bbox 2727 890 2835 941; x_wconf 82' lang='grc' dir='ltr'>τῶν</span> <span class='ocrx_word' id='word_1_385' title='bbox 2896 889 3153 945; x_wconf 83' lang='grc' dir='ltr'>Βοιωτῶν</span> <span class='ocrx_word' id='word_1_386' title='bbox 3190 884 3470 961; x_wconf 84' lang='grc' dir='ltr'>βασιλείαν</span> <span class='ocrx_word' id='word_1_387' title='bbox 3504 889 3814 965; x_wconf 79' lang='grc' dir='ltr'>σφετεριζό-</span> 
     </span>
    </p>
   </div>
   <div class='ocr_carea' id='block_1_55' title="bbox 2161 971 3814 1054">
    <p class='ocr_par' dir='ltr' id='par_1_55' title="bbox 2161 971 3814 1054">
     <span class='ocr_line' id='line_1_56' title="bbox 2161 971 3814 1054; baseline 0.002 -25"><span class='ocrx_word' id='word_1_388' title='bbox 2161 995 2321 1047; x_wconf 84' lang='grc' dir='ltr'>μενος</span> <span class='ocrx_word' id='word_1_389' title='bbox 2374 976 2509 1049; x_wconf 81' lang='grc' dir='ltr'>μετὰ</span> <span class='ocrx_word' id='word_1_390' title='bbox 2566 978 2806 1039; x_wconf 88' lang='grc' dir='ltr'>Πενθέως</span> <span class='ocrx_word' id='word_1_391' title='bbox 2862 975 3110 1051; x_wconf 86' lang='grc' dir='ltr'>πόλεμον</span> <span class='ocrx_word' id='word_1_392' title='bbox 3143 971 3442 1051; x_wconf 76' lang='grc' dir='ltr'>συμϐαλὼν</span> <span class='ocrx_word' id='word_1_393' title='bbox 3472 982 3814 1054; x_wconf 75' lang='grc' dir='ltr'>χειροῦνται,</span> 
     </span>
    </p>
   </div>
   <div class='ocr_carea' id='block_1_56' title="bbox 2158 1063 3814 1142">
    <p class='ocr_par' dir='ltr' id='par_1_56' title="bbox 2158 1063 3814 1142">
     <span class='ocr_line' id='line_1_57' title="bbox 2158 1063 3814 1142; baseline 0.002 -23"><span class='ocrx_word' id='word_1_394' title='bbox 2158 1064 2262 1120; x_wconf 82' lang='grc' dir='ltr'>ὑπὸ</span> <span class='ocrx_word' id='word_1_395' title='bbox 2293 1063 2351 1120; x_wconf 76' lang='grc' dir='ltr'>δὶ</span> <span class='ocrx_word' id='word_1_396' title='bbox 2379 1064 2622 1141; x_wconf 84' lang='grc' dir='ltr'>Ἀγαύης</span> <span class='ocrx_word' id='word_1_397' title='bbox 2670 1073 2770 1135; x_wconf 85' lang='grc' dir='ltr'>τῆς</span> <span class='ocrx_word' id='word_1_398' title='bbox 2814 1063 3058 1130; x_wconf 79' lang='grc' dir='ltr'>Πενθέως</span> <span class='ocrx_word' id='word_1_399' title='bbox 3112 1067 3321 1142; x_wconf 81' lang='grc' dir='ltr'>μητρὸς</span> <span class='ocrx_word' id='word_1_400' title='bbox 3353 1066 3428 1130; x_wconf 85' lang='grc' dir='ltr'>ὠς</span> <span class='ocrx_word' id='word_1_401' title='bbox 3459 1067 3604 1129; x_wconf 88' lang='grc' dir='ltr'>θείας</span> <span class='ocrx_word' id='word_1_402' title='bbox 3638 1065 3814 1138; x_wconf 69' lang='grc' dir='ltr'>οὔσης</span> 
     </span>
    </p>
   </div>
   <div class='ocr_carea' id='block_1_57' title="bbox 2157 1152 3818 1230">
    <p class='ocr_par' dir='ltr' id='par_1_57' title="bbox 2157 1152 3818 1230">
     <span class='ocr_line' id='line_1_58' title="bbox 2157 1152 3818 1230; baseline 0.002 -22"><span class='ocrx_word' id='word_1_403' title='bbox 2157 1154 2418 1209; x_wconf 75' lang='grc' dir='ltr'>Διονύσου</span> <span class='ocrx_word' id='word_1_404' title='bbox 2476 1153 2769 1230; x_wconf 82' lang='grc' dir='ltr'>λυτροῢται</span> <span class='ocrx_word' id='word_1_405' title='bbox 2823 1159 2931 1211; x_wconf 80' lang='grc' dir='ltr'>τῶν</span> <span class='ocrx_word' id='word_1_406' title='bbox 3015 1152 3248 1229; x_wconf 82' lang='grc' dir='ltr'>δεσμῶν.</span> <span class='ocrx_word' id='word_1_407' title='bbox 3308 1157 3458 1229; x_wconf 77' lang='grc' dir='ltr'>Μετὰ</span> <span class='ocrx_word' id='word_1_408' title='bbox 3510 1160 3676 1212; x_wconf 82' lang='grc' dir='ltr'>τσῦτα</span> <span class='ocrx_word' id='word_1_409' title='bbox 3734 1155 3818 1212; x_wconf 71' lang='grc' dir='ltr'>ἰν-</span> 
     </span>
    </p>
   </div>
   <div class='ocr_carea' id='block_1_58' title="bbox 2152 1235 3812 1317">
    <p class='ocr_par' dir='ltr' id='par_1_58' title="bbox 2152 1235 3812 1317">
     <span class='ocr_line' id='line_1_59' title="bbox 2152 1235 3812 1317; baseline 0.002 -21"><span class='ocrx_word' id='word_1_410' title='bbox 2152 1235 2411 1317; x_wconf 75' lang='grc' dir='ltr'>εδρεύσας</span> <span class='ocrx_word' id='word_1_411' title='bbox 2442 1243 2742 1299; x_wconf 79' lang='grc' dir='ltr'>ἀποκτείνει</span> <span class='ocrx_word' id='word_1_412' title='bbox 2794 1245 3015 1309; x_wconf 82' lang='grc' dir='ltr'>Ηενθέα.</span> <span class='ocrx_word' id='word_1_413' title='bbox 3073 1247 3195 1302; x_wconf 85' lang='grc' dir='ltr'>Τῶν</span> <span class='ocrx_word' id='word_1_414' title='bbox 3252 1243 3310 1300; x_wconf 73' lang='grc' dir='ltr'>δέ</span> <span class='ocrx_word' id='word_1_415' title='bbox 3364 1250 3616 1302; x_wconf 80' lang='grc' dir='ltr'>Βοιωτῶν</span> <span class='ocrx_word' id='word_1_416' title='bbox 3649 1244 3812 1302; x_wconf 75' lang='grc' dir='ltr'>αὐτὸν</span> 
     </span>
    </p>
   </div>
   <div class='ocr_carea' id='block_1_59' title="bbox 2160 1330 3816 1413">
    <p class='ocr_par' dir='ltr' id='par_1_59' title="bbox 2160 1330 3816 1413">
     <span class='ocr_line' id='line_1_60' title="bbox 2160 1330 3816 1413; baseline 0.003 -27"><span class='ocrx_word' id='word_1_417' title='bbox 2160 1330 2386 1407; x_wconf 86' lang='grc' dir='ltr'>βασιλέα</span> <span class='ocrx_word' id='word_1_418' title='bbox 2445 1333 2523 1409; x_wconf 79' lang='grc' dir='ltr'>μή</span> <span class='ocrx_word' id='word_1_419' title='bbox 2581 1330 3045 1409; x_wconf 71' lang='grc' dir='ltr'>παραδεχομένων</span> <span class='ocrx_word' id='word_1_420' title='bbox 3104 1333 3180 1397; x_wconf 77' lang='grc' dir='ltr'>είς</span> <span class='ocrx_word' id='word_1_421' title='bbox 3241 1331 3481 1412; x_wconf 79' lang='grc' dir='ltr'>Δελφοὺς</span> <span class='ocrx_word' id='word_1_422' title='bbox 3512 1337 3816 1413; x_wconf 86' lang='grc' dir='ltr'>ἀπέρχεται</span> 
     </span>
    </p>
   </div>
   <div class='ocr_carea' id='block_1_60' title="bbox 2154 1419 3813 1497">
    <p class='ocr_par' dir='ltr' id='par_1_60' title="bbox 2154 1419 3813 1497">
     <span class='ocr_line' id='line_1_61' title="bbox 2154 1419 3813 1497; baseline 0.004 -21"><span class='ocrx_word' id='word_1_423' title='bbox 2154 1419 2244 1476; x_wconf 85' lang='grc' dir='ltr'>καὶ</span> <span class='ocrx_word' id='word_1_424' title='bbox 2286 1421 2459 1485; x_wconf 86' lang='grc' dir='ltr'>θανὼν</span> <span class='ocrx_word' id='word_1_425' title='bbox 2517 1421 2795 1487; x_wconf 75' lang='grc' dir='ltr'>θάπτεται.</span> <span class='ocrx_word' id='word_1_426' title='bbox 2858 1422 3010 1480; x_wconf 82' lang='grc' dir='ltr'>Μετᾶ</span> <span class='ocrx_word' id='word_1_427' title='bbox 3065 1420 3288 1497; x_wconf 84' lang='grc' dir='ltr'>Κάδμον</span> <span class='ocrx_word' id='word_1_428' title='bbox 3343 1419 3659 1481; x_wconf 80' lang='grc' dir='ltr'>ἐϐασίλευσε</span> <span class='ocrx_word' id='word_1_429' title='bbox 3707 1431 3813 1496; x_wconf 79' lang='grc' dir='ltr'>τῆς</span> 
     </span>
    </p>
   </div>
   <div class='ocr_carea' id='block_1_61' title="bbox 2158 1510 3810 1590">
    <p class='ocr_par' dir='ltr' id='par_1_61' title="bbox 2158 1510 3810 1590">
     <span class='ocr_line' id='line_1_62' title="bbox 2158 1510 3810 1590; baseline 0.001 -22"><span class='ocrx_word' id='word_1_430' title='bbox 2158 1510 2426 1568; x_wconf 77' lang='grc' dir='ltr'>Βοιωτίας</span> <span class='ocrx_word' id='word_1_431' title='bbox 2459 1512 2718 1577; x_wconf 85' lang='grc' dir='ltr'>Νυκτεύς.</span> <span class='ocrx_word' id='word_1_432' title='bbox 2772 1512 2983 1570; x_wconf 85' lang='grc' dir='ltr'>Τούτου</span> <span class='ocrx_word' id='word_1_433' title='bbox 3038 1515 3138 1583; x_wconf 77' lang='grc' dir='ltr'>τήν</span> <span class='ocrx_word' id='word_1_434' title='bbox 3199 1516 3467 1590; x_wconf 90' lang='grc' dir='ltr'>θυγατέρα</span> <span class='ocrx_word' id='word_1_435' title='bbox 3499 1515 3810 1586; x_wconf 81' lang='grc' dir='ltr'>Ἀντιόπην,</span> 
     </span>
    </p>
   </div>
   <div class='ocr_carea' id='block_1_62' title="bbox 2157 1598 3811 1680">
    <p class='ocr_par' dir='ltr' id='par_1_62' title="bbox 2157 1598 3811 1680">
     <span class='ocr_line' id='line_1_63' title="bbox 2157 1598 3811 1680; baseline 0.004 -25"><span class='ocrx_word' id='word_1_436' title='bbox 2157 1601 2354 1673; x_wconf 80' lang='grc' dir='ltr'>ἱέρειαν</span> <span class='ocrx_word' id='word_1_437' title='bbox 2388 1601 2546 1657; x_wconf 80' lang='grc' dir='ltr'>οὖσαν</span> <span class='ocrx_word' id='word_1_438' title='bbox 2578 1600 2676 1656; x_wconf 80' lang='grc' dir='ltr'>τοῦ</span> <span class='ocrx_word' id='word_1_439' title='bbox 2728 1600 2943 1670; x_wconf 85' lang='grc' dir='ltr'>Ἠλίου,</span> <span class='ocrx_word' id='word_1_440' title='bbox 3002 1598 3257 1666; x_wconf 78' lang='grc' dir='ltr'>Θεόϐοιος</span> <span class='ocrx_word' id='word_1_441' title='bbox 3291 1604 3319 1658; x_wconf 87' lang='grc' dir='ltr'>ὁ</span> <span class='ocrx_word' id='word_1_442' title='bbox 3349 1603 3467 1667; x_wconf 77' lang='grc' dir='ltr'>υἱὸς</span> <span class='ocrx_word' id='word_1_443' title='bbox 3498 1606 3811 1680; x_wconf 86' lang='grc' dir='ltr'>Βράτωνος,</span> 
     </span>
    </p>
   </div>
   <div class='ocr_carea' id='block_1_63' title="bbox 2156 1688 3813 1773">
    <p class='ocr_par' dir='ltr' id='par_1_63' title="bbox 2156 1688 3813 1773">
     <span class='ocr_line' id='line_1_64' title="bbox 2156 1688 3813 1773; baseline 0.004 -28"><span class='ocrx_word' id='word_1_444' title='bbox 2156 1688 2216 1745; x_wconf 83' lang='grc' dir='ltr'>ὲκ</span> <span class='ocrx_word' id='word_1_445' title='bbox 2244 1694 2340 1745; x_wconf 81' lang='grc' dir='ltr'>τοῦ</span> <span class='ocrx_word' id='word_1_446' title='bbox 2372 1690 2560 1768; x_wconf 83' lang='grc' dir='ltr'>γένους</span> <span class='ocrx_word' id='word_1_447' title='bbox 2616 1696 2713 1748; x_wconf 76' lang='grc' dir='ltr'>τοῦ</span> <span class='ocrx_word' id='word_1_448' title='bbox 2760 1693 2885 1756; x_wconf 81' lang='grc' dir='ltr'>Διὸς</span> <span class='ocrx_word' id='word_1_449' title='bbox 2932 1694 3328 1770; x_wconf 78' lang='grc' dir='ltr'>καταγόμενος,</span> <span class='ocrx_word' id='word_1_450' title='bbox 3360 1691 3592 1773; x_wconf 77' lang='grc' dir='ltr'>ἀδελφὸς</span> <span class='ocrx_word' id='word_1_451' title='bbox 3624 1692 3681 1751; x_wconf 73' lang='grc' dir='ltr'>δέ</span> <span class='ocrx_word' id='word_1_452' title='bbox 3709 1700 3813 1751; x_wconf 82' lang='grc' dir='ltr'>τοῦ</span> 
     </span>
    </p>
   </div>
   <div class='ocr_carea' id='block_1_64' title="bbox 2153 1778 3811 1861">
    <p class='ocr_par' dir='ltr' id='par_1_64' title="bbox 2153 1778 3811 1861">
     <span class='ocr_line' id='line_1_65' title="bbox 2153 1778 3811 1861; baseline 0.002 -24"><span class='ocrx_word' id='word_1_453' title='bbox 2153 1780 2428 1853; x_wconf 76' lang='grc' dir='ltr'>Νυκτέως,</span> <span class='ocrx_word' id='word_1_454' title='bbox 2492 1782 2668 1855; x_wconf 81' lang='grc' dir='ltr'>μιγεὶς</span> <span class='ocrx_word' id='word_1_455' title='bbox 2720 1787 2882 1858; x_wconf 85' lang='grc' dir='ltr'>γεννᾷ</span> <span class='ocrx_word' id='word_1_456' title='bbox 2958 1778 3182 1856; x_wconf 79' lang='grc' dir='ltr'>δίδυμα,</span> <span class='ocrx_word' id='word_1_457' title='bbox 3264 1784 3550 1861; x_wconf 75' lang='grc' dir='ltr'>’Δμφίωνά</span> <span class='ocrx_word' id='word_1_458' title='bbox 3602 1806 3661 1841; x_wconf 90' lang='grc' dir='ltr'>τε</span> <span class='ocrx_word' id='word_1_459' title='bbox 3717 1786 3811 1859; x_wconf 61' lang='grc' dir='ltr'>καὶ</span> 
     </span>
    </p>
   </div>
   <div class='ocr_carea' id='block_1_65' title="bbox 2149 1868 3810 1948">
    <p class='ocr_par' dir='ltr' id='par_1_65' title="bbox 2149 1868 3810 1948">
     <span class='ocr_line' id='line_1_66' title="bbox 2149 1868 3810 1948; baseline 0.005 -25"><span class='ocrx_word' id='word_1_460' title='bbox 2149 1872 2344 1939; x_wconf 70' lang='grc' dir='ltr'>Ζῆθον,</span> <span class='ocrx_word' id='word_1_461' title='bbox 2379 1870 2470 1933; x_wconf 76' lang='grc' dir='ltr'>οὕς</span> <span class='ocrx_word' id='word_1_462' title='bbox 2519 1874 2588 1945; x_wconf 78' lang='grc' dir='ltr'>τῇ</span> <span class='ocrx_word' id='word_1_463' title='bbox 2641 1868 2886 1926; x_wconf 77' lang='grc' dir='ltr'>κελεύσει</span> <span class='ocrx_word' id='word_1_464' title='bbox 2932 1876 3029 1926; x_wconf 83' lang='grc' dir='ltr'>τοῦ</span> <span class='ocrx_word' id='word_1_465' title='bbox 3085 1870 3324 1947; x_wconf 69' lang='grc' dir='ltr'>ἀδελφοῦ</span> <span class='ocrx_word' id='word_1_466' title='bbox 3377 1872 3626 1948; x_wconf 82' lang='grc' dir='ltr'>ῥίπτουσι</span> <span class='ocrx_word' id='word_1_467' title='bbox 3658 1875 3810 1946; x_wconf 83' lang='grc' dir='ltr'>πλη-</span> 
     </span>
    </p>
   </div>
   <div class='ocr_carea' id='block_1_66' title="bbox 2150 1959 3812 2041">
    <p class='ocr_par' dir='ltr' id='par_1_66' title="bbox 2150 1959 3812 2041">
     <span class='ocr_line' id='line_1_67' title="bbox 2150 1959 3812 2041; baseline 0.003 -25"><span class='ocrx_word' id='word_1_468' title='bbox 2150 1960 2272 2017; x_wconf 86' lang='grc' dir='ltr'>σίον</span> <span class='ocrx_word' id='word_1_469' title='bbox 2324 1965 2422 2017; x_wconf 80' lang='grc' dir='ltr'>τοῦ</span> <span class='ocrx_word' id='word_1_470' title='bbox 2478 1962 2861 2039; x_wconf 83' lang='grc' dir='ltr'>Κιθαιρωνείου</span> <span class='ocrx_word' id='word_1_471' title='bbox 2920 1959 3104 2039; x_wconf 80' lang='grc' dir='ltr'>ὅρους.</span> <span class='ocrx_word' id='word_1_472' title='bbox 3164 1961 3392 2038; x_wconf 85' lang='grc' dir='ltr'>Ὀρδίων</span> <span class='ocrx_word' id='word_1_473' title='bbox 3440 1963 3498 2020; x_wconf 86' lang='grc' dir='ltr'>δέ</span> <span class='ocrx_word' id='word_1_474' title='bbox 3526 1987 3609 2028; x_wconf 88' lang='grc' dir='ltr'>τις</span> <span class='ocrx_word' id='word_1_475' title='bbox 3639 1987 3812 2041; x_wconf 86' lang='grc' dir='ltr'>γεωρ-</span> 
     </span>
    </p>
   </div>
   <div class='ocr_carea' id='block_1_67' title="bbox 2148 2047 3808 2129">
    <p class='ocr_par' dir='ltr' id='par_1_67' title="bbox 2148 2047 3808 2129">
     <span class='ocr_line' id='line_1_68' title="bbox 2148 2047 3808 2129; baseline 0.008 -25"><span class='ocrx_word' id='word_1_476' title='bbox 2148 2053 2243 2127; x_wconf 86' lang='grc' dir='ltr'>γὸς</span> <span class='ocrx_word' id='word_1_477' title='bbox 2273 2049 2435 2113; x_wconf 75' lang='grc' dir='ltr'>ἅπαις</span> <span class='ocrx_word' id='word_1_478' title='bbox 2492 2049 2568 2105; x_wconf 79' lang='grc' dir='ltr'>ὢν</span> <span class='ocrx_word' id='word_1_479' title='bbox 2625 2047 2916 2108; x_wconf 79' lang='grc' dir='ltr'>ανελάϐετο</span> <span class='ocrx_word' id='word_1_480' title='bbox 2972 2053 3062 2108; x_wconf 84' lang='grc' dir='ltr'>καὶ</span> <span class='ocrx_word' id='word_1_481' title='bbox 3117 2051 3448 2129; x_wconf 83' lang='grc' dir='ltr'>ἀνεθρέψατο</span> <span class='ocrx_word' id='word_1_482' title='bbox 3497 2055 3649 2113; x_wconf 81' lang='grc' dir='ltr'>αὐτά.</span> <span class='ocrx_word' id='word_1_483' title='bbox 3692 2057 3808 2125; x_wconf 76' lang='grc' dir='ltr'>Τῆς</span> 
     </span>
    </p>
   </div>
   <div class='ocr_carea' id='block_1_68' title="bbox 2150 2145 3807 2229">
    <p class='ocr_par' dir='ltr' id='par_1_68' title="bbox 2150 2145 3807 2229">
     <span class='ocr_line' id='line_1_69' title="bbox 2150 2145 3807 2229; baseline 0.003 -26"><span class='ocrx_word' id='word_1_484' title='bbox 2150 2145 2535 2221; x_wconf 77' lang='grc' dir='ltr'>δὲ’Δντιόπης</span> <span class='ocrx_word' id='word_1_485' title='bbox 2590 2151 2735 2225; x_wconf 84' lang='grc' dir='ltr'>παρὰ</span> <span class='ocrx_word' id='word_1_486' title='bbox 2788 2153 2858 2225; x_wconf 77' lang='grc' dir='ltr'>τῇ</span> <span class='ocrx_word' id='word_1_487' title='bbox 2908 2150 3075 2227; x_wconf 82' lang='grc' dir='ltr'>Δίρκῃ</span> <span class='ocrx_word' id='word_1_488' title='bbox 3132 2149 3549 2229; x_wconf 77' lang='grc' dir='ltr'>φυλαττομένης</span> <span class='ocrx_word' id='word_1_489' title='bbox 3607 2152 3693 2208; x_wconf 78' lang='grc' dir='ltr'>ἰπὶ</span> <span class='ocrx_word' id='word_1_490' title='bbox 3740 2153 3807 2209; x_wconf 84' lang='grc' dir='ltr'>τὸ</span> 
     </span>
    </p>
   </div>
   <div class='ocr_carea' id='block_1_69' title="bbox 2148 2236 3803 2316">
    <p class='ocr_par' dir='ltr' id='par_1_69' title="bbox 2148 2236 3803 2316">
     <span class='ocr_line' id='line_1_70' title="bbox 2148 2236 3803 2316; baseline 0.002 -24"><span class='ocrx_word' id='word_1_491' title='bbox 2148 2245 2540 2314; x_wconf 84' lang='grc' dir='ltr'>τιμωρηθῆναι</span> <span class='ocrx_word' id='word_1_492' title='bbox 2595 2236 2684 2294; x_wconf 80' lang='grc' dir='ltr'>διὰ</span> <span class='ocrx_word' id='word_1_493' title='bbox 2740 2237 2803 2295; x_wconf 75' lang='grc' dir='ltr'>τὰ</span> <span class='ocrx_word' id='word_1_494' title='bbox 2861 2246 3273 2314; x_wconf 77' lang='grc' dir='ltr'>παρανομῆσαι,</span> <span class='ocrx_word' id='word_1_495' title='bbox 3324 2241 3436 2297; x_wconf 80' lang='grc' dir='ltr'>ἐπεὶ</span> <span class='ocrx_word' id='word_1_496' title='bbox 3471 2239 3716 2316; x_wconf 87' lang='grc' dir='ltr'>πόλεμος</span> <span class='ocrx_word' id='word_1_497' title='bbox 3749 2241 3803 2298; x_wconf 81' lang='grc' dir='ltr'>έν</span> 
     </span>
    </p>
   </div>
   <div class='ocr_carea' id='block_1_70' title="bbox 2150 2326 3825 2407">
    <p class='ocr_par' dir='ltr' id='par_1_70' title="bbox 2150 2326 3825 2407">
     <span class='ocr_line' id='line_1_71' title="bbox 2150 2326 3825 2407; baseline 0.003 -25"><span class='ocrx_word' id='word_1_498' title='bbox 2150 2330 2221 2402; x_wconf 73' lang='grc' dir='ltr'>τῇ</span> <span class='ocrx_word' id='word_1_499' title='bbox 2254 2327 2518 2404; x_wconf 80' lang='grc' dir='ltr'>’Δργείων</span> <span class='ocrx_word' id='word_1_500' title='bbox 2553 2326 2781 2399; x_wconf 75' lang='grc' dir='ltr'>ἐκινήθη</span> <span class='ocrx_word' id='word_1_501' title='bbox 2836 2330 3016 2404; x_wconf 85' lang='grc' dir='ltr'>χώρᾳ,</span> <span class='ocrx_word' id='word_1_502' title='bbox 3077 2332 3175 2384; x_wconf 80' lang='grc' dir='ltr'>τοῦ</span> <span class='ocrx_word' id='word_1_503' title='bbox 3229 2331 3407 2391; x_wconf 82' lang='grc' dir='ltr'>Λύκου</span> <span class='ocrx_word' id='word_1_504' title='bbox 3462 2332 3825 2407; x_wconf 83' lang='grc' dir='ltr'>χρονίζοντος</span> 
     </span>
    </p>
   </div>
   <div class='ocr_carea' id='block_1_71' title="bbox 2150 2415 3833 2496">
    <p class='ocr_par' dir='ltr' id='par_1_71' title="bbox 2150 2415 3833 2496">
     <span class='ocr_line' id='line_1_72' title="bbox 2150 2415 3833 2496; baseline 0.003 -26"><span class='ocrx_word' id='word_1_505' title='bbox 2150 2415 2345 2487; x_wconf 74' lang='grc' dir='ltr'>έκεῖσε,</span> <span class='ocrx_word' id='word_1_506' title='bbox 2407 2418 2442 2486; x_wconf 73' lang='grc' dir='ltr'>ἡ</span> <span class='ocrx_word' id='word_1_507' title='bbox 2502 2418 2672 2492; x_wconf 84' lang='grc' dir='ltr'>Δίρκη</span> <span class='ocrx_word' id='word_1_508' title='bbox 2754 2418 2846 2472; x_wconf 86' lang='grc' dir='ltr'>τὸν</span> <span class='ocrx_word' id='word_1_509' title='bbox 2930 2417 3146 2476; x_wconf 82' lang='grc' dir='ltr'>Νυκτέα</span> <span class='ocrx_word' id='word_1_510' title='bbox 3217 2421 3576 2483; x_wconf 82' lang='grc' dir='ltr'>θωπευτικῶς</span> <span class='ocrx_word' id='word_1_511' title='bbox 3635 2422 3833 2496; x_wconf 82' lang='grc' dir='ltr'>ἠρώτα</span> 
     </span>
    </p>
   </div>
   <div class='ocr_carea' id='block_1_72' title="bbox 2148 2504 3822 2587">
    <p class='ocr_par' dir='ltr' id='par_1_72' title="bbox 2148 2504 3822 2587">
     <span class='ocr_line' id='line_1_73' title="bbox 2148 2504 3822 2587; baseline 0.003 -27"><span class='ocrx_word' id='word_1_512' title='bbox 2148 2504 2425 2560; x_wconf 78' lang='grc' dir='ltr'>ἀπολῦσαι</span> <span class='ocrx_word' id='word_1_513' title='bbox 2470 2506 2793 2576; x_wconf 79' lang='grc' dir='ltr'>’Δντιόπην.</span> <span class='ocrx_word' id='word_1_514' title='bbox 2844 2507 2905 2567; x_wconf 90' lang='grc' dir='ltr'>Ὁ</span> <span class='ocrx_word' id='word_1_515' title='bbox 2947 2504 3005 2562; x_wconf 72' lang='grc' dir='ltr'>δὲ</span> <span class='ocrx_word' id='word_1_516' title='bbox 3060 2506 3276 2581; x_wconf 83' lang='grc' dir='ltr'>μᾶλλον</span> <span class='ocrx_word' id='word_1_517' title='bbox 3309 2511 3602 2585; x_wconf 79' lang='grc' dir='ltr'>προσέταξε</span> <span class='ocrx_word' id='word_1_518' title='bbox 3630 2506 3822 2587; x_wconf 81' lang='grc' dir='ltr'>ταύρῳ</span> 
     </span>
    </p>
   </div>
   <div class='ocr_carea' id='block_1_73' title="bbox 2148 2592 3838 2672">
    <p class='ocr_par' dir='ltr' id='par_1_73' title="bbox 2148 2592 3838 2672">
     <span class='ocr_line' id='line_1_74' title="bbox 2148 2592 3838 2672; baseline 0.007 -24"><span class='ocrx_word' id='word_1_519' title='bbox 2148 2592 2328 2671; x_wconf 83' lang='grc' dir='ltr'>ἀγρίῳ</span> <span class='ocrx_word' id='word_1_520' title='bbox 2384 2596 2587 2664; x_wconf 86' lang='grc' dir='ltr'>ταύτην</span> <span class='ocrx_word' id='word_1_521' title='bbox 2641 2593 3011 2671; x_wconf 79' lang='grc' dir='ltr'>προσδεθῆναι</span> <span class='ocrx_word' id='word_1_522' title='bbox 3064 2597 3157 2652; x_wconf 80' lang='grc' dir='ltr'>καὶ</span> <span class='ocrx_word' id='word_1_523' title='bbox 3216 2596 3528 2668; x_wconf 69' lang='grc' dir='ltr'>ἀποθανεῖν,</span> <span class='ocrx_word' id='word_1_524' title='bbox 3591 2600 3666 2663; x_wconf 89' lang='grc' dir='ltr'>ὡς</span> <span class='ocrx_word' id='word_1_525' title='bbox 3719 2604 3838 2672; x_wconf 77' lang='grc' dir='ltr'>την</span> 
     </span>
    </p>
   </div>
   <div class='ocr_carea' id='block_1_74' title="bbox 2148 2678 3823 2759">
    <p class='ocr_par' dir='ltr' id='par_1_74' title="bbox 2148 2678 3823 2759">
     <span class='ocr_line' id='line_1_75' title="bbox 2148 2678 3823 2759; baseline 0.002 -21"><span class='ocrx_word' id='word_1_526' title='bbox 2148 2684 2438 2758; x_wconf 85' lang='grc' dir='ltr'>παρθενίαν</span> <span class='ocrx_word' id='word_1_527' title='bbox 2493 2678 2909 2759; x_wconf 78' lang='grc' dir='ltr'>βεϐηλώσασαν.</span> <span class='ocrx_word' id='word_1_528' title='bbox 2965 2686 3331 2750; x_wconf 76' lang='grc' dir='ltr'>Ἀκούσαντες</span> <span class='ocrx_word' id='word_1_529' title='bbox 3390 2684 3448 2743; x_wconf 70' lang='grc' dir='ltr'>δὲ</span> <span class='ocrx_word' id='word_1_530' title='bbox 3498 2692 3662 2745; x_wconf 83' lang='grc' dir='ltr'>τοῦτο</span> <span class='ocrx_word' id='word_1_531' title='bbox 3712 2694 3823 2759; x_wconf 78' lang='grc' dir='ltr'>Ζῆ-</span> 
     </span>
    </p>
   </div>
   <div class='ocr_carea' id='block_1_75' title="bbox 2149 2771 3816 2851">
    <p class='ocr_par' dir='ltr' id='par_1_75' title="bbox 2149 2771 3816 2851">
     <span class='ocr_line' id='line_1_76' title="bbox 2149 2771 3816 2851; baseline 0.004 -24"><span class='ocrx_word' id='word_1_532' title='bbox 2149 2785 2241 2838; x_wconf 88' lang='grc' dir='ltr'>θος</span> <span class='ocrx_word' id='word_1_533' title='bbox 2273 2773 2362 2828; x_wconf 85' lang='grc' dir='ltr'>καὶ</span> <span class='ocrx_word' id='word_1_534' title='bbox 2410 2771 2685 2850; x_wconf 81' lang='grc' dir='ltr'>Ἀμφίων,</span> <span class='ocrx_word' id='word_1_535' title='bbox 2736 2774 2823 2828; x_wconf 83' lang='grc' dir='ltr'>καὶ</span> <span class='ocrx_word' id='word_1_536' title='bbox 2874 2774 3019 2850; x_wconf 77' lang='grc' dir='ltr'>παρὰ</span> <span class='ocrx_word' id='word_1_537' title='bbox 3070 2779 3168 2830; x_wconf 81' lang='grc' dir='ltr'>τοῦ</span> <span class='ocrx_word' id='word_1_538' title='bbox 3216 2775 3656 2851; x_wconf 77' lang='grc' dir='ltr'>ἀναθρεψαμένου</span> <span class='ocrx_word' id='word_1_539' title='bbox 3686 2779 3816 2833; x_wconf 87' lang='grc' dir='ltr'>τού-</span> 
     </span>
    </p>
   </div>
   <div class='ocr_carea' id='block_1_76' title="bbox 2145 2862 3816 2943">
    <p class='ocr_par' dir='ltr' id='par_1_76' title="bbox 2145 2862 3816 2943">
     <span class='ocr_line' id='line_1_77' title="bbox 2145 2862 3816 2943; baseline 0.003 -25"><span class='ocrx_word' id='word_1_540' title='bbox 2145 2883 2273 2923; x_wconf 88' lang='grc' dir='ltr'>τους</span> <span class='ocrx_word' id='word_1_541' title='bbox 2310 2863 2571 2936; x_wconf 83' lang='grc' dir='ltr'>μαθόντες</span> <span class='ocrx_word' id='word_1_542' title='bbox 2631 2863 2709 2924; x_wconf 84' lang='grc' dir='ltr'>ὡς</span> <span class='ocrx_word' id='word_1_543' title='bbox 2772 2862 2905 2934; x_wconf 76' lang='grc' dir='ltr'>αὕτη</span> <span class='ocrx_word' id='word_1_544' title='bbox 2967 2863 3108 2918; x_wconf 78' lang='grc' dir='ltr'>ἐστὶν</span> <span class='ocrx_word' id='word_1_545' title='bbox 3165 2867 3200 2934; x_wconf 84' lang='grc' dir='ltr'><strong>ἡ</strong></span> <span class='ocrx_word' id='word_1_546' title='bbox 3262 2867 3448 2943; x_wconf 78' lang='grc' dir='ltr'>μήτηρ</span> <span class='ocrx_word' id='word_1_547' title='bbox 3479 2867 3660 2923; x_wconf 83' lang='grc' dir='ltr'>αὐτῶν</span> <span class='ocrx_word' id='word_1_548' title='bbox 3695 2869 3816 2926; x_wconf 81' lang='grc' dir='ltr'>Ἀνο</span> 
     </span>
    </p>
   </div>
   <div class='ocr_carea' id='block_1_77' title="bbox 2146 2950 3816 3029">
    <p class='ocr_par' dir='ltr' id='par_1_77' title="bbox 2146 2950 3816 3029">
     <span class='ocr_line' id='line_1_78' title="bbox 2146 2950 3816 3029; baseline 0.004 -22"><span class='ocrx_word' id='word_1_549' title='bbox 2146 2952 2337 3023; x_wconf 87' lang='grc' dir='ltr'>τιόπη.</span> <span class='ocrx_word' id='word_1_550' title='bbox 2398 2952 2514 3025; x_wconf 82' lang='grc' dir='ltr'>’ἅμα</span> <span class='ocrx_word' id='word_1_551' title='bbox 2571 2950 2825 3008; x_wconf 86' lang='grc' dir='ltr'>πλείοσιν</span> <span class='ocrx_word' id='word_1_552' title='bbox 2883 2952 3167 3029; x_wconf 82' lang='grc' dir='ltr'>ἀγροίκοις</span> <span class='ocrx_word' id='word_1_553' title='bbox 3223 2952 3632 3018; x_wconf 81' lang='grc' dir='ltr'>ἐπεισπεσόντες</span> <span class='ocrx_word' id='word_1_554' title='bbox 3684 2958 3816 3022; x_wconf 82' lang='grc' dir='ltr'>τοὺς</span> 
     </span>
    </p>
   </div>
   <div class='ocr_carea' id='block_1_78' title="bbox 2154 3041 3814 3122">
    <p class='ocr_par' dir='ltr' id='par_1_78' title="bbox 2154 3041 3814 3122">
     <span class='ocr_line' id='line_1_79' title="bbox 2154 3041 3814 3122; baseline 0.004 -28"><span class='ocrx_word' id='word_1_555' title='bbox 2154 3041 2248 3114; x_wconf 73' lang='grc' dir='ltr'>μὲν</span> <span class='ocrx_word' id='word_1_556' title='bbox 2276 3041 2610 3116; x_wconf 82' lang='grc' dir='ltr'>στρατιώτας</span> <span class='ocrx_word' id='word_1_557' title='bbox 2672 3041 3100 3111; x_wconf 86' lang='grc' dir='ltr'>κατακτείνουσι,</span> <span class='ocrx_word' id='word_1_558' title='bbox 3164 3043 3362 3118; x_wconf 87' lang='grc' dir='ltr'>Δίρκην</span> <span class='ocrx_word' id='word_1_559' title='bbox 3411 3042 3470 3099; x_wconf 71' lang='grc' dir='ltr'>δὲ</span> <span class='ocrx_word' id='word_1_560' title='bbox 3514 3046 3595 3116; x_wconf 78' lang='grc' dir='ltr'>τῷ</span> <span class='ocrx_word' id='word_1_561' title='bbox 3624 3046 3814 3122; x_wconf 84' lang='grc' dir='ltr'>ταύρῳ</span> 
     </span>
    </p>
   </div>
   <div class='ocr_carea' id='block_1_79' title="bbox 2150 3126 3814 3209">
    <p class='ocr_par' dir='ltr' id='par_1_79' title="bbox 2150 3126 3814 3209">
     <span class='ocr_line' id='line_1_80' title="bbox 2150 3126 3814 3209; baseline 0.004 -25"><span class='ocrx_word' id='word_1_562' title='bbox 2150 3126 2559 3204; x_wconf 83' lang='grc' dir='ltr'>προσδεσμοῦσι</span> <span class='ocrx_word' id='word_1_563' title='bbox 2616 3130 2708 3185; x_wconf 89' lang='grc' dir='ltr'>καὶ</span> <span class='ocrx_word' id='word_1_564' title='bbox 2766 3130 3068 3207; x_wconf 82' lang='grc' dir='ltr'>φονεύουσι.</span> <span class='ocrx_word' id='word_1_565' title='bbox 3132 3133 3238 3187; x_wconf 78' lang='grc' dir='ltr'>Σὺν</span> <span class='ocrx_word' id='word_1_566' title='bbox 3290 3135 3359 3207; x_wconf 83' lang='grc' dir='ltr'>τῇ</span> <span class='ocrx_word' id='word_1_567' title='bbox 3409 3134 3570 3209; x_wconf 81' lang='grc' dir='ltr'>μητρὶ</span> <span class='ocrx_word' id='word_1_568' title='bbox 3602 3132 3660 3189; x_wconf 79' lang='grc' dir='ltr'>δὲ</span> <span class='ocrx_word' id='word_1_569' title='bbox 3690 3136 3814 3193; x_wconf 84' lang='grc' dir='ltr'>Ἀν-</span> 
     </span>
    </p>
   </div>
   <div class='ocr_carea' id='block_1_80' title="bbox 2149 3218 3814 3292">
    <p class='ocr_par' dir='ltr' id='par_1_80' title="bbox 2149 3218 3814 3292">
     <span class='ocr_line' id='line_1_81' title="bbox 2149 3218 3814 3292; baseline 0.004 -19"><span class='ocrx_word' id='word_1_570' title='bbox 2149 3220 2316 3292; x_wconf 87' lang='grc' dir='ltr'>τιόπῃ</span> <span class='ocrx_word' id='word_1_571' title='bbox 2372 3218 2447 3280; x_wconf 77' lang='grc' dir='ltr'>εἷς</span> <span class='ocrx_word' id='word_1_572' title='bbox 2486 3221 2588 3288; x_wconf 79' lang='grc' dir='ltr'>τήν</span> <span class='ocrx_word' id='word_1_573' title='bbox 2645 3218 2912 3275; x_wconf 87' lang='grc' dir='ltr'>Βοιωτίαν</span> <span class='ocrx_word' id='word_1_574' title='bbox 2970 3219 3241 3290; x_wconf 73' lang='grc' dir='ltr'>ἐλθόντες,</span> <span class='ocrx_word' id='word_1_575' title='bbox 3306 3220 3420 3277; x_wconf 74' lang='grc' dir='ltr'>ὶπεὶ</span> <span class='ocrx_word' id='word_1_576' title='bbox 3489 3223 3517 3278; x_wconf 85' lang='grc' dir='ltr'>ὁ</span> <span class='ocrx_word' id='word_1_577' title='bbox 3575 3226 3814 3287; x_wconf 82' lang='grc' dir='ltr'>Νυκτεὺς</span> 
     </span>
    </p>
   </div>
   <div class='ocr_carea' id='block_1_81' title="bbox 2148 3308 3813 3391">
    <p class='ocr_par' dir='ltr' id='par_1_81' title="bbox 2148 3308 3813 3391">
     <span class='ocr_line' id='line_1_82' title="bbox 2148 3308 3813 3391; baseline 0.004 -29"><span class='ocrx_word' id='word_1_578' title='bbox 2148 3308 2418 3378; x_wconf 80' lang='grc' dir='ltr'>τέθνηκεν,</span> <span class='ocrx_word' id='word_1_579' title='bbox 2447 3309 2498 3363; x_wconf 71' lang='grc' dir='ltr'>οἱ</span> <span class='ocrx_word' id='word_1_580' title='bbox 2533 3308 2786 3382; x_wconf 76' lang='grc' dir='ltr'>μουσικοὶ</span> <span class='ocrx_word' id='word_1_581' title='bbox 2841 3311 3013 3379; x_wconf 79' lang='grc' dir='ltr'>Ζῆθος</span> <span class='ocrx_word' id='word_1_582' title='bbox 3058 3314 3148 3365; x_wconf 84' lang='grc' dir='ltr'><strong>καί</strong></span> <span class='ocrx_word' id='word_1_583' title='bbox 3205 3311 3459 3391; x_wconf 72' lang='grc' dir='ltr'>Ἀμφίων</span> <span class='ocrx_word' id='word_1_584' title='bbox 3490 3319 3599 3368; x_wconf 73' lang='grc' dir='ltr'>τῶν</span> <span class='ocrx_word' id='word_1_585' title='bbox 3634 3320 3813 3369; x_wconf 87' lang='grc' dir='ltr'>Βοιω-</span> 
     </span>
    </p>
   </div>
   <div class='ocr_carea' id='block_1_82' title="bbox 2150 3396 3811 3478">
    <p class='ocr_par' dir='ltr' id='par_1_82' title="bbox 2150 3396 3811 3478">
     <span class='ocr_line' id='line_1_83' title="bbox 2150 3396 3811 3478; baseline 0.004 -25"><span class='ocrx_word' id='word_1_586' title='bbox 2150 3403 2259 3454; x_wconf 84' lang='grc' dir='ltr'>τῶν</span> <span class='ocrx_word' id='word_1_587' title='bbox 2291 3396 2385 3469; x_wconf 75' lang='grc' dir='ltr'>ἔτη</span> <span class='ocrx_word' id='word_1_588' title='bbox 2419 3397 2608 3455; x_wconf 84' lang='grc' dir='ltr'>πολλὰ</span> <span class='ocrx_word' id='word_1_589' title='bbox 2669 3399 3041 3475; x_wconf 86' lang='grc' dir='ltr'>βασιλεύουσι.</span> <span class='ocrx_word' id='word_1_590' title='bbox 3099 3402 3355 3471; x_wconf 83' lang='grc' dir='ltr'>Κτίζουσι</span> <span class='ocrx_word' id='word_1_591' title='bbox 3412 3400 3470 3458; x_wconf 74' lang='grc' dir='ltr'>δὲ</span> <span class='ocrx_word' id='word_1_592' title='bbox 3517 3403 3679 3461; x_wconf 88' lang='grc' dir='ltr'>πόλιν</span> <span class='ocrx_word' id='word_1_593' title='bbox 3715 3426 3811 3478; x_wconf 82' lang='grc' dir='ltr'>με·</span> 
     </span>
    </p>
   </div>
   <div class='ocr_carea' id='block_1_83' title="bbox 2153 3486 3815 3569">
    <p class='ocr_par' dir='ltr' id='par_1_83' title="bbox 2153 3486 3815 3569">
     <span class='ocr_line' id='line_1_84' title="bbox 2153 3486 3815 3569; baseline 0.005 -26"><span class='ocrx_word' id='word_1_594' title='bbox 2153 3488 2335 3566; x_wconf 83' lang='grc' dir='ltr'>γάλην</span> <span class='ocrx_word' id='word_1_595' title='bbox 2394 3490 2471 3553; x_wconf 85' lang='grc' dir='ltr'>είς</span> <span class='ocrx_word' id='word_1_596' title='bbox 2526 3486 2699 3562; x_wconf 77' lang='grc' dir='ltr'>ὄνομα</span> <span class='ocrx_word' id='word_1_597' title='bbox 2756 3496 2836 3565; x_wconf 83' lang='grc' dir='ltr'>[Ρ.</span> <span class='ocrx_word' id='word_1_598' title='bbox 2868 3491 2958 3559; x_wconf 81' lang='lat'>25]</span> <span class='ocrx_word' id='word_1_599' title='bbox 3023 3494 3120 3546; x_wconf 79' lang='grc' dir='ltr'>τοῦ</span> <span class='ocrx_word' id='word_1_600' title='bbox 3163 3494 3416 3569; x_wconf 81' lang='grc' dir='ltr'>πατέρος,</span> <span class='ocrx_word' id='word_1_601' title='bbox 3444 3496 3505 3564; x_wconf 81' lang='grc' dir='ltr'>ἣν</span> <span class='ocrx_word' id='word_1_602' title='bbox 3536 3496 3626 3550; x_wconf 79' lang='grc' dir='ltr'>καὶ</span> <span class='ocrx_word' id='word_1_603' title='bbox 3658 3496 3815 3569; x_wconf 76' lang='grc' dir='ltr'>[ἀπὸ]</span> 
     </span>
    </p>
   </div>
   <div class='ocr_carea' id='block_1_84' title="bbox 2107 3573 3813 3660">
    <p class='ocr_par' dir='ltr' id='par_1_84' title="bbox 2107 3573 3813 3660">
     <span class='ocr_line' id='line_1_85' title="bbox 2107 3573 3813 3660; baseline 0.004 -26"><span class='ocrx_word' id='word_1_604' title='bbox 2107 3656 2110 3660; x_wconf 12' lang='grc' dir='ltr'>γ</span> <span class='ocrx_word' id='word_1_605' title='bbox 2152 3573 2416 3634; x_wconf 79' lang='grc' dir='ltr'>Θεοϐοίου</span> <span class='ocrx_word' id='word_1_606' title='bbox 2447 3573 2632 3650; x_wconf 74' lang='grc' dir='ltr'>Θήϐας</span> <span class='ocrx_word' id='word_1_607' title='bbox 2664 3578 2980 3652; x_wconf 83' lang='grc' dir='ltr'>ὠνόμασαν.</span> <span class='ocrx_word' id='word_1_608' title='bbox 3013 3581 3075 3637; x_wconf 81' lang='grc' dir='ltr'><strong>Ὀ</strong></span> <span class='ocrx_word' id='word_1_609' title='bbox 3130 3582 3224 3654; x_wconf 73' lang='grc' dir='ltr'>μὲν</span> <span class='ocrx_word' id='word_1_610' title='bbox 3269 3581 3572 3658; x_wconf 79' lang='grc' dir='ltr'>Εὐριπίδης</span> <span class='ocrx_word' id='word_1_611' title='bbox 3602 3589 3680 3657; x_wconf 79' lang='grc' dir='ltr'>τῷ</span> <span class='ocrx_word' id='word_1_612' title='bbox 3705 3583 3813 3640; x_wconf 79' lang='grc' dir='ltr'>ἔθει</span> 
     </span>
    </p>
   </div>
   <div class='ocr_carea' id='block_1_85' title="bbox 2149 3665 3813 3750">
    <p class='ocr_par' dir='ltr' id='par_1_85' title="bbox 2149 3665 3813 3750">
     <span class='ocr_line' id='line_1_86' title="bbox 2149 3665 3813 3750; baseline 0.005 -28"><span class='ocrx_word' id='word_1_613' title='bbox 2149 3668 2260 3723; x_wconf 80' lang='grc' dir='ltr'>τῶν</span> <span class='ocrx_word' id='word_1_614' title='bbox 2292 3672 2538 3737; x_wconf 82' lang='grc' dir='ltr'>ποιητῶν</span> <span class='ocrx_word' id='word_1_615' title='bbox 2577 3665 2902 3745; x_wconf 82' lang='grc' dir='ltr'>μυθολογῶν</span> <span class='ocrx_word' id='word_1_616' title='bbox 2963 3669 3056 3725; x_wconf 88' lang='grc' dir='ltr'>τὸν</span> <span class='ocrx_word' id='word_1_617' title='bbox 3113 3670 3210 3725; x_wconf 91' lang='grc' dir='ltr'>Δία</span> <span class='ocrx_word' id='word_1_618' title='bbox 3245 3673 3409 3746; x_wconf 77' lang='grc' dir='ltr'>φησὶν</span> <span class='ocrx_word' id='word_1_619' title='bbox 3458 3671 3534 3736; x_wconf 79' lang='grc' dir='ltr'>εἷς</span> <span class='ocrx_word' id='word_1_620' title='bbox 3567 3675 3813 3750; x_wconf 76' lang='grc' dir='ltr'>Σάτυρον</span> 
     </span>
    </p>
   </div>
   <div class='ocr_carea' id='block_1_86' title="bbox 2155 3760 3816 3845">
    <p class='ocr_par' dir='ltr' id='par_1_86' title="bbox 2155 3760 3816 3845">
     <span class='ocr_line' id='line_1_87' title="bbox 2155 3760 3816 3845; baseline 0.004 -25"><span class='ocrx_word' id='word_1_621' title='bbox 2155 3760 2566 3839; x_wconf 78' lang='grc' dir='ltr'>μεθαϐληθέντα</span> <span class='ocrx_word' id='word_1_622' title='bbox 2622 3767 2723 3835; x_wconf 83' lang='grc' dir='ltr'>τήν</span> <span class='ocrx_word' id='word_1_623' title='bbox 2775 3766 3071 3839; x_wconf 82' lang='grc' dir='ltr'>’Δντιόπην</span> <span class='ocrx_word' id='word_1_624' title='bbox 3143 3774 3382 3845; x_wconf 78' lang='grc' dir='ltr'>φθεῖραι,</span> <span class='ocrx_word' id='word_1_625' title='bbox 3441 3769 3491 3842; x_wconf 70' lang='grc' dir='ltr'>ἐξ</span> <span class='ocrx_word' id='word_1_626' title='bbox 3548 3771 3616 3841; x_wconf 76' lang='grc' dir='ltr'>ἧς</span> <span class='ocrx_word' id='word_1_627' title='bbox 3668 3773 3816 3845; x_wconf 77' lang='grc' dir='ltr'>Ἀμ-</span> 
     </span>
    </p>
   </div>
   <div class='ocr_carea' id='block_1_87' title="bbox 2150 3854 3810 3938">
    <p class='ocr_par' dir='ltr' id='par_1_87' title="bbox 2150 3854 3810 3938">
     <span class='ocr_line' id='line_1_88' title="bbox 2150 3854 3810 3938; baseline 0.005 -30"><span class='ocrx_word' id='word_1_628' title='bbox 2150 3854 2289 3934; x_wconf 74' lang='grc' dir='ltr'>φίων</span> <span class='ocrx_word' id='word_1_629' title='bbox 2320 3854 2411 3910; x_wconf 84' lang='grc' dir='ltr'>καὶ</span> <span class='ocrx_word' id='word_1_630' title='bbox 2443 3859 2616 3923; x_wconf 80' lang='grc' dir='ltr'>Ζῆθος</span> <span class='ocrx_word' id='word_1_631' title='bbox 2648 3856 2700 3909; x_wconf 79' lang='grc' dir='ltr'>οἱ</span> <span class='ocrx_word' id='word_1_632' title='bbox 2753 3856 3031 3928; x_wconf 90' lang='grc' dir='ltr'>μουσικοί.</span> <span class='ocrx_word' id='word_1_633' title='bbox 3088 3859 3270 3914; x_wconf 78' lang='grc' dir='ltr'>Τοῦτο</span> <span class='ocrx_word' id='word_1_634' title='bbox 3325 3856 3404 3930; x_wconf 68' lang='grc' dir='ltr'>δὲ,</span> <span class='ocrx_word' id='word_1_635' title='bbox 3453 3860 3630 3938; x_wconf 73' lang='grc' dir='ltr'>φασὶν,</span> <span class='ocrx_word' id='word_1_636' title='bbox 3661 3860 3810 3916; x_wconf 76' lang='grc' dir='ltr'>εἶπεν</span> 
     </span>
    </p>
   </div>
   <div class='ocr_carea' id='block_1_88' title="bbox 2149 3940 3812 4022">
    <p class='ocr_par' dir='ltr' id='par_1_88' title="bbox 2149 3940 3812 4022">
     <span class='ocr_line' id='line_1_89' title="bbox 2149 3940 3812 4022; baseline 0.004 -24"><span class='ocrx_word' id='word_1_637' title='bbox 2149 3944 2225 4009; x_wconf 86' lang='grc' dir='ltr'>ὡς</span> <span class='ocrx_word' id='word_1_638' title='bbox 2256 3945 2620 4021; x_wconf 75' lang='grc' dir='ltr'>καταχθέντος</span> <span class='ocrx_word' id='word_1_639' title='bbox 2678 3940 2946 4000; x_wconf 79' lang='grc' dir='ltr'>Θεοϐοίου</span> <span class='ocrx_word' id='word_1_640' title='bbox 3000 3944 3059 4000; x_wconf 82' lang='grc' dir='ltr'>ἐκ</span> <span class='ocrx_word' id='word_1_641' title='bbox 3109 3951 3207 4002; x_wconf 80' lang='grc' dir='ltr'>τοῦ</span> <span class='ocrx_word' id='word_1_642' title='bbox 3240 3948 3407 4003; x_wconf 80' lang='grc' dir='ltr'>υίκου</span> <span class='ocrx_word' id='word_1_643' title='bbox 3436 3953 3534 4005; x_wconf 77' lang='grc' dir='ltr'>τοῦ</span> <span class='ocrx_word' id='word_1_644' title='bbox 3566 3950 3653 4005; x_wconf 78' lang='grc' dir='ltr'>καὶ</span> <span class='ocrx_word' id='word_1_645' title='bbox 3703 3955 3812 4022; x_wconf 85' lang='grc' dir='ltr'>Ζη-</span> 
     </span>
    </p>
   </div>
   <div class='ocr_carea' id='block_1_89' title="bbox 2147 4033 3809 4116">
    <p class='ocr_par' dir='ltr' id='par_1_89' title="bbox 2147 4033 3809 4116">
     <span class='ocr_line' id='line_1_90' title="bbox 2147 4033 3809 4116; baseline 0.005 -28"><span class='ocrx_word' id='word_1_646' title='bbox 2147 4035 2237 4095; x_wconf 91' lang='grc' dir='ltr'>νὸς</span> <span class='ocrx_word' id='word_1_647' title='bbox 2295 4033 2431 4089; x_wconf 80' lang='grc' dir='ltr'>κατὰ</span> <span class='ocrx_word' id='word_1_648' title='bbox 2508 4035 2988 4110; x_wconf 84' lang='grc' dir='ltr'>μετεμψυχώσεως</span> <span class='ocrx_word' id='word_1_649' title='bbox 3065 4038 3405 4109; x_wconf 71' lang='grc' dir='ltr'>μετάστασιν*</span> <span class='ocrx_word' id='word_1_650' title='bbox 3480 4042 3641 4094; x_wconf 82' lang='grc' dir='ltr'>τοῦτο</span> <span class='ocrx_word' id='word_1_651' title='bbox 3698 4041 3809 4116; x_wconf 76' lang='grc' dir='ltr'>γὰρ</span> 
     </span>
    </p>
   </div>
   <div class='ocr_carea' id='block_1_90' title="bbox 2148 4119 3803 4197">
    <p class='ocr_par' dir='ltr' id='par_1_90' title="bbox 2148 4119 3803 4197">
     <span class='ocr_line' id='line_1_91' title="bbox 2148 4119 3803 4197; baseline 0.004 -22"><span class='ocrx_word' id='word_1_652' title='bbox 2148 4120 2405 4195; x_wconf 82' lang='grc' dir='ltr'>σημαίνει</span> <span class='ocrx_word' id='word_1_653' title='bbox 2434 4121 2497 4177; x_wconf 86' lang='grc' dir='ltr'>τὸ</span> <span class='ocrx_word' id='word_1_654' title='bbox 2557 4123 2800 4183; x_wconf 75' lang='grc' dir='ltr'>Σάτυρος</span> <span class='ocrx_word' id='word_1_655' title='bbox 2858 4119 3032 4197; x_wconf 79' lang='grc' dir='ltr'>ὄνομα</span> <span class='ocrx_word' id='word_1_656' title='bbox 3087 4126 3225 4179; x_wconf 87' lang='grc' dir='ltr'>κατά</span> <span class='ocrx_word' id='word_1_657' title='bbox 3270 4125 3505 4195; x_wconf 75' lang='grc' dir='ltr'>τὴντῶν</span> <span class='ocrx_word' id='word_1_658' title='bbox 3537 4129 3803 4183; x_wconf 79' lang='grc' dir='ltr'>Βοιωτῶν</span> 
     </span>
    </p>
   </div>
   <div class='ocr_carea' id='block_1_91' title="bbox 2145 4207 3805 4293">
    <p class='ocr_par' dir='ltr' id='par_1_91' title="bbox 2145 4207 3805 4293">
     <span class='ocr_line' id='line_1_92' title="bbox 2145 4207 3805 4293; baseline 0.005 -28"><span class='ocrx_word' id='word_1_659' title='bbox 2145 4207 2420 4286; x_wconf 81' lang='grc' dir='ltr'>γλῶσσαν,</span> <span class='ocrx_word' id='word_1_660' title='bbox 2453 4212 2515 4266; x_wconf 89' lang='grc' dir='ltr'>τὸ</span> <span class='ocrx_word' id='word_1_661' title='bbox 2563 4210 2641 4275; x_wconf 81' lang='grc' dir='ltr'>είς</span> <span class='ocrx_word' id='word_1_662' title='bbox 2692 4209 2833 4266; x_wconf 80' lang='grc' dir='ltr'>ἄλλο</span> <span class='ocrx_word' id='word_1_663' title='bbox 2883 4216 3044 4284; x_wconf 85' lang='grc' dir='ltr'>σῶμα</span> <span class='ocrx_word' id='word_1_664' title='bbox 3091 4214 3370 4288; x_wconf 76' lang='grc' dir='ltr'>χωρήσειν</span> <span class='ocrx_word' id='word_1_665' title='bbox 3401 4214 3805 4293; x_wconf 82' lang='grc' dir='ltr'>εὐτελέστερον.</span> 
     </span>
    </p>
   </div>
   <div class='ocr_carea' id='block_1_92' title="bbox 2146 4299 3804 4380">
    <p class='ocr_par' dir='ltr' id='par_1_92' title="bbox 2146 4299 3804 4380">
     <span class='ocr_line' id='line_1_93' title="bbox 2146 4299 3804 4380; baseline 0.005 -25"><span class='ocrx_word' id='word_1_666' title='bbox 2146 4302 2298 4360; x_wconf 79' lang='grc' dir='ltr'>Μετὰ</span> <span class='ocrx_word' id='word_1_667' title='bbox 2325 4301 2549 4361; x_wconf 87' lang='grc' dir='ltr'>τούτους</span> <span class='ocrx_word' id='word_1_668' title='bbox 2582 4299 2711 4364; x_wconf 81' lang='grc' dir='ltr'>τοὺς</span> <span class='ocrx_word' id='word_1_669' title='bbox 2747 4300 3040 4374; x_wconf 82' lang='grc' dir='ltr'>μουσικοὺς</span> <span class='ocrx_word' id='word_1_670' title='bbox 3071 4302 3124 4357; x_wconf 75' lang='lat' dir='ltr'>oi</span> <span class='ocrx_word' id='word_1_671' title='bbox 3173 4301 3232 4358; x_wconf 71' lang='grc' dir='ltr'>ἐκ</span> <span class='ocrx_word' id='word_1_672' title='bbox 3270 4308 3367 4360; x_wconf 77' lang='grc' dir='ltr'>τοῦ</span> <span class='ocrx_word' id='word_1_673' title='bbox 3398 4304 3587 4380; x_wconf 87' lang='grc' dir='ltr'>γένους</span> <span class='ocrx_word' id='word_1_674' title='bbox 3619 4306 3804 4363; x_wconf 76' lang='grc' dir='ltr'>αὐτῶν</span> 
     </span>
    </p>
   </div>
   <div class='ocr_carea' id='block_1_93' title="bbox 2145 4381 3810 4469">
    <p class='ocr_par' dir='ltr' id='par_1_93' title="bbox 2145 4381 3810 4469">
     <span class='ocr_line' id='line_1_94' title="bbox 2145 4381 3810 4469; baseline 0.005 -26"><span class='ocrx_word' id='word_1_675' title='bbox 2145 4381 2462 4445; x_wconf 75' lang='grc' dir='ltr'>ἐϐασίλευον</span> <span class='ocrx_word' id='word_1_676' title='bbox 2525 4384 2781 4460; x_wconf 78' lang='grc' dir='ltr'>Θηϐαίων</span> <span class='ocrx_word' id='word_1_677' title='bbox 2829 4388 2932 4452; x_wconf 83' lang='grc' dir='ltr'>ἔως</span> <span class='ocrx_word' id='word_1_678' title='bbox 2976 4388 3276 4453; x_wconf 85' lang='grc' dir='ltr'>Οἰδίποδος</span> <span class='ocrx_word' id='word_1_679' title='bbox 3347 4396 3469 4450; x_wconf 76' lang='grc' dir='ltr'>υἱοῦ</span> <span class='ocrx_word' id='word_1_680' title='bbox 3520 4395 3810 4469; x_wconf 82' lang='grc' dir='ltr'>Ἰοκάστης</span> 
     </span>
    </p>
   </div>
   <div class='ocr_carea' id='block_1_94' title="bbox 2143 4478 3803 4558">
    <p class='ocr_par' dir='ltr' id='par_1_94' title="bbox 2143 4478 3803 4558">
     <span class='ocr_line' id='line_1_95' title="bbox 2143 4478 3803 4558; baseline 0.005 -25"><span class='ocrx_word' id='word_1_681' title='bbox 2143 4479 2232 4533; x_wconf 82' lang='grc' dir='ltr'>καὶ</span> <span class='ocrx_word' id='word_1_682' title='bbox 2263 4479 2453 4536; x_wconf 74' lang='grc' dir='ltr'>Λαΐου.</span> <span class='ocrx_word' id='word_1_683' title='bbox 2483 4478 2660 4541; x_wconf 78' lang='grc' dir='ltr'>Οὗτος</span> <span class='ocrx_word' id='word_1_684' title='bbox 2691 4480 2795 4557; x_wconf 83' lang='grc' dir='ltr'>γὰρ</span> <span class='ocrx_word' id='word_1_685' title='bbox 2846 4481 2875 4534; x_wconf 86' lang='grc' dir='ltr'><strong>ὁ</strong></span> <span class='ocrx_word' id='word_1_686' title='bbox 2926 4480 3091 4544; x_wconf 84' lang='grc' dir='ltr'>Λάϊος</span> <span class='ocrx_word' id='word_1_687' title='bbox 3145 4482 3403 4558; x_wconf 81' lang='grc' dir='ltr'>βασιλεὺς</span> <span class='ocrx_word' id='word_1_688' title='bbox 3435 4481 3510 4539; x_wconf 84' lang='grc' dir='ltr'>ὢν</span> <span class='ocrx_word' id='word_1_689' title='bbox 3543 4479 3803 4556; x_wconf 79' lang='grc' dir='ltr'>Θηϐαίων</span> 
     </span>
    </p>
   </div>
   <div class='ocr_carea' id='block_1_95' title="bbox 378 4554 2038 4650">
    <p class='ocr_par' dir='ltr' id='par_1_95' title="bbox 378 4562 2033 4637">
     <span class='ocr_line' id='line_1_96' title="bbox 378 4562 2033 4637; baseline 0.001 -22"><span class='ocrx_word' id='word_1_690' title='bbox 378 4562 631 4633; x_wconf 88' lang='lat' dir='ltr'>pedibus</span> <span class='ocrx_word' id='word_1_691' title='bbox 662 4564 1015 4635; x_wconf 89' lang='lat' dir='ltr'>impeditum</span> <span class='ocrx_word' id='word_1_692' title='bbox 1075 4565 1137 4619; x_wconf 91' lang='lat' dir='ltr'>in</span> <span class='ocrx_word' id='word_1_693' title='bbox 1199 4566 1497 4621; x_wconf 90' lang='lat' dir='ltr'>montanis</span> <span class='ocrx_word' id='word_1_694' title='bbox 1556 4564 1794 4637; x_wconf 87' lang='lat' dir='ltr'>abjecit,</span> <span class='ocrx_word' id='word_1_695' title='bbox 1855 4570 1923 4619; x_wconf 92' lang='lat' dir='ltr'>ut</span> <span class='ocrx_word' id='word_1_696' title='bbox 1952 4562 2033 4618; x_wconf 90' lang='lat' dir='ltr'>ibi</span> 
     </span>
    </p>
   </div>
   <div class='ocr_carea' id='block_1_96' title="bbox 2147 4554 3801 4650">
    <p class='ocr_par' dir='ltr' id='par_1_96' title="bbox 2147 4554 3801 4650">
     <span class='ocr_line' id='line_1_97' title="bbox 2147 4554 3801 4650; baseline 0.006 -29"><span class='ocrx_word' id='word_1_697' title='bbox 2147 4568 2283 4638; x_wconf 79' lang='grc' dir='ltr'>μετὰ</span> <span class='ocrx_word' id='word_1_698' title='bbox 2312 4566 2592 4639; x_wconf 81' lang='grc' dir='ltr'>Ἰοκάστης</span> <span class='ocrx_word' id='word_1_699' title='bbox 2646 4554 2805 4648; x_wconf 79' lang='grc' dir='ltr'>ἔσχεν</span> <span class='ocrx_word' id='word_1_700' title='bbox 2867 4570 2983 4625; x_wconf 72' lang='grc' dir='ltr'>υἱὸν</span> <span class='ocrx_word' id='word_1_701' title='bbox 3041 4554 3259 4645; x_wconf 72' lang='grc' dir='ltr'>πρώτον</span> <span class='ocrx_word' id='word_1_702' title='bbox 3304 4573 3498 4629; x_wconf 83' lang='grc' dir='ltr'>Ἰοκᾶν·</span> <span class='ocrx_word' id='word_1_703' title='bbox 3541 4554 3801 4650; x_wconf 83' lang='grc' dir='ltr'>χρησμὸν</span> 
     </span>
    </p>
   </div>
   <div class='ocr_carea' id='block_1_97' title="bbox 379 4651 2031 4725">
    <p class='ocr_par' dir='ltr' id='par_1_97' title="bbox 379 4651 2031 4725">
     <span class='ocr_line' id='line_1_98' title="bbox 379 4651 2031 4725; baseline 0.001 -18"><span class='ocrx_word' id='word_1_704' title='bbox 379 4651 620 4723; x_wconf 90' lang='lat' dir='ltr'>periret.</span> <span class='ocrx_word' id='word_1_705' title='bbox 640 4655 715 4707; x_wconf 90' lang='lat' dir='ltr'>At</span> <span class='ocrx_word' id='word_1_706' title='bbox 735 4654 992 4709; x_wconf 87' lang='lat' dir='ltr'>rusticus</span> <span class='ocrx_word' id='word_1_707' title='bbox 1019 4654 1284 4725; x_wconf 87' lang='lat' dir='ltr'>quidam,</span> <span class='ocrx_word' id='word_1_708' title='bbox 1310 4655 1580 4709; x_wconf 85' lang='lat' dir='ltr'>Mclibins</span> <span class='ocrx_word' id='word_1_709' title='bbox 1601 4654 1866 4719; x_wconf 89' lang='lat' dir='ltr'>nomine,</span> <span class='ocrx_word' id='word_1_710' title='bbox 1893 4670 2031 4709; x_wconf 89' lang='lat' dir='ltr'>eum</span> 
     </span>
    </p>
   </div>
   <div class='ocr_carea' id='block_1_98' title="bbox 378 4740 2033 4816">
    <p class='ocr_par' dir='ltr' id='par_1_98' title="bbox 378 4740 2033 4816">
     <span class='ocr_line' id='line_1_99' title="bbox 378 4740 2033 4816; baseline 0.001 -21"><span class='ocrx_word' id='word_1_711' title='bbox 378 4740 681 4796; x_wconf 90' lang='lat' dir='ltr'>sublatum</span> <span class='ocrx_word' id='word_1_712' title='bbox 743 4743 1032 4810; x_wconf 87' lang='lat' dir='ltr'>educavit,</span> <span class='ocrx_word' id='word_1_713' title='bbox 1117 4745 1527 4816; x_wconf 86' lang='lat' dir='ltr'>()Edipumque</span> <span class='ocrx_word' id='word_1_714' title='bbox 1610 4743 1931 4816; x_wconf 89' lang='lat' dir='ltr'>appellavit</span> <span class='ocrx_word' id='word_1_715' title='bbox 1997 4760 2033 4798; x_wconf 88' lang='lat' dir='ltr'>a</span> 
     </span>
    </p>
   </div>
   <div class='ocr_carea' id='block_1_99' title="bbox 379 4832 2027 4905">
    <p class='ocr_par' dir='ltr' id='par_1_99' title="bbox 379 4832 2027 4905">
     <span class='ocr_line' id='line_1_100' title="bbox 379 4832 2027 4905; baseline 0.001 -20"><span class='ocrx_word' id='word_1_716' title='bbox 379 4836 612 4886; x_wconf 88' lang='lat' dir='ltr'>tumore</span> <span class='ocrx_word' id='word_1_717' title='bbox 645 4832 863 4902; x_wconf 88' lang='lat' dir='ltr'>pedum</span> <span class='ocrx_word' id='word_1_718' title='bbox 895 4850 1073 4904; x_wconf 90' lang='lat' dir='ltr'>quem</span> <span class='ocrx_word' id='word_1_719' title='bbox 1105 4835 1166 4887; x_wconf 91' lang='lat' dir='ltr'>in</span> <span class='ocrx_word' id='word_1_720' title='bbox 1199 4833 1585 4905; x_wconf 88' lang='lat' dir='ltr'>compedibus</span> <span class='ocrx_word' id='word_1_721' title='bbox 1633 4837 2027 4889; x_wconf 82' lang='lat' dir='ltr'>contraxerat.</span> 
     </span>
    </p>
   </div>
   <div class='ocr_carea' id='block_1_100' title="bbox 377 4918 2029 4992">
    <p class='ocr_par' dir='ltr' id='par_1_100' title="bbox 377 4918 2029 4992">
     <span class='ocr_line' id='line_1_101' title="bbox 377 4918 2029 4992; baseline -0.001 -16"><span class='ocrx_word' id='word_1_722' title='bbox 377 4918 714 4976; x_wconf 87' lang='lat' dir='ltr'>Secundum</span> <span class='ocrx_word' id='word_1_723' title='bbox 743 4920 869 4975; x_wconf 68' lang='lat' dir='ltr'>hinc</span> <span class='ocrx_word' id='word_1_724' title='bbox 892 4921 1111 4976; x_wconf 88' lang='lat' dir='ltr'>mulier</span> <span class='ocrx_word' id='word_1_725' title='bbox 1139 4921 1410 4992; x_wconf 83' lang='lat' dir='ltr'>quaedam</span> <span class='ocrx_word' id='word_1_726' title='bbox 1451 4921 1730 4992; x_wconf 89' lang='lat' dir='ltr'>indigena</span> <span class='ocrx_word' id='word_1_727' title='bbox 1786 4922 2029 4976; x_wconf 91' lang='lat' dir='ltr'>nomine</span> 
     </span>
    </p>
   </div>
   <div class='ocr_carea' id='block_1_101' title="bbox 379 5007 2027 5083">
    <p class='ocr_par' dir='ltr' id='par_1_101' title="bbox 379 5007 2027 5083">
     <span class='ocr_line' id='line_1_102' title="bbox 379 5007 2027 5083; baseline 0.002 -21"><span class='ocrx_word' id='word_1_728' title='bbox 379 5008 624 5081; x_wconf 85' lang='lat' dir='ltr'>Sphinx,</span> <span class='ocrx_word' id='word_1_729' title='bbox 650 5007 935 5064; x_wconf 89' lang='lat' dir='ltr'>deformis</span> <span class='ocrx_word' id='word_1_730' title='bbox 992 5026 1058 5065; x_wconf 87' lang='lat' dir='ltr'>ac</span> <span class='ocrx_word' id='word_1_731' title='bbox 1108 5027 1457 5076; x_wconf 89' lang='lat' dir='ltr'>mammosa,</span> <span class='ocrx_word' id='word_1_732' title='bbox 1519 5027 1655 5065; x_wconf 93' lang='lat' dir='ltr'>cum</span> <span class='ocrx_word' id='word_1_733' title='bbox 1703 5011 2027 5083; x_wconf 84' lang='lat' dir='ltr'>agrestium</span> 
     </span>
    </p>
   </div>
   <div class='ocr_carea' id='block_1_102' title="bbox 379 5099 2027 5170">
    <p class='ocr_par' dir='ltr' id='par_1_102' title="bbox 379 5099 2027 5170">
     <span class='ocr_line' id='line_1_103' title="bbox 379 5099 2027 5170; baseline 0.001 -18"><span class='ocrx_word' id='word_1_734' title='bbox 379 5114 561 5153; x_wconf 88' lang='lat' dir='ltr'>manu</span> <span class='ocrx_word' id='word_1_735' title='bbox 586 5099 864 5154; x_wconf 89' lang='lat' dir='ltr'>verticem</span> <span class='ocrx_word' id='word_1_736' title='bbox 885 5099 1201 5169; x_wconf 90' lang='lat' dir='ltr'>quemdam</span> <span class='ocrx_word' id='word_1_737' title='bbox 1222 5100 1472 5166; x_wconf 86' lang='lat' dir='ltr'>obsedit,</span> <span class='ocrx_word' id='word_1_738' title='bbox 1494 5099 1570 5155; x_wconf 90' lang='lat' dir='ltr'>ad</span> <span class='ocrx_word' id='word_1_739' title='bbox 1592 5115 1770 5170; x_wconf 91' lang='lat' dir='ltr'>quem</span> <span class='ocrx_word' id='word_1_740' title='bbox 1792 5101 2027 5154; x_wconf 88' lang='lat' dir='ltr'>nonnisi</span> 
     </span>
    </p>
   </div>
   <div class='ocr_carea' id='block_1_103' title="bbox 378 5188 2027 5261">
    <p class='ocr_par' dir='ltr' id='par_1_103' title="bbox 378 5188 2027 5261">
     <span class='ocr_line' id='line_1_104' title="bbox 378 5188 2027 5261; baseline 0.002 -19"><span class='ocrx_word' id='word_1_741' title='bbox 378 5205 496 5243; x_wconf 92' lang='lat' dir='ltr'>uno</span> <span class='ocrx_word' id='word_1_742' title='bbox 517 5205 706 5261; x_wconf 90' lang='lat' dir='ltr'>eoque</span> <span class='ocrx_word' id='word_1_743' title='bbox 727 5190 1146 5261; x_wconf 84' lang='lat' dir='ltr'>angustissimo</span> <span class='ocrx_word' id='word_1_744' title='bbox 1160 5190 1323 5245; x_wconf 90' lang='lat' dir='ltr'>aditu</span> <span class='ocrx_word' id='word_1_745' title='bbox 1348 5195 1579 5261; x_wconf 90' lang='lat' dir='ltr'>poterat</span> <span class='ocrx_word' id='word_1_746' title='bbox 1606 5188 1927 5261; x_wconf 72' lang='lat' dir='ltr'>penetrari,</span> <span class='ocrx_word' id='word_1_747' title='bbox 1961 5207 2027 5245; x_wconf 89' lang='lat' dir='ltr'>ac</span> 
     </span>
    </p>
   </div>
   <div class='ocr_carea' id='block_1_104' title="bbox 380 5277 2027 5351">
    <p class='ocr_par' dir='ltr' id='par_1_104' title="bbox 380 5277 2027 5351">
     <span class='ocr_line' id='line_1_105' title="bbox 380 5277 2027 5351; baseline 0.003 -22"><span class='ocrx_word' id='word_1_748' title='bbox 380 5277 789 5335; x_wconf 88' lang='lat' dir='ltr'>latrocinando</span> <span class='ocrx_word' id='word_1_749' title='bbox 813 5297 883 5335; x_wconf 88' lang='lat' dir='ltr'>ea</span> <span class='ocrx_word' id='word_1_750' title='bbox 903 5286 1215 5351; x_wconf 87' lang='lat' dir='ltr'>pergentes</span> <span class='ocrx_word' id='word_1_751' title='bbox 1236 5280 1555 5347; x_wconf 84' lang='lat' dir='ltr'>interfecit,</span> <span class='ocrx_word' id='word_1_752' title='bbox 1577 5296 1906 5351; x_wconf 90' lang='lat' dir='ltr'>eorumque</span> <span class='ocrx_word' id='word_1_753' title='bbox 1937 5280 2027 5334; x_wconf 87' lang='lat' dir='ltr'>fa-</span> 
     </span>
    </p>
   </div>
   <div class='ocr_carea' id='block_1_105' title="bbox 380 5365 2023 5439">
    <p class='ocr_par' dir='ltr' id='par_1_105' title="bbox 380 5365 2023 5439">
     <span class='ocr_line' id='line_1_106' title="bbox 380 5365 2023 5439; baseline 0.004 -21"><span class='ocrx_word' id='word_1_754' title='bbox 380 5365 629 5421; x_wconf 89' lang='lat' dir='ltr'>cultates</span> <span class='ocrx_word' id='word_1_755' title='bbox 651 5368 993 5439; x_wconf 69' lang='lat' dir='ltr'>depraedata</span> <span class='ocrx_word' id='word_1_756' title='bbox 1009 5370 1199 5425; x_wconf 87' lang='lat' dir='ltr'>est.ld</span> <span class='ocrx_word' id='word_1_757' title='bbox 1246 5370 1627 5426; x_wconf 89' lang='lat' dir='ltr'>latrocinium</span> <span class='ocrx_word' id='word_1_758' title='bbox 1672 5387 1768 5426; x_wconf 87' lang='lat' dir='ltr'>res</span> <span class='ocrx_word' id='word_1_759' title='bbox 1797 5370 2023 5425; x_wconf 86' lang='lat' dir='ltr'>Theba-</span> 
     </span>
    </p>
   </div>
   <div class='ocr_carea' id='block_1_106' title="bbox 379 5457 2024 5533">
    <p class='ocr_par' dir='ltr' id='par_1_106' title="bbox 379 5457 2024 5533">
     <span class='ocr_line' id='line_1_107' title="bbox 379 5457 2024 5533; baseline 0.004 -24"><span class='ocrx_word' id='word_1_760' title='bbox 379 5472 595 5511; x_wconf 90' lang='lat' dir='ltr'>norum</span> <span class='ocrx_word' id='word_1_761' title='bbox 622 5457 683 5512; x_wconf 92' lang='lat' dir='ltr'>in</span> <span class='ocrx_word' id='word_1_762' title='bbox 713 5475 917 5514; x_wconf 88' lang='lat' dir='ltr'>arcum</span> <span class='ocrx_word' id='word_1_763' title='bbox 971 5460 1217 5533; x_wconf 89' lang='lat' dir='ltr'>redegit,</span> <span class='ocrx_word' id='word_1_764' title='bbox 1278 5478 1415 5516; x_wconf 90' lang='lat' dir='ltr'>cum</span> <span class='ocrx_word' id='word_1_765' title='bbox 1473 5478 1670 5533; x_wconf 89' lang='lat' dir='ltr'>neque</span> <span class='ocrx_word' id='word_1_766' title='bbox 1729 5462 2024 5517; x_wconf 88' lang='lat' dir='ltr'>exercitus</span> 
     </span>
    </p>
   </div>
   <div class='ocr_carea' id='block_1_107' title="bbox 381 5545 2025 5616">
    <p class='ocr_par' dir='ltr' id='par_1_107' title="bbox 381 5545 2025 5616">
     <span class='ocr_line' id='line_1_108' title="bbox 381 5545 2025 5616; baseline 0.004 -15"><span class='ocrx_word' id='word_1_767' title='bbox 381 5561 577 5616; x_wconf 89' lang='lat' dir='ltr'>neque</span> <span class='ocrx_word' id='word_1_768' title='bbox 603 5545 729 5616; x_wconf 88' lang='lat' dir='ltr'>ipse</span> <span class='ocrx_word' id='word_1_769' title='bbox 758 5563 863 5602; x_wconf 84' lang='lat' dir='ltr'>rex</span> <span class='ocrx_word' id='word_1_770' title='bbox 894 5549 1064 5605; x_wconf 88' lang='lat' dir='ltr'>Laius</span> <span class='ocrx_word' id='word_1_771' title='bbox 1094 5556 1298 5607; x_wconf 85' lang='lat' dir='ltr'>monte</span> <span class='ocrx_word' id='word_1_772' title='bbox 1329 5552 1412 5606; x_wconf 90' lang='lat' dir='ltr'>ita</span> <span class='ocrx_word' id='word_1_773' title='bbox 1447 5552 1749 5607; x_wconf 87' lang='lat' dir='ltr'>inaccesso</span> <span class='ocrx_word' id='word_1_774' title='bbox 1807 5559 1866 5607; x_wconf 90' lang='lat' dir='ltr'>et</span> <span class='ocrx_word' id='word_1_775' title='bbox 1924 5569 2025 5608; x_wconf 89' lang='lat' dir='ltr'>na-</span> 
     </span>
    </p>
   </div>
   <div class='ocr_carea' id='block_1_108' title="bbox 380 5633 2020 5713">
    <p class='ocr_par' dir='ltr' id='par_1_108' title="bbox 380 5633 2020 5713">
     <span class='ocr_line' id='line_1_109' title="bbox 380 5633 2020 5713; baseline 0.005 -25"><span class='ocrx_word' id='word_1_776' title='bbox 380 5639 513 5689; x_wconf 91' lang='lat' dir='ltr'>tura</span> <span class='ocrx_word' id='word_1_777' title='bbox 542 5633 655 5691; x_wconf 93' lang='lat' dir='ltr'>loci</span> <span class='ocrx_word' id='word_1_778' title='bbox 685 5637 916 5693; x_wconf 86' lang='lat' dir='ltr'>munito</span> <span class='ocrx_word' id='word_1_779' title='bbox 947 5640 1273 5712; x_wconf 89' lang='lat' dir='ltr'>quidquam</span> <span class='ocrx_word' id='word_1_780' title='bbox 1303 5641 1583 5698; x_wconf 88' lang='lat' dir='ltr'>adversus</span> <span class='ocrx_word' id='word_1_781' title='bbox 1612 5657 1745 5698; x_wconf 88' lang='lat' dir='ltr'>eam</span> <span class='ocrx_word' id='word_1_782' title='bbox 1802 5647 2020 5713; x_wconf 80' lang='lat' dir='ltr'>posset.</span> 
     </span>
    </p>
   </div>
   <div class='ocr_carea' id='block_1_109' title="bbox 2142 4650 3805 4741">
    <p class='ocr_par' dir='ltr' id='par_1_109' title="bbox 2142 4650 3805 4741">
     <span class='ocr_line' id='line_1_110' title="bbox 2142 4650 3805 4741; baseline -0.001 -29"><span class='ocrx_word' id='word_1_783' title='bbox 2142 4653 2200 4712; x_wconf 80' lang='grc' dir='ltr'>δὶ</span> <span class='ocrx_word' id='word_1_784' title='bbox 2232 4650 2414 4713; x_wconf 75' lang='grc' dir='ltr'>λαϐὼν</span> <span class='ocrx_word' id='word_1_785' title='bbox 2447 4656 2570 4733; x_wconf 83' lang='grc' dir='ltr'>περὶ</span> <span class='ocrx_word' id='word_1_786' title='bbox 2611 4657 2778 4713; x_wconf 78' lang='grc' dir='ltr'>αὐτοῦ</span> <span class='ocrx_word' id='word_1_787' title='bbox 2827 4659 2901 4721; x_wconf 87' lang='grc' dir='ltr'>ὡς</span> <span class='ocrx_word' id='word_1_788' title='bbox 2958 4663 3027 4734; x_wconf 81' lang='grc' dir='ltr'>τῇ</span> <span class='ocrx_word' id='word_1_789' title='bbox 3089 4656 3201 4732; x_wconf 73' lang='grc' dir='ltr'>ἰδίᾳ</span> <span class='ocrx_word' id='word_1_790' title='bbox 3259 4661 3427 4737; x_wconf 79' lang='grc' dir='ltr'>μητρὶ</span> <span class='ocrx_word' id='word_1_791' title='bbox 3464 4666 3805 4741; x_wconf 77' lang='grc' dir='ltr'>συναφθήσε-</span> 
     </span>
    </p>
   </div>
   <div class='ocr_carea' id='block_1_110' title="bbox 2138 4744 3807 4822">
    <p class='ocr_par' dir='ltr' id='par_1_110' title="bbox 2138 4744 3807 4822">
     <span class='ocr_line' id='line_1_111' title="bbox 2138 4744 3807 4822; baseline 0.005 -21"><span class='ocrx_word' id='word_1_792' title='bbox 2138 4767 2251 4814; x_wconf 90' lang='grc' dir='ltr'>ται,</span> <span class='ocrx_word' id='word_1_793' title='bbox 2282 4746 2334 4800; x_wconf 83' lang='grc' dir='ltr'>έν</span> <span class='ocrx_word' id='word_1_794' title='bbox 2367 4744 2517 4819; x_wconf 81' lang='grc' dir='ltr'>ξύλῳ</span> <span class='ocrx_word' id='word_1_795' title='bbox 2573 4746 2704 4809; x_wconf 84' lang='grc' dir='ltr'>τοὺς</span> <span class='ocrx_word' id='word_1_796' title='bbox 2762 4744 2935 4811; x_wconf 87' lang='grc' dir='ltr'>πόδας</span> <span class='ocrx_word' id='word_1_797' title='bbox 2993 4748 3347 4822; x_wconf 83' lang='grc' dir='ltr'>καθηλώσας,</span> <span class='ocrx_word' id='word_1_798' title='bbox 3398 4751 3428 4806; x_wconf 77' lang='grc' dir='ltr'>ὅ</span> <span class='ocrx_word' id='word_1_799' title='bbox 3459 4748 3527 4822; x_wconf 79' lang='grc' dir='ltr'>δὴ</span> <span class='ocrx_word' id='word_1_800' title='bbox 3557 4755 3647 4808; x_wconf 77' lang='grc' dir='ltr'>καὶ</span> <span class='ocrx_word' id='word_1_801' title='bbox 3676 4759 3807 4809; x_wconf 81' lang='grc' dir='ltr'><strong>κοῦ-</strong></span> 
     </span>
    </p>
   </div>
   <div class='ocr_carea' id='block_1_111' title="bbox 2142 4833 3802 4918">
    <p class='ocr_par' dir='ltr' id='par_1_111' title="bbox 2142 4833 3802 4918">
     <span class='ocr_line' id='line_1_112' title="bbox 2142 4833 3802 4918; baseline 0.005 -28"><span class='ocrx_word' id='word_1_802' title='bbox 2142 4856 2275 4898; x_wconf 89' lang='grc' dir='ltr'>σπος</span> <span class='ocrx_word' id='word_1_803' title='bbox 2323 4833 2557 4910; x_wconf 87' lang='grc' dir='ltr'>λέγεται,</span> <span class='ocrx_word' id='word_1_804' title='bbox 2611 4835 2688 4899; x_wconf 84' lang='grc' dir='ltr'>εἰς</span> <span class='ocrx_word' id='word_1_805' title='bbox 2738 4835 3017 4894; x_wconf 86' lang='grc' dir='ltr'>ἀπώλειαν</span> <span class='ocrx_word' id='word_1_806' title='bbox 3067 4837 3120 4894; x_wconf 75' lang='grc' dir='ltr'>ἐν</span> <span class='ocrx_word' id='word_1_807' title='bbox 3169 4845 3287 4904; x_wconf 89' lang='grc' dir='ltr'>τοῖς</span> <span class='ocrx_word' id='word_1_808' title='bbox 3335 4837 3513 4916; x_wconf 78' lang='grc' dir='ltr'>ὄρεσιν</span> <span class='ocrx_word' id='word_1_809' title='bbox 3557 4839 3802 4918; x_wconf 78' lang='grc' dir='ltr'>ἔῤῥιψεν.</span> 
     </span>
    </p>
   </div>
   <div class='ocr_carea' id='block_1_112' title="bbox 2139 4921 3804 5008">
    <p class='ocr_par' dir='ltr' id='par_1_112' title="bbox 2139 4921 3804 5008">
     <span class='ocr_line' id='line_1_113' title="bbox 2139 4921 3804 5008; baseline 0.005 -27"><span class='ocrx_word' id='word_1_810' title='bbox 2139 4928 2437 5001; x_wconf 77' lang='grc' dir='ltr'>’Άγροικος</span> <span class='ocrx_word' id='word_1_811' title='bbox 2498 4921 2556 4979; x_wconf 83' lang='grc' dir='ltr'>δέ</span> <span class='ocrx_word' id='word_1_812' title='bbox 2610 4946 2693 4985; x_wconf 91' lang='grc' dir='ltr'>τις</span> <span class='ocrx_word' id='word_1_813' title='bbox 2745 4926 2973 4999; x_wconf 87' lang='grc' dir='ltr'>ὀνόματι</span> <span class='ocrx_word' id='word_1_814' title='bbox 3050 4923 3317 4994; x_wconf 77' lang='grc' dir='ltr'>Μελίϐιος</span> <span class='ocrx_word' id='word_1_815' title='bbox 3383 4934 3575 4986; x_wconf 78' lang='grc' dir='ltr'>τοῦτον</span> <span class='ocrx_word' id='word_1_816' title='bbox 3624 4932 3804 5008; x_wconf 84' lang='grc' dir='ltr'>εὑρὼν</span> 
     </span>
    </p>
   </div>
   <div class='ocr_carea' id='block_1_113' title="bbox 2136 5011 3800 5091">
    <p class='ocr_par' dir='ltr' id='par_1_113' title="bbox 2136 5011 3800 5091">
     <span class='ocr_line' id='line_1_114' title="bbox 2136 5011 3800 5091; baseline 0.005 -23"><span class='ocrx_word' id='word_1_817' title='bbox 2136 5013 2487 5089; x_wconf 79' lang='grc' dir='ltr'>ἀνεθρέψατο,</span> <span class='ocrx_word' id='word_1_818' title='bbox 2530 5011 2800 5072; x_wconf 52' lang='grc' dir='ltr'>Οἶλδίποδα</span> <span class='ocrx_word' id='word_1_819' title='bbox 2850 5015 3227 5091; x_wconf 85' lang='grc' dir='ltr'>μετονομάσας</span> <span class='ocrx_word' id='word_1_820' title='bbox 3256 5015 3348 5073; x_wconf 78' lang='grc' dir='ltr'>διὰ</span> <span class='ocrx_word' id='word_1_821' title='bbox 3375 5019 3437 5074; x_wconf 86' lang='grc' dir='ltr'>τὸ</span> <span class='ocrx_word' id='word_1_822' title='bbox 3465 5018 3595 5084; x_wconf 77' lang='grc' dir='ltr'>τοὺς</span> <span class='ocrx_word' id='word_1_823' title='bbox 3623 5018 3800 5086; x_wconf 85' lang='grc' dir='ltr'>πόδας</span> 
     </span>
    </p>
   </div>
   <div class='ocr_carea' id='block_1_114' title="bbox 2138 5101 3803 5183">
    <p class='ocr_par' dir='ltr' id='par_1_114' title="bbox 2138 5101 3803 5183">
     <span class='ocr_line' id='line_1_115' title="bbox 2138 5101 3803 5183; baseline 0.006 -26"><span class='ocrx_word' id='word_1_824' title='bbox 2138 5101 2301 5158; x_wconf 83' lang='grc' dir='ltr'>αύτοῦ</span> <span class='ocrx_word' id='word_1_825' title='bbox 2361 5104 2413 5158; x_wconf 88' lang='grc' dir='ltr'>έν</span> <span class='ocrx_word' id='word_1_826' title='bbox 2483 5107 2562 5175; x_wconf 80' lang='grc' dir='ltr'>τῷ</span> <span class='ocrx_word' id='word_1_827' title='bbox 2639 5102 2786 5177; x_wconf 79' lang='grc' dir='ltr'>ξύλῳ</span> <span class='ocrx_word' id='word_1_828' title='bbox 2845 5102 3190 5178; x_wconf 84' lang='grc' dir='ltr'>διῳδηκότας</span> <span class='ocrx_word' id='word_1_829' title='bbox 3259 5106 3588 5183; x_wconf 78' lang='grc' dir='ltr'>ὂγκωθῆναι.</span> <span class='ocrx_word' id='word_1_830' title='bbox 3646 5112 3803 5168; x_wconf 80' lang='grc' dir='ltr'>Μετὰ</span> 
     </span>
    </p>
   </div>
   <div class='ocr_carea' id='block_1_115' title="bbox 2135 5194 3801 5276">
    <p class='ocr_par' dir='ltr' id='par_1_115' title="bbox 2135 5194 3801 5276">
     <span class='ocr_line' id='line_1_116' title="bbox 2135 5194 3801 5276; baseline 0.006 -29"><span class='ocrx_word' id='word_1_831' title='bbox 2135 5197 2303 5250; x_wconf 73' lang='grc' dir='ltr'>ταῦτα</span> <span class='ocrx_word' id='word_1_832' title='bbox 2335 5196 2468 5267; x_wconf 84' lang='grc' dir='ltr'>γυνή</span> <span class='ocrx_word' id='word_1_833' title='bbox 2502 5215 2586 5257; x_wconf 89' lang='grc' dir='ltr'>τις</span> <span class='ocrx_word' id='word_1_834' title='bbox 2618 5194 2847 5269; x_wconf 83' lang='grc' dir='ltr'>ὀνόματι</span> <span class='ocrx_word' id='word_1_835' title='bbox 2890 5197 3084 5276; x_wconf 71' lang='grc' dir='ltr'>Σφίγξ,</span> <span class='ocrx_word' id='word_1_836' title='bbox 3118 5196 3393 5268; x_wconf 82' lang='grc' dir='ltr'>δυσειδής,</span> <span class='ocrx_word' id='word_1_837' title='bbox 3427 5200 3801 5273; x_wconf 86' lang='grc' dir='ltr'>κατάμαστος,</span> 
     </span>
    </p>
   </div>
   <div class='ocr_carea' id='block_1_116' title="bbox 2137 5282 3806 5366">
    <p class='ocr_par' dir='ltr' id='par_1_116' title="bbox 2137 5282 3806 5366">
     <span class='ocr_line' id='line_1_117' title="bbox 2137 5282 3806 5366; baseline 0.004 -31"><span class='ocrx_word' id='word_1_838' title='bbox 2137 5282 2436 5357; x_wconf 81' lang='grc' dir='ltr'>χωριτικὴ,</span> <span class='ocrx_word' id='word_1_839' title='bbox 2482 5283 2616 5356; x_wconf 87' lang='grc' dir='ltr'>μετᾶ</span> <span class='ocrx_word' id='word_1_840' title='bbox 2671 5282 2922 5354; x_wconf 80' lang='grc' dir='ltr'>πλήθους</span> <span class='ocrx_word' id='word_1_841' title='bbox 2972 5285 3247 5361; x_wconf 82' lang='grc' dir='ltr'>ἀγροίκων</span> <span class='ocrx_word' id='word_1_842' title='bbox 3281 5287 3357 5350; x_wconf 84' lang='grc' dir='ltr'>είς</span> <span class='ocrx_word' id='word_1_843' title='bbox 3389 5291 3636 5366; x_wconf 76' lang='grc' dir='ltr'>κορυφήν</span> <span class='ocrx_word' id='word_1_844' title='bbox 3668 5288 3806 5363; x_wconf 88' lang='grc' dir='ltr'>μίαν</span> 
     </span>
    </p>
   </div>
   <div class='ocr_carea' id='block_1_117' title="bbox 2136 5367 3805 5452">
    <p class='ocr_par' dir='ltr' id='par_1_117' title="bbox 2136 5367 3805 5452">
     <span class='ocr_line' id='line_1_118' title="bbox 2136 5367 3805 5452; baseline 0.005 -28"><span class='ocrx_word' id='word_1_845' title='bbox 2136 5370 2308 5443; x_wconf 87' lang='grc' dir='ltr'>μόνην</span> <span class='ocrx_word' id='word_1_846' title='bbox 2355 5367 2567 5425; x_wconf 78' lang='grc' dir='ltr'>εἷ’σοδον</span> <span class='ocrx_word' id='word_1_847' title='bbox 2614 5372 2706 5427; x_wconf 77' lang='grc' dir='ltr'>καὶ</span> <span class='ocrx_word' id='word_1_848' title='bbox 2758 5374 2961 5444; x_wconf 86' lang='grc' dir='ltr'>ταύτην</span> <span class='ocrx_word' id='word_1_849' title='bbox 3014 5376 3351 5448; x_wconf 84' lang='grc' dir='ltr'>στενωτάτην</span> <span class='ocrx_word' id='word_1_850' title='bbox 3397 5373 3642 5452; x_wconf 78' lang='grc' dir='ltr'>ἔχουσαν</span> <span class='ocrx_word' id='word_1_851' title='bbox 3673 5389 3805 5442; x_wconf 88' lang='grc' dir='ltr'>καθ-</span> 
     </span>
    </p>
   </div>
   <div class='ocr_carea' id='block_1_118' title="bbox 2137 5458 3805 5542">
    <p class='ocr_par' dir='ltr' id='par_1_118' title="bbox 2137 5458 3805 5542">
     <span class='ocr_line' id='line_1_119' title="bbox 2137 5458 3805 5542; baseline 0.004 -27"><span class='ocrx_word' id='word_1_852' title='bbox 2137 5460 2309 5529; x_wconf 87' lang='grc' dir='ltr'>ίσασα,</span> <span class='ocrx_word' id='word_1_853' title='bbox 2340 5458 2654 5535; x_wconf 77' lang='grc' dir='ltr'>λῃστρικῶς</span> <span class='ocrx_word' id='word_1_854' title='bbox 2696 5462 2827 5525; x_wconf 87' lang='grc' dir='ltr'>τοὺς</span> <span class='ocrx_word' id='word_1_855' title='bbox 2877 5465 3226 5540; x_wconf 80' lang='grc' dir='ltr'>παράγοντας</span> <span class='ocrx_word' id='word_1_856' title='bbox 3259 5463 3331 5521; x_wconf 85' lang='grc' dir='ltr'>δι’</span> <span class='ocrx_word' id='word_1_857' title='bbox 3364 5465 3577 5538; x_wconf 78' lang='grc' dir='ltr'>ἐκείνης</span> <span class='ocrx_word' id='word_1_858' title='bbox 3609 5466 3805 5542; x_wconf 62' lang='grc' dir='ltr'>ιῑινῇρτει</span> 
     </span>
    </p>
   </div>
   <div class='ocr_carea' id='block_1_119' title="bbox 2130 5548 3811 5631">
    <p class='ocr_par' dir='ltr' id='par_1_119' title="bbox 2130 5548 3811 5631">
     <span class='ocr_line' id='line_1_120' title="bbox 2130 5548 3811 5631; baseline 0.004 -25"><span class='ocrx_word' id='word_1_859' title='bbox 2130 5550 2223 5606; x_wconf 87' lang='grc' dir='ltr'>καὶ</span> <span class='ocrx_word' id='word_1_860' title='bbox 2277 5549 2375 5612; x_wconf 78' lang='grc' dir='ltr'>τὰς</span> <span class='ocrx_word' id='word_1_861' title='bbox 2430 5548 2606 5604; x_wconf 82' lang='grc' dir='ltr'>αὐτῶν</span> <span class='ocrx_word' id='word_1_862' title='bbox 2685 5550 2938 5627; x_wconf 76' lang='grc' dir='ltr'>ὑπάρξεις</span> <span class='ocrx_word' id='word_1_863' title='bbox 3010 5553 3295 5631; x_wconf 75' lang='grc' dir='ltr'>ἀφῃρεῖτο,</span> <span class='ocrx_word' id='word_1_864' title='bbox 3365 5555 3441 5618; x_wconf 86' lang='grc' dir='ltr'>ὡς</span> <span class='ocrx_word' id='word_1_865' title='bbox 3472 5555 3811 5612; x_wconf 88' lang='grc' dir='ltr'>ἀποστενοῦ-</span> 
     </span>
    </p>
   </div>
   <div class='ocr_carea' id='block_1_120' title="bbox 2134 5631 3807 5721">
    <p class='ocr_par' dir='ltr' id='par_1_120' title="bbox 2134 5631 3807 5721">
     <span class='ocr_line' id='line_1_121' title="bbox 2134 5631 3807 5721; baseline 0.006 -29"><span class='ocrx_word' id='word_1_866' title='bbox 2134 5649 2255 5703; x_wconf 86' lang='grc' dir='ltr'>σθαι</span> <span class='ocrx_word' id='word_1_867' title='bbox 2287 5639 2387 5701; x_wconf 82' lang='grc' dir='ltr'>τὰς</span> <span class='ocrx_word' id='word_1_868' title='bbox 2420 5631 2606 5709; x_wconf 74' lang='grc' dir='ltr'>Θήϐάς</span> <span class='ocrx_word' id='word_1_869' title='bbox 2655 5635 2725 5693; x_wconf 88' lang='grc' dir='ltr'>δι’</span> <span class='ocrx_word' id='word_1_870' title='bbox 2775 5640 2944 5712; x_wconf 77' lang='grc' dir='ltr'>αὐτῆς</span> <span class='ocrx_word' id='word_1_871' title='bbox 2996 5645 3136 5716; x_wconf 78' lang='grc' dir='ltr'>μήτε</span> <span class='ocrx_word' id='word_1_872' title='bbox 3186 5647 3443 5721; x_wconf 79' lang='grc' dir='ltr'>στρατοῦ,</span> <span class='ocrx_word' id='word_1_873' title='bbox 3477 5646 3609 5718; x_wconf 77' lang='grc' dir='ltr'>μήτ’</span> <span class='ocrx_word' id='word_1_874' title='bbox 3635 5646 3807 5702; x_wconf 74' lang='grc' dir='ltr'>αὐτοῦ</span> 
     </span>
    </p>
   </div>
  </div>
