4118 6414
450 367 528 424 75
1759 368 2162 431 GEORGlGlI
2208 370 2556 433 CEDRENI
3789 376 3872 435 '16

451 500 794 569 Abrahami,
832 517 1009 572 quem
1047 508 1324 573 patruum
1354 503 1542 557 Thara
1574 502 1799 571 habuit,
1830 502 2078 560 Abraha-

2214 524 2371 576 μινος
2432 502 2563 559 ἐτῶν
2612 504 2656 558 ο“
2686 501 2968 579 ἐγέννησεν
3037 504 3097 560 ἐκ
3157 504 3412 581 γυναικὸς
3470 508 3583 580 (39)
3642 504 3869 575 Ἕδνας,

450 606 615 645 mum
650 608 661 644 :
696 590 779 646 ita
808 593 966 646 enim
1002 609 1135 647 eum
1170 598 1358 649 mater
1386 593 1458 646 de
1491 593 1580 647 sui
1622 594 1803 663 patris
1852 595 2093 649 nomine

448 680 785 751 appellavit,
816 682 914 752 qui
950 690 1088 737 ante
1118 684 1347 754 nepotis
1380 683 1608 737 natales
1639 682 1752 738 vita
1784 683 2096 738 defunctus

445 769 657 824 fuerat.
694 772 985 826 Praeterea
1018 773 1195 825 ctiam
1222 771 1410 826 Thara
1438 774 1727 827 Arumum
1762 778 1821 827 et
1864 774 2096 827 Nacho-

445 874 572 913 rem
588 860 1313 929 procreavit.Abrahamus
1328 877 1570 915 uxorem
1596 861 1767 917 duxit
1781 862 2093 928 Saram,si—

443 946 501 1002 bi
532 963 565 1003 a
596 954 761 1019 patre
795 950 1194 1020 conjunctam.
1226 950 1328 1005 Hic
1360 951 1545 1017 solus,
1565 951 1842 1006 omnibus
1874 951 2093 1023 ubique

445 1037 788 1093 hominibus
818 1038 980 1093 cultu
1012 1038 1468 1094 simulacrorum
1501 1041 1560 1094 in
1594 1056 1855 1096 errorem
1907 1040 2092 1095 abdu-

444 1126 575 1191 etis,
607 1142 809 1181 verum
868 1128 1048 1182 Deum
1104 1128 1345 1200 agnovit
1374 1129 1754 1200 universique
1811 1128 2093 1200 Opiﬁcem

442 1214 1164 1287 praedicavit,primusque
1197 1217 1383 1272 altare
1415 1217 1728 1273 frondibus
1757 1218 2093 1290 palmarum

444 1311 501 1360 et
531 1305 799 1361 olearum
828 1305 927 1360 48
962 1306 1147 1361 cinxit
1177 1324 1189 1374 ;
1225 1323 1292 1362 ac
1316 1306 1424 1361 sub
1452 1324 1520 1361 eo
1550 1307 1810 1378 primum
1843 1308 1903 1361 in
1928 1325 2095 1363 sacra

442 1393 745 1465 Scriptura
777 1395 1022 1467 angelus
1056 1395 1442 1461 nominatur;
1474 1402 1532 1450 et
1561 1396 1633 1451 ab
1666 1397 1794 1467 ipso
1843 1397 2091 1469 Egyptii

440 1484 700 1553 positum
746 1484 1056 1539 stellarum
1110 1491 1169 1539 et
1225 1487 1599 1540 affectionem
1658 1502 2093 1557 numerumque

442 1572 754 1629 scientiam
785 1574 1141 1629 didicerunt.

509 1755 751 1808 Annum
769 1751 960 1807 astatis
973 1751 1317 1807 vicesimum
1335 1758 1614 1823 quartum
1630 1768 1811 1824 agens
1832 1752 2091 1808 Abraha-

2205 592 2470 667 θυγατρὸς
2502 587 2759 666 Ἀϐραὰμ
2790 591 3175 673 πατραὸἑΛφου
3208 594 3396 665 αὐτοῦ,
3442 597 3533 651 τὸν
3587 591 3867 671 Ἀϐραὰμ,

2205 680 2386 736 ὅντινα
2429 683 2462 751 ἠ
2522 686 2710 757 μήτηρ
2770 682 3017 739 ἐκάλεσεν
3080 684 3163 739 ἐπ’
3221 684 3451 759 ἀνόματι
3512 690 3608 740 τοῦ
3667 686 3867 755 ἑαυτῆς

2203 772 2430 847 πατρός·
2465 768 2597 850 ἔφθη
2662 772 2764 849 γὰρ
2823 772 3026 836 ἐκεῖνος
3084 774 3190 848 πρὸ
3249 781 3352 844 τῆς
3407 790 3608 829 τουτου
3669 777 3901 851 γεννή-,

2205 881 2342 923 σεως
2366 858 2826 930 τετελευτηκέναι.
2872 862 3160 936 Ἐγέννησε
3212 860 3267 918 δὲ
3319 858 3398 919 ἔτι
3454 865 3482 918 6
3531 862 3712 938 Θάρῥα
3769 863 3861 918 τὸν

2203 950 2388 1024 Ἀρὰμ
2437 949 2665 1005 καὶτὸν
2726 952 2953 1027 Ναχώρ.
3023 951 3081 1004 '0
3140 948 3198 1006 δὲ
3269 947 3522 1027 Ἀϐραὰμ
3590 948 3864 1025 λαμϐάνει

2204 1040 2352 1114 παρὰ
2381 1044 2477 1094 105
2506 1041 2711 1115 πατρὸς
2743 1046 2973 1115 γυναῖκα
3021 1043 3121 1109 τήν
3150 1040 3381 1116 Σάρραν.
3445 1040 3612 1104 Οὗτος
3677 1042 3864 1116 μόνος,

2202 1132 2311 1182 τῶν
2344 1128 2665 1203 ἁπανταχοῦ
2735 1130 2834 1198 τὴν
2868 1128 2955 1184 ἐπὶ
3006 1130 3073 1184 τὰ
3105 1127 3309 1185 είδιυλα
3361 1128 3577 1201 πλάνην
3636 1131 3869 1186 νοσούν-

2202 1237 2331 1289 των,
2380 1218 2473 1272 τὸν
2532 1217 2713 1287 ἀληθῆ
2776 1217 2903 1273 Θεὸν
2962 1215 3171 1293 ἐπέγνω
3224 1218 3314 1273 καὶ
3374 1222 3722 1293 Δημιουργὸν
3753 1223 3867 1274 τῶν

2204 1305 2357 1361 ὅλων
2379 1307 2690 1380 ἀνεκήρυξε.
2728 1307 2831 1363 Καὶ
2880 1313 3100 1382 πρῶτος
3158 1308 3221 1363 τὸ
3280 1311 3662 1384 θυσιαστήριον
3720 1306 3867 1363 κλά-

2205 1392 2318 1457 δοις
2371 1395 2629 1474 φοινίκων
2698 1395 2785 1451 καὶ
2848 1394 3046 1451 ἐλαιῶν
3107 1395 3361 1464 ἐκύκλου,
3422 1399 3512 1452 καὶ
3571 1396 3659 1452 ἐπὶ
3690 1397 3867 1452 αὐτοῦ

2202 1486 2435 1559 πρώτως
2466 1485 2779 1557 ὠνόμασται
2823 1484 3062 1563 ἅγγελος
3112 1485 3163 1541 ἐν
3209 1490 3278 1559 τῇ
3339 1486 3453 1557 θείᾳ
3516 1491 3723 1566 Γραφῇ.
3760 1486 3865 1540 Καὶ

2203 1574 2329 1649 παρ’
2388 1572 2552 1628 αὐτοῦ
2610 1573 2908 1650 Αἲγύπτιοι
2964 1576 3065 1644 τὴν
3121 1580 3229 1630 τῶν
3296 1574 3533 1651 ἀστέρων
3564 1578 3706 1640 θὲσιν
3767 1575 3865 1629 καὶ

2200 1663 2424 1731 ποίησιν
2457 1662 2548 1717 καί
2576 1664 2675 1731 τήν
2711 1663 3083 1737 ἀριθμητικὴν
3118 1665 3428 1739 ἐπιστήμην
3461 1664 3682 1740 ἔμαθον.

2270 1755 2390 1809 *Οτι
2429 1758 2509 1824 τῷ
2567 1751 2647 1809 κδ’
2703 1751 2810 1809 ἔτει
2862 1761 2962 1824 τῆς
3010 1755 3233 1825 ⁴ἡλικίας
3292 1755 3459 1812 αὐτοῦ
3515 1759 3542 1812 6
3603 1753 3867 1832 Ἀϐραὰμ

437 1858 568 1897 mus
598 1842 862 1914 agnitum
895 1842 1153 1897 universi
1185 1842 1469 1913 Opificem
1513 1842 1796 1897 adoravit.
1830 1843 2078 1915 Angelus

2200 1839 2447 1916 ἐπιγνοὺς
2479 1843 2570 1897 τὸν
2622 1848 2727 1897 τῶν
2789 1844 2933 1899 ὅλων
2991 1846 3118 1899 Θεὸν
3180 1846 3519 1921 προσεκύνει.
3581 1846 3866 1924 Ἀγγελος

433 1936 627 1986 aatem
661 1932 759 1986 Dei
783 1931 983 1986 docuit
1006 1946 1140 1986 eum
1165 1931 1520 1987 Hebraicum
1545 1933 2086 1999 sermonem,sicuti

431 2023 590 2079 idem
623 2024 869 2097 angelus
900 2025 1041 2079 Mosi
1074 2024 1247 2091 dixit,
1283 2030 1349 2079 ut
1397 2030 1487 2079 est
1510 2025 1571 2079 in
1628 2042 1806 2096 parva
1853 2025 2084 2080 Genesi.

432 2114 547 2171 Sed
578 2118 906 2171 etAramus
937 2130 1119 2170 uxore
1145 2115 1322 2171 ducta
1352 2115 1559 2170 Lotum
1585 2115 1797 2188 genuit
1814 2131 1880 2171 ac
1904 2115 2088 2171 filiam

433 2204 744 2271 Melcham,
775 2220 905 2276 quae
934 2205 1187 2260 Nachori
1220 2205 1442 2277 nupsit.

508 2385 879 2441 Abrahamus
904 2387 1030 2456 jam
1062 2386 1504 2457 sexagenarius,
1548 2403 1681 2444 cum
1740 2386 1965 2441 videret
2022 2402 2083 2441 se

438 2474 744 2531 suadendo
776 2480 1003 2546 patrem
1036 2481 1399 2546 caaterosque
1422 2474 1779 2533 domesticos
1811 2493 1840 2531 a
1875 2492 2079 2546 snper—

439 2565 666 2619 stitioso
699 2565 1155 2620 simulacrorum
1184 2564 1345 2619 cultu
1378 2564 1672 2621 deducere
1705 2583 1823 2620 non
1884 2581 2079 2637 posse,

436 2658 614 2709 noctu
632 2654 785 2708 clam
807 2654 1085 2708 omnibus
1100 2654 1303 2708 fanum
1319 2654 1776 2710 simulacrorum
1791 2655 2079 2712 incendit.

433 2745 571 2810 Quae
602 2760 735 2799 cum
768 2744 1441 2815 conflagrarent,fratres
1474 2760 1535 2799 re
1565 2744 1869 2800 intellecta
1900 2744 2082 2815 prosi-

430 2836 764 2903 luerunt,ut
793 2853 860 2891 ex
897 2835 1089 2890 medio
1122 2836 1257 2907 igne
1289 2836 1609 2891 simulacra
1650 2837 1991 2905 eriperent;
2024 2841 2081 2889 et

431 2926 683 2979 Aramus
713 2941 847 2978 cum
876 2940 1007 2978 eam
1030 2940 1155 2978 rem
1188 2923 1399 2994 majori
1423 2929 1640 2978 conatu
1677 2924 2077 2993 moliretur,in

428 3013 625 3069 medio
657 3014 934 3068 incendio
968 3012 1337 3084 periit.Hunc
1369 3030 1502 3067 cum
1537 3018 1705 3083 pater
1733 3012 2078 3068 simulacro-

426 3120 561 3158 rum
591 3103 790 3173 opifex
821 3103 880 3157 in
915 3104 1027 3159 Ure
1060 3102 1333 3158 Cbaldeaa
1362 3103 1620 3175 regionis
1656 3101 1800 3157 urbe
1824 3103 2077 3157 humas-

426 3193 682 3260 set,inde
704 3194 954 3249 Cbarras
968 3193 1403 3265 Mesopotamiae
1425 3193 1629 3248 urbem
1647 3193 2075 3263 commigravit.

425 3284 504 3335 Eo
538 3280 651 3336 loci
683 3281 1043 3350 Abrahamo,
1079 3298 1214 3337 cum
1257 3299 1362 3352 per
1401 3282 1742 3352 quindecim
1774 3297 1962 3336 annos
2017 3282 2077 3335 in

421 3371 652 3426 familia
682 3372 865 3443 patris
895 3372 1155 3439 vixisset,
1189 3378 1362 3427 nocte
1395 3371 1650 3443 quadam
1683 3372 1864 3427 subiit
1896 3388 1967 3427 ex
1998 3372 2078 3426 si-

429 3459 637 3515 derum
671 3467 833 3515 motu
868 3461 1237 3532 insequentis
1262 3462 1546 3533 temporis
1564 3467 1781 3517 statum
1806 3461 2078 3519 conside-

428 3550 807 3621 rare,quippe
820 3567 940 3605 non
960 3551 1339 3605 mediocriter
1361 3568 1596 3607 omnem
1614 3567 1743 3606 eam
1766 3552 2076 3607 scientiam

430 3639 616 3710 patris
629 3639 899 3694 doctrina
911 3645 1087 3710 atque
1102 3641 1525 3695 exercitatione
1542 3641 1766 3695 tenenti
1778 3641 1945 3712 .Ergo
1960 3642 2077 3695 sin-

428 3729 581 3801 gulis
612 3729 684 3784 de
716 3729 931 3799 quibus
965 3730 1266 3800 quaerebat
1306 3731 2075 3800 consideratis,supervaca-

428 3834 601 3873 neam
626 3836 753 3876 esse
774 3818 1107 3874 universam
1132 3820 1302 3874 istam
1328 3819 1730 3875 curiositatem
1750 3819 2075 3891 deprehen-

427 3907 532 3977 dit,
559 3909 659 3963 49
683 3907 840 3979 quod
865 3909 1019 3964 Deus
1039 3926 1142 3980 pro
1167 3926 1273 3964 sua
1301 3909 1599 3963 voluntate
1618 3909 1820 3964 omnia
1840 3926 1970 3978 qua:
1991 3910 2074 3964 di-

410 3998 630 4053 vinatio
645 3998 1018 4069 praedixisset
1032 4005 1255 4055 mutare
1270 4004 1485 4071 posset.
1497 3999 1513 4053 l
1526 4006 1700 4070 taque
1716 3999 1841 4053 hinc
1853 4016 1881 4052 e
1893 4004 1912 4052 t
1923 3998 2071 4054 alias

408 4086 470 4140 id
500 4104 686 4160 genus
742 4104 835 4142 res
887 4088 1043 4143 serio
1085 4094 1261 4158 atque
1312 4093 1434 4142 toto
1484 4086 1659 4142 corde
1721 4087 2067 4158 repudians,

404 4176 850 4248 perfectamque
869 4183 1054 4232 Deum
1070 4177 1304 4232 colendi
1322 4177 1602 4247 pietatem
1624 4176 2063 4245 demonstrans,

399 4265 480 4321 ita
503 4271 591 4321 est
609 4284 643 4321 a
670 4268 784 4321 Deo
813 4266 1233 4339 compellatus:
1263 4265 1597 4337 «Egredere
1624 4283 1693 4321 ex
1717 4271 1874 4321 terra
1895 4272 1992 4322 tua
2010 4272 2067 4321 et

399 4361 572 4425 gente
606 4362 704 4411 tua
727 4361 871 4411 etex
900 4356 1126 4411 familia
1148 4362 1303 4411 tua.»
1328 4356 1533 4425 Itaque
1556 4372 1688 4410 cum
1712 4373 1891 4411 uxore
1918 4357 2059 4411 Sara

399 4448 457 4497 et
478 4443 675 4515 fratris
694 4443 815 4499 filio
842 4445 980 4498 Loto
1000 4444 1061 4497 in
1085 4443 1420 4514 portionem
1438 4443 1830 4515 progenitoris
1850 4445 1936 4499 sui
1954 4446 2062 4499 Ar—

2196 1926 2252 1985 δέ
2309 1932 2506 2005 Κυρίου
2570 1929 2804 2003 ἐδίδαξεν
2874 1932 3035 1988 αὐτὸν
3103 1935 3202 2003 τήν
3251 1929 3514 2009 Ἐϐραίδα
3570 1935 3863 2013 γλῶσσαν,

2191 2020 2369 2084 καθὼς
2398 2021 2559 2083 αὐτὸς
2590 2023 2618 2076 6
2649 2021 2883 2097 ἄγγελος
2914 2027 2994 2095 τῷ
3024 2025 3270 2098 Μωοϋσῇ
3331 2026 3503 2095 εἶπεν,
3535 2025 3609 2087 ὡς
3644 2028 3724 2100 [Ρ.
3761 2029 3863 2101 27]

2191 2107 2276 2163 ἐπὶ
2310 2113 2379 2182 τῇ
2411 2107 2588 2184 λεπτῇ
2638 2117 2813 2167 κεῖται
2854 2115 3078 2170 Γενὲσει.
3134 2113 3236 2171 Καὶ
3288 2116 3316 2169 6
3345 2116 3527 2191 Ἀρὰμ
3557 2113 3616 2170 δὶ
3645 2116 3862 2192 ἀγόμε-

2190 2220 2280 2262 νος
2311 2207 2541 2276 γυναῖκα
2573 2202 2819 2278 ἐγέννησε
2857 2204 2949 2259 τὸν
2980 2204 3124 2272 Λὼτ,
3184 2203 3451 2282 θυγατέρα
3503 2205 3560 2261 δὲ
3591 2206 3855 2282 Μελχάν.

2189 2290 2407 2360 Ταύτην
2440 2292 2468 2345 6
2501 2292 2710 2366 Ναχὼρ
2743 2287 3013 2366 λαμϐάνει
3044 2299 3291 2369 γυναῖκα.

2259 2376 2404 2449 ’Ήδη
2440 2375 2497 2434 δὲ
2527 2380 2816 2452 ἑξηκοστὸν
2875 2378 2995 2444 ’ἐτος
3056 2378 3203 2458 ἄγων
3232 2383 3260 2436 ὃ
3291 2377 3562 2457 Ἀϐραὰμ,
3622 2384 3696 2446 ὡς
3749 2386 3865 2441 οὐκ

2189 2466 2363 2522 ἐδόκει
2394 2468 2485 2523 τὸν
2517 2468 2724 2543 πατέρα
2752 2469 2954 2534 πείθειν
3012 2472 3101 2524 καὶ
3162 2471 3290 2531 τοὺς
3343 2469 3555 2533 ἄλλους
3616 2471 3862 2537 οἰκείους

2192 2564 2293 2627 τῆς
2316 2557 2439 2632 περὶ
2482 2559 2549 2612 τὰ
2580 2556 2782 2613 εῗδωδα
2840 2559 3176 2634 ἀποσχέσθαι
3232 2557 3685 2632 δεισιδαιμονίας,
3721 2561 3867 2617 λαν-

2193 2646 2339 2710 θάνει
2372 2648 2563 2709 νυκτὸς
2596 2653 2703 2702 τῶν
2763 2647 3011 2704 εἶ’δώλων
3074 2647 3359 2725 ἐμπρήσας
3414 2650 3505 2704 τὸν
3563 2652 3719 2705 οἶκον
3750 2650 3866 2708 Αὖ-

2190 2741 2299 2791 τῶν
2340 2733 2397 2790 δὲ
2429 2735 2871 2805 ὲξαναλουμὲνων
2919 2740 2971 2793 οἱ
3001 2736 3229 2816 ἀδελφοὶ
3289 2742 3581 2809 νοήσαντες
3636 2740 3864 2811 ἀναπη-

2188 2824 2345 2895 δῶοι,
2385 2825 2715 2899 βουλόμενοι
2758 2825 2817 2882 ἐκ
2886 2828 3052 2902 μέσου
3104 2832 3201 2882 τοῦ
3250 2829 3421 2902 πυρὸς
3481 2827 3750 2902 ἐξελέσθαι
3781 2832 3864 2884 τὰ

2188 2912 2393 2970 εἷ’δωλα
2450 2914 2885 2991 Φιλοτιμὸτερον
2963 2915 3018 2971 δὲ
3078 2919 3105 2971 6
3173 2918 3351 2991 Ἀρὰμ
3405 2918 3483 2990 τῷ
3566 2920 3858 2993 πράγματι

2185 3007 2628 3082 προσφερόμενος
2690 3006 2742 3060 ἐν
2833 3008 2983 3080 μὲσῳ
3058 3005 3425 3087 διαφθείρεται
3491 3012 3594 3062 105
3646 3010 3850 3079 πυρός.

2187 3096 2284 3149 Καὶ
2344 3094 2515 3169 θάψας
2562 3096 2722 3151 αὐτὸν
2759 3098 2787 3151 6
2816 3096 3262 3173 ἀγαλματοποιὸς
3321 3101 3503 3174 πατὴρ
3559 3098 3611 3153 ἐν
3642 3106 3739 3174 Ὠρ
3770 3103 3851 3173 τῇ

2186 3185 2347 3239 πόλει
2406 3183 2702 3241 Χαλδαίων
2762 3187 3138 3259 μενανίσταται
3186 3189 3274 3241 καί
3328 3188 3403 3250 εἲς
3464 3189 3679 3262 Χάρραν
3735 3196 3848 3258 τῆς

2190 3278 2616 3349 Μεσοποταμίας
2670 3274 2911 3352 ἔρχεται.
2973 3280 3140 3342 Ἔνθα
3171 3279 3199 3332 6
3247 3274 3496 3353 Ἀϐραὰμ
3553 3277 3851 3335 δεκαπέντε

2188 3363 2282 3435 ἔτη
2318 3369 2394 3437 νῷ
2424 3366 2587 3440 πατρὶ
2620 3369 2945 3437 συνοικήσας
2967 3366 3137 3422 ἑννοεῖ
3162 3388 3291 3423 πονε
3311 3369 3503 3430 νυκτὸς
3524 3369 3581 3423 ἐκ
3600 3376 3699 3439 τῆς
3730 3374 3851 3423 τῶν

2189 3453 2398 3529 ἄστρων
2455 3458 2721 3525 κινήσεως
2797 3460 2894 3511 105
2945 3456 3187 3519 ἐπιόντος
3243 3463 3436 3534 καιροῦ
3495 3460 3846 3532 κατασκέψα-

2189 3556 2309 3608 σθαι
2337 3546 2437 3612 τὴν
2472 3546 2760 3615 ποιότητα·
2782 3545 2849 3614 ἦν
2882 3546 2985 3620 γὰρ
3012 3547 3075 3600 οὐ
3112 3546 3348 3620 μετρίως
3382 3546 3485 3601 ὑπὸ
3506 3551 3605 3601 τοῦ
3635 3549 3853 3622 πατρὸς

2188 3634 2392 3688 ὰπασαν
2452 3637 2551 3704 τὴν
2638 3636 2894 3705 τοιαύτην
2954 3635 3264 3705 ἐξασκηθεὶς
3323 3634 3677 3709 ἐπιστήμην.
3736 3639 3850 3693 Καὶ

2186 3721 2253 3793 δὴ
2315 3725 2447 3797 μετὰ
2504 3727 2602 3795 τὴν
2661 3725 2887 3781 ἑκάστου
2947 3730 3056 3780 τῶν
3117 3726 3465 3800 ζητουμένων
3526 3725 3849 3801 διάγνωσιν,

2187 3814 2401 3885 συνίησι
2436 3816 2696 3889 περιττήν
2730 3816 2936 3870 ἅπασαν
2974 3816 3114 3870 εἶναι
3147 3816 3245 3884 τὴν
3304 3816 3564 3886 τοιαύτην
3618 3836 3849 3893 περιερ-

2183 3904 2326 3979 γίαν·
2397 3901 2649 3969 δύνασθαι
2710 3905 2813 3982 γὰρ
2868 3905 3019 3969 αὖθις
3076 3904 3171 3960 τὸν
3232 3906 3381 3972 Θεὸν,
3442 3905 3487 3960 εἰ
3546 3904 3842 3981 βούλοιτο,

2186 3993 2572 4065 μετασκευάσαι
2614 3994 2750 4067 πρὸς
2780 3994 2842 4048 τὸ
2889 3993 3088 4049 οἰκεῖον
3151 3991 3415 4068 βούλημα
3451 3994 3518 4049 τὰ
3547 4014 3839 4070 προεγνω-

2181 4085 2372 4156 σμὲνα.
2425 4088 2591 4137 Πᾶσιν
2639 4083 2729 4137 05v
2768 4082 2986 4144 τούτοις
3015 4083 3103 4137 καὶ
3133 4088 3248 4145 τοῖς
3276 4082 3550 4144 τοιούτοις
3608 4083 3658 4156 ἒξ
3693 4082 3841 4154 ὅλης

2176 4170 2579 4245 ἀποταξάμενος
2633 4175 2817 4248 ψυχῆς
2875 4172 2966 4227 καὶ
3026 4168 3288 4243 σπουδῆς,
3332 4173 3421 4227 καὶ
3465 4170 3678 4228 τελείαν
3728 4180 3837 4243 τῆς

2176 4263 2299 4336 περὶ
2331 4262 2393 4316 τὸ
2425 4267 2576 4317 Θεῖον
2620 4256 2892 4324 εὐσεϐείας
2950 4258 3075 4323 δοὺς
3134 4263 3233 4331 τήν
3288 4259 3585 4333 ἀπόδειξιν,
3643 4261 3836 4318 ἀκούει

2173 4351 2317 4425 παρὰ
2347 4355 2443 4404 105
2496 4355 2650 4406 Θεοῦ·
2690 4377 2709 4401 ι
2745 4351 2968 4424 Ἔξελθε
2999 4352 3058 4405 ἐκ
3114 4358 3214 4420 τῆς
3244 4354 3345 4426 γῆς
3381 4372 3473 4406 σου
3514 4351 3603 4405 καὶ
3636 4350 3695 4406 ἐκ
3726 4358 3833 4423 τῆς

2174 4438 2483 4516 συγγενείας
2523 4461 2618 4494 σου
2648 4438 2739 4495 καὶ
2799 4438 2857 4494 ἐκ
2884 4444 2982 4495 105
3017 4438 3171 4494 οἷ’κου
3227 4443 3323 4493 105
3382 4440 3588 4515 πατρός
3645 4461 3760 4495 σου.
3800 4464 3833 4493 ››

394 4532 655 4603 phaxadi
680 4533 1236 4606 commigravit,qua
1252 4532 1422 4604 potiti
1445 4539 1569 4586 tum
1594 4534 2059 4589 Chananmieam

2191 4529 2273 4583 (αἱ
2332 4526 2563 4598 ἐξελθὼν
2625 4530 2736 4601 ἅμα
2792 4533 2861 4603 τῇ
2922 4528 3135 4604 γυναικὶ
3192 4527 3377 4604 Σάρῥᾳ
3432 4529 3521 4583 καὶ
3567 4530 3692 4583 Λὼτ
3748 4533 3837 4601 τῷ

398 4626 621 4677 terram
638 4622 1109 4679 Cbananaeorum
1123 4621 1869 4691 denominaverunt,annos
1886 4629 2059 4678 natus

2191 4614 2446 4696 ιδελφιδῷ
2480 4618 2843 4692 μετοικίζεται
2886 4618 2963 4681 εἰς
2993 4623 3090 4686 τήν
3150 4616 3417 4698 Ἀρφαξάδ
3474 4624 3573 4674 105
3620 4619 3834 4693 πατρὸς

400 4715 489 4782 ‘75,
516 4730 672 4769 anno
704 4712 912 4767 mundi
946 4713 1109 4767 3387.
1142 4711 1515 4766 Abrahamus
1547 4729 1683 4783 ergo
1718 4712 2055 4767 Sicbemum

408 4808 472 4856 ut
500 4803 683 4871 venit,
717 4803 982 4857 monitus
1013 4790 1295 4865 oraculo;
1313 4800 1497 4855 altare
1553 4801 1707 4856 inter
1746 4802 2053 4858 Bethelam

389 4896 448 4945 et
479 4894 755 4964 Angaaam
806 4892 1116 4947 exstruxit.
1151 4890 1292 4945 Inde
1354 4890 1649 4961 Euphrate
1698 4892 2050 4947 transmisso

387 4981 773 5037 Hebraeorum
793 4985 1255 5051 cognomentum
1279 4996 1414 5034 cum
1438 4979 1560 5034 suis
1582 4980 1809 5035 invenit
1828 4981 1992 5051 (nam
2013 4997 2048 5035 a

2162 4706 2329 4762 αὐτοῦ
2366 4705 2580 4781 μερίδα,
2612 4709 2677 4778 ἢν
2709 4707 2761 4762 οἶ
2793 4713 3083 4763 Χαναναῖοι
3116 4708 3479 4787 κατασχόντες
3511 4716 3614 4785 γῆν
3636 4709 3785 4764 Χανα
3806 4741 3826 4752 -

2159 4798 2324 4852 ναίων
2369 4799 2836 4871 προσηγόρευσαν,
2895 4796 2969 4851 ὢν
3022 4798 3155 4853 ἑτῶν
3190 4805 3279 4853 σε’·
3337 4803 3436 4853 105
3496 4795 3555 4853 δὲ
3609 4799 3827 4871 κόσμου

2156 4889 2222 4957 ἧν
2282 4886 2401 4969 ἔτος
2454 4888 2875 4964 τρισχιλιοστὸν
2954 4891 3368 4965 τριακοσιοστὸν
3456 4888 3826 4968 ὀγδοηκοστὸν

2154 4972 2415 5051 ἓϐδομον.
2451 4977 2657 5033 Ἐλθὼν
2703 4975 2759 5033 δὲ
2788 4973 3047 5053 Ἀϐραὰμ
3106 4979 3182 5042 εἷς
3244 4980 3433 5055 Συχὲμ
3489 4979 3626 5035 κατὰ
3672 4982 3822 5035 θεῖον

1600 5068 1965 5125 XYLANDRI
2006 5071 2091 5124 ET
2130 5069 2345 5125 GOARI
2387 5070 2607 5126 ΝΟΤᾸΞ.

459 5162 574 5233 (39)
608 5164 674 5216 In
708 5167 910 5215 nostro
947 5159 1151 5215 codice
1186 5158 1469 5214 scribitur
1499 5158 1790 5233 θυγατρός,
1824 5165 1883 5214 et
1910 5173 2078 5214 annow

2191 5177 2234 5215 tl‘
2265 5176 2533 5230 superna.-
2565 5158 2816 5235 γυναικός
2842 5180 2855 5229 ;
2891 5160 3047 5231 quod
3081 5166 3321 5217 secutus
3350 5179 3503 5233 sum,
3538 5166 3826 5218 contextu

386 5250 783 5320 appmbame'
1256 5284 1485 5341 Nachor
1505 5284 1797 5339 Abramus

1632 5358 1800 5448 Ls.“
2028 5390 2401 5448 Abrahamus
2432 5392 2636 5447 Tharaa
2668 5397 2726 5447 et

1278 5427 1811 5483 Tharas—-——Edna

1419 5533 1615 5560 M—

2027 5468 2275 5534 patruus
2306 5470 2367 5519 et
2395 5480 2584 5519 socer.

1348 5669 1665 5735 Abramus,
1700 5668 1843 5738 quid
1874 5668 2090 5724 deinde
2120 5669 2492 5725 Abrahamus
2528 5687 2543 5736 ;

387 5777 568 5835 quam
600 5760 1004 5818 diversitatem
1033 5760 1126 5815 vel
1155 5760 1456 5816 Cedrenus
1489 5757 1577 5815 vel
1600 5758 1881 5817 librarius
1910 5759 2191 5832 neglexit,
2225 5759 2541 5831 diligenter
2568 5776 2603 5813 ι
2632 5760 2789 5815 Mosa
2821 5764 3187 5817 annotatam.
3220 5760 3353 5816 Χνι..
