4118 6422
258 418 323 479 ’Π
1425 410 1975 477 HISTORIARUM
2018 410 2431 473 GOMPENDI
2444 411 2583 475 UM.
3627 410 3706 472 78

268 558 530 636 χρησμὸν
567 553 906 631 ᾠκοδόμησε
931 554 1315 631 θυσιαστήριον
1376 553 1475 610 ἀνᾶ
1520 554 1681 627 μέσον
1726 549 1939 621 Βαιθὴλ

2055 552 2417 609 transeundo
2438 549 2667 607 Hebraai
2689 548 3358 624 dicuntur),quanquam
3378 547 3453 606 ad
3469 547 3700 606 Hebero

267 647 605 725 καὶἈγγαί.
642 647 984 723 Διαπεράσας
1015 644 1075 702 δὲ
1129 648 1220 702 τὸν
1282 645 1567 724 Εὐφράτην
1623 644 1723 713 τὴν
1773 663 1948 720 προσ-

268 740 519 813 ωνυμίαν
547 732 780 794 ἔλαϐεν*
816 732 1064 812 Ἑϐραῖοι
1096 735 1198 811 γὰρ
1229 741 1454 809 περᾶται
1487 732 1766 809 λεγονται.
1799 735 1867 792 Οἱ
1890 730 1947 788 δὲ

272 830 382 884 ἀπὸ
409 822 583 902 Ἔϐερ
618 825 883 903 λέγουσιν
916 824 1113 887 αὐτοὺς
1143 822 1426 880 καλεῖσθαι
1477 818 1783 898 Ἐϐραίους.
1842 823 1943 880 Καὶ

271 924 355 989 τῷ
413 923 502 973 πα¹
557 912 667 973 ἔτει
708 916 911 985 αὐτοῦ,
971 916 1095 985 ἢτοι
1148 918 1229 988 τῷ
1289 915 1331 984 ζ’
1360 907 1466 969 ἔτει
1496 914 1609 987 (40)
1637 919 1738 983 τῆς
1782 912 1947 968 αὐτοῦ

272 1006 596 1084 παροικίας,
629 1004 902 1077 κατῆλθεν
943 1004 1017 1067 εἷς
1044 1002 1316 1078 Αἴγυπτον
1349 1002 1484 1077 μετᾶ
1534 1001 1767 1079 Σάρρας.

346 1096 579 1152 τοῦτοις
608 1101 728 1159 τοῖς
762 1095 989 1171 χρόνοις
1016 1095 1226 1168 ἤκμασε
1280 1089 1651 1170 Μελχισεδέκ,
1682 1092 1948 1167 παρθένος

270 1186 455 1261 ἱερεὺς
489 1184 950 1262 ἀγενεαλόγητος,
1011 1183 1062 1238 έν
1115 1181 1265 1257 ἂρτῳ
1320 1183 1409 1237 καὶ
1470 1180 1603 1252 οἷ’νῳ
1652 1185 1948 1255 προτυπῶν

269 1278 380 1346 τήν
438 1275 777 1350 ἀναίμακτον
864 1273 1050 1329 θυσίαν
1108 1275 1349 1350 Χριστοῦ
1412 1276 1510 1328 τοῦ
1565 1277 1705 1329 Θεοῦ
1762 1274 1947 1346 ἡμῶν.

271 1364 402 1428 Υἱὸς
436 1363 498 1420 δὶ
542 1366 609 1435 ἦν
640 1365 669 1419 6
711 1361 1062 1421 Μελχισεδὲκ
1117 1360 1284 1419 Σίὸου
1334 1360 1627 1438 βασιλέως,
1682 1361 1807 1416 υἱοῦ
1853 1360 1947 1438 Al:

270 1454 518 1533 γόπτου,
550 1431 611 1516 ’ός
641 1451 733 1509 καὶ
763 1451 938 1523 κτίζει
967 1450 1182 1508 Σιδῶνα
1209 1431 1399 1510 πόλιν.
1460 1449 1715 1525 Ἀπάτωρ
1773 1447 1830 1505 δὶ
1859 1431 1948 1505 καὶ

270 1543 520 1617 ἀμήτωρ
571 1543 663 1598 καὶ
721 1540 1160 1617 ἀγενεαλόγητος
1220 1538 1435 1616 λέγεται
1496 1537 1584 1594 διὰ
1639 1540 1703 1594 τὸ
1763 1541 1837 1613 μή
1898 1539 1950 1612 ἐξ

272 1628 601 1699 Ἰουδαϊκῆς
629 1636 829 1707 γενεᾶς
885 1630 1211 1707 κατάγεσθαι
1270 1628 1360 1683 καὶ
1415 1626 1504 1683 διὰ
1535 1629 1597 1685 τὸ
1627 1628 1753 1691 τοὺς
1779 1633 1950 1706 γονεῖς

268 1722 451 1776 αὑτοῦ
515 1719 793 1795 πονηροὺς
854 1716 1013 1781 ὄντας
1076 1721 1152 1793 μὴ
1212 1717 1559 1795 ἀριθμεῖσθαι
1601 1718 1738 1791 μετά
1768 1717 1950 1802 ὁσίων,

263 1811 359 1866 καῖ
394 1808 482 1865 8τὶ
515 1816 627 1865 τῶν
673 1808 996 1866 Χαναναίων
1031 1809 1218 1885 ἂρχων
1246 1810 1345 1877 τῆς
1402 1806 1770 1881 Ἰερουσαλὴμ
1826 1802 1949 1861 έϐα-

2052 641 2153 697 alii
2174 642 2232 698 id
2247 657 2466 697 nomen
2482 639 2807 697 deductum
2820 639 3279 695 sentiant.Anno
3292 638 3482 694 aetatis
3496 655 3619 693 sua
3635 639 3698 692 81

2052 748 2157 789 seu
2188 730 2685 804 peregrinationis
2715 729 2994 800 septimo,
3026 729 3085 783 in
3118 729 3425 799 Egyptum
3450 744 3587 783 cum
3610 728 3709 783 Sa-

2050 838 2117 878 ra
2147 820 2475 876 descendit.

2122 1004 2351 1060 Floruit
2371 1020 2439 1059 eo
2462 1008 2731 1075 tempore
2753 1000 3483 1071 Melchisedecus,cmlebs,
3508 1015 3707 1057 sacer-

2052 1093 2160 1150 dos
2174 1099 2232 1149 et
2245 1094 2459 1166 ignota:
2472 1092 2803 1165 stirpis,qui
2818 1092 3179 1148 incruentam
3190 1090 3479 1147 victimam
3488 1089 3707 1147 Christi

2054 1181 2155 1238 Dei
2175 1182 2361 1238 nostri
2382 1197 2535 1255 pane
2550 1187 2606 1237 et
2624 1181 2757 1236 vino
2763 1181 2891 1252 jam
2909 1187 3036 1236 tum
3060 1178 3543 1253 repraesentabat.
3553 1179 3705 1235 Sane

2054 1271 2105 1327 is
2119 1270 2280 1327 ﬁlius
2292 1271 2568 1327 fuitSidaa
2586 1270 2763 1341 regis,
2789 1270 2897 1325 tllii
2914 1270 3161 1342 Egypti,
3187 1269 3287 1341 qui
3303 1268 3588 1324 Sidonem
3610 1284 3706 1323 ex-

2056 1362 2289 1428 struxit;
2309 1362 2416 1418 sed
2438 1368 2602 1434 patre
2620 1378 2687 1418 ac
2699 1368 2887 1419 matre
2908 1361 3484 1432 carereincertaaque
3502 1359 3706 1432 stirpis

2055 1454 2294 1521 dicitur,
2328 1454 2487 1527 quod
2516 1471 2702 1527 genus
2735 1470 2908 1510 suum
2942 1471 2976 1510 a
3002 1452 3222 1509 Iudaeis
3248 1469 3369 1509 non
3398 1451 3585 1519 duxit,
3645 1456 3706 1506 et

2057 1545 2197 1616 quia
2230 1550 2506 1617 parentes
2538 1543 2968 1617 ejus,homines
2998 1543 3305 1611 mali,cum
3327 1541 3443 1613 piis
3470 1555 3594 1595 non
3616 1556 3707 1594 re-

2058 1640 2528 1701 censentur;tum
2545 1633 2700 1705 quod
2713 1633 3062 1689 Chananaais
3075 1629 3705 1704 imperansJerusalem

2056 1740 2237 1797 regno
2270 1723 2546 1779 tenebat:
2572 1722 2790 1778 melchi
2814 1723 2972 1777 enim
2994 1719 3397 1793 regem,sedec
3406 1719 3704 1792 justitiam

2060 1812 2706 1887 significatJerusalem
2726 1811 2889 1867 urbis
2913 1827 3131 1867 nomen
3151 1816 3257 1879 est,
3279 1825 3413 1865 cum
3433 1808 3533 1864 50
3564 1812 3704 1864 ante

275 1899 487 1956 σίλευε·
554 1898 733 1975 μελχῖ
774 1901 878 1975 γὰρ
934 1897 1190 1986 βασιλεὺς
1241 1897 1619 1973 ἑρμηνεύεται,
1696 1894 1842 1958 σεδὶς
1895 1893 1942 1951 δῖ

2058 1900 2237 1956 Iebus
2267 1900 2673 1974 appellaretur
2700 1899 2773 1954 ab
2806 1898 3207 1955 incolentibus
3240 1913 3368 1952 eam
3398 1895 3700 1952 Jebusaais.

270 1987 1029 2065 ὃικαιοσίρνη.⁴ιερουσαλὴμ
1086 1985 1141 2043 δὲ
1196 1988 1285 2042 καὶ
1430 1985 1595 2049 πόλις
1626 1986 1939 2061 ὠνομάσθη,

276 2079 475 2152 πρῴην
504 2073 709 2141 ἰεϐοῦς
745 2080 830 2152 [Ρ.
864 2079 979 2153 28].
1014 2076 1287 2153 λεγομένη
1322 2073 1410 2131 διὰ
1463 2076 1525 2131 τὸ
1578 2070 1940 2140 Ἰεϐουσαίους

283 2168 456 2221 οἰκεῖν
490 2166 538 2221 ἒν
570 2166 725 2241 αὐτῇ.
753 2166 832 2224 Τὸ
867 2165 971 2243 γὰρ
1002 2161 1209 2230 Ἱεϐοῦς
1236 2166 1372 2220 κατά
1427 2166 1639 2241 τροπὴν
1668 2170 1764 2220 τοῦ
1797 2166 1828 2241 β
1864 2164 1938 2227 εἷς

291 2278 323 2330 ρ
352 2258 555 2331 γίνεται
583 2257 769 2331 Ἱεροῦ·
796 2255 860 2311 τὸ
893 2251 951 2311 δέ
1010 2255 1200 2327 σαλὴμ
1254 2250 1679 2330 προστιθέμενον
1736 2256 1937 2327 Ἰερου-

288 2344 483 2421 σαλὴμ
513 2343 683 2420 ὄνομα
714 2345 993 2402 ἀποτελεῖ.
1031 2342 1235 2419 Σαλῆμ
1264 2346 1369 2423 γᾶρ
1402 2344 1624 2421 εἰρήνην
1659 2343 1937 2419 σημαίνει.

283 2437 464 2492 Τοῦτο
498 2432 554 2490 ’ὁὶ
583 2434 879 2509 ὠνομάσθη
911 2433 948 2504 ἤ
981 2431 1068 2489 διὰ
1124 2434 1186 2489 τὸ
1241 2434 1332 2491 τὸν
1389 2432 1735 2511 Μελχισεδὲκ
1791 2436 1938 2510 ἱερα-

271 2524 451 2579 τεῦειν
483 2529 602 2597 Θεῷ
634 2523 685 2579 ἐν
717 2524 878 2599 αὐτῇ,
907 2520 944 2593 ἤ
1007 2521 1094 2579 διὰ
1150 2525 1213 2579 τὸ
1270 2524 1417 2600 ἱερὸν
1449 2524 1589 2580 εἶναι
1646 2529 1745 2580 τοῦ
1803 2529 1938 2581 Θεοῦ

274 2613 417 2669 κατά
446 2612 638 2669 τόπον.
667 2614 845 2670 Τοῦτο
876 2611 934 2669 δὶ
981 2611 1071 2668 καὶ
1130 2611 1218 2668 ἐπὶ
1278 2617 1374 2668 τοῦ
1414 2610 1691 2688 Ἰορδάνου
1724 2613 1937 2691 γέγονε·

270 2699 373 2757 δύο
400 2704 508 2779 γάρ
540 2703 785 2777 ποταμοὶ
807 2704 837 2757 ’ὀ
871 2723 929 2758 τε
961 2703 1065 2778 Ἰὸρ
1096 2704 1185 2757 καὶ
1244 2704 1272 2758 6
1331 2703 1432 2759 Δὰν
1464 2703 1792 2780 μιγνύμενοι
1848 2704 1937 2759 καὶ

268 2792 360 2847 ἶνα
389 2795 643 2866 ποταμὸν
675 2790 1068 2855 ἀποτελοῦντες
1126 2794 1218 2848 καὶ
1275 2792 1369 2855 τὰς
1428 2792 1743 2868 ἐπωνυμίας
1784 2793 1938 2864 ἥνω-

279 2901 399 2937 σαν,
436 2881 593 2937 Ἑπεί
630 2878 686 2935 δὶ
713 2880 822 2935 ἀπὸ
851 2879 1151 2956 ἀλλοτρίου
1190 2875 1372 2941 ἔθνους
1405 2880 1493 2936 καὶ
1527 2882 1630 2937 οὐκ
1679 2880 1786 2937 ἀπὸ
1842 2886 1940 2937 τοῦ

276 2964 550 3043 Ἀϐραὰμ
608 2970 637 3023 6
690 2966 1035 3045 Μελχισεδὲκ
1091 2970 1402 3044 κατάγεται,
1460 2970 1563 3026 οὐκ
1618 2969 1822 3051 ἒγράφη
1883 2969 1940 3026 δὲ

277 3058 413 3115 πότε
444 3059 716 3134 ἒγεννήθη
744 3062 832 3116 καὶ
867 3062 974 3116 ἀπὸ
1005 3062 1165 3117 ποίου
1222 3063 1428 3136 πατρὸς
1484 3063 1572 3117 καὶ
1638 3064 1846 3138 μητρὸς
1901 3061 1937 3132 ἤ

268 3150 408 3205 πότε
434 3149 693 3217 ἀπέθανε,
726 3148 949 3213 δικαίως
982 3151 1042 3206 ἄν
1096 3149 1315 3228 λέγοιτο
1373 3153 1513 3225 μήτε
1563 3152 1744 3229 ἀρχὴν
1800 3156 1936 3227 ἡμε-

2056 1993 2202 2047 Nam
2231 1991 2270 2045 Β
2298 1990 2358 2045 in
2391 1991 2435 2045 R
2467 1994 2694 2045 mutato
2730 2005 2797 2044 ex
2827 1987 2973 2043 Jebu
3005 1988 3071 2042 οι
3099 1989 3234 2041 Jeru
3264 2004 3277 2051 ;
3309 1985 3403 2041 cui
3435 1984 3703 2040 additum

2054 2079 2239 2135 salem
2269 2077 2594 2134 Jerusalem
2627 2077 2896 2133 absolvit.
2930 2077 3029 2132 Est
3085 2081 3281 2131 autem
3315 2074 3498 2129 salem
3550 2089 3701 2144 pax;

2053 2170 2230 2241 idque
2263 2185 2483 2224 nomen
2513 2168 2644 2223 loco
2663 2167 2898 2237 obtigit,
2926 2165 3018 2221 vel
3052 2165 3210 2236 quod
3240 2162 3703 2219 Melchisedecus

2052 2260 2170 2314 Deo
2204 2258 2281 2314 ibi
2314 2258 2706 2323 sacrificabat,
2738 2256 2827 2311 vel
2860 2254 3018 2327 quod
3050 2253 3131 2309 ibi
3163 2254 3367 2309 fanum
3418 2252 3522 2307 Dei
3552 2258 3699 2307 erat.

2048 2348 2269 2404 Eodem
2293 2348 2471 2404 modo
2491 2346 2731 2403 Jordani
2759 2361 2979 2401 nomen
3008 2350 3097 2400 est
3118 2344 3339 2400 factum
3367 2360 3379 2397 :
3402 2342 3520 2397 duo
3542 2342 3704 2396 enim

2051 2456 2259 2495 amnes
2288 2440 2382 2494 Ior
2411 2445 2471 2494 et
2510 2440 2633 2494 Dan
2690 2436 3059 2492 confluentes
3090 2450 3397 2504 unumque
3456 2432 3701 2488 lluvium

2050 2530 2369 2587 reddentes
2401 2544 2887 2601 nomen,quoque
2921 2528 2972 2583 ei
3002 2526 3125 2582 suis
3156 2527 3215 2579 in
3245 2540 3433 2580 unum
3461 2538 3702 2594 compo-

2052 2620 2182 2675 sitis
2213 2619 2523 2674 dederunt.
2558 2619 2848 2685 Quoniam
2888 2632 3022 2671 vero
3068 2613 3531 2669 Melchisedecus
3582 2626 3701 2665 non

2051 2709 2503 2767 Abrahami.sed
2534 2708 2734 2764 aliena
2754 2705 2984 2762 familia
3004 2710 3170 2759 ortus
3200 2703 3533 2773 fuit,neque
3561 2700 3703 2755 scri-

2048 2805 2217 2871 ptum
2249 2805 2339 2854 est
2370 2797 2755 2870 quando,quo
2788 2802 2976 2868 patre.
3010 2810 3126 2866 qua
3157 2799 3349 2850 matre
3380 2796 3577 2857 natus,
3600 2793 3702 2845 aut

2052 2888 2289 2960 quando
2320 2894 2592 2944 mortuus
2622 2888 2718 2952 sit,
2753 2892 2911 2941 recte
2944 2884 3059 2939 dici
3092 2883 3279 2955 possit
3309 2897 3446 2937 eum
3502 2894 3698 2950 neque

2051 2977 2289 3033 initium
2323 2977 2555 3035 dierum
2585 2992 2778 3048 neque
2810 2974 2991 3030 ﬁnem
3022 2974 3151 3027 vitm
3182 2971 3427 3037 habere,
3461 2984 3596 3025 cum
3629 2983 3701 3023 ex

2051 3084 2171 3122 non
2204 3066 2687 3123 commemoratis
2717 3064 2993 3138 gentibus
3026 3063 3139 3118 orti
3171 3078 3357 3134 genus
3396 3056 3698 3115 recenseri

2049 3158 2401 3230 nequiverit.

268 3244 377 3313 ρῶν
414 3242 560 3313 μήτε
594 3245 739 3309 ζωῆς
769 3238 929 3303 τέλος
956 3235 1103 3318 ἔχειν
1136 3240 1317 3297 αὐτόν’
1348 3240 1411 3296 οὐ
1442 3241 1547 3318 γὰρ
1577 3239 1815 3311 ἠδύνατο
1845 3243 2332 3321 γενεαλογηθῆναι,
2365 3244 2425 3300 ἐκ
2452 3249 2561 3299 τῶν
2598 3242 3071 3321 παραλειφθέντων
3107 3239 3274 3305 ἐθνῶν
3306 3238 3695 3313 καταγόμενος,

336 3330 435 3399 Τῷ
482 3325 544 3384 δὲ
600 3329 691 3392 πς⁹
746 3326 850 3384 ἔτει
904 3333 1006 3384 τοῦ
1066 3323 1320 3405 Ἀϐραὰμ
1365 3326 1543 3384 ἔτεκεν
1611 3331 1791 3406 Ἀγαρ
1840 3329 1932 3385 τὸν

2121 3338 2293 3392 Anno
2324 3335 2645 3393 Abrahami
2676 3337 2765 3402 86,
2792 3334 2997 3389 mundi
3031 3333 3350 3403 3398,Agar
3376 3327 3697 3384 Ismaelum

270 3416 534 3490 Ἰσμαήλ·
576 3421 677 3472 τοῦ
709 3415 767 3472 δὲ
803 3418 1016 3491 κόσμου
1041 3418 1110 3487 ἦν
1142 3415 1260 3479 ἔτος
1309 3417 1498 3497 ,γτιιηῖ
1533 3420 1628 3474 Καὶ
1663 3423 1769 3495 πῦρ
1800 3420 1936 3475 κατὰ

273 3513 376 3574 τῆς
409 3502 806 3567 Πενταπόλεως
856 3505 1051 3576 ὑετίζει
1084 3506 1236 3575 Θεὸς,
1294 3506 1384 3560 καὶ
1418 3505 1697 3562 ἀναλίσκει
1736 3508 1832 3581 μὲν
1885 3507 1935 3578 ἐξ

275 3595 450 3664 αὐτῆς
484 3596 626 3650 ’ἁπαν
657 3594 721 3650 τὸ
768 3595 924 3670 γένος
983 3598 1090 3650 τῶν
1144 3595 1465 3671 ἀνθρώπων,
1525 3593 1821 3676 διαφθείρει
1882 3595 1940 3653 δὶ

272 3686 363 3740 καὶ
398 3684 536 3741 αὐτὸ
563 3682 629 3739 τό
662 3684 950 3759 ἀνάστημα
980 3691 1082 3754 τῆς
1130 3691 1254 3761 γῆς,
1286 3685 1377 3741 καὶ
1416 3692 1515 3755 τῆς
1573 3689 1941 3763 προκειμένης

270 3773 561 3844 θαλᾶσσης
592 3777 877 3848 νεκροῦται
934 3773 1000 3828 τὰ
1040 3770 1230 3829 ὕδατα.
1264 3775 1416 3832 Μετά
1470 3779 1638 3831 ταῦτα
1674 3783 1774 3845 τῆς
1806 3776 1942 3831 κατὰ

269 3858 527 3938 Μαμϐρῆ
564 3859 728 3939 δρυὸς
758 3863 1072 3927 ἀπαναστὰς
1130 3865 1158 3918 6
1214 3857 1464 3939 Ἀϐραὰμ
1521 3864 1609 3920 ἐπὶ
1661 3867 1724 3921 τὸ
1772 3866 1939 3941 φρέαρ

268 3957 620 4022 κατασκηνοῖ
647 3955 745 4007 τοῦ
772 3951 962 4024 ὅρκου.
995 3952 1206 4025 Ἑαυτῷ
1236 3948 1294 4007 δὲ
1352 3949 1462 4024 ίδίᾳ
1516 3953 1604 4008 καὶ
1643 3958 1762 4018 τοῖς
1796 3954 1941 4010 οἰκέ-

272 4063 400 4105 ταις
428 4041 603 4096 αῦτοῦ
632 4041 768 4097 κατά
798 4041 1107 4117 συγγενείας
1165 4041 1476 4116 πηξάμενος
1536 4044 1761 4113 σκηνὰς,
1818 4044 1943 4100 τότε

272 4135 501 4205 πρῶτον
559 4124 815 4204 Ἀϐραὰμ
887 4133 988 4200 τῆς
1041 4132 1420 4209 σκηνοπηγίας
1458 4130 1549 4187 ἐπὶ
1609 4132 1746 4188 ἒπτά
1801 4133 1940 4206 ἠμέ-

280 4241 383 4294 ρας
408 4217 659 4274 ’ἑπιτελεῖ
704 4219 805 4288 τὴν
839 4220 1057 4296 ἑορτὴν,
1108 4219 1175 4290 ἢν
1229 4219 1389 4275 εἰσέτι
1442 4220 1530 4275 καὶ
1590 4224 1678 4275 νῦν
1721 4221 1750 4276 6
1802 4222 1945 4279 Ἰου-

271 4306 435 4373 δαῖος
499 4308 748 4385 ἑορτάζει
806 4313 1194 4387 σκηνοπηγῶν.
1257 4310 1351 4366 Ἐκ
1403 4313 1537 4388 γοῦν
1581 4315 1679 4366 τοῦ
1708 4309 1943 4385 Ἱσμαήλ

270 4397 727 4473 Ἰσμαηλῖταιοὶ
777 4400 1087 4474 Σαρακηνοί
1148 4399 1531 4472 ὀνομάζονται.
1592 4401 1944 4476 Σαρακηνοὺς

273 4485 335 4544 δὲ
424 4487 658 4551 ἓαυτοῦς
753 4490 1181 4563 μετωνόμασαν,
1233 4489 1581 4562 ἀπαξιοῦντες
1660 4488 1946 4548 καλεῖσθαι

266 4575 555 4639 δουλικῶς
616 4578 941 4652 Ἀγαρηνοίο
1001 4578 1051 4633 οἱ
1112 4573 1171 4632 δέ
1218 4598 1378 4655 φασιν
1438 4578 1519 4633 ὅτι
1580 4576 1765 4657 Σαβρα
1844 4582 1944 4651 τήν

262 4672 449 4744 Ἅγαρ
502 4669 666 4737 κενὴν
727 4665 1075 4739 tantum);
1146 4666 1547 4741 κληρονομίας.
1602 4671 1949 4745 Παροεκήσας

270 4756 330 4814 δὲ
363 4757 420 4813 ἐν
454 4758 724 4837 Γεράφοις
754 4760 889 4832 (41),
951 4759 1049 4827 τήν
1081 4761 1174 4813 νῦν
1231 4756 1555 4815 ’Δσκάλωνα
1608 4756 1938 4835 λεγομένην,

271 4850 417 4922 μετᾶ
438 4851 545 4919 τήν
574 4855 674 4919 τῆς
705 4848 915 4925 Σάρρας
946 4846 1206 4919 τελευτήν
1260 4842 1428 4905 ἔλαϐε
1483 4850 1584 4919 τήν
1635 4855 1937 4927 Χεττοῦραν

2040 3425 2293 3497 peperit.
2316 3425 2474 3479 Tunc
2502 3424 2741 3496 igneum
2774 3421 3024 3478 imbrem
3061 3418 3369 3489 Pentapoli
3400 3417 3555 3472 Deus
3585 3415 3694 3469 im-

2042 3513 2231 3581 misit,
2288 3513 2683 3584 universoque
2741 3511 2819 3566 ibi
2854 3510 3049 3566 deleto
3116 3508 3427 3564 hominum
3479 3521 3696 3579 genere

2044 3602 2201 3673 ipsas
2234 3602 2411 3657 etiam
2444 3601 2623 3656 urbes
2656 3601 2783 3656 sola
2814 3599 3309 3671 complanavit,ac
3340 3595 3523 3651 maris
3552 3594 3693 3649 vici-

2043 3691 2102 3745 ni
2137 3706 2321 3762 aquas
2347 3690 2786 3746 enecavit.lnde
2808 3706 2842 3745 a
2868 3704 3091 3761 quercu
3115 3704 3246 3759 quae
3267 3686 3341 3741 ad
3372 3684 3695 3740 Mambrem

2044 3786 2170 3836 erat
2201 3780 2500 3853 digressus
2528 3779 2902 3836 Abrahamus
2929 3778 3004 3833 ad
3032 3781 3277 3849 puteum
3291 3770 3693 3848 jurisjuraudi

2047 3871 2503 3927 tabernaculum
2538 3871 2703 3938 ﬁxit;
2733 3886 2989 3942 cumque
3046 3867 3295 3924 seorsim
3347 3865 3482 3935 sibi,
3529 3880 3695 3920 seor-

2046 3959 2159 4015 sim
2193 3960 2376 4015 servis
2427 3977 2533 4032 per
2560 3959 2817 4015 familias
2870 3956 3256 4013 exstruxisset
3302 3970 3489 4023 casas,
3552 3957 3695 4008 tunc

2045 4049 2303 4121 primum
2323 4055 2551 4121 septem
2573 4048 2699 4104 dies
2721 4047 2794 4103 ob
2817 4045 3203 4103 tabernacula
3223 4045 3343 4100 ﬁxa
3360 4044 3543 4099 festos
3556 4040 3695 4114 egit,

2048 4137 2207 4209 quod
2226 4137 2420 4194 adhuc
2441 4137 2658 4193 Judaeis
2683 4142 2771 4193 est
2791 4137 3078 4193 solemne.
3097 4133 3183 4190 Ab
3200 4131 3452 4189 Ismaelo
3474 4132 3695 4186 lsmae—

2047 4228 2168 4283 litae
2200 4227 2502 4296 dicuntur,
2526 4226 2829 4297 iidemque
2859 4223 3157 4281 Saraceni.
3183 4223 3304 4277 Hoc
3328 4236 3548 4277 nomen
3581 4218 3696 4274 sibi

2049 4323 2595 4389 sumpserunt,cum
2622 4315 2694 4371 ab
2722 4314 2941 4371 ancilla
2954 4312 3205 4386 Agareni
3227 4308 3516 4383 appellari
3547 4307 3701 4363 indi-

2049 4412 2390 4480 guarentur.
2402 4406 2517 4463 Alii
2533 4404 2926 4477 dicunt,quod
2940 4405 3082 4460 Sara
3092 4404 3344 4475 Agaram
3361 4401 3405 4459 5
3416 4401 3454 4455 I
3475 4397 3698 4469 absque

2049 4496 2175 4552 ulla
2204 4497 2549 4553 hereditate
2580 4494 3011 4553 amandaverit.
3062 4494 3273 4548 Postea
3328 4487 3701 4547 Abrahamus

2052 4587 2445 4659 Geraris,quaa
2469 4603 2630 4642 nunc
2649 4584 2905 4641 Ascalon
2922 4579 3541 4653 dicitur,inquilinum
3560 4578 3699 4651 egit,

2056 4682 2113 4730 et
2142 4693 2178 4731 a
2206 4681 2395 4731 morte
2429 4676 2587 4732 Sara;
2646 4676 2963 4731 Cheturam
2994 4687 3242 4729 uxorem
3299 4684 3485 4726 senex
3514 4667 3703 4737 ducit,

2051 4782 2122 4821 ex
2153 4782 2269 4837 qua
2301 4764 2458 4821 ﬁlios
2486 4765 2696 4822 habuit
2726 4761 3374 4837 quinqua,Zembriam,
3398 4759 3703 4828 lexauum,

2050 4855 2406 4924 Madamum,
2440 4856 2797 4911 Madiamum
2829 4871 2897 4910 ac
2922 4852 3276 4909 lesbonem.‘

265 4939 345 5002 εἰς
366 4943 625 5012 γυναῖκα,
656 4937 708 4992 ἐν
746 4941 825 5010 τῷ
851 4941 996 5014 γήρᾳ
1024 4936 1206 4993 αὐτοῦ’
1238 4937 1331 5013 ἀφ’
1360 4940 1427 5011 ᾗς
1461 4932 1621 5015 ἔσχεν
1654 4940 1806 5003 υἱοὺς
1836 4940 2018 5014 πέντε,
2043 4937 2335 5019 Ζεμϐρίαν,
2384 4943 2567 5014 Ἱεξὰν,
2599 4938 2826 5016 Μαδὰμ,
2859 4936 3107 5013 Μαδιὰμ,
3140 4932 3381 4996 ἰεσϐών.

335 5028 466 5086 Ὀτι
520 5028 550 5082 6
607 5027 734 5084 Λὼτ
792 5028 1085 5104 χωρισθεῗς
1141 5030 1238 5082 τοῦ
1297 5022 1571 5108 Ἀϐραὰμ-
1614 5030 1941 5104 κατῴκησεν

264 5119 345 5181 εἷς
382 5114 612 5190 Σόδομα
643 5114 714 5171 δι’
743 5115 939 5193 ἀρετὴν
971 5116 1062 5172 καὶ
1093 5115 1307 5180 κάλλος
1350 5124 1453 5189 τῆς
1508 5125 1636 5195 γῆς,
1689 5118 1939 5195 ἐχούσης

265 5209 435 5264 πέντε
455 5205 674 5280 πόλεις,
707 5206 951 5282 Σόδομα,
993 5206 1273 5283 Γόμορρα,
1303 5205 1547 5282 Ἅδαμα,
1604 5204 1796 5265 Σεϐόῒν
1851 5210 1941 5266 καὶ

2126 5035 2303 5089 Lotus
2335 5034 2406 5089 ab
2445 5033 2782 5089 Abrahamo
2814 5048 2875 5088 se
2934 5047 3071 5088 cum
3130 5032 3483 5102 separasset,
3525 5024 3707 5081 Sodo-

2055 5141 2217 5182 mam
2242 5124 2315 5180 ob
2338 5123 2565 5180 telluris
2587 5122 2993 5197 prasstantiam
3025 5127 3202 5193 atque
3235 5116 3591 5193 elegantiam
3614 5114 3705 5169 in-

2056 5215 2278 5283 coluit;
2339 5216 2398 5270 in
2459 5231 2576 5286 qua
2630 5214 2806 5270 urbes
2862 5217 3033 5269 erant
3088 5211 3373 5283 quinque,
3431 5204 3707 5272 Sodoma,

1493 5327 1856 5386 XYLANDRI
1895 5331 1982 5387 ET
2017 5329 2235 5389 GOARI
2273 5334 2496 5389 NOTAE.

342 5448 463 5517 (4-0)
497 5445 791 5501 Nimirum
822 5444 996 5513 inito,
1028 5460 1152 5519 non
1189 5445 1508 5519 completo,
1542 5451 1608 5499 ut
1646 5446 1945 5519 intelliga-

276 5524 375 5575 tur
396 5516 586 5590 agens
615 5533 842 5573 annum
875 5519 943 5570 75
978 5516 1287 5590 migrasse.
1320 5516 1458 5573 XYL.

346 5587 460 5661 (£13
485 5590 631 5645 Gen.
667 5607 761 5658 xx,
796 5593 1123 5661 antequam
1154 5588 1399 5661 Isaacus
1450 5587 1838 5658 nasceretur;
1874 5591 1945 5647 de

269 5658 540 5718 Ch'etura
567 5662 712 5718 Gen.
746 5677 880 5716 xxv.
914 5658 1181 5715 Mutilate
1214 5659 1340 5715 huic
1372 5659 1676 5717 Cedrenus
1707 5661 1945 5719 citat.ln

270 5735 545 5808 margine
575 5740 666 5789 est
705 5748 841 5790 esse
899 5747 974 5786 ex
1024 5731 1301 5787 Africano
1351 5731 1536 5803 petita
1577 5750 1590 5789 :
1626 5733 1942 5802 incertum,

2057 5448 2263 5503 haecne
2294 5464 2371 5505 an
2400 5465 2532 5520 quas
2564 5453 2898 5519 sequuntur
2917 5446 2989 5501 de
3023 5447 3162 5501 Loto
3195 5442 3435 5520 et_mari
3458 5444 3708 5520 Mortuo.

2058 5521 2359 5576 Posterius
2390 5513 2532 5592 p-uto
2565 5513 2767 5575 verum
2800 5534 2931 5573 esse
2958 5534 2971 5581 ;
3007 5533 3201 5588 neque
3235 5516 3363 5642 egus
3419 5513 3704 5570 miracula

2058 5590 2525 5642 Cedrenumsed
2543 5592 2885 5642 Africanum
2914 5588 3024 5642 sibi
3046 5589 3174 5642 visa
3190 5603 3253 5642 re
3282 5584 3615 5642 erre.0uod
3637 5585 3704 5642 de

2057 5584 2525 5661 Cedrenum,sed
2542 5592 2885 5648 Africanum
2914 5588 3024 5644 sibi
3046 5584 3174 5643 visa
3190 5584 3434 5643 referre.
3448 5584 3615 5651 Quod
3637 5585 3709 5643 de

2056 5663 2252 5721 fructu
2286 5669 2345 5719 et
2374 5662 2536 5719 fumo
2568 5661 2730 5728 dicit,
2763 5678 2884 5718 non
2914 5675 3223 5733 assequor.
