  <div class='ocr_page' id='page_1' title='image "/cluster/home/n/w/nwhite01/storage/ocr_20150623/121:no.1/coo.31924054870260/047.png"; bbox 0 0 4118 6418; ppageno 0'>
   <div class='ocr_carea' id='block_1_1' title="bbox 464 356 3881 445">
    <p class='ocr_par' dir='ltr' id='par_1_1' title="bbox 464 356 3881 445">
     <span class='ocr_line' id='line_1_1' title="bbox 464 356 3881 445; baseline -0.007 -12"><span class='ocrx_word' id='word_1_1' title='bbox 464 385 544 445; x_wconf 74' lang='lat'><strong>79</strong></span> <span class='ocrx_word' id='word_1_2' title='bbox 1814 358 2130 423; x_wconf 80' lang='lat' dir='ltr'>GEORGII</span> <span class='ocrx_word' id='word_1_3' title='bbox 2177 356 2525 419; x_wconf 72' lang='lat' dir='ltr'>causam</span> <span class='ocrx_word' id='word_1_4' title='bbox 3804 366 3881 426; x_wconf 71' lang='lat'>30</span> 
     </span>
    </p>
   </div>
   <div class='ocr_carea' id='block_1_2' title="bbox 471 487 2127 578">
    <p class='ocr_par' dir='ltr' id='par_1_2' title="bbox 471 496 2113 578">
     <span class='ocr_line' id='line_1_2' title="bbox 471 496 2113 578; baseline -0.016 -6"><span class='ocrx_word' id='word_1_5' title='bbox 471 504 1312 578; x_wconf 80' lang='lat' dir='ltr'>Gomorrha,Adama,Seboim</span> <span class='ocrx_word' id='word_1_6' title='bbox 1326 508 1384 561; x_wconf 90' lang='lat' dir='ltr'>et</span> <span class='ocrx_word' id='word_1_7' title='bbox 1414 496 1985 572; x_wconf 81' lang='lat' dir='ltr'>Segor,totidemque</span> <span class='ocrx_word' id='word_1_8' title='bbox 2018 509 2113 547; x_wconf 89' lang='lat' dir='ltr'>re-</span> 
     </span>
    </p>
   </div>
   <div class='ocr_carea' id='block_1_3' title="bbox 2244 487 3893 578">
    <p class='ocr_par' dir='ltr' id='par_1_3' title="bbox 2244 487 3893 567">
     <span class='ocr_line' id='line_1_3' title="bbox 2244 487 3893 567; baseline 0.003 -22"><span class='ocrx_word' id='word_1_9' title='bbox 2244 490 2447 566; x_wconf 79' lang='grc' dir='ltr'>Ξηγὼρ,</span> <span class='ocrx_word' id='word_1_10' title='bbox 2489 489 2578 543; x_wconf 78' lang='grc' dir='ltr'>καὶ</span> <span class='ocrx_word' id='word_1_11' title='bbox 2608 487 2902 552; x_wconf 79' lang='grc' dir='ltr'>τοσούτους</span> <span class='ocrx_word' id='word_1_12' title='bbox 2966 488 3233 563; x_wconf 84' lang='grc' dir='ltr'>βασιλεῖς.</span> <span class='ocrx_word' id='word_1_13' title='bbox 3275 490 3501 554; x_wconf 79' lang='grc' dir='ltr'>Τούτοις</span> <span class='ocrx_word' id='word_1_14' title='bbox 3560 494 3612 548; x_wconf 78' lang='grc' dir='ltr'>οἱ</span> <span class='ocrx_word' id='word_1_15' title='bbox 3642 492 3893 567; x_wconf 85' lang='grc' dir='ltr'>πλησιὸ-</span> 
     </span>
    </p>
   </div>
   <div class='ocr_carea' id='block_1_4' title="bbox 466 582 2118 677">
    <p class='ocr_par' dir='ltr' id='par_1_4' title="bbox 466 582 2118 677">
     <span class='ocr_line' id='line_1_4' title="bbox 466 582 2118 677; baseline -0.016 -16"><span class='ocrx_word' id='word_1_16' title='bbox 466 622 566 677; x_wconf 77' lang='lat' dir='ltr'>ges</span> <span class='ocrx_word' id='word_1_17' title='bbox 580 600 1079 676; x_wconf 86' lang='lat' dir='ltr'>imperabant.His</span> <span class='ocrx_word' id='word_1_18' title='bbox 1095 598 1359 669; x_wconf 90' lang='lat' dir='ltr'>quinque</span> <span class='ocrx_word' id='word_1_19' title='bbox 1374 591 1607 663; x_wconf 79' lang='lat' dir='ltr'>regibus</span> <span class='ocrx_word' id='word_1_20' title='bbox 1621 592 1877 660; x_wconf 79' lang='lat' dir='ltr'>quatuor</span> <span class='ocrx_word' id='word_1_21' title='bbox 1891 582 2118 639; x_wconf 81' lang='lat' dir='ltr'>ﬁnitimi</span> 
     </span>
    </p>
   </div>
   <div class='ocr_carea' id='block_1_5' title="bbox 466 672 2118 767">
    <p class='ocr_par' dir='ltr' id='par_1_5' title="bbox 466 672 2118 767">
     <span class='ocr_line' id='line_1_5' title="bbox 466 672 2118 767; baseline -0.015 -17"><span class='ocrx_word' id='word_1_22' title='bbox 466 672 750 767; x_wconf 79' lang='lat' dir='ltr'>Syrorum</span> <span class='ocrx_word' id='word_1_23' title='bbox 784 708 951 763; x_wconf 78' lang='lat' dir='ltr'>reges</span> <span class='ocrx_word' id='word_1_24' title='bbox 981 689 1203 744; x_wconf 90' lang='lat' dir='ltr'>bellum</span> <span class='ocrx_word' id='word_1_25' title='bbox 1234 679 1773 749; x_wconf 86' lang='lat' dir='ltr'>fecerunt,ductore</span> <span class='ocrx_word' id='word_1_26' title='bbox 1805 672 2118 767; x_wconf 60' lang='lat' dir='ltr'>Chodollo:</span> 
     </span>
    </p>
   </div>
   <div class='ocr_carea' id='block_1_6' title="bbox 466 760 2117 857">
    <p class='ocr_par' dir='ltr' id='par_1_6' title="bbox 466 760 2117 857">
     <span class='ocr_line' id='line_1_6' title="bbox 466 760 2117 857; baseline -0.016 -16"><span class='ocrx_word' id='word_1_27' title='bbox 466 800 706 857; x_wconf 81' lang='lat' dir='ltr'>gomore</span> <span class='ocrx_word' id='word_1_28' title='bbox 741 782 911 836; x_wconf 88' lang='lat' dir='ltr'>llami</span> <span class='ocrx_word' id='word_1_29' title='bbox 942 775 1390 849; x_wconf 65' lang='lat' dir='ltr'>rege.Prtelium</span> <span class='ocrx_word' id='word_1_30' title='bbox 1424 770 1807 826; x_wconf 90' lang='lat' dir='ltr'>commissum</span> <span class='ocrx_word' id='word_1_31' title='bbox 1844 770 1932 819; x_wconf 89' lang='lat' dir='ltr'>est</span> <span class='ocrx_word' id='word_1_32' title='bbox 1960 760 2117 834; x_wconf 88' lang='lat' dir='ltr'>apud</span> 
     </span>
    </p>
   </div>
   <div class='ocr_carea' id='block_1_7' title="bbox 468 860 2117 938">
    <p class='ocr_par' dir='ltr' id='par_1_7' title="bbox 468 860 2117 938">
     <span class='ocr_line' id='line_1_7' title="bbox 468 860 2117 938; baseline -0.015 -10"><span class='ocrx_word' id='word_1_33' title='bbox 468 874 701 928; x_wconf 86' lang='lat' dir='ltr'>Salsum</span> <span class='ocrx_word' id='word_1_34' title='bbox 734 886 916 933; x_wconf 71' lang='lat' dir='ltr'>mare,</span> <span class='ocrx_word' id='word_1_35' title='bbox 952 866 1111 938; x_wconf 93' lang='lat' dir='ltr'>quod</span> <span class='ocrx_word' id='word_1_36' title='bbox 1143 880 1301 919; x_wconf 90' lang='lat' dir='ltr'>nunc</span> <span class='ocrx_word' id='word_1_37' title='bbox 1336 863 1628 915; x_wconf 81' lang='lat' dir='ltr'>Mortuum</span> <span class='ocrx_word' id='word_1_38' title='bbox 1665 860 1905 910; x_wconf 80' lang='lat' dir='ltr'>vocatur</span> <span class='ocrx_word' id='word_1_39' title='bbox 1936 869 1949 915; x_wconf 91' lang='lat'><strong>;</strong></span> <span class='ocrx_word' id='word_1_40' title='bbox 2002 867 2117 920; x_wconf 92' lang='lat' dir='ltr'>quo</span> 
     </span>
    </p>
   </div>
   <div class='ocr_carea' id='block_1_8' title="bbox 467 945 2120 1031">
    <p class='ocr_par' dir='ltr' id='par_1_8' title="bbox 467 945 2120 1031">
     <span class='ocr_line' id='line_1_8' title="bbox 467 945 2120 1031; baseline -0.014 -16"><span class='ocrx_word' id='word_1_41' title='bbox 467 962 530 1018; x_wconf 87' lang='lat' dir='ltr'>in</span> <span class='ocrx_word' id='word_1_42' title='bbox 563 962 709 1017; x_wconf 89' lang='lat' dir='ltr'>mari</span> <span class='ocrx_word' id='word_1_43' title='bbox 743 958 1037 1031; x_wconf 89' lang='lat' dir='ltr'>permulta</span> <span class='ocrx_word' id='word_1_44' title='bbox 1066 959 1205 1011; x_wconf 90' lang='lat' dir='ltr'>sunt</span> <span class='ocrx_word' id='word_1_45' title='bbox 1234 949 1633 1013; x_wconf 82' lang='lat' dir='ltr'>admirabilia,</span> <span class='ocrx_word' id='word_1_46' title='bbox 1668 962 1798 1018; x_wconf 68' lang='lat' dir='ltr'>quae</span> <span class='ocrx_word' id='word_1_47' title='bbox 1832 945 1954 1015; x_wconf 74' lang='lat' dir='ltr'>ipse</span> <span class='ocrx_word' id='word_1_48' title='bbox 1989 955 2120 1011; x_wconf 88' lang='lat' dir='ltr'>spe-</span> 
     </span>
    </p>
   </div>
   <div class='ocr_carea' id='block_1_9' title="bbox 468 1032 2119 1119">
    <p class='ocr_par' dir='ltr' id='par_1_9' title="bbox 468 1032 2119 1119">
     <span class='ocr_line' id='line_1_9' title="bbox 468 1032 2119 1119; baseline -0.016 -11"><span class='ocrx_word' id='word_1_49' title='bbox 468 1053 789 1108; x_wconf 86' lang='lat' dir='ltr'>ctavi.Nam</span> <span class='ocrx_word' id='word_1_50' title='bbox 824 1064 1019 1119; x_wconf 90' lang='lat' dir='ltr'>neque</span> <span class='ocrx_word' id='word_1_51' title='bbox 1050 1043 1272 1101; x_wconf 85' lang='lat' dir='ltr'>animal</span> <span class='ocrx_word' id='word_1_52' title='bbox 1305 1040 1492 1096; x_wconf 89' lang='lat' dir='ltr'>ullum</span> <span class='ocrx_word' id='word_1_53' title='bbox 1529 1055 1595 1093; x_wconf 88' lang='lat' dir='ltr'>ea</span> <span class='ocrx_word' id='word_1_54' title='bbox 1621 1051 1770 1107; x_wconf 70' lang='lat' dir='ltr'>aqua</span> <span class='ocrx_word' id='word_1_55' title='bbox 1799 1032 2119 1105; x_wconf 81' lang='lat' dir='ltr'>profert,et</span> 
     </span>
    </p>
   </div>
   <div class='ocr_carea' id='block_1_10' title="bbox 470 1118 2115 1208">
    <p class='ocr_par' dir='ltr' id='par_1_10' title="bbox 470 1118 2115 1208">
     <span class='ocr_line' id='line_1_10' title="bbox 470 1118 2115 1208; baseline -0.015 -11"><span class='ocrx_word' id='word_1_56' title='bbox 470 1141 753 1197; x_wconf 82' lang='lat' dir='ltr'>cadavera</span> <span class='ocrx_word' id='word_1_57' title='bbox 786 1136 894 1193; x_wconf 87' lang='lat' dir='ltr'>sub</span> <span class='ocrx_word' id='word_1_58' title='bbox 927 1151 1109 1208; x_wconf 83' lang='lat' dir='ltr'>aquas</span> <span class='ocrx_word' id='word_1_59' title='bbox 1142 1131 1444 1191; x_wconf 90' lang='lat' dir='ltr'>decidunt,</span> <span class='ocrx_word' id='word_1_60' title='bbox 1474 1128 1635 1181; x_wconf 87' lang='lat' dir='ltr'>vivus</span> <span class='ocrx_word' id='word_1_61' title='bbox 1667 1128 1863 1179; x_wconf 89' lang='lat' dir='ltr'>autem</span> <span class='ocrx_word' id='word_1_62' title='bbox 1897 1118 2115 1189; x_wconf 86' lang='lat' dir='ltr'>aliquis</span> 
     </span>
    </p>
   </div>
   <div class='ocr_carea' id='block_1_11' title="bbox 468 1209 2118 1297">
    <p class='ocr_par' dir='ltr' id='par_1_11' title="bbox 468 1209 2118 1297">
     <span class='ocr_line' id='line_1_11' title="bbox 468 1209 2118 1297; baseline -0.015 -11"><span class='ocrx_word' id='word_1_63' title='bbox 468 1247 586 1285; x_wconf 90' lang='lat' dir='ltr'>non</span> <span class='ocrx_word' id='word_1_64' title='bbox 606 1228 781 1283; x_wconf 86' lang='lat' dir='ltr'>facile</span> <span class='ocrx_word' id='word_1_65' title='bbox 803 1242 1018 1297; x_wconf 91' lang='lat' dir='ltr'>corpus</span> <span class='ocrx_word' id='word_1_66' title='bbox 1040 1240 1216 1279; x_wconf 90' lang='lat' dir='ltr'>suum</span> <span class='ocrx_word' id='word_1_67' title='bbox 1243 1220 1350 1275; x_wconf 90' lang='lat' dir='ltr'>sub</span> <span class='ocrx_word' id='word_1_68' title='bbox 1374 1233 1590 1289; x_wconf 88' lang='lat' dir='ltr'>aquam</span> <span class='ocrx_word' id='word_1_69' title='bbox 1610 1229 1875 1286; x_wconf 78' lang='lat' dir='ltr'>mergere</span> <span class='ocrx_word' id='word_1_70' title='bbox 1894 1209 2118 1285; x_wconf 84' lang='lat' dir='ltr'>possit;</span> 
     </span>
    </p>
   </div>
   <div class='ocr_carea' id='block_1_12' title="bbox 470 1300 2119 1382">
    <p class='ocr_par' dir='ltr' id='par_1_12' title="bbox 470 1300 2119 1382">
     <span class='ocr_line' id='line_1_12' title="bbox 470 1300 2119 1382; baseline -0.013 -8"><span class='ocrx_word' id='word_1_71' title='bbox 470 1325 528 1374; x_wconf 91' lang='lat' dir='ltr'>et</span> <span class='ocrx_word' id='word_1_72' title='bbox 558 1319 814 1373; x_wconf 83' lang='lat' dir='ltr'>lucernae</span> <span class='ocrx_word' id='word_1_73' title='bbox 854 1315 1133 1370; x_wconf 82' lang='lat' dir='ltr'>ardentes</span> <span class='ocrx_word' id='word_1_74' title='bbox 1188 1309 1428 1382; x_wconf 88' lang='lat' dir='ltr'>quidem</span> <span class='ocrx_word' id='word_1_75' title='bbox 1464 1307 1755 1367; x_wconf 82' lang='lat' dir='ltr'>innatant,</span> <span class='ocrx_word' id='word_1_76' title='bbox 1816 1300 2119 1356; x_wconf 62' lang='lat' dir='ltr'>exstinctus</span> 
     </span>
    </p>
   </div>
   <div class='ocr_carea' id='block_1_13' title="bbox 465 1389 2115 1477">
    <p class='ocr_par' dir='ltr' id='par_1_13' title="bbox 465 1389 2115 1477">
     <span class='ocr_line' id='line_1_13' title="bbox 465 1389 2115 1477; baseline -0.014 -13"><span class='ocrx_word' id='word_1_77' title='bbox 465 1414 664 1464; x_wconf 89' lang='lat' dir='ltr'>autem</span> <span class='ocrx_word' id='word_1_78' title='bbox 717 1405 1198 1477; x_wconf 79' lang='lat' dir='ltr'>submerguntur.</span> <span class='ocrx_word' id='word_1_79' title='bbox 1233 1399 1317 1455; x_wconf 92' lang='lat' dir='ltr'>lbi</span> <span class='ocrx_word' id='word_1_80' title='bbox 1366 1394 1679 1452; x_wconf 82' lang='lat' dir='ltr'>bituminis</span> <span class='ocrx_word' id='word_1_81' title='bbox 1710 1397 1850 1446; x_wconf 90' lang='lat' dir='ltr'>sunt</span> <span class='ocrx_word' id='word_1_82' title='bbox 1904 1389 2115 1445; x_wconf 89' lang='lat' dir='ltr'>fontes.</span> 
     </span>
    </p>
   </div>
   <div class='ocr_carea' id='block_1_14' title="bbox 464 1477 2116 1553">
    <p class='ocr_par' dir='ltr' id='par_1_14' title="bbox 464 1477 2116 1553">
     <span class='ocr_line' id='line_1_14' title="bbox 464 1477 2116 1553; baseline -0.014 -1"><span class='ocrx_word' id='word_1_83' title='bbox 464 1499 600 1552; x_wconf 84' lang='lat' dir='ltr'><strong>Fert</strong></span> <span class='ocrx_word' id='word_1_84' title='bbox 626 1496 806 1553; x_wconf 89' lang='lat' dir='ltr'>etiam</span> <span class='ocrx_word' id='word_1_85' title='bbox 831 1494 1072 1548; x_wconf 86' lang='lat' dir='ltr'>alumen</span> <span class='ocrx_word' id='word_1_86' title='bbox 1097 1507 1165 1547; x_wconf 90' lang='lat' dir='ltr'>ac</span> <span class='ocrx_word' id='word_1_87' title='bbox 1186 1489 1371 1543; x_wconf 89' lang='lat' dir='ltr'>salem</span> <span class='ocrx_word' id='word_1_88' title='bbox 1400 1483 1633 1539; x_wconf 89' lang='lat' dir='ltr'>modico</span> <span class='ocrx_word' id='word_1_89' title='bbox 1657 1481 1729 1537; x_wconf 92' lang='lat' dir='ltr'>ab</span> <span class='ocrx_word' id='word_1_90' title='bbox 1751 1479 1887 1535; x_wconf 89' lang='lat' dir='ltr'>aliis</span> <span class='ocrx_word' id='word_1_91' title='bbox 1907 1477 2116 1533; x_wconf 90' lang='lat' dir='ltr'>discri-</span> 
     </span>
    </p>
   </div>
   <div class='ocr_carea' id='block_1_15' title="bbox 462 1566 2117 1647">
    <p class='ocr_par' dir='ltr' id='par_1_15' title="bbox 462 1566 2117 1647">
     <span class='ocr_line' id='line_1_15' title="bbox 462 1566 2117 1647; baseline -0.013 -7"><span class='ocrx_word' id='word_1_92' title='bbox 462 1586 624 1640; x_wconf 89' lang='lat' dir='ltr'>mine</span> <span class='ocrx_word' id='word_1_93' title='bbox 651 1601 663 1638; x_wconf 89' lang='lat'>:</span> <span class='ocrx_word' id='word_1_94' title='bbox 698 1600 837 1640; x_wconf 89' lang='lat' dir='ltr'>nam</span> <span class='ocrx_word' id='word_1_95' title='bbox 864 1587 921 1638; x_wconf 90' lang='lat' dir='ltr'>et</span> <span class='ocrx_word' id='word_1_96' title='bbox 946 1596 1148 1636; x_wconf 86' lang='lat' dir='ltr'>amara</span> <span class='ocrx_word' id='word_1_97' title='bbox 1178 1572 1660 1647; x_wconf 88' lang='lat' dir='ltr'>sunt,pellucida.</span> <span class='ocrx_word' id='word_1_98' title='bbox 1697 1569 1804 1625; x_wconf 91' lang='lat' dir='ltr'>Ubi</span> <span class='ocrx_word' id='word_1_99' title='bbox 1834 1584 1970 1622; x_wconf 92' lang='lat' dir='ltr'>vero</span> <span class='ocrx_word' id='word_1_100' title='bbox 1996 1566 2117 1619; x_wconf 87' lang='lat' dir='ltr'>fru-</span> 
     </span>
    </p>
   </div>
   <div class='ocr_carea' id='block_1_16' title="bbox 458 1655 2117 1746">
    <p class='ocr_par' dir='ltr' id='par_1_16' title="bbox 458 1655 2117 1746">
     <span class='ocr_line' id='line_1_16' title="bbox 458 1655 2117 1746; baseline -0.011 -15"><span class='ocrx_word' id='word_1_101' title='bbox 458 1680 587 1732; x_wconf 87' lang='lat' dir='ltr'>ctus</span> <span class='ocrx_word' id='word_1_102' title='bbox 600 1670 1072 1746; x_wconf 85' lang='lat' dir='ltr'>reperitur,nil1il</span> <span class='ocrx_word' id='word_1_103' title='bbox 1086 1667 1405 1740; x_wconf 84' lang='lat' dir='ltr'>quidquam</span> <span class='ocrx_word' id='word_1_104' title='bbox 1420 1661 1861 1736; x_wconf 72' lang='lat' dir='ltr'>prmterfumum</span> <span class='ocrx_word' id='word_1_105' title='bbox 1875 1655 2117 1731; x_wconf 68' lang='lat' dir='ltr'>praabet.</span> 
     </span>
    </p>
   </div>
   <div class='ocr_carea' id='block_1_17' title="bbox 463 1752 2115 1835">
    <p class='ocr_par' dir='ltr' id='par_1_17' title="bbox 463 1752 2115 1835">
     <span class='ocr_line' id='line_1_17' title="bbox 463 1752 2115 1835; baseline -0.013 -14"><span class='ocrx_word' id='word_1_106' title='bbox 463 1770 631 1835; x_wconf 78' lang='lat' dir='ltr'>Aqua</span> <span class='ocrx_word' id='word_1_107' title='bbox 690 1763 1006 1819; x_wconf 75' lang='lat' dir='ltr'>sanitatem</span> <span class='ocrx_word' id='word_1_108' title='bbox 1067 1757 1371 1813; x_wconf 88' lang='lat' dir='ltr'>utentibus</span> <span class='ocrx_word' id='word_1_109' title='bbox 1430 1752 1681 1815; x_wconf 85' lang='lat' dir='ltr'>confert,</span> <span class='ocrx_word' id='word_1_110' title='bbox 1754 1762 2115 1821; x_wconf 90' lang='lat' dir='ltr'>prorsusque</span> 
     </span>
    </p>
   </div>
   <div class='ocr_carea' id='block_1_18' title="bbox 468 1834 2117 1920">
    <p class='ocr_par' dir='ltr' id='par_1_18' title="bbox 468 1834 2117 1920">
     <span class='ocr_line' id='line_1_18' title="bbox 468 1834 2117 1920; baseline -0.013 -11"><span class='ocrx_word' id='word_1_111' title='bbox 468 1854 671 1909; x_wconf 88' lang='lat' dir='ltr'>omnia</span> <span class='ocrx_word' id='word_1_112' title='bbox 703 1867 909 1907; x_wconf 87' lang='lat' dir='ltr'>eorum</span> <span class='ocrx_word' id='word_1_113' title='bbox 942 1866 1072 1920; x_wconf 73' lang='lat' dir='ltr'>quas</span> <span class='ocrx_word' id='word_1_114' title='bbox 1105 1846 1238 1902; x_wconf 83' lang='lat' dir='ltr'>aliis</span> <span class='ocrx_word' id='word_1_115' title='bbox 1270 1843 1547 1900; x_wconf 77' lang='lat' dir='ltr'>aCcidunt</span> <span class='ocrx_word' id='word_1_116' title='bbox 1591 1840 1759 1912; x_wconf 88' lang='lat' dir='ltr'>aquis</span> <span class='ocrx_word' id='word_1_117' title='bbox 1818 1834 2117 1892; x_wconf 87' lang='lat' dir='ltr'>contraria</span> 
     </span>
    </p>
   </div>
   <div class='ocr_carea' id='block_1_19' title="bbox 470 1928 2119 2005">
    <p class='ocr_par' dir='ltr' id='par_1_19' title="bbox 470 1928 2119 2005">
     <span class='ocr_line' id='line_1_19' title="bbox 470 1928 2119 2005; baseline -0.012 -6"><span class='ocrx_word' id='word_1_118' title='bbox 470 1942 646 1999; x_wconf 87' lang='lat' dir='ltr'>habet</span> <span class='ocrx_word' id='word_1_119' title='bbox 675 1937 1203 2005; x_wconf 89' lang='lat' dir='ltr'>accidentia.Quod</span> <span class='ocrx_word' id='word_1_120' title='bbox 1237 1936 1353 1992; x_wconf 90' lang='lat' dir='ltr'>nisi</span> <span class='ocrx_word' id='word_1_121' title='bbox 1386 1936 1436 1989; x_wconf 90' lang='lat' dir='ltr'>is</span> <span class='ocrx_word' id='word_1_122' title='bbox 1470 1933 1634 1987; x_wconf 91' lang='lat' dir='ltr'>locus</span> <span class='ocrx_word' id='word_1_123' title='bbox 1666 1928 1983 1986; x_wconf 71' lang='lat' dir='ltr'>Iordanem</span> <span class='ocrx_word' id='word_1_124' title='bbox 2014 1941 2119 1998; x_wconf 88' lang='lat' dir='ltr'>pro</span> 
     </span>
    </p>
   </div>
   <div class='ocr_carea' id='block_1_20' title="bbox 468 2015 2124 2099">
    <p class='ocr_par' dir='ltr' id='par_1_20' title="bbox 468 2015 2124 2099">
     <span class='ocr_line' id='line_1_20' title="bbox 468 2015 2124 2099; baseline -0.013 -10"><span class='ocrx_word' id='word_1_125' title='bbox 468 2034 834 2091; x_wconf 89' lang='lat' dir='ltr'>nutrimento</span> <span class='ocrx_word' id='word_1_126' title='bbox 866 2027 1241 2099; x_wconf 86' lang='lat' dir='ltr'>haberet.qui</span> <span class='ocrx_word' id='word_1_127' title='bbox 1275 2040 1554 2097; x_wconf 75' lang='lat' dir='ltr'>purpurae</span> <span class='ocrx_word' id='word_1_128' title='bbox 1576 2022 1765 2076; x_wconf 89' lang='lat' dir='ltr'>instar</span> <span class='ocrx_word' id='word_1_129' title='bbox 1793 2015 2124 2089; x_wconf 86' lang='lat' dir='ltr'>perlabitur</span> 
     </span>
    </p>
   </div>
   <div class='ocr_carea' id='block_1_21' title="bbox 471 2103 2124 2192">
    <p class='ocr_par' dir='ltr' id='par_1_21' title="bbox 471 2103 2124 2192">
     <span class='ocr_line' id='line_1_21' title="bbox 471 2103 2124 2192; baseline -0.013 -15"><span class='ocrx_word' id='word_1_130' title='bbox 471 2139 539 2177; x_wconf 89' lang='lat' dir='ltr'>ac</span> <span class='ocrx_word' id='word_1_131' title='bbox 568 2121 899 2192; x_wconf 89' lang='lat' dir='ltr'>plurimum</span> <span class='ocrx_word' id='word_1_132' title='bbox 929 2114 1465 2188; x_wconf 85' lang='lat' dir='ltr'>resistit,opinione</span> <span class='ocrx_word' id='word_1_133' title='bbox 1499 2110 1675 2166; x_wconf 91' lang='lat' dir='ltr'>etiam</span> <span class='ocrx_word' id='word_1_134' title='bbox 1710 2108 1885 2163; x_wconf 84' lang='lat' dir='ltr'>citius</span> <span class='ocrx_word' id='word_1_135' title='bbox 1917 2103 2124 2160; x_wconf 88' lang='lat' dir='ltr'>desiis-</span> 
     </span>
    </p>
   </div>
   <div class='ocr_carea' id='block_1_22' title="bbox 473 2191 2127 2273">
    <p class='ocr_par' dir='ltr' id='par_1_22' title="bbox 473 2191 2127 2273">
     <span class='ocr_line' id='line_1_22' title="bbox 473 2191 2127 2273; baseline -0.011 -8"><span class='ocrx_word' id='word_1_136' title='bbox 473 2191 759 2268; x_wconf 37' lang='lat' dir='ltr'>setiJuxta</span> <span class='ocrx_word' id='word_1_137' title='bbox 788 2208 1124 2263; x_wconf 87' lang='lat' dir='ltr'>balsamum</span> <span class='ocrx_word' id='word_1_138' title='bbox 1155 2203 1455 2261; x_wconf 86' lang='lat' dir='ltr'>uberrime</span> <span class='ocrx_word' id='word_1_139' title='bbox 1488 2197 1777 2273; x_wconf 86' lang='lat' dir='ltr'>provenit.</span> <span class='ocrx_word' id='word_1_140' title='bbox 1812 2195 1896 2251; x_wconf 93' lang='lat' dir='ltr'>Ob</span> <span class='ocrx_word' id='word_1_141' title='bbox 1914 2191 2127 2265; x_wconf 89' lang='lat' dir='ltr'>impie-</span> 
     </span>
    </p>
   </div>
   <div class='ocr_carea' id='block_1_23' title="bbox 479 2284 2124 2355">
    <p class='ocr_par' dir='ltr' id='par_1_23' title="bbox 479 2284 2124 2355">
     <span class='ocr_line' id='line_1_23' title="bbox 479 2284 2124 2355; baseline -0.011 -2"><span class='ocrx_word' id='word_1_142' title='bbox 479 2305 663 2355; x_wconf 81' lang='lat' dir='ltr'>tatem</span> <span class='ocrx_word' id='word_1_143' title='bbox 676 2297 1013 2355; x_wconf 87' lang='lat' dir='ltr'>accolarum</span> <span class='ocrx_word' id='word_1_144' title='bbox 1034 2294 1315 2350; x_wconf 85' lang='lat' dir='ltr'>subversa</span> <span class='ocrx_word' id='word_1_145' title='bbox 1332 2308 1366 2347; x_wconf 94' lang='lat' dir='ltr'>a</span> <span class='ocrx_word' id='word_1_146' title='bbox 1381 2292 1497 2346; x_wconf 84' lang='lat' dir='ltr'>Deo</span> <span class='ocrx_word' id='word_1_147' title='bbox 1521 2305 1589 2343; x_wconf 86' lang='lat' dir='ltr'>ea</span> <span class='ocrx_word' id='word_1_148' title='bbox 1610 2288 1745 2342; x_wconf 89' lang='lat' dir='ltr'>loca</span> <span class='ocrx_word' id='word_1_149' title='bbox 1761 2284 2124 2340; x_wconf 84' lang='lat' dir='ltr'>existimant.</span> 
     </span>
    </p>
   </div>
   <div class='ocr_carea' id='block_1_24' title="bbox 551 2372 2127 2448">
    <p class='ocr_par' dir='ltr' id='par_1_24' title="bbox 551 2372 2127 2448">
     <span class='ocr_line' id='line_1_24' title="bbox 551 2372 2127 2448; baseline -0.015 -1"><span class='ocrx_word' id='word_1_150' title='bbox 551 2390 595 2447; x_wconf 75' lang='lat'><strong>5</strong></span> <span class='ocrx_word' id='word_1_151' title='bbox 606 2389 652 2446; x_wconf 76' lang='lat'><strong>2</strong></span> <span class='ocrx_word' id='word_1_152' title='bbox 676 2386 862 2443; x_wconf 88' lang='lat' dir='ltr'>Isaaci</span> <span class='ocrx_word' id='word_1_153' title='bbox 877 2384 1227 2443; x_wconf 88' lang='lat' dir='ltr'>vocabulum</span> <span class='ocrx_word' id='word_1_154' title='bbox 1239 2381 1425 2436; x_wconf 89' lang='lat' dir='ltr'>risum</span> <span class='ocrx_word' id='word_1_155' title='bbox 1440 2395 1474 2434; x_wconf 89' lang='lat' dir='ltr'>a</span> <span class='ocrx_word' id='word_1_156' title='bbox 1485 2377 1783 2448; x_wconf 81' lang='lat' dir='ltr'>voluptate</span> <span class='ocrx_word' id='word_1_157' title='bbox 1797 2372 2127 2447; x_wconf 91' lang='lat' dir='ltr'>profectum</span> 
     </span>
    </p>
   </div>
   <div class='ocr_carea' id='block_1_25' title="bbox 477 2461 2128 2541">
    <p class='ocr_par' dir='ltr' id='par_1_25' title="bbox 477 2461 2128 2541">
     <span class='ocr_line' id='line_1_25' title="bbox 477 2461 2128 2541; baseline -0.013 -7"><span class='ocrx_word' id='word_1_158' title='bbox 477 2484 665 2534; x_wconf 88' lang='lat' dir='ltr'>notat.</span> <span class='ocrx_word' id='word_1_159' title='bbox 702 2476 985 2532; x_wconf 83' lang='lat' dir='ltr'>Hebraica</span> <span class='ocrx_word' id='word_1_160' title='bbox 1018 2474 1177 2528; x_wconf 92' lang='lat' dir='ltr'>enim</span> <span class='ocrx_word' id='word_1_161' title='bbox 1210 2471 1413 2541; x_wconf 76' lang='lat' dir='ltr'>lingua</span> <span class='ocrx_word' id='word_1_162' title='bbox 1444 2468 1503 2523; x_wconf 93' lang='lat' dir='ltr'>id</span> <span class='ocrx_word' id='word_1_163' title='bbox 1536 2467 1587 2520; x_wconf 92' lang='lat' dir='ltr'>ei</span> <span class='ocrx_word' id='word_1_164' title='bbox 1626 2480 1846 2519; x_wconf 89' lang='lat' dir='ltr'>nomen</span> <span class='ocrx_word' id='word_1_165' title='bbox 1906 2461 2128 2516; x_wconf 90' lang='lat' dir='ltr'>factum</span> 
     </span>
    </p>
   </div>
   <div class='ocr_carea' id='block_1_26' title="bbox 477 2545 2129 2637">
    <p class='ocr_par' dir='ltr' id='par_1_26' title="bbox 477 2545 2129 2637">
     <span class='ocr_line' id='line_1_26' title="bbox 477 2545 2129 2637; baseline -0.013 -15"><span class='ocrx_word' id='word_1_166' title='bbox 477 2572 586 2633; x_wconf 86' lang='lat' dir='ltr'>est,</span> <span class='ocrx_word' id='word_1_167' title='bbox 621 2570 936 2637; x_wconf 81' lang='lat' dir='ltr'>propterea</span> <span class='ocrx_word' id='word_1_168' title='bbox 968 2560 1126 2633; x_wconf 91' lang='lat' dir='ltr'>quod</span> <span class='ocrx_word' id='word_1_169' title='bbox 1160 2560 1303 2614; x_wconf 89' lang='lat' dir='ltr'>Sara</span> <span class='ocrx_word' id='word_1_170' title='bbox 1334 2556 1539 2613; x_wconf 88' lang='lat' dir='ltr'>audita</span> <span class='ocrx_word' id='word_1_171' title='bbox 1571 2553 1770 2609; x_wconf 84' lang='lat' dir='ltr'>divina</span> <span class='ocrx_word' id='word_1_172' title='bbox 1801 2549 1986 2623; x_wconf 87' lang='lat' dir='ltr'>prolis</span> <span class='ocrx_word' id='word_1_173' title='bbox 2017 2545 2129 2603; x_wconf 91' lang='lat' dir='ltr'>sibi</span> 
     </span>
    </p>
   </div>
   <div class='ocr_carea' id='block_1_27' title="bbox 476 2640 2131 2721">
    <p class='ocr_par' dir='ltr' id='par_1_27' title="bbox 476 2640 2131 2721">
     <span class='ocr_line' id='line_1_27' title="bbox 476 2640 2131 2721; baseline -0.013 -9"><span class='ocrx_word' id='word_1_174' title='bbox 476 2656 537 2711; x_wconf 89' lang='lat' dir='ltr'>in</span> <span class='ocrx_word' id='word_1_175' title='bbox 570 2658 875 2711; x_wconf 88' lang='lat' dir='ltr'>senectute</span> <span class='ocrx_word' id='word_1_176' title='bbox 907 2652 1122 2707; x_wconf 63' lang='lat' dir='ltr'>futurae</span> <span class='ocrx_word' id='word_1_177' title='bbox 1154 2646 1551 2721; x_wconf 78' lang='lat' dir='ltr'>promissione</span> <span class='ocrx_word' id='word_1_178' title='bbox 1586 2640 2131 2699; x_wconf 86' lang='lat' dir='ltr'>subriserat.Natus</span> 
     </span>
    </p>
   </div>
   <div class='ocr_carea' id='block_1_28' title="bbox 475 2736 1448 2801">
    <p class='ocr_par' dir='ltr' id='par_1_28' title="bbox 475 2736 1448 2801">
     <span class='ocr_line' id='line_1_28' title="bbox 475 2736 1448 2801; baseline -0.014 0"><span class='ocrx_word' id='word_1_179' title='bbox 475 2751 566 2801; x_wconf 86' lang='lat' dir='ltr'>est</span> <span class='ocrx_word' id='word_1_180' title='bbox 592 2746 829 2801; x_wconf 83' lang='lat' dir='ltr'>Isaacus</span> <span class='ocrx_word' id='word_1_181' title='bbox 861 2758 1017 2798; x_wconf 89' lang='lat' dir='ltr'>anno</span> <span class='ocrx_word' id='word_1_182' title='bbox 1050 2737 1259 2794; x_wconf 91' lang='lat' dir='ltr'>mundi</span> <span class='ocrx_word' id='word_1_183' title='bbox 1291 2736 1448 2790; x_wconf 82' lang='grc'>3413.</span> 
     </span>
    </p>
   </div>
   <div class='ocr_carea' id='block_1_29' title="bbox 550 2817 2132 2901">
    <p class='ocr_par' dir='ltr' id='par_1_29' title="bbox 550 2817 2132 2901">
     <span class='ocr_line' id='line_1_29' title="bbox 550 2817 2132 2901; baseline -0.011 -12"><span class='ocrx_word' id='word_1_184' title='bbox 550 2833 767 2889; x_wconf 88' lang='lat' dir='ltr'>Eodem</span> <span class='ocrx_word' id='word_1_185' title='bbox 800 2837 1065 2901; x_wconf 88' lang='lat' dir='ltr'>tempore</span> <span class='ocrx_word' id='word_1_186' title='bbox 1114 2828 1173 2882; x_wconf 93' lang='lat' dir='ltr'>in</span> <span class='ocrx_word' id='word_1_187' title='bbox 1206 2828 1378 2880; x_wconf 81' lang='lat' dir='ltr'>Creta</span> <span class='ocrx_word' id='word_1_188' title='bbox 1435 2824 1754 2878; x_wconf 84' lang='lat' dir='ltr'>Saturnum</span> <span class='ocrx_word' id='word_1_189' title='bbox 1799 2823 1856 2873; x_wconf 89' lang='lat' dir='ltr'>et</span> <span class='ocrx_word' id='word_1_190' title='bbox 1909 2817 2132 2872; x_wconf 79' lang='lat' dir='ltr'>Rheam</span> 
     </span>
    </p>
   </div>
   <div class='ocr_carea' id='block_1_30' title="bbox 482 2906 2131 2995">
    <p class='ocr_par' dir='ltr' id='par_1_30' title="bbox 482 2906 2131 2995">
     <span class='ocr_line' id='line_1_30' title="bbox 482 2906 2131 2995; baseline -0.012 -16"><span class='ocrx_word' id='word_1_191' title='bbox 482 2938 762 2995; x_wconf 80' lang='lat' dir='ltr'>regnasse</span> <span class='ocrx_word' id='word_1_192' title='bbox 796 2919 981 2975; x_wconf 66' lang='grc' dir='ltr'><strong>(ἐπ’ωοί</strong></span> <span class='ocrx_word' id='word_1_193' title='bbox 1012 2920 1276 2974; x_wconf 88' lang='lat' dir='ltr'>narrant.</span> <span class='ocrx_word' id='word_1_194' title='bbox 1321 2913 1426 2979; x_wconf 87' lang='lat' dir='ltr'>Qui</span> <span class='ocrx_word' id='word_1_195' title='bbox 1460 2928 1598 2965; x_wconf 88' lang='lat' dir='ltr'>vero</span> <span class='ocrx_word' id='word_1_196' title='bbox 1654 2910 1728 2965; x_wconf 91' lang='lat' dir='ltr'>ad</span> <span class='ocrx_word' id='word_1_197' title='bbox 1768 2906 2131 2963; x_wconf 86' lang='lat' dir='ltr'>Atlanticum</span> 
     </span>
    </p>
   </div>
   <div class='ocr_carea' id='block_1_31' title="bbox 481 2995 2135 3073">
    <p class='ocr_par' dir='ltr' id='par_1_31' title="bbox 481 2995 2135 3073">
     <span class='ocr_line' id='line_1_31' title="bbox 481 2995 2135 3073; baseline -0.012 -5"><span class='ocrx_word' id='word_1_198' title='bbox 481 3011 697 3068; x_wconf 87' lang='lat' dir='ltr'>Oceani</span> <span class='ocrx_word' id='word_1_199' title='bbox 731 3010 928 3065; x_wconf 90' lang='lat' dir='ltr'>sinum</span> <span class='ocrx_word' id='word_1_200' title='bbox 963 3006 1233 3061; x_wconf 91' lang='lat' dir='ltr'>incolunt</span> <span class='ocrx_word' id='word_1_201' title='bbox 1262 3020 1363 3059; x_wconf 83' lang='lat' dir='ltr'>eos</span> <span class='ocrx_word' id='word_1_202' title='bbox 1385 3001 1641 3073; x_wconf 87' lang='lat' dir='ltr'>primum</span> <span class='ocrx_word' id='word_1_203' title='bbox 1674 3013 1875 3068; x_wconf 82' lang='lat' dir='ltr'>regem</span> <span class='ocrx_word' id='word_1_204' title='bbox 1900 2995 2135 3049; x_wconf 88' lang='lat' dir='ltr'>habuis-</span> 
     </span>
    </p>
   </div>
   <div class='ocr_carea' id='block_1_32' title="bbox 472 3084 2134 3168">
    <p class='ocr_par' dir='ltr' id='par_1_32' title="bbox 472 3084 2134 3168">
     <span class='ocr_line' id='line_1_32' title="bbox 472 3084 2134 3168; baseline -0.012 -10"><span class='ocrx_word' id='word_1_205' title='bbox 472 3119 545 3157; x_wconf 86' lang='lat' dir='ltr'>se</span> <span class='ocrx_word' id='word_1_206' title='bbox 603 3101 850 3167; x_wconf 78' lang='lat' dir='ltr'>leum,</span> <span class='ocrx_word' id='word_1_207' title='bbox 911 3098 1009 3168; x_wconf 91' lang='lat' dir='ltr'>qui</span> <span class='ocrx_word' id='word_1_208' title='bbox 1068 3111 1315 3150; x_wconf 86' lang='lat' dir='ltr'>uxorem</span> <span class='ocrx_word' id='word_1_209' title='bbox 1376 3092 1545 3145; x_wconf 89' lang='lat' dir='ltr'>Titan</span> <span class='ocrx_word' id='word_1_210' title='bbox 1620 3088 1896 3143; x_wconf 87' lang='lat' dir='ltr'>habuerit</span> <span class='ocrx_word' id='word_1_211' title='bbox 1976 3084 2134 3139; x_wconf 91' lang='lat' dir='ltr'>unde</span> 
     </span>
    </p>
   </div>
   <div class='ocr_carea' id='block_1_33' title="bbox 482 3180 2132 3261">
    <p class='ocr_par' dir='ltr' id='par_1_33' title="bbox 482 3180 2132 3261">
     <span class='ocr_line' id='line_1_33' title="bbox 482 3180 2132 3261; baseline -0.011 -15"><span class='ocrx_word' id='word_1_212' title='bbox 482 3191 719 3247; x_wconf 86' lang='lat' dir='ltr'>Titanes</span> <span class='ocrx_word' id='word_1_213' title='bbox 751 3187 1055 3261; x_wconf 86' lang='lat' dir='ltr'>appellati.</span> <span class='ocrx_word' id='word_1_214' title='bbox 1090 3186 1256 3239; x_wconf 89' lang='lat' dir='ltr'>Hunc</span> <span class='ocrx_word' id='word_1_215' title='bbox 1286 3182 1486 3237; x_wconf 86' lang='lat' dir='ltr'>ferunt</span> <span class='ocrx_word' id='word_1_216' title='bbox 1515 3183 1788 3234; x_wconf 86' lang='lat' dir='ltr'>accurate</span> <span class='ocrx_word' id='word_1_217' title='bbox 1839 3180 2132 3231; x_wconf 87' lang='lat' dir='ltr'>astrorum</span> 
     </span>
    </p>
   </div>
   <div class='ocr_carea' id='block_1_34' title="bbox 2233 577 3887 656">
    <p class='ocr_par' dir='ltr' id='par_1_34' title="bbox 2233 577 3887 656">
     <span class='ocr_line' id='line_1_34' title="bbox 2233 577 3887 656; baseline 0.004 -23"><span class='ocrx_word' id='word_1_218' title='bbox 2233 598 2413 654; x_wconf 82' lang='grc' dir='ltr'>χωροι</span> <span class='ocrx_word' id='word_1_219' title='bbox 2474 581 2725 654; x_wconf 84' lang='grc' dir='ltr'>τέσσαρες</span> <span class='ocrx_word' id='word_1_220' title='bbox 2786 577 3032 655; x_wconf 80' lang='grc' dir='ltr'>βασιλεῖς</span> <span class='ocrx_word' id='word_1_221' title='bbox 3121 578 3310 655; x_wconf 74' lang='grc' dir='ltr'>Σύρων</span> <span class='ocrx_word' id='word_1_222' title='bbox 3377 579 3751 656; x_wconf 76' lang='grc' dir='ltr'>ἐπολέμησαν,</span> <span class='ocrx_word' id='word_1_223' title='bbox 3811 587 3887 640; x_wconf 83' lang='grc' dir='ltr'>ὧν</span> 
     </span>
    </p>
   </div>
   <div class='ocr_carea' id='block_1_35' title="bbox 2228 666 3885 746">
    <p class='ocr_par' dir='ltr' id='par_1_35' title="bbox 2228 666 3885 746">
     <span class='ocr_line' id='line_1_35' title="bbox 2228 666 3885 746; baseline 0.005 -23"><span class='ocrx_word' id='word_1_224' title='bbox 2228 674 2423 746; x_wconf 74' lang='grc' dir='ltr'>ἡγεῖτο</span> <span class='ocrx_word' id='word_1_225' title='bbox 2455 666 2905 744; x_wconf 82' lang='grc' dir='ltr'>Χοδολλογομὸρ</span> <span class='ocrx_word' id='word_1_226' title='bbox 2940 667 3198 744; x_wconf 79' lang='grc' dir='ltr'>βασιλεὺς</span> <span class='ocrx_word' id='word_1_227' title='bbox 3230 671 3258 725; x_wconf 99' lang='lat'>6</span> <span class='ocrx_word' id='word_1_228' title='bbox 3284 668 3463 745; x_wconf 83' lang='grc' dir='ltr'>Ἱλάμ.</span> <span class='ocrx_word' id='word_1_229' title='bbox 3500 668 3804 729; x_wconf 80' lang='grc' dir='ltr'>Συνὲϐαλον</span> <span class='ocrx_word' id='word_1_230' title='bbox 3826 673 3885 731; x_wconf 74' lang='grc' dir='ltr'>δὲ</span> 
     </span>
    </p>
   </div>
   <div class='ocr_carea' id='block_1_36' title="bbox 2228 757 3884 833">
    <p class='ocr_par' dir='ltr' id='par_1_36' title="bbox 2228 757 3884 833">
     <span class='ocr_line' id='line_1_36' title="bbox 2228 757 3884 833; baseline 0.003 -20"><span class='ocrx_word' id='word_1_231' title='bbox 2228 760 2376 833; x_wconf 84' lang='grc' dir='ltr'>παρὰ</span> <span class='ocrx_word' id='word_1_232' title='bbox 2430 759 2530 825; x_wconf 60' lang='grc' dir='ltr'>τὴν</span> <span class='ocrx_word' id='word_1_233' title='bbox 2590 757 2859 813; x_wconf 72' lang='grc' dir='ltr'>θάλασσαν</span> <span class='ocrx_word' id='word_1_234' title='bbox 2892 760 2990 825; x_wconf 72' lang='grc' dir='ltr'>τὴν</span> <span class='ocrx_word' id='word_1_235' title='bbox 3050 758 3269 829; x_wconf 76' lang='grc' dir='ltr'>ὰλικήν.</span> <span class='ocrx_word' id='word_1_236' title='bbox 3326 761 3429 816; x_wconf 87' lang='grc' dir='ltr'>Καὶ</span> <span class='ocrx_word' id='word_1_237' title='bbox 3484 762 3734 818; x_wconf 81' lang='grc' dir='ltr'>καλεῖται</span> <span class='ocrx_word' id='word_1_238' title='bbox 3791 768 3884 818; x_wconf 80' lang='grc' dir='ltr'>νῦν</span> 
     </span>
    </p>
   </div>
   <div class='ocr_carea' id='block_1_37' title="bbox 2227 844 3884 928">
    <p class='ocr_par' dir='ltr' id='par_1_37' title="bbox 2227 844 3884 928">
     <span class='ocr_line' id='line_1_37' title="bbox 2227 844 3884 928; baseline 0.003 -26"><span class='ocrx_word' id='word_1_239' title='bbox 2227 847 2469 903; x_wconf 83' lang='grc' dir='ltr'>θάλασσα</span> <span class='ocrx_word' id='word_1_240' title='bbox 2519 848 2721 922; x_wconf 80' lang='grc' dir='ltr'>Νεκρὰ,</span> <span class='ocrx_word' id='word_1_241' title='bbox 2780 845 3010 903; x_wconf 73' lang='grc' dir='ltr'>πλεῖστα</span> <span class='ocrx_word' id='word_1_242' title='bbox 3069 849 3342 921; x_wconf 81' lang='grc' dir='ltr'>θαυμάσια</span> <span class='ocrx_word' id='word_1_243' title='bbox 3399 844 3626 925; x_wconf 76' lang='grc' dir='ltr'>ἔχουσα,</span> <span class='ocrx_word' id='word_1_244' title='bbox 3688 851 3720 905; x_wconf 78' lang='grc' dir='ltr'>ἃ</span> <span class='ocrx_word' id='word_1_245' title='bbox 3776 852 3884 928; x_wconf 79' lang='grc' dir='ltr'>ἐγὼ</span> 
     </span>
    </p>
   </div>
   <div class='ocr_carea' id='block_1_38' title="bbox 2228 933 3892 1017">
    <p class='ocr_par' dir='ltr' id='par_1_38' title="bbox 2228 933 3892 1017">
     <span class='ocr_line' id='line_1_38' title="bbox 2228 933 3892 1017; baseline 0.003 -26"><span class='ocrx_word' id='word_1_246' title='bbox 2228 935 2549 1010; x_wconf 76' lang='grc' dir='ltr'>ἐθεασάμην.</span> <span class='ocrx_word' id='word_1_247' title='bbox 2583 936 2731 993; x_wconf 70' lang='grc' dir='ltr'>Ζῶόν</span> <span class='ocrx_word' id='word_1_248' title='bbox 2751 957 2809 990; x_wconf 87' lang='grc' dir='ltr'>τε</span> <span class='ocrx_word' id='word_1_249' title='bbox 2836 939 2936 1011; x_wconf 84' lang='grc' dir='ltr'>γὰρ</span> <span class='ocrx_word' id='word_1_250' title='bbox 2970 933 3121 992; x_wconf 77' lang='grc' dir='ltr'>οὐδὲν</span> <span class='ocrx_word' id='word_1_251' title='bbox 3158 938 3329 992; x_wconf 82' lang='grc' dir='ltr'>έκεῖνο</span> <span class='ocrx_word' id='word_1_252' title='bbox 3388 938 3536 1017; x_wconf 83' lang='grc' dir='ltr'>φέρει</span> <span class='ocrx_word' id='word_1_253' title='bbox 3592 941 3654 995; x_wconf 91' lang='grc' dir='ltr'>τὸ</span> <span class='ocrx_word' id='word_1_254' title='bbox 3705 939 3892 1015; x_wconf 76' lang='grc' dir='ltr'>ὕδωρ,</span> 
     </span>
    </p>
   </div>
   <div class='ocr_carea' id='block_1_39' title="bbox 2227 1022 3895 1106">
    <p class='ocr_par' dir='ltr' id='par_1_39' title="bbox 2227 1022 3895 1106">
     <span class='ocr_line' id='line_1_39' title="bbox 2227 1022 3895 1106; baseline 0.003 -26"><span class='ocrx_word' id='word_1_255' title='bbox 2227 1026 2317 1080; x_wconf 77' lang='grc' dir='ltr'>καὶ</span> <span class='ocrx_word' id='word_1_256' title='bbox 2350 1026 2512 1099; x_wconf 84' lang='grc' dir='ltr'>νεκρὰ</span> <span class='ocrx_word' id='word_1_257' title='bbox 2562 1026 2656 1099; x_wconf 74' lang='grc' dir='ltr'>μὲν</span> <span class='ocrx_word' id='word_1_258' title='bbox 2726 1027 2953 1097; x_wconf 82' lang='grc' dir='ltr'>σώματα</span> <span class='ocrx_word' id='word_1_259' title='bbox 3008 1022 3325 1106; x_wconf 74' lang='grc' dir='ltr'>ὑποϐρύχια</span> <span class='ocrx_word' id='word_1_260' title='bbox 3379 1028 3607 1104; x_wconf 87' lang='grc' dir='ltr'>γίνεται,</span> <span class='ocrx_word' id='word_1_261' title='bbox 3669 1034 3778 1100; x_wconf 79' lang='grc' dir='ltr'>ζῶν</span> <span class='ocrx_word' id='word_1_262' title='bbox 3831 1028 3895 1085; x_wconf 74' lang='grc' dir='ltr'><strong>δέ</strong></span> 
     </span>
    </p>
   </div>
   <div class='ocr_carea' id='block_1_40' title="bbox 2226 1109 3892 1193">
    <p class='ocr_par' dir='ltr' id='par_1_40' title="bbox 2226 1109 3892 1193">
     <span class='ocr_line' id='line_1_40' title="bbox 2226 1109 3892 1193; baseline 0.002 -24"><span class='ocrx_word' id='word_1_263' title='bbox 2226 1136 2307 1177; x_wconf 84' lang='grc' dir='ltr'>τις</span> <span class='ocrx_word' id='word_1_264' title='bbox 2339 1112 2462 1170; x_wconf 79' lang='grc' dir='ltr'>οὐδ’</span> <span class='ocrx_word' id='word_1_265' title='bbox 2501 1109 2561 1168; x_wconf 69' lang='grc' dir='ltr'>ἄν</span> <span class='ocrx_word' id='word_1_266' title='bbox 2596 1113 2796 1188; x_wconf 78' lang='grc' dir='ltr'>ῥᾳδίως</span> <span class='ocrx_word' id='word_1_267' title='bbox 2831 1113 3188 1188; x_wconf 57' lang='grc' dir='ltr'>βαπτίσαιτολ</span> <span class='ocrx_word' id='word_1_268' title='bbox 3213 1115 3310 1170; x_wconf 78' lang='grc' dir='ltr'>Καὶ</span> <span class='ocrx_word' id='word_1_269' title='bbox 3340 1115 3540 1193; x_wconf 85' lang='grc' dir='ltr'>λύχνοι</span> <span class='ocrx_word' id='word_1_270' title='bbox 3605 1120 3699 1190; x_wconf 82' lang='grc' dir='ltr'>μὶν</span> <span class='ocrx_word' id='word_1_271' title='bbox 3732 1119 3892 1173; x_wconf 86' lang='grc' dir='ltr'>καιό-</span> 
     </span>
    </p>
   </div>
   <div class='ocr_carea' id='block_1_41' title="bbox 2231 1198 3891 1284">
    <p class='ocr_par' dir='ltr' id='par_1_41' title="bbox 2231 1198 3891 1284">
     <span class='ocr_line' id='line_1_41' title="bbox 2231 1198 3891 1284; baseline 0.002 -25"><span class='ocrx_word' id='word_1_272' title='bbox 2231 1225 2383 1276; x_wconf 87' lang='grc' dir='ltr'>μενοι</span> <span class='ocrx_word' id='word_1_273' title='bbox 2470 1202 2820 1284; x_wconf 66' lang='grc' dir='ltr'>ἐπιφέρονται</span> <span class='ocrx_word' id='word_1_274' title='bbox 2866 1245 2879 1270; x_wconf 90' lang='grc'>,</span> <span class='ocrx_word' id='word_1_275' title='bbox 2938 1198 3289 1276; x_wconf 75' lang='grc' dir='ltr'>σϐεννύμενοι</span> <span class='ocrx_word' id='word_1_276' title='bbox 3365 1203 3421 1260; x_wconf 73' lang='grc' dir='ltr'>δὲ</span> <span class='ocrx_word' id='word_1_277' title='bbox 3500 1204 3891 1265; x_wconf 84' lang='grc' dir='ltr'>καταδύουσιν.</span> 
     </span>
    </p>
   </div>
   <div class='ocr_carea' id='block_1_42' title="bbox 2227 1289 3888 1370">
    <p class='ocr_par' dir='ltr' id='par_1_42' title="bbox 2227 1289 3888 1370">
     <span class='ocr_line' id='line_1_42' title="bbox 2227 1289 3888 1370; baseline 0.004 -26"><span class='ocrx_word' id='word_1_278' title='bbox 2227 1290 2485 1348; x_wconf 79' lang='grc' dir='ltr'>Ἐνταῦθά</span> <span class='ocrx_word' id='word_1_279' title='bbox 2543 1289 2674 1345; x_wconf 86' lang='grc' dir='ltr'>εἶσιν</span> <span class='ocrx_word' id='word_1_280' title='bbox 2731 1292 2784 1344; x_wconf 83' lang='grc' dir='ltr'>αἱ</span> <span class='ocrx_word' id='word_1_281' title='bbox 2842 1297 2943 1359; x_wconf 76' lang='grc' dir='ltr'>τῆς</span> <span class='ocrx_word' id='word_1_282' title='bbox 3001 1289 3280 1364; x_wconf 81' lang='grc' dir='ltr'>ἀσφάλτου</span> <span class='ocrx_word' id='word_1_283' title='bbox 3331 1293 3529 1369; x_wconf 67' lang='grc' dir='ltr'>πηγαί.</span> <span class='ocrx_word' id='word_1_284' title='bbox 3609 1293 3769 1370; x_wconf 84' lang='grc' dir='ltr'>Φέρει</span> <span class='ocrx_word' id='word_1_285' title='bbox 3829 1291 3888 1349; x_wconf 72' lang='grc' dir='ltr'>δὲ</span> 
     </span>
    </p>
   </div>
   <div class='ocr_carea' id='block_1_43' title="bbox 2227 1376 3891 1458">
    <p class='ocr_par' dir='ltr' id='par_1_43' title="bbox 2227 1376 3891 1458">
     <span class='ocr_line' id='line_1_43' title="bbox 2227 1376 3891 1458; baseline 0.002 -24"><span class='ocrx_word' id='word_1_286' title='bbox 2227 1378 2558 1453; x_wconf 77' lang='grc' dir='ltr'>στυπτηρίαν</span> <span class='ocrx_word' id='word_1_287' title='bbox 2590 1380 2679 1433; x_wconf 74' lang='grc' dir='ltr'>καὶ</span> <span class='ocrx_word' id='word_1_288' title='bbox 2711 1376 2844 1442; x_wconf 67' lang='grc' dir='ltr'>ἅλας</span> <span class='ocrx_word' id='word_1_289' title='bbox 2875 1377 3065 1453; x_wconf 78' lang='grc' dir='ltr'>ὀλίγον</span> <span class='ocrx_word' id='word_1_290' title='bbox 3094 1401 3145 1434; x_wconf 90' lang='grc' dir='ltr'>τι</span> <span class='ocrx_word' id='word_1_291' title='bbox 3176 1384 3281 1435; x_wconf 84' lang='grc' dir='ltr'>τῶν</span> <span class='ocrx_word' id='word_1_292' title='bbox 3312 1378 3500 1436; x_wconf 78' lang='grc' dir='ltr'>ἄλλων</span> <span class='ocrx_word' id='word_1_293' title='bbox 3537 1380 3891 1458; x_wconf 75' lang='grc' dir='ltr'>διαφέροντα’</span> 
     </span>
    </p>
   </div>
   <div class='ocr_carea' id='block_1_44' title="bbox 2226 1466 3893 1547">
    <p class='ocr_par' dir='ltr' id='par_1_44' title="bbox 2226 1466 3893 1547">
     <span class='ocr_line' id='line_1_44' title="bbox 2226 1466 3893 1547; baseline 0.004 -25"><span class='ocrx_word' id='word_1_294' title='bbox 2226 1470 2394 1543; x_wconf 83' lang='grc' dir='ltr'>πικρά</span> <span class='ocrx_word' id='word_1_295' title='bbox 2423 1489 2480 1523; x_wconf 90' lang='grc' dir='ltr'>τε</span> <span class='ocrx_word' id='word_1_296' title='bbox 2509 1470 2609 1541; x_wconf 73' lang='grc' dir='ltr'>γάρ</span> <span class='ocrx_word' id='word_1_297' title='bbox 2654 1467 2757 1524; x_wconf 84' lang='grc' dir='ltr'>είσι</span> <span class='ocrx_word' id='word_1_298' title='bbox 2815 1469 2906 1523; x_wconf 81' lang='grc' dir='ltr'>καὶ</span> <span class='ocrx_word' id='word_1_299' title='bbox 2965 1466 3184 1543; x_wconf 78' lang='grc' dir='ltr'>διαυγῆ.</span> <span class='ocrx_word' id='word_1_300' title='bbox 3248 1472 3412 1525; x_wconf 78' lang='grc' dir='ltr'>Ἔνθα</span> <span class='ocrx_word' id='word_1_301' title='bbox 3466 1467 3514 1525; x_wconf 85' lang='grc' dir='ltr'>δ’</span> <span class='ocrx_word' id='word_1_302' title='bbox 3571 1469 3631 1526; x_wconf 68' lang='grc' dir='ltr'>ἄν</span> <span class='ocrx_word' id='word_1_303' title='bbox 3681 1474 3893 1547; x_wconf 80' lang='grc' dir='ltr'>καρπὸς</span> 
     </span>
    </p>
   </div>
   <div class='ocr_carea' id='block_1_45' title="bbox 2226 1557 3897 1635">
    <p class='ocr_par' dir='ltr' id='par_1_45' title="bbox 2226 1557 3897 1635">
     <span class='ocr_line' id='line_1_45' title="bbox 2226 1557 3897 1635; baseline 0.002 -21"><span class='ocrx_word' id='word_1_304' title='bbox 2226 1561 2311 1634; x_wconf 87' lang='grc' dir='ltr'>[Ρ.</span> <span class='ocrx_word' id='word_1_305' title='bbox 2341 1559 2432 1635; x_wconf 75' lang='grc'>29]</span> <span class='ocrx_word' id='word_1_306' title='bbox 2466 1558 2680 1631; x_wconf 78' lang='grc' dir='ltr'>εὑρεθῇ,</span> <span class='ocrx_word' id='word_1_307' title='bbox 2711 1561 2923 1613; x_wconf 71' lang='grc' dir='ltr'>καπνοῦ</span> <span class='ocrx_word' id='word_1_308' title='bbox 2984 1557 3149 1613; x_wconf 85' lang='grc' dir='ltr'>πλέον</span> <span class='ocrx_word' id='word_1_309' title='bbox 3211 1558 3513 1634; x_wconf 81' lang='grc' dir='ltr'>εὑρίσκεται</span> <span class='ocrx_word' id='word_1_310' title='bbox 3573 1558 3749 1617; x_wconf 74' lang='grc' dir='ltr'>οὐδέν.</span> <span class='ocrx_word' id='word_1_311' title='bbox 3812 1564 3897 1619; x_wconf 87' lang='grc' dir='ltr'>Τὸ</span> 
     </span>
    </p>
   </div>
   <div class='ocr_carea' id='block_1_46' title="bbox 2226 1644 3899 1726">
    <p class='ocr_par' dir='ltr' id='par_1_46' title="bbox 2226 1644 3899 1726">
     <span class='ocr_line' id='line_1_46' title="bbox 2226 1644 3899 1726; baseline 0.001 -24"><span class='ocrx_word' id='word_1_312' title='bbox 2226 1644 2282 1702; x_wconf 74' lang='grc' dir='ltr'>δὲ</span> <span class='ocrx_word' id='word_1_313' title='bbox 2314 1645 2462 1723; x_wconf 76' lang='grc' dir='ltr'>ὕδωρ</span> <span class='ocrx_word' id='word_1_314' title='bbox 2498 1645 2641 1701; x_wconf 75' lang='grc' dir='ltr'>ίᾶται</span> <span class='ocrx_word' id='word_1_315' title='bbox 2669 1646 2797 1706; x_wconf 80' lang='grc' dir='ltr'>τοὺς</span> <span class='ocrx_word' id='word_1_316' title='bbox 2828 1648 3155 1726; x_wconf 83' lang='grc' dir='ltr'>χρωμένους</span> <span class='ocrx_word' id='word_1_317' title='bbox 3186 1647 3353 1719; x_wconf 82' lang='grc' dir='ltr'>αὐτῷ,</span> <span class='ocrx_word' id='word_1_318' title='bbox 3391 1648 3551 1726; x_wconf 69' lang='grc' dir='ltr'>λήγει</span> <span class='ocrx_word' id='word_1_319' title='bbox 3610 1672 3669 1705; x_wconf 90' lang='grc' dir='ltr'>τε</span> <span class='ocrx_word' id='word_1_320' title='bbox 3728 1651 3899 1707; x_wconf 81' lang='grc' dir='ltr'>παντὶ</span> 
     </span>
    </p>
   </div>
   <div class='ocr_carea' id='block_1_47' title="bbox 2228 1733 3899 1815">
    <p class='ocr_par' dir='ltr' id='par_1_47' title="bbox 2228 1733 3899 1815">
     <span class='ocr_line' id='line_1_47' title="bbox 2228 1733 3899 1815; baseline 0.002 -25"><span class='ocrx_word' id='word_1_321' title='bbox 2228 1733 2381 1790; x_wconf 75' lang='grc' dir='ltr'>ὕδατι</span> <span class='ocrx_word' id='word_1_322' title='bbox 2416 1737 2630 1809; x_wconf 79' lang='grc' dir='ltr'>πάσχον</span> <span class='ocrx_word' id='word_1_323' title='bbox 2663 1735 2729 1789; x_wconf 86' lang='grc' dir='ltr'>τὰ</span> <span class='ocrx_word' id='word_1_324' title='bbox 2763 1734 2996 1789; x_wconf 80' lang='grc' dir='ltr'>ἐναντία.</span> <span class='ocrx_word' id='word_1_325' title='bbox 3055 1734 3121 1789; x_wconf 64' lang='grc' dir='ltr'>ῐυὶῗ</span> <span class='ocrx_word' id='word_1_326' title='bbox 3178 1733 3235 1789; x_wconf 79' lang='grc' dir='ltr'>δὲ</span> <span class='ocrx_word' id='word_1_327' title='bbox 3286 1738 3363 1807; x_wconf 70' lang='grc' dir='ltr'>μὴ</span> <span class='ocrx_word' id='word_1_328' title='bbox 3422 1735 3702 1813; x_wconf 67' lang='grc' dir='ltr'>Ἰορδάνην</span> <span class='ocrx_word' id='word_1_329' title='bbox 3744 1739 3899 1815; x_wconf 79' lang='grc' dir='ltr'>εἶχεν</span> 
     </span>
    </p>
   </div>
   <div class='ocr_carea' id='block_1_48' title="bbox 2233 1822 3901 1902">
    <p class='ocr_par' dir='ltr' id='par_1_48' title="bbox 2233 1822 3901 1902">
     <span class='ocr_line' id='line_1_48' title="bbox 2233 1822 3901 1902; baseline 0.002 -23"><span class='ocrx_word' id='word_1_330' title='bbox 2233 1825 2460 1886; x_wconf 83' lang='grc' dir='ltr'>ὀτόπος</span> <span class='ocrx_word' id='word_1_331' title='bbox 2503 1825 2710 1901; x_wconf 69' lang='grc' dir='ltr'>τροφὴν</span> <span class='ocrx_word' id='word_1_332' title='bbox 2767 1824 2843 1886; x_wconf 85' lang='grc' dir='ltr'>ὡς</span> <span class='ocrx_word' id='word_1_333' title='bbox 2902 1824 3186 1901; x_wconf 82' lang='grc' dir='ltr'>πορφύραν</span> <span class='ocrx_word' id='word_1_334' title='bbox 3242 1822 3599 1902; x_wconf 76' lang='grc' dir='ltr'>διατρέχοντα</span> <span class='ocrx_word' id='word_1_335' title='bbox 3657 1828 3745 1882; x_wconf 82' lang='grc' dir='ltr'>καὶ</span> <span class='ocrx_word' id='word_1_336' title='bbox 3808 1828 3901 1883; x_wconf 84' lang='grc' dir='ltr'>ἐπὶ</span> 
     </span>
    </p>
   </div>
   <div class='ocr_carea' id='block_1_49' title="bbox 2231 1912 3902 1994">
    <p class='ocr_par' dir='ltr' id='par_1_49' title="bbox 2231 1912 3902 1994">
     <span class='ocr_line' id='line_1_49' title="bbox 2231 1912 3902 1994; baseline 0.002 -24"><span class='ocrx_word' id='word_1_337' title='bbox 2231 1914 2379 1970; x_wconf 79' lang='grc' dir='ltr'>πολὺ</span> <span class='ocrx_word' id='word_1_338' title='bbox 2410 1914 2728 1989; x_wconf 71' lang='grc' dir='ltr'>ἀντέχοντα,</span> <span class='ocrx_word' id='word_1_339' title='bbox 2756 1912 2944 1986; x_wconf 76' lang='grc' dir='ltr'>ἔληξεν</span> <span class='ocrx_word' id='word_1_340' title='bbox 2988 1912 3049 1969; x_wconf 72' lang='grc' dir='ltr'>ἄν</span> <span class='ocrx_word' id='word_1_341' title='bbox 3092 1916 3284 1969; x_wconf 79' lang='grc' dir='ltr'>θᾶττον</span> <span class='ocrx_word' id='word_1_342' title='bbox 3316 1913 3352 1985; x_wconf 74' lang='grc' dir='ltr'>ἤ</span> <span class='ocrx_word' id='word_1_343' title='bbox 3413 1916 3679 1994; x_wconf 86' lang='grc' dir='ltr'>φαίνεται.</span> <span class='ocrx_word' id='word_1_344' title='bbox 3739 1919 3902 1974; x_wconf 78' lang='grc' dir='ltr'>Ἐστι</span> 
     </span>
    </p>
   </div>
   <div class='ocr_carea' id='block_1_50' title="bbox 2234 2001 3901 2082">
    <p class='ocr_par' dir='ltr' id='par_1_50' title="bbox 2234 2001 3901 2082">
     <span class='ocr_line' id='line_1_50' title="bbox 2234 2001 3901 2082; baseline 0.002 -25"><span class='ocrx_word' id='word_1_345' title='bbox 2234 2002 2291 2058; x_wconf 80' lang='grc' dir='ltr'>δὲ</span> <span class='ocrx_word' id='word_1_346' title='bbox 2321 2005 2448 2073; x_wconf 86' lang='grc' dir='ltr'>παρ’</span> <span class='ocrx_word' id='word_1_347' title='bbox 2480 2002 2615 2077; x_wconf 78' lang='grc' dir='ltr'>αὐτῇ</span> <span class='ocrx_word' id='word_1_348' title='bbox 2647 2002 2921 2076; x_wconf 76' lang='grc' dir='ltr'>πάμπολυ</span> <span class='ocrx_word' id='word_1_349' title='bbox 2953 2001 3014 2057; x_wconf 85' lang='grc' dir='ltr'>τὸ</span> <span class='ocrx_word' id='word_1_350' title='bbox 3050 2001 3343 2078; x_wconf 80' lang='grc' dir='ltr'>βαλσάμου</span> <span class='ocrx_word' id='word_1_351' title='bbox 3376 2007 3563 2082; x_wconf 90' lang='grc' dir='ltr'>φυτόν.</span> <span class='ocrx_word' id='word_1_352' title='bbox 3616 2011 3901 2061; x_wconf 84' lang='grc' dir='ltr'>Ύπονοεῖ-</span> 
     </span>
    </p>
   </div>
   <div class='ocr_carea' id='block_1_51' title="bbox 2231 2090 3898 2169">
    <p class='ocr_par' dir='ltr' id='par_1_51' title="bbox 2231 2090 3898 2169">
     <span class='ocr_line' id='line_1_51' title="bbox 2231 2090 3898 2169; baseline 0.004 -23"><span class='ocrx_word' id='word_1_353' title='bbox 2231 2113 2321 2149; x_wconf 83' lang='grc' dir='ltr'>ται</span> <span class='ocrx_word' id='word_1_354' title='bbox 2354 2090 2410 2147; x_wconf 71' lang='grc' dir='ltr'>δὲ</span> <span class='ocrx_word' id='word_1_355' title='bbox 2439 2092 2832 2169; x_wconf 78' lang='grc' dir='ltr'>ἀνατετράφθαι</span> <span class='ocrx_word' id='word_1_356' title='bbox 2867 2092 2968 2146; x_wconf 87' lang='grc' dir='ltr'>ὑπὸ</span> <span class='ocrx_word' id='word_1_357' title='bbox 2997 2096 3096 2147; x_wconf 79' lang='grc' dir='ltr'>τοῦ</span> <span class='ocrx_word' id='word_1_358' title='bbox 3127 2097 3261 2147; x_wconf 81' lang='grc' dir='ltr'>Θεοῦ</span> <span class='ocrx_word' id='word_1_359' title='bbox 3319 2090 3407 2149; x_wconf 84' lang='grc' dir='ltr'>διὰ</span> <span class='ocrx_word' id='word_1_360' title='bbox 3465 2095 3565 2162; x_wconf 82' lang='grc' dir='ltr'>τήν</span> <span class='ocrx_word' id='word_1_361' title='bbox 3617 2101 3727 2151; x_wconf 81' lang='grc' dir='ltr'>τῶν</span> <span class='ocrx_word' id='word_1_362' title='bbox 3794 2116 3898 2152; x_wconf 87' lang='grc' dir='ltr'>πε-</span> 
     </span>
    </p>
   </div>
   <div class='ocr_carea' id='block_1_52' title="bbox 2236 2175 2890 2256">
    <p class='ocr_par' dir='ltr' id='par_1_52' title="bbox 2236 2175 2890 2256">
     <span class='ocr_line' id='line_1_52' title="bbox 2236 2175 2890 2256; baseline 0.005 -22"><span class='ocrx_word' id='word_1_363' title='bbox 2236 2180 2585 2256; x_wconf 86' lang='grc' dir='ltr'>ριοικούντων</span> <span class='ocrx_word' id='word_1_364' title='bbox 2627 2175 2890 2239; x_wconf 77' lang='grc' dir='ltr'>ἀσέϐειαν.</span> 
     </span>
    </p>
   </div>
   <div class='ocr_carea' id='block_1_53' title="bbox 2306 2267 3896 2346">
    <p class='ocr_par' dir='ltr' id='par_1_53' title="bbox 2306 2267 3896 2346">
     <span class='ocr_line' id='line_1_53' title="bbox 2306 2267 3896 2346; baseline 0.004 -23"><span class='ocrx_word' id='word_1_365' title='bbox 2306 2271 2429 2327; x_wconf 77' lang='grc' dir='ltr'>Ὅτι</span> <span class='ocrx_word' id='word_1_366' title='bbox 2490 2271 2517 2323; x_wconf 90' lang='lat'>6</span> <span class='ocrx_word' id='word_1_367' title='bbox 2586 2270 2770 2324; x_wconf 79' lang='grc' dir='ltr'>Ἰσαὰκ</span> <span class='ocrx_word' id='word_1_368' title='bbox 2798 2268 2976 2346; x_wconf 89' lang='grc' dir='ltr'>γέλως</span> <span class='ocrx_word' id='word_1_369' title='bbox 3036 2272 3152 2343; x_wconf 81' lang='grc' dir='ltr'>μεθ’</span> <span class='ocrx_word' id='word_1_370' title='bbox 3211 2267 3418 2341; x_wconf 75' lang='grc' dir='ltr'>ἡδονῆς</span> <span class='ocrx_word' id='word_1_371' title='bbox 3503 2272 3896 2346; x_wconf 68' lang='grc' dir='ltr'>ἑρμηνεύεταυ</span> 
     </span>
    </p>
   </div>
   <div class='ocr_carea' id='block_1_54' title="bbox 2239 2357 3899 2436">
    <p class='ocr_par' dir='ltr' id='par_1_54' title="bbox 2239 2357 3899 2436">
     <span class='ocr_line' id='line_1_54' title="bbox 2239 2357 3899 2436; baseline 0.002 -21"><span class='ocrx_word' id='word_1_372' title='bbox 2239 2358 2328 2415; x_wconf 86' lang='grc' dir='ltr'>διὰ</span> <span class='ocrx_word' id='word_1_373' title='bbox 2355 2360 2455 2435; x_wconf 88' lang='grc' dir='ltr'>γὰρ</span> <span class='ocrx_word' id='word_1_374' title='bbox 2485 2360 2548 2415; x_wconf 86' lang='grc' dir='ltr'>τὸ</span> <span class='ocrx_word' id='word_1_375' title='bbox 2580 2357 2942 2433; x_wconf 74' lang='grc' dir='ltr'>ἐπιμειδιᾶσαι</span> <span class='ocrx_word' id='word_1_376' title='bbox 2991 2362 3090 2429; x_wconf 82' lang='grc' dir='ltr'>τήν</span> <span class='ocrx_word' id='word_1_377' title='bbox 3145 2360 3356 2436; x_wconf 67' lang='grc' dir='ltr'>Σάρραν</span> <span class='ocrx_word' id='word_1_378' title='bbox 3409 2366 3480 2436; x_wconf 80' lang='grc' dir='ltr'>τῇ</span> <span class='ocrx_word' id='word_1_379' title='bbox 3540 2364 3661 2434; x_wconf 77' lang='grc' dir='ltr'>θείᾳ</span> <span class='ocrx_word' id='word_1_380' title='bbox 3693 2368 3794 2419; x_wconf 79' lang='grc' dir='ltr'>τοῦ</span> <span class='ocrx_word' id='word_1_381' title='bbox 3843 2364 3899 2420; x_wconf 79' lang='grc' dir='ltr'>ἐν</span> 
     </span>
    </p>
   </div>
   <div class='ocr_carea' id='block_1_55' title="bbox 2238 2449 3905 2527">
    <p class='ocr_par' dir='ltr' id='par_1_55' title="bbox 2238 2449 3905 2527">
     <span class='ocr_line' id='line_1_55' title="bbox 2238 2449 3905 2527; baseline 0.002 -23"><span class='ocrx_word' id='word_1_382' title='bbox 2238 2453 2385 2526; x_wconf 65' lang='grc' dir='ltr'>γήρᾳ</span> <span class='ocrx_word' id='word_1_383' title='bbox 2430 2453 2654 2505; x_wconf 74' lang='grc' dir='ltr'>τοκετοῦ</span> <span class='ocrx_word' id='word_1_384' title='bbox 2731 2449 3026 2527; x_wconf 72' lang='grc' dir='ltr'>ἐπαγγελίᾳ</span> <span class='ocrx_word' id='word_1_385' title='bbox 3079 2449 3341 2522; x_wconf 82' lang='grc' dir='ltr'>κέκληται</span> <span class='ocrx_word' id='word_1_386' title='bbox 3400 2452 3544 2508; x_wconf 71' lang='grc' dir='ltr'>οὕτω</span> <span class='ocrx_word' id='word_1_387' title='bbox 3600 2456 3738 2508; x_wconf 82' lang='grc' dir='ltr'>κατὰ</span> <span class='ocrx_word' id='word_1_388' title='bbox 3793 2456 3905 2523; x_wconf 83' lang='grc' dir='ltr'>τήν</span> 
     </span>
    </p>
   </div>
   <div class='ocr_carea' id='block_1_56' title="bbox 2239 2536 3912 2614">
    <p class='ocr_par' dir='ltr' id='par_1_56' title="bbox 2239 2536 3912 2614">
     <span class='ocr_line' id='line_1_56' title="bbox 2239 2536 3912 2614; baseline 0.001 -18"><span class='ocrx_word' id='word_1_389' title='bbox 2239 2536 2535 2614; x_wconf 76' lang='grc' dir='ltr'>Ἑϐραϊκήν</span> <span class='ocrx_word' id='word_1_390' title='bbox 2565 2536 2869 2595; x_wconf 76' lang='grc' dir='ltr'>διάλεκτον.</span> <span class='ocrx_word' id='word_1_391' title='bbox 2909 2540 3262 2611; x_wconf 79' lang='grc' dir='ltr'>Γεννηθέντος</span> <span class='ocrx_word' id='word_1_392' title='bbox 3295 2542 3475 2597; x_wconf 83' lang='grc' dir='ltr'>Ἰσαὰκ</span> <span class='ocrx_word' id='word_1_393' title='bbox 3504 2540 3623 2605; x_wconf 84' lang='grc' dir='ltr'>ἔτος</span> <span class='ocrx_word' id='word_1_394' title='bbox 3654 2546 3719 2611; x_wconf 69' lang='grc' dir='ltr'>ἦν</span> <span class='ocrx_word' id='word_1_395' title='bbox 3758 2542 3871 2597; x_wconf 88' lang='grc' dir='ltr'>κόσ</span> <span class='ocrx_word' id='word_1_396' title='bbox 3891 2575 3912 2587; x_wconf 84' lang='lat'><strong>-</strong></span> 
     </span>
    </p>
   </div>
   <div class='ocr_carea' id='block_1_57' title="bbox 2244 2630 2542 2704">
    <p class='ocr_par' dir='ltr' id='par_1_57' title="bbox 2244 2630 2542 2704">
     <span class='ocr_line' id='line_1_57' title="bbox 2244 2630 2542 2704; baseline 0.003 -20"><span class='ocrx_word' id='word_1_397' title='bbox 2244 2651 2351 2704; x_wconf 86' lang='grc' dir='ltr'>μου</span> <span class='ocrx_word' id='word_1_398' title='bbox 2382 2630 2542 2704; x_wconf 84' lang='grc' dir='ltr'>γυιγ’.</span> 
     </span>
    </p>
   </div>
   <div class='ocr_carea' id='block_1_58' title="bbox 2315 2818 3900 2900">
    <p class='ocr_par' dir='ltr' id='par_1_58' title="bbox 2315 2818 3900 2900">
     <span class='ocr_line' id='line_1_58' title="bbox 2315 2818 3900 2900; baseline 0.003 -25"><span class='ocrx_word' id='word_1_399' title='bbox 2315 2822 2459 2876; x_wconf 81' lang='grc' dir='ltr'>Κατὰ</span> <span class='ocrx_word' id='word_1_400' title='bbox 2487 2820 2712 2883; x_wconf 88' lang='grc' dir='ltr'>τούτους</span> <span class='ocrx_word' id='word_1_401' title='bbox 2743 2818 2800 2876; x_wconf 72' lang='grc' dir='ltr'>δὲ</span> <span class='ocrx_word' id='word_1_402' title='bbox 2847 2824 2975 2886; x_wconf 82' lang='grc' dir='ltr'>τοὺς</span> <span class='ocrx_word' id='word_1_403' title='bbox 3031 2824 3262 2897; x_wconf 81' lang='grc' dir='ltr'>χρόνους</span> <span class='ocrx_word' id='word_1_404' title='bbox 3313 2822 3363 2877; x_wconf 84' lang='grc' dir='ltr'>ἐν</span> <span class='ocrx_word' id='word_1_405' title='bbox 3421 2823 3501 2887; x_wconf 74' lang='grc' dir='ltr'>οἷς</span> <span class='ocrx_word' id='word_1_406' title='bbox 3536 2824 3717 2879; x_wconf 79' lang='grc' dir='ltr'>Ἰσαὰκ</span> <span class='ocrx_word' id='word_1_407' title='bbox 3745 2822 3900 2900; x_wconf 83' lang='grc' dir='ltr'>ἐγεν-</span> 
     </span>
    </p>
   </div>
   <div class='ocr_carea' id='block_1_59' title="bbox 2244 2910 3902 2985">
    <p class='ocr_par' dir='ltr' id='par_1_59' title="bbox 2244 2910 3902 2985">
     <span class='ocr_line' id='line_1_59' title="bbox 2244 2910 3902 2985; baseline 0.002 -20"><span class='ocrx_word' id='word_1_408' title='bbox 2244 2913 2405 2981; x_wconf 67' lang='grc' dir='ltr'>νήθη,</span> <span class='ocrx_word' id='word_1_409' title='bbox 2468 2910 2520 2965; x_wconf 81' lang='grc' dir='ltr'>ἐν</span> <span class='ocrx_word' id='word_1_410' title='bbox 2582 2913 2770 2985; x_wconf 68' lang='grc' dir='ltr'>Κρήτῃ</span> <span class='ocrx_word' id='word_1_411' title='bbox 2824 2910 2978 2985; x_wconf 74' lang='grc' dir='ltr'>ἄρξαι</span> <span class='ocrx_word' id='word_1_412' title='bbox 3035 2913 3240 2985; x_wconf 79' lang='grc' dir='ltr'>Κρόνον</span> <span class='ocrx_word' id='word_1_413' title='bbox 3296 2914 3386 2967; x_wconf 79' lang='grc' dir='ltr'>καὶ</span> <span class='ocrx_word' id='word_1_414' title='bbox 3415 2911 3563 2970; x_wconf 83' lang='grc' dir='ltr'>Ῥέαν</span> <span class='ocrx_word' id='word_1_415' title='bbox 3622 2912 3902 2984; x_wconf 78' lang='grc' dir='ltr'>Ἓλληνες</span> 
     </span>
    </p>
   </div>
   <div class='ocr_carea' id='block_1_60' title="bbox 2243 2998 3904 3075">
    <p class='ocr_par' dir='ltr' id='par_1_60' title="bbox 2243 2998 3904 3075">
     <span class='ocr_line' id='line_1_60' title="bbox 2243 2998 3904 3075; baseline 0.001 -21"><span class='ocrx_word' id='word_1_416' title='bbox 2243 3002 2542 3075; x_wconf 75' lang='grc' dir='ltr'>ἱστοροῦσι.</span> <span class='ocrx_word' id='word_1_417' title='bbox 2575 3003 2704 3064; x_wconf 82' lang='grc' dir='ltr'>Τοῖς</span> <span class='ocrx_word' id='word_1_418' title='bbox 2738 2998 2794 3055; x_wconf 76' lang='grc' dir='ltr'>δὲ</span> <span class='ocrx_word' id='word_1_419' title='bbox 2821 3002 2913 3055; x_wconf 85' lang='grc' dir='ltr'>τὸν</span> <span class='ocrx_word' id='word_1_420' title='bbox 2947 2999 3264 3057; x_wconf 75' lang='grc' dir='ltr'>Ἀτλάντων</span> <span class='ocrx_word' id='word_1_421' title='bbox 3311 3001 3521 3057; x_wconf 78' lang='grc' dir='ltr'>κόλπον</span> <span class='ocrx_word' id='word_1_422' title='bbox 3553 3002 3764 3057; x_wconf 70' lang='grc' dir='ltr'>οἰκοῦσι</span> <span class='ocrx_word' id='word_1_423' title='bbox 3795 3008 3904 3058; x_wconf 78' lang='grc' dir='ltr'>τοῦ</span> 
     </span>
    </p>
   </div>
   <div class='ocr_carea' id='block_1_61' title="bbox 2243 3088 3908 3167">
    <p class='ocr_par' dir='ltr' id='par_1_61' title="bbox 2243 3088 3908 3167">
     <span class='ocr_line' id='line_1_61' title="bbox 2243 3088 3908 3167; baseline 0.003 -25"><span class='ocrx_word' id='word_1_424' title='bbox 2243 3089 2483 3144; x_wconf 87' lang='grc' dir='ltr'>ὠκεανοῦ</span> <span class='ocrx_word' id='word_1_425' title='bbox 2513 3094 2728 3164; x_wconf 82' lang='grc' dir='ltr'>πρῶτον</span> <span class='ocrx_word' id='word_1_426' title='bbox 2744 3090 2991 3164; x_wconf 80' lang='grc' dir='ltr'>Οὐρανὸν</span> <span class='ocrx_word' id='word_1_427' title='bbox 3018 3088 3260 3163; x_wconf 75' lang='grc' dir='ltr'>τοῦνομα</span> <span class='ocrx_word' id='word_1_428' title='bbox 3284 3090 3624 3167; x_wconf 73' lang='grc' dir='ltr'>βασιλεῦσαι,</span> <span class='ocrx_word' id='word_1_429' title='bbox 3645 3093 3908 3166; x_wconf 68' lang='grc' dir='ltr'>γήμαντα</span> 
     </span>
    </p>
   </div>
   <div class='ocr_carea' id='block_1_62' title="bbox 2243 3178 3907 3257">
    <p class='ocr_par' dir='ltr' id='par_1_62' title="bbox 2243 3178 3907 3257">
     <span class='ocr_line' id='line_1_62' title="bbox 2243 3178 3907 3257; baseline 0 -22"><span class='ocrx_word' id='word_1_430' title='bbox 2243 3178 2428 3247; x_wconf 85' lang='grc' dir='ltr'>Τιτὰν,</span> <span class='ocrx_word' id='word_1_431' title='bbox 2463 3180 2551 3257; x_wconf 83' lang='grc' dir='ltr'>ἀφ’</span> <span class='ocrx_word' id='word_1_432' title='bbox 2582 3178 2645 3232; x_wconf 78' lang='grc' dir='ltr'>οὗ</span> <span class='ocrx_word' id='word_1_433' title='bbox 2697 3181 2929 3242; x_wconf 86' lang='grc' dir='ltr'>Τιτᾶνας</span> <span class='ocrx_word' id='word_1_434' title='bbox 2985 3179 3372 3252; x_wconf 79' lang='grc' dir='ltr'>ὀνομασθῆναι,</span> <span class='ocrx_word' id='word_1_435' title='bbox 3430 3185 3629 3236; x_wconf 76' lang='grc' dir='ltr'>Τοῦτον</span> <span class='ocrx_word' id='word_1_436' title='bbox 3682 3180 3907 3255; x_wconf 82' lang='grc' dir='ltr'>λέγουσι</span> 
     </span>
    </p>
   </div>
   <div class='ocr_carea' id='block_1_63' title="bbox 481 3245 2127 3343">
    <p class='ocr_par' dir='ltr' id='par_1_63' title="bbox 481 3267 2127 3343">
     <span class='ocr_line' id='line_1_63' title="bbox 481 3267 2127 3343; baseline -0.012 -3"><span class='ocrx_word' id='word_1_437' title='bbox 481 3301 692 3340; x_wconf 86' lang='lat' dir='ltr'>cursus</span> <span class='ocrx_word' id='word_1_438' title='bbox 770 3282 1136 3343; x_wconf 86' lang='lat' dir='ltr'>observasse,</span> <span class='ocrx_word' id='word_1_439' title='bbox 1198 3293 1264 3332; x_wconf 90' lang='lat' dir='ltr'>ac</span> <span class='ocrx_word' id='word_1_440' title='bbox 1327 3272 1526 3329; x_wconf 89' lang='lat' dir='ltr'>multis</span> <span class='ocrx_word' id='word_1_441' title='bbox 1587 3287 1719 3343; x_wconf 66' lang='lat' dir='ltr'>quae</span> <span class='ocrx_word' id='word_1_442' title='bbox 1797 3269 1855 3327; x_wconf 89' lang='lat' dir='ltr'>in</span> <span class='ocrx_word' id='word_1_443' title='bbox 1914 3267 2127 3322; x_wconf 90' lang='lat' dir='ltr'>mundc</span> 
     </span>
    </p>
   </div>
   <div class='ocr_carea' id='block_1_64' title="bbox 2244 3245 3912 3343">
    <p class='ocr_par' dir='ltr' id='par_1_64' title="bbox 2244 3245 3912 3343">
     <span class='ocr_line' id='line_1_64' title="bbox 2244 3245 3912 3343; baseline 0.001 -21"><span class='ocrx_word' id='word_1_444' title='bbox 2244 3269 2533 3342; x_wconf 82' lang='grc' dir='ltr'>γενόμενον</span> <span class='ocrx_word' id='word_1_445' title='bbox 2558 3266 2796 3341; x_wconf 83' lang='grc' dir='ltr'>ἐπιμελῆ</span> <span class='ocrx_word' id='word_1_446' title='bbox 2824 3270 3221 3343; x_wconf 68' lang='grc' dir='ltr'>παρατηρητὴν</span> <span class='ocrx_word' id='word_1_447' title='bbox 3252 3273 3361 3324; x_wconf 78' lang='grc' dir='ltr'>τῶν</span> <span class='ocrx_word' id='word_1_448' title='bbox 3420 3267 3630 3343; x_wconf 74' lang='grc' dir='ltr'>ἃστρων</span> <span class='ocrx_word' id='word_1_449' title='bbox 3664 3245 3912 3333; x_wconf 82' lang='grc' dir='ltr'>πολλοῖς</span> 
     </span>
    </p>
   </div>
   <div class='ocr_carea' id='block_1_65' title="bbox 485 3366 1375 3441">
    <p class='ocr_par' dir='ltr' id='par_1_65' title="bbox 485 3366 1375 3441">
     <span class='ocr_line' id='line_1_65' title="bbox 485 3366 1375 3441; baseline -0.011 -12"><span class='ocrx_word' id='word_1_450' title='bbox 485 3380 769 3429; x_wconf 82' lang='lat' dir='ltr'>eventura</span> <span class='ocrx_word' id='word_1_451' title='bbox 800 3375 971 3427; x_wconf 89' lang='lat' dir='ltr'>erant</span> <span class='ocrx_word' id='word_1_452' title='bbox 1008 3366 1375 3441; x_wconf 54' lang='lat' dir='ltr'>praedixisse.</span> 
     </span>
    </p>
   </div>
   <div class='ocr_carea' id='block_1_66' title="bbox 556 3450 2136 3526">
    <p class='ocr_par' dir='ltr' id='par_1_66' title="bbox 556 3450 2136 3526">
     <span class='ocr_line' id='line_1_66' title="bbox 556 3450 2136 3526; baseline -0.01 -8"><span class='ocrx_word' id='word_1_453' title='bbox 556 3462 933 3518; x_wconf 78' lang='lat' dir='ltr'>Abrahamus</span> <span class='ocrx_word' id='word_1_454' title='bbox 992 3474 1214 3514; x_wconf 88' lang='lat' dir='ltr'>annum</span> <span class='ocrx_word' id='word_1_455' title='bbox 1258 3470 1436 3526; x_wconf 78' lang='lat' dir='ltr'>agens</span> <span class='ocrx_word' id='word_1_456' title='bbox 1478 3455 1543 3506; x_wconf 79' lang='lat'>85</span> <span class='ocrx_word' id='word_1_457' title='bbox 1602 3451 1757 3506; x_wconf 82' lang='lat' dir='ltr'>fame</span> <span class='ocrx_word' id='word_1_458' title='bbox 1814 3450 2020 3505; x_wconf 87' lang='lat' dir='ltr'>oborta</span> <span class='ocrx_word' id='word_1_459' title='bbox 2077 3450 2136 3503; x_wconf 93' lang='lat' dir='ltr'>in</span> 
     </span>
    </p>
   </div>
   <div class='ocr_carea' id='block_1_67' title="bbox 483 3537 2135 3623">
    <p class='ocr_par' dir='ltr' id='par_1_67' title="bbox 483 3537 2135 3623">
     <span class='ocr_line' id='line_1_67' title="bbox 483 3537 2135 3623; baseline -0.01 -17"><span class='ocrx_word' id='word_1_460' title='bbox 483 3554 799 3623; x_wconf 65' lang='lat' dir='ltr'>Egyptum</span> <span class='ocrx_word' id='word_1_461' title='bbox 833 3546 1159 3601; x_wconf 90' lang='lat' dir='ltr'>descendit.</span> <span class='ocrx_word' id='word_1_462' title='bbox 1198 3542 1415 3598; x_wconf 85' lang='lat' dir='ltr'>Eodem</span> <span class='ocrx_word' id='word_1_463' title='bbox 1449 3556 1606 3595; x_wconf 92' lang='lat' dir='ltr'>anno</span> <span class='ocrx_word' id='word_1_464' title='bbox 1637 3538 1865 3607; x_wconf 84' lang='lat' dir='ltr'>Jupiter</span> <span class='ocrx_word' id='word_1_465' title='bbox 1901 3537 2135 3592; x_wconf 89' lang='lat' dir='ltr'>Saturni</span> 
     </span>
    </p>
   </div>
   <div class='ocr_carea' id='block_1_68' title="bbox 494 3630 2138 3703">
    <p class='ocr_par' dir='ltr' id='par_1_68' title="bbox 494 3630 2138 3703">
     <span class='ocr_line' id='line_1_68' title="bbox 494 3630 2138 3703; baseline -0.009 -6"><span class='ocrx_word' id='word_1_466' title='bbox 494 3643 654 3697; x_wconf 82' lang='lat' dir='ltr'>ﬁlius</span> <span class='ocrx_word' id='word_1_467' title='bbox 685 3657 817 3696; x_wconf 90' lang='lat' dir='ltr'>cum</span> <span class='ocrx_word' id='word_1_468' title='bbox 851 3640 1078 3694; x_wconf 85' lang='lat' dir='ltr'>Junone</span> <span class='ocrx_word' id='word_1_469' title='bbox 1110 3634 1295 3690; x_wconf 69' lang='lat' dir='ltr'>Creta:</span> <span class='ocrx_word' id='word_1_470' title='bbox 1354 3648 1599 3703; x_wconf 77' lang='lat' dir='ltr'>regnum</span> <span class='ocrx_word' id='word_1_471' title='bbox 1636 3630 1840 3683; x_wconf 90' lang='lat' dir='ltr'>tenuit.</span> <span class='ocrx_word' id='word_1_472' title='bbox 1889 3630 2048 3683; x_wconf 91' lang='lat' dir='ltr'>Tunc</span> <span class='ocrx_word' id='word_1_473' title='bbox 2080 3634 2138 3682; x_wconf 88' lang='lat' dir='ltr'>et</span> 
     </span>
    </p>
   </div>
   <div class='ocr_carea' id='block_1_69' title="bbox 487 3719 2136 3788">
    <p class='ocr_par' dir='ltr' id='par_1_69' title="bbox 487 3719 2136 3788">
     <span class='ocr_line' id='line_1_69' title="bbox 487 3719 2136 3788; baseline -0.009 -1"><span class='ocrx_word' id='word_1_474' title='bbox 487 3733 725 3788; x_wconf 87' lang='lat' dir='ltr'>Titanes</span> <span class='ocrx_word' id='word_1_475' title='bbox 754 3728 913 3784; x_wconf 89' lang='lat' dir='ltr'>bello</span> <span class='ocrx_word' id='word_1_476' title='bbox 943 3729 1141 3782; x_wconf 81' lang='lat' dir='ltr'>Jovem</span> <span class='ocrx_word' id='word_1_477' title='bbox 1194 3726 1500 3779; x_wconf 90' lang='lat' dir='ltr'>tentarunt</span> <span class='ocrx_word' id='word_1_478' title='bbox 1529 3738 1547 3773; x_wconf 87' lang='lat'><strong><em>:</em></strong></span> <span class='ocrx_word' id='word_1_479' title='bbox 1578 3725 1636 3774; x_wconf 90' lang='lat' dir='ltr'>et</span> <span class='ocrx_word' id='word_1_480' title='bbox 1677 3719 1958 3787; x_wconf 87' lang='lat' dir='ltr'>Bacchus,</span> <span class='ocrx_word' id='word_1_481' title='bbox 2015 3734 2136 3773; x_wconf 92' lang='lat' dir='ltr'>non</span> 
     </span>
    </p>
   </div>
   <div class='ocr_carea' id='block_1_70' title="bbox 486 3808 2136 3885">
    <p class='ocr_par' dir='ltr' id='par_1_70' title="bbox 486 3808 2136 3885">
     <span class='ocr_line' id='line_1_70' title="bbox 486 3808 2136 3885; baseline -0.01 -8"><span class='ocrx_word' id='word_1_482' title='bbox 486 3819 756 3877; x_wconf 86' lang='lat' dir='ltr'>Semeles</span> <span class='ocrx_word' id='word_1_483' title='bbox 782 3818 886 3873; x_wconf 90' lang='lat' dir='ltr'>ille</span> <span class='ocrx_word' id='word_1_484' title='bbox 919 3817 1098 3885; x_wconf 84' lang='lat' dir='ltr'>ﬁlius,</span> <span class='ocrx_word' id='word_1_485' title='bbox 1136 3814 1239 3869; x_wconf 88' lang='lat' dir='ltr'>sed</span> <span class='ocrx_word' id='word_1_486' title='bbox 1272 3813 1419 3869; x_wconf 87' lang='lat' dir='ltr'>alius</span> <span class='ocrx_word' id='word_1_487' title='bbox 1450 3809 1638 3866; x_wconf 90' lang='lat' dir='ltr'>multo</span> <span class='ocrx_word' id='word_1_488' title='bbox 1688 3809 1993 3872; x_wconf 72' lang='lat' dir='ltr'>vetustior,</span> <span class='ocrx_word' id='word_1_489' title='bbox 2054 3808 2136 3861; x_wconf 87' lang='lat' dir='ltr'>vi-</span> 
     </span>
    </p>
   </div>
   <div class='ocr_carea' id='block_1_71' title="bbox 483 3897 2134 3980">
    <p class='ocr_par' dir='ltr' id='par_1_71' title="bbox 483 3897 2134 3980">
     <span class='ocr_line' id='line_1_71' title="bbox 483 3897 2134 3980; baseline -0.009 -15"><span class='ocrx_word' id='word_1_490' title='bbox 483 3926 630 3965; x_wconf 88' lang='lat' dir='ltr'>num</span> <span class='ocrx_word' id='word_1_491' title='bbox 662 3908 902 3980; x_wconf 89' lang='lat' dir='ltr'>reperit,</span> <span class='ocrx_word' id='word_1_492' title='bbox 940 3906 1121 3976; x_wconf 88' lang='lat' dir='ltr'>inque</span> <span class='ocrx_word' id='word_1_493' title='bbox 1156 3899 1554 3980; x_wconf 86' lang='lat' dir='ltr'>torcularibus</span> <span class='ocrx_word' id='word_1_494' title='bbox 1584 3900 1777 3970; x_wconf 85' lang='lat' dir='ltr'>(Lenus</span> <span class='ocrx_word' id='word_1_495' title='bbox 1806 3897 1987 3952; x_wconf 59' lang='grc' dir='ltr'>ϐιτωεί</span> <span class='ocrx_word' id='word_1_496' title='bbox 2036 3914 2134 3951; x_wconf 90' lang='lat' dir='ltr'>vo-</span> 
     </span>
    </p>
   </div>
   <div class='ocr_carea' id='block_1_72' title="bbox 482 3974 2135 4069">
    <p class='ocr_par' dir='ltr' id='par_1_72' title="bbox 482 3974 2135 4069">
     <span class='ocr_line' id='line_1_72' title="bbox 482 3974 2135 4069; baseline -0.01 -15"><span class='ocrx_word' id='word_1_497' title='bbox 482 3998 642 4069; x_wconf 88' lang='lat' dir='ltr'>cant)</span> <span class='ocrx_word' id='word_1_498' title='bbox 676 3974 1156 4068; x_wconf 79' lang='lat' dir='ltr'>expressit,unde</span> <span class='ocrx_word' id='word_1_499' title='bbox 1190 3990 1242 4046; x_wconf 93' lang='lat' dir='ltr'>ei</span> <span class='ocrx_word' id='word_1_500' title='bbox 1273 3988 1461 4045; x_wconf 64' lang='lat' dir='ltr'>Lenaai</span> <span class='ocrx_word' id='word_1_501' title='bbox 1497 3974 1939 4058; x_wconf 75' lang='lat' dir='ltr'>cognometha</span> <span class='ocrx_word' id='word_1_502' title='bbox 1957 3985 2135 4040; x_wconf 86' lang='lat' dir='ltr'>etiam</span> 
     </span>
    </p>
   </div>
   <div class='ocr_carea' id='block_1_73' title="bbox 484 4074 2135 4143">
    <p class='ocr_par' dir='ltr' id='par_1_73' title="bbox 484 4074 2135 4143">
     <span class='ocr_line' id='line_1_73' title="bbox 484 4074 2135 4143; baseline -0.008 1"><span class='ocrx_word' id='word_1_503' title='bbox 484 4090 658 4143; x_wconf 89' lang='lat' dir='ltr'>Ceres</span> <span class='ocrx_word' id='word_1_504' title='bbox 704 4087 1075 4141; x_wconf 88' lang='lat' dir='ltr'>frumentum</span> <span class='ocrx_word' id='word_1_505' title='bbox 1124 4081 1314 4136; x_wconf 89' lang='lat' dir='ltr'>fertur</span> <span class='ocrx_word' id='word_1_506' title='bbox 1366 4083 1425 4133; x_wconf 92' lang='lat' dir='ltr'>et</span> <span class='ocrx_word' id='word_1_507' title='bbox 1478 4075 1768 4131; x_wconf 90' lang='lat' dir='ltr'>hordeum</span> <span class='ocrx_word' id='word_1_508' title='bbox 1816 4074 2135 4131; x_wconf 82' lang='lat' dir='ltr'>invenisse.</span> 
     </span>
    </p>
   </div>
   <div class='ocr_carea' id='block_1_74' title="bbox 483 4161 2135 4245">
    <p class='ocr_par' dir='ltr' id='par_1_74' title="bbox 483 4161 2135 4245">
     <span class='ocr_line' id='line_1_74' title="bbox 483 4161 2135 4245; baseline -0.01 -12"><span class='ocrx_word' id='word_1_509' title='bbox 483 4178 619 4232; x_wconf 65' lang='lat' dir='ltr'>Haec</span> <span class='ocrx_word' id='word_1_510' title='bbox 651 4180 740 4231; x_wconf 89' lang='lat' dir='ltr'>est</span> <span class='ocrx_word' id='word_1_511' title='bbox 770 4191 900 4245; x_wconf 71' lang='lat' dir='ltr'>quas</span> <span class='ocrx_word' id='word_1_512' title='bbox 961 4171 1132 4227; x_wconf 89' lang='lat' dir='ltr'>Isidis</span> <span class='ocrx_word' id='word_1_513' title='bbox 1176 4167 1418 4224; x_wconf 91' lang='lat' dir='ltr'>nomine</span> <span class='ocrx_word' id='word_1_514' title='bbox 1460 4165 1531 4220; x_wconf 87' lang='lat' dir='ltr'>ab</span> <span class='ocrx_word' id='word_1_515' title='bbox 1587 4164 1844 4236; x_wconf 63' lang='lat' dir='ltr'>Egyptis</span> <span class='ocrx_word' id='word_1_516' title='bbox 1903 4161 2135 4218; x_wconf 90' lang='lat' dir='ltr'>colitur.</span> 
     </span>
    </p>
   </div>
   <div class='ocr_carea' id='block_1_75' title="bbox 477 4252 2138 4325">
    <p class='ocr_par' dir='ltr' id='par_1_75' title="bbox 477 4252 2138 4325">
     <span class='ocr_line' id='line_1_75' title="bbox 477 4252 2138 4325; baseline -0.011 -3"><span class='ocrx_word' id='word_1_517' title='bbox 477 4265 695 4322; x_wconf 89' lang='lat' dir='ltr'>Iisdem</span> <span class='ocrx_word' id='word_1_518' title='bbox 725 4263 991 4320; x_wconf 86' lang='lat' dir='ltr'>Bacchus</span> <span class='ocrx_word' id='word_1_519' title='bbox 1025 4265 1111 4315; x_wconf 90' lang='lat' dir='ltr'>est</span> <span class='ocrx_word' id='word_1_520' title='bbox 1146 4258 1439 4313; x_wconf 80' lang='lat' dir='ltr'>Osiris.Ea</span> <span class='ocrx_word' id='word_1_521' title='bbox 1472 4259 1845 4325; x_wconf 87' lang='lat' dir='ltr'>tempestate,</span> <span class='ocrx_word' id='word_1_522' title='bbox 1870 4257 1937 4306; x_wconf 88' lang='lat' dir='ltr'>ut</span> <span class='ocrx_word' id='word_1_523' title='bbox 1967 4252 2138 4307; x_wconf 84' lang='lat' dir='ltr'>fabu-</span> 
     </span>
    </p>
   </div>
   <div class='ocr_carea' id='block_1_76' title="bbox 478 4342 2135 4427">
    <p class='ocr_par' dir='ltr' id='par_1_76' title="bbox 478 4342 2135 4427">
     <span class='ocr_line' id='line_1_76' title="bbox 478 4342 2135 4427; baseline -0.009 -18"><span class='ocrx_word' id='word_1_524' title='bbox 478 4354 554 4410; x_wconf 91' lang='lat' dir='ltr'>lis</span> <span class='ocrx_word' id='word_1_525' title='bbox 584 4355 953 4427; x_wconf 81' lang='lat' dir='ltr'>perhibetur,</span> <span class='ocrx_word' id='word_1_526' title='bbox 988 4352 1246 4420; x_wconf 83' lang='lat' dir='ltr'>Marsyas</span> <span class='ocrx_word' id='word_1_527' title='bbox 1278 4347 1473 4416; x_wconf 80' lang='lat' dir='ltr'>Phryx</span> <span class='ocrx_word' id='word_1_528' title='bbox 1506 4350 1564 4399; x_wconf 90' lang='lat' dir='ltr'>et</span> <span class='ocrx_word' id='word_1_529' title='bbox 1594 4343 1806 4415; x_wconf 84' lang='lat' dir='ltr'>Apollo</span> <span class='ocrx_word' id='word_1_530' title='bbox 1858 4359 1992 4397; x_wconf 90' lang='lat' dir='ltr'>cum</span> <span class='ocrx_word' id='word_1_531' title='bbox 2052 4342 2135 4396; x_wconf 87' lang='lat' dir='ltr'>eis</span> 
     </span>
    </p>
   </div>
   <div class='ocr_carea' id='block_1_77' title="bbox 476 4431 2136 4505">
    <p class='ocr_par' dir='ltr' id='par_1_77' title="bbox 476 4431 2136 4505">
     <span class='ocr_line' id='line_1_77' title="bbox 476 4431 2136 4505; baseline -0.008 -6"><span class='ocrx_word' id='word_1_532' title='bbox 476 4445 787 4501; x_wconf 86' lang='lat' dir='ltr'>incidisset</span> <span class='ocrx_word' id='word_1_533' title='bbox 816 4444 888 4499; x_wconf 91' lang='lat' dir='ltr'>de</span> <span class='ocrx_word' id='word_1_534' title='bbox 948 4442 1177 4498; x_wconf 87' lang='lat' dir='ltr'>cithara</span> <span class='ocrx_word' id='word_1_535' title='bbox 1217 4435 1542 4501; x_wconf 90' lang='lat' dir='ltr'>contentio,</span> <span class='ocrx_word' id='word_1_536' title='bbox 1607 4433 1681 4488; x_wconf 90' lang='lat' dir='ltr'>ad</span> <span class='ocrx_word' id='word_1_537' title='bbox 1739 4434 1977 4505; x_wconf 82' lang='lat' dir='ltr'>Nysam,</span> <span class='ocrx_word' id='word_1_538' title='bbox 2035 4431 2136 4486; x_wconf 90' lang='lat' dir='ltr'>ubi</span> 
     </span>
    </p>
   </div>
   <div class='ocr_carea' id='block_1_78' title="bbox 478 4522 2137 4599">
    <p class='ocr_par' dir='ltr' id='par_1_78' title="bbox 478 4522 2137 4599">
     <span class='ocr_line' id='line_1_78' title="bbox 478 4522 2137 4599; baseline -0.008 -11"><span class='ocrx_word' id='word_1_539' title='bbox 478 4535 742 4590; x_wconf 86' lang='lat' dir='ltr'>Bacchus</span> <span class='ocrx_word' id='word_1_540' title='bbox 782 4533 1352 4599; x_wconf 83' lang='lat' dir='ltr'>erat,accesserunt,</span> <span class='ocrx_word' id='word_1_541' title='bbox 1378 4531 1557 4596; x_wconf 82' lang='lat' dir='ltr'>atque</span> <span class='ocrx_word' id='word_1_542' title='bbox 1593 4522 1673 4576; x_wconf 90' lang='lat' dir='ltr'>ibi</span> <span class='ocrx_word' id='word_1_543' title='bbox 1708 4523 1932 4591; x_wconf 83' lang='lat' dir='ltr'>Marsya</span> <span class='ocrx_word' id='word_1_544' title='bbox 1965 4538 2137 4594; x_wconf 90' lang='lat' dir='ltr'>supe-</span> 
     </span>
    </p>
   </div>
   <div class='ocr_carea' id='block_1_79' title="bbox 477 4610 2142 4695">
    <p class='ocr_par' dir='ltr' id='par_1_79' title="bbox 477 4610 2142 4695">
     <span class='ocr_line' id='line_1_79' title="bbox 477 4610 2142 4695; baseline -0.008 -18"><span class='ocrx_word' id='word_1_545' title='bbox 477 4628 607 4679; x_wconf 90' lang='lat' dir='ltr'>rato</span> <span class='ocrx_word' id='word_1_546' title='bbox 655 4621 864 4695; x_wconf 86' lang='lat' dir='ltr'>Apollo</span> <span class='ocrx_word' id='word_1_547' title='bbox 923 4637 1028 4693; x_wconf 89' lang='lat' dir='ltr'>per</span> <span class='ocrx_word' id='word_1_548' title='bbox 1078 4620 1227 4674; x_wconf 84' lang='lat' dir='ltr'>iram</span> <span class='ocrx_word' id='word_1_549' title='bbox 1288 4614 1507 4688; x_wconf 91' lang='lat' dir='ltr'>pellem</span> <span class='ocrx_word' id='word_1_550' title='bbox 1557 4612 1680 4665; x_wconf 89' lang='lat' dir='ltr'>vivo</span> <span class='ocrx_word' id='word_1_551' title='bbox 1726 4610 2000 4675; x_wconf 82' lang='lat' dir='ltr'>detraxit,</span> <span class='ocrx_word' id='word_1_552' title='bbox 2044 4626 2142 4664; x_wconf 91' lang='lat' dir='ltr'>ru-</span> 
     </span>
    </p>
   </div>
   <div class='ocr_carea' id='block_1_80' title="bbox 476 4699 2128 4785">
    <p class='ocr_par' dir='ltr' id='par_1_80' title="bbox 476 4699 2128 4785">
     <span class='ocr_line' id='line_1_80' title="bbox 476 4699 2128 4785; baseline -0.008 -17"><span class='ocrx_word' id='word_1_553' title='bbox 476 4713 713 4785; x_wconf 91' lang='lat' dir='ltr'>ptisque</span> <span class='ocrx_word' id='word_1_554' title='bbox 742 4711 957 4767; x_wconf 84' lang='lat' dir='ltr'>ﬁdibus</span> <span class='ocrx_word' id='word_1_555' title='bbox 991 4711 1299 4765; x_wconf 90' lang='lat' dir='ltr'>inventum</span> <span class='ocrx_word' id='word_1_556' title='bbox 1331 4706 1687 4759; x_wconf 88' lang='lat' dir='ltr'>concentum</span> <span class='ocrx_word' id='word_1_557' title='bbox 1719 4701 1819 4757; x_wconf 74' lang='lat'>58</span> <span class='ocrx_word' id='word_1_558' title='bbox 1852 4699 2128 4755; x_wconf 89' lang='lat' dir='ltr'>abolevit.</span> 
     </span>
    </p>
   </div>
   <div class='ocr_carea' id='block_1_81' title="bbox 478 4789 2132 4872">
    <p class='ocr_par' dir='ltr' id='par_1_81' title="bbox 478 4789 2132 4872">
     <span class='ocr_line' id='line_1_81' title="bbox 478 4789 2132 4872; baseline -0.008 -15"><span class='ocrx_word' id='word_1_559' title='bbox 478 4803 691 4857; x_wconf 91' lang='lat' dir='ltr'>Postea</span> <span class='ocrx_word' id='word_1_560' title='bbox 712 4802 996 4872; x_wconf 90' lang='lat' dir='ltr'>temporis</span> <span class='ocrx_word' id='word_1_561' title='bbox 1019 4798 1391 4860; x_wconf 72' lang='lat' dir='ltr'>aiuntltlusas</span> <span class='ocrx_word' id='word_1_562' title='bbox 1415 4797 1473 4848; x_wconf 91' lang='lat' dir='ltr'>et</span> <span class='ocrx_word' id='word_1_563' title='bbox 1494 4789 1794 4863; x_wconf 88' lang='lat' dir='ltr'>Orpheum</span> <span class='ocrx_word' id='word_1_564' title='bbox 1818 4806 2023 4846; x_wconf 89' lang='lat' dir='ltr'>rursus</span> <span class='ocrx_word' id='word_1_565' title='bbox 2048 4789 2132 4845; x_wconf 85' lang='lat' dir='ltr'>in-</span> 
     </span>
    </p>
   </div>
   <div class='ocr_carea' id='block_1_82' title="bbox 478 4888 1251 4947">
    <p class='ocr_par' dir='ltr' id='par_1_82' title="bbox 478 4888 1251 4947">
     <span class='ocr_line' id='line_1_82' title="bbox 478 4888 1251 4947; baseline -0.008 -1"><span class='ocrx_word' id='word_1_566' title='bbox 478 4896 717 4947; x_wconf 89' lang='lat' dir='ltr'>ventam</span> <span class='ocrx_word' id='word_1_567' title='bbox 750 4891 889 4945; x_wconf 92' lang='lat' dir='ltr'>Lino</span> <span class='ocrx_word' id='word_1_568' title='bbox 916 4888 1251 4945; x_wconf 89' lang='lat' dir='ltr'>tradidisse.</span> 
     </span>
    </p>
   </div>
   <div class='ocr_carea' id='block_1_83' title="bbox 550 4968 2127 5038">
    <p class='ocr_par' dir='ltr' id='par_1_83' title="bbox 550 4968 2127 5038">
     <span class='ocr_line' id='line_1_83' title="bbox 550 4968 2127 5038; baseline -0.009 0"><span class='ocrx_word' id='word_1_569' title='bbox 550 4983 711 5038; x_wconf 88' lang='lat' dir='ltr'>Tunc</span> <span class='ocrx_word' id='word_1_570' title='bbox 743 4981 923 5037; x_wconf 87' lang='lat' dir='ltr'>etiam</span> <span class='ocrx_word' id='word_1_571' title='bbox 952 4977 1094 5035; x_wconf 61' lang='lat' dir='ltr'>Coeli</span> <span class='ocrx_word' id='word_1_572' title='bbox 1125 4975 1281 5031; x_wconf 84' lang='lat' dir='ltr'>ﬁlios</span> <span class='ocrx_word' id='word_1_573' title='bbox 1320 4970 1594 5028; x_wconf 83' lang='lat' dir='ltr'>ﬂoruisse</span> <span class='ocrx_word' id='word_1_574' title='bbox 1653 4968 1934 5024; x_wconf 88' lang='lat' dir='ltr'>traditum</span> <span class='ocrx_word' id='word_1_575' title='bbox 1993 4974 2083 5025; x_wconf 92' lang='lat' dir='ltr'>est</span> <span class='ocrx_word' id='word_1_576' title='bbox 2114 5011 2127 5036; x_wconf 91' lang='lat'>,</span> 
     </span>
    </p>
   </div>
   <div class='ocr_carea' id='block_1_84' title="bbox 480 5059 2129 5130">
    <p class='ocr_par' dir='ltr' id='par_1_84' title="bbox 480 5059 2129 5130">
     <span class='ocr_line' id='line_1_84' title="bbox 480 5059 2129 5130; baseline -0.009 0"><span class='ocrx_word' id='word_1_577' title='bbox 480 5091 550 5130; x_wconf 81' lang='lat' dir='ltr'>ex</span> <span class='ocrx_word' id='word_1_578' title='bbox 580 5072 673 5128; x_wconf 90' lang='lat' dir='ltr'>his</span> <span class='ocrx_word' id='word_1_579' title='bbox 697 5072 999 5127; x_wconf 84' lang='lat' dir='ltr'>Atlantem</span> <span class='ocrx_word' id='word_1_580' title='bbox 1033 5066 1287 5123; x_wconf 82' lang='lat' dir='ltr'>maxime</span> <span class='ocrx_word' id='word_1_581' title='bbox 1326 5060 1623 5118; x_wconf 86' lang='lat' dir='ltr'>celebrem</span> <span class='ocrx_word' id='word_1_582' title='bbox 1688 5059 1896 5127; x_wconf 82' lang='lat' dir='ltr'>fuisse,</span> <span class='ocrx_word' id='word_1_583' title='bbox 1951 5066 2129 5130; x_wconf 90' lang='lat' dir='ltr'>atque</span> 
     </span>
    </p>
   </div>
   <div class='ocr_carea' id='block_1_85' title="bbox 477 5148 2130 5233">
    <p class='ocr_par' dir='ltr' id='par_1_85' title="bbox 477 5148 2130 5233">
     <span class='ocr_line' id='line_1_85' title="bbox 477 5148 2130 5233; baseline -0.009 -15"><span class='ocrx_word' id='word_1_584' title='bbox 477 5164 616 5218; x_wconf 88' lang='lat' dir='ltr'>huic</span> <span class='ocrx_word' id='word_1_585' title='bbox 646 5161 927 5233; x_wconf 82' lang='lat' dir='ltr'>obtigisse</span> <span class='ocrx_word' id='word_1_586' title='bbox 949 5158 1080 5214; x_wconf 90' lang='lat' dir='ltr'>loca</span> <span class='ocrx_word' id='word_1_587' title='bbox 1103 5173 1235 5227; x_wconf 83' lang='lat' dir='ltr'>quae</span> <span class='ocrx_word' id='word_1_588' title='bbox 1255 5157 1393 5208; x_wconf 91' lang='lat' dir='ltr'>sunt</span> <span class='ocrx_word' id='word_1_589' title='bbox 1418 5150 1491 5206; x_wconf 80' lang='lat' dir='ltr'>ad</span> <span class='ocrx_word' id='word_1_590' title='bbox 1513 5148 2130 5205; x_wconf 88' lang='lat' dir='ltr'>Oceanum.Eumdem</span> 
     </span>
    </p>
   </div>
   <div class='ocr_carea' id='block_1_86' title="bbox 474 5237 2126 5323">
    <p class='ocr_par' dir='ltr' id='par_1_86' title="bbox 474 5237 2126 5323">
     <span class='ocr_line' id='line_1_86' title="bbox 474 5237 2126 5323; baseline -0.009 -16"><span class='ocrx_word' id='word_1_591' title='bbox 474 5253 734 5323; x_wconf 90' lang='lat' dir='ltr'>primum</span> <span class='ocrx_word' id='word_1_592' title='bbox 755 5248 1136 5320; x_wconf 75' lang='lat' dir='ltr'>astrologiam</span> <span class='ocrx_word' id='word_1_593' title='bbox 1161 5248 1435 5301; x_wconf 86' lang='lat' dir='ltr'>accurate</span> <span class='ocrx_word' id='word_1_594' title='bbox 1470 5238 1812 5295; x_wconf 88' lang='lat' dir='ltr'>condidisse</span> <span class='ocrx_word' id='word_1_595' title='bbox 1841 5237 1980 5293; x_wconf 89' lang='lat' dir='ltr'>etde</span> <span class='ocrx_word' id='word_1_596' title='bbox 2004 5239 2126 5309; x_wconf 83' lang='lat' dir='ltr'>glo-</span> 
     </span>
    </p>
   </div>
   <div class='ocr_carea' id='block_1_87' title="bbox 478 5326 2131 5408">
    <p class='ocr_par' dir='ltr' id='par_1_87' title="bbox 478 5326 2131 5408">
     <span class='ocr_line' id='line_1_87' title="bbox 478 5326 2131 5408; baseline -0.008 -15"><span class='ocrx_word' id='word_1_597' title='bbox 478 5342 549 5393; x_wconf 91' lang='lat' dir='ltr'>bo</span> <span class='ocrx_word' id='word_1_598' title='bbox 581 5341 910 5395; x_wconf 89' lang='lat' dir='ltr'>doctrinam</span> <span class='ocrx_word' id='word_1_599' title='bbox 972 5335 1291 5408; x_wconf 89' lang='lat' dir='ltr'>protulisse</span> <span class='ocrx_word' id='word_1_600' title='bbox 1326 5351 1340 5398; x_wconf 85' lang='lat'><strong>;</strong></span> <span class='ocrx_word' id='word_1_601' title='bbox 1405 5346 1536 5401; x_wconf 61' lang='lat' dir='ltr'>quas</span> <span class='ocrx_word' id='word_1_602' title='bbox 1568 5344 1746 5383; x_wconf 83' lang='lat' dir='ltr'>causa</span> <span class='ocrx_word' id='word_1_603' title='bbox 1803 5326 1984 5381; x_wconf 84' lang='lat' dir='ltr'>fuerit</span> <span class='ocrx_word' id='word_1_604' title='bbox 2025 5344 2131 5382; x_wconf 79' lang='lat' dir='ltr'>cur</span> 
     </span>
    </p>
   </div>
   <div class='ocr_carea' id='block_1_88' title="bbox 476 5418 1931 5492">
    <p class='ocr_par' dir='ltr' id='par_1_88' title="bbox 476 5418 1931 5492">
     <span class='ocr_line' id='line_1_88' title="bbox 476 5418 1931 5492; baseline -0.007 -10"><span class='ocrx_word' id='word_1_605' title='bbox 476 5429 734 5483; x_wconf 89' lang='lat' dir='ltr'>mundus</span> <span class='ocrx_word' id='word_1_606' title='bbox 763 5428 1018 5483; x_wconf 87' lang='lat' dir='ltr'>Atlantis</span> <span class='ocrx_word' id='word_1_607' title='bbox 1049 5424 1319 5481; x_wconf 87' lang='lat' dir='ltr'>humeris</span> <span class='ocrx_word' id='word_1_608' title='bbox 1350 5418 1571 5492; x_wconf 80' lang='lat' dir='ltr'>gestari</span> <span class='ocrx_word' id='word_1_609' title='bbox 1606 5422 1931 5489; x_wconf 84' lang='lat' dir='ltr'>putaretur.</span> 
     </span>
    </p>
   </div>
   <div class='ocr_carea' id='block_1_89' title="bbox 539 5506 2129 5589">
    <p class='ocr_par' dir='ltr' id='par_1_89' title="bbox 539 5506 2129 5589">
     <span class='ocr_line' id='line_1_89' title="bbox 539 5506 2129 5589; baseline -0.008 -16"><span class='ocrx_word' id='word_1_610' title='bbox 539 5518 833 5589; x_wconf 88' lang='lat' dir='ltr'>Scriptum</span> <span class='ocrx_word' id='word_1_611' title='bbox 877 5522 964 5573; x_wconf 91' lang='lat' dir='ltr'>est</span> <span class='ocrx_word' id='word_1_612' title='bbox 991 5516 1052 5570; x_wconf 92' lang='lat' dir='ltr'>in</span> <span class='ocrx_word' id='word_1_613' title='bbox 1085 5528 1261 5587; x_wconf 87' lang='lat' dir='ltr'>parva</span> <span class='ocrx_word' id='word_1_614' title='bbox 1294 5508 1505 5565; x_wconf 81' lang='lat' dir='ltr'>Genesi</span> <span class='ocrx_word' id='word_1_615' title='bbox 1556 5506 1946 5577; x_wconf 83' lang='lat' dir='ltr'>Mastiphaten</span> <span class='ocrx_word' id='word_1_616' title='bbox 2007 5507 2129 5562; x_wconf 76' lang='lat' dir='ltr'>dm-</span> 
     </span>
    </p>
   </div>
   <div class='ocr_carea' id='block_1_90' title="bbox 471 5596 2130 5677">
    <p class='ocr_par' dir='ltr' id='par_1_90' title="bbox 471 5596 2130 5677">
     <span class='ocr_line' id='line_1_90' title="bbox 471 5596 2130 5677; baseline -0.007 -15"><span class='ocrx_word' id='word_1_617' title='bbox 471 5607 812 5662; x_wconf 91' lang='lat' dir='ltr'>moniorum</span> <span class='ocrx_word' id='word_1_618' title='bbox 844 5605 1179 5677; x_wconf 89' lang='lat' dir='ltr'>principem</span> <span class='ocrx_word' id='word_1_619' title='bbox 1212 5602 1285 5660; x_wconf 87' lang='lat' dir='ltr'>ad</span> <span class='ocrx_word' id='word_1_620' title='bbox 1316 5602 1502 5656; x_wconf 91' lang='lat' dir='ltr'>Deum</span> <span class='ocrx_word' id='word_1_621' title='bbox 1535 5596 1875 5661; x_wconf 86' lang='lat' dir='ltr'>accessisse,</span> <span class='ocrx_word' id='word_1_622' title='bbox 1937 5613 2005 5652; x_wconf 91' lang='lat' dir='ltr'>ac</span> <span class='ocrx_word' id='word_1_623' title='bbox 2037 5597 2130 5652; x_wconf 90' lang='lat' dir='ltr'>di-</span> 
     </span>
    </p>
   </div>
   <div class='ocr_carea' id='block_1_91' title="bbox 466 5685 2125 5765">
    <p class='ocr_par' dir='ltr' id='par_1_91' title="bbox 466 5685 2125 5765">
     <span class='ocr_line' id='line_1_91' title="bbox 466 5685 2125 5765; baseline -0.005 -13"><span class='ocrx_word' id='word_1_624' title='bbox 466 5697 657 5752; x_wconf 77' lang='lat' dir='ltr'>xisse:</span> <span class='ocrx_word' id='word_1_625' title='bbox 685 5697 784 5752; x_wconf 69' lang='lat' dir='ltr'>«Si</span> <span class='ocrx_word' id='word_1_626' title='bbox 808 5702 861 5751; x_wconf 91' lang='lat' dir='ltr'>te</span> <span class='ocrx_word' id='word_1_627' title='bbox 889 5695 1083 5765; x_wconf 81' lang='lat' dir='ltr'>diligit</span> <span class='ocrx_word' id='word_1_628' title='bbox 1104 5685 1774 5755; x_wconf 84' lang='lat' dir='ltr'>Abrahamus,immolet</span> <span class='ocrx_word' id='word_1_629' title='bbox 1796 5686 1899 5740; x_wconf 88' lang='lat' dir='ltr'>tibi</span> <span class='ocrx_word' id='word_1_630' title='bbox 1939 5687 2125 5744; x_wconf 84' lang='lat' dir='ltr'>ﬁlium</span> 
     </span>
    </p>
   </div>
   <div class='ocr_carea' id='block_1_92' title="bbox 2245 3354 3052 3434">
    <p class='ocr_par' dir='ltr' id='par_1_92' title="bbox 2245 3354 3052 3434">
     <span class='ocr_line' id='line_1_92' title="bbox 2245 3354 3052 3434; baseline 0.004 -23"><span class='ocrx_word' id='word_1_631' title='bbox 2245 3356 2534 3434; x_wconf 72' lang='grc' dir='ltr'>προλέγειν</span> <span class='ocrx_word' id='word_1_632' title='bbox 2556 3358 2624 3412; x_wconf 79' lang='grc' dir='ltr'>τὰ</span> <span class='ocrx_word' id='word_1_633' title='bbox 2646 3359 2782 3412; x_wconf 70' lang='grc' dir='ltr'>κατὰ</span> <span class='ocrx_word' id='word_1_634' title='bbox 2820 3354 3052 3430; x_wconf 79' lang='grc' dir='ltr'>κόσμον.</span> 
     </span>
    </p>
   </div>
   <div class='ocr_carea' id='block_1_93' title="bbox 2319 3442 3909 3525">
    <p class='ocr_par' dir='ltr' id='par_1_93' title="bbox 2319 3442 3909 3525">
     <span class='ocr_line' id='line_1_93' title="bbox 2319 3442 3909 3525; baseline -0.001 -21"><span class='ocrx_word' id='word_1_635' title='bbox 2319 3450 2413 3519; x_wconf 79' lang='grc' dir='ltr'>Τῷ</span> <span class='ocrx_word' id='word_1_636' title='bbox 2450 3444 2505 3501; x_wconf 76' lang='grc' dir='ltr'>δὲ</span> <span class='ocrx_word' id='word_1_637' title='bbox 2537 3454 2613 3501; x_wconf 80' lang='grc' dir='ltr'>πε¹</span> <span class='ocrx_word' id='word_1_638' title='bbox 2638 3444 2745 3501; x_wconf 79' lang='grc' dir='ltr'>ἔτει</span> <span class='ocrx_word' id='word_1_639' title='bbox 2795 3442 3048 3519; x_wconf 78' lang='grc' dir='ltr'>Ἀϐραὰμ</span> <span class='ocrx_word' id='word_1_640' title='bbox 3102 3449 3271 3521; x_wconf 76' lang='grc' dir='ltr'>λιμοῦ</span> <span class='ocrx_word' id='word_1_641' title='bbox 3333 3448 3628 3525; x_wconf 80' lang='grc' dir='ltr'>γενομένου</span> <span class='ocrx_word' id='word_1_642' title='bbox 3695 3444 3909 3519; x_wconf 76' lang='grc' dir='ltr'>κατέϐη</span> 
     </span>
    </p>
   </div>
   <div class='ocr_carea' id='block_1_94' title="bbox 2247 3534 3911 3612">
    <p class='ocr_par' dir='ltr' id='par_1_94' title="bbox 2247 3534 3911 3612">
     <span class='ocr_line' id='line_1_94' title="bbox 2247 3534 3911 3612; baseline 0 -21"><span class='ocrx_word' id='word_1_643' title='bbox 2247 3536 2405 3599; x_wconf 79' lang='grc' dir='ltr'>αὐτὸς</span> <span class='ocrx_word' id='word_1_644' title='bbox 2430 3537 2504 3599; x_wconf 85' lang='grc' dir='ltr'>είς</span> <span class='ocrx_word' id='word_1_645' title='bbox 2542 3535 2841 3612; x_wconf 65' lang='grc' dir='ltr'>Αἴγυπτον.</span> <span class='ocrx_word' id='word_1_646' title='bbox 2877 3539 2967 3592; x_wconf 86' lang='grc' dir='ltr'>Ἐν</span> <span class='ocrx_word' id='word_1_647' title='bbox 3000 3537 3177 3609; x_wconf 82' lang='grc' dir='ltr'>τούτῳ</span> <span class='ocrx_word' id='word_1_648' title='bbox 3223 3542 3303 3611; x_wconf 83' lang='grc' dir='ltr'>τῷ</span> <span class='ocrx_word' id='word_1_649' title='bbox 3362 3534 3468 3593; x_wconf 81' lang='grc' dir='ltr'>ἔτει</span> <span class='ocrx_word' id='word_1_650' title='bbox 3524 3541 3623 3606; x_wconf 72' lang='grc' dir='ltr'>τῆς</span> <span class='ocrx_word' id='word_1_651' title='bbox 3684 3539 3911 3612; x_wconf 74' lang='grc' dir='ltr'>Κρήτης</span> 
     </span>
    </p>
   </div>
   <div class='ocr_carea' id='block_1_95' title="bbox 2251 3624 3911 3703">
    <p class='ocr_par' dir='ltr' id='par_1_95' title="bbox 2251 3624 3911 3703">
     <span class='ocr_line' id='line_1_95' title="bbox 2251 3624 3911 3703; baseline 0.001 -23"><span class='ocrx_word' id='word_1_652' title='bbox 2251 3624 2526 3699; x_wconf 85' lang='grc' dir='ltr'>βασιλεύει</span> <span class='ocrx_word' id='word_1_653' title='bbox 2558 3626 2683 3687; x_wconf 83' lang='grc' dir='ltr'>Ζεὺς</span> <span class='ocrx_word' id='word_1_654' title='bbox 2723 3627 2751 3680; x_wconf 81' lang='lat'>6</span> <span class='ocrx_word' id='word_1_655' title='bbox 2781 3631 2878 3682; x_wconf 78' lang='grc' dir='ltr'>τοῦ</span> <span class='ocrx_word' id='word_1_656' title='bbox 2912 3628 3121 3702; x_wconf 85' lang='grc' dir='ltr'>Κρόνου</span> <span class='ocrx_word' id='word_1_657' title='bbox 3153 3627 3270 3689; x_wconf 67' lang='grc' dir='ltr'>υἱὸς</span> <span class='ocrx_word' id='word_1_658' title='bbox 3331 3627 3419 3681; x_wconf 74' lang='grc' dir='ltr'>καὶ</span> <span class='ocrx_word' id='word_1_659' title='bbox 3479 3630 3644 3703; x_wconf 75' lang='lat' dir='ltr'>&quot;llpa.</span> <span class='ocrx_word' id='word_1_660' title='bbox 3694 3627 3911 3682; x_wconf 86' lang='grc' dir='ltr'>Γίνεται</span> 
     </span>
    </p>
   </div>
   <div class='ocr_carea' id='block_1_96' title="bbox 2248 3713 3914 3792">
    <p class='ocr_par' dir='ltr' id='par_1_96' title="bbox 2248 3713 3914 3792">
     <span class='ocr_line' id='line_1_96' title="bbox 2248 3713 3914 3792; baseline 0.001 -23"><span class='ocrx_word' id='word_1_661' title='bbox 2248 3713 2421 3769; x_wconf 78' lang='grc' dir='ltr'>δὲκαὶ</span> <span class='ocrx_word' id='word_1_662' title='bbox 2456 3716 2483 3769; x_wconf 90' lang='lat'>6</span> <span class='ocrx_word' id='word_1_663' title='bbox 2512 3717 2758 3772; x_wconf 84' lang='grc' dir='ltr'>Τιτάνων</span> <span class='ocrx_word' id='word_1_664' title='bbox 2789 3718 2925 3792; x_wconf 85' lang='grc' dir='ltr'>πρὸς</span> <span class='ocrx_word' id='word_1_665' title='bbox 2976 3715 3073 3771; x_wconf 83' lang='grc' dir='ltr'>Δία</span> <span class='ocrx_word' id='word_1_666' title='bbox 3123 3715 3391 3789; x_wconf 83' lang='grc' dir='ltr'>πόλεμος.</span> <span class='ocrx_word' id='word_1_667' title='bbox 3451 3717 3553 3774; x_wconf 83' lang='grc' dir='ltr'>Καὶ</span> <span class='ocrx_word' id='word_1_668' title='bbox 3622 3716 3914 3789; x_wconf 83' lang='grc' dir='ltr'>Διόνυσος,</span> 
     </span>
    </p>
   </div>
   <div class='ocr_carea' id='block_1_97' title="bbox 2248 3802 3916 3880">
    <p class='ocr_par' dir='ltr' id='par_1_97' title="bbox 2248 3802 3916 3880">
     <span class='ocr_line' id='line_1_97' title="bbox 2248 3802 3916 3880; baseline 0.001 -22"><span class='ocrx_word' id='word_1_669' title='bbox 2248 3804 2355 3880; x_wconf 76' lang='grc' dir='ltr'>οὐχ</span> <span class='ocrx_word' id='word_1_670' title='bbox 2388 3806 2416 3859; x_wconf 90' lang='lat'>6</span> <span class='ocrx_word' id='word_1_671' title='bbox 2446 3812 2547 3875; x_wconf 82' lang='grc' dir='ltr'>τῆς</span> <span class='ocrx_word' id='word_1_672' title='bbox 2581 3804 2834 3878; x_wconf 80' lang='grc' dir='ltr'>Σεμέλης</span> <span class='ocrx_word' id='word_1_673' title='bbox 2865 3803 2994 3860; x_wconf 80' lang='grc' dir='ltr'>ἀλλ’</span> <span class='ocrx_word' id='word_1_674' title='bbox 3025 3804 3197 3867; x_wconf 76' lang='grc' dir='ltr'>ἄλλος</span> <span class='ocrx_word' id='word_1_675' title='bbox 3250 3804 3449 3860; x_wconf 87' lang='grc' dir='ltr'>τούτου</span> <span class='ocrx_word' id='word_1_676' title='bbox 3494 3802 3641 3860; x_wconf 78' lang='grc' dir='ltr'>πολὺ</span> <span class='ocrx_word' id='word_1_677' title='bbox 3671 3805 3916 3879; x_wconf 83' lang='grc' dir='ltr'>ἀρχαιό-</span> 
     </span>
    </p>
   </div>
   <div class='ocr_carea' id='block_1_98' title="bbox 2243 3893 3917 3970">
    <p class='ocr_par' dir='ltr' id='par_1_98' title="bbox 2243 3893 3917 3970">
     <span class='ocr_line' id='line_1_98' title="bbox 2243 3893 3917 3970; baseline -0.001 -21"><span class='ocrx_word' id='word_1_678' title='bbox 2243 3915 2423 3968; x_wconf 85' lang='grc' dir='ltr'>τερος,</span> <span class='ocrx_word' id='word_1_679' title='bbox 2461 3896 2552 3951; x_wconf 82' lang='grc' dir='ltr'>τὸν</span> <span class='ocrx_word' id='word_1_680' title='bbox 2586 3897 2737 3950; x_wconf 78' lang='grc' dir='ltr'>οἶνον</span> <span class='ocrx_word' id='word_1_681' title='bbox 2771 3896 2949 3970; x_wconf 76' lang='grc' dir='ltr'>ἐξεῦρε</span> <span class='ocrx_word' id='word_1_682' title='bbox 2973 3895 3063 3950; x_wconf 80' lang='grc' dir='ltr'>καὶ</span> <span class='ocrx_word' id='word_1_683' title='bbox 3090 3894 3140 3950; x_wconf 80' lang='grc' dir='ltr'>ἐν</span> <span class='ocrx_word' id='word_1_684' title='bbox 3192 3901 3308 3957; x_wconf 65' lang='grc' dir='ltr'>τοῖς</span> <span class='ocrx_word' id='word_1_685' title='bbox 3360 3894 3554 3966; x_wconf 73' lang='grc' dir='ltr'>ληνοῖς</span> <span class='ocrx_word' id='word_1_686' title='bbox 3586 3893 3917 3968; x_wconf 73' lang='grc' dir='ltr'>ἀπέθλιψεν,</span> 
     </span>
    </p>
   </div>
   <div class='ocr_carea' id='block_1_99' title="bbox 2245 3983 3917 4063">
    <p class='ocr_par' dir='ltr' id='par_1_99' title="bbox 2245 3983 3917 4063">
     <span class='ocr_line' id='line_1_99' title="bbox 2245 3983 3917 4063; baseline -0.001 -24"><span class='ocrx_word' id='word_1_687' title='bbox 2245 3983 2334 4063; x_wconf 81' lang='grc' dir='ltr'>ἀφ’</span> <span class='ocrx_word' id='word_1_688' title='bbox 2393 3985 2467 4039; x_wconf 82' lang='grc' dir='ltr'>ὢν</span> <span class='ocrx_word' id='word_1_689' title='bbox 2518 3985 2607 4039; x_wconf 72' lang='grc' dir='ltr'>καὶ</span> <span class='ocrx_word' id='word_1_690' title='bbox 2659 3991 2896 4056; x_wconf 83' lang='grc' dir='ltr'>Ληναῖος</span> <span class='ocrx_word' id='word_1_691' title='bbox 2955 3984 3274 4057; x_wconf 82' lang='grc' dir='ltr'>ὠνομάσθη.</span> <span class='ocrx_word' id='word_1_692' title='bbox 3337 3992 3420 4047; x_wconf 81' lang='grc' dir='ltr'>Ὡς</span> <span class='ocrx_word' id='word_1_693' title='bbox 3477 3984 3567 4039; x_wconf 84' lang='grc' dir='ltr'>καὶ</span> <span class='ocrx_word' id='word_1_694' title='bbox 3637 3985 3917 4056; x_wconf 69' lang='grc' dir='ltr'>Δήμητρα</span> 
     </span>
    </p>
   </div>
   <div class='ocr_carea' id='block_1_100' title="bbox 2247 4070 3920 4154">
    <p class='ocr_par' dir='ltr' id='par_1_100' title="bbox 2247 4070 3920 4154">
     <span class='ocr_line' id='line_1_100' title="bbox 2247 4070 3920 4154; baseline -0.001 -26"><span class='ocrx_word' id='word_1_695' title='bbox 2247 4073 2459 4150; x_wconf 86' lang='grc' dir='ltr'>λέγεται</span> <span class='ocrx_word' id='word_1_696' title='bbox 2493 4074 2733 4154; x_wconf 83' lang='grc' dir='ltr'>ἐφευρεῖν</span> <span class='ocrx_word' id='word_1_697' title='bbox 2765 4074 2858 4129; x_wconf 87' lang='grc' dir='ltr'>τὸν</span> <span class='ocrx_word' id='word_1_698' title='bbox 2889 4080 3036 4129; x_wconf 85' lang='grc' dir='ltr'>σῖτον</span> <span class='ocrx_word' id='word_1_699' title='bbox 3069 4075 3157 4129; x_wconf 75' lang='grc' dir='ltr'>καὶ</span> <span class='ocrx_word' id='word_1_700' title='bbox 3216 4077 3317 4144; x_wconf 76' lang='grc' dir='ltr'>τὴν</span> <span class='ocrx_word' id='word_1_701' title='bbox 3367 4075 3585 4149; x_wconf 75' lang='grc' dir='ltr'>κριθήν.</span> <span class='ocrx_word' id='word_1_702' title='bbox 3638 4071 3787 4144; x_wconf 74' lang='grc' dir='ltr'>Αὕτη</span> <span class='ocrx_word' id='word_1_703' title='bbox 3858 4070 3920 4128; x_wconf 80' lang='grc' dir='ltr'>δέ</span> 
     </span>
    </p>
   </div>
   <div class='ocr_carea' id='block_1_101' title="bbox 2247 4159 3915 4239">
    <p class='ocr_par' dir='ltr' id='par_1_101' title="bbox 2247 4159 3915 4239">
     <span class='ocr_line' id='line_1_101' title="bbox 2247 4159 3915 4239; baseline -0.001 -21"><span class='ocrx_word' id='word_1_704' title='bbox 2247 4162 2387 4218; x_wconf 78' lang='grc' dir='ltr'>ἐστιν</span> <span class='ocrx_word' id='word_1_705' title='bbox 2420 4165 2453 4233; x_wconf 76' lang='grc' dir='ltr'>ἡ</span> <span class='ocrx_word' id='word_1_706' title='bbox 2486 4165 2611 4239; x_wconf 85' lang='grc' dir='ltr'>παρ’</span> <span class='ocrx_word' id='word_1_707' title='bbox 2646 4162 2971 4238; x_wconf 71' lang='grc' dir='ltr'>Αἰγυπτίοις</span> <span class='ocrx_word' id='word_1_708' title='bbox 3004 4162 3296 4237; x_wconf 75' lang='grc' dir='ltr'>τιμωμένη</span> <span class='ocrx_word' id='word_1_709' title='bbox 3330 4166 3485 4227; x_wconf 78' lang='grc' dir='ltr'>Ἶσις.</span> <span class='ocrx_word' id='word_1_710' title='bbox 3519 4164 3579 4220; x_wconf 86' lang='grc' dir='ltr'><strong>Ὀ</strong></span> <span class='ocrx_word' id='word_1_711' title='bbox 3639 4159 3697 4216; x_wconf 74' lang='grc' dir='ltr'>δὲ</span> <span class='ocrx_word' id='word_1_712' title='bbox 3781 4162 3915 4217; x_wconf 89' lang='grc' dir='ltr'>Διό-</span> 
     </span>
    </p>
   </div>
   <div class='ocr_carea' id='block_1_102' title="bbox 2244 4247 3922 4329">
    <p class='ocr_par' dir='ltr' id='par_1_102' title="bbox 2244 4247 3922 4329">
     <span class='ocr_line' id='line_1_102' title="bbox 2244 4247 3922 4329; baseline 0 -23"><span class='ocrx_word' id='word_1_713' title='bbox 2244 4273 2402 4315; x_wconf 82' lang='grc' dir='ltr'>νυσος</span> <span class='ocrx_word' id='word_1_714' title='bbox 2428 4254 2554 4327; x_wconf 73' lang='grc' dir='ltr'>παρ’</span> <span class='ocrx_word' id='word_1_715' title='bbox 2586 4252 2911 4329; x_wconf 82' lang='grc' dir='ltr'>Αἰγυπτίοις</span> <span class='ocrx_word' id='word_1_716' title='bbox 2960 4254 3175 4328; x_wconf 87' lang='grc' dir='ltr'>’Όσιρις</span> <span class='ocrx_word' id='word_1_717' title='bbox 3239 4250 3478 4329; x_wconf 83' lang='grc' dir='ltr'>λέγεται.</span> <span class='ocrx_word' id='word_1_718' title='bbox 3533 4253 3795 4315; x_wconf 86' lang='grc' dir='ltr'>Ἐνταῦοα</span> <span class='ocrx_word' id='word_1_719' title='bbox 3858 4247 3922 4306; x_wconf 61' lang='grc' dir='ltr'>δὲ</span> 
     </span>
    </p>
   </div>
   <div class='ocr_carea' id='block_1_103' title="bbox 2245 4340 3918 4421">
    <p class='ocr_par' dir='ltr' id='par_1_103' title="bbox 2245 4340 3918 4421">
     <span class='ocr_line' id='line_1_103' title="bbox 2245 4340 3918 4421; baseline -0.001 -23"><span class='ocrx_word' id='word_1_720' title='bbox 2245 4343 2333 4398; x_wconf 75' lang='grc' dir='ltr'>καὶ</span> <span class='ocrx_word' id='word_1_721' title='bbox 2366 4344 2399 4412; x_wconf 79' lang='grc' dir='ltr'>ἠ</span> <span class='ocrx_word' id='word_1_722' title='bbox 2436 4344 2695 4419; x_wconf 79' lang='grc' dir='ltr'>Μαρσύου</span> <span class='ocrx_word' id='word_1_723' title='bbox 2724 4348 2822 4398; x_wconf 78' lang='grc' dir='ltr'>τοῦ</span> <span class='ocrx_word' id='word_1_724' title='bbox 2881 4344 3103 4421; x_wconf 83' lang='grc' dir='ltr'>Φρυγὸς</span> <span class='ocrx_word' id='word_1_725' title='bbox 3163 4340 3274 4419; x_wconf 76' lang='grc' dir='ltr'>ἔρις</span> <span class='ocrx_word' id='word_1_726' title='bbox 3332 4345 3467 4399; x_wconf 87' lang='grc' dir='ltr'>κατὰ</span> <span class='ocrx_word' id='word_1_727' title='bbox 3520 4342 3648 4403; x_wconf 77' lang='grc' dir='ltr'>τοὺς</span> <span class='ocrx_word' id='word_1_728' title='bbox 3702 4343 3918 4416; x_wconf 82' lang='grc' dir='ltr'>μύθους</span> 
     </span>
    </p>
   </div>
   <div class='ocr_carea' id='block_1_104' title="bbox 2246 4428 3925 4510">
    <p class='ocr_par' dir='ltr' id='par_1_104' title="bbox 2246 4428 3925 4510">
     <span class='ocr_line' id='line_1_104' title="bbox 2246 4428 3925 4510; baseline -0.001 -23"><span class='ocrx_word' id='word_1_729' title='bbox 2246 4433 2383 4507; x_wconf 82' lang='grc' dir='ltr'>πρὸς</span> <span class='ocrx_word' id='word_1_730' title='bbox 2417 4428 2748 4488; x_wconf 80' lang='grc' dir='ltr'>Ἀπόλλωνα</span> <span class='ocrx_word' id='word_1_731' title='bbox 2781 4429 2870 4487; x_wconf 82' lang='grc' dir='ltr'>διὰ</span> <span class='ocrx_word' id='word_1_732' title='bbox 2899 4435 2999 4503; x_wconf 79' lang='grc' dir='ltr'>τήν</span> <span class='ocrx_word' id='word_1_733' title='bbox 3061 4435 3307 4510; x_wconf 71' lang='grc' dir='ltr'>κιθάραν.</span> <span class='ocrx_word' id='word_1_734' title='bbox 3352 4431 3529 4487; x_wconf 88' lang='grc' dir='ltr'>έλθεῖν</span> <span class='ocrx_word' id='word_1_735' title='bbox 3588 4432 3724 4507; x_wconf 89' lang='grc' dir='ltr'>πρὸς</span> <span class='ocrx_word' id='word_1_736' title='bbox 3782 4433 3925 4486; x_wconf 87' lang='grc' dir='ltr'>Διό-</span> 
     </span>
    </p>
   </div>
   <div class='ocr_carea' id='block_1_105' title="bbox 2247 4521 3924 4598">
    <p class='ocr_par' dir='ltr' id='par_1_105' title="bbox 2247 4521 3924 4598">
     <span class='ocr_line' id='line_1_105' title="bbox 2247 4521 3924 4598; baseline 0.002 -24"><span class='ocrx_word' id='word_1_737' title='bbox 2247 4542 2404 4576; x_wconf 86' lang='grc' dir='ltr'>νυσον</span> <span class='ocrx_word' id='word_1_738' title='bbox 2461 4521 2540 4583; x_wconf 84' lang='grc' dir='ltr'>εἷς</span> <span class='ocrx_word' id='word_1_739' title='bbox 2600 4522 2838 4592; x_wconf 83' lang='grc' dir='ltr'>Νύσσαν,</span> <span class='ocrx_word' id='word_1_740' title='bbox 2898 4522 3055 4577; x_wconf 85' lang='grc' dir='ltr'>κάκεῖ</span> <span class='ocrx_word' id='word_1_741' title='bbox 3110 4525 3203 4579; x_wconf 90' lang='grc' dir='ltr'>τὸν</span> <span class='ocrx_word' id='word_1_742' title='bbox 3281 4522 3543 4598; x_wconf 84' lang='grc' dir='ltr'>Μαρσύαν</span> <span class='ocrx_word' id='word_1_743' title='bbox 3601 4521 3924 4592; x_wconf 69' lang='grc' dir='ltr'>ἡττηθέντα</span> 
     </span>
    </p>
   </div>
   <div class='ocr_carea' id='block_1_106' title="bbox 2178 4604 3915 4688">
    <p class='ocr_par' dir='ltr' id='par_1_106' title="bbox 2178 4604 3915 4688">
     <span class='ocr_line' id='line_1_106' title="bbox 2178 4604 3915 4688; baseline 0 -20"><span class='ocrx_word' id='word_1_744' title='bbox 2178 4604 2220 4668; x_wconf 83' lang='grc'>[)</span> <span class='ocrx_word' id='word_1_745' title='bbox 2254 4610 2545 4687; x_wconf 80' lang='grc' dir='ltr'>ἐκδαρῆναι</span> <span class='ocrx_word' id='word_1_746' title='bbox 2573 4617 2745 4682; x_wconf 75' lang='grc' dir='ltr'>ζῶντα</span> <span class='ocrx_word' id='word_1_747' title='bbox 2779 4614 2922 4687; x_wconf 84' lang='grc' dir='ltr'>παρὰ</span> <span class='ocrx_word' id='word_1_748' title='bbox 2951 4619 3049 4671; x_wconf 78' lang='grc' dir='ltr'>τοῦ</span> <span class='ocrx_word' id='word_1_749' title='bbox 3080 4612 3439 4676; x_wconf 78' lang='grc' dir='ltr'>’Λπόλλωνος</span> <span class='ocrx_word' id='word_1_750' title='bbox 3470 4610 3559 4668; x_wconf 83' lang='grc' dir='ltr'>διὰ</span> <span class='ocrx_word' id='word_1_751' title='bbox 3579 4614 3676 4683; x_wconf 69' lang='grc' dir='ltr'>τὴν</span> <span class='ocrx_word' id='word_1_752' title='bbox 3713 4613 3915 4688; x_wconf 63' lang='grc' dir='ltr'>ὀργὴν,</span> 
     </span>
    </p>
   </div>
   <div class='ocr_carea' id='block_1_107' title="bbox 2238 4699 3924 4778">
    <p class='ocr_par' dir='ltr' id='par_1_107' title="bbox 2238 4699 3924 4778">
     <span class='ocr_line' id='line_1_107' title="bbox 2238 4699 3924 4778; baseline 0 -23"><span class='ocrx_word' id='word_1_753' title='bbox 2238 4701 2331 4762; x_wconf 85' lang='grc' dir='ltr'>τάς</span> <span class='ocrx_word' id='word_1_754' title='bbox 2365 4722 2425 4756; x_wconf 89' lang='grc' dir='ltr'>τε</span> <span class='ocrx_word' id='word_1_755' title='bbox 2456 4699 2665 4777; x_wconf 83' lang='grc' dir='ltr'>χορδὰς</span> <span class='ocrx_word' id='word_1_756' title='bbox 2713 4701 2935 4778; x_wconf 73' lang='grc' dir='ltr'>ἐκρῆξαι</span> <span class='ocrx_word' id='word_1_757' title='bbox 2993 4704 3083 4759; x_wconf 83' lang='grc' dir='ltr'>καὶ</span> <span class='ocrx_word' id='word_1_758' title='bbox 3150 4705 3248 4773; x_wconf 76' lang='grc' dir='ltr'>τὴν</span> <span class='ocrx_word' id='word_1_759' title='bbox 3305 4701 3615 4777; x_wconf 84' lang='grc' dir='ltr'>εὑρημένην</span> <span class='ocrx_word' id='word_1_760' title='bbox 3646 4700 3924 4774; x_wconf 60' lang='grc' dir='ltr'>ἁρμονίαν</span> 
     </span>
    </p>
   </div>
   <div class='ocr_carea' id='block_1_108' title="bbox 2238 4789 3929 4871">
    <p class='ocr_par' dir='ltr' id='par_1_108' title="bbox 2238 4789 3929 4871">
     <span class='ocr_line' id='line_1_108' title="bbox 2238 4789 3929 4871; baseline 0 -26"><span class='ocrx_word' id='word_1_761' title='bbox 2238 4790 2512 4870; x_wconf 83' lang='grc' dir='ltr'>ἀφανίσαι.</span> <span class='ocrx_word' id='word_1_762' title='bbox 2572 4798 2819 4867; x_wconf 79' lang='grc' dir='ltr'>Ὕστερον</span> <span class='ocrx_word' id='word_1_763' title='bbox 2899 4789 2956 4847; x_wconf 73' lang='grc' dir='ltr'>δὲ</span> <span class='ocrx_word' id='word_1_764' title='bbox 3016 4793 3236 4854; x_wconf 83' lang='grc' dir='ltr'>Μούσας</span> <span class='ocrx_word' id='word_1_765' title='bbox 3296 4791 3389 4849; x_wconf 81' lang='grc' dir='ltr'>καὶ</span> <span class='ocrx_word' id='word_1_766' title='bbox 3458 4790 3659 4871; x_wconf 73' lang='grc' dir='ltr'>Ὀρφέα</span> <span class='ocrx_word' id='word_1_767' title='bbox 3715 4790 3929 4862; x_wconf 76' lang='grc' dir='ltr'>ταύτην</span> 
     </span>
    </p>
   </div>
   <div class='ocr_carea' id='block_1_109' title="bbox 2243 4879 2680 4955">
    <p class='ocr_par' dir='ltr' id='par_1_109' title="bbox 2243 4879 2680 4955">
     <span class='ocr_line' id='line_1_109' title="bbox 2243 4879 2680 4955; baseline 0.009 -21"><span class='ocrx_word' id='word_1_768' title='bbox 2243 4879 2479 4955; x_wconf 72' lang='grc' dir='ltr'>ἀνευρεῖν</span> <span class='ocrx_word' id='word_1_769' title='bbox 2514 4880 2680 4954; x_wconf 86' lang='grc' dir='ltr'>Λίνῳ.</span> 
     </span>
    </p>
   </div>
   <div class='ocr_carea' id='block_1_110' title="bbox 2310 4969 3920 5048">
    <p class='ocr_par' dir='ltr' id='par_1_110' title="bbox 2310 4969 3920 5048">
     <span class='ocr_line' id='line_1_110' title="bbox 2310 4969 3920 5048; baseline -0.001 -24"><span class='ocrx_word' id='word_1_770' title='bbox 2310 4971 2442 5027; x_wconf 85' lang='grc' dir='ltr'>Τότε</span> <span class='ocrx_word' id='word_1_771' title='bbox 2480 4971 2569 5027; x_wconf 84' lang='grc' dir='ltr'>καὶ</span> <span class='ocrx_word' id='word_1_772' title='bbox 2608 4974 2735 5036; x_wconf 87' lang='grc' dir='ltr'>τοὺς</span> <span class='ocrx_word' id='word_1_773' title='bbox 2789 4969 2985 5036; x_wconf 80' lang='grc' dir='ltr'>παῖδας</span> <span class='ocrx_word' id='word_1_774' title='bbox 3038 4976 3134 5029; x_wconf 71' lang='grc' dir='ltr'>τοῦ</span> <span class='ocrx_word' id='word_1_775' title='bbox 3200 4971 3451 5048; x_wconf 69' lang='grc' dir='ltr'>Οὐρανοῦ</span> <span class='ocrx_word' id='word_1_776' title='bbox 3512 4971 3773 5045; x_wconf 83' lang='grc' dir='ltr'>ἀκμάσαι,</span> <span class='ocrx_word' id='word_1_777' title='bbox 3830 4971 3920 5024; x_wconf 80' lang='grc' dir='ltr'>ὧν</span> 
     </span>
    </p>
   </div>
   <div class='ocr_carea' id='block_1_111' title="bbox 2238 5059 3917 5141">
    <p class='ocr_par' dir='ltr' id='par_1_111' title="bbox 2238 5059 3917 5141">
     <span class='ocr_line' id='line_1_111' title="bbox 2238 5059 3917 5141; baseline -0.001 -26"><span class='ocrx_word' id='word_1_778' title='bbox 2238 5061 2331 5115; x_wconf 81' lang='grc' dir='ltr'>τὸν</span> <span class='ocrx_word' id='word_1_779' title='bbox 2400 5062 2493 5133; x_wconf 74' lang='grc' dir='ltr'>μὲν</span> <span class='ocrx_word' id='word_1_780' title='bbox 2552 5061 2826 5119; x_wconf 73' lang='grc' dir='ltr'>’Ἄτλαντα</span> <span class='ocrx_word' id='word_1_781' title='bbox 2878 5063 3302 5141; x_wconf 79' lang='grc' dir='ltr'>ἐπιφανέστατον</span> <span class='ocrx_word' id='word_1_782' title='bbox 3357 5063 3649 5137; x_wconf 78' lang='grc' dir='ltr'>γενόμενον</span> <span class='ocrx_word' id='word_1_783' title='bbox 3709 5059 3917 5135; x_wconf 87' lang='grc' dir='ltr'>λαχεῖν</span> 
     </span>
    </p>
   </div>
   <div class='ocr_carea' id='block_1_112' title="bbox 2237 5148 3915 5228">
    <p class='ocr_par' dir='ltr' id='par_1_112' title="bbox 2237 5148 3915 5228">
     <span class='ocr_line' id='line_1_112' title="bbox 2237 5148 3915 5228; baseline -0.001 -23"><span class='ocrx_word' id='word_1_784' title='bbox 2237 5148 2364 5212; x_wconf 70' lang='grc' dir='ltr'>τοὺς</span> <span class='ocrx_word' id='word_1_785' title='bbox 2396 5151 2540 5225; x_wconf 84' lang='grc' dir='ltr'>παρὰ</span> <span class='ocrx_word' id='word_1_786' title='bbox 2569 5152 2658 5206; x_wconf 83' lang='grc' dir='ltr'>τὸν</span> <span class='ocrx_word' id='word_1_787' title='bbox 2692 5152 2942 5207; x_wconf 78' lang='grc' dir='ltr'>Ὠκεανὸν</span> <span class='ocrx_word' id='word_1_788' title='bbox 2966 5152 3193 5215; x_wconf 82' lang='grc' dir='ltr'>τόπους.</span> <span class='ocrx_word' id='word_1_789' title='bbox 3240 5153 3338 5207; x_wconf 78' lang='grc' dir='ltr'>Καὶ</span> <span class='ocrx_word' id='word_1_790' title='bbox 3370 5152 3591 5226; x_wconf 79' lang='grc' dir='ltr'>πρῶτόν</span> <span class='ocrx_word' id='word_1_791' title='bbox 3623 5172 3751 5228; x_wconf 85' lang='grc' dir='ltr'>φασι</span> <span class='ocrx_word' id='word_1_792' title='bbox 3804 5152 3915 5220; x_wconf 78' lang='grc' dir='ltr'>τήν</span> 
     </span>
    </p>
   </div>
   <div class='ocr_carea' id='block_1_113' title="bbox 2239 5237 3917 5315">
    <p class='ocr_par' dir='ltr' id='par_1_113' title="bbox 2239 5237 3917 5315">
     <span class='ocr_line' id='line_1_113' title="bbox 2239 5237 3917 5315; baseline 0.001 -22"><span class='ocrx_word' id='word_1_793' title='bbox 2239 5239 2601 5314; x_wconf 85' lang='grc' dir='ltr'>ἀστρολογίαν</span> <span class='ocrx_word' id='word_1_794' title='bbox 2659 5237 3020 5311; x_wconf 74' lang='grc' dir='ltr'>ἐξακριϐῶσαι</span> <span class='ocrx_word' id='word_1_795' title='bbox 3079 5242 3169 5296; x_wconf 82' lang='grc' dir='ltr'>καὶ</span> <span class='ocrx_word' id='word_1_796' title='bbox 3234 5242 3327 5296; x_wconf 88' lang='grc' dir='ltr'>τὸν</span> <span class='ocrx_word' id='word_1_797' title='bbox 3386 5240 3674 5315; x_wconf 79' lang='grc' dir='ltr'>σφαιρικὸν</span> <span class='ocrx_word' id='word_1_798' title='bbox 3743 5238 3917 5315; x_wconf 88' lang='grc' dir='ltr'>λόγον</span> 
     </span>
    </p>
   </div>
   <div class='ocr_carea' id='block_1_114' title="bbox 2239 5330 3913 5408">
    <p class='ocr_par' dir='ltr' id='par_1_114' title="bbox 2239 5330 3913 5408">
     <span class='ocr_line' id='line_1_114' title="bbox 2239 5330 3913 5408; baseline 0 -25"><span class='ocrx_word' id='word_1_799' title='bbox 2239 5330 2554 5404; x_wconf 80' lang='grc' dir='ltr'>ἐξενεγκεῖν,</span> <span class='ocrx_word' id='word_1_800' title='bbox 2588 5330 2678 5408; x_wconf 82' lang='grc' dir='ltr'>ἀφ’</span> <span class='ocrx_word' id='word_1_801' title='bbox 2736 5331 2803 5399; x_wconf 79' lang='grc' dir='ltr'>ἧς</span> <span class='ocrx_word' id='word_1_802' title='bbox 2854 5330 3030 5393; x_wconf 79' lang='grc' dir='ltr'>αἰτίας</span> <span class='ocrx_word' id='word_1_803' title='bbox 3078 5331 3227 5400; x_wconf 76' lang='grc' dir='ltr'>δόξαι</span> <span class='ocrx_word' id='word_1_804' title='bbox 3284 5331 3378 5387; x_wconf 87' lang='grc' dir='ltr'>τὸν</span> <span class='ocrx_word' id='word_1_805' title='bbox 3417 5330 3626 5404; x_wconf 89' lang='grc' dir='ltr'>κόσμον</span> <span class='ocrx_word' id='word_1_806' title='bbox 3674 5330 3913 5385; x_wconf 76' lang='grc' dir='ltr'>ἐπὶτῶν</span> 
     </span>
    </p>
   </div>
   <div class='ocr_carea' id='block_1_115' title="bbox 2242 5419 3023 5495">
    <p class='ocr_par' dir='ltr' id='par_1_115' title="bbox 2242 5419 3023 5495">
     <span class='ocr_line' id='line_1_115' title="bbox 2242 5419 3023 5495; baseline 0 -20"><span class='ocrx_word' id='word_1_807' title='bbox 2242 5419 2510 5482; x_wconf 79' lang='grc' dir='ltr'>’Δτλανος</span> <span class='ocrx_word' id='word_1_808' title='bbox 2544 5419 2712 5494; x_wconf 78' lang='grc' dir='ltr'>ὤμων</span> <span class='ocrx_word' id='word_1_809' title='bbox 2747 5420 3023 5495; x_wconf 80' lang='grc' dir='ltr'>ὀχεῖσθαι.</span> 
     </span>
    </p>
   </div>
   <div class='ocr_carea' id='block_1_116' title="bbox 2311 5507 3910 5589">
    <p class='ocr_par' dir='ltr' id='par_1_116' title="bbox 2311 5507 3910 5589">
     <span class='ocr_line' id='line_1_116' title="bbox 2311 5507 3910 5589; baseline -0.004 -23"><span class='ocrx_word' id='word_1_810' title='bbox 2311 5512 2397 5567; x_wconf 88' lang='grc' dir='ltr'>Ἐν</span> <span class='ocrx_word' id='word_1_811' title='bbox 2427 5513 2495 5583; x_wconf 79' lang='grc' dir='ltr'>τῇ</span> <span class='ocrx_word' id='word_1_812' title='bbox 2530 5507 2705 5583; x_wconf 81' lang='grc' dir='ltr'>λεπτῇ</span> <span class='ocrx_word' id='word_1_813' title='bbox 2740 5510 2949 5565; x_wconf 79' lang='grc' dir='ltr'>Γενέσει</span> <span class='ocrx_word' id='word_1_814' title='bbox 3004 5515 3178 5567; x_wconf 85' lang='grc' dir='ltr'>κεῖται</span> <span class='ocrx_word' id='word_1_815' title='bbox 3227 5512 3312 5566; x_wconf 80' lang='grc' dir='ltr'>ὅτι</span> <span class='ocrx_word' id='word_1_816' title='bbox 3371 5509 3660 5589; x_wconf 84' lang='grc' dir='ltr'>Μαστιφὰτ</span> <span class='ocrx_word' id='word_1_817' title='bbox 3718 5509 3748 5561; x_wconf 87' lang='grc' dir='ltr'>ὁ</span> <span class='ocrx_word' id='word_1_818' title='bbox 3803 5507 3910 5581; x_wconf 73' lang='grc' dir='ltr'>ἄρ.</span> 
     </span>
    </p>
   </div>
   <div class='ocr_carea' id='block_1_117' title="bbox 2238 5594 3912 5677">
    <p class='ocr_par' dir='ltr' id='par_1_117' title="bbox 2238 5594 3912 5677">
     <span class='ocr_line' id='line_1_117' title="bbox 2238 5594 3912 5677; baseline -0.002 -24"><span class='ocrx_word' id='word_1_819' title='bbox 2238 5619 2355 5675; x_wconf 81' lang='grc' dir='ltr'>χων</span> <span class='ocrx_word' id='word_1_820' title='bbox 2388 5602 2499 5652; x_wconf 81' lang='grc' dir='ltr'>τῶν</span> <span class='ocrx_word' id='word_1_821' title='bbox 2534 5594 2833 5673; x_wconf 83' lang='grc' dir='ltr'>δαιμονίων</span> <span class='ocrx_word' id='word_1_822' title='bbox 2895 5599 3214 5677; x_wconf 82' lang='grc' dir='ltr'>προσελθὼν</span> <span class='ocrx_word' id='word_1_823' title='bbox 3269 5604 3349 5672; x_wconf 79' lang='grc' dir='ltr'>τῷ</span> <span class='ocrx_word' id='word_1_824' title='bbox 3407 5602 3523 5671; x_wconf 81' lang='grc' dir='ltr'>Θεῷ</span> <span class='ocrx_word' id='word_1_825' title='bbox 3576 5598 3746 5652; x_wconf 57' lang='grc' dir='ltr'>εἶπεν</span> <span class='ocrx_word' id='word_1_826' title='bbox 3782 5619 3801 5644; x_wconf 77' lang='grc' dir='ltr'><strong><em>α</em></strong></span> <span class='ocrx_word' id='word_1_827' title='bbox 3837 5596 3912 5653; x_wconf 74' lang='grc' dir='ltr'>Εἰ</span> 
     </span>
    </p>
   </div>
   <div class='ocr_carea' id='block_1_118' title="bbox 2238 5684 3915 5767">
    <p class='ocr_par' dir='ltr' id='par_1_118' title="bbox 2238 5684 3915 5767">
     <span class='ocr_line' id='line_1_118' title="bbox 2238 5684 3915 5767; baseline -0.004 -22"><span class='ocrx_word' id='word_1_828' title='bbox 2238 5689 2420 5767; x_wconf 79' lang='grc' dir='ltr'>ἀγαπᾷ</span> <span class='ocrx_word' id='word_1_829' title='bbox 2452 5708 2511 5747; x_wconf 73' lang='grc' dir='ltr'>σε</span> <span class='ocrx_word' id='word_1_830' title='bbox 2541 5684 2808 5763; x_wconf 76' lang='grc' dir='ltr'>Ἀϐραὰμ,</span> <span class='ocrx_word' id='word_1_831' title='bbox 2843 5691 3056 5754; x_wconf 78' lang='grc' dir='ltr'>θυσάτω</span> <span class='ocrx_word' id='word_1_832' title='bbox 3086 5711 3173 5746; x_wconf 88' lang='grc' dir='ltr'>σοι</span> <span class='ocrx_word' id='word_1_833' title='bbox 3202 5690 3293 5746; x_wconf 88' lang='grc' dir='ltr'>τὸν</span> <span class='ocrx_word' id='word_1_834' title='bbox 3356 5687 3470 5744; x_wconf 71' lang='grc' dir='ltr'>υἱὸν</span> <span class='ocrx_word' id='word_1_835' title='bbox 3529 5687 3715 5744; x_wconf 78' lang='grc' dir='ltr'>αὐτοῦ.</span> <span class='ocrx_word' id='word_1_836' title='bbox 3750 5709 3778 5738; x_wconf 86' lang='grc'><strong>››</strong></span> <span class='ocrx_word' id='word_1_837' title='bbox 3813 5686 3915 5759; x_wconf 78' lang='grc' dir='ltr'>Τῷ</span> 
     </span>
    </p>
   </div>
  </div>
