  <div class='ocr_page' id='page_1' title='image "/cluster/home/n/w/nwhite01/storage/ocr_20150623/121:no.1/coo.31924054870260/048.png"; bbox 0 0 4118 6432; ppageno 0'>
   <div class='ocr_carea' id='block_1_1' title="bbox 261 351 3712 449">
    <p class='ocr_par' dir='ltr' id='par_1_1' title="bbox 261 351 3712 449">
     <span class='ocr_line' id='line_1_1' title="bbox 261 351 3712 449; baseline 0 -2"><span class='ocrx_word' id='word_1_1' title='bbox 261 388 319 447; x_wconf 73' lang='grc' dir='ltr'><strong>ει</strong></span> <span class='ocrx_word' id='word_1_2' title='bbox 1433 351 1975 444; x_wconf 74' lang='lat' dir='ltr'><strong>HISTonlAaUM</strong></span> <span class='ocrx_word' id='word_1_3' title='bbox 2021 383 2566 449; x_wconf 70' lang='lat' dir='ltr'><strong>COMPENDIUM.</strong></span> <span class='ocrx_word' id='word_1_4' title='bbox 3631 378 3712 448; x_wconf 78' lang='lat'><strong>8&#39;2</strong></span> 
     </span>
    </p>
   </div>
   <div class='ocr_carea' id='block_1_2' title="bbox 262 495 1944 599">
    <p class='ocr_par' dir='ltr' id='par_1_2' title="bbox 262 510 1932 592">
     <span class='ocr_line' id='line_1_2' title="bbox 262 510 1932 592; baseline -0.004 -18"><span class='ocrx_word' id='word_1_5' title='bbox 262 514 471 575; x_wconf 68' lang='grc' dir='ltr'>κε’ἔτει</span> <span class='ocrx_word' id='word_1_6' title='bbox 531 520 634 571; x_wconf 76' lang='grc' dir='ltr'>τοῦ</span> <span class='ocrx_word' id='word_1_7' title='bbox 690 515 880 573; x_wconf 79' lang='grc' dir='ltr'>Ἰσαὰκ</span> <span class='ocrx_word' id='word_1_8' title='bbox 938 514 1301 592; x_wconf 74' lang='grc' dir='ltr'><strong>προσήνεγκεν</strong></span> <span class='ocrx_word' id='word_1_9' title='bbox 1351 512 1512 569; x_wconf 80' lang='grc' dir='ltr'>αὑτὸν</span> <span class='ocrx_word' id='word_1_10' title='bbox 1572 510 1824 589; x_wconf 78' lang='grc' dir='ltr'>Ἀϐραὰμ</span> <span class='ocrx_word' id='word_1_11' title='bbox 1854 513 1932 577; x_wconf 73' lang='grc' dir='ltr'><strong>εἷς</strong></span> 
     </span>
    </p>
   </div>
   <div class='ocr_carea' id='block_1_3' title="bbox 2056 495 3714 599">
    <p class='ocr_par' dir='ltr' id='par_1_3' title="bbox 2056 521 3687 599">
     <span class='ocr_line' id='line_1_3' title="bbox 2056 521 3687 599; baseline 0.004 -27"><span class='ocrx_word' id='word_1_12' title='bbox 2056 532 2250 573; x_wconf 88' lang='lat' dir='ltr'><strong>suum.</strong></span> <span class='ocrx_word' id='word_1_13' title='bbox 2289 541 2315 569; x_wconf 84' lang='grc'><strong>››</strong></span> <span class='ocrx_word' id='word_1_14' title='bbox 2348 521 2615 579; x_wconf 88' lang='lat' dir='ltr'><strong>Isaacum</strong></span> <span class='ocrx_word' id='word_1_15' title='bbox 2646 525 2995 583; x_wconf 88' lang='lat' dir='ltr'><strong>vicesimum</strong></span> <span class='ocrx_word' id='word_1_16' title='bbox 3028 528 3302 599; x_wconf 90' lang='lat' dir='ltr'><strong>quintum</strong></span> <span class='ocrx_word' id='word_1_17' title='bbox 3360 524 3551 580; x_wconf 81' lang='lat' dir='ltr'><strong>aetatis</strong></span> <span class='ocrx_word' id='word_1_18' title='bbox 3609 538 3687 579; x_wconf 89' lang='lat' dir='ltr'><strong>an</strong></span> 
     </span>
    </p>
   </div>
   <div class='ocr_carea' id='block_1_4' title="bbox 269 602 1944 681">
    <p class='ocr_par' dir='ltr' id='par_1_4' title="bbox 269 602 1944 681">
     <span class='ocr_line' id='line_1_4' title="bbox 269 602 1944 681; baseline -0.002 -18"><span class='ocrx_word' id='word_1_19' title='bbox 269 606 465 663; x_wconf 73' lang='grc' dir='ltr'>θυσίαν</span> <span class='ocrx_word' id='word_1_20' title='bbox 513 604 568 661; x_wconf 81' lang='grc' dir='ltr'><strong>ἐν</strong></span> <span class='ocrx_word' id='word_1_21' title='bbox 628 610 708 679; x_wconf 78' lang='grc' dir='ltr'><strong>τῷ</strong></span> <span class='ocrx_word' id='word_1_22' title='bbox 761 603 881 680; x_wconf 80' lang='grc' dir='ltr'>ὃρει</span> <span class='ocrx_word' id='word_1_23' title='bbox 940 605 1104 661; x_wconf 62' lang='grc' dir='ltr'>Σιών</span> <span class='ocrx_word' id='word_1_24' title='bbox 1168 604 1243 665; x_wconf 84' lang='grc' dir='ltr'><strong>είς</strong></span> <span class='ocrx_word' id='word_1_25' title='bbox 1284 602 1487 660; x_wconf 76' lang='grc' dir='ltr'>ἐκεῖνον</span> <span class='ocrx_word' id='word_1_26' title='bbox 1517 605 1622 681; x_wconf 77' lang='grc' dir='ltr'>γὰρ</span> <span class='ocrx_word' id='word_1_27' title='bbox 1651 603 1741 660; x_wconf 86' lang='grc' dir='ltr'><strong>τὸν</strong></span> <span class='ocrx_word' id='word_1_28' title='bbox 1777 604 1944 661; x_wconf 88' lang='grc' dir='ltr'>τόπον</span> 
     </span>
    </p>
   </div>
   <div class='ocr_carea' id='block_1_5' title="bbox 275 688 1949 773">
    <p class='ocr_par' dir='ltr' id='par_1_5' title="bbox 275 688 1949 773">
     <span class='ocr_line' id='line_1_5' title="bbox 275 688 1949 773; baseline -0.002 -22"><span class='ocrx_word' id='word_1_29' title='bbox 275 700 357 773; x_wconf 84' lang='grc' dir='ltr'><strong>[Ρ.</strong></span> <span class='ocrx_word' id='word_1_30' title='bbox 393 699 485 770; x_wconf 83' lang='grc'><strong>30]</strong></span> <span class='ocrx_word' id='word_1_31' title='bbox 544 697 610 751; x_wconf 82' lang='grc' dir='ltr'>τὸ</span> <span class='ocrx_word' id='word_1_32' title='bbox 658 696 1050 769; x_wconf 73' lang='grc' dir='ltr'><strong>θυσιαστήριον</strong></span> <span class='ocrx_word' id='word_1_33' title='bbox 1107 690 1467 767; x_wconf 76' lang='grc' dir='ltr'><strong>ᾠκοδόμησεν</strong></span> <span class='ocrx_word' id='word_1_34' title='bbox 1521 690 1793 768; x_wconf 78' lang='grc' dir='ltr'>Ἀϐραὰμ,</span> <span class='ocrx_word' id='word_1_35' title='bbox 1826 688 1949 748; x_wconf 83' lang='grc' dir='ltr'>ἔνθα</span> 
     </span>
    </p>
   </div>
   <div class='ocr_carea' id='block_1_6' title="bbox 277 778 1949 860">
    <p class='ocr_par' dir='ltr' id='par_1_6' title="bbox 277 778 1949 860">
     <span class='ocr_line' id='line_1_6' title="bbox 277 778 1949 860; baseline -0.004 -19"><span class='ocrx_word' id='word_1_36' title='bbox 277 786 502 860; x_wconf 73' lang='grc' dir='ltr'>ὕστερον</span> <span class='ocrx_word' id='word_1_37' title='bbox 535 786 566 839; x_wconf 91' lang='lat'><strong>6</strong></span> <span class='ocrx_word' id='word_1_38' title='bbox 599 778 769 839; x_wconf 79' lang='grc' dir='ltr'>Δαϐὶδ</span> <span class='ocrx_word' id='word_1_39' title='bbox 797 784 861 839; x_wconf 86' lang='grc' dir='ltr'>τὸ</span> <span class='ocrx_word' id='word_1_40' title='bbox 913 784 1059 857; x_wconf 74' lang='grc' dir='ltr'>ἱερὸν</span> <span class='ocrx_word' id='word_1_41' title='bbox 1103 780 1387 858; x_wconf 78' lang='grc' dir='ltr'>ἱδρύσατο.</span> <span class='ocrx_word' id='word_1_42' title='bbox 1420 783 1608 845; x_wconf 85' lang='grc' dir='ltr'>Τύπος</span> <span class='ocrx_word' id='word_1_43' title='bbox 1642 780 1699 838; x_wconf 72' lang='grc' dir='ltr'><strong>δὲ</strong></span> <span class='ocrx_word' id='word_1_44' title='bbox 1723 786 1822 847; x_wconf 78' lang='grc' dir='ltr'><strong>τῆς</strong></span> <span class='ocrx_word' id='word_1_45' title='bbox 1855 782 1949 855; x_wconf 76' lang='grc' dir='ltr'>μὲν</span> 
     </span>
    </p>
   </div>
   <div class='ocr_carea' id='block_1_7' title="bbox 279 870 1944 949">
    <p class='ocr_par' dir='ltr' id='par_1_7' title="bbox 279 870 1944 949">
     <span class='ocr_line' id='line_1_7' title="bbox 279 870 1944 949; baseline -0.002 -17"><span class='ocrx_word' id='word_1_46' title='bbox 279 876 543 947; x_wconf 72' lang='grc' dir='ltr'><strong>θεότητος</strong></span> <span class='ocrx_word' id='word_1_47' title='bbox 603 877 631 929; x_wconf 84' lang='lat'><strong>6</strong></span> <span class='ocrx_word' id='word_1_48' title='bbox 687 873 893 941; x_wconf 78' lang='grc' dir='ltr'>Ἰσαὰκ,</span> <span class='ocrx_word' id='word_1_49' title='bbox 946 879 1049 943; x_wconf 77' lang='grc' dir='ltr'><strong>τῆς</strong></span> <span class='ocrx_word' id='word_1_50' title='bbox 1106 870 1163 929; x_wconf 72' lang='grc' dir='ltr'><strong>δὲ</strong></span> <span class='ocrx_word' id='word_1_51' title='bbox 1219 873 1644 949; x_wconf 82' lang='grc' dir='ltr'>ἀνθρωπότητος</span> <span class='ocrx_word' id='word_1_52' title='bbox 1695 874 1724 928; x_wconf 97' lang='lat'><strong>6</strong></span> <span class='ocrx_word' id='word_1_53' title='bbox 1769 874 1944 947; x_wconf 83' lang='grc' dir='ltr'>κριός.</span> 
     </span>
    </p>
   </div>
   <div class='ocr_carea' id='block_1_8' title="bbox 282 961 1947 1041">
    <p class='ocr_par' dir='ltr' id='par_1_8' title="bbox 282 961 1947 1041">
     <span class='ocr_line' id='line_1_8' title="bbox 282 961 1947 1041; baseline -0.002 -21"><span class='ocrx_word' id='word_1_54' title='bbox 282 967 383 1024; x_wconf 71' lang='grc' dir='ltr'>Καὶ</span> <span class='ocrx_word' id='word_1_55' title='bbox 434 965 595 1027; x_wconf 73' lang='grc' dir='ltr'>αὐτὸς</span> <span class='ocrx_word' id='word_1_56' title='bbox 650 961 711 1019; x_wconf 74' lang='grc' dir='ltr'><strong>δί</strong></span> <span class='ocrx_word' id='word_1_57' title='bbox 759 965 789 1018; x_wconf 88' lang='lat'><strong>6</strong></span> <span class='ocrx_word' id='word_1_58' title='bbox 835 963 1041 1038; x_wconf 79' lang='grc' dir='ltr'>χρόνος</span> <span class='ocrx_word' id='word_1_59' title='bbox 1085 963 1397 1039; x_wconf 72' lang='grc' dir='ltr'>ἶσαριθμος·</span> <span class='ocrx_word' id='word_1_60' title='bbox 1428 968 1576 1037; x_wconf 82' lang='grc' dir='ltr'>τρεῖς</span> <span class='ocrx_word' id='word_1_61' title='bbox 1609 963 1715 1041; x_wconf 80' lang='grc' dir='ltr'><strong>γὰρ</strong></span> <span class='ocrx_word' id='word_1_62' title='bbox 1743 961 1947 1037; x_wconf 72' lang='grc' dir='ltr'>ἡμέραι</span> 
     </span>
    </p>
   </div>
   <div class='ocr_carea' id='block_1_9' title="bbox 278 1051 1235 1129">
    <p class='ocr_par' dir='ltr' id='par_1_9' title="bbox 278 1051 1235 1129">
     <span class='ocr_line' id='line_1_9' title="bbox 278 1051 1235 1129; baseline -0.001 -18"><span class='ocrx_word' id='word_1_63' title='bbox 278 1057 365 1111; x_wconf 77' lang='grc' dir='ltr'>καὶ</span> <span class='ocrx_word' id='word_1_64' title='bbox 399 1060 552 1129; x_wconf 87' lang='grc' dir='ltr'>τρεῖς</span> <span class='ocrx_word' id='word_1_65' title='bbox 582 1054 772 1115; x_wconf 89' lang='grc' dir='ltr'>νύκτες</span> <span class='ocrx_word' id='word_1_66' title='bbox 803 1051 1031 1117; x_wconf 69' lang='grc' dir='ltr'>ἐνταῦθα</span> <span class='ocrx_word' id='word_1_67' title='bbox 1060 1053 1235 1110; x_wconf 76' lang='grc' dir='ltr'>κάκεῖ.</span> 
     </span>
    </p>
   </div>
   <div class='ocr_carea' id='block_1_10' title="bbox 348 1137 1946 1220">
    <p class='ocr_par' dir='ltr' id='par_1_10' title="bbox 348 1137 1946 1220">
     <span class='ocr_line' id='line_1_10' title="bbox 348 1137 1946 1220; baseline -0.005 -18"><span class='ocrx_word' id='word_1_68' title='bbox 348 1147 474 1203; x_wconf 74' lang='grc' dir='ltr'>’Ότι</span> <span class='ocrx_word' id='word_1_69' title='bbox 528 1143 637 1219; x_wconf 77' lang='grc' dir='ltr'><strong>πρὸ</strong></span> <span class='ocrx_word' id='word_1_70' title='bbox 689 1146 801 1198; x_wconf 87' lang='grc' dir='ltr'><strong>τῶν</strong></span> <span class='ocrx_word' id='word_1_71' title='bbox 848 1146 1148 1220; x_wconf 75' lang='grc' dir='ltr'>προφητῶν</span> <span class='ocrx_word' id='word_1_72' title='bbox 1202 1147 1282 1215; x_wconf 76' lang='grc' dir='ltr'><strong>τῷ</strong></span> <span class='ocrx_word' id='word_1_73' title='bbox 1331 1137 1586 1216; x_wconf 80' lang='grc' dir='ltr'>Ἀϐραὰμ</span> <span class='ocrx_word' id='word_1_74' title='bbox 1617 1144 1770 1196; x_wconf 81' lang='grc' dir='ltr'>ὑτοῢ</span> <span class='ocrx_word' id='word_1_75' title='bbox 1810 1143 1946 1196; x_wconf 82' lang='grc' dir='ltr'>Θεοῦ</span> 
     </span>
    </p>
   </div>
   <div class='ocr_carea' id='block_1_11' title="bbox 279 1229 1944 1314">
    <p class='ocr_par' dir='ltr' id='par_1_11' title="bbox 279 1229 1944 1314">
     <span class='ocr_line' id='line_1_11' title="bbox 279 1229 1944 1314; baseline -0.004 -23"><span class='ocrx_word' id='word_1_76' title='bbox 279 1235 461 1312; x_wconf 60' lang='grc' dir='ltr'><strong>⁴Λόγος</strong></span> <span class='ocrx_word' id='word_1_77' title='bbox 493 1233 681 1314; x_wconf 71' lang='grc' dir='ltr'>φανεὶς</span> <span class='ocrx_word' id='word_1_78' title='bbox 739 1232 791 1286; x_wconf 86' lang='grc' dir='ltr'><strong>ἐν</strong></span> <span class='ocrx_word' id='word_1_79' title='bbox 852 1230 1141 1307; x_wconf 87' lang='grc' dir='ltr'>ἀνθρώπου</span> <span class='ocrx_word' id='word_1_80' title='bbox 1323 1250 1450 1303; x_wconf 87' lang='grc' dir='ltr'>ματι</span> <span class='ocrx_word' id='word_1_81' title='bbox 1508 1233 1608 1301; x_wconf 79' lang='grc' dir='ltr'>τήν</span> <span class='ocrx_word' id='word_1_82' title='bbox 1641 1236 1749 1286; x_wconf 86' lang='grc' dir='ltr'><strong>τῶν</strong></span> <span class='ocrx_word' id='word_1_83' title='bbox 1779 1229 1944 1285; x_wconf 81' lang='grc' dir='ltr'>ἐθνῶν</span> 
     </span>
    </p>
   </div>
   <div class='ocr_carea' id='block_1_12' title="bbox 273 1318 1939 1396">
    <p class='ocr_par' dir='ltr' id='par_1_12' title="bbox 273 1318 1939 1396">
     <span class='ocr_line' id='line_1_12' title="bbox 273 1318 1939 1396; baseline -0.004 -16"><span class='ocrx_word' id='word_1_84' title='bbox 273 1323 477 1393; x_wconf 80' lang='grc' dir='ltr'>κλῆσιν</span> <span class='ocrx_word' id='word_1_85' title='bbox 511 1322 774 1391; x_wconf 77' lang='grc' dir='ltr'><strong>θεσπίζει,</strong></span> <span class='ocrx_word' id='word_1_86' title='bbox 804 1322 868 1390; x_wconf 83' lang='grc' dir='ltr'>ἣν</span> <span class='ocrx_word' id='word_1_87' title='bbox 924 1321 1039 1376; x_wconf 76' lang='grc' dir='ltr'>καθ’</span> <span class='ocrx_word' id='word_1_88' title='bbox 1100 1322 1250 1394; x_wconf 73' lang='grc' dir='ltr'>ἡμᾶς</span> <span class='ocrx_word' id='word_1_89' title='bbox 1282 1322 1311 1375; x_wconf 86' lang='grc' dir='ltr'>ὁ</span> <span class='ocrx_word' id='word_1_90' title='bbox 1340 1324 1438 1374; x_wconf 73' lang='grc' dir='ltr'><strong>τοῦ</strong></span> <span class='ocrx_word' id='word_1_91' title='bbox 1469 1323 1605 1375; x_wconf 75' lang='grc' dir='ltr'>Θεοῦ</span> <span class='ocrx_word' id='word_1_92' title='bbox 1663 1318 1836 1396; x_wconf 83' lang='grc' dir='ltr'>Λόγος</span> <span class='ocrx_word' id='word_1_93' title='bbox 1865 1320 1939 1382; x_wconf 78' lang='grc' dir='ltr'>εἷς</span> 
     </span>
    </p>
   </div>
   <div class='ocr_carea' id='block_1_13' title="bbox 276 1406 1943 1488">
    <p class='ocr_par' dir='ltr' id='par_1_13' title="bbox 276 1406 1943 1488">
     <span class='ocr_line' id='line_1_13' title="bbox 276 1406 1943 1488; baseline -0.003 -20"><span class='ocrx_word' id='word_1_94' title='bbox 276 1413 443 1488; x_wconf 68' lang='grc' dir='ltr'>πέρας</span> <span class='ocrx_word' id='word_1_95' title='bbox 503 1412 709 1487; x_wconf 69' lang='grc' dir='ltr'>ἢγαγεν</span> <span class='ocrx_word' id='word_1_96' title='bbox 742 1407 831 1464; x_wconf 79' lang='grc' dir='ltr'><strong>διὰ</strong></span> <span class='ocrx_word' id='word_1_97' title='bbox 861 1416 959 1479; x_wconf 77' lang='grc' dir='ltr'><strong>τῆς</strong></span> <span class='ocrx_word' id='word_1_98' title='bbox 1004 1410 1079 1471; x_wconf 81' lang='grc' dir='ltr'><strong>εἰς</strong></span> <span class='ocrx_word' id='word_1_99' title='bbox 1128 1411 1303 1464; x_wconf 81' lang='grc' dir='ltr'>πάντα</span> <span class='ocrx_word' id='word_1_100' title='bbox 1332 1411 1399 1463; x_wconf 80' lang='grc' dir='ltr'><strong>τά</strong></span> <span class='ocrx_word' id='word_1_101' title='bbox 1424 1406 1554 1480; x_wconf 67' lang='grc' dir='ltr'>ἓθνη</span> <span class='ocrx_word' id='word_1_102' title='bbox 1582 1408 1943 1485; x_wconf 80' lang='grc' dir='ltr'>εὑαγγελικῆς</span> 
     </span>
    </p>
   </div>
   <div class='ocr_carea' id='block_1_14' title="bbox 274 1495 1941 1577">
    <p class='ocr_par' dir='ltr' id='par_1_14' title="bbox 274 1495 1941 1577">
     <span class='ocr_line' id='line_1_14' title="bbox 274 1495 1941 1577; baseline -0.002 -20"><span class='ocrx_word' id='word_1_103' title='bbox 274 1500 659 1563; x_wconf 79' lang='grc' dir='ltr'>διδασκαλίας,</span> <span class='ocrx_word' id='word_1_104' title='bbox 724 1501 918 1561; x_wconf 80' lang='grc' dir='ltr'>Κατὼς</span> <span class='ocrx_word' id='word_1_105' title='bbox 980 1495 1037 1554; x_wconf 71' lang='grc' dir='ltr'><strong>δὲ</strong></span> <span class='ocrx_word' id='word_1_106' title='bbox 1086 1520 1248 1577; x_wconf 82' lang='grc' dir='ltr'>φησιν</span> <span class='ocrx_word' id='word_1_107' title='bbox 1292 1500 1321 1554; x_wconf 84' lang='grc' dir='ltr'>ὁ</span> <span class='ocrx_word' id='word_1_108' title='bbox 1371 1500 1661 1570; x_wconf 80' lang='grc' dir='ltr'>Ἰώσηπος,</span> <span class='ocrx_word' id='word_1_109' title='bbox 1721 1504 1941 1574; x_wconf 89' lang='grc' dir='ltr'>πρῶτος</span> 
     </span>
    </p>
   </div>
   <div class='ocr_carea' id='block_1_15' title="bbox 278 1586 1944 1666">
    <p class='ocr_par' dir='ltr' id='par_1_15' title="bbox 278 1586 1944 1666">
     <span class='ocr_line' id='line_1_15' title="bbox 278 1586 1944 1666; baseline -0.004 -18"><span class='ocrx_word' id='word_1_110' title='bbox 278 1586 541 1666; x_wconf 75' lang='grc' dir='ltr'>’Δϐραᾶμ</span> <span class='ocrx_word' id='word_1_111' title='bbox 574 1589 920 1663; x_wconf 78' lang='grc' dir='ltr'>Δημιουργὸν</span> <span class='ocrx_word' id='word_1_112' title='bbox 977 1590 1069 1644; x_wconf 87' lang='grc' dir='ltr'>τὸν</span> <span class='ocrx_word' id='word_1_113' title='bbox 1126 1589 1257 1645; x_wconf 79' lang='grc' dir='ltr'>Θεὸν</span> <span class='ocrx_word' id='word_1_114' title='bbox 1315 1587 1564 1665; x_wconf 77' lang='grc' dir='ltr'><strong>ἐκήρυξε,</strong></span> <span class='ocrx_word' id='word_1_115' title='bbox 1602 1589 1693 1643; x_wconf 82' lang='grc' dir='ltr'><strong>καὶ</strong></span> <span class='ocrx_word' id='word_1_116' title='bbox 1723 1594 1944 1665; x_wconf 82' lang='grc' dir='ltr'>πρῶτος</span> 
     </span>
    </p>
   </div>
   <div class='ocr_carea' id='block_1_16' title="bbox 280 1676 1938 1753">
    <p class='ocr_par' dir='ltr' id='par_1_16' title="bbox 280 1676 1938 1753">
     <span class='ocr_line' id='line_1_16' title="bbox 280 1676 1938 1753; baseline -0.003 -16"><span class='ocrx_word' id='word_1_117' title='bbox 280 1679 570 1744; x_wconf 71' lang='grc' dir='ltr'>κατελθὼν</span> <span class='ocrx_word' id='word_1_118' title='bbox 608 1678 688 1739; x_wconf 35' lang='lat' dir='ltr'><strong>sic</strong></span> <span class='ocrx_word' id='word_1_119' title='bbox 721 1676 996 1753; x_wconf 65' lang='grc' dir='ltr'>Αἴγυπτον</span> <span class='ocrx_word' id='word_1_120' title='bbox 1051 1677 1422 1752; x_wconf 79' lang='grc' dir='ltr'>ἀριθμητικήν</span> <span class='ocrx_word' id='word_1_121' title='bbox 1452 1678 1542 1735; x_wconf 80' lang='grc' dir='ltr'><strong>καὶ</strong></span> <span class='ocrx_word' id='word_1_122' title='bbox 1572 1678 1938 1753; x_wconf 79' lang='grc' dir='ltr'>ἀστρονομίαν</span> 
     </span>
    </p>
   </div>
   <div class='ocr_carea' id='block_1_17' title="bbox 276 1764 1942 1846">
    <p class='ocr_par' dir='ltr' id='par_1_17' title="bbox 276 1764 1942 1846">
     <span class='ocr_line' id='line_1_17' title="bbox 276 1764 1942 1846; baseline -0.001 -23"><span class='ocrx_word' id='word_1_123' title='bbox 276 1770 625 1846; x_wconf 62' lang='grc' dir='ltr'>Αἰγυπτίους</span> <span class='ocrx_word' id='word_1_124' title='bbox 681 1764 911 1839; x_wconf 70' lang='grc' dir='ltr'>ἐδίδαξεσ</span> <span class='ocrx_word' id='word_1_125' title='bbox 970 1767 1251 1831; x_wconf 71' lang='grc' dir='ltr'>κάντεῦθεν</span> <span class='ocrx_word' id='word_1_126' title='bbox 1306 1766 1601 1843; x_wconf 68' lang='grc' dir='ltr'>ἐπέραστος</span> <span class='ocrx_word' id='word_1_127' title='bbox 1658 1768 1749 1822; x_wconf 85' lang='grc' dir='ltr'>καὶ</span> <span class='ocrx_word' id='word_1_128' title='bbox 1796 1788 1942 1844; x_wconf 88' lang='grc' dir='ltr'>παγ-</span> 
     </span>
    </p>
   </div>
   <div class='ocr_carea' id='block_1_18' title="bbox 2059 612 3713 681">
    <p class='ocr_par' dir='ltr' id='par_1_18' title="bbox 2059 612 3713 681">
     <span class='ocr_line' id='line_1_18' title="bbox 2059 612 3713 681; baseline 0.004 -19"><span class='ocrx_word' id='word_1_129' title='bbox 2059 623 2205 663; x_wconf 91' lang='lat' dir='ltr'><strong>num</strong></span> <span class='ocrx_word' id='word_1_130' title='bbox 2237 615 2512 681; x_wconf 88' lang='lat' dir='ltr'><strong>agentern</strong></span> <span class='ocrx_word' id='word_1_131' title='bbox 2576 612 2695 669; x_wconf 92' lang='lat' dir='ltr'><strong>Deo</strong></span> <span class='ocrx_word' id='word_1_132' title='bbox 2726 621 2794 670; x_wconf 91' lang='lat' dir='ltr'><strong>ut</strong></span> <span class='ocrx_word' id='word_1_133' title='bbox 2819 616 3176 672; x_wconf 84' lang='lat' dir='ltr'><strong>sacriﬁcium</strong></span> <span class='ocrx_word' id='word_1_134' title='bbox 3208 614 3424 670; x_wconf 77' lang='lat' dir='ltr'><strong>obtulit</strong></span> <span class='ocrx_word' id='word_1_135' title='bbox 3456 614 3713 669; x_wconf 81' lang='lat' dir='ltr'><strong>Abraha-</strong></span> 
     </span>
    </p>
   </div>
   <div class='ocr_carea' id='block_1_19' title="bbox 2057 698 3709 762">
    <p class='ocr_par' dir='ltr' id='par_1_19' title="bbox 2057 698 3709 762">
     <span class='ocr_line' id='line_1_19' title="bbox 2057 698 3709 762; baseline 0.002 -11"><span class='ocrx_word' id='word_1_136' title='bbox 2057 711 2192 752; x_wconf 87' lang='lat' dir='ltr'><strong>mus</strong></span> <span class='ocrx_word' id='word_1_137' title='bbox 2224 698 2285 753; x_wconf 92' lang='lat' dir='ltr'><strong>in</strong></span> <span class='ocrx_word' id='word_1_138' title='bbox 2316 705 2519 756; x_wconf 88' lang='lat' dir='ltr'><strong>monte</strong></span> <span class='ocrx_word' id='word_1_139' title='bbox 2550 702 2690 757; x_wconf 88' lang='lat' dir='ltr'><strong>Sion</strong></span> <span class='ocrx_word' id='word_1_140' title='bbox 2722 720 2734 756; x_wconf 90' lang='lat'><strong>:</strong></span> <span class='ocrx_word' id='word_1_141' title='bbox 2764 702 2842 758; x_wconf 88' lang='lat' dir='ltr'><strong>ibi</strong></span> <span class='ocrx_word' id='word_1_142' title='bbox 2874 706 3035 760; x_wconf 89' lang='lat' dir='ltr'><strong>enim</strong></span> <span class='ocrx_word' id='word_1_143' title='bbox 3096 705 3465 762; x_wconf 87' lang='lat' dir='ltr'><strong>Abrahamus</strong></span> <span class='ocrx_word' id='word_1_144' title='bbox 3522 702 3709 757; x_wconf 86' lang='lat' dir='ltr'><strong>altare</strong></span> 
     </span>
    </p>
   </div>
   <div class='ocr_carea' id='block_1_20' title="bbox 2057 786 3708 866">
    <p class='ocr_par' dir='ltr' id='par_1_20' title="bbox 2057 786 3708 866">
     <span class='ocr_line' id='line_1_20' title="bbox 2057 786 3708 866; baseline 0.003 -26"><span class='ocrx_word' id='word_1_145' title='bbox 2057 786 2392 854; x_wconf 72' lang='lat' dir='ltr'><strong>aedificavit,</strong></span> <span class='ocrx_word' id='word_1_146' title='bbox 2427 795 2631 860; x_wconf 88' lang='lat' dir='ltr'><strong>postea</strong></span> <span class='ocrx_word' id='word_1_147' title='bbox 2661 791 2839 848; x_wconf 84' lang='lat' dir='ltr'>David</span> <span class='ocrx_word' id='word_1_148' title='bbox 2874 795 3162 866; x_wconf 78' lang='lat' dir='ltr'><strong>templum</strong></span> <span class='ocrx_word' id='word_1_149' title='bbox 3178 793 3708 849; x_wconf 84' lang='lat' dir='ltr'><strong>fundavit.lsaacus</strong></span> 
     </span>
    </p>
   </div>
   <div class='ocr_carea' id='block_1_21' title="bbox 2057 873 3710 955">
    <p class='ocr_par' dir='ltr' id='par_1_21' title="bbox 2057 873 3710 955">
     <span class='ocr_line' id='line_1_21' title="bbox 2057 873 3710 955; baseline 0.003 -26"><span class='ocrx_word' id='word_1_150' title='bbox 2057 873 2293 943; x_wconf 75' lang='lat' dir='ltr'><strong>diviuaa,</strong></span> <span class='ocrx_word' id='word_1_151' title='bbox 2323 878 2477 933; x_wconf 90' lang='lat' dir='ltr'><strong>aries</strong></span> <span class='ocrx_word' id='word_1_152' title='bbox 2510 879 2789 936; x_wconf 71' lang='lat' dir='ltr'><strong>humanas</strong></span> <span class='ocrx_word' id='word_1_153' title='bbox 2821 889 3047 938; x_wconf 64' lang='lat' dir='ltr'><strong>natura:</strong></span> <span class='ocrx_word' id='word_1_154' title='bbox 3081 883 3416 955; x_wconf 81' lang='lat' dir='ltr'><strong>exemplum</strong></span> <span class='ocrx_word' id='word_1_155' title='bbox 3450 880 3579 936; x_wconf 85' lang='lat' dir='ltr'><strong>fuit.</strong></span> <span class='ocrx_word' id='word_1_156' title='bbox 3597 878 3710 935; x_wconf 90' lang='lat' dir='ltr'><strong>Sed</strong></span> 
     </span>
    </p>
   </div>
   <div class='ocr_carea' id='block_1_22' title="bbox 2057 960 3708 1039">
    <p class='ocr_par' dir='ltr' id='par_1_22' title="bbox 2057 960 3708 1039">
     <span class='ocr_line' id='line_1_22' title="bbox 2057 960 3708 1039; baseline 0.004 -20"><span class='ocrx_word' id='word_1_157' title='bbox 2057 970 2118 1020; x_wconf 87' lang='lat' dir='ltr'><strong>et</strong></span> <span class='ocrx_word' id='word_1_158' title='bbox 2146 967 2433 1038; x_wconf 88' lang='lat' dir='ltr'><strong>temporis</strong></span> <span class='ocrx_word' id='word_1_159' title='bbox 2464 969 2719 1039; x_wconf 79' lang='lat' dir='ltr'><strong>quadrat</strong></span> <span class='ocrx_word' id='word_1_160' title='bbox 2748 960 3068 1028; x_wconf 89' lang='lat' dir='ltr'><strong>numerus:</strong></span> <span class='ocrx_word' id='word_1_161' title='bbox 3104 978 3224 1029; x_wconf 88' lang='lat' dir='ltr'><strong>tres</strong></span> <span class='ocrx_word' id='word_1_162' title='bbox 3256 972 3414 1027; x_wconf 90' lang='lat' dir='ltr'><strong>enim</strong></span> <span class='ocrx_word' id='word_1_163' title='bbox 3464 971 3590 1026; x_wconf 89' lang='lat' dir='ltr'><strong>dies</strong></span> <span class='ocrx_word' id='word_1_164' title='bbox 3639 985 3708 1025; x_wconf 88' lang='lat' dir='ltr'><strong>ac</strong></span> 
     </span>
    </p>
   </div>
   <div class='ocr_carea' id='block_1_23' title="bbox 2055 1054 3142 1118">
    <p class='ocr_par' dir='ltr' id='par_1_23' title="bbox 2055 1054 3142 1118">
     <span class='ocr_line' id='line_1_23' title="bbox 2055 1054 3142 1118; baseline 0.009 -10"><span class='ocrx_word' id='word_1_165' title='bbox 2055 1054 2304 1111; x_wconf 79' lang='lat' dir='ltr'><strong>totidem</strong></span> <span class='ocrx_word' id='word_1_166' title='bbox 2334 1062 2540 1113; x_wconf 89' lang='lat' dir='ltr'><strong>noctes</strong></span> <span class='ocrx_word' id='word_1_167' title='bbox 2574 1063 2631 1113; x_wconf 89' lang='lat' dir='ltr'><strong>et</strong></span> <span class='ocrx_word' id='word_1_168' title='bbox 2662 1059 2758 1116; x_wconf 90' lang='lat' dir='ltr'><strong>hic</strong></span> <span class='ocrx_word' id='word_1_169' title='bbox 2789 1066 2847 1116; x_wconf 90' lang='lat' dir='ltr'><strong>et</strong></span> <span class='ocrx_word' id='word_1_170' title='bbox 2874 1062 2954 1118; x_wconf 88' lang='lat' dir='ltr'><strong>ibi</strong></span> <span class='ocrx_word' id='word_1_171' title='bbox 2987 1068 3142 1118; x_wconf 91' lang='lat' dir='ltr'><strong>sunt.</strong></span> 
     </span>
    </p>
   </div>
   <div class='ocr_carea' id='block_1_24' title="bbox 2126 1147 3707 1219">
    <p class='ocr_par' dir='ltr' id='par_1_24' title="bbox 2126 1147 3707 1219">
     <span class='ocr_line' id='line_1_24' title="bbox 2126 1147 3707 1219; baseline 0.005 -20"><span class='ocrx_word' id='word_1_172' title='bbox 2126 1149 2276 1200; x_wconf 84' lang='lat' dir='ltr'><strong>Ante</strong></span> <span class='ocrx_word' id='word_1_173' title='bbox 2308 1147 2629 1219; x_wconf 83' lang='lat' dir='ltr'><strong>prophetas</strong></span> <span class='ocrx_word' id='word_1_174' title='bbox 2662 1149 2998 1207; x_wconf 84' lang='lat' dir='ltr'><strong>Abrahamo</strong></span> <span class='ocrx_word' id='word_1_175' title='bbox 3027 1152 3128 1208; x_wconf 90' lang='lat' dir='ltr'><strong>Dei</strong></span> <span class='ocrx_word' id='word_1_176' title='bbox 3144 1152 3401 1207; x_wconf 88' lang='lat' dir='ltr'><strong>Verbum</strong></span> <span class='ocrx_word' id='word_1_177' title='bbox 3420 1152 3481 1205; x_wconf 91' lang='lat' dir='ltr'><strong>in</strong></span> <span class='ocrx_word' id='word_1_178' title='bbox 3504 1150 3707 1207; x_wconf 88' lang='lat' dir='ltr'><strong>huma-</strong></span> 
     </span>
    </p>
   </div>
   <div class='ocr_carea' id='block_1_25' title="bbox 2052 1234 3706 1311">
    <p class='ocr_par' dir='ltr' id='par_1_25' title="bbox 2052 1234 3706 1311">
     <span class='ocr_line' id='line_1_25' title="bbox 2052 1234 3706 1311; baseline 0.002 -22"><span class='ocrx_word' id='word_1_179' title='bbox 2052 1247 2132 1289; x_wconf 87' lang='lat' dir='ltr'><strong>na</strong></span> <span class='ocrx_word' id='word_1_180' title='bbox 2150 1234 2343 1290; x_wconf 88' lang='lat' dir='ltr'><strong>forma</strong></span> <span class='ocrx_word' id='word_1_181' title='bbox 2371 1238 2649 1308; x_wconf 83' lang='lat' dir='ltr'><strong>apparuit</strong></span> <span class='ocrx_word' id='word_1_182' title='bbox 2669 1255 2737 1293; x_wconf 92' lang='lat' dir='ltr'><strong>ac</strong></span> <span class='ocrx_word' id='word_1_183' title='bbox 2759 1238 2830 1293; x_wconf 90' lang='lat' dir='ltr'><strong>de</strong></span> <span class='ocrx_word' id='word_1_184' title='bbox 2852 1240 3133 1295; x_wconf 86' lang='lat' dir='ltr'><strong>vocandis</strong></span> <span class='ocrx_word' id='word_1_185' title='bbox 3176 1240 3250 1295; x_wconf 87' lang='lat' dir='ltr'><strong>ad</strong></span> <span class='ocrx_word' id='word_1_186' title='bbox 3277 1239 3529 1297; x_wconf 85' lang='lat' dir='ltr'><strong>salutem</strong></span> <span class='ocrx_word' id='word_1_187' title='bbox 3560 1255 3706 1311; x_wconf 88' lang='lat' dir='ltr'><strong>gen-</strong></span> 
     </span>
    </p>
   </div>
   <div class='ocr_carea' id='block_1_26' title="bbox 2054 1322 3710 1400">
    <p class='ocr_par' dir='ltr' id='par_1_26' title="bbox 2054 1322 3710 1400">
     <span class='ocr_line' id='line_1_26' title="bbox 2054 1322 3710 1400; baseline 0.004 -24"><span class='ocrx_word' id='word_1_188' title='bbox 2054 1322 2212 1377; x_wconf 85' lang='lat' dir='ltr'><strong>tibus</strong></span> <span class='ocrx_word' id='word_1_189' title='bbox 2244 1324 2630 1382; x_wconf 85' lang='lat' dir='ltr'><strong>vaticinatum</strong></span> <span class='ocrx_word' id='word_1_190' title='bbox 2662 1332 2788 1393; x_wconf 90' lang='lat' dir='ltr'><strong>est;</strong></span> <span class='ocrx_word' id='word_1_191' title='bbox 2823 1345 3003 1400; x_wconf 89' lang='lat' dir='ltr'><strong>quam</strong></span> <span class='ocrx_word' id='word_1_192' title='bbox 3034 1346 3160 1385; x_wconf 88' lang='lat' dir='ltr'><strong>rem</strong></span> <span class='ocrx_word' id='word_1_193' title='bbox 3183 1329 3258 1384; x_wconf 86' lang='lat' dir='ltr'><strong>ad</strong></span> <span class='ocrx_word' id='word_1_194' title='bbox 3287 1329 3469 1384; x_wconf 83' lang='lat' dir='ltr'><strong>tinem</strong></span> <span class='ocrx_word' id='word_1_195' title='bbox 3503 1334 3710 1383; x_wconf 83' lang='lat' dir='ltr'><strong>nostra</strong></span> 
     </span>
    </p>
   </div>
   <div class='ocr_carea' id='block_1_27' title="bbox 2052 1414 3709 1491">
    <p class='ocr_par' dir='ltr' id='par_1_27' title="bbox 2052 1414 3709 1491">
     <span class='ocr_line' id='line_1_27' title="bbox 2052 1414 3709 1491; baseline 0.002 -25"><span class='ocrx_word' id='word_1_196' title='bbox 2052 1417 2226 1467; x_wconf 64' lang='lat' dir='ltr'><strong>aetate</strong></span> <span class='ocrx_word' id='word_1_197' title='bbox 2248 1414 2504 1473; x_wconf 78' lang='lat' dir='ltr'><strong>Verbum</strong></span> <span class='ocrx_word' id='word_1_198' title='bbox 2523 1415 2625 1471; x_wconf 88' lang='lat' dir='ltr'><strong>Dei</strong></span> <span class='ocrx_word' id='word_1_199' title='bbox 2648 1416 2944 1487; x_wconf 88' lang='lat' dir='ltr'><strong>perduxit,</strong></span> <span class='ocrx_word' id='word_1_200' title='bbox 2970 1418 3266 1491; x_wconf 77' lang='lat' dir='ltr'><strong>Evangelii</strong></span> <span class='ocrx_word' id='word_1_201' title='bbox 3300 1419 3571 1474; x_wconf 86' lang='lat' dir='ltr'><strong>doctrina</strong></span> <span class='ocrx_word' id='word_1_202' title='bbox 3601 1433 3709 1490; x_wconf 91' lang='lat' dir='ltr'><strong>per</strong></span> 
     </span>
    </p>
   </div>
   <div class='ocr_carea' id='block_1_28' title="bbox 2053 1504 3711 1579">
    <p class='ocr_par' dir='ltr' id='par_1_28' title="bbox 2053 1504 3711 1579">
     <span class='ocr_line' id='line_1_28' title="bbox 2053 1504 3711 1579; baseline 0.002 -24"><span class='ocrx_word' id='word_1_203' title='bbox 2053 1516 2260 1556; x_wconf 90' lang='lat' dir='ltr'><strong>omnes</strong></span> <span class='ocrx_word' id='word_1_204' title='bbox 2283 1504 2559 1558; x_wconf 90' lang='lat' dir='ltr'><strong>nationes</strong></span> <span class='ocrx_word' id='word_1_205' title='bbox 2582 1504 2801 1560; x_wconf 90' lang='lat' dir='ltr'><strong>dedita.</strong></span> <span class='ocrx_word' id='word_1_206' title='bbox 2826 1507 3117 1579; x_wconf 87' lang='lat' dir='ltr'><strong>Josephus</strong></span> <span class='ocrx_word' id='word_1_207' title='bbox 3139 1513 3346 1563; x_wconf 85' lang='lat' dir='ltr'><strong>auctor</strong></span> <span class='ocrx_word' id='word_1_208' title='bbox 3381 1512 3470 1562; x_wconf 90' lang='lat' dir='ltr'><strong>est</strong></span> <span class='ocrx_word' id='word_1_209' title='bbox 3494 1505 3711 1577; x_wconf 81' lang='lat' dir='ltr'><strong>princi-</strong></span> 
     </span>
    </p>
   </div>
   <div class='ocr_carea' id='block_1_29' title="bbox 2051 1591 3708 1669">
    <p class='ocr_par' dir='ltr' id='par_1_29' title="bbox 2051 1591 3708 1669">
     <span class='ocr_line' id='line_1_29' title="bbox 2051 1591 3708 1669; baseline 0.003 -25"><span class='ocrx_word' id='word_1_210' title='bbox 2051 1607 2185 1663; x_wconf 87' lang='lat' dir='ltr'><strong>pem</strong></span> <span class='ocrx_word' id='word_1_211' title='bbox 2207 1591 2613 1649; x_wconf 85' lang='lat' dir='ltr'><strong>Abrahamum</strong></span> <span class='ocrx_word' id='word_1_212' title='bbox 2636 1595 2754 1649; x_wconf 87' lang='lat' dir='ltr'><strong>Deo</strong></span> <span class='ocrx_word' id='word_1_213' title='bbox 2769 1596 3027 1651; x_wconf 87' lang='lat' dir='ltr'><strong>universi</strong></span> <span class='ocrx_word' id='word_1_214' title='bbox 3043 1596 3345 1669; x_wconf 79' lang='lat' dir='ltr'><strong>opiﬁcium</strong></span> <span class='ocrx_word' id='word_1_215' title='bbox 3361 1595 3708 1667; x_wconf 83' lang='lat' dir='ltr'><strong>ascripsisse</strong></span> 
     </span>
    </p>
   </div>
   <div class='ocr_carea' id='block_1_30' title="bbox 2051 1681 3707 1755">
    <p class='ocr_par' dir='ltr' id='par_1_30' title="bbox 2051 1681 3707 1755">
     <span class='ocr_line' id='line_1_30' title="bbox 2051 1681 3707 1755; baseline 0.002 -18"><span class='ocrx_word' id='word_1_216' title='bbox 2051 1681 2431 1753; x_wconf 87' lang='lat' dir='ltr'><strong>primumque</strong></span> <span class='ocrx_word' id='word_1_217' title='bbox 2444 1684 2749 1755; x_wconf 67' lang='lat' dir='ltr'><strong>Egyptiis,</strong></span> <span class='ocrx_word' id='word_1_218' title='bbox 2778 1702 2913 1740; x_wconf 94' lang='lat' dir='ltr'><strong>cum</strong></span> <span class='ocrx_word' id='word_1_219' title='bbox 2929 1687 3001 1741; x_wconf 89' lang='lat' dir='ltr'><strong>ad</strong></span> <span class='ocrx_word' id='word_1_220' title='bbox 3015 1703 3116 1742; x_wconf 88' lang='lat' dir='ltr'><strong>eos</strong></span> <span class='ocrx_word' id='word_1_221' title='bbox 3129 1703 3192 1741; x_wconf 89' lang='lat' dir='ltr'><strong>se</strong></span> <span class='ocrx_word' id='word_1_222' title='bbox 3205 1687 3576 1751; x_wconf 87' lang='lat' dir='ltr'><strong>contulisset,</strong></span> <span class='ocrx_word' id='word_1_223' title='bbox 3603 1702 3707 1740; x_wconf 86' lang='lat' dir='ltr'><strong>nu-</strong></span> 
     </span>
    </p>
   </div>
   <div class='ocr_carea' id='block_1_31' title="bbox 2051 1774 3699 1836">
    <p class='ocr_par' dir='ltr' id='par_1_31' title="bbox 2051 1774 3699 1836">
     <span class='ocr_line' id='line_1_31' title="bbox 2051 1774 3699 1836; baseline 0.003 -10"><span class='ocrx_word' id='word_1_224' title='bbox 2051 1787 2215 1826; x_wconf 89' lang='lat' dir='ltr'><strong>mero</strong></span> <span class='ocrx_word' id='word_1_225' title='bbox 2224 1789 2352 1829; x_wconf 89' lang='lat' dir='ltr'><strong>rum</strong></span> <span class='ocrx_word' id='word_1_226' title='bbox 2368 1791 2435 1828; x_wconf 90' lang='lat' dir='ltr'><strong>ac</strong></span> <span class='ocrx_word' id='word_1_227' title='bbox 2448 1774 2763 1830; x_wconf 66' lang='lat' dir='ltr'><strong>caelestium</strong></span> <span class='ocrx_word' id='word_1_228' title='bbox 2776 1782 3033 1836; x_wconf 87' lang='lat' dir='ltr'><strong>motuum</strong></span> <span class='ocrx_word' id='word_1_229' title='bbox 3047 1778 3344 1833; x_wconf 79' lang='lat' dir='ltr'><strong>scientian</strong></span> <span class='ocrx_word' id='word_1_230' title='bbox 3363 1774 3699 1833; x_wconf 85' lang='lat' dir='ltr'><strong>tradidisse.</strong></span> 
     </span>
    </p>
   </div>
   <div class='ocr_carea' id='block_1_32' title="bbox 272 1855 1944 1959">
    <p class='ocr_par' dir='ltr' id='par_1_32' title="bbox 272 1855 1937 1936">
     <span class='ocr_line' id='line_1_32' title="bbox 272 1855 1937 1936; baseline -0.001 -22"><span class='ocrx_word' id='word_1_231' title='bbox 272 1861 547 1936; x_wconf 71' lang='grc' dir='ltr'>γέραστος</span> <span class='ocrx_word' id='word_1_232' title='bbox 601 1860 911 1933; x_wconf 80' lang='grc' dir='ltr'>γενόμενος,</span> <span class='ocrx_word' id='word_1_233' title='bbox 971 1858 1199 1928; x_wconf 79' lang='grc' dir='ltr'>ἠξίωσεν</span> <span class='ocrx_word' id='word_1_234' title='bbox 1260 1858 1288 1913; x_wconf 91' lang='lat'><strong>6</strong></span> <span class='ocrx_word' id='word_1_235' title='bbox 1346 1855 1602 1933; x_wconf 84' lang='grc' dir='ltr'>βασιλεὺς</span> <span class='ocrx_word' id='word_1_236' title='bbox 1655 1858 1744 1912; x_wconf 90' lang='grc' dir='ltr'>ὑπ’</span> <span class='ocrx_word' id='word_1_237' title='bbox 1768 1857 1937 1912; x_wconf 75' lang='grc' dir='ltr'>αὑτοῦ</span> 
     </span>
    </p>
   </div>
   <div class='ocr_carea' id='block_1_33' title="bbox 2056 1855 3702 1959">
    <p class='ocr_par' dir='ltr' id='par_1_33' title="bbox 2056 1856 3702 1935">
     <span class='ocr_line' id='line_1_33' title="bbox 2056 1856 3702 1935; baseline 0.003 -20"><span class='ocrx_word' id='word_1_238' title='bbox 2056 1860 2134 1916; x_wconf 93' lang='lat' dir='ltr'><strong>lbi</strong></span> <span class='ocrx_word' id='word_1_239' title='bbox 2160 1878 2293 1917; x_wconf 89' lang='lat' dir='ltr'><strong>cum</strong></span> <span class='ocrx_word' id='word_1_240' title='bbox 2318 1862 2534 1918; x_wconf 89' lang='lat' dir='ltr'><strong>charus</strong></span> <span class='ocrx_word' id='word_1_241' title='bbox 2559 1867 2990 1935; x_wconf 90' lang='lat' dir='ltr'><strong>summoquein</strong></span> <span class='ocrx_word' id='word_1_242' title='bbox 3015 1866 3237 1922; x_wconf 86' lang='lat' dir='ltr'><strong>honore</strong></span> <span class='ocrx_word' id='word_1_243' title='bbox 3256 1866 3597 1933; x_wconf 88' lang='lat' dir='ltr'><strong>haberetur,</strong></span> <span class='ocrx_word' id='word_1_244' title='bbox 3629 1856 3702 1921; x_wconf 70' lang='lat' dir='ltr'><strong>ei:</strong></span> 
     </span>
    </p>
   </div>
   <div class='ocr_carea' id='block_1_34' title="bbox 270 1946 1940 2027">
    <p class='ocr_par' dir='ltr' id='par_1_34' title="bbox 270 1946 1940 2027">
     <span class='ocr_line' id='line_1_34' title="bbox 270 1946 1940 2027; baseline 0 -24"><span class='ocrx_word' id='word_1_245' title='bbox 270 1951 653 2027; x_wconf 76' lang='grc' dir='ltr'>γυμνασθῆναι</span> <span class='ocrx_word' id='word_1_246' title='bbox 709 1948 777 2003; x_wconf 83' lang='grc' dir='ltr'><strong>τὰ</strong></span> <span class='ocrx_word' id='word_1_247' title='bbox 833 1947 962 2024; x_wconf 81' lang='grc' dir='ltr'>περὶ</span> <span class='ocrx_word' id='word_1_248' title='bbox 1019 1946 1379 2022; x_wconf 76' lang='grc' dir='ltr'>ἀστρολογίαν</span> <span class='ocrx_word' id='word_1_249' title='bbox 1433 1947 1523 2003; x_wconf 83' lang='grc' dir='ltr'><strong>καὶ</strong></span> <span class='ocrx_word' id='word_1_250' title='bbox 1585 1948 1812 2023; x_wconf 75' lang='grc' dir='ltr'>μαγείαν</span> <span class='ocrx_word' id='word_1_251' title='bbox 1846 1946 1940 2003; x_wconf 81' lang='grc' dir='ltr'>’ἁτε</span> 
     </span>
    </p>
   </div>
   <div class='ocr_carea' id='block_1_35' title="bbox 273 2034 1939 2115">
    <p class='ocr_par' dir='ltr' id='par_1_35' title="bbox 273 2034 1939 2115">
     <span class='ocr_line' id='line_1_35' title="bbox 273 2034 1939 2115; baseline -0.002 -21"><span class='ocrx_word' id='word_1_252' title='bbox 273 2038 621 2113; x_wconf 76' lang='grc' dir='ltr'>πολυπείρου</span> <span class='ocrx_word' id='word_1_253' title='bbox 664 2037 756 2093; x_wconf 80' lang='grc' dir='ltr'><strong>καὶ</strong></span> <span class='ocrx_word' id='word_1_254' title='bbox 807 2034 1094 2094; x_wconf 80' lang='grc' dir='ltr'>Χαλδαίου</span> <span class='ocrx_word' id='word_1_255' title='bbox 1145 2039 1537 2114; x_wconf 79' lang='grc' dir='ltr'>τυγχάνοντος.</span> <span class='ocrx_word' id='word_1_256' title='bbox 1574 2036 1939 2115; x_wconf 85' lang='grc' dir='ltr'>Ἀστρολογία</span> 
     </span>
    </p>
   </div>
   <div class='ocr_carea' id='block_1_36' title="bbox 274 2127 1936 2205">
    <p class='ocr_par' dir='ltr' id='par_1_36' title="bbox 274 2127 1936 2205">
     <span class='ocr_line' id='line_1_36' title="bbox 274 2127 1936 2205; baseline -0.002 -22"><span class='ocrx_word' id='word_1_257' title='bbox 274 2129 380 2203; x_wconf 66' lang='grc' dir='ltr'>γὰρ</span> <span class='ocrx_word' id='word_1_258' title='bbox 444 2128 533 2182; x_wconf 78' lang='grc' dir='ltr'><strong>καὶ</strong></span> <span class='ocrx_word' id='word_1_259' title='bbox 583 2127 785 2205; x_wconf 82' lang='grc' dir='ltr'>μαγεία</span> <span class='ocrx_word' id='word_1_260' title='bbox 837 2127 946 2182; x_wconf 85' lang='grc' dir='ltr'>ἀπὸ</span> <span class='ocrx_word' id='word_1_261' title='bbox 994 2128 1351 2201; x_wconf 81' lang='grc' dir='ltr'>Μαγουσαίων</span> <span class='ocrx_word' id='word_1_262' title='bbox 1392 2129 1517 2199; x_wconf 69' lang='grc' dir='ltr'>ἢτοι</span> <span class='ocrx_word' id='word_1_263' title='bbox 1566 2132 1784 2203; x_wconf 81' lang='grc' dir='ltr'>Περσῶν</span> <span class='ocrx_word' id='word_1_264' title='bbox 1836 2127 1936 2202; x_wconf 73' lang='grc' dir='ltr'><strong>ἦρ·</strong></span> 
     </span>
    </p>
   </div>
   <div class='ocr_carea' id='block_1_37' title="bbox 288 2216 1935 2296">
    <p class='ocr_par' dir='ltr' id='par_1_37' title="bbox 288 2216 1935 2296">
     <span class='ocr_line' id='line_1_37' title="bbox 288 2216 1935 2296; baseline -0.001 -24"><span class='ocrx_word' id='word_1_265' title='bbox 288 2218 438 2288; x_wconf 77' lang='grc' dir='ltr'>ξατο“</span> <span class='ocrx_word' id='word_1_266' title='bbox 494 2219 543 2271; x_wconf 58' lang='grc' dir='ltr'><strong>οἳ.</strong></span> <span class='ocrx_word' id='word_1_267' title='bbox 592 2216 691 2293; x_wconf 76' lang='grc' dir='ltr'><strong>γάρ</strong></span> <span class='ocrx_word' id='word_1_268' title='bbox 722 2236 810 2271; x_wconf 89' lang='grc' dir='ltr'><strong>τοι</strong></span> <span class='ocrx_word' id='word_1_269' title='bbox 876 2217 1068 2292; x_wconf 79' lang='grc' dir='ltr'>ΙΙὲρσαι</span> <span class='ocrx_word' id='word_1_270' title='bbox 1118 2217 1330 2292; x_wconf 77' lang='grc' dir='ltr'>Μαγὼγ</span> <span class='ocrx_word' id='word_1_271' title='bbox 1372 2218 1474 2272; x_wconf 85' lang='grc' dir='ltr'>ὑπὸ</span> <span class='ocrx_word' id='word_1_272' title='bbox 1502 2221 1610 2272; x_wconf 91' lang='grc' dir='ltr'><strong>τῶν</strong></span> <span class='ocrx_word' id='word_1_273' title='bbox 1642 2216 1935 2296; x_wconf 81' lang='grc' dir='ltr'>ἔγχωρίων</span> 
     </span>
    </p>
   </div>
   <div class='ocr_carea' id='block_1_38' title="bbox 291 2305 1934 2383">
    <p class='ocr_par' dir='ltr' id='par_1_38' title="bbox 291 2305 1934 2383">
     <span class='ocr_line' id='line_1_38' title="bbox 291 2305 1934 2383; baseline -0.001 -20"><span class='ocrx_word' id='word_1_274' title='bbox 291 2309 662 2380; x_wconf 68' lang='grc' dir='ltr'>ὀνομάζονται.</span> <span class='ocrx_word' id='word_1_275' title='bbox 725 2309 824 2362; x_wconf 70' lang='grc' dir='ltr'>Καὶ</span> <span class='ocrx_word' id='word_1_276' title='bbox 886 2305 953 2377; x_wconf 77' lang='grc' dir='ltr'><strong>δὴ</strong></span> <span class='ocrx_word' id='word_1_277' title='bbox 1029 2311 1136 2363; x_wconf 87' lang='grc' dir='ltr'><strong>τῶν</strong></span> <span class='ocrx_word' id='word_1_278' title='bbox 1190 2307 1537 2383; x_wconf 67' lang='grc' dir='ltr'>ἀστρολόγων</span> <span class='ocrx_word' id='word_1_279' title='bbox 1596 2308 1686 2364; x_wconf 83' lang='grc' dir='ltr'><strong>καὶ</strong></span> <span class='ocrx_word' id='word_1_280' title='bbox 1749 2307 1934 2383; x_wconf 78' lang='grc' dir='ltr'>μάγων</span> 
     </span>
    </p>
   </div>
   <div class='ocr_carea' id='block_1_39' title="bbox 280 2394 1935 2472">
    <p class='ocr_par' dir='ltr' id='par_1_39' title="bbox 280 2394 1935 2472">
     <span class='ocr_line' id='line_1_39' title="bbox 280 2394 1935 2472; baseline -0.001 -20"><span class='ocrx_word' id='word_1_281' title='bbox 280 2399 773 2471; x_wconf 62' lang='grc' dir='ltr'>συναθροισθέντων</span> <span class='ocrx_word' id='word_1_282' title='bbox 829 2398 858 2451; x_wconf 87' lang='lat'><strong>6</strong></span> <span class='ocrx_word' id='word_1_283' title='bbox 920 2397 1176 2472; x_wconf 78' lang='grc' dir='ltr'>βασιλεὺς</span> <span class='ocrx_word' id='word_1_284' title='bbox 1234 2394 1350 2472; x_wconf 74' lang='grc' dir='ltr'><strong>ἅμα</strong></span> <span class='ocrx_word' id='word_1_285' title='bbox 1403 2402 1484 2471; x_wconf 80' lang='grc' dir='ltr'><strong>τῷ</strong></span> <span class='ocrx_word' id='word_1_286' title='bbox 1542 2394 1797 2472; x_wconf 80' lang='grc' dir='ltr'>’Δϐραάμ</span> <span class='ocrx_word' id='word_1_287' title='bbox 1846 2397 1935 2452; x_wconf 83' lang='grc' dir='ltr'><strong>καὶ</strong></span> 
     </span>
    </p>
   </div>
   <div class='ocr_carea' id='block_1_40' title="bbox 273 2485 1933 2564">
    <p class='ocr_par' dir='ltr' id='par_1_40' title="bbox 273 2485 1933 2564">
     <span class='ocr_line' id='line_1_40' title="bbox 273 2485 1933 2564; baseline -0.001 -22"><span class='ocrx_word' id='word_1_288' title='bbox 273 2493 392 2549; x_wconf 80' lang='grc' dir='ltr'>τοῖς</span> <span class='ocrx_word' id='word_1_289' title='bbox 474 2489 756 2558; x_wconf 75' lang='grc' dir='ltr'>συνήθεσιν</span> <span class='ocrx_word' id='word_1_290' title='bbox 826 2485 1110 2558; x_wconf 80' lang='grc' dir='ltr'>ἐκαθέσθη,</span> <span class='ocrx_word' id='word_1_291' title='bbox 1174 2487 1264 2542; x_wconf 79' lang='grc' dir='ltr'><strong>καὶ</strong></span> <span class='ocrx_word' id='word_1_292' title='bbox 1332 2487 1566 2564; x_wconf 78' lang='grc' dir='ltr'>ἡσυχίας</span> <span class='ocrx_word' id='word_1_293' title='bbox 1631 2487 1933 2563; x_wconf 64' lang='grc' dir='ltr'>γενομένης</span> 
     </span>
    </p>
   </div>
   <div class='ocr_carea' id='block_1_41' title="bbox 272 2571 1934 2656">
    <p class='ocr_par' dir='ltr' id='par_1_41' title="bbox 272 2571 1934 2656">
     <span class='ocr_line' id='line_1_41' title="bbox 272 2571 1934 2656; baseline -0.001 -24"><span class='ocrx_word' id='word_1_294' title='bbox 272 2578 303 2632; x_wconf 82' lang='grc' dir='ltr'>ὁ</span> <span class='ocrx_word' id='word_1_295' title='bbox 333 2572 600 2651; x_wconf 74' lang='grc' dir='ltr'>Ἀϐραὰμ</span> <span class='ocrx_word' id='word_1_296' title='bbox 652 2571 776 2656; x_wconf 72' lang='grc' dir='ltr'><strong>ἔφη.</strong></span> <span class='ocrx_word' id='word_1_297' title='bbox 812 2601 840 2628; x_wconf 84' lang='grc'><strong>‹‹</strong></span> <span class='ocrx_word' id='word_1_298' title='bbox 902 2578 1108 2634; x_wconf 78' lang='grc' dir='ltr'>Μαθεῖν</span> <span class='ocrx_word' id='word_1_299' title='bbox 1162 2576 1442 2653; x_wconf 86' lang='grc' dir='ltr'>βούλομαι</span> <span class='ocrx_word' id='word_1_300' title='bbox 1491 2579 1615 2652; x_wconf 87' lang='grc' dir='ltr'>παρ’</span> <span class='ocrx_word' id='word_1_301' title='bbox 1644 2579 1797 2650; x_wconf 84' lang='grc' dir='ltr'>ὑμῶν</span> <span class='ocrx_word' id='word_1_302' title='bbox 1824 2580 1934 2632; x_wconf 86' lang='grc' dir='ltr'><strong>τῶν</strong></span> 
     </span>
    </p>
   </div>
   <div class='ocr_carea' id='block_1_42' title="bbox 274 2664 1937 2745">
    <p class='ocr_par' dir='ltr' id='par_1_42' title="bbox 274 2664 1937 2745">
     <span class='ocr_line' id='line_1_42' title="bbox 274 2664 1937 2745; baseline 0.001 -23"><span class='ocrx_word' id='word_1_303' title='bbox 274 2672 487 2745; x_wconf 62' lang='grc' dir='ltr'>σοφῶν,</span> <span class='ocrx_word' id='word_1_304' title='bbox 549 2668 597 2722; x_wconf 82' lang='grc' dir='ltr'><strong>εἰ</strong></span> <span class='ocrx_word' id='word_1_305' title='bbox 655 2664 876 2723; x_wconf 84' lang='grc' dir='ltr'>δύναται</span> <span class='ocrx_word' id='word_1_306' title='bbox 935 2666 1138 2745; x_wconf 76' lang='grc' dir='ltr'>γένεσις</span> <span class='ocrx_word' id='word_1_307' title='bbox 1174 2668 1264 2724; x_wconf 81' lang='grc' dir='ltr'><strong>καὶ</strong></span> <span class='ocrx_word' id='word_1_308' title='bbox 1327 2668 1526 2744; x_wconf 81' lang='grc' dir='ltr'>μαγεία</span> <span class='ocrx_word' id='word_1_309' title='bbox 1575 2668 1783 2744; x_wconf 77' lang='grc' dir='ltr'>βλάψαι</span> <span class='ocrx_word' id='word_1_310' title='bbox 1813 2669 1937 2725; x_wconf 78' lang='grc' dir='ltr'>τινὰ</span> 
     </span>
    </p>
   </div>
   <div class='ocr_carea' id='block_1_43' title="bbox 270 2755 1932 2836">
    <p class='ocr_par' dir='ltr' id='par_1_43' title="bbox 270 2755 1932 2836">
     <span class='ocr_line' id='line_1_43' title="bbox 270 2755 1932 2836; baseline 0.001 -25"><span class='ocrx_word' id='word_1_311' title='bbox 270 2759 307 2826; x_wconf 70' lang='grc' dir='ltr'><strong>ἢ</strong></span> <span class='ocrx_word' id='word_1_312' title='bbox 365 2755 658 2836; x_wconf 67' lang='grc' dir='ltr'>ὠφελῆσαι</span> <span class='ocrx_word' id='word_1_313' title='bbox 714 2758 853 2811; x_wconf 83' lang='grc' dir='ltr'>κατὰ</span> <span class='ocrx_word' id='word_1_314' title='bbox 909 2760 1006 2827; x_wconf 74' lang='grc' dir='ltr'>τὴν</span> <span class='ocrx_word' id='word_1_315' title='bbox 1060 2758 1319 2833; x_wconf 78' lang='grc' dir='ltr'>ὑμετέραν</span> <span class='ocrx_word' id='word_1_316' title='bbox 1377 2756 1556 2830; x_wconf 79' lang='grc' dir='ltr'>δόξαν,</span> <span class='ocrx_word' id='word_1_317' title='bbox 1621 2784 1648 2810; x_wconf 86' lang='grc'><strong>››</strong></span> <span class='ocrx_word' id='word_1_318' title='bbox 1709 2760 1932 2836; x_wconf 79' lang='grc' dir='ltr'>Ἀφ’ὧν</span> 
     </span>
    </p>
   </div>
   <div class='ocr_carea' id='block_1_44' title="bbox 267 2844 1937 2923">
    <p class='ocr_par' dir='ltr' id='par_1_44' title="bbox 267 2844 1937 2923">
     <span class='ocr_line' id='line_1_44' title="bbox 267 2844 1937 2923; baseline 0 -20"><span class='ocrx_word' id='word_1_319' title='bbox 267 2847 600 2922; x_wconf 72' lang='grc' dir='ltr'>ἀποκριθεὶς</span> <span class='ocrx_word' id='word_1_320' title='bbox 647 2844 988 2921; x_wconf 80' lang='grc' dir='ltr'>ἀστρολόγος</span> <span class='ocrx_word' id='word_1_321' title='bbox 1039 2844 1184 2902; x_wconf 73' lang='grc' dir='ltr'>εἶπεν</span> <span class='ocrx_word' id='word_1_322' title='bbox 1237 2845 1501 2904; x_wconf 67' lang='grc' dir='ltr'>ἀδύνατον</span> <span class='ocrx_word' id='word_1_323' title='bbox 1546 2849 1683 2904; x_wconf 80' lang='grc' dir='ltr'>εἶναι</span> <span class='ocrx_word' id='word_1_324' title='bbox 1723 2848 1937 2923; x_wconf 82' lang='grc' dir='ltr'>ἅνθρω-</span> 
     </span>
    </p>
   </div>
   <div class='ocr_carea' id='block_1_45' title="bbox 266 2932 1935 3012">
    <p class='ocr_par' dir='ltr' id='par_1_45' title="bbox 266 2932 1935 3012">
     <span class='ocr_line' id='line_1_45' title="bbox 266 2932 1935 3012; baseline 0.001 -20"><span class='ocrx_word' id='word_1_325' title='bbox 266 2957 370 2992; x_wconf 82' lang='grc' dir='ltr'><strong>πον</strong></span> <span class='ocrx_word' id='word_1_326' title='bbox 432 2934 584 3010; x_wconf 65' lang='grc' dir='ltr'>παρὰ</span> <span class='ocrx_word' id='word_1_327' title='bbox 636 2937 846 3012; x_wconf 66' lang='grc' dir='ltr'>γένεσιν</span> <span class='ocrx_word' id='word_1_328' title='bbox 898 2935 1239 3006; x_wconf 83' lang='grc' dir='ltr'>τελευτῆσαι.</span> <span class='ocrx_word' id='word_1_329' title='bbox 1294 2938 1425 2992; x_wconf 82' lang='grc' dir='ltr'>Ὑπὸ</span> <span class='ocrx_word' id='word_1_330' title='bbox 1467 2934 1524 2993; x_wconf 73' lang='grc' dir='ltr'><strong>δὲ</strong></span> <span class='ocrx_word' id='word_1_331' title='bbox 1550 2943 1648 2993; x_wconf 74' lang='grc' dir='ltr'>τοῦ</span> <span class='ocrx_word' id='word_1_332' title='bbox 1681 2932 1935 3012; x_wconf 76' lang='grc' dir='ltr'>Ἀϐραὰμ</span> 
     </span>
    </p>
   </div>
   <div class='ocr_carea' id='block_1_46' title="bbox 261 3022 1933 3105">
    <p class='ocr_par' dir='ltr' id='par_1_46' title="bbox 261 3022 1933 3105">
     <span class='ocr_line' id='line_1_46' title="bbox 261 3022 1933 3105; baseline 0.001 -24"><span class='ocrx_word' id='word_1_333' title='bbox 261 3029 544 3101; x_wconf 84' lang='grc' dir='ltr'>κραταιῶς</span> <span class='ocrx_word' id='word_1_334' title='bbox 610 3022 1049 3105; x_wconf 74' lang='grc' dir='ltr'>ἐξελεγχομένων</span> <span class='ocrx_word' id='word_1_335' title='bbox 1102 3030 1211 3082; x_wconf 87' lang='grc' dir='ltr'><strong>τῶν</strong></span> <span class='ocrx_word' id='word_1_336' title='bbox 1269 3025 1616 3102; x_wconf 81' lang='grc' dir='ltr'>ἀστρολόγων</span> <span class='ocrx_word' id='word_1_337' title='bbox 1661 3027 1871 3083; x_wconf 80' lang='grc' dir='ltr'>κελεύει</span> <span class='ocrx_word' id='word_1_338' title='bbox 1905 3029 1933 3082; x_wconf 91' lang='grc' dir='ltr'>ὁ</span> 
     </span>
    </p>
   </div>
   <div class='ocr_carea' id='block_1_47' title="bbox 265 3111 1929 3193">
    <p class='ocr_par' dir='ltr' id='par_1_47' title="bbox 265 3111 1929 3193">
     <span class='ocr_line' id='line_1_47' title="bbox 265 3111 1929 3193; baseline 0.001 -23"><span class='ocrx_word' id='word_1_339' title='bbox 265 3114 536 3193; x_wconf 66' lang='grc' dir='ltr'>βασιλεὺς</span> <span class='ocrx_word' id='word_1_340' title='bbox 568 3115 807 3191; x_wconf 79' lang='grc' dir='ltr'>ἀχθῆναί</span> <span class='ocrx_word' id='word_1_341' title='bbox 834 3135 956 3170; x_wconf 90' lang='grc' dir='ltr'>τινα</span> <span class='ocrx_word' id='word_1_342' title='bbox 988 3112 1207 3189; x_wconf 71' lang='grc' dir='ltr'>δέσμιον</span> <span class='ocrx_word' id='word_1_343' title='bbox 1250 3111 1621 3179; x_wconf 88' lang='grc' dir='ltr'>ὑποϐαλόντος</span> <span class='ocrx_word' id='word_1_344' title='bbox 1656 3112 1929 3193; x_wconf 77' lang='grc' dir='ltr'>Ἀϐραὰμ,</span> 
     </span>
    </p>
   </div>
   <div class='ocr_carea' id='block_1_48' title="bbox 264 3202 1932 3282">
    <p class='ocr_par' dir='ltr' id='par_1_48' title="bbox 264 3202 1932 3282">
     <span class='ocr_line' id='line_1_48' title="bbox 264 3202 1932 3282; baseline 0 -21"><span class='ocrx_word' id='word_1_345' title='bbox 264 3202 839 3280; x_wconf 81' lang='grc' dir='ltr'>προκαταδικασθέντα</span> <span class='ocrx_word' id='word_1_346' title='bbox 906 3206 1284 3280; x_wconf 87' lang='grc' dir='ltr'>πυρόκαυστον</span> <span class='ocrx_word' id='word_1_347' title='bbox 1379 3208 1644 3281; x_wconf 68' lang='grc' dir='ltr'>γενέσθαι.</span> <span class='ocrx_word' id='word_1_348' title='bbox 1702 3206 1932 3282; x_wconf 79' lang='grc' dir='ltr'>Ἀχθέν-</span> 
     </span>
    </p>
   </div>
   <div class='ocr_carea' id='block_1_49' title="bbox 269 3293 1939 3375">
    <p class='ocr_par' dir='ltr' id='par_1_49' title="bbox 269 3293 1939 3375">
     <span class='ocr_line' id='line_1_49' title="bbox 269 3293 1939 3375; baseline -0.002 -21"><span class='ocrx_word' id='word_1_349' title='bbox 269 3317 367 3358; x_wconf 87' lang='grc' dir='ltr'><strong>τος</strong></span> <span class='ocrx_word' id='word_1_350' title='bbox 425 3293 485 3351; x_wconf 72' lang='grc' dir='ltr'><strong>δὲ</strong></span> <span class='ocrx_word' id='word_1_351' title='bbox 539 3294 863 3370; x_wconf 83' lang='grc' dir='ltr'>προσέταξεν</span> <span class='ocrx_word' id='word_1_352' title='bbox 920 3296 950 3351; x_wconf 85' lang='lat'><strong>6</strong></span> <span class='ocrx_word' id='word_1_353' title='bbox 1010 3294 1268 3371; x_wconf 71' lang='grc' dir='ltr'>βασιλεὺς</span> <span class='ocrx_word' id='word_1_354' title='bbox 1346 3300 1444 3367; x_wconf 77' lang='grc' dir='ltr'><strong>τήν</strong></span> <span class='ocrx_word' id='word_1_355' title='bbox 1516 3297 1683 3354; x_wconf 78' lang='grc' dir='ltr'>αὑτοῦ</span> <span class='ocrx_word' id='word_1_356' title='bbox 1738 3297 1939 3375; x_wconf 68' lang='grc' dir='ltr'>γένεσιν</span> 
     </span>
    </p>
   </div>
   <div class='ocr_carea' id='block_1_50' title="bbox 273 3380 1949 3462">
    <p class='ocr_par' dir='ltr' id='par_1_50' title="bbox 273 3380 1949 3462">
     <span class='ocr_line' id='line_1_50' title="bbox 273 3380 1949 3462; baseline -0.001 -20"><span class='ocrx_word' id='word_1_357' title='bbox 273 3380 528 3461; x_wconf 75' lang='grc' dir='ltr'>ἀκριϐῶς</span> <span class='ocrx_word' id='word_1_358' title='bbox 583 3384 1096 3460; x_wconf 74' lang='grc' dir='ltr'>ἐξερευνησαμένους</span> <span class='ocrx_word' id='word_1_359' title='bbox 1153 3387 1243 3442; x_wconf 83' lang='grc' dir='ltr'>τὸν</span> <span class='ocrx_word' id='word_1_360' title='bbox 1299 3386 1501 3462; x_wconf 85' lang='grc' dir='ltr'>τρόπον</span> <span class='ocrx_word' id='word_1_361' title='bbox 1560 3393 1793 3459; x_wconf 77' lang='grc' dir='ltr'>ζητῆσαι</span> <span class='ocrx_word' id='word_1_362' title='bbox 1853 3387 1949 3443; x_wconf 74' lang='grc' dir='ltr'><strong>τοὺ</strong></span> 
     </span>
    </p>
   </div>
   <div class='ocr_carea' id='block_1_51' title="bbox 276 3472 1945 3551">
    <p class='ocr_par' dir='ltr' id='par_1_51' title="bbox 276 3472 1945 3551">
     <span class='ocr_line' id='line_1_51' title="bbox 276 3472 1945 3551; baseline 0 -22"><span class='ocrx_word' id='word_1_363' title='bbox 276 3476 542 3531; x_wconf 70' lang='grc' dir='ltr'>θανάτου.</span> <span class='ocrx_word' id='word_1_364' title='bbox 609 3479 728 3529; x_wconf 83' lang='grc' dir='ltr'><strong>Τῶν</strong></span> <span class='ocrx_word' id='word_1_365' title='bbox 780 3472 837 3530; x_wconf 73' lang='grc' dir='ltr'><strong>δὲ</strong></span> <span class='ocrx_word' id='word_1_366' title='bbox 894 3481 1142 3551; x_wconf 84' lang='grc' dir='ltr'>συνεχῶς</span> <span class='ocrx_word' id='word_1_367' title='bbox 1197 3473 1667 3551; x_wconf 73' lang='grc' dir='ltr'>διασκεψαμένων,</span> <span class='ocrx_word' id='word_1_368' title='bbox 1723 3476 1811 3531; x_wconf 79' lang='grc' dir='ltr'><strong>καὶ</strong></span> <span class='ocrx_word' id='word_1_369' title='bbox 1869 3475 1945 3530; x_wconf 79' lang='grc' dir='ltr'>εί-</span> 
     </span>
    </p>
   </div>
   <div class='ocr_carea' id='block_1_52' title="bbox 278 3562 1949 3635">
    <p class='ocr_par' dir='ltr' id='par_1_52' title="bbox 278 3562 1949 3635">
     <span class='ocr_line' id='line_1_52' title="bbox 278 3562 1949 3635; baseline 0.001 -17"><span class='ocrx_word' id='word_1_370' title='bbox 278 3562 503 3618; x_wconf 79' lang='grc' dir='ltr'>πόντων</span> <span class='ocrx_word' id='word_1_371' title='bbox 553 3562 639 3616; x_wconf 78' lang='grc' dir='ltr'><strong>ὅτι</strong></span> <span class='ocrx_word' id='word_1_372' title='bbox 697 3586 726 3614; x_wconf 87' lang='grc'><strong>‹‹</strong></span> <span class='ocrx_word' id='word_1_373' title='bbox 758 3562 1145 3635; x_wconf 81' lang='grc' dir='ltr'>Πυρποληθεὶς</span> <span class='ocrx_word' id='word_1_374' title='bbox 1205 3567 1420 3626; x_wconf 83' lang='grc' dir='ltr'>πάντως</span> <span class='ocrx_word' id='word_1_375' title='bbox 1447 3564 1822 3633; x_wconf 78' lang='grc' dir='ltr'>ἀποθανεῖται,</span> <span class='ocrx_word' id='word_1_376' title='bbox 1849 3571 1949 3635; x_wconf 84' lang='grc' dir='ltr'><strong>τῆς</strong></span> 
     </span>
    </p>
   </div>
   <div class='ocr_carea' id='block_1_53' title="bbox 287 3649 1950 3730">
    <p class='ocr_par' dir='ltr' id='par_1_53' title="bbox 287 3649 1950 3730">
     <span class='ocr_line' id='line_1_53' title="bbox 287 3649 1950 3730; baseline 0.002 -23"><span class='ocrx_word' id='word_1_377' title='bbox 287 3650 553 3728; x_wconf 73' lang='grc' dir='ltr'>γενέσεως</span> <span class='ocrx_word' id='word_1_378' title='bbox 590 3649 737 3722; x_wconf 70' lang='grc' dir='ltr'>μάλα</span> <span class='ocrx_word' id='word_1_379' title='bbox 795 3654 978 3730; x_wconf 72' lang='grc' dir='ltr'>σαφῶς</span> <span class='ocrx_word' id='word_1_380' title='bbox 1030 3656 1198 3708; x_wconf 79' lang='grc' dir='ltr'>τοῦτο</span> <span class='ocrx_word' id='word_1_381' title='bbox 1239 3650 1690 3727; x_wconf 78' lang='grc' dir='ltr'>διαγορευούσης,</span> <span class='ocrx_word' id='word_1_382' title='bbox 1730 3653 1857 3710; x_wconf 85' lang='grc' dir='ltr'>ἀλλ’</span> <span class='ocrx_word' id='word_1_383' title='bbox 1890 3655 1950 3710; x_wconf 80' lang='grc' dir='ltr'>οὐ</span> 
     </span>
    </p>
   </div>
   <div class='ocr_carea' id='block_1_54' title="bbox 292 3734 1951 3820">
    <p class='ocr_par' dir='ltr' id='par_1_54' title="bbox 292 3734 1951 3820">
     <span class='ocr_line' id='line_1_54' title="bbox 292 3734 1951 3820; baseline 0.004 -27"><span class='ocrx_word' id='word_1_384' title='bbox 292 3743 390 3793; x_wconf 54' lang='lat' dir='ltr'><strong>vi}:</strong></span> <span class='ocrx_word' id='word_1_385' title='bbox 419 3735 539 3818; x_wconf 80' lang='grc' dir='ltr'>ἔχει</span> <span class='ocrx_word' id='word_1_386' title='bbox 598 3740 701 3815; x_wconf 80' lang='grc' dir='ltr'><strong>γὰρ</strong></span> <span class='ocrx_word' id='word_1_387' title='bbox 748 3734 830 3794; x_wconf 63' lang='grc' dir='ltr'>ἔτι</span> <span class='ocrx_word' id='word_1_388' title='bbox 890 3740 1124 3820; x_wconf 84' lang='grc' dir='ltr'>χρόνους</span> <span class='ocrx_word' id='word_1_389' title='bbox 1185 3746 1356 3812; x_wconf 78' lang='grc' dir='ltr'>ζωῆς,</span> <span class='ocrx_word' id='word_1_390' title='bbox 1386 3742 1475 3797; x_wconf 72' lang='grc' dir='ltr'><strong>καὶ</strong></span> <span class='ocrx_word' id='word_1_391' title='bbox 1509 3738 1663 3798; x_wconf 70' lang='grc' dir='ltr'>οὔπω</span> <span class='ocrx_word' id='word_1_392' title='bbox 1694 3741 1951 3814; x_wconf 74' lang='grc' dir='ltr'>ἐληλύθει</span> 
     </span>
    </p>
   </div>
   <div class='ocr_carea' id='block_1_55' title="bbox 288 3827 1952 3910">
    <p class='ocr_par' dir='ltr' id='par_1_55' title="bbox 288 3827 1952 3910">
     <span class='ocr_line' id='line_1_55' title="bbox 288 3827 1952 3910; baseline 0.003 -27"><span class='ocrx_word' id='word_1_393' title='bbox 288 3833 327 3899; x_wconf 70' lang='grc' dir='ltr'><strong>ἡ</strong></span> <span class='ocrx_word' id='word_1_394' title='bbox 367 3830 485 3903; x_wconf 79' lang='grc' dir='ltr'>ὥρα</span> <span class='ocrx_word' id='word_1_395' title='bbox 512 3836 614 3898; x_wconf 81' lang='grc' dir='ltr'>τῆς</span> <span class='ocrx_word' id='word_1_396' title='bbox 643 3827 904 3900; x_wconf 79' lang='grc' dir='ltr'>τελευτῆς</span> <span class='ocrx_word' id='word_1_397' title='bbox 954 3829 1139 3886; x_wconf 74' lang='grc' dir='ltr'>αὑτοῦ·</span> <span class='ocrx_word' id='word_1_398' title='bbox 1175 3853 1203 3881; x_wconf 71' lang='grc' dir='ltr'><strong>η</strong></span> <span class='ocrx_word' id='word_1_399' title='bbox 1251 3831 1338 3886; x_wconf 66' lang='grc' dir='ltr'><strong>καί</strong></span> <span class='ocrx_word' id='word_1_400' title='bbox 1374 3833 1403 3887; x_wconf 91' lang='lat'><strong>6</strong></span> <span class='ocrx_word' id='word_1_401' title='bbox 1438 3831 1716 3908; x_wconf 79' lang='grc' dir='ltr'>βασιλεὺς,</span> <span class='ocrx_word' id='word_1_402' title='bbox 1753 3856 1781 3885; x_wconf 74' lang='grc' dir='ltr'>(ι</span> <span class='ocrx_word' id='word_1_403' title='bbox 1804 3832 1952 3910; x_wconf 83' lang='grc' dir='ltr'><strong>Ἐγὼ</strong></span> 
     </span>
    </p>
   </div>
   <div class='ocr_carea' id='block_1_56' title="bbox 286 3919 1949 3998">
    <p class='ocr_par' dir='ltr' id='par_1_56' title="bbox 286 3919 1949 3998">
     <span class='ocr_line' id='line_1_56' title="bbox 286 3919 1949 3998; baseline 0.004 -26"><span class='ocrx_word' id='word_1_404' title='bbox 286 3922 542 3994; x_wconf 77' lang='grc' dir='ltr'>σήμερον</span> <span class='ocrx_word' id='word_1_405' title='bbox 573 3921 790 3988; x_wconf 73' lang='grc' dir='ltr'>τοῦτον,</span> <span class='ocrx_word' id='word_1_406' title='bbox 822 3922 1020 3998; x_wconf 71' lang='grc' dir='ltr'>φήσας,</span> <span class='ocrx_word' id='word_1_407' title='bbox 1075 3920 1379 3992; x_wconf 83' lang='grc' dir='ltr'>ἀπαλλάξω</span> <span class='ocrx_word' id='word_1_408' title='bbox 1407 3925 1505 3976; x_wconf 79' lang='grc' dir='ltr'><strong>τοῦ</strong></span> <span class='ocrx_word' id='word_1_409' title='bbox 1535 3919 1624 3977; x_wconf 70' lang='grc' dir='ltr'>διὰ</span> <span class='ocrx_word' id='word_1_410' title='bbox 1653 3922 1825 3996; x_wconf 81' lang='grc' dir='ltr'>πυρὸς</span> <span class='ocrx_word' id='word_1_411' title='bbox 1858 3934 1949 3987; x_wconf 90' lang='grc' dir='ltr'>θα-</span> 
     </span>
    </p>
   </div>
   <div class='ocr_carea' id='block_1_57' title="bbox 280 4002 1953 4085">
    <p class='ocr_par' dir='ltr' id='par_1_57' title="bbox 280 4002 1953 4085">
     <span class='ocr_line' id='line_1_57' title="bbox 280 4002 1953 4085; baseline 0.004 -24"><span class='ocrx_word' id='word_1_412' title='bbox 280 4006 477 4075; x_wconf 74' lang='grc' dir='ltr'>νᾶτου,</span> <span class='ocrx_word' id='word_1_413' title='bbox 509 4011 590 4079; x_wconf 81' lang='grc' dir='ltr'><strong>τῷ</strong></span> <span class='ocrx_word' id='word_1_414' title='bbox 629 4002 782 4063; x_wconf 77' lang='grc' dir='ltr'>ὕδατι</span> <span class='ocrx_word' id='word_1_415' title='bbox 834 4007 1064 4080; x_wconf 83' lang='grc' dir='ltr'>ἀνελὼν,</span> <span class='ocrx_word' id='word_1_416' title='bbox 1100 4034 1129 4061; x_wconf 87' lang='grc'><strong>››</strong></span> <span class='ocrx_word' id='word_1_417' title='bbox 1180 4011 1272 4065; x_wconf 81' lang='grc' dir='ltr'><strong>καὶ</strong></span> <span class='ocrx_word' id='word_1_418' title='bbox 1326 4012 1471 4066; x_wconf 78' lang='grc' dir='ltr'>οὑτω</span> <span class='ocrx_word' id='word_1_419' title='bbox 1501 4011 1747 4085; x_wconf 81' lang='grc' dir='ltr'>παραυτὰ</span> <span class='ocrx_word' id='word_1_420' title='bbox 1784 4015 1953 4083; x_wconf 71' lang='grc' dir='ltr'>ποιή-</span> 
     </span>
    </p>
   </div>
   <div class='ocr_carea' id='block_1_58' title="bbox 283 4090 1950 4176">
    <p class='ocr_par' dir='ltr' id='par_1_58' title="bbox 283 4090 1950 4176">
     <span class='ocr_line' id='line_1_58' title="bbox 283 4090 1950 4176; baseline 0.002 -24"><span class='ocrx_word' id='word_1_421' title='bbox 283 4118 409 4163; x_wconf 83' lang='grc' dir='ltr'>σας,</span> <span class='ocrx_word' id='word_1_422' title='bbox 471 4090 617 4171; x_wconf 81' lang='grc' dir='ltr'>ἔργῳ</span> <span class='ocrx_word' id='word_1_423' title='bbox 680 4096 1013 4172; x_wconf 75' lang='grc' dir='ltr'>παρέστησεν</span> <span class='ocrx_word' id='word_1_424' title='bbox 1064 4098 1157 4154; x_wconf 57' lang='grc' dir='ltr'>’ἔτι</span> <span class='ocrx_word' id='word_1_425' title='bbox 1216 4095 1435 4156; x_wconf 82' lang='grc' dir='ltr'>δύναταί</span> <span class='ocrx_word' id='word_1_426' title='bbox 1471 4121 1524 4156; x_wconf 88' lang='grc' dir='ltr'><strong>τι</strong></span> <span class='ocrx_word' id='word_1_427' title='bbox 1565 4100 1711 4173; x_wconf 77' lang='grc' dir='ltr'>παρὰ</span> <span class='ocrx_word' id='word_1_428' title='bbox 1748 4100 1950 4176; x_wconf 73' lang='grc' dir='ltr'>γένεσιν</span> 
     </span>
    </p>
   </div>
   <div class='ocr_carea' id='block_1_59' title="bbox 280 4184 1949 4266">
    <p class='ocr_par' dir='ltr' id='par_1_59' title="bbox 280 4184 1949 4266">
     <span class='ocr_line' id='line_1_59' title="bbox 280 4184 1949 4266; baseline 0.003 -26"><span class='ocrx_word' id='word_1_429' title='bbox 280 4184 538 4262; x_wconf 73' lang='grc' dir='ltr'>γενέσθαι</span> <span class='ocrx_word' id='word_1_430' title='bbox 598 4209 625 4236; x_wconf 81' lang='grc'><strong>››</strong></span> <span class='ocrx_word' id='word_1_431' title='bbox 658 4186 1083 4262; x_wconf 81' lang='grc' dir='ltr'>Ἦσυχασάντων</span> <span class='ocrx_word' id='word_1_432' title='bbox 1107 4184 1165 4244; x_wconf 72' lang='grc' dir='ltr'><strong>δὶ</strong></span> <span class='ocrx_word' id='word_1_433' title='bbox 1187 4188 1399 4244; x_wconf 80' lang='grc' dir='ltr'>πάντων</span> <span class='ocrx_word' id='word_1_434' title='bbox 1432 4190 1598 4266; x_wconf 73' lang='grc' dir='ltr'>φησὶν</span> <span class='ocrx_word' id='word_1_435' title='bbox 1621 4193 1650 4245; x_wconf 85' lang='grc' dir='ltr'>ὁ</span> <span class='ocrx_word' id='word_1_436' title='bbox 1679 4184 1949 4266; x_wconf 81' lang='grc' dir='ltr'>Ἀϐραάμ·</span> 
     </span>
    </p>
   </div>
   <div class='ocr_carea' id='block_1_60' title="bbox 280 4273 1952 4352">
    <p class='ocr_par' dir='ltr' id='par_1_60' title="bbox 280 4273 1952 4352">
     <span class='ocr_line' id='line_1_60' title="bbox 280 4273 1952 4352; baseline 0.004 -23"><span class='ocrx_word' id='word_1_437' title='bbox 280 4300 313 4329; x_wconf 77' lang='grc' dir='ltr'><strong>ει</strong></span> <span class='ocrx_word' id='word_1_438' title='bbox 348 4275 430 4333; x_wconf 73' lang='grc' dir='ltr'><strong>Οὐ</strong></span> <span class='ocrx_word' id='word_1_439' title='bbox 490 4275 657 4347; x_wconf 84' lang='grc' dir='ltr'>μόνον</span> <span class='ocrx_word' id='word_1_440' title='bbox 717 4276 769 4331; x_wconf 75' lang='grc' dir='ltr'>οἱ</span> <span class='ocrx_word' id='word_1_441' title='bbox 832 4273 1109 4351; x_wconf 80' lang='grc' dir='ltr'>ἄνθρωποι</span> <span class='ocrx_word' id='word_1_442' title='bbox 1170 4277 1317 4334; x_wconf 76' lang='grc' dir='ltr'>ἀλλὰ</span> <span class='ocrx_word' id='word_1_443' title='bbox 1369 4279 1461 4335; x_wconf 82' lang='grc' dir='ltr'><strong>καὶ</strong></span> <span class='ocrx_word' id='word_1_444' title='bbox 1511 4282 1578 4334; x_wconf 76' lang='grc' dir='ltr'><strong>τὰ</strong></span> <span class='ocrx_word' id='word_1_445' title='bbox 1634 4280 1808 4352; x_wconf 77' lang='grc' dir='ltr'>ἄλογα</span> <span class='ocrx_word' id='word_1_446' title='bbox 1841 4286 1952 4351; x_wconf 82' lang='grc' dir='ltr'><strong>ζῶα</strong></span> 
     </span>
    </p>
   </div>
   <div class='ocr_carea' id='block_1_61' title="bbox 281 4363 1953 4446">
    <p class='ocr_par' dir='ltr' id='par_1_61' title="bbox 281 4363 1953 4446">
     <span class='ocr_line' id='line_1_61' title="bbox 281 4363 1953 4446; baseline 0.003 -26"><span class='ocrx_word' id='word_1_447' title='bbox 281 4366 605 4420; x_wconf 75' lang='grc' dir='ltr'>ὑπόκεινται</span> <span class='ocrx_word' id='word_1_448' title='bbox 634 4364 855 4440; x_wconf 65' lang='grc' dir='ltr'>γενέσει.</span> <span class='ocrx_word' id='word_1_449' title='bbox 889 4363 1063 4423; x_wconf 84' lang='grc' dir='ltr'><strong>Ἀλλᾶ</strong></span> <span class='ocrx_word' id='word_1_450' title='bbox 1091 4367 1181 4423; x_wconf 79' lang='grc' dir='ltr'><strong>καὶ</strong></span> <span class='ocrx_word' id='word_1_451' title='bbox 1225 4369 1279 4424; x_wconf 77' lang='grc' dir='ltr'>οἱ</span> <span class='ocrx_word' id='word_1_452' title='bbox 1330 4369 1607 4444; x_wconf 77' lang='grc' dir='ltr'>ἅνθρωποι</span> <span class='ocrx_word' id='word_1_453' title='bbox 1640 4369 1733 4443; x_wconf 72' lang='grc' dir='ltr'>μὶν</span> <span class='ocrx_word' id='word_1_454' title='bbox 1762 4368 1953 4446; x_wconf 77' lang='grc' dir='ltr'>ἔχουσι</span> 
     </span>
    </p>
   </div>
   <div class='ocr_carea' id='block_1_62' title="bbox 274 4452 1950 4536">
    <p class='ocr_par' dir='ltr' id='par_1_62' title="bbox 274 4452 1950 4536">
     <span class='ocr_line' id='line_1_62' title="bbox 274 4452 1950 4536; baseline 0.002 -27"><span class='ocrx_word' id='word_1_455' title='bbox 274 4454 351 4510; x_wconf 76' lang='grc' dir='ltr'>τὸ</span> <span class='ocrx_word' id='word_1_456' title='bbox 404 4452 716 4531; x_wconf 71' lang='grc' dir='ltr'>ἐλευθέριον</span> <span class='ocrx_word' id='word_1_457' title='bbox 779 4453 830 4511; x_wconf 75' lang='grc' dir='ltr'><strong>ἐν</strong></span> <span class='ocrx_word' id='word_1_458' title='bbox 894 4456 1130 4527; x_wconf 70' lang='grc' dir='ltr'>ἑαυτοῖς,</span> <span class='ocrx_word' id='word_1_459' title='bbox 1192 4459 1268 4532; x_wconf 71' lang='grc' dir='ltr'>μὴ</span> <span class='ocrx_word' id='word_1_460' title='bbox 1330 4458 1681 4534; x_wconf 88' lang='grc' dir='ltr'>ὑποκείμενοι</span> <span class='ocrx_word' id='word_1_461' title='bbox 1724 4459 1950 4536; x_wconf 85' lang='grc' dir='ltr'>γενέσει,</span> 
     </span>
    </p>
   </div>
   <div class='ocr_carea' id='block_1_63' title="bbox 275 4543 1953 4625">
    <p class='ocr_par' dir='ltr' id='par_1_63' title="bbox 275 4543 1953 4625">
     <span class='ocr_line' id='line_1_63' title="bbox 275 4543 1953 4625; baseline 0.002 -26"><span class='ocrx_word' id='word_1_462' title='bbox 275 4545 480 4599; x_wconf 77' lang='grc' dir='ltr'>καθότι</span> <span class='ocrx_word' id='word_1_463' title='bbox 528 4550 631 4614; x_wconf 78' lang='grc' dir='ltr'><strong>τῆς</strong></span> <span class='ocrx_word' id='word_1_464' title='bbox 683 4545 941 4619; x_wconf 78' lang='grc' dir='ltr'>γενέσεως</span> <span class='ocrx_word' id='word_1_465' title='bbox 997 4546 1174 4603; x_wconf 76' lang='grc' dir='ltr'>ἐκεῖνο</span> <span class='ocrx_word' id='word_1_466' title='bbox 1230 4543 1614 4623; x_wconf 81' lang='grc' dir='ltr'>πρεσϐύτερον,</span> <span class='ocrx_word' id='word_1_467' title='bbox 1645 4549 1782 4625; x_wconf 71' lang='grc' dir='ltr'>ὅπερ</span> <span class='ocrx_word' id='word_1_468' title='bbox 1808 4548 1953 4605; x_wconf 78' lang='grc' dir='ltr'>ἐστὶν</span> 
     </span>
    </p>
   </div>
   <div class='ocr_carea' id='block_1_64' title="bbox 274 4630 1949 4717">
    <p class='ocr_par' dir='ltr' id='par_1_64' title="bbox 274 4630 1949 4717">
     <span class='ocr_line' id='line_1_64' title="bbox 274 4630 1949 4717; baseline 0.003 -26"><span class='ocrx_word' id='word_1_469' title='bbox 274 4630 465 4691; x_wconf 74' lang='grc' dir='ltr'>ἔννοια</span> <span class='ocrx_word' id='word_1_470' title='bbox 503 4635 592 4690; x_wconf 71' lang='grc' dir='ltr'><strong>καὶ</strong></span> <span class='ocrx_word' id='word_1_471' title='bbox 654 4635 1091 4711; x_wconf 76' lang='grc' dir='ltr'>αὑτεξουσιότης,</span> <span class='ocrx_word' id='word_1_472' title='bbox 1150 4639 1212 4695; x_wconf 84' lang='grc' dir='ltr'><strong>ἐκ</strong></span> <span class='ocrx_word' id='word_1_473' title='bbox 1266 4643 1400 4696; x_wconf 76' lang='grc' dir='ltr'>Θεοῦ</span> <span class='ocrx_word' id='word_1_474' title='bbox 1459 4637 1677 4711; x_wconf 77' lang='grc' dir='ltr'>δηλαδή</span> <span class='ocrx_word' id='word_1_475' title='bbox 1710 4638 1949 4717; x_wconf 79' lang='grc' dir='ltr'>δεδωρη-</span> 
     </span>
    </p>
   </div>
   <div class='ocr_carea' id='block_1_65' title="bbox 279 4724 1944 4806">
    <p class='ocr_par' dir='ltr' id='par_1_65' title="bbox 279 4724 1944 4806">
     <span class='ocr_line' id='line_1_65' title="bbox 279 4724 1944 4806; baseline 0.002 -24"><span class='ocrx_word' id='word_1_476' title='bbox 279 4724 447 4801; x_wconf 74' lang='grc' dir='ltr'>μὲνη.</span> <span class='ocrx_word' id='word_1_477' title='bbox 479 4725 637 4783; x_wconf 85' lang='grc' dir='ltr'>Ὅθεν</span> <span class='ocrx_word' id='word_1_478' title='bbox 691 4730 798 4781; x_wconf 85' lang='grc' dir='ltr'><strong>τῶν</strong></span> <span class='ocrx_word' id='word_1_479' title='bbox 857 4726 1075 4805; x_wconf 79' lang='grc' dir='ltr'>ἀλόγων</span> <span class='ocrx_word' id='word_1_480' title='bbox 1135 4727 1413 4796; x_wconf 79' lang='grc' dir='ltr'>κρείττους</span> <span class='ocrx_word' id='word_1_481' title='bbox 1470 4725 1620 4793; x_wconf 77' lang='grc' dir='ltr'>ὄντες</span> <span class='ocrx_word' id='word_1_482' title='bbox 1653 4733 1818 4806; x_wconf 81' lang='grc' dir='ltr'>ἡμεῖς</span> <span class='ocrx_word' id='word_1_483' title='bbox 1850 4731 1944 4804; x_wconf 70' lang='grc' dir='ltr'>μὶν</span> 
     </span>
    </p>
   </div>
   <div class='ocr_carea' id='block_1_66' title="bbox 273 4813 1949 4901">
    <p class='ocr_par' dir='ltr' id='par_1_66' title="bbox 273 4813 1949 4901">
     <span class='ocr_line' id='line_1_66' title="bbox 273 4813 1949 4901; baseline 0.004 -30"><span class='ocrx_word' id='word_1_484' title='bbox 273 4816 405 4871; x_wconf 78' lang='grc' dir='ltr'>κατ’</span> <span class='ocrx_word' id='word_1_485' title='bbox 454 4813 699 4885; x_wconf 79' lang='grc' dir='ltr'>ἐξουσίαν</span> <span class='ocrx_word' id='word_1_486' title='bbox 759 4815 997 4892; x_wconf 80' lang='grc' dir='ltr'>ἀναιρεῖν</span> <span class='ocrx_word' id='word_1_487' title='bbox 1057 4818 1193 4875; x_wconf 83' lang='grc' dir='ltr'>αὑτᾶ</span> <span class='ocrx_word' id='word_1_488' title='bbox 1250 4819 1584 4901; x_wconf 71' lang='grc' dir='ltr'>πεφύκαμεν,</span> <span class='ocrx_word' id='word_1_489' title='bbox 1644 4825 1831 4895; x_wconf 83' lang='grc' dir='ltr'>Ἣμῶν</span> <span class='ocrx_word' id='word_1_490' title='bbox 1892 4818 1949 4877; x_wconf 67' lang='grc' dir='ltr'><strong>δὲ</strong></span> 
     </span>
    </p>
   </div>
   <div class='ocr_carea' id='block_1_67' title="bbox 275 4904 1992 4993">
    <p class='ocr_par' dir='ltr' id='par_1_67' title="bbox 275 4904 1992 4993">
     <span class='ocr_line' id='line_1_67' title="bbox 275 4904 1992 4993; baseline 0.005 -33"><span class='ocrx_word' id='word_1_491' title='bbox 275 4905 364 4967; x_wconf 76' lang='grc' dir='ltr'>ὥς</span> <span class='ocrx_word' id='word_1_492' title='bbox 394 4904 724 4980; x_wconf 78' lang='grc' dir='ltr'>κρειττόνων</span> <span class='ocrx_word' id='word_1_493' title='bbox 781 4910 889 4961; x_wconf 87' lang='grc' dir='ltr'><strong>τῶν</strong></span> <span class='ocrx_word' id='word_1_494' title='bbox 942 4906 1164 4983; x_wconf 87' lang='grc' dir='ltr'>ἀλόγων</span> <span class='ocrx_word' id='word_1_495' title='bbox 1221 4909 1284 4965; x_wconf 75' lang='grc' dir='ltr'><strong>σὺ</strong></span> <span class='ocrx_word' id='word_1_496' title='bbox 1340 4908 1505 4966; x_wconf 72' lang='grc' dir='ltr'>πάλιν</span> <span class='ocrx_word' id='word_1_497' title='bbox 1563 4911 1638 4974; x_wconf 85' lang='grc' dir='ltr'>ὡς</span> <span class='ocrx_word' id='word_1_498' title='bbox 1692 4911 1992 4993; x_wconf 39' lang='grc' dir='ltr'>βασιλεὺς¹</span> 
     </span>
    </p>
   </div>
   <div class='ocr_carea' id='block_1_68' title="bbox 272 4996 1945 5081">
    <p class='ocr_par' dir='ltr' id='par_1_68' title="bbox 272 4996 1945 5081">
     <span class='ocr_line' id='line_1_68' title="bbox 272 4996 1945 5081; baseline 0.006 -33"><span class='ocrx_word' id='word_1_499' title='bbox 272 4996 554 5070; x_wconf 78' lang='grc' dir='ltr'>κρείττων</span> <span class='ocrx_word' id='word_1_500' title='bbox 599 4997 761 5069; x_wconf 76' lang='grc' dir='ltr'>ἡμῶν</span> <span class='ocrx_word' id='word_1_501' title='bbox 819 4998 1107 5075; x_wconf 79' lang='grc' dir='ltr'>ὑπάρχεις,</span> <span class='ocrx_word' id='word_1_502' title='bbox 1166 5002 1283 5054; x_wconf 84' lang='grc' dir='ltr'>κατ’</span> <span class='ocrx_word' id='word_1_503' title='bbox 1335 5000 1577 5071; x_wconf 83' lang='grc' dir='ltr'>ἐξουσίαν</span> <span class='ocrx_word' id='word_1_504' title='bbox 1639 5001 1945 5081; x_wconf 69' lang='grc' dir='ltr'>ὑπερέχων.</span> 
     </span>
    </p>
   </div>
   <div class='ocr_carea' id='block_1_69' title="bbox 270 5085 1948 5167">
    <p class='ocr_par' dir='ltr' id='par_1_69' title="bbox 270 5085 1948 5167">
     <span class='ocr_line' id='line_1_69' title="bbox 270 5085 1948 5167; baseline 0.002 -26"><span class='ocrx_word' id='word_1_505' title='bbox 270 5088 368 5161; x_wconf 82' lang='grc' dir='ltr'><strong>[Ρ.</strong></span> <span class='ocrx_word' id='word_1_506' title='bbox 403 5086 497 5160; x_wconf 78' lang='grc'><strong>31]</strong></span> <span class='ocrx_word' id='word_1_507' title='bbox 525 5085 617 5147; x_wconf 80' lang='grc' dir='ltr'>Ὠς</span> <span class='ocrx_word' id='word_1_508' title='bbox 650 5085 742 5140; x_wconf 81' lang='grc' dir='ltr'><strong>οὗν</strong></span> <span class='ocrx_word' id='word_1_509' title='bbox 795 5088 961 5159; x_wconf 79' lang='grc' dir='ltr'>ἡμεῖς</span> <span class='ocrx_word' id='word_1_510' title='bbox 1016 5091 1154 5145; x_wconf 81' lang='grc' dir='ltr'>κατᾶ</span> <span class='ocrx_word' id='word_1_511' title='bbox 1215 5091 1277 5146; x_wconf 85' lang='grc' dir='ltr'>τὸ</span> <span class='ocrx_word' id='word_1_512' title='bbox 1336 5089 1559 5167; x_wconf 85' lang='grc' dir='ltr'>λογικὸν</span> <span class='ocrx_word' id='word_1_513' title='bbox 1590 5095 1698 5147; x_wconf 89' lang='grc' dir='ltr'><strong>τῶν</strong></span> <span class='ocrx_word' id='word_1_514' title='bbox 1730 5091 1948 5167; x_wconf 87' lang='grc' dir='ltr'>ἀλόγων</span> 
     </span>
    </p>
   </div>
   <div class='ocr_carea' id='block_1_70' title="bbox 272 5176 1951 5259">
    <p class='ocr_par' dir='ltr' id='par_1_70' title="bbox 272 5176 1951 5259">
     <span class='ocr_line' id='line_1_70' title="bbox 272 5176 1951 5259; baseline 0.002 -27"><span class='ocrx_word' id='word_1_515' title='bbox 272 5179 470 5259; x_wconf 68' lang='grc' dir='ltr'>ζώων,</span> <span class='ocrx_word' id='word_1_516' title='bbox 506 5178 650 5233; x_wconf 70' lang='grc' dir='ltr'>οὕτω</span> <span class='ocrx_word' id='word_1_517' title='bbox 682 5179 766 5246; x_wconf 71' lang='grc' dir='ltr'>σὺ,</span> <span class='ocrx_word' id='word_1_518' title='bbox 800 5176 844 5233; x_wconf 85' lang='grc' dir='ltr'><strong><em>ὦ</em></strong></span> <span class='ocrx_word' id='word_1_519' title='bbox 879 5179 1128 5256; x_wconf 73' lang='grc' dir='ltr'>βασιλεῦ,</span> <span class='ocrx_word' id='word_1_520' title='bbox 1153 5183 1289 5237; x_wconf 71' lang='grc' dir='ltr'>κατὰ</span> <span class='ocrx_word' id='word_1_521' title='bbox 1310 5184 1533 5255; x_wconf 64' lang='grc' dir='ltr'>τὸνζτῆς</span> <span class='ocrx_word' id='word_1_522' title='bbox 1569 5182 1749 5259; x_wconf 82' lang='grc' dir='ltr'>ἀρχῆς</span> <span class='ocrx_word' id='word_1_523' title='bbox 1783 5182 1951 5259; x_wconf 84' lang='grc' dir='ltr'>λόγον</span> 
     </span>
    </p>
   </div>
   <div class='ocr_carea' id='block_1_71' title="bbox 261 5252 1952 5347">
    <p class='ocr_par' dir='ltr' id='par_1_71' title="bbox 261 5252 1952 5347">
     <span class='ocr_line' id='line_1_71' title="bbox 261 5252 1952 5347; baseline 0.001 -22"><span class='ocrx_word' id='word_1_524' title='bbox 261 5252 618 5341; x_wconf 60' lang='grc' dir='ltr'>δεοπιάζεις</span> <span class='ocrx_word' id='word_1_525' title='bbox 648 5271 828 5342; x_wconf 74' lang='grc' dir='ltr'>ἡμῶν,</span> <span class='ocrx_word' id='word_1_526' title='bbox 859 5267 1046 5347; x_wconf 78' lang='grc' dir='ltr'>ὥσπερ</span> <span class='ocrx_word' id='word_1_527' title='bbox 1079 5270 1145 5342; x_wconf 76' lang='grc' dir='ltr'><strong>δὴ</strong></span> <span class='ocrx_word' id='word_1_528' title='bbox 1197 5272 1288 5327; x_wconf 75' lang='grc' dir='ltr'><strong>καί</strong></span> <span class='ocrx_word' id='word_1_529' title='bbox 1347 5277 1443 5327; x_wconf 81' lang='grc' dir='ltr'>σοῦ</span> <span class='ocrx_word' id='word_1_530' title='bbox 1495 5271 1664 5327; x_wconf 80' lang='grc' dir='ltr'>πάλιν</span> <span class='ocrx_word' id='word_1_531' title='bbox 1692 5272 1952 5347; x_wconf 76' lang='grc' dir='ltr'>κρείττων</span> 
     </span>
    </p>
   </div>
   <div class='ocr_carea' id='block_1_72' title="bbox 265 5359 1949 5436">
    <p class='ocr_par' dir='ltr' id='par_1_72' title="bbox 265 5359 1949 5436">
     <span class='ocr_line' id='line_1_72' title="bbox 265 5359 1949 5436; baseline 0 -20"><span class='ocrx_word' id='word_1_532' title='bbox 265 5360 584 5436; x_wconf 79' lang='grc' dir='ltr'>ἀνθρώπων</span> <span class='ocrx_word' id='word_1_533' title='bbox 637 5361 733 5434; x_wconf 78' lang='grc' dir='ltr'>μὲν</span> <span class='ocrx_word' id='word_1_534' title='bbox 784 5359 986 5429; x_wconf 78' lang='grc' dir='ltr'>οὐδεὶς,</span> <span class='ocrx_word' id='word_1_535' title='bbox 1047 5361 1179 5418; x_wconf 84' lang='grc' dir='ltr'>Θεὸς</span> <span class='ocrx_word' id='word_1_536' title='bbox 1238 5363 1296 5417; x_wconf 77' lang='grc' dir='ltr'><strong>δὲ</strong></span> <span class='ocrx_word' id='word_1_537' title='bbox 1351 5362 1582 5436; x_wconf 81' lang='grc' dir='ltr'>ἀόρατος</span> <span class='ocrx_word' id='word_1_538' title='bbox 1612 5362 1701 5417; x_wconf 79' lang='grc' dir='ltr'>καὶ</span> <span class='ocrx_word' id='word_1_539' title='bbox 1731 5363 1949 5417; x_wconf 85' lang='grc' dir='ltr'>πάντων</span> 
     </span>
    </p>
   </div>
   <div class='ocr_carea' id='block_1_73' title="bbox 266 5451 1952 5529">
    <p class='ocr_par' dir='ltr' id='par_1_73' title="bbox 266 5451 1952 5529">
     <span class='ocr_line' id='line_1_73' title="bbox 266 5451 1952 5529; baseline -0.001 -22"><span class='ocrx_word' id='word_1_540' title='bbox 266 5451 562 5521; x_wconf 74' lang='grc' dir='ltr'>Δεσπότης</span> <span class='ocrx_word' id='word_1_541' title='bbox 596 5451 685 5504; x_wconf 78' lang='grc' dir='ltr'><strong>καὶ</strong></span> <span class='ocrx_word' id='word_1_542' title='bbox 716 5453 994 5522; x_wconf 71' lang='grc' dir='ltr'>Ποιητής,</span> <span class='ocrx_word' id='word_1_543' title='bbox 1029 5454 1154 5526; x_wconf 82' lang='grc' dir='ltr'>παρ’</span> <span class='ocrx_word' id='word_1_544' title='bbox 1194 5453 1257 5507; x_wconf 81' lang='grc' dir='ltr'><strong>οὗ</strong></span> <span class='ocrx_word' id='word_1_545' title='bbox 1305 5452 1396 5507; x_wconf 82' lang='grc' dir='ltr'><strong>καῖ</strong></span> <span class='ocrx_word' id='word_1_546' title='bbox 1444 5453 1507 5507; x_wconf 88' lang='grc' dir='ltr'>τὸ</span> <span class='ocrx_word' id='word_1_547' title='bbox 1556 5454 1830 5529; x_wconf 72' lang='grc' dir='ltr'>συμφέρον</span> <span class='ocrx_word' id='word_1_548' title='bbox 1863 5452 1952 5506; x_wconf 83' lang='grc' dir='ltr'><strong>αἷ-</strong></span> 
     </span>
    </p>
   </div>
   <div class='ocr_carea' id='block_1_74' title="bbox 267 5537 1953 5615">
    <p class='ocr_par' dir='ltr' id='par_1_74' title="bbox 267 5537 1953 5615">
     <span class='ocr_line' id='line_1_74' title="bbox 267 5537 1953 5615; baseline 0.001 -20"><span class='ocrx_word' id='word_1_549' title='bbox 267 5542 490 5596; x_wconf 77' lang='grc' dir='ltr'>τεῖσθαι</span> <span class='ocrx_word' id='word_1_550' title='bbox 521 5540 613 5595; x_wconf 83' lang='grc' dir='ltr'><strong>καὶ</strong></span> <span class='ocrx_word' id='word_1_551' title='bbox 643 5540 1046 5615; x_wconf 79' lang='grc' dir='ltr'>προσεύχεσθαι</span> <span class='ocrx_word' id='word_1_552' title='bbox 1098 5537 1201 5598; x_wconf 85' lang='grc' dir='ltr'>δεῖ.</span> <span class='ocrx_word' id='word_1_553' title='bbox 1238 5566 1265 5591; x_wconf 66' lang='grc' dir='ltr'><strong>ν</strong></span> <span class='ocrx_word' id='word_1_554' title='bbox 1325 5542 1465 5596; x_wconf 70' lang='grc' dir='ltr'>Φασὶ</span> <span class='ocrx_word' id='word_1_555' title='bbox 1520 5537 1576 5595; x_wconf 76' lang='grc' dir='ltr'><strong>δὲ</strong></span> <span class='ocrx_word' id='word_1_556' title='bbox 1622 5541 1713 5595; x_wconf 87' lang='grc' dir='ltr'><strong>καὶ</strong></span> <span class='ocrx_word' id='word_1_557' title='bbox 1761 5537 1953 5596; x_wconf 82' lang='grc' dir='ltr'>τούσδε</span> 
     </span>
    </p>
   </div>
   <div class='ocr_carea' id='block_1_75' title="bbox 269 5625 1950 5708">
    <p class='ocr_par' dir='ltr' id='par_1_75' title="bbox 269 5625 1950 5708">
     <span class='ocr_line' id='line_1_75' title="bbox 269 5625 1950 5708; baseline -0.001 -20"><span class='ocrx_word' id='word_1_558' title='bbox 269 5634 407 5695; x_wconf 67' lang='grc' dir='ltr'>τοὺς</span> <span class='ocrx_word' id='word_1_559' title='bbox 445 5632 648 5708; x_wconf 81' lang='grc' dir='ltr'>λόγους</span> <span class='ocrx_word' id='word_1_560' title='bbox 678 5633 772 5687; x_wconf 73' lang='grc' dir='ltr'><strong>τὸν</strong></span> <span class='ocrx_word' id='word_1_561' title='bbox 805 5625 1063 5703; x_wconf 82' lang='grc' dir='ltr'>Ἀϐραὰμ</span> <span class='ocrx_word' id='word_1_562' title='bbox 1094 5630 1288 5700; x_wconf 74' lang='grc' dir='ltr'>εἰπεῖν,</span> <span class='ocrx_word' id='word_1_563' title='bbox 1327 5631 1539 5703; x_wconf 77' lang='grc' dir='ltr'>πολλὴν</span> <span class='ocrx_word' id='word_1_564' title='bbox 1581 5634 1719 5687; x_wconf 77' lang='grc' dir='ltr'>εἶναι</span> <span class='ocrx_word' id='word_1_565' title='bbox 1756 5632 1950 5704; x_wconf 74' lang='grc' dir='ltr'>μεταξὺ</span> 
     </span>
    </p>
   </div>
   <div class='ocr_carea' id='block_1_76' title="bbox 274 5719 1949 5801">
    <p class='ocr_par' dir='ltr' id='par_1_76' title="bbox 274 5719 1949 5801">
     <span class='ocr_line' id='line_1_76' title="bbox 274 5719 1949 5801; baseline -0.002 -22"><span class='ocrx_word' id='word_1_566' title='bbox 274 5719 548 5793; x_wconf 76' lang='grc' dir='ltr'>ἀληθείας</span> <span class='ocrx_word' id='word_1_567' title='bbox 608 5725 697 5779; x_wconf 77' lang='grc' dir='ltr'><strong>καὶ</strong></span> <span class='ocrx_word' id='word_1_568' title='bbox 756 5722 1049 5791; x_wconf 84' lang='grc' dir='ltr'>συνηθείας</span> <span class='ocrx_word' id='word_1_569' title='bbox 1107 5725 1207 5792; x_wconf 78' lang='grc' dir='ltr'>τὴν</span> <span class='ocrx_word' id='word_1_570' title='bbox 1269 5719 1549 5801; x_wconf 75' lang='grc' dir='ltr'>διαφοράν.</span> <span class='ocrx_word' id='word_1_571' title='bbox 1612 5724 1706 5779; x_wconf 82' lang='grc' dir='ltr'><strong>Καὶ</strong></span> <span class='ocrx_word' id='word_1_572' title='bbox 1768 5724 1869 5798; x_wconf 70' lang='grc' dir='ltr'>γὰρ</span> <span class='ocrx_word' id='word_1_573' title='bbox 1913 5724 1949 5791; x_wconf 78' lang='grc' dir='ltr'><strong>ἡ</strong></span> 
     </span>
    </p>
   </div>
   <div class='ocr_carea' id='block_1_77' title="bbox 2046 1950 3703 2027">
    <p class='ocr_par' dir='ltr' id='par_1_77' title="bbox 2046 1950 3703 2027">
     <span class='ocr_line' id='line_1_77' title="bbox 2046 1950 3703 2027; baseline 0.002 -22"><span class='ocrx_word' id='word_1_574' title='bbox 2046 1950 2118 2005; x_wconf 91' lang='lat' dir='ltr'><strong>ab</strong></span> <span class='ocrx_word' id='word_1_575' title='bbox 2151 1968 2242 2021; x_wconf 89' lang='lat' dir='ltr'><strong>eo,</strong></span> <span class='ocrx_word' id='word_1_576' title='bbox 2278 1957 2480 2024; x_wconf 84' lang='lat' dir='ltr'><strong>utpote</strong></span> <span class='ocrx_word' id='word_1_577' title='bbox 2512 1953 2828 2024; x_wconf 88' lang='lat' dir='ltr'><strong>multiplici</strong></span> <span class='ocrx_word' id='word_1_578' title='bbox 2863 1954 2963 2010; x_wconf 71' lang='lat'><strong>54</strong></span> <span class='ocrx_word' id='word_1_579' title='bbox 3022 1956 3236 2027; x_wconf 89' lang='lat' dir='ltr'><strong>peritia</strong></span> <span class='ocrx_word' id='word_1_580' title='bbox 3295 1957 3585 2012; x_wconf 90' lang='lat' dir='ltr'><strong>instructo</strong></span> <span class='ocrx_word' id='word_1_581' title='bbox 3634 1971 3703 2010; x_wconf 90' lang='lat' dir='ltr'><strong>ac</strong></span> 
     </span>
    </p>
   </div>
   <div class='ocr_carea' id='block_1_78' title="bbox 2045 2040 3702 2117">
    <p class='ocr_par' dir='ltr' id='par_1_78' title="bbox 2045 2040 3702 2117">
     <span class='ocr_line' id='line_1_78' title="bbox 2045 2040 3702 2117; baseline 0.001 -21"><span class='ocrx_word' id='word_1_582' title='bbox 2045 2040 2657 2109; x_wconf 73' lang='lat' dir='ltr'><strong>Chaldaeo,contendit</strong></span> <span class='ocrx_word' id='word_1_583' title='bbox 2672 2043 2755 2098; x_wconf 86' lang='lat' dir='ltr'><strong>uti</strong></span> <span class='ocrx_word' id='word_1_584' title='bbox 2776 2044 3154 2117; x_wconf 84' lang='lat' dir='ltr'><strong>astrologiam</strong></span> <span class='ocrx_word' id='word_1_585' title='bbox 3179 2061 3247 2100; x_wconf 89' lang='lat' dir='ltr'><strong>ac</strong></span> <span class='ocrx_word' id='word_1_586' title='bbox 3273 2045 3526 2116; x_wconf 87' lang='lat' dir='ltr'><strong>magiam</strong></span> <span class='ocrx_word' id='word_1_587' title='bbox 3540 2049 3702 2115; x_wconf 90' lang='lat' dir='ltr'><strong>pate-</strong></span> 
     </span>
    </p>
   </div>
   <div class='ocr_carea' id='block_1_79' title="bbox 2044 2130 3701 2205">
    <p class='ocr_par' dir='ltr' id='par_1_79' title="bbox 2044 2130 3701 2205">
     <span class='ocr_line' id='line_1_79' title="bbox 2044 2130 3701 2205; baseline 0.001 -20"><span class='ocrx_word' id='word_1_588' title='bbox 2044 2130 2285 2185; x_wconf 83' lang='lat' dir='ltr'><strong>faceret.</strong></span> <span class='ocrx_word' id='word_1_589' title='bbox 2318 2130 2650 2203; x_wconf 88' lang='lat' dir='ltr'><strong>Astrologia</strong></span> <span class='ocrx_word' id='word_1_590' title='bbox 2679 2132 2839 2186; x_wconf 91' lang='lat' dir='ltr'><strong>enim</strong></span> <span class='ocrx_word' id='word_1_591' title='bbox 2874 2138 2932 2187; x_wconf 89' lang='lat' dir='ltr'><strong>et</strong></span> <span class='ocrx_word' id='word_1_592' title='bbox 2962 2133 3155 2205; x_wconf 83' lang='lat' dir='ltr'><strong>magia</strong></span> <span class='ocrx_word' id='word_1_593' title='bbox 3181 2150 3209 2188; x_wconf 88' lang='lat' dir='ltr'><strong>a</strong></span> <span class='ocrx_word' id='word_1_594' title='bbox 3246 2132 3551 2205; x_wconf 71' lang='lat' dir='ltr'><strong>Magusaais</strong></span> <span class='ocrx_word' id='word_1_595' title='bbox 3593 2149 3701 2187; x_wconf 90' lang='lat' dir='ltr'><strong>seu</strong></span> 
     </span>
    </p>
   </div>
   <div class='ocr_carea' id='block_1_80' title="bbox 2045 2216 3699 2295">
    <p class='ocr_par' dir='ltr' id='par_1_80' title="bbox 2045 2216 3699 2295">
     <span class='ocr_line' id='line_1_80' title="bbox 2045 2216 3699 2295; baseline 0.004 -23"><span class='ocrx_word' id='word_1_596' title='bbox 2045 2216 2241 2273; x_wconf 83' lang='lat' dir='ltr'><strong>Persis</strong></span> <span class='ocrx_word' id='word_1_597' title='bbox 2273 2224 2401 2275; x_wconf 89' lang='lat' dir='ltr'><strong>orta</strong></span> <span class='ocrx_word' id='word_1_598' title='bbox 2431 2225 2521 2274; x_wconf 91' lang='lat' dir='ltr'><strong>est</strong></span> <span class='ocrx_word' id='word_1_599' title='bbox 2552 2225 2611 2275; x_wconf 92' lang='lat' dir='ltr'><strong>et</strong></span> <span class='ocrx_word' id='word_1_600' title='bbox 2641 2220 2884 2292; x_wconf 88' lang='lat' dir='ltr'><strong>quidem</strong></span> <span class='ocrx_word' id='word_1_601' title='bbox 2917 2223 3110 2278; x_wconf 64' lang='lat' dir='ltr'><strong>Persae</strong></span> <span class='ocrx_word' id='word_1_602' title='bbox 3141 2222 3217 2277; x_wconf 89' lang='lat' dir='ltr'><strong>ab</strong></span> <span class='ocrx_word' id='word_1_603' title='bbox 3246 2222 3546 2295; x_wconf 76' lang='lat' dir='ltr'><strong>indigenis</strong></span> <span class='ocrx_word' id='word_1_604' title='bbox 3580 2224 3699 2278; x_wconf 83' lang='lat' dir='ltr'><strong>Ma-</strong></span> 
     </span>
    </p>
   </div>
   <div class='ocr_carea' id='block_1_81' title="bbox 2043 2308 3701 2384">
    <p class='ocr_par' dir='ltr' id='par_1_81' title="bbox 2043 2308 3701 2384">
     <span class='ocr_line' id='line_1_81' title="bbox 2043 2308 3701 2384; baseline 0.003 -22"><span class='ocrx_word' id='word_1_605' title='bbox 2043 2324 2153 2381; x_wconf 84' lang='lat' dir='ltr'><strong>gog</strong></span> <span class='ocrx_word' id='word_1_606' title='bbox 2183 2308 2581 2380; x_wconf 87' lang='lat' dir='ltr'><strong>appellantur.</strong></span> <span class='ocrx_word' id='word_1_607' title='bbox 2609 2311 2758 2382; x_wconf 89' lang='lat' dir='ltr'><strong>Ergo</strong></span> <span class='ocrx_word' id='word_1_608' title='bbox 2792 2310 3060 2366; x_wconf 87' lang='lat' dir='ltr'><strong>collectis</strong></span> <span class='ocrx_word' id='word_1_609' title='bbox 3092 2312 3405 2384; x_wconf 82' lang='lat' dir='ltr'><strong>astrologis</strong></span> <span class='ocrx_word' id='word_1_610' title='bbox 3454 2328 3522 2367; x_wconf 86' lang='lat' dir='ltr'><strong>ac</strong></span> <span class='ocrx_word' id='word_1_611' title='bbox 3576 2328 3701 2367; x_wconf 85' lang='lat' dir='ltr'><strong>ma-</strong></span> 
     </span>
    </p>
   </div>
   <div class='ocr_carea' id='block_1_82' title="bbox 2040 2397 3702 2470">
    <p class='ocr_par' dir='ltr' id='par_1_82' title="bbox 2040 2397 3702 2470">
     <span class='ocr_line' id='line_1_82' title="bbox 2040 2397 3702 2470; baseline 0.001 -18"><span class='ocrx_word' id='word_1_612' title='bbox 2040 2397 2130 2469; x_wconf 88' lang='lat' dir='ltr'><strong>gis</strong></span> <span class='ocrx_word' id='word_1_613' title='bbox 2162 2415 2264 2452; x_wconf 79' lang='lat' dir='ltr'><strong>rex</strong></span> <span class='ocrx_word' id='word_1_614' title='bbox 2297 2414 2430 2453; x_wconf 92' lang='lat' dir='ltr'><strong>cum</strong></span> <span class='ocrx_word' id='word_1_615' title='bbox 2463 2397 2796 2455; x_wconf 86' lang='lat' dir='ltr'><strong>Abrahamo</strong></span> <span class='ocrx_word' id='word_1_616' title='bbox 2830 2406 2889 2455; x_wconf 91' lang='lat' dir='ltr'><strong>et</strong></span> <span class='ocrx_word' id='word_1_617' title='bbox 2944 2400 3345 2456; x_wconf 84' lang='lat' dir='ltr'><strong>familiaribus</strong></span> <span class='ocrx_word' id='word_1_618' title='bbox 3404 2401 3702 2470; x_wconf 81' lang='lat' dir='ltr'><strong>consedit,</strong></span> 
     </span>
    </p>
   </div>
   <div class='ocr_carea' id='block_1_83' title="bbox 2042 2485 3701 2562">
    <p class='ocr_par' dir='ltr' id='par_1_83' title="bbox 2042 2485 3701 2562">
     <span class='ocr_line' id='line_1_83' title="bbox 2042 2485 3701 2562; baseline 0.001 -20"><span class='ocrx_word' id='word_1_619' title='bbox 2042 2485 2315 2558; x_wconf 85' lang='lat' dir='ltr'><strong>factoque</strong></span> <span class='ocrx_word' id='word_1_620' title='bbox 2343 2486 2607 2553; x_wconf 81' lang='lat' dir='ltr'><strong>silentio,</strong></span> <span class='ocrx_word' id='word_1_621' title='bbox 2641 2511 2668 2539; x_wconf 73' lang='grc' dir='ltr'><strong>ς(</strong></span> <span class='ocrx_word' id='word_1_622' title='bbox 2700 2490 2783 2543; x_wconf 84' lang='lat' dir='ltr'><strong>Ex</strong></span> <span class='ocrx_word' id='word_1_623' title='bbox 2814 2488 3000 2554; x_wconf 88' lang='lat' dir='ltr'><strong>vobis,</strong></span> <span class='ocrx_word' id='word_1_624' title='bbox 3035 2507 3067 2543; x_wconf 95' lang='lat' dir='ltr'><strong>o</strong></span> <span class='ocrx_word' id='word_1_625' title='bbox 3128 2491 3447 2562; x_wconf 89' lang='lat' dir='ltr'><strong>sapientes,</strong></span> <span class='ocrx_word' id='word_1_626' title='bbox 3502 2490 3701 2560; x_wconf 89' lang='lat' dir='ltr'><strong>inquit</strong></span> 
     </span>
    </p>
   </div>
   <div class='ocr_carea' id='block_1_84' title="bbox 2040 2576 3698 2649">
    <p class='ocr_par' dir='ltr' id='par_1_84' title="bbox 2040 2576 3698 2649">
     <span class='ocr_line' id='line_1_84' title="bbox 2040 2576 3698 2649; baseline 0.002 -19"><span class='ocrx_word' id='word_1_627' title='bbox 2040 2576 2778 2645; x_wconf 56' lang='lat' dir='ltr'><strong>Abrahamusﬁntelligere.</strong></span> <span class='ocrx_word' id='word_1_628' title='bbox 2801 2579 2973 2649; x_wconf 91' lang='lat' dir='ltr'><strong>cupio</strong></span> <span class='ocrx_word' id='word_1_629' title='bbox 2997 2594 3070 2634; x_wconf 89' lang='lat' dir='ltr'><strong>an</strong></span> <span class='ocrx_word' id='word_1_630' title='bbox 3094 2579 3424 2635; x_wconf 86' lang='lat' dir='ltr'><strong>secundum</strong></span> <span class='ocrx_word' id='word_1_631' title='bbox 3441 2585 3698 2634; x_wconf 79' lang='lat' dir='ltr'><strong>vestram</strong></span> 
     </span>
    </p>
   </div>
   <div class='ocr_carea' id='block_1_85' title="bbox 2041 2666 3701 2738">
    <p class='ocr_par' dir='ltr' id='par_1_85' title="bbox 2041 2666 3701 2738">
     <span class='ocr_line' id='line_1_85' title="bbox 2041 2666 3701 2738; baseline 0.001 -17"><span class='ocrx_word' id='word_1_632' title='bbox 2041 2666 2384 2736; x_wconf 89' lang='lat' dir='ltr'><strong>opinionem</strong></span> <span class='ocrx_word' id='word_1_633' title='bbox 2409 2666 2685 2721; x_wconf 89' lang='lat' dir='ltr'><strong>nativitas</strong></span> <span class='ocrx_word' id='word_1_634' title='bbox 2706 2683 2774 2722; x_wconf 89' lang='lat' dir='ltr'><strong>ac</strong></span> <span class='ocrx_word' id='word_1_635' title='bbox 2796 2668 2991 2738; x_wconf 85' lang='lat' dir='ltr'><strong>magia</strong></span> <span class='ocrx_word' id='word_1_636' title='bbox 3010 2668 3294 2738; x_wconf 77' lang='lat' dir='ltr'><strong>prodesse</strong></span> <span class='ocrx_word' id='word_1_637' title='bbox 3338 2668 3565 2723; x_wconf 91' lang='lat' dir='ltr'><strong>homini</strong></span> <span class='ocrx_word' id='word_1_638' title='bbox 3600 2674 3701 2723; x_wconf 88' lang='lat' dir='ltr'><strong>aut</strong></span> 
     </span>
    </p>
   </div>
   <div class='ocr_carea' id='block_1_86' title="bbox 2040 2755 3695 2830">
    <p class='ocr_par' dir='ltr' id='par_1_86' title="bbox 2040 2755 3695 2830">
     <span class='ocr_line' id='line_1_86' title="bbox 2040 2755 3695 2830; baseline -0.001 -18"><span class='ocrx_word' id='word_1_639' title='bbox 2040 2771 2256 2812; x_wconf 89' lang='lat' dir='ltr'><strong>nocere</strong></span> <span class='ocrx_word' id='word_1_640' title='bbox 2289 2756 2495 2826; x_wconf 90' lang='lat' dir='ltr'><strong>possit.</strong></span> <span class='ocrx_word' id='word_1_641' title='bbox 2532 2780 2553 2806; x_wconf 76' lang='grc' dir='ltr'><strong>ι</strong></span> <span class='ocrx_word' id='word_1_642' title='bbox 2592 2755 2680 2810; x_wconf 84' lang='lat' dir='ltr'><strong>Ad</strong></span> <span class='ocrx_word' id='word_1_643' title='bbox 2713 2756 2837 2811; x_wconf 68' lang='lat' dir='ltr'><strong>haec</strong></span> <span class='ocrx_word' id='word_1_644' title='bbox 2869 2758 3202 2830; x_wconf 85' lang='lat' dir='ltr'><strong>astrologus</strong></span> <span class='ocrx_word' id='word_1_645' title='bbox 3232 2757 3695 2830; x_wconf 90' lang='lat' dir='ltr'><strong>responditnul-</strong></span> 
     </span>
    </p>
   </div>
   <div class='ocr_carea' id='block_1_87' title="bbox 2039 2844 3692 2918">
    <p class='ocr_par' dir='ltr' id='par_1_87' title="bbox 2039 2844 3692 2918">
     <span class='ocr_line' id='line_1_87' title="bbox 2039 2844 3692 2918; baseline -0.001 -16"><span class='ocrx_word' id='word_1_646' title='bbox 2039 2846 2098 2902; x_wconf 91' lang='lat' dir='ltr'><strong>lo</strong></span> <span class='ocrx_word' id='word_1_647' title='bbox 2132 2844 2309 2900; x_wconf 88' lang='lat' dir='ltr'><strong>modo</strong></span> <span class='ocrx_word' id='word_1_648' title='bbox 2341 2845 2466 2900; x_wconf 86' lang='lat' dir='ltr'><strong>fieri</strong></span> <span class='ocrx_word' id='word_1_649' title='bbox 2500 2862 2672 2917; x_wconf 90' lang='lat' dir='ltr'><strong>posse</strong></span> <span class='ocrx_word' id='word_1_650' title='bbox 2705 2851 2770 2900; x_wconf 91' lang='lat' dir='ltr'><strong>ut</strong></span> <span class='ocrx_word' id='word_1_651' title='bbox 2798 2846 2977 2901; x_wconf 89' lang='lat' dir='ltr'><strong>homo</strong></span> <span class='ocrx_word' id='word_1_652' title='bbox 3010 2864 3179 2901; x_wconf 87' lang='lat' dir='ltr'><strong>secus</strong></span> <span class='ocrx_word' id='word_1_653' title='bbox 3204 2848 3492 2902; x_wconf 90' lang='lat' dir='ltr'><strong>moriatur</strong></span> <span class='ocrx_word' id='word_1_654' title='bbox 3513 2862 3692 2918; x_wconf 90' lang='lat' dir='ltr'><strong>quam</strong></span> 
     </span>
    </p>
   </div>
   <div class='ocr_carea' id='block_1_88' title="bbox 2040 2938 3690 3013">
    <p class='ocr_par' dir='ltr' id='par_1_88' title="bbox 2040 2938 3690 3013">
     <span class='ocr_line' id='line_1_88' title="bbox 2040 2938 3690 3013; baseline 0.001 -20"><span class='ocrx_word' id='word_1_655' title='bbox 2040 2938 2258 2993; x_wconf 87' lang='lat' dir='ltr'><strong>natalis</strong></span> <span class='ocrx_word' id='word_1_656' title='bbox 2274 2939 2829 3010; x_wconf 88' lang='lat' dir='ltr'><strong>horaeiportendat.</strong></span> <span class='ocrx_word' id='word_1_657' title='bbox 2862 2938 2944 2995; x_wconf 93' lang='lat' dir='ltr'><strong>Ibi</strong></span> <span class='ocrx_word' id='word_1_658' title='bbox 2973 2957 3106 2994; x_wconf 88' lang='lat' dir='ltr'><strong>cum</strong></span> <span class='ocrx_word' id='word_1_659' title='bbox 3148 2940 3478 3013; x_wconf 82' lang='lat' dir='ltr'><strong>astrologos</strong></span> <span class='ocrx_word' id='word_1_660' title='bbox 3501 2939 3690 2996; x_wconf 81' lang='lat' dir='ltr'><strong>Abra-</strong></span> 
     </span>
    </p>
   </div>
   <div class='ocr_carea' id='block_1_89' title="bbox 2040 3028 3690 3101">
    <p class='ocr_par' dir='ltr' id='par_1_89' title="bbox 2040 3028 3690 3101">
     <span class='ocr_line' id='line_1_89' title="bbox 2040 3028 3690 3101; baseline 0 -17"><span class='ocrx_word' id='word_1_661' title='bbox 2040 3029 2252 3084; x_wconf 89' lang='lat' dir='ltr'><strong>hamus</strong></span> <span class='ocrx_word' id='word_1_662' title='bbox 2274 3028 2463 3083; x_wconf 86' lang='lat' dir='ltr'><strong>valide</strong></span> <span class='ocrx_word' id='word_1_663' title='bbox 2486 3028 2866 3083; x_wconf 85' lang='lat' dir='ltr'><strong>convinceret</strong></span> <span class='ocrx_word' id='word_1_664' title='bbox 2885 3028 3125 3098; x_wconf 80' lang='lat' dir='ltr'><strong>erroris,</strong></span> <span class='ocrx_word' id='word_1_665' title='bbox 3159 3030 3453 3101; x_wconf 87' lang='lat' dir='ltr'><strong>captivum</strong></span> <span class='ocrx_word' id='word_1_666' title='bbox 3477 3046 3690 3101; x_wconf 89' lang='lat' dir='ltr'><strong>quem—</strong></span> 
     </span>
    </p>
   </div>
   <div class='ocr_carea' id='block_1_90' title="bbox 2039 3118 3696 3192">
    <p class='ocr_par' dir='ltr' id='par_1_90' title="bbox 2039 3118 3696 3192">
     <span class='ocr_line' id='line_1_90' title="bbox 2039 3118 3696 3192; baseline 0.001 -18"><span class='ocrx_word' id='word_1_667' title='bbox 2039 3119 2174 3174; x_wconf 92' lang='lat' dir='ltr'><strong>dam</strong></span> <span class='ocrx_word' id='word_1_668' title='bbox 2191 3119 2402 3174; x_wconf 88' lang='lat' dir='ltr'><strong>adduci</strong></span> <span class='ocrx_word' id='word_1_669' title='bbox 2419 3118 2824 3189; x_wconf 84' lang='lat' dir='ltr'><strong>rexjussit,ita</strong></span> <span class='ocrx_word' id='word_1_670' title='bbox 2841 3125 3122 3174; x_wconf 90' lang='lat' dir='ltr'><strong>monente</strong></span> <span class='ocrx_word' id='word_1_671' title='bbox 3136 3120 3493 3189; x_wconf 79' lang='lat' dir='ltr'><strong>Abrahamo,</strong></span> <span class='ocrx_word' id='word_1_672' title='bbox 3519 3137 3696 3192; x_wconf 86' lang='lat' dir='ltr'><strong>quem</strong></span> 
     </span>
    </p>
   </div>
   <div class='ocr_carea' id='block_1_91' title="bbox 1982 3209 3706 3322">
    <p class='ocr_par' dir='ltr' id='par_1_91' title="bbox 1982 3209 3706 3322">
     <span class='ocr_line' id='line_1_91' title="bbox 1982 3209 3706 3322; baseline 0 -57"><span class='ocrx_word' id='word_1_673' title='bbox 1982 3255 2026 3322; x_wconf 59' lang='grc' dir='ltr'><strong>Β</strong></span> <span class='ocrx_word' id='word_1_674' title='bbox 2046 3210 2270 3282; x_wconf 89' lang='lat' dir='ltr'><strong>judicis</strong></span> <span class='ocrx_word' id='word_1_675' title='bbox 2293 3209 2727 3280; x_wconf 86' lang='lat' dir='ltr'><strong>sententiajam</strong></span> <span class='ocrx_word' id='word_1_676' title='bbox 2743 3216 2879 3265; x_wconf 87' lang='lat' dir='ltr'><strong>ante</strong></span> <span class='ocrx_word' id='word_1_677' title='bbox 2902 3210 3024 3283; x_wconf 87' lang='lat' dir='ltr'><strong>igni</strong></span> <span class='ocrx_word' id='word_1_678' title='bbox 3047 3209 3519 3265; x_wconf 88' lang='lat' dir='ltr'><strong>comburendum</strong></span> <span class='ocrx_word' id='word_1_679' title='bbox 3543 3210 3706 3291; x_wconf 45' lang='lat' dir='ltr'><strong>deim-</strong></span> 
     </span>
     <span class='ocr_line' id='line_1_92' title="bbox 2063 3299 3676 3322; baseline 0 0"><span class='ocrx_word' id='word_1_680' title='bbox 2063 3308 2332 3322; x_wconf 61' lang='lat' dir='ltr'><strong>__-_.___-L_</strong></span> <span class='ocrx_word' id='word_1_681' title='bbox 2360 3299 2773 3322; x_wconf 47' lang='lat' dir='ltr'><strong>“-_J__.ia___-</strong></span> <span class='ocrx_word' id='word_1_682' title='bbox 2802 3307 2861 3322; x_wconf 82' lang='grc' dir='ltr'><strong>--ι</strong></span> <span class='ocrx_word' id='word_1_683' title='bbox 2887 3299 3111 3322; x_wconf 63' lang='grc' dir='ltr'><strong>..-ι-1--</strong></span> <span class='ocrx_word' id='word_1_684' title='bbox 3143 3302 3263 3322; x_wconf 58' lang='grc' dir='ltr'><strong>ΑΞ---</strong></span> <span class='ocrx_word' id='word_1_685' title='bbox 3292 3306 3555 3322; x_wconf 54' lang='grc' dir='ltr'><strong>---μμ-ι-</strong></span> <span class='ocrx_word' id='word_1_686' title='bbox 3586 3317 3676 3322; x_wconf 61' lang='lat'><strong>-__</strong></span> 
     </span>
    </p>
   </div>
   <div class='ocr_carea' id='block_1_92' title="bbox 2062 3299 3709 3372">
    <p class='ocr_par' dir='ltr' id='par_1_92' title="bbox 2062 3299 3709 3372">
     <span class='ocr_line' id='line_1_93' title="bbox 2062 3299 3709 3372; baseline 0 -16"><span class='ocrx_word' id='word_1_687' title='bbox 2062 3308 2334 3366; x_wconf 89' lang='lat' dir='ltr'><strong>naverat;</strong></span> <span class='ocrx_word' id='word_1_688' title='bbox 2360 3299 2776 3371; x_wconf 87' lang='lat' dir='ltr'><strong>mandavitque</strong></span> <span class='ocrx_word' id='word_1_689' title='bbox 2802 3307 2863 3355; x_wconf 92' lang='lat' dir='ltr'><strong>ut</strong></span> <span class='ocrx_word' id='word_1_690' title='bbox 2886 3299 3116 3355; x_wconf 85' lang='lat' dir='ltr'><strong>natales</strong></span> <span class='ocrx_word' id='word_1_691' title='bbox 3137 3302 3267 3372; x_wconf 83' lang='lat' dir='ltr'><strong>ejus</strong></span> <span class='ocrx_word' id='word_1_692' title='bbox 3288 3306 3561 3356; x_wconf 87' lang='lat' dir='ltr'><strong>accurate</strong></span> <span class='ocrx_word' id='word_1_693' title='bbox 3580 3317 3709 3356; x_wconf 83' lang='lat' dir='ltr'><strong>exa-</strong></span> 
     </span>
    </p>
   </div>
   <div class='ocr_carea' id='block_1_93' title="bbox 2060 3390 3713 3462">
    <p class='ocr_par' dir='ltr' id='par_1_93' title="bbox 2060 3390 3713 3462">
     <span class='ocr_line' id='line_1_94' title="bbox 2060 3390 3713 3462; baseline -0.001 -16"><span class='ocrx_word' id='word_1_694' title='bbox 2060 3391 2381 3453; x_wconf 89' lang='lat' dir='ltr'><strong>minarent,</strong></span> <span class='ocrx_word' id='word_1_695' title='bbox 2415 3407 2483 3446; x_wconf 91' lang='lat' dir='ltr'><strong>ac</strong></span> <span class='ocrx_word' id='word_1_696' title='bbox 2514 3406 2629 3460; x_wconf 91' lang='lat' dir='ltr'><strong>quo</strong></span> <span class='ocrx_word' id='word_1_697' title='bbox 2658 3390 2866 3445; x_wconf 88' lang='lat' dir='ltr'><strong>mortis</strong></span> <span class='ocrx_word' id='word_1_698' title='bbox 2922 3405 3136 3462; x_wconf 87' lang='lat' dir='ltr'><strong>genere</strong></span> <span class='ocrx_word' id='word_1_699' title='bbox 3196 3391 3496 3461; x_wconf 88' lang='lat' dir='ltr'><strong>periturus</strong></span> <span class='ocrx_word' id='word_1_700' title='bbox 3555 3398 3713 3446; x_wconf 89' lang='lat' dir='ltr'><strong>esset</strong></span> 
     </span>
    </p>
   </div>
   <div class='ocr_carea' id='block_1_94' title="bbox 2060 3479 3711 3553">
    <p class='ocr_par' dir='ltr' id='par_1_94' title="bbox 2060 3479 3711 3553">
     <span class='ocr_line' id='line_1_95' title="bbox 2060 3479 3711 3553; baseline 0 -18"><span class='ocrx_word' id='word_1_701' title='bbox 2060 3481 2539 3553; x_wconf 85' lang='lat' dir='ltr'><strong>pronuntiarent.</strong></span> <span class='ocrx_word' id='word_1_702' title='bbox 2575 3479 3097 3551; x_wconf 83' lang='lat' dir='ltr'><strong>Respondentibus</strong></span> <span class='ocrx_word' id='word_1_703' title='bbox 3148 3480 3221 3535; x_wconf 89' lang='lat' dir='ltr'><strong>iis</strong></span> <span class='ocrx_word' id='word_1_704' title='bbox 3269 3485 3404 3553; x_wconf 89' lang='lat' dir='ltr'><strong>post</strong></span> <span class='ocrx_word' id='word_1_705' title='bbox 3457 3480 3711 3537; x_wconf 88' lang='lat' dir='ltr'><strong>multam</strong></span> 
     </span>
    </p>
   </div>
   <div class='ocr_carea' id='block_1_95' title="bbox 2061 3569 3715 3641">
    <p class='ocr_par' dir='ltr' id='par_1_95' title="bbox 2061 3569 3715 3641">
     <span class='ocr_line' id='line_1_96' title="bbox 2061 3569 3715 3641; baseline -0.001 -16"><span class='ocrx_word' id='word_1_706' title='bbox 2061 3571 2607 3625; x_wconf 86' lang='lat' dir='ltr'><strong>considerationem</strong></span> <span class='ocrx_word' id='word_1_707' title='bbox 2641 3569 2887 3624; x_wconf 91' lang='lat' dir='ltr'><strong>omnino</strong></span> <span class='ocrx_word' id='word_1_708' title='bbox 2917 3569 3224 3624; x_wconf 88' lang='lat' dir='ltr'><strong>hominem</strong></span> <span class='ocrx_word' id='word_1_709' title='bbox 3259 3569 3536 3625; x_wconf 88' lang='lat' dir='ltr'><strong>incendio</strong></span> <span class='ocrx_word' id='word_1_710' title='bbox 3560 3570 3715 3641; x_wconf 80' lang='lat' dir='ltr'><strong>peri-</strong></span> 
     </span>
    </p>
   </div>
   <div class='ocr_carea' id='block_1_96' title="bbox 2065 3658 3716 3731">
    <p class='ocr_par' dir='ltr' id='par_1_96' title="bbox 2065 3658 3716 3731">
     <span class='ocr_line' id='line_1_97' title="bbox 2065 3658 3716 3731; baseline -0.001 -15"><span class='ocrx_word' id='word_1_711' title='bbox 2065 3668 2283 3726; x_wconf 91' lang='lat' dir='ltr'><strong>turum,</strong></span> <span class='ocrx_word' id='word_1_712' title='bbox 2323 3660 2500 3730; x_wconf 88' lang='lat' dir='ltr'><strong>idque</strong></span> <span class='ocrx_word' id='word_1_713' title='bbox 2534 3659 2844 3730; x_wconf 85' lang='lat' dir='ltr'><strong>perspicue</strong></span> <span class='ocrx_word' id='word_1_714' title='bbox 2878 3658 3248 3713; x_wconf 79' lang='lat' dir='ltr'><strong>nativitatem</strong></span> <span class='ocrx_word' id='word_1_715' title='bbox 3279 3660 3408 3731; x_wconf 81' lang='lat' dir='ltr'><strong>ejus</strong></span> <span class='ocrx_word' id='word_1_716' title='bbox 3467 3659 3716 3721; x_wconf 87' lang='lat' dir='ltr'><strong>dictare.</strong></span> 
     </span>
    </p>
   </div>
   <div class='ocr_carea' id='block_1_97' title="bbox 2063 3747 3715 3820">
    <p class='ocr_par' dir='ltr' id='par_1_97' title="bbox 2063 3747 3715 3820">
     <span class='ocr_line' id='line_1_98' title="bbox 2063 3747 3715 3820; baseline -0.002 -14"><span class='ocrx_word' id='word_1_717' title='bbox 2063 3767 2258 3820; x_wconf 88' lang='lat' dir='ltr'><strong>neque</strong></span> <span class='ocrx_word' id='word_1_718' title='bbox 2293 3754 2491 3803; x_wconf 90' lang='lat' dir='ltr'><strong>tamen</strong></span> <span class='ocrx_word' id='word_1_719' title='bbox 2525 3747 2581 3803; x_wconf 91' lang='lat' dir='ltr'><strong>id</strong></span> <span class='ocrx_word' id='word_1_720' title='bbox 2614 3748 2840 3813; x_wconf 85' lang='lat' dir='ltr'><strong>statim,</strong></span> <span class='ocrx_word' id='word_1_721' title='bbox 2868 3748 3008 3818; x_wconf 89' lang='lat' dir='ltr'><strong>quia</strong></span> <span class='ocrx_word' id='word_1_722' title='bbox 3042 3752 3275 3819; x_wconf 85' lang='lat' dir='ltr'><strong>tempus</strong></span> <span class='ocrx_word' id='word_1_723' title='bbox 3330 3749 3538 3804; x_wconf 89' lang='lat' dir='ltr'><strong>mortis</strong></span> <span class='ocrx_word' id='word_1_724' title='bbox 3585 3749 3715 3819; x_wconf 81' lang='lat' dir='ltr'><strong>ejus</strong></span> 
     </span>
    </p>
   </div>
   <div class='ocr_carea' id='block_1_98' title="bbox 2062 3835 3714 3910">
    <p class='ocr_par' dir='ltr' id='par_1_98' title="bbox 2062 3835 3714 3910">
     <span class='ocr_line' id='line_1_99' title="bbox 2062 3835 3714 3910; baseline -0.001 -16"><span class='ocrx_word' id='word_1_725' title='bbox 2062 3838 2327 3894; x_wconf 89' lang='lat' dir='ltr'><strong>nondum</strong></span> <span class='ocrx_word' id='word_1_726' title='bbox 2352 3837 2717 3910; x_wconf 82' lang='lat' dir='ltr'><strong>appetiisset,</strong></span> <span class='ocrx_word' id='word_1_727' title='bbox 2742 3836 2845 3891; x_wconf 87' lang='lat' dir='ltr'><strong>sed</strong></span> <span class='ocrx_word' id='word_1_728' title='bbox 2870 3837 2999 3892; x_wconf 64' lang='lat' dir='ltr'><strong>vita:</strong></span> <span class='ocrx_word' id='word_1_729' title='bbox 3018 3835 3210 3891; x_wconf 87' lang='lat' dir='ltr'><strong>adhuc</strong></span> <span class='ocrx_word' id='word_1_730' title='bbox 3260 3836 3487 3909; x_wconf 87' lang='lat' dir='ltr'><strong>aliquid</strong></span> <span class='ocrx_word' id='word_1_731' title='bbox 3529 3843 3714 3892; x_wconf 88' lang='lat' dir='ltr'><strong>resta-</strong></span> 
     </span>
    </p>
   </div>
   <div class='ocr_carea' id='block_1_99' title="bbox 2062 3925 3716 4000">
    <p class='ocr_par' dir='ltr' id='par_1_99' title="bbox 2062 3925 3716 4000">
     <span class='ocr_line' id='line_1_100' title="bbox 2062 3925 3716 4000; baseline -0.003 -15"><span class='ocrx_word' id='word_1_732' title='bbox 2062 3935 2173 3997; x_wconf 89' lang='lat' dir='ltr'><strong>ret,</strong></span> <span class='ocrx_word' id='word_1_733' title='bbox 2203 3952 2229 3977; x_wconf 88' lang='grc'><strong>‹‹</strong></span> <span class='ocrx_word' id='word_1_734' title='bbox 2255 3930 2361 3984; x_wconf 84' lang='lat' dir='ltr'><strong>Ast</strong></span> <span class='ocrx_word' id='word_1_735' title='bbox 2381 3944 2509 4000; x_wconf 89' lang='lat' dir='ltr'><strong>ego,</strong></span> <span class='ocrx_word' id='word_1_736' title='bbox 2528 3926 2726 3997; x_wconf 89' lang='lat' dir='ltr'><strong>inquit</strong></span> <span class='ocrx_word' id='word_1_737' title='bbox 2742 3943 2867 3992; x_wconf 85' lang='lat' dir='ltr'><strong>rex,</strong></span> <span class='ocrx_word' id='word_1_738' title='bbox 2891 3925 3068 3981; x_wconf 89' lang='lat' dir='ltr'><strong>hodie</strong></span> <span class='ocrx_word' id='word_1_739' title='bbox 3089 3943 3222 3981; x_wconf 89' lang='lat' dir='ltr'><strong>eum</strong></span> <span class='ocrx_word' id='word_1_740' title='bbox 3249 3926 3321 3981; x_wconf 89' lang='lat' dir='ltr'><strong>ab</strong></span> <span class='ocrx_word' id='word_1_741' title='bbox 3343 3926 3495 3999; x_wconf 89' lang='lat' dir='ltr'><strong>ignis</strong></span> <span class='ocrx_word' id='word_1_742' title='bbox 3509 3926 3716 3999; x_wconf 91' lang='lat' dir='ltr'><strong>perni-</strong></span> 
     </span>
    </p>
   </div>
   <div class='ocr_carea' id='block_1_100' title="bbox 2063 4015 3717 4087">
    <p class='ocr_par' dir='ltr' id='par_1_100' title="bbox 2063 4015 3717 4087">
     <span class='ocr_line' id='line_1_101' title="bbox 2063 4015 3717 4087; baseline -0.004 -11"><span class='ocrx_word' id='word_1_743' title='bbox 2063 4022 2151 4077; x_wconf 89' lang='lat' dir='ltr'><strong>cie</strong></span> <span class='ocrx_word' id='word_1_744' title='bbox 2183 4016 2590 4083; x_wconf 86' lang='lat' dir='ltr'><strong>vindicabo,in</strong></span> <span class='ocrx_word' id='word_1_745' title='bbox 2616 4032 2771 4087; x_wconf 88' lang='lat' dir='ltr'><strong>aqua</strong></span> <span class='ocrx_word' id='word_1_746' title='bbox 2791 4016 3166 4071; x_wconf 69' lang='lat' dir='ltr'><strong>suﬂocatum.</strong></span> <span class='ocrx_word' id='word_1_747' title='bbox 3212 4038 3239 4066; x_wconf 79' lang='grc'><strong>››</strong></span> <span class='ocrx_word' id='word_1_748' title='bbox 3294 4015 3600 4087; x_wconf 89' lang='lat' dir='ltr'><strong>Simulque</strong></span> <span class='ocrx_word' id='word_1_749' title='bbox 3633 4016 3717 4070; x_wconf 90' lang='lat' dir='ltr'><strong>ita</strong></span> 
     </span>
    </p>
   </div>
   <div class='ocr_carea' id='block_1_101' title="bbox 2061 4104 3720 4177">
    <p class='ocr_par' dir='ltr' id='par_1_101' title="bbox 2061 4104 3720 4177">
     <span class='ocr_line' id='line_1_102' title="bbox 2061 4104 3720 4177; baseline -0.004 -9"><span class='ocrx_word' id='word_1_750' title='bbox 2061 4113 2147 4170; x_wconf 90' lang='lat' dir='ltr'><strong>uti</strong></span> <span class='ocrx_word' id='word_1_751' title='bbox 2171 4109 2401 4165; x_wconf 84' lang='lat' dir='ltr'><strong>dixerat</strong></span> <span class='ocrx_word' id='word_1_752' title='bbox 2421 4122 2555 4162; x_wconf 91' lang='lat' dir='ltr'><strong>eum</strong></span> <span class='ocrx_word' id='word_1_753' title='bbox 2579 4121 2824 4172; x_wconf 88' lang='lat' dir='ltr'><strong>necans,</strong></span> <span class='ocrx_word' id='word_1_754' title='bbox 2840 4106 3046 4177; x_wconf 88' lang='lat' dir='ltr'><strong>reipsa</strong></span> <span class='ocrx_word' id='word_1_755' title='bbox 3059 4105 3485 4161; x_wconf 89' lang='lat' dir='ltr'><strong>demonstravit</strong></span> <span class='ocrx_word' id='word_1_756' title='bbox 3516 4104 3720 4177; x_wconf 90' lang='lat' dir='ltr'><strong>aliqua</strong></span> 
     </span>
    </p>
   </div>
   <div class='ocr_carea' id='block_1_102' title="bbox 2064 4194 3714 4265">
    <p class='ocr_par' dir='ltr' id='par_1_102' title="bbox 2064 4194 3714 4265">
     <span class='ocr_line' id='line_1_103' title="bbox 2064 4194 3714 4265; baseline -0.004 -9"><span class='ocrx_word' id='word_1_757' title='bbox 2064 4205 2272 4257; x_wconf 89' lang='lat' dir='ltr'><strong>contra</strong></span> <span class='ocrx_word' id='word_1_758' title='bbox 2301 4195 2573 4252; x_wconf 87' lang='lat' dir='ltr'><strong>natalitia</strong></span> <span class='ocrx_word' id='word_1_759' title='bbox 2626 4194 2865 4248; x_wconf 89' lang='lat' dir='ltr'><strong>decreta</strong></span> <span class='ocrx_word' id='word_1_760' title='bbox 2920 4194 3050 4248; x_wconf 84' lang='lat' dir='ltr'><strong>fieri</strong></span> <span class='ocrx_word' id='word_1_761' title='bbox 3104 4211 3299 4265; x_wconf 86' lang='lat' dir='ltr'><strong>posse.</strong></span> <span class='ocrx_word' id='word_1_762' title='bbox 3360 4195 3714 4249; x_wconf 85' lang='lat' dir='ltr'><strong>Tacentibus</strong></span> 
     </span>
    </p>
   </div>
   <div class='ocr_carea' id='block_1_103' title="bbox 2065 4283 3718 4346">
    <p class='ocr_par' dir='ltr' id='par_1_103' title="bbox 2065 4283 3718 4346">
     <span class='ocr_line' id='line_1_104' title="bbox 2065 4283 3718 4346; baseline -0.004 -1"><span class='ocrx_word' id='word_1_763' title='bbox 2065 4290 2202 4346; x_wconf 90' lang='lat' dir='ltr'><strong>inde</strong></span> <span class='ocrx_word' id='word_1_764' title='bbox 2224 4287 2501 4345; x_wconf 88' lang='lat' dir='ltr'><strong>omnibus</strong></span> <span class='ocrx_word' id='word_1_765' title='bbox 2521 4283 2892 4339; x_wconf 83' lang='lat' dir='ltr'><strong>Abrahamus</strong></span> <span class='ocrx_word' id='word_1_766' title='bbox 2916 4283 2998 4338; x_wconf 90' lang='lat' dir='ltr'><strong>ita</strong></span> <span class='ocrx_word' id='word_1_767' title='bbox 3017 4283 3207 4339; x_wconf 82' lang='lat' dir='ltr'><strong>fatur:</strong></span> <span class='ocrx_word' id='word_1_768' title='bbox 3229 4306 3256 4333; x_wconf 88' lang='grc'><strong>‹‹</strong></span> <span class='ocrx_word' id='word_1_769' title='bbox 3286 4284 3411 4339; x_wconf 86' lang='lat' dir='ltr'><strong>Non</strong></span> <span class='ocrx_word' id='word_1_770' title='bbox 3444 4283 3718 4339; x_wconf 88' lang='lat' dir='ltr'><strong>homines</strong></span> 
     </span>
    </p>
   </div>
   <div class='ocr_carea' id='block_1_104' title="bbox 2066 4372 3715 4447">
    <p class='ocr_par' dir='ltr' id='par_1_104' title="bbox 2066 4372 3715 4447">
     <span class='ocr_line' id='line_1_105' title="bbox 2066 4372 3715 4447; baseline -0.005 -12"><span class='ocrx_word' id='word_1_771' title='bbox 2066 4378 2260 4447; x_wconf 87' lang='lat' dir='ltr'><strong>modo,</strong></span> <span class='ocrx_word' id='word_1_772' title='bbox 2296 4376 2400 4431; x_wconf 90' lang='lat' dir='ltr'><strong>sed</strong></span> <span class='ocrx_word' id='word_1_773' title='bbox 2432 4379 2490 4429; x_wconf 85' lang='lat' dir='ltr'><strong>et</strong></span> <span class='ocrx_word' id='word_1_774' title='bbox 2518 4373 2691 4429; x_wconf 86' lang='lat' dir='ltr'><strong>bruta</strong></span> <span class='ocrx_word' id='word_1_775' title='bbox 2721 4372 3049 4428; x_wconf 88' lang='lat' dir='ltr'><strong>animantia</strong></span> <span class='ocrx_word' id='word_1_776' title='bbox 3078 4372 3196 4427; x_wconf 86' lang='lat' dir='ltr'><strong>fato</strong></span> <span class='ocrx_word' id='word_1_777' title='bbox 3257 4373 3528 4428; x_wconf 88' lang='lat' dir='ltr'><strong>natalitio</strong></span> <span class='ocrx_word' id='word_1_778' title='bbox 3579 4373 3715 4429; x_wconf 88' lang='lat' dir='ltr'><strong>sub-</strong></span> 
     </span>
    </p>
   </div>
   <div class='ocr_carea' id='block_1_105' title="bbox 2057 4460 3719 4542">
    <p class='ocr_par' dir='ltr' id='par_1_105' title="bbox 2057 4460 3719 4542">
     <span class='ocr_line' id='line_1_106' title="bbox 2057 4460 3719 4542; baseline -0.005 -18"><span class='ocrx_word' id='word_1_779' title='bbox 2057 4470 2218 4542; x_wconf 90' lang='lat' dir='ltr'><strong>jecta</strong></span> <span class='ocrx_word' id='word_1_780' title='bbox 2240 4470 2397 4521; x_wconf 90' lang='lat' dir='ltr'><strong>sunt.</strong></span> <span class='ocrx_word' id='word_1_781' title='bbox 2418 4464 2730 4521; x_wconf 89' lang='lat' dir='ltr'><strong>Enimvero</strong></span> <span class='ocrx_word' id='word_1_782' title='bbox 2755 4460 3029 4515; x_wconf 90' lang='lat' dir='ltr'><strong>homines</strong></span> <span class='ocrx_word' id='word_1_783' title='bbox 3052 4461 3111 4515; x_wconf 91' lang='lat' dir='ltr'><strong>in</strong></span> <span class='ocrx_word' id='word_1_784' title='bbox 3134 4476 3264 4515; x_wconf 86' lang='lat' dir='ltr'><strong>sese</strong></span> <span class='ocrx_word' id='word_1_785' title='bbox 3295 4461 3441 4533; x_wconf 87' lang='lat' dir='ltr'><strong>ipsis</strong></span> <span class='ocrx_word' id='word_1_786' title='bbox 3471 4461 3719 4517; x_wconf 86' lang='lat' dir='ltr'><strong>liberta-</strong></span> 
     </span>
    </p>
   </div>
   <div class='ocr_carea' id='block_1_106' title="bbox 2065 4550 3718 4625">
    <p class='ocr_par' dir='ltr' id='par_1_106' title="bbox 2065 4550 3718 4625">
     <span class='ocr_line' id='line_1_107' title="bbox 2065 4550 3718 4625; baseline -0.004 -11"><span class='ocrx_word' id='word_1_787' title='bbox 2065 4566 2183 4614; x_wconf 91' lang='lat' dir='ltr'><strong>tem</strong></span> <span class='ocrx_word' id='word_1_788' title='bbox 2212 4558 2333 4612; x_wconf 87' lang='lat' dir='ltr'><strong>fato</strong></span> <span class='ocrx_word' id='word_1_789' title='bbox 2364 4555 2461 4610; x_wconf 90' lang='lat' dir='ltr'><strong>isti</strong></span> <span class='ocrx_word' id='word_1_790' title='bbox 2514 4567 2896 4625; x_wconf 88' lang='lat' dir='ltr'><strong>nequaquam</strong></span> <span class='ocrx_word' id='word_1_791' title='bbox 2946 4550 3263 4607; x_wconf 82' lang='lat' dir='ltr'><strong>obnoxiam</strong></span> <span class='ocrx_word' id='word_1_792' title='bbox 3315 4551 3581 4608; x_wconf 89' lang='lat' dir='ltr'><strong>habent:</strong></span> <span class='ocrx_word' id='word_1_793' title='bbox 3628 4558 3718 4607; x_wconf 86' lang='lat' dir='ltr'><strong>est</strong></span> 
     </span>
    </p>
   </div>
   <div class='ocr_carea' id='block_1_107' title="bbox 1977 4626 3713 4712">
    <p class='ocr_par' dir='ltr' id='par_1_107' title="bbox 1977 4626 3713 4712">
     <span class='ocr_line' id='line_1_108' title="bbox 1977 4626 3713 4712; baseline -0.004 -9"><span class='ocrx_word' id='word_1_794' title='bbox 1977 4626 2023 4693; x_wconf 79' lang='grc' dir='ltr'>Ῑ)</span> <span class='ocrx_word' id='word_1_795' title='bbox 2057 4649 2218 4704; x_wconf 90' lang='lat' dir='ltr'><strong>enim</strong></span> <span class='ocrx_word' id='word_1_796' title='bbox 2236 4643 2559 4701; x_wconf 88' lang='lat' dir='ltr'><strong>nativitatis</strong></span> <span class='ocrx_word' id='word_1_797' title='bbox 2576 4642 2673 4699; x_wconf 71' lang='lat'><strong>55</strong></span> <span class='ocrx_word' id='word_1_798' title='bbox 2690 4641 2810 4696; x_wconf 82' lang='lat' dir='ltr'><strong>fato</strong></span> <span class='ocrx_word' id='word_1_799' title='bbox 2824 4639 3131 4712; x_wconf 86' lang='lat' dir='ltr'><strong>quidpiam</strong></span> <span class='ocrx_word' id='word_1_800' title='bbox 3146 4640 3713 4711; x_wconf 85' lang='lat' dir='ltr'><strong>antiquius,intelle-</strong></span> 
     </span>
    </p>
   </div>
   <div class='ocr_carea' id='block_1_108' title="bbox 2059 4729 3712 4807">
    <p class='ocr_par' dir='ltr' id='par_1_108' title="bbox 2059 4729 3712 4807">
     <span class='ocr_line' id='line_1_109' title="bbox 2059 4729 3712 4807; baseline -0.004 -14"><span class='ocrx_word' id='word_1_801' title='bbox 2059 4743 2187 4794; x_wconf 90' lang='lat' dir='ltr'><strong>ctus</strong></span> <span class='ocrx_word' id='word_1_802' title='bbox 2201 4751 2416 4807; x_wconf 89' lang='lat' dir='ltr'><strong>nempe</strong></span> <span class='ocrx_word' id='word_1_803' title='bbox 2431 4732 2617 4788; x_wconf 88' lang='lat' dir='ltr'><strong>etlibe</strong></span> <span class='ocrx_word' id='word_1_804' title='bbox 2627 4748 2688 4786; x_wconf 89' lang='lat' dir='ltr'><strong>ra</strong></span> <span class='ocrx_word' id='word_1_805' title='bbox 2701 4733 2963 4802; x_wconf 85' lang='lat' dir='ltr'><strong>potestas</strong></span> <span class='ocrx_word' id='word_1_806' title='bbox 2979 4729 3092 4797; x_wconf 85' lang='lat' dir='ltr'><strong>sui,</strong></span> <span class='ocrx_word' id='word_1_807' title='bbox 3105 4730 3204 4785; x_wconf 88' lang='lat' dir='ltr'><strong>Dei</strong></span> <span class='ocrx_word' id='word_1_808' title='bbox 3219 4729 3376 4784; x_wconf 92' lang='lat' dir='ltr'><strong>dono</strong></span> <span class='ocrx_word' id='word_1_809' title='bbox 3404 4746 3712 4787; x_wconf 88' lang='lat' dir='ltr'><strong>concessa.</strong></span> 
     </span>
    </p>
   </div>
   <div class='ocr_carea' id='block_1_109' title="bbox 2061 4818 3715 4897">
    <p class='ocr_par' dir='ltr' id='par_1_109' title="bbox 2061 4818 3715 4897">
     <span class='ocr_line' id='line_1_110' title="bbox 2061 4818 3715 4897; baseline -0.005 -14"><span class='ocrx_word' id='word_1_810' title='bbox 2061 4827 2266 4897; x_wconf 86' lang='lat' dir='ltr'><strong>Itaque</strong></span> <span class='ocrx_word' id='word_1_811' title='bbox 2289 4841 2398 4880; x_wconf 88' lang='lat' dir='ltr'><strong>nos</strong></span> <span class='ocrx_word' id='word_1_812' title='bbox 2414 4822 2605 4878; x_wconf 86' lang='lat' dir='ltr'><strong>brutis</strong></span> <span class='ocrx_word' id='word_1_813' title='bbox 2620 4818 2956 4891; x_wconf 88' lang='lat' dir='ltr'><strong>superiores</strong></span> <span class='ocrx_word' id='word_1_814' title='bbox 2978 4822 3270 4890; x_wconf 87' lang='lat' dir='ltr'><strong>potestate</strong></span> <span class='ocrx_word' id='word_1_815' title='bbox 3293 4824 3498 4875; x_wconf 90' lang='lat' dir='ltr'><strong>nostra</strong></span> <span class='ocrx_word' id='word_1_816' title='bbox 3545 4818 3606 4873; x_wconf 92' lang='lat' dir='ltr'><strong>in</strong></span> <span class='ocrx_word' id='word_1_817' title='bbox 3639 4819 3715 4875; x_wconf 91' lang='lat' dir='ltr'><strong>iis</strong></span> 
     </span>
    </p>
   </div>
   <div class='ocr_carea' id='block_1_110' title="bbox 2060 4905 3713 4979">
    <p class='ocr_par' dir='ltr' id='par_1_110' title="bbox 2060 4905 3713 4979">
     <span class='ocr_line' id='line_1_111' title="bbox 2060 4905 3713 4979; baseline -0.005 -6"><span class='ocrx_word' id='word_1_818' title='bbox 2060 4913 2346 4973; x_wconf 86' lang='lat' dir='ltr'><strong>necandis</strong></span> <span class='ocrx_word' id='word_1_819' title='bbox 2377 4913 2462 4968; x_wconf 92' lang='lat' dir='ltr'><strong>uti</strong></span> <span class='ocrx_word' id='word_1_820' title='bbox 2493 4910 2775 4967; x_wconf 87' lang='lat' dir='ltr'><strong>solemus.</strong></span> <span class='ocrx_word' id='word_1_821' title='bbox 2839 4905 3019 4963; x_wconf 87' lang='lat' dir='ltr'><strong>Nobis</strong></span> <span class='ocrx_word' id='word_1_822' title='bbox 3068 4912 3291 4973; x_wconf 91' lang='lat' dir='ltr'><strong>autem,</strong></span> <span class='ocrx_word' id='word_1_823' title='bbox 3352 4908 3452 4979; x_wconf 87' lang='lat' dir='ltr'><strong>qui</strong></span> <span class='ocrx_word' id='word_1_824' title='bbox 3504 4909 3713 4965; x_wconf 82' lang='lat' dir='ltr'><strong>bestiis</strong></span> 
     </span>
    </p>
   </div>
   <div class='ocr_carea' id='block_1_111' title="bbox 2060 4997 3714 5079">
    <p class='ocr_par' dir='ltr' id='par_1_111' title="bbox 2060 4997 3714 5079">
     <span class='ocr_line' id='line_1_112' title="bbox 2060 4997 3714 5079; baseline -0.004 -18"><span class='ocrx_word' id='word_1_825' title='bbox 2060 5010 2434 5079; x_wconf 67' lang='lat' dir='ltr'><strong>prmstamus,</strong></span> <span class='ocrx_word' id='word_1_826' title='bbox 2459 5007 2520 5056; x_wconf 90' lang='lat' dir='ltr'><strong>tu</strong></span> <span class='ocrx_word' id='word_1_827' title='bbox 2551 5015 2791 5055; x_wconf 90' lang='lat' dir='ltr'><strong>rursum</strong></span> <span class='ocrx_word' id='word_1_828' title='bbox 2821 4997 2998 5070; x_wconf 68' lang='lat' dir='ltr'><strong>regias</strong></span> <span class='ocrx_word' id='word_1_829' title='bbox 3029 5002 3144 5052; x_wconf 62' lang='lat' dir='ltr'><strong>tua}</strong></span> <span class='ocrx_word' id='word_1_830' title='bbox 3172 4998 3452 5069; x_wconf 76' lang='lat' dir='ltr'><strong>potentim</strong></span> <span class='ocrx_word' id='word_1_831' title='bbox 3484 4998 3714 5054; x_wconf 89' lang='lat' dir='ltr'><strong>ratione</strong></span> 
     </span>
    </p>
   </div>
   <div class='ocr_carea' id='block_1_112' title="bbox 2062 5087 3715 5161">
    <p class='ocr_par' dir='ltr' id='par_1_112' title="bbox 2062 5087 3715 5161">
     <span class='ocr_line' id='line_1_113' title="bbox 2062 5087 3715 5161; baseline -0.005 -10"><span class='ocrx_word' id='word_1_832' title='bbox 2062 5093 2412 5157; x_wconf 87' lang='lat' dir='ltr'><strong>antecellis;</strong></span> <span class='ocrx_word' id='word_1_833' title='bbox 2446 5096 2503 5145; x_wconf 89' lang='lat' dir='ltr'><strong>et</strong></span> <span class='ocrx_word' id='word_1_834' title='bbox 2534 5087 2832 5161; x_wconf 88' lang='lat' dir='ltr'><strong>quomodo</strong></span> <span class='ocrx_word' id='word_1_835' title='bbox 2864 5104 2973 5142; x_wconf 90' lang='lat' dir='ltr'><strong>nos</strong></span> <span class='ocrx_word' id='word_1_836' title='bbox 3003 5091 3247 5158; x_wconf 88' lang='lat' dir='ltr'><strong>propter</strong></span> <span class='ocrx_word' id='word_1_837' title='bbox 3303 5087 3595 5142; x_wconf 90' lang='lat' dir='ltr'><strong>rationem</strong></span> <span class='ocrx_word' id='word_1_838' title='bbox 3651 5089 3715 5143; x_wconf 88' lang='lat' dir='ltr'><strong>in</strong></span> 
     </span>
    </p>
   </div>
   <div class='ocr_carea' id='block_1_113' title="bbox 2063 5177 3716 5249">
    <p class='ocr_par' dir='ltr' id='par_1_113' title="bbox 2063 5177 3716 5249">
     <span class='ocr_line' id='line_1_114' title="bbox 2063 5177 3716 5249; baseline -0.004 -10"><span class='ocrx_word' id='word_1_839' title='bbox 2063 5185 2257 5249; x_wconf 88' lang='lat' dir='ltr'><strong>bruta,</strong></span> <span class='ocrx_word' id='word_1_840' title='bbox 2285 5184 2368 5237; x_wconf 87' lang='lat' dir='ltr'><strong>ita</strong></span> <span class='ocrx_word' id='word_1_841' title='bbox 2387 5182 2527 5237; x_wconf 92' lang='lat' dir='ltr'><strong>tuin</strong></span> <span class='ocrx_word' id='word_1_842' title='bbox 2570 5195 2681 5233; x_wconf 88' lang='lat' dir='ltr'><strong>nos</strong></span> <span class='ocrx_word' id='word_1_843' title='bbox 2730 5177 3109 5249; x_wconf 86' lang='lat' dir='ltr'><strong>magistratus</strong></span> <span class='ocrx_word' id='word_1_844' title='bbox 3151 5192 3329 5231; x_wconf 88' lang='lat' dir='ltr'><strong>causa</strong></span> <span class='ocrx_word' id='word_1_845' title='bbox 3359 5182 3716 5247; x_wconf 88' lang='lat' dir='ltr'><strong>potestatem</strong></span> 
     </span>
    </p>
   </div>
   <div class='ocr_carea' id='block_1_114' title="bbox 2064 5264 3712 5339">
    <p class='ocr_par' dir='ltr' id='par_1_114' title="bbox 2064 5264 3712 5339">
     <span class='ocr_line' id='line_1_115' title="bbox 2064 5264 3712 5339; baseline -0.005 -11"><span class='ocrx_word' id='word_1_846' title='bbox 2064 5273 2318 5329; x_wconf 87' lang='lat' dir='ltr'><strong>obtines.</strong></span> <span class='ocrx_word' id='word_1_847' title='bbox 2342 5273 2562 5326; x_wconf 84' lang='lat' dir='ltr'><strong>lterum</strong></span> <span class='ocrx_word' id='word_1_848' title='bbox 2586 5274 2641 5323; x_wconf 89' lang='lat' dir='ltr'><strong>te</strong></span> <span class='ocrx_word' id='word_1_849' title='bbox 2668 5283 2907 5339; x_wconf 91' lang='lat' dir='ltr'><strong>quoque</strong></span> <span class='ocrx_word' id='word_1_850' title='bbox 2932 5265 3232 5337; x_wconf 89' lang='lat' dir='ltr'><strong>potentior</strong></span> <span class='ocrx_word' id='word_1_851' title='bbox 3261 5270 3352 5319; x_wconf 85' lang='lat' dir='ltr'><strong>est</strong></span> <span class='ocrx_word' id='word_1_852' title='bbox 3382 5264 3558 5320; x_wconf 91' lang='lat' dir='ltr'><strong>homo</strong></span> <span class='ocrx_word' id='word_1_853' title='bbox 3582 5267 3712 5336; x_wconf 89' lang='lat' dir='ltr'><strong>qui-</strong></span> 
     </span>
    </p>
   </div>
   <div class='ocr_carea' id='block_1_115' title="bbox 2062 5355 3718 5422">
    <p class='ocr_par' dir='ltr' id='par_1_115' title="bbox 2062 5355 3718 5422">
     <span class='ocr_line' id='line_1_116' title="bbox 2062 5355 3718 5422; baseline -0.004 -2"><span class='ocrx_word' id='word_1_854' title='bbox 2062 5365 2196 5419; x_wconf 91' lang='lat' dir='ltr'><strong>dem</strong></span> <span class='ocrx_word' id='word_1_855' title='bbox 2233 5377 2428 5422; x_wconf 79' lang='lat' dir='ltr'><strong>nemo.</strong></span> <span class='ocrx_word' id='word_1_856' title='bbox 2462 5359 2567 5414; x_wconf 87' lang='lat' dir='ltr'><strong>sed</strong></span> <span class='ocrx_word' id='word_1_857' title='bbox 2600 5360 2752 5414; x_wconf 87' lang='lat' dir='ltr'><strong>Deus</strong></span> <span class='ocrx_word' id='word_1_858' title='bbox 2776 5355 3113 5417; x_wconf 86' lang='lat' dir='ltr'><strong>invisibilis,</strong></span> <span class='ocrx_word' id='word_1_859' title='bbox 3137 5357 3404 5411; x_wconf 88' lang='lat' dir='ltr'><strong>omnium</strong></span> <span class='ocrx_word' id='word_1_860' title='bbox 3429 5356 3718 5414; x_wconf 90' lang='lat' dir='ltr'><strong>Dominus</strong></span> 
     </span>
    </p>
   </div>
   <div class='ocr_carea' id='block_1_116' title="bbox 2063 5444 3719 5525">
    <p class='ocr_par' dir='ltr' id='par_1_116' title="bbox 2063 5444 3719 5525">
     <span class='ocr_line' id='line_1_117' title="bbox 2063 5444 3719 5525; baseline -0.004 -16"><span class='ocrx_word' id='word_1_861' title='bbox 2063 5460 2241 5525; x_wconf 90' lang='lat' dir='ltr'><strong>atque</strong></span> <span class='ocrx_word' id='word_1_862' title='bbox 2272 5450 2575 5519; x_wconf 82' lang='lat' dir='ltr'><strong>Conditor,</strong></span> <span class='ocrx_word' id='word_1_863' title='bbox 2607 5465 2641 5503; x_wconf 91' lang='lat' dir='ltr'><strong>a</strong></span> <span class='ocrx_word' id='word_1_864' title='bbox 2672 5464 2788 5518; x_wconf 88' lang='lat' dir='ltr'><strong>quo</strong></span> <span class='ocrx_word' id='word_1_865' title='bbox 2820 5445 2969 5499; x_wconf 86' lang='lat' dir='ltr'><strong>votis</strong></span> <span class='ocrx_word' id='word_1_866' title='bbox 3030 5444 3351 5516; x_wconf 87' lang='lat' dir='ltr'><strong>petendum</strong></span> <span class='ocrx_word' id='word_1_867' title='bbox 3408 5450 3501 5500; x_wconf 90' lang='lat' dir='ltr'><strong>est</strong></span> <span class='ocrx_word' id='word_1_868' title='bbox 3558 5448 3719 5516; x_wconf 87' lang='lat' dir='ltr'><strong>quod</strong></span> 
     </span>
    </p>
   </div>
   <div class='ocr_carea' id='block_1_117' title="bbox 2062 5532 3714 5598">
    <p class='ocr_par' dir='ltr' id='par_1_117' title="bbox 2062 5532 3714 5598">
     <span class='ocr_line' id='line_1_118' title="bbox 2062 5532 3714 5598; baseline -0.004 0"><span class='ocrx_word' id='word_1_869' title='bbox 2062 5543 2210 5598; x_wconf 88' lang='lat' dir='ltr'><strong>utile</strong></span> <span class='ocrx_word' id='word_1_870' title='bbox 2246 5543 2340 5596; x_wconf 90' lang='lat' dir='ltr'><strong>sit.</strong></span> <span class='ocrx_word' id='word_1_871' title='bbox 2380 5565 2391 5587; x_wconf 84' lang='grc'><strong>›</strong></span> <span class='ocrx_word' id='word_1_872' title='bbox 2438 5539 2657 5594; x_wconf 84' lang='lat' dir='ltr'><strong>Ferunt</strong></span> <span class='ocrx_word' id='word_1_873' title='bbox 2687 5542 2745 5590; x_wconf 90' lang='lat' dir='ltr'><strong>et</strong></span> <span class='ocrx_word' id='word_1_874' title='bbox 2798 5534 2925 5588; x_wconf 78' lang='lat' dir='ltr'><strong>haec</strong></span> <span class='ocrx_word' id='word_1_875' title='bbox 2986 5532 3391 5588; x_wconf 85' lang='lat' dir='ltr'><strong>Abrahamum</strong></span> <span class='ocrx_word' id='word_1_876' title='bbox 3441 5534 3665 5590; x_wconf 81' lang='lat' dir='ltr'><strong>dixisse</strong></span> <span class='ocrx_word' id='word_1_877' title='bbox 3702 5553 3714 5591; x_wconf 91' lang='lat'><strong>:</strong></span> 
     </span>
    </p>
   </div>
   <div class='ocr_carea' id='block_1_118' title="bbox 2065 5621 3719 5702">
    <p class='ocr_par' dir='ltr' id='par_1_118' title="bbox 2065 5621 3719 5702">
     <span class='ocr_line' id='line_1_119' title="bbox 2065 5621 3719 5702; baseline -0.005 -16"><span class='ocrx_word' id='word_1_878' title='bbox 2065 5654 2093 5679; x_wconf 88' lang='grc'><em>‹‹</em></span> <span class='ocrx_word' id='word_1_879' title='bbox 2120 5632 2389 5702; x_wconf 79' lang='lat' dir='ltr'><strong>Magnum</strong></span> <span class='ocrx_word' id='word_1_880' title='bbox 2409 5632 2501 5681; x_wconf 90' lang='lat' dir='ltr'><strong>est</strong></span> <span class='ocrx_word' id='word_1_881' title='bbox 2520 5628 2676 5681; x_wconf 85' lang='lat' dir='ltr'><strong>inter</strong></span> <span class='ocrx_word' id='word_1_882' title='bbox 2691 5622 2996 5677; x_wconf 88' lang='lat' dir='ltr'><strong>veritatem</strong></span> <span class='ocrx_word' id='word_1_883' title='bbox 3015 5621 3578 5678; x_wconf 87' lang='lat' dir='ltr'><strong>etconsuetudinem</strong></span> <span class='ocrx_word' id='word_1_884' title='bbox 3600 5623 3719 5678; x_wconf 60' lang='lat' dir='ltr'><strong>dis-</strong></span> 
     </span>
    </p>
   </div>
   <div class='ocr_carea' id='block_1_119' title="bbox 2064 5711 3718 5784">
    <p class='ocr_par' dir='ltr' id='par_1_119' title="bbox 2064 5711 3718 5784">
     <span class='ocr_line' id='line_1_120' title="bbox 2064 5711 3718 5784; baseline -0.007 -7"><span class='ocrx_word' id='word_1_885' title='bbox 2064 5721 2290 5777; x_wconf 87' lang='lat' dir='ltr'><strong>crimen</strong></span> <span class='ocrx_word' id='word_1_886' title='bbox 2317 5736 2329 5772; x_wconf 89' lang='lat'>:</span> <span class='ocrx_word' id='word_1_887' title='bbox 2356 5717 2572 5772; x_wconf 87' lang='lat' dir='ltr'><strong>veritas</strong></span> <span class='ocrx_word' id='word_1_888' title='bbox 2592 5711 2908 5782; x_wconf 86' lang='lat' dir='ltr'><strong>siquidem,</strong></span> <span class='ocrx_word' id='word_1_889' title='bbox 2933 5711 3111 5767; x_wconf 87' lang='lat' dir='ltr'><strong>etiam</strong></span> <span class='ocrx_word' id='word_1_890' title='bbox 3134 5725 3267 5766; x_wconf 86' lang='lat' dir='ltr'><strong>cum</strong></span> <span class='ocrx_word' id='word_1_891' title='bbox 3291 5711 3474 5784; x_wconf 87' lang='lat' dir='ltr'><strong>probe</strong></span> <span class='ocrx_word' id='word_1_892' title='bbox 3514 5711 3718 5767; x_wconf 83' lang='lat' dir='ltr'><strong>inves-</strong></span> 
     </span>
    </p>
   </div>
  </div>
