4118 6426
433 348 513 409 83
1576 386 1587 396 -
1795 346 2084 408 GEORGI

2197 349 2506 411 .EDRENI
3775 355 3859 414 84

433 486 672 556 tigatur,
697 500 851 555 aegre
872 484 1198 553 invenitur,
1223 483 1611 554 consuetudo,
1654 482 2086 554 qualiscunque

2201 478 2431 552 ἀλήθεια
2466 483 2562 554 μὶν
2593 482 2833 558 γνησίως
2876 486 2965 540 καὶ
3015 482 3325 559 ζητουμένη
3391 484 3554 560 μόλις
3607 486 3852 561 εὕρισκε-

437 590 528 643 ea,
543 579 601 629 et
622 574 740 630 sive
760 589 956 638 verax,
980 574 1104 629 sive
1127 574 1204 628 sit
1219 572 1418 639 fallax,
1450 572 1607 628 ultro
1632 573 1762 628 sine
1813 573 2087 629 examine

437 680 569 719 sese
590 664 675 719 off
676 668 783 718 ert.
802 665 948 718 Tum
961 678 1154 734 neque
1169 680 1239 718 ex
1251 662 1680 718 consuetudine
1702 678 1737 717 a
1757 662 2087 734 majoribus

438 752 553 808 sibi
584 752 822 820 tradita,
847 751 895 806 si
918 757 1078 807 recta
1098 752 1197 819 sit,
1216 751 1600 823 voluptatem,
1649 768 1843 823 neque
1893 751 1939 806 si
1976 750 2085 806 fal-

437 841 533 897 lax
565 841 663 905 sit,
696 841 1032 896 molestiam
1063 840 1242 895 homo
1274 839 1544 912 percipit.
1579 842 1706 896 Non
1737 841 1898 895 enim
1951 856 2085 911 pro-

437 930 567 1003 prio
590 930 773 986 animi
796 929 887 985 sui
897 929 1148 1001 judicio,
1175 928 1279 983 sed
1300 928 1648 1001 praajudicio
1690 934 1747 984 et
1788 931 2085 1002 majorum

438 1019 751 1075 sententias
778 1017 1136 1089 credit;quo
1164 1017 1456 1073 titutcum
1480 1035 1645 1090 spem
1687 1035 1858 1075 suam
1902 1019 1963 1073 in
1996 1019 2088 1074 in—

437 1114 598 1165 certo
616 1107 870 1164 fortunas
891 1107 1247 1178 reposuerit,
1272 1123 1395 1162 non
1417 1107 1588 1164 facile
1609 1113 1924 1180 paternum
1946 1125 2086 1180 pos-

436 1197 740 1255 sitexuere
760 1198 1046 1253 amictum
1066 1212 1434 1269 ;quanquam
1453 1196 1511 1251 id
1534 1197 1693 1267 quod
1710 1214 1744 1252 a
1758 1198 2087 1270 majoribus

433 1288 665 1359 accepit
691 1287 746 1343 ei
774 1286 952 1359 plane
981 1286 1230 1344 stultum
1262 1293 1354 1342 est
1378 1287 1697 1343 ridiculum
1745 1305 1874 1343 esse
1906 1288 2086 1360 liqui-

434 1377 510 1433 do
541 1376 1005 1434 demonstretur.
1040 1377 1169 1431 1am
1202 1376 1302 1447 qui
1333 1376 1554 1432 multos
1586 1382 1644 1432 et
1671 1378 1868 1432 omnis
1906 1394 2087 1450 gene-

434 1465 517 1520 ris
539 1464 886 1522 aﬂ‘ectiones
909 1479 1225 1537 perpessos
1245 1462 1387 1520 deos
1412 1469 1925 1536 statuunt,eosque
1952 1465 2089 1520 imi—

434 1560 659 1621 tantur,
690 1554 799 1609 hos
831 1570 907 1609 ne
938 1554 1122 1625 pudet
1151 1554 1393 1624 quidem
1426 1555 1749 1626 exemplari
1783 1556 2086 1627 pravitatis

436 1660 559 1698 suae
590 1642 789 1699 inniti.
822 1642 930 1708 Qui
962 1658 1096 1696 vero
1128 1642 1316 1698 fatum
1374 1648 1434 1698 et
1494 1643 1721 1699 natales
1770 1644 2085 1699 commini.

436 1737 684 1788 scuntur
713 1748 782 1788 ac
812 1731 1149 1804 prodigiose
1180 1736 1501 1804 nugantur,
1529 1738 1736 1789 contra
1776 1733 1902 1787 hinc
1935 1731 2087 1787 nihil

435 1821 744 1877 hominem
770 1837 965 1892 neque
996 1836 1169 1893 agere
1199 1837 1394 1893 neque
1426 1822 1528 1878 56
1550 1822 1781 1895 perpeti
1814 1839 2011 1893 posse,
2045 1821 2082 1876 ii
2117 1852 2164 1917 Β

434 1926 641 1966 secure
655 1909 1153 1982 peccant,absque
1176 1916 1357 1978 metu,
1383 1915 1587 1982 utpote
1609 1928 1758 1982 quos
1782 1928 1888 1967 sua
1926 1911 2082 1967 nati-

432 1999 578 2054 vitas
608 1999 693 2055 ita
719 2014 892 2072 agere
923 2004 1093 2071 cogat
1119 2015 1131 2052 :
1164 1998 1352 2055 fatum
1369 2001 1587 2072 quippe
1599 2000 1716 2055 vim
1730 2001 2085 2057 coactricem

433 2105 586 2155 esse,
620 2105 751 2159 quas
779 2089 1041 2143 materiai
1070 2095 1299 2143 motum
1331 2090 1560 2144 afferat.
1591 2091 1846 2145 Rursum
1879 2091 1978 2162 qui
2012 2091 2087 2145 si-

435 2193 511 2232 ne
537 2176 909 2249 providentia
939 2177 1042 2233 Dei
1073 2177 1317 2233 fortuito
1376 2178 1579 2233 omnia
1633 2178 1774 2233 ferri
1826 2196 2086 2250 casuque

433 2267 777 2322 universum
808 2266 922 2322 hoc
951 2266 1041 2339 agi
1077 2267 1395 2338 perhibent
1425 2267 1579 2339 (esse
1612 2267 2084 2324 enimfortunam

435 2373 679 2413 causam
710 2371 816 2427 per
845 2356 1145 2422 accidens,
1179 2374 1248 2412 ac
1278 2357 1562 2428 quiddam
1591 2362 1821 2413 naturas
1842 2358 2085 2415 aliunde

432 2444 711 2501 accidens
737 2450 841 2501 aut
896 2445 1196 2516 consilio),
1255 2445 1317 2500 hi
1377 2445 1588 2501 eodem
1645 2446 1978 2503 incidentes
2024 2448 2085 2503 in

433 2540 733 2590 extremas
762 2534 1202 2606 profunditates
1232 2534 1520 2606 perniciei
1553 2551 1622 2590 ac
1652 2536 1962 2609 voragines
1993 2537 2085 2593 in-

430 2624 695 2680 ferorum
722 2624 1140 2681 devolvuntur.
1164 2645 1191 2673 ››

506 2801 723 2857 Videns
748 2819 885 2875 ergo
916 2801 1111 2857 dictus
1141 2804 1499 2859 Gerarorum
1531 2819 1634 2858 rex
1664 2802 2085 2860 Abimelechus

431 2891 731 2947 Abraham
756 2891 818 2946 in
842 2891 1122 2946 omnibus
1148 2892 1325 2947 rebus
1348 2894 1824 2964 prosperitatem,
1852 2910 2082 2950 assum-

2196 589 2304 626 ται·
2340 573 2402 627 τὸ
2432 569 2553 637 ἔθος
2584 571 2662 644 δὲ,
2693 575 2884 631 ὁποῖον
2913 575 2974 630 ἂν
3019 576 3076 647 ᾗ,
3118 574 3228 631 εἷ’τε
3271 573 3473 646 ἀληθὲς
3501 574 3608 631 εἴτε
3638 573 3850 650 ψευδὲς,

2197 660 2434 736 ἀκρίτως
2494 663 2579 743 ὑφ’
2635 665 2828 719 ἑαυτοῦ
2881 666 3217 741 κρατύνεται.
3282 666 3388 722 Καὶ
3471 665 3595 722 οὔτε
3651 666 3854 737 ἀληθεῖ

2197 745 2556 820 ὅντιιῆδεται
2615 753 2642 807 ὁ
2700 753 2962 827 πατρόθεν
3022 753 3151 810 αὐτὸ
3211 751 3672 829 παραδεξάμενος,
3725 752 3852 810 οὔτε

2198 837 2384 913 ψευδεῖ
2413 838 2660 916 ἄχθεται,
2710 841 2796 898 ὅτι
2855 844 2918 898 οὐ
2976 845 3150 919 κρίσει
3182 848 3369 919 ψυχῆς
3403 841 3512 916 ἰδίᾳ
3535 844 3682 900 ἀλλὰ
3713 866 3855 918 προ·-

2200 927 2367 1002 λήψει
2424 930 2662 986 πιστεύει
2722 933 2812 986 καὶ
2882 933 3077 1007 γνώμῃ
3150 938 3258 989 τῶν
3318 934 3425 1008 πρὸ
3482 934 3675 991 αὐτοῦ.
3730 936 3855 991 Ἐπ’

2198 1017 2391 1092 ἀδήλῳ
2421 1017 2477 1075 δὲ
2506 1020 2649 1097 τύχη
2681 1022 2780 1091 τὴν
2835 1020 2972 1077 ἰδίαν
3027 1019 3375 1085 ἐπιδεδωκὼς
3409 1020 3626 1092 ἐλπίδα,
3660 1024 3725 1079 ού
3757 1024 3857 1098 ῥᾳ-

2198 1105 2326 1170 δίως
2357 1107 2475 1184 ἔχει
2524 1110 2627 1178 τήν
2686 1114 2912 1186 πάτριον
2973 1110 3342 1167 ἀποδύσασθαι
3398 1107 3727 1188 περιϐολὴν,
3758 1111 3859 1167 κᾶν

2196 1198 2336 1252 πάνυ
2398 1198 2557 1272 μωρᾶ
2610 1200 2791 1271 τούτῳ
2848 1200 2939 1255 καὶ
3009 1199 3412 1277 καταγέλαστος
3473 1201 3611 1255 οὖσα
3668 1205 3856 1278 σαφῶς

2195 1283 2599 1344 ἀποδείκνυται.
2632 1289 2699 1346 Ol
2733 1290 2828 1361 μὶν
2891 1290 2983 1344 οὗν
3042 1289 3290 1351 πολλοὺς
3349 1290 3438 1343 καὶ
3488 1295 3859 1354 παντοπαθεῖς

2197 1376 2585 1452 εἰσηγούμενοι
2635 1378 2810 1450 θεοὺς,
2866 1379 2934 1433 τὰ
2990 1380 3158 1451 ὅμοια
3216 1376 3273 1434 δὲ
3329 1379 3515 1441 αὐτοῖς
3547 1400 3863 1454 καταπρατν

2194 1465 2439 1538 τόμενοι,
2476 1465 2602 1522 οὐδὲ
2631 1465 2916 1523 αἰδοῦνται
2952 1473 3032 1540 τῷ
3089 1475 3190 1537 τῆς
3234 1468 3425 1530 κακίας
3454 1465 3860 1544 παραδείγματι

2196 1553 2624 1630 έπερειδόμενοι.
2662 1558 2729 1615 Οἱ
2787 1557 3123 1632 εἱμαρμένην
3187 1556 3246 1612 δὲ
3302 1556 3731 1619 ἀναπλάττοντες
3760 1558 3855 1612 καὶ

2194 1643 2422 1721 γένεσιν,
2488 1643 2657 1718 μηδὲν
2715 1643 2837 1702 οίίτε
2893 1652 3069 1702 ποιεῖν
3135 1644 3258 1703 οὔτε
3315 1649 3544 1724 πάσχειν
3591 1646 3857 1703 δύνασθαι

2194 1736 2340 1807 παρά
2394 1733 2589 1797 ταύτας
2641 1733 3154 1811 τερατολογοῦντες,
3204 1736 3380 1801 ἀδεῶς
3427 1738 3858 1811 ἁμαρτάνουσιν,

2194 1822 2294 1878 οὐκ
2348 1818 2769 1899 εὐλαϐούμενοι,
2830 1826 2904 1886 ὡς
2962 1825 3065 1880 ὑπὸ
3122 1822 3383 1900 γενέσεως
3451 1829 3619 1882 ταῦτα
3676 1831 3860 1884 ποιεῖν

2190 1912 2639 1990 ἀναγκαζόμενοι·
2708 1915 3044 1989 εἱμαρμένην
3087 1915 3189 1988 γὰρ
3248 1912 3655 1991 ἀναγκαστικήν
3724 1916 3866 1971 εἶναί

2189 2022 2310 2056 τινα
2367 2000 2591 2075 δύναμιν
2651 2003 2741 2057 καὶ
2797 2009 2898 2073 τῆς
2956 2003 3097 2075 ὕλης
3150 2003 3284 2081 φησί
3346 2008 3651 2076 κινητικήν.
3698 2006 3766 2062 Οἰ
3803 2003 3867 2061 δὲ

2189 2090 2355 2147 πάλιν
2414 2092 2757 2167 ἀπρονόητον
2819 2092 2992 2171 φορὰν
3044 2094 3135 2148 καὶ
3193 2092 3350 2149 ἆίθεον
3384 2097 3418 2165 ἢ
3472 2094 3702 2170 τυχαίαν
3745 2095 3864 2151 εἰσ·

2191 2182 2498 2256 ηγούμενοι
2550 2183 2625 2244 ὡς
2692 2181 3018 2255 αὐτομάτως
3093 2187 3200 2237 τῶν
3264 2184 3483 2238 πάντων
3541 2185 3865 2263 φερομένων

2190 2269 2391 2348 (τύχην
2434 2270 2537 2345 γὰρ
2595 2269 2771 2325 αἰτίαν
2829 2271 2965 2325 κατά
3033 2266 3387 2344 συμϐεϐηκὸς
3420 2271 3511 2326 καὶ
3541 2271 3867 2347 σύμπτωμα

2193 2358 2403 2433 φύσεως
2460 2356 2496 2428 ἤ
2567 2358 2933 2434 προαιρέσεως
3018 2360 3149 2414 εἶναι
3238 2360 3506 2436 λέγουσι),
3555 2361 3644 2417 καὶ
3701 2360 3866 2418 οὗτοι

2191 2448 2355 2505 πάλιν
2384 2454 2500 2510 τοῖς
2532 2447 2671 2510 ἷ¹σοις
2730 2450 3147 2524 περιπίπτοντες
3207 2450 3284 2512 εἰς
3342 2450 3614 2527 ἐσχάτους
3650 2452 3859 2528 βυθοὺς

2191 2537 2468 2602 ἀπωλείας
2495 2540 2586 2593 καὶ
2618 2539 2862 2615 βάραθρα
2892 2536 3025 2610 ᾅδου
3051 2544 3404 2597 καταντῶσιν.

2264 2799 2416 2857 Ἰδὼν
2448 2802 2540 2857 οὗν
2582 2804 2611 2858 ὁ
2665 2800 3066 2877 προειρημένος
3123 2804 3381 2880 βασιλεὺς
3415 2809 3663 2881 Γεράρων
3694 2802 3864 2862 ’Λϐιο

2196 2889 2374 2966 μέλεχ
2392 2893 2448 2945 ’ἐν
2471 2892 2629 2946 παντὶ
2648 2886 2790 2967 ἴργῳ
2818 2890 3180 2966 εύοδούμενον
3203 2894 3294 2949 τὸν
3322 2889 3594 2969 ’Δὸραὰμ,
3616 2895 3865 2969 Ὀχοζάδ

430 2981 549 3053 ptis
573 2979 876 3036 Ochozado
897 2981 1157 3053 gyntecei
1179 2981 1458 3052 praefecto
1480 2986 1538 3034 et
1558 2982 1841 3037 Philocho
1860 3000 2084 3038 summo

2197 2979 2282 3034 τὸν
2315 2981 2689 3059 νυμφαγωγὸν
2728 2982 2817 3036 καὶ
2882 2980 3074 3057 Φίλοχ
3128 2982 3219 3037 τὸν
3278 2982 3722 3060 ἀρχιστράτηγον
3758 2984 3868 3040 αύ-

434 3070 730 3127 exercitus
752 3070 840 3124 sui
865 3069 1035 3140 duce,
1070 3070 1143 3125 ad
1165 3070 1569 3126 Abrahamum
1612 3073 1790 3139 venit,
1813 3074 2086 3129 arctioris

2197 3073 2288 3123 τοῦ
2336 3064 2669 3143 παραλαϐὼν
2701 3073 2800 3138 ἧκε
2855 3071 2993 3145 πρὸς
3054 3067 3326 3146 Ἀϐραὰμ,
3362 3070 3550 3150 φιλίαν
3579 3071 3864 3143 ἐπικυρῶν

434 3158 712 3215 amicitias
737 3157 1049 3229 iungendae
1067 3159 1284 3231 gratia;
1302 3160 1589 3231 petiitque
1624 3161 1697 3216 ab
1738 3178 1807 3217 eo
1839 3164 2082 3233 utjura-

2197 3158 2602 3232 κραταιοτέραν,
2654 3158 2743 3213 καὶ
2794 3160 2954 3233 ὅρκον
3014 3159 3256 3216 ἀπαιτῶν
3302 3164 3376 3235 μή
3414 3159 3690 3233 ἀδικήσειν
3725 3165 3866 3236 μήτ’

434 3255 640 3305 mento
661 3226 1013 3321 interposito
1035 3226 1423 3321 stipularetur
1440 3226 1511 3307 se
1534 3268 1602 3307 ac
1644 3226 2080 3323 posteros'Abi-

2197 3246 2354 3302 αὐτὸν
2392 3249 2532 3319 μήτε
2578 3248 2642 3303 τὸ
2700 3247 2917 3324 σπέρμα
2974 3249 3157 3306 αύτοῦ.
3198 3273 3225 3304 ει
3258 3252 3449 3315 Καθὼς
3482 3252 3592 3329 ἐγὼ
3624 3250 3865 3322 ἐποίησα

434 3341 844 3398 melechumet
859 3347 1128 3414 posteros
1172 3342 1338 3398 nulla
1378 3343 1948 3417 injuriaaﬂ'ecturos,
1983 3344 2085 3400 sed

2197 3335 2330 3407 μετά
2362 3339 2459 3389 σοῦ
2490 3332 2839 3408 δικαιοσύνην
2891 3339 2944 3392 ἐν
2992 3337 3162 3413 ταύτῃ
3213 3342 3280 3412 τῇ
3328 3343 3397 3415 γῇ
3429 3338 3466 3414 ᾖ
3494 3340 3858 3415 παρῴκησας,

434 3431 535 3487 ubi
568 3446 815 3504 regnum
848 3430 909 3485 in
934 3432 1363 3504 istasregiones
1377 3433 1730 3490 obtenturus
1759 3440 1933 3503 esset,
1957 3441 2085 3490 tum

2197 3424 2337 3479 οὓτω
2366 3422 2456 3478 καὶ
2488 3423 2550 3478 σὺ
2603 3426 2720 3498 μετ’
2774 3424 2910 3498 ἐμοῦ
2968 3427 3055 3481 καί
3089 3432 3186 3483 τού
3219 3430 3526 3501 σπέρματος
3561 3450 3690 3500 μου,
3723 3428 3859 3484 ὅταν

439 3538 571 3577 eam
589 3520 974 3577 Abimelecbo
991 3522 1239 3594 ejusque
1270 3525 1525 3595 posteris
1538 3525 1879 3595 aequitatem
1921 3528 2084 3581 exhi-

2197 3511 2538 3588 βασιλεύσεις
2568 3513 2770 3585 ταύτης
2804 3523 2901 3586 τῆς
2929 3523 3053 3590 γῆς.
3093 3542 3113 3567 ε
3179 3517 3351 3572 Δεινοὶ
3384 3519 3486 3593 γὰρ
3519 3518 3571 3572 οἰ
3606 3517 3860 3592 βασιλεῖς

438 3611 703 3666 biturum
737 3627 916 3681 quam
941 3612 1068 3684 ipse
1090 3613 1342 3669 Gerarisi
1369 3615 1709 3685 nquilinum
1740 3632 1921 3688 agens
1946 3616 2085 3672 Abi-

439 3700 693 3755 melechi
725 3706 1001 3771 expertus
1031 3703 1541 3775 esset.Casteroqui
1558 3709 1756 3759 autem
1780 3722 1948 3778 reges
1971 3705 2088 3761 cal-

439 3790 567 3845 lent
598 3789 709 3844 sibi
743 3806 1122 3847 successuros
1172 3793 1533 3848 omnimodis
1565 3793 1804 3850 indiciis
1834 3812 2089 3867 praenos-

439 3895 572 3934 cere
599 3883 835 3945 ;eterat
857 3896 997 3934 sane
1019 3878 1338 3935 Abrahami
1360 3882 1682 3952 posteritas
1700 3882 1759 3938 in
1787 3899 1886 3938 eas
1906 3884 2091 3956 regio-

438 3986 546 4025 nes
595 3968 881 4026 ditionem
908 3976 1321 4028 consecutura.
1351 3972 1725 4029 Abrahamus
1756 3989 1934 4044 porro
1956 3973 2091 4029 Abi-

437 4060 710 4116 melecho
756 4061 1099 4132 exprabavit
1126 4068 1359 4134 puteos,
1393 4080 1542 4134 quos
1573 4065 1701 4136 ejus
1732 4064 1941 4121 famuli
1966 4066 2089 4121 suis

440 4148 802 4221 eripuissent
843 4150 926 4206 Ibi
960 4167 1097 4219 ergo
1120 4150 1195 4206 ad
1224 4156 1470 4223 puteum
1497 4155 1824 4227 congressi,
1859 4161 2088 4212 macta—

440 4237 515 4293 tis
539 4237 744 4293 ovibus
767 4243 825 4293 et
845 4238 1260 4306 vitulis,f(edus
1280 4240 1444 4312 pacis
1466 4242 1720 4298 invicem
1744 4248 2087 4299 sanxerunt.

438 4326 585 4382 Aliis
609 4344 787 4399 porro
804 4328 1071 4400 agnabus
1094 4334 1318 4400 septem
1333 4330 1744 4401 juramentum
1767 4332 1878 4387 rite
1928 4348 2092 4404 pere-

439 4422 676 4488 gerunt,
711 4416 786 4472 ad
815 4416 1350 4474 demonstrandum
1373 4420 1673 4491 quodipse
1698 4420 1913 4476 foderit
1937 4437 1950 4487 ;
1979 4422 2089 4477 ita-

440 4522 554 4577 que
576 4506 755 4562 etiam
777 4507 1371 4578 Puteusjurz'sjurandi
1383 4510 1425 4566 ὃ
1439 4510 1477 4564 7
1497 4509 1849 4582 appellatur.
1866 4512 1952 4566 Ita
1966 4516 2092 4567 tum

2191 3604 2284 3657 τὸν
2356 3600 2629 3676 μέλλοντα
2722 3607 2950 3669 τούτους
3042 3603 3387 3681 διαδέχεσθαι
3472 3604 3855 3662 παντοδαποῖς

2191 3693 2575 3766 τεκμαίρεσθαι
2638 3688 2964 3766 συμϐόλοις*
3026 3696 3117 3749 καὶ
3177 3696 3279 3771 γὰρ
3337 3690 3542 3768 ἔμελλε
3600 3693 3688 3750 διὰ
3741 3697 3858 3751 τῶν

2193 3779 2244 3851 ἐξ
2302 3781 2469 3837 αὐτοῦ
2526 3785 2882 3857 γεννωμένων
2941 3782 3150 3854 ἐκείνης
3225 3791 3324 3853 τῆς
3380 3791 3485 3859 γῆς
3544 3784 3861 3858 βασιλεύειν

2195 3865 2463 3944 ’Δόραάμ.
2499 3870 2901 3945 Προσωνείδισε
2962 3871 3018 3927 δὲ
3075 3874 3169 3928 τὸν
3228 3868 3541 3949 ’Δϐιμέλεχ
3593 3873 3860 3949 περὶτῶν

2194 3961 2559 4038 ἀφῃρημένων
2610 3961 2855 4039 φρεάτων
2909 3962 3011 4017 ὑπὸ
3060 3967 3168 4016 τῶν
3218 3962 3384 4017 αὐτοῦ
3439 3960 3671 4017 παίδων.
3708 3966 3867 4018 Ἐκεῖ

2196 4049 2288 4105 οὖν
2344 4052 2490 4126 παρά
2543 4050 2607 4105 τὸ
2675 4052 2843 4129 φρέαρ
2900 4053 3209 4125 γενόμενοι,
3286 4052 3375 4107 καὶ
3444 4046 3694 4128 πρόϐατα
3762 4053 3863 4108 καὶ

2199 4142 2448 4218 μόσχους
2547 4153 2850 4209 τεθυκότες,
2931 4139 3167 4213 διαθήκη
3248 4142 3476 4218 εἰρήνης
3552 4142 3864 4219 ἀμφότεροι

2196 4228 2453 4302 διέθεντο,
2515 4231 2568 4285 έν
2627 4231 2761 4286 ἑπτὰ
2820 4234 2903 4305 [Ρ.
2952 4234 3040 4305 32]
3102 4230 3158 4286 δὶ
3215 4233 3441 4306 ἀμνάσιν
3502 4230 3707 4306 ἑτέραις
3757 4232 3860 4288 τὸν

2195 4321 2458 4398 ὁρκισμὸν
2542 4322 2658 4376 κατ’
2726 4316 2845 4384 ἔθος
2919 4325 3242 4393 ποιήσαντες
3305 4321 3382 4384 εἰς
3441 4319 3714 4392 ἀπόδειξιν
3767 4320 3864 4378 ὅτι

2195 4409 2394 4483 ὢρυξεν
2453 4410 2634 4479 αὐτὸς,
2697 4408 2783 4464 διὸ
2849 4412 2936 4466 καὶ
3026 4411 3205 4486 Φρέαρ
3266 4410 3432 4486 ὅρκου
3512 4411 3860 4483 ὠνόμασται.

2196 4500 2299 4557 Καὶ
2358 4499 2532 4564 οὕτως
2587 4500 2760 4555 ἐκεῖσε
2823 4500 3099 4576 ε’ρηνικάς
3163 4499 3488 4575 διαθέμενοι,
3545 4495 3866 4577 Ἀϐιμέλεχ

438 4596 520 4651 ibi
539 4612 681 4668 pace
706 4598 937 4653 sancita
955 4596 1375 4653 Abimelechus
1397 4615 1533 4654 cum
1557 4600 1678 4655 suis
1707 4599 1951 4656 domum
1995 4619 2086 4656 re-

2204 4588 2298 4663 μὶν
2355 4589 2489 4662 μετὰ
2526 4595 2636 4644 τῶν
2687 4589 2902 4645 οἰκείων
2951 4588 3139 4647 οἴκαδε
3214 4588 3535 4659 ἐπανῆλθεν.
3598 4584 3866 4664 Ἀϐραὰμ

438 4683 566 4740 diit.
592 4686 967 4741 Abrahamus
983 4703 1115 4741 vero
1139 4693 1295 4742 terra
1323 4704 1425 4743 seu
1449 4693 1614 4759 prato
1641 4690 1799 4760 quod
1822 4691 1896 4746 ad
1934 4708 2084 4763 praa-

438 4774 662 4830 dictum
686 4781 777 4830 est
800 4782 1065 4848 puteum,
1092 4776 1311 4848 plantis
1333 4778 1563 4833 consito
1587 4796 1807 4835 nomen
1851 4781 2087 4836 Domini

439 4864 543 4920 Dei
565 4865 771 4919 aeterni
795 4865 1105 4921 invocavit.
1132 4867 1275 4920 Cum
1300 4867 1498 4922 autem
1543 4868 1865 4925 admodum
1907 4888 2088 4926 senex

434 4955 628 5013 factus
650 4973 838 5012 annos
862 4957 962 5010 176
985 4957 1247 5026 vixisset,
1272 4957 1345 5012 ad
1368 4959 1549 5014 Deum
1576 4977 1643 5015 ex
1666 4961 1777 5017 hac
1798 4962 1915 5016 vita
1947 4980 2087 5018 con-

434 5048 631 5104 cessit.
667 5049 814 5103 Eum
847 5048 1083 5102 Isaacus
1127 5054 1186 5103 et
1245 5050 1533 5106 lsmaelus
1580 5053 1686 5107 filii
1742 5054 1803 5108 in
1863 5053 2086 5126 duplici

435 5137 725 5209 spelunca
746 5136 921 5207 juxta
950 5136 1153 5192 Saram
1183 5137 1600 5210 sepeliverunt.

505 5226 844 5283 Secundum
876 5226 1022 5292 haec,
1054 5243 1190 5283 cum
1212 5229 1339 5300 jam
1372 5231 1601 5287 virilem
1632 5237 1868 5287 aetatem
1929 5235 2083 5289 Isaa-

433 5331 537 5371 cus
569 5315 877 5389 attigisset,
903 5316 1093 5372 fames
1117 5316 1189 5372 iis
1212 5317 1273 5372 in
1297 5318 1442 5374 locis
1461 5319 1705 5374 exstitit.
1731 5322 1922 5391 Atque
1971 5322 2020 5376 is
2051 5339 2086 5378 a

437 5406 552 5461 Deo
584 5406 643 5461 in
674 5408 985 5479 Egyptum
1017 5408 1102 5463 ire
1132 5408 1468 5479 prohibitus
1500 5425 1635 5464 cum
1682 5414 1805 5465 tota
1856 5410 2085 5468 familia

432 5495 648 5551 Gerara
660 5497 735 5552 ad
750 5496 1190 5554 Abimelechum
1204 5498 1647 5555 Philistayorum
1660 5517 1859 5574 regem
1874 5520 1935 5559 se
1949 5521 2086 5559 con-

432 5584 919 5643 tulit.Rebeccam
936 5595 1059 5643 tum
1072 5606 1319 5649 uxorem
1339 5592 1696 5662 suam,quod
1715 5599 1839 5647 erat
1854 5586 2081 5665 insigni

429 5672 663 5743 pulchri
673 5675 1223 5744 tudine,Abrahami
1244 5679 1315 5734 de
1329 5680 1471 5736 Sara
1483 5680 1925 5740 simulationem
1941 5685 2045 5739 imi
2062 5716 2077 5725 ο

2200 4675 2259 4732 δὲ
2314 4677 2547 4753 ἄρουραν
2607 4680 2642 4749 ἢ
2698 4677 2949 4753 λειμῶνα
3006 4679 3094 4735 ἐπὶ
3150 4685 3230 4752 τῷ
3288 4684 3383 4734 τοῦ
3442 4679 3607 4753 ὅρκου
3665 4678 3864 4754 φρέατι

2200 4766 2461 4844 φυτεύσας
2489 4767 2550 4821 τὸ
2582 4763 2754 4840 ὄνομα
2805 4767 3133 4841 έπικέκληκε
3184 4770 3411 4845 Κυρίου,
3447 4770 3577 4830 Θεὸς
3609 4767 3860 4830 αἰώνιος.

2198 4856 2292 4917 Εἰς
2329 4858 2463 4933 βαθὺ
2496 4855 2588 4912 οὖν
2639 4865 2813 4932 γῆρας
2874 4858 3073 4921 ἐλάσας
3126 4854 3404 4933 Ἀϐραὰμ,
3443 4858 3533 4912 καὶ
3563 4856 3859 4931 γενόμενος

2196 4945 2329 5000 ἐτῶν
2365 4950 2493 5024 ρος’,
2532 4945 2759 5021 μετέστη
2795 4950 2929 5023 πρὸς
2982 4951 3074 5004 τὸν
3123 4950 3273 5003 Θεόν.
3309 4950 3518 5004 Τοῦτον
3552 4947 3732 5003 Ἰσαὰκ
3760 4946 3859 5002 καὶ

2194 5038 2429 5112 Ἰσμαήλ
2481 5038 2536 5094 οἷ’
2582 5039 2691 5094 υἰοὶ
2745 5040 2909 5095 αὐτοῦ
2963 5039 3015 5094 ἐν
3064 5044 3142 5110 τῷ
3193 5036 3374 5109 διπλῷ
3423 5036 3681 5109 σπηλαίῳ
3718 5037 3859 5108 μετὰ

2198 5129 2408 5206 Σάρρας
2432 5132 2732 5186 κατέθεντο.

2268 5238 2421 5297 Μετά
2475 5243 2643 5296 ταῦτα
2696 5235 3056 5314 ἀνδρωθέντος
3118 5236 3298 5296 Ἰσαάκ
3342 5235 3552 5312 ἐγένετο
3599 5233 3765 5308 λιμὸς
3799 5235 3853 5290 έν

2192 5327 2263 5402 τῇ
2292 5332 2363 5404 γῇ
2397 5328 2595 5383 αὐτῶν⁸
2642 5326 2933 5383 Κωλύεται
2982 5324 3040 5382 δὲ
3090 5328 3235 5402 παρὰ
3274 5331 3372 5382 τοῦ
3403 5330 3538 5382 Θεοῦ
3569 5323 3647 5386 εἷς
3681 5323 3855 5398 Αἴγυ-

2193 5437 2324 5472 πτον
2371 5414 2675 5486 κατελθεῖν,
2718 5417 2939 5471 πανοικὶ
2997 5413 3055 5471 δὲ
3102 5416 3177 5479 εἷς
3226 5413 3429 5489 Γέραρα
3452 5433 3588 5489 προς
3624 5406 3855 5486 Ἀϐιμέ-

2194 5504 2302 5582 λεχ
2345 5504 2566 5582 ἔρχεται
2617 5506 2707 5561 τὸν
2761 5505 2987 5579 βασιλέα
3037 5504 3381 5579 Φιλιστιείμ.
3432 5503 3580 5573 Φησὶ
3651 5498 3707 5556 δὲ
3758 5502 3850 5556 καὶ

2192 5595 2353 5658 αὐτὸς
2387 5595 2507 5669 περί
2538 5590 2825 5656 Ῥεϐέκκας
2880 5594 2953 5655 ὡς
3004 5590 3263 5670 Ἀϐρααμ
3311 5593 3435 5668 περὶ
3485 5590 3719 5666 Σάρῥας,
3764 5589 3851 5646 ὅτι

2194 5682 2436 5759 Ἀδελφή
2474 5705 2578 5756 μου
2611 5682 2773 5738 ἐστίν·
2810 5685 2873 5752 ἦν
2908 5683 3011 5759 γὰρ
3049 5684 3222 5759 ὡραία
3268 5679 3493 5761 σφόδρα.
3530 5683 3624 5738 Ἐκ
3656 5677 3713 5734 δὲ
3742 5685 3847 5748 τῆς
