4118 6420
258 369 332 432 85
1427 367 1967 431 HISTORIARUM
2017 370 2344 431 GOMPEN
2357 368 2553 431 DlUM
3623 369 3705 426 86

264 502 488 566 παιδιᾶς
518 501 680 577 γνοὺς
737 495 1059 579 Ἀϐιμέλεχ
1110 503 1338 574 γυναῖκα
1387 501 1555 555 αὐτοῦ
1586 500 1738 572 εἶναι,
1771 501 1935 557 αὐτὸν

2062 506 2232 572 tatus,
2262 519 2535 558 sororum
2566 518 2698 557 esse
2729 516 2898 556 suam
2931 499 3102 555 dixit.
3145 499 3257 554 Sed
3286 500 3708 557 Abimeleclius

275 595 370 669 μὶν
426 587 701 670 μέμφεται
762 590 841 653 ὼς
896 588 1134 660 τάληθὲς
1189 589 1670 666 ἀποκρυψάμενον,
1701 591 1941 669 ἀποφαί-

273 705 422 741 νεται
472 680 532 737 δὲ
570 682 748 737 πάντα
791 681 886 736 τὸν
934 681 1237 753 ἁπτόμενον
1290 679 1473 737 Ἰσαὰκ
1518 680 1608 735 καὶ
1656 677 1942 743 Ῥεϐἑκκας

275 774 554 849 ἐνέχεσθαι
642 769 879 843 θανάτῳ.
958 769 1149 832 Οὕτως
1226 767 1499 844 εὖλόγησε
1574 768 1776 844 Κύριος
1848 770 1939 825 τὸν

275 862 464 919 Ἰσαὰκ
487 858 593 922 ἓως
625 858 819 922 τέλους
880 858 1020 913 ὥστε
1078 856 1327 928 ζηλῶσαι
1386 862 1580 914 τοῦτον
1618 858 1744 921 τοὺς
1777 855 1943 913 Φιλι-

276 951 488 1022 πιεὶμ,
542 949 633 1003 καὶ
691 949 868 1003 πάντα
949 948 1016 1002 τὰ
1089 945 1292 1024 φρέατα
1345 945 1380 1002 ἃ
1432 944 1632 1022 ὤρυξεν
1691 943 1946 1023 ’Δϐραὰμ

272 1040 570 1119 ἐμφράξαι.
606 1038 759 1095 Μετὰ
804 1040 968 1091 τοῦτο
999 1034 1050 1091 tv
1084 1039 1158 1111 τῇ
1208 1036 1445 1115 φάραγγι
1499 1036 1745 1112 Γεράρων
1782 1056 1945 1111 μετα-

275 1124 535 1198 ϐεϐηκὼς
600 1125 904 1200 ἀνεκάθηρε
941 1125 1008 1179 τὰ
1064 1125 1304 1201 πατρικὰ
1363 1123 1591 1202 φρέατα.
1630 1126 1822 1199 Ὠρυξε
1888 1122 1946 1181 δὶ

273 1218 370 1273 καὶ
426 1215 587 1277 αὐτὸς
642 1216 847 1295 φρέατα
903 1214 1047 1290 τρία,
1109 1215 1183 1270 ὧν
1241 1215 1305 1270 τὸ
1369 1215 1463 1288 μὲν
1525 1212 1852 1285 ἂδικίαν,τὸ
1887 1212 1948 1271 δὲ

278 1301 507 1382 ἔχθραν,
558 1305 623 1360 τὸ
681 1301 739 1360 δὲ
796 1302 979 1379 τρίτον
1068 1302 1413 1383 εὸρυχωρίαν
1470 1303 1773 1377 ὠνόμασεν.
1830 1309 1945 1363 Ἐν.

276 1397 464 1450 τεῦθεν
520 1388 689 1465 ἀνέϐη
740 1392 829 1448 ἐπὶ
884 1392 949 1448 τὸ
1007 1391 1188 1468 Φρέαρ
1243 1396 1341 1447 τοῦ
1399 1394 1564 1467 ὅρκου
1622 1394 1824 1463 Ἰσαὰκ,
1856 1388 1947 1449 καὶ

281 1482 443 1561 ὤφθη
478 1486 631 1557 αὐτῷ
691 1482 887 1558 Κύριος
942 1481 995 1537 ἐν
1055 1483 1291 1557 ὁράματι
1349 1490 1448 1553 τῆς
1501 1484 1692 1546 νυκτὸς
1743 1483 1942 1559 λὲγων·

272 1601 303 1627 α
340 1576 492 1649 Ἐγώ
521 1573 638 1646 εἶμι
672 1574 700 1627 ὁ
731 1572 862 1628 Θεὸς
890 1576 988 1628 τοῦ
1022 1570 1227 1646 πατρός
1279 1593 1376 1627 σου
1408 1567 1682 1649 Ἀϐραὰμ,
1712 1573 1803 1629 καὶ
1834 1573 1948 1650 ἐγώ

278 1663 400 1735 εἶμι
462 1662 599 1734 μετὰ
654 1665 775 1731 σοῦ,
834 1661 927 1715 καὶ
988 1658 1276 1736 εὐλογήσω
1330 1682 1408 1732 σε,
1467 1662 1553 1717 καὶ
1586 1661 1855 1733 πληθυνῶ
1884 1664 1947 1718 τὸ

282 1753 504 1826 σπέρμα
537 1772 634 1805 σου
686 1750 760 1812 ὡς
814 1749 883 1805 τὰ
940 1750 1107 1824 ἄστρα
1161 1754 1259 1804 τοῦ
1319 1749 1566 1824 οὐρανοῦ,
1601 1749 1672 1805 δι’
1700 1749 1950 1829 Ἀϐραὰμ

2051 610 2188 649 cum
2210 610 2279 648 ex
2306 593 2443 649 lusu
2475 591 2870 647 intellexisset
2894 606 3025 645 eam
3057 606 3301 644 uxorem
3333 606 3484 658 esse,
3506 590 3706 647 lsaaco

2052 683 2360 756 objurgato
2392 682 2549 754 quod
2580 698 2783 737 verum
2815 679 3270 747 dissimulasset,
3293 680 3484 751 capite
3509 682 3710 736 sanxit

2052 790 2126 829 ne
2158 773 2293 845 quis
2321 776 2587 830 lsaacum
2648 773 2847 843 ejusve
2905 786 3152 825 uxorem
3219 775 3505 842 tangeret.
3555 771 3708 826 Deus

2052 870 2252 919 autem
2276 864 2539 917 Isaacum
2562 861 2957 933 prosperitate
2982 864 3270 931 perpetua
3312 859 3526 923 beavit,
3562 858 3710 914 adeo

2054 959 2120 1008 ut
2144 952 2435 1008 Philisteei
2467 951 2802 1006 invidentes
2834 950 2946 1021 ipsi
2978 965 3188 1005 omnes
3237 949 3310 1004 ab
3369 948 3710 1005 Abrahamo

2054 1043 2303 1098 eﬂ'ossos
2324 1047 2539 1113 puteos
2570 1040 2995 1096 obturaverint.
3029 1040 3171 1093 Post
3201 1039 3327 1093 hmc
3356 1040 3594 1095 Isaacus
3652 1038 3713 1093 in

2054 1131 2269 1188 vallem
2299 1132 2689 1186 Gerarensem
2720 1129 3023 1202 digressus
3055 1128 3241 1200 patris
3272 1134 3484 1199 puteos
3502 1143 3714 1199 repur-

2053 1222 2227 1294 gavit,
2261 1225 2438 1292 atque
2472 1219 2597 1290 ipse
2629 1219 2807 1274 etiam
2871 1224 2991 1272 tres
3046 1216 3199 1273 alios
3257 1217 3397 1289 egit,
3456 1233 3712 1287 quorum

2056 1311 2249 1382 primo
2281 1309 2541 1381 injuria),
2575 1307 2834 1363 secuudo
2863 1306 3219 1373 inimicitiaa,
3276 1306 3449 1360 tertio
3494 1305 3717 1377 ampli-

2056 1401 2280 1458 tudinis
2313 1416 2532 1455 nomen
2566 1398 2802 1453 indidit.
2839 1396 2981 1452 Inde
3012 1396 3086 1451 ad
3116 1398 3354 1451 Puteum
3407 1396 3724 1466 juramenti

2054 1487 2738 1558 ascendit;noctuqueei
2757 1487 3042 1541 Dominus
3066 1485 3363 1557 apparuit,
3398 1485 3597 1556 itaque
3632 1483 3725 1559 es§

2055 1579 2269 1634 affatus
2296 1582 2309 1613 ¹
2339 1595 2352 1632 :
2380 1600 2407 1626 α
2434 1579 2550 1648 Ego
2575 1592 2708 1630 sum
2732 1575 2887 1630 Deus
2907 1573 3231 1630 Abrahami
3252 1573 3437 1645 patris
3456 1573 3539 1628 tui
3564 1590 3577 1627 :
3609 1573 3720 1627 tibi

2058 1683 2162 1741 ego
2176 1666 2409 1731 adsum,
2445 1671 2501 1721 te
2515 1665 2729 1733 beabo,
2753 1671 3033 1735 tuamque
3049 1663 3398 1735 progeniem
3417 1662 3489 1718 ad
3511 1661 3721 1718 stella-

2055 1772 2191 1811 rum
2220 1756 2353 1811 cmli
2387 1771 2705 1811 numerum
2736 1752 3041 1825 adaugebo
3082 1757 3325 1823 propter
3384 1750 3482 1807 58
3539 1750 3722 1807 Abra-

278 1842 371 1897 τὸν
405 1840 613 1914 πατέρα
668 1860 783 1895 σου.
821 1862 846 1892 ι»
884 1840 1034 1895 Ἐκεῖ
1090 1836 1182 1894 οὖν
1243 1840 1272 1894 ὁ
1333 1839 1514 1897 Ἰσαὰκ
1560 1843 1945 1918 θυσιαστήριον

2062 1846 2303 1901 hamum
2336 1851 2565 1916 patrem
2599 1849 2786 1897 tuum.
2824 1865 2851 1893 ››
2894 1844 2972 1896 Eo
3032 1842 3230 1914 itaque
3290 1840 3420 1895 loco
3482 1843 3720 1896 lsaacus

281 1927 619 2003 δειμάμενος
677 1927 863 1982 θυσίαν
918 1926 999 2000 τῷ
1075 1927 1261 2004 Κυρίῳ
1344 1928 1640 2003 ἀνέπεμψε,
1698 1931 1787 1984 καὶ
1845 1931 1945 1998 τὴν

281 2022 490 2093 σκηνήν
518 2019 688 2075 αὐτοῦ
743 2019 797 2074 ἐν
857 2019 1005 2093 αὐτῷ
1052 2024 1133 2092 τῷ
1189 2019 1343 2095 τόπῳ
1392 2022 1710 2093 κατέπηξεν.
1742 2025 1948 2097 Ὥσπερ

289 2107 352 2165 εἰ
416 2109 548 2183 πρὸς
607 2104 868 2184 Ἀϐραὰμ
921 2108 1207 2184 πρότερον,
1267 2109 1410 2166 οὕτω
1467 2113 1557 2167 καὶ
1597 2113 1733 2187 πρὸς
1765 2114 1950 2171 Ἰσαὰκ

308 2199 445 2273 μετᾶ
483 2199 637 2254 ταῦτα
666 2198 830 2261 αὐτός
876 2219 937 2254 τε
981 2194 1286 2275 Ἀϐιμὲλεχ
1331 2201 1360 2255 ὁ
1411 2202 1659 2276 Γεράρων
1694 2201 1951 2276 βασιλεὺς

304 2289 395 2345 καί
430 2286 654 2365 Ὀχοζὰό
686 2290 714 2343 ὁ
742 2289 1112 2366 νυμφαγωγὸς
1166 2290 1334 2346 αὐτοῦ
1384 2292 1475 2346 καὶ
1507 2290 1696 2367 Φιλὸχ
1726 2292 1754 2348 ὁ
1787 2293 1951 2371 ἀρχι-

300 2378 600 2454 στράτηγος
643 2386 744 2449 τῆς
797 2375 1079 2452 δυνάμεως
1126 2381 1317 2449 αὐτοῦ,
1368 2379 1569 2443 εἰδότες
1610 2383 1696 2438 ὃτι
1754 2382 1949 2457 Κύριος

294 2471 361 2537 ἦν
396 2469 513 2540 μετ’
568 2466 753 2537 αὐτοῦ,
805 2468 942 2542 πρὸς
991 2468 1152 2524 αὐτὸν
1200 2468 1445 2533 ἆλθόντες
1494 2468 1762 2542 διαθήκην
1796 2471 1951 2547 εἰρή-

291 2579 393 2627 νης
428 2559 565 2629 πρὸς
594 2555 884 2628 ἀλλήλους
933 2556 1287 2629 ἐποιήσαντο,
1320 2559 1410 2615 καὶ
1457 2560 1605 2635 πρωΐ
1633 2560 1950 2624 ἀναστάντες
2000 2620 2003 2623 λ

290 2647 381 2702 καὶ
413 2645 711 2719 ὀμόσαντες
762 2646 1058 2723 ἆπῲχοντο
1108 2649 1243 2721 μετὰ
1298 2650 1576 2726 σωτηρίας
1634 2650 1727 2707 ἀπ’
1761 2651 1946 2707 αὐτοῦ.

366 2736 615 2792 Γίνονται
644 2734 702 2791 δὲ
760 2736 866 2792 ἀπὸ
922 2741 1020 2792 τοῦ
1071 2734 1436 2813 διαμερισμοῦ
1473 2747 1573 2809 τῆς
1605 2741 1949 2815 συγχύσεως,

280 2823 391 2885 ’ἕως
453 2826 517 2880 οὗ
575 2824 744 2894 ἦλθεν
799 2827 1013 2901 Ἀρααμ
1064 2825 1124 2883 ἐκ
1181 2830 1606 2902 Μεσοποταμίας
1638 2829 1698 2885 ἐκ
1734 2828 1951 2892 πόλεῶς

282 2914 502 2992 Χαρῥὰν
567 2915 655 2970 καὶ
701 2920 799 2970 τοῦ
857 2913 1010 2971 οἷ’κου
1064 2921 1163 2971 τοῦ
1201 2919 1405 2993 πατρὸς
1462 2920 1632 2974 αὐτοῦ
1665 2920 1801 2975 κατὰ
1861 2919 1951 2975 31.5.-

280 3003 473 3061 λευσιν
533 3009 671 3060 Θεοῦ
740 3004 817 3067 εἷς
874 3012 975 3082 γῆν
1039 3007 1274 3076 Χαναὰν,
1334 3008 1368 3076 ἢ
1424 3007 1535 3063 ἐστι
1590 3008 1947 3081 Παλαιστίνη,

278 3094 378 3166 ἔτη
415 3096 553 3174 χις’.
610 3096 856 3171 Ύπῆρχε
915 3092 973 3150 δὲ
1030 3097 1153 3151 τότε
1208 3095 1344 3152 ἐτῶν
1399 3101 1493 3155 οε“.
1557 3099 1846 3174 Διατρίψας
1892 3097 1950 3155 δὲ

279 3186 359 3247 εἷς
410 3185 636 3243 Χαναὰν
697 3182 789 3256 ἔτη
849 3193 942 3253 κε’,
1000 3186 1251 3262 ἐγέννησε
1306 3189 1397 3243 τὸν
1461 3189 1659 3259 Ἰσαὰκ,
1691 3190 1780 3246 καὶ
1816 3190 1950 3263 μετὰ

279 3280 451 3331 τοῦτο
500 3273 688 3347 ἔζησεν
751 3275 845 3349 ἔτη
886 3281 972 3349 [Ρ.
1007 3280 1097 3353 33]
1158 3280 1251 3349 00‘,
1282 3279 1370 3335 καὶ
1425 3279 1655 3336 ἀπέθανε
1688 3283 1851 3351 ζήσας
1881 3284 1948 3337 τὰ

281 3368 460 3421 πάντα
482 3363 578 3436 ἔτη
614 3368 743 3439 ροξ.
775 3369 875 3429 "Oc
935 3368 1025 3423 καὶ
1082 3369 1177 3430 τὰς
1237 3369 1495 3445 εὐλογίας
1551 3376 1649 3426 τοῦ
1679 3371 1950 3450 Μελχισε-

285 3452 381 3510 δὲκ
428 3459 528 3510 τοῦ
577 3455 860 3519 θεσπεσίου
907 3455 1179 3531 βασιλὲως
1230 3439 1435 3530 Σαλήμ
1477 3457 1712 3532 ἐδέξατο,
1744 3439 1946 3536 ἄρτους

283 3546 379 3600 καὶ
435 3546 607 3600 οἶνον·
668 3547 735 3615 ἦν
785 3546 892 3621 γὰρ
921 3546 1094 3621 ἱερεὺς
1143 3553 1240 3602 τοῦ
1297 3555 1433 3605 Θεοῦ
1459 3554 1556 3606 τοῦ
1590 3550 1836 3624 ὑψίστου,
1870 3552 1946 3613 ὡς

287 3636 641 3709 προείρηται.

358 3726 474 3781 Τοῦ
504 3726 686 3781 Ἰσαὰκ
711 3722 866 3788 ὄντος
920 3726 1136 3804 χρόνων
1171 3725 1261 3802 λβ“
1307 3734 1533 3799 τελευτᾷ
1572 3728 1776 3806 Σάῤῥα,
1810 3729 1947 3786 ἐτῶν

283 3814 427 3867 οὖσα
480 3813 666 3868 ἑκατὸν
729 3812 897 3870 ὀκτώ.
962 3815 1057 3870 Καὶ
1114 3815 1373 3872 θάπτεται
1427 3816 1480 3873 ἐν
1538 3813 1786 3893 Χεϐρὼν,
1827 3820 1946 3889 ἣτις

279 3906 379 3955 νῦν
415 3900 874 3977 Ἐλευθερόπολις
922 3903 1191 3974 καλεῖται,
1224 3906 1276 3961 ἰν
1324 3910 1403 3978 τῷ
1449 3905 1710 3980 σπηλαίῳ
1738 3908 1768 3963 ὅ
1798 3909 1947 3980 ὠνήο

276 4012 414 4045 σατο
446 3992 477 4045 ὁ
510 3985 765 4066 ’Δϐραὰμ
821 3991 969 4067 παρὰ
1023 3995 1239 4074 Ἐφρὼν
1298 4000 1396 4050 τοῦ
1451 3997 1718 4054 Χετταίου
1758 4019 1949 4066 τετρα-

273 4080 484 4135 κοσίων
515 4078 807 4155 δραχμῶν,
867 4080 957 4137 ἰπὶ
1018 4082 1290 4159 μαρτυρίᾳ
1345 4089 1456 4141 τῶν
1516 4086 1647 4140 υἱῶν
1698 4088 1820 4143 Χέτο
1856 4088 1947 4154 ἀφ’

274 4169 344 4223 οὗ
400 4171 491 4224 καὶ
552 4170 618 4225 τὰ
670 4167 760 4225 διὰ
812 4172 1154 4246 γραμμάτων
1216 4169 1532 4247 συμϐόλαια
1580 4176 1634 4231 οἱ
1671 4175 1947 4247 Ἕλληνες

273 4258 633 4335 ὁμολογοῦσι
719 4260 1137 4341 παρειληφὲναι.
1204 4264 1385 4320 Ἰσαὰκ
1441 4262 1499 4321 δί
1548 4267 1949 4341 τεσσαράκοντα

272 4346 417 4403 ἑτῶν
494 4348 786 4422 γενόμενος
858 4346 1024 4407 ἔλαϐε
1095 4355 1195 4424 τήν
1268 4350 1572 4425 Ῥεϐέκκαν,
1678 4357 1950 4433 Θυγατέρα

274 4435 565 4507 Βαθουθρι,
597 4436 658 4499 ὅς
689 4437 805 4500 υίὸς
857 4440 1068 4518 Ναχῲρ
1125 4444 1192 4511 ἦν
1249 4439 1442 4519 ὄγδοος
1491 4446 1579 4501 καὶ
1612 4444 1944 4511 τελευταῖος·

275 4526 432 4581 ὀκτὼ
461 4525 567 4602 γὰρ
594 4527 732 4597 ἦσαν
764 4528 873 4616 ἀπὸ
921 4528 1154 4606 Μελχᾶς
1204 4532 1351 4606 αὐτῷ
1398 4530 1609 4596 παῖδες.
1645 4539 1853 4616 Ναχὼρ
1887 4534 1943 4593 δὶ

275 4617 308 4671 ὁ
342 4616 525 4686 πατὴρ
554 4615 811 4689 Βαθουὴλ
843 4620 909 4690 ἦν
959 4618 1199 4698 ἀδελφὸς
1232 4617 1503 4699 Ἀϐραάμ.
1537 4615 1942 4702 Τοιότουγέσχα-

2062 1936 2234 1991 altari
2267 1938 2534 1989 extructo
2558 1949 2686 1987 rem
2709 1933 2827 1987 Deo
2850 1948 3079 1987 sacram
3106 1931 3269 1997 fecit,
3322 1935 3500 2000 atque
3555 1946 3623 1984 eo
3656 1930 3719 1983 in

2063 2025 2190 2081 loco
2205 2024 2657 2081 tabernaculum
2676 2039 2849 2078 suum
2864 2019 3504 2084 collocavit.Quomodo
3523 2024 3659 2073 aute
3670 2035 3719 2073 ιιι

2062 2114 2365 2186 quondam
2396 2114 2469 2171 ad
2495 2114 2918 2180 Abrahamum,
2943 2111 3024 2165 ita
3056 2114 3115 2165 et
3144 2110 3219 2165 ad
3248 2110 3514 2164 lsaacum
3552 2111 3717 2179 post-

2062 2207 2239 2264 modo
2317 2206 2737 2269 Abimelechus
2822 2205 3107 2259 Gerarum
3193 2218 3317 2269 rex,
3413 2192 3717 2255 Ochozado

2061 2298 2324 2369 gynmcei
2357 2296 2447 2352 sui
2472 2297 2753 2368 praefecto
2782 2299 2840 2348 et
2870 2292 3156 2349 Philocho
3189 2306 3422 2346 summo
3482 2287 3712 2343 militias

2064 2387 2341 2459 prmfecto
2372 2386 2711 2450 comitatus,
2738 2384 2914 2439 venit.
2948 2381 3114 2448 Quod
3142 2381 3302 2435 enim
3334 2381 3521 2434 Deum
3549 2379 3706 2433 [saa-

2059 2494 2127 2533 co
2185 2478 2393 2533 adesse
2451 2476 2768 2540 sentirent,
2816 2473 2950 2528 ideo
3010 2471 3085 2526 ad
3145 2487 3281 2525 eum
3322 2473 3707 2525 accesserunt

2061 2575 2405 2638 mutumque
2437 2566 2600 2637 pacis
2622 2566 2737 2620 icto
2772 2563 3011 2619 findere.
3046 2576 3221 2616 mane
3253 2559 3340 2613 illi
3363 2558 3706 2631 jurejuran-

2061 2660 2134 2715 do
2168 2658 2423 2713 invicem
2455 2656 2592 2711 dato
2622 2640 2840 2709 animis
2866 2651 3088 2723 pacatis
3119 2650 3542 2704 discesserunt.

2131 2745 2580 2817 ABabylonicaa
2639 2741 3007 2798 confusionis
3065 2745 3333 2809 tempore
3389 2752 3580 2805 usque
3636 2734 3711 2790 ad

2061 2836 2379 2894 Abrahami
2412 2833 2852 2906 migrationem,
2886 2846 3019 2885 cum
3053 2828 3283 2884 scilicet
3318 2826 3569 2898 jubente
3604 2825 3720 2906 Deo

2060 2928 2256 2984 Garris
2290 2923 2725 2996 Mesopotamia:
2758 2926 3125 2992 paternaque
3158 2918 3333 2971 domo
3384 2914 3610 2970 relictis
3659 2902 3721 2968 in

2060 3026 2282 3091 terram
2340 3018 2760 3080 Chananwam,
2818 3029 2948 3084 qua:
3008 3015 3100 3066 est
3155 3008 3491 3075 Palaestina,
3551 3005 3722 3075 abiit,

2060 3109 2200 3165 anni
2234 3107 2595 3164 eftluxerunt
2625 3106 2747 3157 616.
2786 3104 2924 3157 Erat
2982 3107 3102 3155 tum
3165 3115 3358 3154 annos
3418 3102 3593 3152 natus
3626 3099 3716 3152 τι.

2060 3202 2205 3255 Cum
2237 3199 2299 3252 in
2330 3198 2665 3252 Chananasa
2688 3199 2846 3247 terra
2864 3207 3054 3246 annos
3091 3187 3381 3261 exegisset
3422 3187 3513 3252 25,
3551 3198 3713 3241 Isaa-

2058 3306 2189 3345 cum
2211 3288 2435 3361 genuit,
2459 3284 2718 3354 vixitque
2741 3285 3031 3353 praeterea
3060 3295 3268 3343 annos,
3319 3279 3408 3330 76.
3459 3277 3719 3331 Mortuus

2062 3395 2197 3451 ergo
2228 3382 2320 3434 est
2349 3374 2524 3431 annis
2557 3374 2684 3427 vitae
2722 3374 2820 3425 176
2851 3371 3020 3425 actis.
3055 3372 3247 3439 Atque
3275 3367 3370 3421 hic
3409 3382 3442 3419 a
3488 3364 3724 3420 Melchi-

2061 3467 2271 3523 sedeco
2304 3464 2502 3519 divino
2536 3461 2754 3517 Salerni
2789 3476 2922 3532 rege
2950 3459 3175 3513 faustas
3207 3454 3720 3527 comprecationes

2061 3558 2310 3628 accepit,
2345 3570 2561 3627 panem
2592 3570 2660 3608 ac
2702 3552 2926 3617 vinum;
2984 3554 3191 3620 utpote
3244 3564 3279 3601 a
3336 3545 3552 3600 summi
3613 3544 3717 3598 Dei

2061 3646 2391 3713 sacerdote,
2424 3644 2579 3699 sicut
2613 3640 2790 3713 paulo
2822 3645 2961 3695 ante
2993 3635 3476 3693 commemoravi.

2136 3740 2332 3793 lsaaco
2356 3750 2547 3790 annos
2567 3737 2707 3787 nato
2730 3731 2799 3784 32
2836 3730 2980 3784 Sara
3024 3720 3293 3795 moritur,
3338 3740 3494 3779 anno
3525 3723 3716 3777 aetatis

2062 3843 2183 3882 suae
2210 3827 2331 3890 108,
2356 3841 2426 3879 ac
2442 3822 2677 3895 sepulta
2699 3824 2788 3875 est
2805 3818 3282 3887 Hebronemunc
3307 3812 3711 3881 Eleutheropo

2061 3915 2103 3970 li
2135 3930 2356 3971 nomen
2392 3915 2499 3982 est)
2532 3912 2592 3967 in
2626 3911 2929 3982 spelunca,
2991 3923 3170 3978 quam
3224 3903 3601 3960 Abrahamus
3641 3898 3714 3977 ab

2061 4006 2333 4077 Ephrone
2365 4003 2626 4059 Cbettaao
2662 3996 3119 4071 quadringentis
3152 3993 3416 4051 denariis
3467 3994 3713 4053 emerat,

2061 4091 2482 4150 attestantibus
2509 4089 2676 4146 Cheti
2709 4088 2869 4152 ﬁliis,
2903 4085 3061 4141 unde
3092 4089 3153 4140 et
3181 4082 3430 4154 scriptas
3476 4083 3714 4135 contra-

2061 4191 2263 4240 ctuum
2285 4181 2574 4237 formulas
2591 4178 2774 4234 (ἓνωοί
2799 4194 2860 4232 se
2879 4176 3138 4231 fatentur
3149 4171 3717 4243 accepisse.lsaacus

2062 4289 2287 4330 annum
2300 4288 2479 4343 agens
2491 4267 3016 4340 quadragesimum
3032 4262 3340 4320 Rebeccatr
3354 4257 3729 4328 duxit,ﬁliam

2061 4365 2163 4422 59
2194 4360 2533 4424 Bathuelis;
2595 4358 2694 4429 qui
2752 4354 3037 4411 Nachoris
3096 4352 3341 4407 ultimus
3400 4347 3512 4403 fuit
3554 4351 3718 4402 octa-

2062 4467 2166 4505 vus
2199 4448 2378 4504 filius.
2414 4446 2645 4502 Nachor
2675 4442 2835 4499 enim
2866 4436 3401 4499 Abrahamil’rater
3454 4451 3525 4489 ex
3582 4432 3719 4488 Mel-

2064 4540 2175 4595 cha
2205 4554 2386 4593 uxore
2419 4541 2550 4591 octo
2578 4534 2735 4589 filios
2766 4530 3310 4599 sustulit,interque
3342 4526 3451 4580 hos
3481 4528 3716 4596 postre-

2054 4647 2151 4685 mo
2184 4629 2310 4683 loco
2329 4625 2673 4684 Bathuelem
2696 4629 2924 4696 patrem
2952 4620 3229 4678 Rebeccae
3252 4622 3310 4674 et
3328 4613 3711 4687 Labani,ejus

272 4724 375 4766 τος
432 4702 552 4766 υίὸς
610 4706 865 4777 Βαθουήλ
920 4712 1103 4786 πατὴρ
1161 4710 1228 4781 ἦν
1282 4708 1566 4778 Ῥεϐέκκας
1625 4717 1715 4771 καὶ
1759 4712 1941 4772 Λάϐαν

2062 4720 2148 4791 ιιιί
2182 4717 2400 4774 deinde
2433 4731 2604 4771 socer
2630 4713 2830 4770 Jacobi
2862 4711 2995 4768 fuit.
3029 4712 3174 4765 Nam
3200 4706 3455 4763 Iacobus
3487 4720 3594 4777 per
3624 4709 3709 4758 to-

271 4796 378 4886 τοῦ
434 4799 691 4886 πενθεροῦ
742 4792 962 4886 Ἰακώϐ.
1026 4801 1239 4886 T013100
1295 4801 1442 4875 νέμει
1474 4805 1541 4859 τὰ
1580 4800 1829 4881 πρὸϐατα
1858 4804 1939 4886 ἐφ’

2051 4815 2140 4863 tos
2170 4807 2371 4879 viginti
2402 4821 2593 4861 annos
2623 4819 2830 4875 greges
2863 4802 2993 4873 ejus
3024 4799 3201 4871 pavit.
3254 4798 3546 4851 Caiterum
3600 4795 3711 4849 Re-

270 4883 436 4946 ὂλοις
468 4880 638 4940 ἔτεσιν
696 4884 891 4943 εἷ’κοσι.
952 4884 1212 4946 Ῥεϐέκκα
1270 4890 1327 4948 δὲ
1382 4900 1567 4970 στεῖρα
1626 4880 1756 4952 οὖσα
1803 4880 1938 4970 μετὰ

2062 4914 2248 4965 Jecca,
2279 4912 2415 4951 cum
2448 4898 2606 4950 esset
2637 4891 2877 4961 sterilis,
2911 4894 3046 4962 post
3074 4887 3294 4960 viginto
3326 4884 3567 4939 demum
3589 4897 3711 4938 an-

267 4970 484 5027 ιῗκοσιν
538 4970 634 5045 ἵτη
694 4975 949 5051 ἐγέννησε
1005 4975 1103 5034 δύο
1158 4978 1247 5035 ἐπὶ
1300 4981 1363 5038 τό
1422 4982 1554 5039 αὐτὸ
1613 4983 1786 5054 υἱοὺς,
1844 4985 1933 5040 τὸν

2046 5004 2155 5042 nos
2178 5004 2296 5042 uno
2315 4990 2489 5057 partu
2511 4984 2660 5040 duos
2682 4982 2870 5037 edidit
2891 4976 3443 5045 ﬁliosJacobumlet
3470 4975 3718 5050 Esaum,

264 5057 475 5118 Ἰακὼϐ
499 5062 589 5118 καὶ
620 5064 713 5119 τὸν
765 5066 955 5138 Ἡσαῦ,
1016 5067 1068 5122 ἐν
1129 5074 1208 5141 τῷ
1267 5071 1308 5142 ξ’
1366 5070 1471 5128 ἔτει
1506 5075 1703 5130 Ἰσαάκ.
1737 5079 1844 5130 Τοῦ
1877 5072 1935 5129 δὲ

2070 5092 2245 5132 saaco
2278 5080 2403 5129 tum
2437 5071 2844 5145 sexagenario,
2873 5085 3032 5124 anno
3062 5066 3269 5123 mundi
3302 5065 3463 5119 3472.

258 5149 488 5223 κόσμου
518 5150 587 5219 ἧν
617 5150 737 5215 ἔτος
764 5155 940 5231 γυοβ“.

339 5239 466 5297 Ὅτι
530 5239 839 5319 κολλυρίδα
901 5248 1018 5319 (42)
1075 5249 1352 5319 ποιήσασα
1408 5246 1664 5308 Ῥεϐέκκα
1730 5251 1932 5311 δέδωκε

347 5355 362 5393 ¹
394 5358 539 5414 Gen.
570 5374 723 5417 nrt.

2118 5256 2383 5315 Rebecca
2405 5261 2611 5331 parato
2646 5254 2844 5312 edulio
2877 5250 3092 5308 Iacobo
3126 5247 3186 5305 id
3216 5244 3411 5311 dedit,
3446 5257 3719 5312 eumque

1477 5459 1852 5521 XYLANDRI
1892 5463 1978 5521 ET
2015 5464 2233 5522 GOARI
2276 5463 2501 5520 ΝΟΤίΕ.

341 5558 456 5628 (42)
475 5561 1095 5642 Generisvocabulum
1110 5566 1172 5642 in
1184 5566 1677 5642 interpretatione
1696 5571 1912 5628 retinui

267 5645 405 5714 eum
428 5631 627 5703 qualis
649 5640 816 5714 esset
833 5618 1028 5714 forma
1047 5618 1936 5714 {aliqua}?ﬁbﬁ'ié’gekﬁéiééf

264 5700 593 5760 Athenians
623 5721 769 5762 sane
796 5707 840 5763 1.
869 5723 930 5762 ιιι
962 5708 1034 5763 de
1062 5700 1236 5781 panis
1263 5711 1437 5767 variis
1466 5700 1784 5785 generibus
1815 5717 1939 5773 dis-

2053 5590 2358 5638 sorens,ex
2383 5569 2763 5642 Aristophani
2798 5569 3205 5642 Paceversum
3223 5559 3449 5642 citatde
3465 5556 3714 5642 collyra,

2051 5663 2230 5716 quam
2250 5631 2387 5700 inde
2409 5631 2673 5716 ostendit
2703 5657 2771 5693 ex
2796 5637 3055 5716 panibus
3074 5635 3278 5716 fuisse.
3304 5634 3499 5716 foeta}
3523 5631 3709 5685 inter-

2050 5702 2188 5790 pres
2217 5719 2390 5789 panis
2420 5716 2509 5770 vel
2545 5702 2821 5785 exiguum
2854 5710 3111 5765 frustum
3145 5706 3231 5760 vel
3267 5702 3493 5775 aliquid
3516 5717 3587 5756 ex
3606 5716 3711 5772 pa-
