4118 6424
380 362 461 424 8'1
1744 365 2069 429 GEOBGlI
2110 367 2464 432 GEDRENI
3718 379 3798 440 88

382 519 503 559 una
533 513 669 559 eum
699 504 835 560 aliis
866 502 1039 559 donis
1071 505 1255 561 lsaaci
1291 518 1471 577 opera
1500 506 1574 561 ad
1625 506 2029 560 Abrahamum

2164 508 2222 575 τῷ
2272 504 2490 575 Ἰακὼϐ,
2546 507 2637 563 καὶ
2688 506 2947 585 εἰσήγαγε
3026 513 3147 585 μεθ’
3201 510 3393 586 ἐτέρων
3455 510 3647 589 δώρων
3708 512 3795 572 διὰ

386 592 735 661 intromisit,
767 606 957 648 annos
986 594 1179 650 aetatis
1211 610 1331 649 suae
1361 594 1592 649 decimo
1614 595 2038 665 quinto.Quem

390 682 452 737 in
482 682 709 755 gremio
767 698 874 737 suo
930 683 1303 739 Abrahamus
1355 689 1568 739 tenens
1627 683 2043 755 multipliciter

388 771 601 828 faustis
632 773 1213 844 comprecatiOnibus
1243 774 1461 839 beavit,
1496 786 1829 844 somnoque
1873 774 2039 829 solu-

391 866 487 917 tus
517 863 699 917 vitam
733 860 906 918 ﬂniit.

459 951 675 1008 Jacobo
698 967 887 1007 annos
911 957 1049 1007 nato
1069 954 1160 1020 45,
1183 956 1367 1009 Esaus
1396 953 1647 1009 totidem
1671 960 1847 1010 natus
1892 953 2039 1010 duas

390 1042 560 1098 duxit
595 1048 830 1111 uirores,
851 1042 1149 1098 Juditbam
1171 1043 1369 1099 Beeris
1393 1045 1637 1100 Chettasi
1662 1049 1721 1099 et
1751 1045 2037 1101 Masema«

389 1133 554 1189 tham
576 1132 776 1187 Elonis
797 1132 954 1187 ΕΙ)ώὶ
974 1132 1153 1189 tilias.
1186 1134 1439 1189 Iacobus
1483 1144 1641 1189 anno
1696 1136 1887 1190 aetatis
1918 1152 2039 1190 suas

388 1222 455 1277 63
478 1220 747 1277 nondum
773 1221 1043 1278 mulieris
1064 1222 1340 1278 notitiam
1375 1222 1605 1291 habuit,
1658 1224 1830 1279 sicuti
1864 1225 2038 1280 matri

389 1321 511 1365 sua;
531 1306 813 1367 Rebecca;
843 1311 972 1383 ipse
1018 1311 1242 1368 retulit.
1292 1312 1456 1369 Idem
1506 1328 1693 1369 annos
1743 1318 1918 1371 natus
1948 1316 2035 1381 73,

389 1413 547 1455 anno
570 1400 777 1454 mundi
809 1401 1137 1456 secundum
1172 1408 1510 1459 accuratam
1553 1404 2037 1475 supputationem

388 1486 549 1545 3545.
581 1488 832 1546 Iacobus
848 1488 1092 1546 fratrem
1116 1490 1268 1547 clam
1286 1492 1518 1565 fugiens
1541 1493 1779 1549 servitio
1802 1499 2037 1565 septen-

387 1577 512 1634 nali
536 1578 713 1633 Leam
735 1595 982 1635 uxorem
1004 1580 1243 1649 meruit,
1293 1594 1623 1654 rursusque
1658 1584 2037 1655 septennium

388 1668 669 1724 servitute
693 1669 933 1724 functus
957 1669 1299 1725 Rachelem.
1327 1671 1407 1726 Ex
1428 1671 1524 1727 lea
1574 1666 1907 1741 Rubenum,
1945 1673 2036 1728 Si-

383 1770 684 1823 meonem,
706 1757 1538 1825 Levim,.ludam,lssacbarem
1557 1760 2037 1834 Zabulonemque

384 1844 543 1901 filios
574 1852 634 1902 et
662 1847 848 1902 ﬁliam
876 1847 1088 1905 Dinam
1125 1849 1387 1917 sustulit,
1438 1862 1507 1905 ex
1566 1848 1819 1907 Rachele
1870 1852 2037 1907 Jose-

382 1933 592 2007 phum,
626 1938 695 1991 ex
726 1935 943 1993 ancilla
972 1932 1076 1992 00
1106 1936 1247 1993 Bala
1286 1938 1516 1994 Danum
1574 1955 1642 1995 ac
1685 1939 2035 2012 Nephthali-

382 2040 571 2093 mum,
588 2041 655 2080 ex
682 2025 908 2098 Delpha
928 2026 1153 2082 Gadum
1171 2033 1350 2099 atque
1373 2029 1669 2084 Asserem.
1704 2030 1749 2084 Ἀ
1801 2030 2034 2085 Labano

384 2119 585 2170 autem
618 2115 895 2191 profugit,
929 2130 1064 2170 cum
1092 2116 1248 2188 apud
1280 2128 1417 2172 eum
1448 2118 1653 2190 viginti
1681 2134 1870 2174 annos
1891 2119 2035 2173 fuis-

387 2208 497 2273 set,
528 2204 773 2260 trimulo
803 2211 931 2259 tum
959 2206 1251 2277 Josepho;
1284 2209 1758 2280 transmissaque
1784 2208 2039 2264 Iordane

391 2308 427 2350 θ,
455 2293 574 2350 Deo
603 2293 748 2348 felix
779 2308 910 2351 esse
933 2294 1202 2367 jubetur,
1235 2300 1412 2367 atque
1443 2297 1643 2352 Israeli
1694 2312 1918 2353 nomen
1967 2297 2040 2352 ab

389 2381 601 2439 eodem
634 2383 866 2455 accipit.
907 2384 1163 2440 Proinde
1194 2385 1543 2446 recordatus
1572 2387 1821 2442 visionis
1862 2400 2041 2457 quam

393 2487 501 2528 suo
529 2472 589 2527 in
624 2473 1108 2545 Mesopotamiam
1140 2474 1399 2529 adventu
1428 2475 1676 2542 viderat,
1737 2476 2043 2532 Bethelam

396 2561 793 2631 ascendit,ubi
812 2578 920 2633 per
932 2563 1193 2633 quietem
1209 2563 1352 2618 visio
1366 2564 1480 2619 ista
1492 2564 1547 2619 ei
1561 2572 1937 2637 apparuerat.
1963 2566 2044 2621 Ibi

391 2665 528 2707 cum
560 2652 763 2707 omnia
782 2668 887 2708 sua
908 2651 1454 2721 bonadecimasset,
1492 2655 1567 2710 ad
1611 2661 1943 2711 extremum
1976 2657 2047 2711 ﬂ-

388 2741 607 2797 liorum
639 2756 878 2815 quoque
909 2743 1185 2799 instituta
1216 2745 1549 2812 sortitione,
1595 2746 1787 2801 Levim
1820 2760 2047 2801 annum

394 2833 585 2887 aetatis
615 2831 914 2888 decimum
947 2839 1216 2889 octavum
1244 2839 1521 2906 agentem
1569 2839 1689 2891 Deo
1734 2850 2050 2892 consecra-

395 2920 497 2991 vit,
521 2932 589 2977 ac
608 2936 745 2978 eum
772 2922 1139 2977 sacerdotem
1159 2924 1507 2978 constituit:
1533 2929 1660 2979 erat
1687 2924 1737 2980 is
1781 2923 2051 2980 decimus

396 3009 471 3066 ab
485 3011 1056 3077 ultimo,secundum
1071 3013 1406 3084 astrologia)
1428 3013 1467 3067 '.
1494 3013 1774 3068 Rubenus
1797 3015 1954 3069 enim
1978 3013 2053 3068 ob

402 3100 670 3156 vitiatam
681 3101 866 3173 patris
880 3101 1149 3172 pellicem
1162 3102 1560 3172 ,quantumvis
1580 3103 1771 3174 primo
1789 3103 2057 3159 omnium

407 3195 585 3246 natus
617 3195 792 3260 esset,
827 3196 884 3245 et
908 3198 1088 3264 regno
1115 3196 1175 3246 et
1203 3192 1536 3248 sacerdotio
1587 3191 1875 3263 Spoliatus
1926 3193 2054 3252 fuit.

407 3281 548 3336 Cum
568 3279 819 3335 Jacobus
835 3290 1019 3351 prope
1041 3280 1375 3336 Sichemam
1402 3282 1465 3336 in
1502 3282 1711 3337 urbem
1760 3281 2056 3339 Salemam

402 3369 682 3435 venisset,
718 3369 1027 3425 Sichemus
1058 3370 1221 3425 Dinaa
1252 3386 1359 3442 per
1388 3371 1506 3426 vim
1536 3377 1806 3445 stuprum
1829 3374 2052 3443 intulit,

404 3474 584 3531 quam
598 3458 710 3515 ulti
733 3463 873 3514 sunt
888 3458 1126 3514 Simeon
1149 3465 1204 3514 et
1228 3460 1415 3525 Levis,
1438 3461 1847 3518 internecione
1896 3464 2052 3519 occi-

404 3549 486 3604 sis
536 3564 672 3604 cum
732 3547 1004 3603 Sichemo
1060 3548 1305 3604 civibus.
1368 3551 1587 3607 Rachel
1642 3568 1818 3622 porro
1868 3552 2051 3608 alium

400 3636 616 3695 Jacobo
630 3636 821 3693 filium
834 3639 1507 3711 peperit,Benjaminum
1525 3643 1795 3706 nomine;
1812 3660 1879 3698 ac
1897 3659 2050 3698 mor-

403 3730 508 3783 tua
537 3726 693 3797 apud
708 3727 1070 3798 Euphratam
1095 3728 1401 3799 sepelitur,
1428 3730 1529 3785 ubi
1554 3746 1711 3786 nunc
1742 3738 1833 3787 est
1881 3734 2052 3787 Beth-

403 3815 641 3871 lehema
674 3833 686 3869 :
722 3817 943 3871 etenim
970 3833 1173 3873 versus
1205 3816 1613 3891 Hierosolyma
1660 3838 1694 3876 a
1744 3820 2052 3878 Bethlehe-

405 3921 526 3972 ma,
586 3921 704 3977 qua
762 3906 897 3978 equi
947 3906 1290 3973 decurrunt,
1353 3924 1533 3980 supra
1588 3916 1809 3968 terram
1867 3917 2059 3967 exstat

407 3995 617 4066 cippus
651 3995 940 4050 Rachelis.
978 3998 1047 4051 Et
1076 3998 1358 4068 quoniam
1390 4000 1518 4055 Levi
1550 4016 1736 4074 genus
1766 4002 1837 4058 ad
1872 4005 2057 4058 Aaro-

409 4099 547 4140 nem
578 4089 758 4155 atque
788 4085 988 4141 Mosen
1018 4102 1210 4158 usque
1261 4088 1541 4159 pertinet,
1595 4104 1850 4162 quorum
1905 4092 2057 4147 alter

2144 595 2323 651 Ἰσαᾶκ
2377 598 2514 669 πρὸς
2572 593 2841 674 Ἀϐραάμ]
2905 596 2961 654 ὅν
3042 600 3293 676 κατέχων
3351 601 3403 657 ἐν
3464 607 3543 675 τῷ
3599 606 3797 680 κόλπῳ

2142 684 2327 752 αὐτοῦ,
2387 683 2633 774 εὐλογῶν
2691 687 3081 763 πολυτρόπως,
3140 689 3486 762 ἐτελεύτησεν
3538 694 3798 774 ἀφυπνώ-

2142 793 2234 835 σας
2266 775 2295 829 ὁ
2326 770 2596 849 Ἀϐραὰμ,
2629 781 2708 849 τῷ
2743 778 2800 832 ιε’
2824 776 2933 833 ἔτει
2961 781 3061 848 τῆς
3096 785 3240 850 ζωῆς
3271 775 3492 839 Ἰακώϐ.

2212 946 2305 1013 Τῷ
2334 939 2392 996 δὶ
2426 942 2506 1015 με’
2534 944 2647 1014 (43)
2693 938 2799 996 ἔτει
2855 948 2955 1011 τῆς
3012 949 3160 1012 ζωῆς
3220 941 3415 1001 Ἰακὼϐ
3445 946 3473 1000 ὁ
3503 947 3671 1003 Ἦσαῦ
3703 947 3795 1002 καὶ

2142 1032 2308 1094 αὐτὸς
2339 1031 2654 1106 ὁμόχρονος
2709 1030 2785 1087 ὢν
2833 1033 2983 1104 αὖτῷ
3025 1028 3187 1089 ἔλαϐε
3217 1031 3314 1089 δύο
3342 1039 3619 1109 γυναῖκας,
3652 1037 3798 1094 Ἰου-

2144 1118 2230 1176 δὶθ
2259 1122 2358 1189 τήν
2388 1121 2651 1196 θυγατέρα
2709 1122 2852 1195 Βοὴρ
2909 1127 3007 1177 τοῦ
3065 1124 3332 1180 Χετταίου
3373 1126 3459 1179 καὶ
3493 1128 3593 1194 τήν
3618 1133 3797 1181 Μασι-

2147 1209 2254 1283 μὰθ
2320 1210 2587 1286 θυγατέρα
2673 1210 2848 1267 Ἐλὼν
2952 1207 3195 1269 Ἐϐαἱου.
3274 1209 3472 1269 Ἰακὼϐ
3537 1210 3594 1269 δὲ
3658 1212 3797 1270 ἑτῶν

2146 1301 2411 1379 ὑπάρχων
2468 1301 2729 1371 ἐξήκοντα
2783 1306 2950 1374 τριῶν
3011 1302 3109 1356 οὐκ
3165 1300 3304 1378 ἔγνω
3360 1302 3508 1366 ὅλως
3540 1309 3800 1381 γυναῖκα,

2144 1391 2220 1452 ὡς
2251 1389 2415 1451 αὐτὸς
2467 1390 2642 1461 ἐξεῖπε
2698 1394 2768 1463 τῇ
2832 1390 3000 1466 μητρὶ
3052 1386 3331 1463 Ῥεϐέκκα.
3371 1395 3466 1465 Τῷ
3497 1390 3555 1448 δὲ
3582 1394 3659 1469 ογ¹
3691 1389 3806 1449 ἔτει

2143 1478 2332 1547 αὐτοῦ,
2388 1484 2486 1535 τοῦ
2546 1476 2604 1535 δὶ
2661 1480 2870 1554 κόσμου
2928 1477 3037 1536 ἔτει
3091 1486 3250 1557 γιρμέ
3302 1481 3440 1537 κατὰ
3476 1482 3567 1537 τὸν
3596 1478 3800 1557 ἀκριϐῆ

2144 1567 2339 1643 λόγον,
2389 1566 2686 1645 ἀπέδρασεν
2743 1564 2939 1627 Ἰακὼϐ
2998 1572 3102 1625 ἀπὸ
3158 1571 3459 1645 προσώπου
3496 1573 3667 1629 Ἡσαῧ
3698 1578 3803 1627 τοῦ

2144 1654 2386 1733 ἀδελφοῦ
2438 1659 2625 1728 αὐτοῦ,
2701 1659 2792 1715 καὶ
2866 1655 3166 1722 δουλεύσας
3234 1655 3328 1730 ἔτη
3389 1663 3432 1731 ζ’
3488 1656 3651 1717 ἔλαϐε
3701 1663 3811 1732 τὴν

2144 1753 2327 1818 Λιῖαν,
2388 1749 2479 1803 καὶ
2542 1749 2677 1822 μετὰ
2729 1748 2887 1826 ἓτερα
2942 1750 3078 1806 ἑπτα
3135 1744 3299 1805 ἔλαϐε
3341 1753 3441 1820 τήν
3472 1750 3672 1825 Ῥχήλ.
3707 1753 3811 1808 Ἐκ

2068 1877 2115 1943 Β
2150 1838 2243 1910 μὶν
2300 1838 2392 1892 οὖν
2418 1842 2521 1903 τῆς
2579 1840 2739 1901 Λείας
2797 1837 3050 1915 ἐγέννησε
3078 1841 3169 1895 τὸν
3197 1835 3492 1914 Ῥομϐειμ,
3549 1841 3641 1895 τὸν
3694 1847 3802 1894 Συ-

2153 1931 2317 2001 μεὼν,
2383 1929 2474 1983 τὸν
2544 1930 2693 2000 Λευὶ,
2754 1931 2847 1984 τὸν
2915 1928 3142 1996 Ἰούδαν,
3211 1930 3302 1984 τὸν
3359 1931 3640 2005 Ἰσσαχὰρ,
3706 1931 3806 1986 τὸν

2147 2012 2441 2074 Ζαϐουλὼν
2500 2018 2591 2073 καὶ
2657 2021 2755 2089 τὴν
2822 2020 2996 2076 Δίναν·
3066 2020 3126 2076 ἐκ
3193 2017 3252 2077 δὶ
3315 2027 3416 2090 τῆς
3477 2018 3655 2096 Ῥχὴλ
3710 2022 3814 2075 τον

2148 2111 2374 2188 Ἰωσὴφ,
2405 2109 2465 2165 ἐκ
2523 2107 2580 2165 δὶ
2632 2117 2734 2177 τῆς
2790 2107 3087 2181 παιδίσκης
3119 2110 3295 2174 Βάλας
3331 2112 3425 2166 τὸν
3456 2112 3559 2166 Δάν
3588 2110 3679 2166 καὶ
3709 2132 3812 2166 τον

2150 2199 2469 2279 Νεφθαλὶμ,
2501 2200 2561 2255 ἐκ
2590 2197 2648 2256 δὶ
2678 2200 2777 2269 τῆς
2833 2199 3043 2275 Δελφᾶς
3089 2200 3183 2255 τὸν
3223 2198 3332 2256 Γὰδ
3360 2201 3452 2256 καὶ
3482 2202 3574 2256 τὸν
3604 2203 3812 2277 Ἀσήρ.

2153 2289 2413 2346 Εἷκοστὸν
2475 2287 2651 2343 τοίνυν
2715 2287 2833 2350 ἔτος
2890 2285 3175 2363 διατρίψας
3255 2290 3388 2363 μετὰ
3451 2294 3549 2345 τοῦ
3624 2284 3816 2344 Λαϐἀν

2152 2373 2361 2451 ἀπέδρα
2409 2375 2458 2450 ἐξ
2491 2376 2679 2447 αὐτοῦ,
2738 2376 2895 2439 ὂντος
2950 2381 3049 2432 τοῦ
3097 2379 3302 2452 Ἰωσὴφ
3351 2378 3568 2453 χρόνων
3616 2383 3813 2455 τριῶν.

2155 2461 2453 2523 Διάϐαίνων
2510 2463 2567 2521 δὶ
2620 2467 2715 2522 τὸν
2773 2464 3048 2541 Ἰορδάνην
3107 2465 3457 2541 ἑπευλογήθη
3523 2466 3614 2524 καὶ
3680 2488 3813 2541 μετ-

2155 2556 2366 2627 εκλήθη
2400 2553 2644 2631 Ἰσραήλ.
2677 2557 2740 2613 Ὀ
2791 2556 2849 2612 δὶ
2905 2551 3103 2612 Ἰακὼϐ
3154 2563 3256 2626 τῆς
3287 2557 3526 2632 ὁράσεως
3560 2557 3824 2631 ὑπομνη-

2157 2646 2302 2711 σθεὶς
2360 2648 2421 2716 ἦν
2451 2643 2709 2710 ἐθεάσατο
2764 2646 2904 2701 κατὰ
2956 2648 3060 2715 τήν
3108 2644 3285 2722 ἄφιξιν
3316 2647 3416 2715 τήν
3445 2646 3520 2709 είς
3555 2647 3824 2704 Μεσοπο-

2156 2735 2377 2809 ταμίαν,
2429 2736 2715 2813 ἀνέρχεται
2768 2737 2843 2799 είς
2897 2735 3131 2807 Βαιθήλ.
3176 2739 3337 2793 Ἔνθα
3384 2735 3821 2809 κατακοιμηθεὶς

2159 2825 2266 2883 εἶδε
2294 2829 2357 2883 τὸ
2389 2827 2592 2902 ὅραμα.
2646 2829 2750 2884 Καὶ
2798 2829 2972 2882 πάντα
3022 2824 3439 2890 ἀποδεκατώσας
3472 2829 3506 2882 ἅ
3532 2825 3824 2897 ἰκὲκτητο,

2160 2917 2472 2974 τελευταῖον
2530 2912 2835 2973 ὑποϐάλλει
2893 2916 3089 2992 κλήρῳ
3145 2915 3275 2981 τοὺς
3329 2914 3547 2986 παῖδας,
3600 2916 3825 2972 καὶτὸν

2165 3007 2297 3063 Λευΐ
2357 3012 2437 3079 τῷ
2493 3012 2612 3080 Θεῷ
2685 3007 2923 3085 ἀφιεροϊ,
3003 3008 3135 3062 ἐτῶν
3197 3007 3517 3082 ὑπάρχοντα
3577 3007 3670 3077 ιη’,
3727 3005 3830 3060 καὶ

2167 3100 2252 3172 [Ρ.
2309 3099 2400 3170 34]
2460 3095 2720 3173 ἀρχιερία
2795 3093 3154 3166 ἀναδείκνυσι,
3232 3092 3457 3150 δέκατον
3528 3092 3658 3149 ὄντα
3713 3094 3831 3149 ἀπὸ

2168 3184 2401 3261 ἐσχάτου
2458 3186 2594 3241 κατὰ
2632 3186 2724 3241 τὸν
2800 3191 2898 3254 τῆς
2957 3183 3316 3259 ἀστρολογίας
3369 3187 3502 3256 (44).
3559 3178 3834 3254 Ῥουϐεὶμ

2168 3278 2271 3354 γὰρ
2303 3275 2392 3331 δια
2445 3278 2545 3345 τὴν
2603 3274 2894 3344 παλλακὴν
2938 3277 3035 3329 τοῦ
3088 3275 3294 3349 πατρὸς
3343 3272 3605 3348 ἐστερήθη
3636 3281 3737 3342 τῆς
3763 3294 3834 3329 τε

2166 3367 2448 3442 βασιλείας
2507 3367 2598 3421 καὶ
2656 3373 2757 3435 τῆς
2815 3365 3138 3442 ἱερωσύνης,
3179 3365 3530 3440 πρωτότοκος
3560 3362 3653 3419 ὢν.
3689 3364 3825 3420 Ἐλ-

2163 3457 2351 3520 θόντος
2405 3455 2463 3513 δὲ
2518 3461 2615 3511 τοῦ
2675 3450 2871 3512 Ἰακὼϐ
2928 3454 3163 3525 πλησίον
3223 3454 3468 3527 Σικίμων
3527 3453 3603 3515 εὶς
3654 3453 3829 3508 πόλιν

2164 3546 2390 3620 Σαλήμ,
2424 3545 2704 3625 ὑφίσταται
2762 3543 2864 3599 ὑπὸ
2928 3544 3109 3619 Σιχὶμ
3162 3546 3263 3612 τὴν
3326 3543 3448 3620 βίαν
3477 3546 3512 3611 ὴ
3547 3543 3692 3599 Δίνα·
3728 3543 3829 3597 καὶ

2162 3635 2455 3691 ἐκδικεῖται
2522 3636 2666 3710 παρὰ
2733 3632 2955 3706 Συμεὼν
3020 3635 3111 3688 καὶ
3182 3629 3330 3700 Λευὶ,
3400 3632 3561 3686 παντὶ
3632 3632 3831 3705 τρόπῳ

2166 3725 2619 3803 διαχρησαμένων
2664 3726 2791 3786 τοὺς
2842 3724 2963 3797 περὶ
3018 3724 3108 3778 τὸν
3143 3722 3347 3799 Σιχὲμ.
3377 3723 3501 3780 "Et:
3551 3718 3609 3776 δὲ
3646 3722 3828 3777 τίκτει

2164 3822 2199 3889 ἡ
2226 3817 2442 3893 Ῥαχὴλ
2471 3817 2551 3889 τῷ
2582 3810 2776 3873 Ἰακὼϐ
2836 3816 2926 3869 τὸν
2990 3816 3269 3889 Βενιαμὶν,
3329 3813 3417 3869 καὶ
3448 3812 3829 3884 τελευτήσασα

2165 3910 2418 3975 θάπτεται
2478 3907 2531 3961 ἐν
2590 3910 2670 3977 τῷ
2728 3905 3033 3983 Εὐφρανθᾷ,
3093 3900 3213 3959 ἔνθα
3267 3906 3357 3957 νῦν
3416 3900 3557 3958 ἐστιν
3605 3904 3640 3971 ἠ
3686 3904 3833 3972 Bne-

2166 4000 2321 4073 λεὲμ¹
2374 3996 2568 4072 μεταξὺ
2623 3996 2725 4071 γὰρ
2780 4001 2883 4064 τῆς
2941 3992 3200 4066 Βηθλεὲμ
3253 3993 3342 4049 καὶ
3400 3996 3500 4057 τῆς
3556 3993 3829 4068 Ἰερουσα-

2164 4086 2311 4162 λὴμ,
2344 4088 2420 4150 εἷς
2448 4087 2540 4142 τὸν
2573 4082 2943 4159 ἱππόδρομον,
2993 4086 3029 4153 ἡ
3081 4081 3281 4158 λάρναξ
3312 4081 3424 4138 ἐστὶ
3454 4084 3554 4150 τῆς
3583 4080 3830 4155 Ῥαχὴλ,

1605 4181 1973 4237 XYLANDRI
2006 4183 2093 4237 ET
2132 4181 2349 4237 GOARI
2388 4178 2616 4235 ΝΟΤᾹΞ.

406 4276 550 4319 num
573 4276 789 4340 genere
814 4263 997 4340 fuisse
1028 4270 1253 4330 monet,
1287 4268 1462 4337 quale
1486 4269 1688 4340 pueris
1708 4270 1950 4326 daretur
1976 4276 2062 4335 ;ut

407 4351 531 4390 non
554 4334 711 4390 male
739 4334 1006 4408 videatur
1031 4342 1186 4392 torta
1199 4334 1369 4408 pan—is
1390 4334 1535 4394 verti
1558 4341 1619 4395 in
1644 4341 1868 4397 lexicis.
1897 4334 2057 4397 idem

405 4413 542 4482 post
561 4422 663 4462 eos
681 4400 994 4482 κολλάϐους
1008 4400 1295 4482 appellari
1318 4412 1517 4482 tradit,
1536 4412 1596 4467 in
1622 4413 1827 4468 eadem
1852 4431 2062 4469 comm-

408 4478 507 4557 dia
523 4494 788 4557 versans,
815 4480 982 4550 quasi
1013 4478 1339 4557 mutilatos,
1364 4483 1424 4537 id
1464 4478 1842 4557 estexiguos
1874 4502 2057 4557 panes

408 4547 967 4627 diceresZQzeterurn
989 4547 1323 4627 κολλυρίδας
1348 4561 1408 4608 et
1424 4555 1583 4609 verbi
1615 4547 1807 4627 agnati
1835 4547 2056 4612 mentio

411 4620 671 4691 exstatrll
694 4621 953 4691 Samuel,
976 4636 1096 4691 xm,
1117 4620 1180 4679 in
1200 4625 1505 4681 Thamaris
1528 4620 1795 4683 historia.
1821 4630 1891 4683 Et
1921 4635 2059 4684 ante

410 4707 461 4748 c.
487 4695 519 4747 6
538 4690 804 4765 κολλυρὶς
835 4690 999 4766 ἄρτου
1023 4690 1386 4752 nominatur.
1414 4698 1525 4753 Sed
1544 4698 1655 4754 hoc
1702 4700 1763 4755 in
1816 4700 2059 4757 Hebraea

409 4798 615 4871 lingua
646 4806 772 4859 an)
809 4812 952 4868 mn,
987 4801 1139 4857 illud
1167 4788 1312 4871 ἔπειτίῖ
1350 4805 1707 4876 appellatur.
1741 4807 1899 4877 quod
1949 4825 2058 4880 po-

412 4907 629 4983 sterius
669 4906 1055 4983 sorbitionem
1091 4908 1149 4966 Β.
1185 4911 1582 4983 Hieronymus
1607 4913 1798 4982 vertit,
1833 4928 1965 4971 cum
1998 4917 2057 4972 in

451 4978 607 5035 riore
628 4990 829 5034 vecem
848 4982 1108 5037 Graecam
1132 4978 1437 5038 retineret.
1463 4989 1534 5039 Et
1554 4991 1694 5041 sunt
1715 4978 1856 5041 sane
1886 5005 2061 5044 voca-

451 4996 607 5035 riore
628 4996 829 5034 vocem
848 4996 1108 5037 urreoam
1132 4996 1437 5038 retineret.
1463 4996 1534 5039 Et
1554 4996 1694 5041 sunt
1715 5003 1856 5041 sane
1886 5005 2060 5044 voca-

408 4996 550 5106 Eula
570 5050 822 5129 diversa
840 5053 1005 5129 Quod
1028 5070 1079 5108 ο.
1103 5056 1521 5129 6_nor_ninatur,
1547 5058 1605 5112 id
1624 5060 1794 5127 panis
1816 5060 2060 5129 placen—

408 5129 529 5203 tam
561 5124 742 5180 fuisse
774 5123 1007 5203 videtur
1037 5143 1108 5180 ex
1138 5126 1313 5203 Le_vit_.
1350 5145 1385 5181 ιι
1418 5123 1840 5203 et_vm_capite,
1882 5138 2058 5203 atque

408 5195 556 5251 alias
589 5201 789 5268 posset
817 5195 1236 5268 demonstrari.
1273 5199 1569 5255 Posterior
1612 5195 1776 5256 locus
1831 5195 2061 5258 videtur

410 5265 724 5322 ostendere
757 5265 968 5339 lagana
997 5266 1202 5331 fuisse,
1236 5268 1321 5323 vel
1357 5270 1581 5343 aliquid
1616 5288 1684 5327 ex
1727 5281 1895 5344 pasta
1925 5274 2062 5330 fari-

411 5354 598 5416 nac_ea
627 5344 862 5393 coctum
889 5356 1246 5416 quacunque
1294 5343 1543 5416 ratione.
1587 5343 1787 5399 cibum
1816 5347 2057 5416 quidem

412 5411 610 5484 potius
636 5426 815 5484 quam
833 5417 1059 5484 potum.
1074 5413 1219 5467 Nam
1239 5414 1501 5484 profecto
1518 5420 1750 5471 Amnon
1774 5411 2063 5475 renuebat

416 5480 624 5562 edere,
650 5498 770 5562 non
804 5480 1035 5562 bibere,
1061 5490 1127 5538 ut
1183 5480 1422 5555 quidem
1482 5488 1658 5562 verba
1699 5489 2062 5562 simpliciter

416 5559 650 5626 sonant.
672 5548 871 5623 Neque
893 5566 998 5626 ego
1021 5555 1146 5609 h'azc
1168 5548 1569 5614 ahnotassem.
1598 5559 1709 5614 nisi
1737 5561 1797 5614 Β.
1826 5548 2058 5616 Ἠὶοι-ο-

415 5624 579 5696 uymi
611 5624 1078 5699 auctoritasme,
1111 5633 1178 5681 ut
1205 5628 1431 5694 debuit,
1490 5630 1901 5687 admonuisset
1934 5651 1947 5699 ;
2003 5639 2062 5689 et

414 5702 581 5769 puto,
614 5696 972 5769 sorbitiones
1001 5699 1047 5752 si
1084 5700 1217 5768 quis
1247 5702 1339 5756 edi
1378 5702 1555 5757 etiam
1615 5703 1791 5767 dicat,
1850 5696 2061 5760 merito

415 5768 773 5841 reprehendi
791 5785 913 5824 non
926 5787 1119 5840 posse.
1131 5774 1483 5832 Vocabulum
1498 5776 1719 5834 acorde
1737 5779 2061 5834 recreando

2168 4269 2435 4343 ductum,
2459 4272 2603 4343 etut
2622 4266 2705 4320 ita
2726 4264 2942 4343 dicam,
2958 4262 3470 4343 cordialealiquid
3482 4260 3830 4343 significare

2166 4342 2232 4398 in
2266 4333 2465 4396 sanctr
2514 4340 2716 4410 lingua
2762 4336 3011 4410 videtur.
3058 4336 3170 4390 Sed
3218 4333 3366 4410 haec:
3394 4334 3498 4389 alii
3543 4333 3826 4410 viderint.

2169 4411 2531 4486 Iampridem
2562 4404 3099 4486 s_6ripserau1__ha_ac,
3119 4423 3266 4486 cum
3283 4405 3634 4486 A_d_ver_sa_1;ia
3664 4404 3833 4486 edita

2170 4475 2320 4551 vidi;
2343 4482 2527 4538 libros
2586 4475 2788 4553 Ion—ge,
2816 4475 3214 4553 utilissimos,
3241 4478 3482 4553 Adriani
3524 4475 3827 4553 _'_l‘urne_bi,

2170 4549 2347 4628 quem
2369 4566 2561 4626 nuper
2584 4553 2665 4628 rei
2690 4549 2946 4628 publicas
2969 4550 3272 4628 litterariae
3293 4550 3603 4628 dispendio
3626 4549 3826 4628 amisi-

2169 4620 2323 4689 mus,
2356 4620 2547 4681 virum
2578 4620 2858 4679 doctrinas
2900 4629 2959 4678 et
3015 4622 3264 4677 solertia:
3308 4620 3822 4693 incomparabilis.

2169 4700 2309 4782 Ejus
2339 4698 2538 4782 libri}
2572 4697 2807 4752 initium
2854 4711 2991 4750 cum
3036 4696 3257 4749 nostris
3287 4692 3609 4766 conjungat
3636 4692 3830 4748 lector

2169 4771 2445 4827 diliaens.
2476 4771 2620 4825 Χη.

2655 4840 2915 4917 Litteras.
2949 4838 3176 4917 tantum
3324 4908 3339 4917 _
3365 4835 3699 4917 perhibent,
3765 4841 3831 4917 et

2168 4907 2415 4971 nomina
2463 4912 2628 4985 pale
2677 4912 2853 4967 aliter
2902 4909 3198 4981 leguntur.
3238 4907 3380 4963 Vide
3412 4911 3555 4964 Gen.
3590 4924 3716 4962 xxvr
3761 4907 3825 4962 in

2168 4987 2305 5042 fine.
2341 4989 2485 5041 XvL.

2243 5060 2357 5136 (44)
2407 5058 2598 5136 Kocus
2628 5055 2967 5136 “perspicue
3016 5052 3455 5136 mutilus._ldeo
3506 5057 3828 5136 astericum

2170 5112 2382 5202 adjeci,
2417 5130 2558 5199 quia
2590 5112 2751 5182 aliud
2782 5112 2855 5217 ,in
2914 5125 3234 5206 praesentia
3261 5125 3356 5217 vrix
3386 5112 3833 5217 possum.,'Post

2212 5197 2369 5265 aulo,
2417 5197 2528 5270 dua
2577 5202 2701 5270 equi
2760 5199 3094 5270 decurrunt:
3154 5197 3214 5270 in
3276 5197 3595 5270 Graecoest
3630 5197 3710 5270 εις
3736 5197 3830 5247 τὸν

2195 5264 2537 5345 ππὸδρομον.
2568 5264 2634 5345 lii
2648 5271 2752 5345 via
2781 5266 3021 5341 quidem
3045 5264 3645 5345 sepultam_s_cribitur
3675 5265 3818 5345 Gen.

2169 5337 2599 5413 xxxvalioqui
2633 5337 2894 5397 Graecam
2925 5337 3129 5413 vocem
3160 5340 3297 5413 scio
3326 5339 3564 5413 Circum
3595 5337 3824 5413 signiti-

2170 5433 2344 5475 care:
2380 5417 2484 5471 sed
2515 5409 2631 5471 huc
2661 5430 2782 5487 non
2830 5412 3101 5487 quadrat.
3137 5410 3304 5487 Quod
3336 5409 3608 5487 56_qapav6&
3638 5411 3823 5487 estin

2169 5494 2372 5545 nostro
2405 5488 2627 5549 codice,
2669 5484 2729 5539 id
2761 5484 2917 5554 apud
2960 5483 3282 5554 .losephum
3316 5482 3423 5537 sub
3459 5482 3639 5554 linem
3671 5498 3685 5535 ι
3716 5486 3823 5535 An-

2172 5564 2273 5631 tiq.
2306 5560 2443 5638 libri
2473 5558 2608 5611 κατὰ
2636 5553 3363 5638 τῇνηέφραρανηνρὶεςὶῒιιιε.
3395 5553 3679 5638 llebraica
3710 5568 3821 5638 vox

2170 5624 2329 5688 recte
2360 5633 2557 5703 Graace
2583 5624 3138 5703 τθάιιὶιιιιίεύφραθ-ἂ,
3163 5624 3366 5703 sicque
3390 5632 3449 5679 et
3470 5624 3565 5703 hic
3588 5631 3655 5703 et_
3675 5624 3820 5703 alibi

2170 5705 2312 5775 legit
2336 5699 2780 5775 Complutensis
2809 5695 3010 5775 editio.
3063 5699 3133 5752 Et
3174 5695 3445 5754 eamdem
3490 5697 3611 5751 fere
3642 5695 3820 5750 habet

2168 5770 2421 5832 Zonaras
2449 5770 2791 5831 lectionem.
2823 5770 2964 5829 XYL.
