4118 6442
358 375 430 434 91
1721 364 2036 427 GEORGII
2079 364 2420 426 CEDRENI
3699 367 3791 427 92.

349 514 550 565 octavo
578 508 767 562 fames
816 506 1029 577 cmpit:
1081 520 1241 567 nam,
1276 509 1343 558 ut
1385 503 1676 573 Josephus
1723 504 1997 571 testatur,

2128 500 2154 554 6
2191 497 2378 572 λιμός·
2415 498 2477 554 ού
2546 499 2649 576 γὰρ
2705 496 2873 571 ἀνέϐη
2908 501 2936 555 ὁ
2967 498 3168 560 Νεῖλος
3228 496 3281 553 ἐν
3308 498 3464 561 ὀλοις
3495 505 3612 562 τοῖς
3645 501 3785 557 ἑπτὰ

350 598 490 654 totis
522 602 752 667 septem
775 596 950 652 annis
970 592 1395 666 ejus£penuria3
1420 592 1583 647 Nilus
1605 608 1725 646 non
1747 590 2007 647 exunda-

341 692 527 743 verat.
554 686 798 742 Biennio
830 690 965 757 post
983 683 1233 739 Iacobus
1275 683 1335 736 in
1366 683 1674 753 Egyptum
1713 679 2004 753 demigra-

337 778 448 845 vit,
481 792 617 832 cum
651 778 718 829 75
746 774 1060 829 animabus
1094 789 1282 827 annos
1315 769 1542 826 habens
1588 771 1711 824 130.
1751 771 2006 842 Josepho

343 869 413 921 40
446 870 655 938 agente
684 879 908 918 annum
943 862 1188 917 moritur
1210 859 1461 915 Jacobus
1493 876 1654 914 anno
1717 859 1852 913 vitae
1886 874 2006 914 suae

352 957 476 1021 147,
500 970 566 1007 ac
604 954 665 1007 in
698 952 969 1008 Hebrone
1003 967 1036 1005 a
1083 949 1338 1021 Josepho
1369 948 1674 1020 sepelitur.
1725 948 2011 1015 (Geszema

348 1044 565 1102 Arabia
606 1048 696 1099 est
736 1044 977 1115 Egypto
1011 1039 1311 1109 ﬁnimita.)
1336 1040 1480 1093 Nam
1511 1037 1804 1109 Josephus
1834 1036 2008 1093 annis

346 1139 482 1206 post
508 1131 708 1188 Jacobi
741 1132 802 1186 in
834 1132 1141 1203 Egyptum
1174 1126 1595 1201 migrationem
1627 1129 1694 1179 70
1737 1130 2009 1182 mortuus

340 1228 449 1290 est,
485 1239 620 1278 cum
663 1227 906 1277 centum
940 1237 1128 1276 annos
1160 1224 1220 1274 et
1247 1218 1456 1274 decem
1496 1216 1758 1272 vixisset.

416 1317 464 1368 Δ
516 1318 706 1368 morte
744 1310 983 1381 Josephi
1039 1309 1383 1364 servitutem
1442 1307 1724 1380 Egyptiis
1780 1305 2010 1361 Hebraai

349 1402 682 1459 servierunt
711 1416 819 1472 per
839 1415 1027 1454 annos
1052 1400 1172 1453 144.
1197 1399 1345 1469 Ergo
1366 1402 1554 1452 totum
1576 1401 1828 1466 tempus,
1852 1394 2012 1465 quod

348 1491 411 1545 in
467 1492 710 1563 Egypto
769 1487 999 1543 Hebraei
1052 1492 1319 1558 egerunt,
1371 1501 1665 1540 annorum
1723 1483 1837 1538 fuit
1882 1486 2005 1537 215.

352 1580 519 1645 Quod
549 1579 623 1634 ad
654 1576 961 1650 privilegia
992 1576 1080 1647 (ut
1109 1575 1194 1631 sic
1221 1576 1455 1646 loquar)
1506 1574 2007 1647 primogeniturae,

352 1670 416 1724 in
447 1668 646 1724 locum
677 1666 909 1723 Rubeni
941 1665 1138 1736 proles
1166 1665 1405 1736 Josephi
1438 1664 1511 1719 ob
1540 1663 1806 1735 parentis
1837 1662 2008 1734 pudi-

350 1758 555 1813 citiam
588 1756 896 1824 successit,
930 1756 1090 1825 quod
1121 1754 1403 1810 Rubenus
1432 1770 1565 1810 cum
1586 1754 1769 1824 patris
1794 1752 2008 1823 pellice

2113 582 2253 642 ἔτεσι
2296 591 2391 642 τοῦ
2458 587 2651 662 λιμοῦ,
2708 589 2784 650 ὡς
2841 591 3112 659 Ἰώσηπος
3170 593 3456 663 μαρτυρεῖ.
3510 588 3662 647 Μετὰ
3724 586 3787 645 δὲ

2115 673 2213 731 δύο
2244 662 2336 746 ἔτη
2369 671 2574 748 κατέϐη
2610 673 2807 734 Ἰακὼϐ
2830 677 2907 741 εἰς
2963 662 3259 751 Αἴγυπτον
3314 662 3364 731 ἐν
3415 678 3485 732 oe‘
3542 681 3778 752 ψυχαῖς,

2115 764 2307 819 ἑκατὸν
2354 767 2647 840 τριάκοντα
2704 765 2839 822 ἐτῶν
2897 761 2996 835 ὥν,
3050 768 3077 820 6
3137 762 3195 820 δὲ
3254 767 3457 843 Ἰωσὴφ
3515 768 3777 842 τεσσαρά-

2115 874 2302 910 κοντα.
2334 852 2572 925 Τελευτᾷ
2628 852 2685 910 δὲ
2742 849 2937 911 Ἰακὼϐ
2990 855 3177 910 ἑκατὸν
3235 855 3784 928 τεσσαρακονταεπτὰ

2116 944 2276 1012 ἑτῶν,
2307 944 2397 999 καὶ
2431 945 2691 1000 θάπτεται
2747 944 2850 1000 ὑπὸ
2908 946 3111 1022 Ἰωσὴφ
3166 947 3223 999 ἓν
3265 939 3514 1018 Χεϐρών.
3572 945 3791 1019 Γεσαίμ

2117 1029 2175 1088 δὲ
2196 1035 2230 1101 ἡ
2264 1034 2401 1108 πρὸς
2427 1032 2707 1108 Α’ἓγυπτον
2744 1029 2976 1110 Ἀραϐία
3005 1033 3173 1090 ἓστίν.
3234 1034 3387 1090 Μετὰ
3413 1036 3515 1110 γὰρ
3549 1035 3592 1088 ο⁸
3651 1034 3794 1113 χρό-

2113 1143 2237 1184 νους
2269 1130 2369 1193 τῆς
2426 1121 2478 1178 ἐν
2538 1122 2802 1198 Αἰγύπτῳ
2860 1121 3093 1179 καθόδου
3163 1118 3384 1194 Ἰακὼϐ,
3432 1122 3789 1193 ετελεύτησεν

2117 1212 2324 1290 Ἰωσὴφ
2355 1213 2544 1269 ἑκατὸν
2578 1211 2707 1268 δέκα
2732 1212 2888 1272 ἐτῶν.
3778 1200 3785 1207 ”

2188 1301 2335 1359 Μετὰ
2365 1306 2496 1377 γοῦν
2521 1302 2613 1357 τὸν
2643 1302 2865 1367 θάνατον
2903 1304 3106 1382 Ἰωσὴφ
3139 1299 3493 1358 δουλεύουσιν
3532 1297 3789 1376 Ἑϐραῖοι

2114 1397 2230 1453 τοῖς
2263 1389 2586 1465 Αἰγυπτίοις
2620 1391 2713 1462 ἔτη
2785 1388 2930 1469 ρμδ“.
2984 1391 3063 1446 Τὰ
3091 1393 3264 1447 πάντα
3301 1392 3483 1446 τοίνυν
3514 1399 3614 1461 τῆς
3671 1398 3793 1449 τῶν

2114 1474 2381 1554 Ἑϐραίων
2443 1480 2495 1535 ἐν
2557 1480 2827 1556 Αἴγύπτῳ
2888 1476 3179 1556 διατριϐῆς
3218 1474 3313 1552 ἔτη
3373 1482 3489 1537 σιε’.
3551 1477 3788 1557 Λαμϐά-

2113 1593 2266 1627 νουσι
2322 1569 2381 1627 δὲ
2437 1573 2536 1642 τήν
2597 1571 2857 1648 εὐλογίαν
2913 1577 3019 1627 τῶν
3065 1578 3458 1648 πρωτοτοκιῶν
3514 1573 3632 1629 ἀντὶ
3684 1579 3791 1630 τοῦ

2114 1653 2378 1735 Ῥουϐεἱμ
2434 1662 2487 1715 οἱ
2545 1662 2656 1717 υἱοὶ
2720 1662 2920 1738 Ἰωσὴφ
2955 1659 3045 1716 διὰ
3100 1663 3164 1717 τὸ
3211 1666 3309 1717 τοῦ
3337 1663 3545 1738 πατρὸς
3602 1663 3798 1743 αὐτῶν

2116 1755 2353 1827 σῶφρον,
2384 1752 2519 1806 κ-ιιθὸ
2550 1752 2578 1806 ὁ
2614 1752 2709 1825 μὶν
2770 1746 3036 1824 Ῥουϐεἰμ
3103 1754 3173 1825 τῇ
3227 1749 3491 1827 παλλακῇ
3550 1751 3797 1834 συνῆλθε

349 1847 642 1913 coivisset,
665 1846 954 1917 Iosephus
977 1850 1177 1900 autem
1203 1845 1262 1899 in
1304 1843 1581 1916 Egyptiaa
1606 1842 1875 1899 mulieris
1906 1840 2006 1896 68

2128 1842 2213 1939 τού
2243 1840 2471 1914 πατρὸς,
2507 1841 2535 1894 6
2568 1837 2625 1895 δὲ
2658 1841 2860 1920 Ἰωσὴφ
2891 1845 2959 1912 τῇ
2994 1841 3275 1915 Αἰγυπτίᾳ
3331 1840 3394 1896 οὗ
3451 1843 3790 1919 συνεφθάρη.

347 1934 660 1990 libidinem
680 1949 1059 2004 nequaquam
1083 1932 1501 1988 consensisset.
1524 1931 1797 1996 Quamvis
1822 1929 2004 1986 etiam

347 2025 562 2081 fratres
588 2040 837 2079 numero
869 2022 1075 2078 decem
1106 2039 1174 2078 ac
1196 2027 1316 2077 tres
1338 2021 1602 2088 fuerunt,
1626 2025 1826 2076 tamen
1849 2025 2010 2075 terra

352 2113 511 2168 inter
542 2111 856 2167 duodecim
881 2111 1070 2166 divisa
1099 2115 1208 2174 est,
1230 2127 1299 2167 eo
1328 2110 1487 2182 quod
1510 2126 1544 2166 a
1564 2109 1797 2166 caeteris
1823 2110 2011 2164 omni-

357 2202 469 2259 bus
499 2201 631 2257 Levi
662 2201 922 2257 decimas
952 2201 1268 2272 acciperet.

424 2291 919 2348 Adolescentulus
959 2290 1287 2346 etiamnum
1320 2289 1611 2361 Josephus
1651 2305 1788 2344 oves
1829 2288 2016 2361 patris

352 2381 653 2455 pascebat;
670 2397 923 2452 cumquo
939 2397 1076 2436 eum
1091 2385 1261 2452 pater
1279 2379 1530 2451 reliquis
1546 2379 1875 2450 impensius
1890 2378 2021 2433 dili—

353 2471 568 2544 geret,f
570 2487 631 2526 ra
640 2475 757 2525 tres
771 2469 993 2524 invidia
1011 2470 1218 2539 perciti
1234 2468 1517 2524 adversus
1531 2484 1667 2524 eum
1683 2468 2020 2523 simultates

369 2558 1185 2616 exercuerunt.Auxitodium
1204 2558 1636 2614 insomniorum
1649 2558 1893 2615 auditio.
1911 2561 2023 2613 Re-

366 2651 647 2706 citaverat
663 2651 824 2706 enim
848 2651 935 2705 eis
955 2651 1146 2705 visum
1174 2650 1307 2719 sibi,
1333 2650 1479 2721 ipsis
1497 2650 1839 2722 manipulos
1858 2648 2025 2703 colli-

364 2740 640 2811 gantibus
653 2757 816 2796 suum
829 2740 1197 2810 manipulum
1209 2755 1338 2795 sese
1352 2739 2023 2810 erexisse,reliquosque

364 2830 494 2901 ejus
508 2829 839 2886 honorandi
852 2846 1031 2886 causa
1044 2830 1370 2902 manipulos
1382 2847 1601 2902 pronos
1615 2830 2000 2902 procubuisse
2010 2872 2022 2886 .

366 2919 531 2974 Unde
559 2918 772 2975 fratres
803 2920 863 2974 id
886 2920 1045 2989 quod
1075 2936 1171 2974 res
1194 2920 1304 2975 fuit
1325 2920 1737 2992 conjicientes,
1766 2920 1935 2977 illum
1962 2921 2024 2975 in

367 3008 528 3079 ipsos
553 3008 871 3079 imperium
894 3008 1218 3079 aliquando
1242 3008 1605 3077 habiturum,
1629 3010 1816 3066 multo
1849 3010 2022 3065 vehe-

2120 1924 2303 1982 Ἀλλὰ
2360 1928 2450 1982 καὶ
2518 1925 2816 2002 δεκατριῶν
2876 1925 3126 2000 ἀδελφῶν
3189 1928 3357 1983 ὄντων
3424 1928 3500 1990 εἰς
3565 1926 3793 1984 δώδεκα

2112 2014 2370 2089 ιμερίσθη
2404 2018 2439 2085 ἡ
2472 2023 2541 2091 γῆ
2605 2013 2697 2071 διὰ
2761 2017 2824 2071 τὸ
2882 2016 2972 2072 τὸν
3031 2018 3161 2072 Λευ“ι
3216 2014 3586 2073 ἁποδεκατοῦν
3653 2017 3795 2081 τοὺς

2117 2102 2348 2166 λοιποὺς
2372 2104 2596 2168 πάντας.

2188 2287 2311 2340 Ὅτι
2344 2286 2549 2361 Ἰωσὴφ
2580 2282 2787 2360 κομιδῇ
2840 2286 2964 2349 νέος
3020 2284 3095 2341 ὢν
3152 2280 3231 2342 ἔτι
3262 2283 3513 2362 πρόϐατα
3541 2293 3639 2343 τοῦ
3670 2310 3790 2344 πα⁹

2116 2376 2242 2449 τρὸς
2276 2374 2586 2447 ποιμαίνων
2616 2376 2706 2446 ἦν,
2735 2377 2821 2431 καὶ
2869 2374 3088 2447 μᾶλλον
3133 2382 3242 2433 τῶν
3303 2377 3488 2434 ἃλλων
3520 2381 3787 2453 ἠγαπᾶτο

2116 2470 2194 2537 τῷ
2218 2466 2402 2539 παῖρί.
2438 2466 2533 2521 Διὸ
2565 2467 2655 2522 καὶ
2713 2468 2769 2520 οἱ
2826 2465 3058 2545 ἀδελφοὶ
3116 2466 3574 2543 διαφθονούμενοι
3621 2468 3788 2527 οὐδὲν

2122 2556 2259 2628 πρὸς
2298 2553 2457 2611 αὑτὸν
2510 2555 2783 2630 εἰρηνικὸν
2839 2555 3094 2615 ἐλάλουν.
3160 2558 3518 2632 Προσετίθουν
3574 2557 3632 2615 δὲ
3685 2546 3789 2614 καὶ

2132 2650 2290 2719 μῖσος
2319 2648 2426 2700 τῶν
2483 2645 2745 2700 ἐνυπνίων
2805 2647 2972 2702 αὐτοῦ
3018 2646 3324 2710 ἀκούοντες.
3378 2648 3476 2703 Καὶ
3517 2649 3622 2726 γὰρ
3653 2644 3793 2727 ἔφη’

2133 2760 2161 2787 ‹‹
2195 2736 2493 2811 Δράγματα
2518 2732 2892 2808 δεσμευόντων
2922 2738 3082 2808 ἡμῶν
3141 2739 3195 2791 ἓν
3250 2742 3332 2809 τῷ
3394 2737 3567 2811 πεδίῳ
3622 2736 3798 2811 ᾤμην

2134 2826 2228 2898 μὲν
2256 2824 2632 2899 ἀνορθωθῆναι
2664 2826 2726 2880 τὸ
2758 2825 2912 2899 ἐμὸν,
2970 2826 3036 2880 τὰ
3095 2823 3153 2881 δὲ
3211 2827 3446 2901 ὑμέτερα
3491 2847 3796 2903 περιστρα-

2133 2915 2296 2993 φέντα
2325 2921 2647 2992 προσκυνεῖν
2698 2915 2864 2987 αὐτῷ.
2905 2940 2929 2967 n
2989 2917 3203 2973 Τούτου
3252 2922 3378 2990 γοῦν
3438 2918 3792 2989 ἀκούσαντες,

2132 3002 2223 3057 καὶ
2254 3002 2329 3065 ὡς
2390 3001 2702 3078 βασιλεύσει
2745 3001 2827 3058 ἐπ’
2885 3002 3081 3066 αὐτοὺς
3138 3005 3313 3079 ὀρθῶς
3400 3004 3796 3079 Ξπικρίναντες,

367 3098 628 3153 mentius
653 3098 857 3152 odium
879 3096 1161 3153 adversus
1183 3114 1319 3153 eum
1334 3105 1757 3170 conceperunt.
1789 3098 2017 3154 Addidit

2135 3092 2257 3149 λίαν
2288 3093 2559 3149 ὲπὲτειναν
2593 3095 2656 3149 τὸ
2689 3099 2871 3167 μῖσος.
2906 3096 3169 3169 Προσθεὶς
3200 3092 3279 3163 δὲ,
3315 3121 3342 3148 ι(
3371 3097 3543 3160 Δῦθις
3573 3095 3796 3153 ἐνυπνι-

366 3187 480 3242 hoc
510 3186 695 3257 priori
727 3187 1038 3258 Josephus.
1073 3204 1134 3242 se
1184 3204 1289 3258 per
1327 3188 1588 3258 quietem
1638 3188 2021 3259 imaginatum

2136 3187 2341 3257 σαμην,
2377 3207 2405 3235 ››
2432 3181 2559 3257 ἔφη,
2596 3207 2619 3236 ιι
2651 3183 2738 3238 καί
2771 3204 2832 3259 γε
2859 3182 3021 3258 ᾤμην
3052 3184 3143 3239 τὸν
3204 3183 3366 3254 ἠλιον
3412 3187 3503 3242 καὶ
3559 3190 3658 3257 τὴν
3693 3180 3799 3243 σεξ

362 3276 545 3331 fuisse
564 3293 597 3331 a
620 3275 913 3341 sole,luna
927 3275 1326 3347 undecimque
1340 3277 1532 3332 stellis
1546 3293 1608 3332 se
1619 3277 2017 3332 adorari.Ver-

2132 3272 2310 3344 λήνην
2369 3274 2461 3328 καὶ
2509 3269 2699 3328 ἕνδεκα
2756 3247 2981 3347 έστὲριας
3040 3274 3470 3349 προσκυνοῦντας
3524 3296 3591 3349 με
3647 3288 3792 3342 καθ-

368 3363 437 3419 tit
465 3365 577 3420 hoc
599 3364 658 3418 in
670 3364 877 3435 jocum
901 3370 1088 3435 pater,
1106 3363 1385 3435 dictoque
1405 3386 1433 3416 ‹‹
1455 3365 1751 3422 Numnam
1772 3365 2019 3437 egoipse

364 3459 423 3507 et
452 3458 643 3508 mater
671 3458 772 3509 tua
800 3453 1131 3525 fratresque
1166 3454 1250 3510 tui
1282 3461 1336 3510 te
1366 3455 1677 3527 prostratis
1709 3456 1771 3510 in
1800 3462 2019 3511 terram

367 3542 717 3613 corporibus
730 3542 1042 3599 adoratum
1057 3543 1398 3599 veniemus?
1412 3566 1439 3593 »
1455 3544 1526 3599 ob
1528 3546 1829 3617 jurgatum
1843 3543 2020 3601 silere

361 3632 562 3703 jussit.
587 3633 675 3687 lta
700 3648 837 3704 ergo
861 3632 1115 3687 visiones
1139 3633 1265 3687 istas
1288 3633 1539 3689 obscura
1553 3634 1825 3705 quaedam
1850 3638 2023 3690 erant

365 3721 673 3778 veritatem
724 3720 1029 3792 aliquanto
1089 3728 1225 3777 ante
1277 3723 1597 3794 designans
1653 3723 2017 3797 informatio.

366 3812 511 3866 Nam
537 3816 597 3864 et
616 3811 727 3864 hoc
752 3810 1011 3865 vaticinii
1041 3816 1132 3866 est
1151 3827 1359 3884 genus,
1384 3811 1710 3884 multisque
1731 3830 2022 3885 praemon-

367 3908 553 3958 strata
582 3908 673 3957 est
720 3904 1036 3959 insomniis
1083 3904 1419 3961 futurorum
1470 3906 1846 3979 signiﬁcatio,
1889 3923 2021 3979 qua;

369 3993 669 4048 insomnia
698 3993 968 4048 Numinis
1000 3994 1286 4051 instinctu
1317 3995 1615 4061 accidunt,
1648 4002 1715 4052 ut
1761 3998 2023 4052 Pharao-

372 4082 457 4149 ni,
490 4087 557 4136 ut
582 4082 1149 4139 Nabuchodonosori
1179 4090 1238 4140 et
1267 4086 1583 4157 permultis
1613 4086 1770 4142 aliis.

444 4173 648 4242 Operae
678 4173 938 4243 pretium
965 4179 1055 4230 est
1074 4174 1487 4231 vaticiniorum
1510 4175 1882 4231 diﬂ'erentias
1902 4192 2023 4230 cer-

370 4277 533 4317 nere.
568 4262 847 4327 Quaadam
880 4264 1214 4335 spiritualia
1243 4270 1383 4319 sunt
1413 4269 1471 4319 et
1500 4264 1730 4320 veracia
1755 4281 2020 4337 prorsus,

368 4354 433 4402 ut
463 4348 564 4405 Dei
598 4354 656 4404 et
678 4356 1042 4418 sanctorum,
1068 4368 1173 4407 suo
1206 4357 1473 4424 tempore
1498 4353 1657 4408 exitu
1688 4354 1791 4408 64
1824 4354 2021 4410 vatici-

366 4439 535 4494 nium
567 4439 982 4496 conﬁrmante.
1019 4440 1151 4496 Alia
1180 4458 1215 4497 a
1243 4441 1617 4497 daemonibus
1638 4442 2024 4514 proﬁciscun-

368 4533 486 4593 tur,
506 4528 687 4599 inque
708 4528 921 4583 horum
942 4528 1266 4588 cultoribus
1288 4530 1705 4587 efﬁcacitatem
1721 4538 2020 4588 exserunt.

2127 3369 2274 3438 ορᾷν.
2300 3387 2328 3415 ››
2362 3364 2670 3433 Διαπαίζων
2720 3360 2777 3418 δὲ
2832 3364 2894 3419 τὸ
2925 3364 3107 3439 ὅραμα
3166 3360 3362 3423 Ἰακὼϐ
3392 3363 3516 3443 ἔφη·
3561 3390 3589 3419 ‹‹
3637 3369 3790 3443 ’Δρα

2126 3454 2236 3529 ἐγὼ
2268 3457 2296 3510 6
2328 3457 2509 3527 πατήρ
2540 3476 2637 3510 σου
2666 3454 2756 3510 καὶ
2788 3457 2822 3525 ἡ
2858 3458 3044 3531 μήτηρ
3078 3460 3174 3510 σοῢ
3208 3457 3299 3511 καὶ
3331 3458 3383 3511 οὶ
3412 3454 3641 3534 ἀδελφοί
3680 3478 3786 3514 σου

2125 3547 2328 3619 ἥξομεν
2361 3544 2732 3620 προσκυνῆσαί
2761 3565 2846 3599 σοι
2903 3543 2990 3599 ἐπὶ
3048 3552 3149 3615 τῆς
3179 3552 3283 3621 γῆς
3320 3565 3334 3614 ;
3368 3570 3396 3596 ››
3453 3546 3544 3601 καὶ
3601 3546 3791 3603 ἐπιτι-

2130 3637 2308 3709 μήσας
2362 3633 2593 3709 παρῄνει
2645 3639 2822 3711 σιγᾷν.
2884 3633 3043 3691 Οὕτω
3106 3635 3200 3707 μὶν
3258 3633 3350 3689 οὖν
3411 3635 3479 3689 τὰ
3528 3637 3785 3712 ὁρᾶματα

2127 3723 2347 3799 ἀμυδρὰ
2373 3731 2477 3793 τῆς
2511 3723 2771 3791 ἀληθείας
2802 3722 3154 3798 προτύπωσις
3212 3725 3298 3792 ἦν·
3357 3725 3447 3779 καὶ
3482 3724 3587 3801 γὰρ
3614 3728 3783 3782 τοῦτο

2125 3817 2464 3894 προφητείας
2497 3812 2663 3884 εἶδος,
2693 3816 2783 3869 καὶ
2818 3814 2869 3870 ἐν
2903 3813 3143 3877 πολλοῖς
3181 3814 3462 3889 ἐθεωρήθη
3502 3814 3787 3880 πολλάκις

2127 3905 2202 3962 δι’
2231 3905 2453 3980 ὀνείρων
2494 3907 2529 3973 ἡ
2561 3910 2660 3960 τοῦ
2695 3903 2998 3978 μέλλοντος
3030 3901 3410 3979 προδήλωσις,
3442 3902 3495 3959 ἐν
3552 3908 3636 3967 οἷς
3693 3902 3790 3962 διὰ

2124 3997 2436 4071 κρείττονος
2462 3994 2670 4069 γίνεται
2698 3994 2966 4063 κατοχῆς,
3021 3992 3204 4068 ὥσπερ
3259 3993 3311 4049 ἐν
3350 3998 3430 4066 τῷ
3460 3995 3664 4069 Φαραὼ
3692 3997 3789 4052 καὶ

2126 4089 2206 4156 τῷ
2235 4079 2731 4159 Ναϐουχοδονοσὸρ
2761 4083 2851 4139 καὶ
2880 4080 3077 4144 ἃλλοις
3118 4081 3420 4145 πλείστοις.

2197 4169 2466 4244 Ἀξιονδὶ
2513 4171 2709 4227 εἰδέναι
2767 4172 2861 4235 τὰς
2922 4170 3189 4249 διαφορὰς
3243 4176 3353 4227 τῶν
3407 4177 3787 4249 προφητειῶν.

2127 4264 2189 4320 Ἢ
2225 4263 2319 4336 μὶν
2353 4261 2458 4338 γάρ
2497 4260 2611 4316 ἐστι
2641 4264 2983 4333 πνευματική
3044 4262 3135 4316 καὶ
3204 4261 3418 4332 ἀληθὴς
3450 4264 3651 4332 πάντη,
3705 4263 3790 4328 ὡς

2128 4354 2164 4421 ἡ
2186 4356 2283 4406 τοῦ
2324 4354 2459 4406 Θεοῦ
2514 4350 2605 4405 καὶ
2661 4355 2770 4405 τῶν
2832 4351 3025 4426 ἁγίων,
3087 4350 3371 4425 ἐν,καιρῷ
3428 4356 3510 4424 τῷ
3550 4349 3674 4425 ἰδίῳ
3726 4353 3792 4408 τὸ

2130 4442 2296 4515 πέρας
2350 4443 2459 4497 τῶν
2512 4440 3009 4516 προφητευομένων
3065 4439 3420 4515 ἐπιφέρουσα.
3477 4439 3667 4511 ’Ἄλλη
3728 4438 3791 4498 δὲ

2131 4527 2452 4603 δαιμονική,
2484 4527 2536 4583 ἐν
2563 4534 2680 4590 τοῖς
2737 4533 2845 4584 τῶν
2908 4527 3188 4602 δαιμόνων
3229 4535 3585 4603 θεραπευταῖς
3641 4528 3787 4605 ἐνερ-

368 4619 588 4689 Estque
621 4616 681 4671 id
701 4634 890 4688 genus
913 4620 1223 4693 multiplex
1250 4639 1263 4687 ;
1295 4621 1403 4676 sub
1435 4638 1551 4692 quo
1583 4628 1724 4678 sunt
1743 4622 2017 4678 vaticinia

2128 4618 2393 4696 γουμένη·
2441 4622 2521 4692 [Ρ.
2562 4622 2654 4693 36]
2684 4616 3037 4693 πολύτροπος
3105 4616 3163 4673 δὲ
3218 4618 3380 4690 αὕτη,
3431 4617 3524 4674 ο⁹ία
3580 4622 3615 4689 ἡ
3676 4623 3790 4675 τῶν

372 4724 442 4762 ex
490 4706 684 4762 farina
711 4713 769 4762 et
822 4709 1068 4779 hordeo,
1129 4710 1358 4782 Pythia,
1392 4727 1563 4784 nugas
1619 4728 1688 4766 ex
1729 4712 2027 4768 Dodonasa

369 4812 614 4867 quercu,
663 4797 1063 4869 extispicium,
1113 4799 1469 4871 auspicium,
1529 4801 1864 4873 augurium,
1899 4808 2023 4857 tum

370 4884 502 4958 conj
514 4886 838 4942 ectationes
861 4888 931 4942 de
955 4881 1512 4955 sternutationibus,
1537 4890 1875 4958 tonitribus,
1898 4908 2025 4946 mu.

367 4977 522 5031 rium
558 4976 883 5047 feliumque
916 4977 1191 5046 stridore,
1226 4978 1541 5051 lignorum,
1575 4980 1811 5035 aurium
1837 4981 2026 5035 tinni-

368 5074 453 5137 tu,
486 5069 752 5139 corporis
802 5075 1059 5125 tremore
1103 5074 1376 5141 sumptae.
1409 5071 1574 5136 Quod
1619 5088 1806 5144 genus
1847 5071 2025 5126 etiam

371 5157 617 5230 auguria
638 5158 1027 5212 nominantur
1048 5175 1061 5224 ;
1087 5159 1258 5229 cujus
1280 5175 1417 5231 pars
1429 5166 1700 5216 versatur
1716 5161 1778 5214 in
1796 5160 2022 5228 avibus,

369 5262 506 5317 pars
529 5248 591 5302 in
617 5246 975 5302 tremoribus
996 5248 1257 5318 partium
1291 5250 1558 5330 corporis
1585 5249 1703 5317 sive
1725 5248 2023 5305 subsulta-

2133 4707 2558 4783 ἀλευρομαντῶν
2614 4708 2704 4764 καὶ
2771 4714 3151 4786 κριθομαντῶν
3207 4708 3505 4783 λεγομὲνη,
3585 4708 3673 4764 οἵα
3756 4713 3793 4781 ἡ

2135 4797 2309 4862 Πυθία
2339 4799 2497 4868 καὶὴ
2533 4795 2619 4853 διὰ
2659 4805 2760 4868 τῆς
2820 4795 3148 4861 Δωδωναίας
3206 4797 3453 4871 ληροῦσα
3512 4797 3696 4874 δρυὸς,
3758 4803 3794 4871 ὴ

2136 4885 2226 4943 διὰ
2257 4893 2364 4943 τῶν
2397 4887 2734 4963 σπλάγχνων
2798 4889 3020 4961 μαντεία
3048 4889 3140 4943 καὶ
3199 4890 3233 4957 ἡ
3287 4885 3355 4943 δι’
3417 4886 3618 4964 ὀρνέων
3649 4893 3795 4961 πτή-

2135 4999 2296 5046 σεως,
2326 4977 2484 5048 καὶὴ
2518 4976 2608 5033 διὰ
2656 4979 2915 5053 κλαγγῶν
2974 4978 3069 5033 καὶ
3127 4984 3393 5051 πταρμῶν
3447 4973 3792 5052 συμϐολικήο

2136 5066 2291 5138 οἷάἡ
2343 5067 2434 5124 διὰ
2494 5070 2750 5144 βροντῆς,
2801 5067 2976 5141 μυῶν,
3036 5066 3235 5146 γαλῆς,
3293 5073 3528 5144 τρισμοῦ
3586 5068 3791 5140 ξύλων,

2134 5158 2276 5220 ὠτὸς
2361 5157 2557 5233 ἤχων,
2642 5155 2879 5232 παλμῶν
2959 5166 3236 5231 σώματος,
3322 5151 3638 5233 συμϐολικὴ
3697 5157 3789 5214 καὶ

2137 5246 2457 5316 οἰωνιστικὴ
2491 5246 2785 5323 λιγομὲνη.
2817 5247 2917 5308 Ἦς
2947 5246 3010 5301 τὸ
3043 5247 3138 5318 μὲν
3171 5244 3311 5300 ἐστιν
3343 5246 3789 5320 ὀρνεοσκοπικὸν,

371 5335 632 5392 tionibus
663 5335 1165 5421 contemplandis,
1216 5354 1353 5409 pars
1380 5339 1443 5393 in
1493 5339 1761 5412 augurio,
1794 5355 1931 5410 pars
1962 5338 2017 5396 in

2132 5338 2196 5392 τὸ
2226 5334 2284 5392 δὲ
2317 5335 2680 5411 παλμωτικόν
2713 5340 2847 5410 (46),
2873 5337 2937 5392 τὸ
2994 5332 3053 5392 δὲ
3105 5335 3557 5407 οἰωνοσκοπικὸν,
3614 5338 3676 5392 τὸ
3735 5334 3793 5392 δὶ

954 5433 967 5494 ἰ
1026 5437 1050 5493 ’;
1096 5426 1180 5491 Si"
1232 5460 1235 5463 ν
1576 5445 1937 5502 XYLANDRI
1978 5447 2064 5502 ET
2101 5447 2316 5504 GOARI
2358 5446 2578 5503 Nom.

443 5540 554 5610 (46)
599 5543 655 5594 ln
715 5530 1057 5599 tremoribus.
1118 5528 1190 5605 [ῖι
1219 5532 1377 5599 hunc
1434 5544 1667 5600 locum..
1692 5545 1777 5599 sic
1828 5549 2016 5600 verte-

372 5628 519 5686 rem,
563 5629 697 5667 cum
755 5616 915 5669 vocis
960 5612 1321 5685 παλμωτικόν
1372 5618 1553 5672 movit
1603 5622 1862 5686 etymon,
1894 5622 2018 5672 tum

372 5682 565 5739 Suidae
599 5701 691 5739 me
724 5688 1015 5757 permovit
1038 5682 1467 5760 testimonium,
1500 5690 1600 5761 qui
1632 5682 1703 5744 ex
1751 5705 2016 5760 quocun-

2130 5562 2251 5626 que‘
2274 5546 2514 5626 tandem
2548 5544 2989 5626 ποιοῖο-ζωιὴὶ
3020 5545 3182 5599 enim
3214 5561 3337 5599 non
3381 5544 3611 5626 liquet),
3645 5542 3789 5626 παλ-ς

2132 5615 2290 5687 μικὸν
2348 5616 2617 5686 οἰώνισμα
2676 5616 2950 5688 explicat,
3010 5632 3143 5671 cum
3216 5615 3568 5688 prmsagitur
3642 5615 3784 5687 quid

2126 5694 2546 5763 pramonstret
2574 5687 2923 5744 subsaltatio
2953 5688 3044 5743 vel
3076 5687 3320 5761 tremor,
3362 5687 3523 5745 verbi
3574 5688 3782 5759 gratia.
