4118 6424
306 368 380 429 93

1471 352 2011 416 HISTORIARUM
2055 351 2616 415 COMPENDIUM.
3685 359 3765 418 Μ

316 498 770 582 χειροσκοπικὸν,
824 494 890 551 τὸ
952 492 1009 550 δὲ
1064 487 1361 582 ἐνόδιονᾼῆ
1396 485 1988 582 κληδονιστικὸν,οῖον

2116 485 2459 544 iivinatione
2482 503 2553 543 ex
2582 503 2873 544 manuum
2906 487 3303 559 inspectione,
3324 505 3465 560 pars
3490 489 3553 545 in
3576 490 3775 546 obviis'

316 574 443 652 {ut
503 589 565 646 ἐκ
628 592 730 643 τοῦ
789 583 1206 660 παρατυχόντος
1267 579 1564 655 εῖρημένου
1620 574 1987 652 τεκμαίρηταί

318 704 401 745 τις
441 682 501 736 τὸ
532 677 819 752 ἐσόμενον,
852 674 944 730 καὶ
1004 673 1131 730 ὅταν
1192 669 1264 726 δι’
1297 669 1580 743 ὀνομάτων
1614 670 1819 742 νεκρῶν
1866 664 1993 722 ἔπι-

319 773 597 843 κλήσεως,
622 768 715 823 καὶ
748 767 879 821 ὅταν
909 761 981 818 δι’
1010 763 1222 836 ἄστρων
1278 758 1369 814 καὶ
1432 758 1644 814 ὑδάτων
1681 758 1716 826 ἢ
1762 756 1991 831 ὀνείρων

328 865 597 936 ματαίων,
646 859 759 912 οἷοι
827 854 947 909 καθ’
1035 851 1268 921 ἑκάστην
1357 854 1488 907 πᾶσι
1564 845 1988 922 προσπίπτουσι’

327 934 548 1006 σπάνιοι
579 948 684 1021 γὰρ
716 944 840 1002 λίαν
875 943 929 999 οὶ
959 940 1165 1005 ἄνωθεν
1188 939 1438 1010 ἥκοντες.
1472 936 1641 995 Οὗτοι
1692 934 1749 992 δὲ
1801 934 1993 996 πάντες

328 1034 720 1113 δαιμονιώδεις
761 1035 816 1089 οἱ
869 1031 1067 1108 τρόποι
1126 1036 1220 1099 τῆς
1278 1026 1616 1106 προφητείας
1653 1027 1741 1080 καὶ
1778 1043 1991 1098 στοχα-

326 1128 531 1197 στικοὶ,
565 1124 619 1183 ο’ί
648 1124 785 1182 κατᾶ
812 1117 1161 1197 συμϐεϐηκὸς
1227 1117 1591 1190 ἀληθεύοντες
1643 1114 1695 1172 ἕν
1736 1136 1877 1171 τισιν
1936 1114 1993 1169 ἐν

327 1226 448 1283 τοῖς
502 1216 788 1280 πλείστοις
843 1213 1266 1289 ἁμαρτάνουσιν.
1326 1206 1510 1280 Ἄλλη
1570 1205 1629 1263 δὶ
1684 1203 1996 1280 προφητεία

330 1310 564 1387 φυσική,
596 1309 672 1369 ὡς
719 1308 756 1375 ἡ
816 1301 905 1359 διὰ
960 1306 1069 1357 τῶν
1126 1298 1369 1374 ἀλόγων’
1423 1294 1706 1387 χελιδόνες
1744 1295 1846 1371 γὰρ
1903 1294 1994 1348 Hi

332 1384 630 1475 μύρμηκες
660 1395 751 1451 καὶ
782 1393 1002 1471 γέρανοι
1050 1389 1229 1465 ἐχῖνοί
1282 1409 1343 1445 τε
1397 1387 1489 1444 καὶ
1544 1384 1821 1475 ἀλκυόνες-
1873 1403 1993 1475 χει-

327 1471 518 1562 μῶνος
577 1482 825 1544 ὶπιόντος
883 1483 1124 1561 φυσικῶς
1182 1477 1619 1541 ἒπαισθάνονται.
1700 1472 1882 1543 ’Ἄλλη
1937 1471 1996 1529 δὲ

323 1577 599 1653 τεχνητή,
628 1575 706 1635 ὡς
731 1576 766 1643 ἡ
799 1572 927 1646 παρ’
960 1571 1167 1646 ἰατροῖς
1200 1568 1291 1624 καὶ
1321 1562 1680 1643 κυϐερνήταις
1712 1564 1992 1639 ὁρωμένη,

323 1667 456 1738 ἥτις
486 1662 811 1740 στοχασμὸς
846 1658 1064 1735 μᾶλλον
1092 1658 1128 1728 ἥ
1183 1657 1495 1734 προφητεία
1546 1656 1993 1730 μετωνόμασται.

326 1756 439 1814 Καὶ
470 1754 623 1828 παρά
644 1751 842 1813 ταύτας
873 1753 910 1819 ἡ
943 1745 1214 1822 δημώδης
1243 1768 1302 1803 τε
1350 1748 1442 1802 καί
1491 1745 1674 1814 κοινὴ,
1726 1744 1801 1806 ὡς
1862 1744 1991 1799 ὃταν

2098 576 2459 645 rumoribus,
2517 576 2677 632 unde
2708 576 2913 632 omnia
2969 582 3306 647 captantur,
3366 594 3502 632 cum
3554 578 3761 635 obvius

2098 665 2351 737 quisque
2383 666 2782 739 interrogatus
2810 665 2957 721 dicit
2986 665 3144 721 unde
3169 666 3439 721 futurum
3470 668 3762 739 conjicia-

2096 759 2213 810 tur.
2265 757 2410 810 Tum
2473 760 2846 811 mortuorum
2895 754 3248 810 nominatim
3295 756 3760 813 invocandorum

2098 844 2270 910 ratio,
2303 860 2373 900 ex
2431 844 2754 910 sideribus,
2809 844 2979 915 aquis
3023 850 3127 899 aut
3180 842 3463 899 inanibus
3515 847 3765 902 somniis

2101 933 2436 1007 prmdictio,
2470 934 2675 1005 qualia
2695 935 2857 989 omni
2897 939 3068 990 nocte
3101 934 3405 1005 quibusvis
3444 936 3761 991 accidunt:

2103 1039 2239 1080 rara
2262 1023 2587 1079 admodum
2621 1029 2764 1078 sunt
2785 1023 2943 1078 enim
2974 1023 3209 1079 somnia
3235 1023 3517 1080 divinitus
3543 1025 3763 1082 oblata.

2106 1113 2240 1169 Haec
2270 1113 2475 1168 omnia
2506 1112 2867 1168 vaticinandi
2896 1129 3116 1186 genera
3144 1130 3179 1168 a
3212 1112 3586 1170 daemonibus
3625 1121 3765 1171 sunt

2104 1202 2588 1274 conjecturisque
2630 1202 2987 1266 innituntar,
3036 1202 3120 1258 ita
3144 1207 3209 1257 ut
3238 1219 3344 1274 per
3392 1204 3670 1259 accidens
3701 1205 3765 1260 in

2101 1288 2457 1361 quibusdam
2480 1306 2680 1345 verum
2704 1290 3017 1361 attingant,
3041 1307 3106 1345 1n
3132 1290 3438 1361 plerisque
3460 1290 3762 1347 aberrent.

2100 1379 2201 1434 Est
2230 1382 2289 1432 et
2314 1378 2433 1434 alia
2461 1378 2754 1435 naturalis
2810 1378 3092 1433 divinatio
3146 1378 3481 1434 brutorum.
3530 1380 3764 1435 Etenim

2100 1465 2474 1533 hirundines,
2507 1467 2790 1533 formica,
2822 1484 3018 1540 grues,
3044 1467 3241 1523 echini
3271 1473 3452 1540 atque
3482 1468 3762 1540 alcyones

2101 1562 2517 1629 tempestatem
2549 1562 2927 1629 appetentem
2958 1562 3189 1612 natura:
3220 1558 3462 1613 monitu
3500 1575 3765 1629 prasen-

2102 1645 2275 1702 tiunt.
2312 1646 2442 1702 Alia
2470 1645 2813 1712 artiﬁciosa,
2844 1645 3085 1717 qualem
3116 1645 3331 1701 medici
3367 1651 3426 1701 et
3465 1646 3760 1718 guberna-

2102 1740 2261 1791 tores
2290 1734 2649 1801 ostendunt;
2686 1752 2817 1806 quas
2843 1740 3042 1789 tamen
3071 1734 3428 1804 conjectatio
3451 1735 3652 1806 potius
3676 1742 3767 1791 est

326 1847 460 1920 ιῖπῃ
490 1824 576 1905 τις
606 1844 693 1899 ’ὁτι
728 1840 865 1914 μετὰ
890 1844 1041 1915 τρεῖς
1073 1837 1284 1913 ἡμέρας
1316 1833 1464 1892 ἔσται
1524 1834 1765 1907 χειμὼν,
1798 1831 1881 1889 ὅτι
1933 1831 1994 1888 ἐκ

2116 1842 2289 1897 quam
2318 1825 2600 1880 divinatio
2633 1824 2949 1896 appellata.
2972 1826 3193 1879 Praeter
3215 1824 3321 1879 has
3343 1824 3600 1897 vulgaris
3623 1843 3765 1896 quo-

326 1934 673 2015 φιλονεικίας
702 1934 893 2006 ψυχῆς
934 1927 1207 1990 πολλάκις
1262 1931 1427 2015 μῖσος
1479 1925 1767 2000 ίγείρεται,
1800 1922 1860 1978 ἐκ
1894 1926 1994 2015 τοῦ

333 2011 528 2099 μίσους
560 2020 620 2077 δε
647 2015 832 2094 ἔριδος
862 2018 1223 2091 ἀνισταμένης
1257 2014 1346 2072 καί
1382 2016 1792 2091 κρατυνομένης
1827 2011 1997 2082 ζῆλος

333 2111 545 2188 histro
572 2110 793 2185 πικρὸς,
825 2107 889 2164 ἐκ
917 2104 977 2163 δὶ
999 2111 1096 2163 τοῦ
1124 2106 1324 2188 φθόνος
1360 2103 1621 2179 ἒνὲσκηψε
1648 2104 1910 2179 κρυπτὸς,
1937 2102 1998 2158 ὲκ

347 2201 407 2258 δὶ
434 2205 528 2256 τοῦ
556 2201 583 2255 ὂ
609 2199 786 2272 θυμὸς
817 2198 1056 2267 ἀνῆπται
1090 2193 1282 2265 δεινὸς,
1316 2194 1376 2250 ἰκ
1417 2197 1515 2250 τοῦ
1546 2195 1723 2267 θυμοῦ
1753 2190 1811 2248 δὲ
1840 2194 1994 2249 θάνα-

347 2312 443 2353 τος
470 2290 747 2344 ἀνακόπτει
780 2286 1043 2361 πονηρὸς,
1066 2284 1115 2342 εἰ
1149 2286 1226 2359 μὴ
1270 2284 1542 2361 κρείττοσι
1572 2279 1836 2353 δηλονότι
1860 2301 1996 2357 προ-

338 2382 512 2445 νοίαις
540 2380 928 2436 ἀνακύπτοντα.

410 2631 499 2686 Ἐν
522 2633 605 2700 τῷ
661 2627 934 2702 πραθῆναι
983 2623 1075 2680 τὸν
1132 2624 1333 2701 Ἰωσὴφ
1398 2625 1454 2678 ἓν
1504 2622 1770 2699 Αἰγύπτῳ
1838 2627 2002 2677 Πετε-

335 2722 453 2800 φρῇ
484 2718 737 2792 εὐνούχῳ
764 2720 846 2789 τῷ
874 2714 1268 2800 ἀρχιμαγειρῳ
1299 2715 1524 2789 Φαραὼ,
1559 2713 1646 2768 καὶ
1680 2711 1733 2768 ἐν
1781 2710 1999 2787 δεσμω-

334 2798 520 2885 τηρίῳ
550 2805 957 2885 ἆγκλεισθῆναι,
1021 2798 1221 2874 συνέϐη
1279 2804 1372 2860 τὸν
1431 2802 1849 2879 ἀρχισιτοποιὸν
1913 2801 2001 2856 καὶ

337 2902 433 2956 τὸν
466 2895 890 2972 ἀρχιοινοχόον,
926 2894 1050 2955 τοὺς
1075 2893 1376 2972 εὐνούχους
1409 2892 1637 2968 Φαραὼ,
1688 2890 2002 2965 ἐγκλεισθῆο

340 3010 431 3044 ναι
478 2987 536 3043 ἐν
583 2990 664 3057 τῷ
729 2985 882 3056 αὐτῷ
942 2980 1306 3057 δεσμωτηρίῳ
1397 2976 1522 3037 ἔνθα
1601 2981 1691 3036 καὶ
1778 2982 2003 3058 Ἰωσήφ.

337 3080 601 3151 Ἠμερῶν
635 3071 692 3130 δὲ
724 3071 1059 3129 διελθουσῶν
1086 3072 1390 3147 ἀμφότεροι
1445 3068 1590 3125 εἶδον
1640 3070 1883 3125 ἐνύπνια.
1944 3070 2006 3127 Ὁ

347 3168 447 3241 μὶν
475 3158 876 3241 ἀρχιοινοχόος
905 3161 1152 3236 ἄμπελον
1207 3158 1320 3216 εἶδε
1374 3158 1686 3216 θάλλουσαν
1748 3159 2005 3235 βλαστοῖς

340 3260 435 3314 καί
523 3256 818 3330 πεπείρους
902 3253 1134 3329 βότρυας
1219 3250 1503 3328 σταφυλῆς
1555 3247 2004 3328 προϐάλλουσαν,

341 3353 491 3425 τρεῖς
578 3343 637 3401 δὲ
727 3344 931 3415 ταύτην
1019 3345 1330 3419 ὑπὲχουσαν
1415 3342 1654 3406 κάτωθεν
1703 3342 2001 3413 πυθμένας.

343 3462 371 3491 α
406 3436 555 3514 Ἐγὼ
585 3433 665 3503 δὲ,
696 3434 885 3512 φησὶν,
916 3431 1078 3506 ᾤμην
1117 3437 1198 3505 τῷ
1255 3432 1507 3507 ποτηρίῳ
1562 3433 1660 3502 τήν
1720 3430 2001 3511 σταφυλὴν

342 3520 619 3583 ὶκθλίὸων
679 3524 755 3586 εἷς
811 3525 913 3593 τήν
995 3528 1158 3599 χεῖρα
1214 3519 1424 3578 διδόναι
1476 3523 1701 3595 Φαραώ.
1756 3547 1784 3573 ›ι
1822 3520 1920 3580 Καὶ
1977 3524 2004 3579 ὁ

345 3618 554 3691 Ἰωσὴφ
582 3617 710 3678 τοὺς
739 3620 885 3690 τρεῖς
916 3612 1195 3686 πυθμένας
1227 3610 1305 3668 ἔτι
1366 3618 1510 3687 τρεῖς
1540 3614 1752 3687 ἡμέρας
1792 3609 2005 3678 ἔσεσθαί

352 3727 509 3784 φησι,
542 3705 633 3761 καὶ
664 3710 764 3773 τῆς
795 3703 979 3783 ἀρχῆς
1022 3723 1118 3757 σου
1152 3704 1486 3776 μεμνήσεται
1542 3703 1572 3758 ὁ
1630 3704 1857 3777 Φαραὼ,
1914 3704 2003 3758 καὶ

350 3795 790 3864 ἀποκαταστήσει
835 3813 896 3847 σε
953 3792 1028 3854 εἰς
1084 3792 1184 3861 τὴν
1235 3792 1505 3867 προτέραν
1563 3793 2005 3871 ἀρχιοινοχοῖαν.

349 3884 537 3942 Ἀλλὰ
589 3885 862 3957 μνήσθητι
920 3881 1123 3955 κάμοῦ,
1179 3882 1304 3937 ὅταν
1363 3880 1422 3936 εὖ
1479 3903 1563 3937 σοι
1618 3883 1866 3958 γένηται,
1925 3883 2008 3939 ὅτι

351 3974 530 4049 μάτην
565 3967 882 4042 διαϐληθεὶς
937 3976 1019 4043 τῷ
1085 3971 1410 4046 ὀχυρώματι
1459 3971 1641 4046 τούτῳ
1696 3968 2013 4048 κατακέκρι-

350 4086 473 4139 μαι.
505 4062 632 4121 Ἐπὶ
661 4060 880 4123 τούτοις
911 4061 1002 4116 καὶ
1053 4062 1082 4116 ὁ
1133 4060 1556 4137 ἀρχισιτοποιὸς
1619 4064 1705 4135 [Ρ.
1739 4064 1831 4138 37]
1883 4058 2009 4140 ἔφη·

345 4179 374 4206 «ι
410 4153 559 4228 Τρία
586 4156 722 4207 κανᾶ
778 4147 1089 4227 χονδριτῶν
1152 4154 1459 4209 σιτοποιοῗι.
1508 4149 1559 4224 ἐξ
1609 4153 1682 4206 ὧν
1750 4149 1923 4226 ἔργων
1983 4153 2012 4208 ὁ

350 4241 613 4320 βασιλεὺς
645 4240 837 4311 ἐσθίει,
868 4239 959 4297 ἐπὶ
1006 4244 1105 4310 τῆς
1133 4246 1376 4317 κεφαλῆς
1410 4261 1518 4312 μου
1555 4239 1702 4317 ἔχειν
1764 4240 2015 4317 ὑπελάμ-

345 4329 534 4391 ϐανον·
593 4332 684 4387 καὶ
734 4333 800 4388 τὰ
848 4331 1065 4387 πετεινὰ
1126 4334 1226 4386 τοῦ
1302 4331 1531 4407 οὐρανοῦ
1606 4328 1827 4389 ’ἐπιόντα
1885 4355 2012 4391 κατ-

346 4426 537 4495 ἤσθιεν
570 4421 726 4477 αὐτά.
752 4445 780 4473 ››
818 4419 921 4479 Καὶ
953 4421 982 4476 ὁ
1010 4421 1235 4497 Ἰωσὴφ,
1267 4444 1297 4473 ‹‹
1328 4422 1450 4478 Ἔτι
1478 4426 1627 4497 τρεῖς
1653 4421 2016 4503 ἡμέραιβφη,

2111 1931 2227 1988 que
2255 1915 2371 1970 ista
2400 1920 2457 1970 et
2487 1914 2843 1979 communis,
2879 1918 2944 1968 ut
2973 1930 3109 1969 cum
3140 1913 3273 1984 quis
3319 1914 3465 1969 dicit
3495 1920 3629 1987 post
3660 1915 3770 1969 tri-

2111 2005 2295 2061 duum
2324 2004 2451 2059 fore
2475 2008 2906 2075 tempestatem.
2932 2002 3031 2060 65
3063 2002 3334 2058 Studium
3359 2004 3768 2059 contendendi

2112 2093 2388 2166 exiguum
2439 2109 2594 2165 saepe
2626 2091 2762 2147 odio
2813 2092 3190 2147 occasionem
3234 2092 3493 2163 praebet;
3548 2109 3618 2148 ex
3650 2111 3769 2166 quo

2111 2189 2241 2239 orta
2269 2184 2397 2239 rixa
2428 2189 2487 2239 et
2515 2183 2913 2239 invalescente
2945 2182 3159 2239 acerba
3180 2183 3414 2238 exsistit
3442 2184 3769 2243 simulatio.

2112 2275 2273 2330 Hanc
2295 2273 2530 2329 occulta
2550 2272 2940 2343 subsequitur
2955 2272 3208 2339 invidia;
3234 2280 3292 2327 et
3304 2288 3372 2327 ex
3396 2275 3506 2329 hac
3528 2291 3767 2331 rursum

2111 2362 2298 2420 animi
2328 2361 2661 2419 exardescit
2707 2361 2861 2417 acris
2894 2361 3002 2429 ira,
3050 2378 3181 2432 quas
3210 2362 3548 2419 homicidiis
3595 2363 3767 2420 foedis

2111 2469 2355 2510 causam
2386 2451 2642 2519 exhibet,
2675 2450 2792 2506 nisi
2825 2452 3259 2522 praestantioris
3308 2452 3595 2508 nimirum
3626 2470 3766 2525 pru-

2113 2542 2330 2598 dentiaa
2362 2541 2631 2597 consiliis
2662 2557 2733 2596 ea
2762 2545 3121 2596 avertantur.

2185 2632 2331 2687 Cum
2362 2631 2423 2685 in
2455 2631 2765 2703 Egyptum
2800 2628 3076 2686 venditus
3122 2631 3413 2701 Josephus
3462 2631 3775 2703 Putiphari

2114 2721 2292 2793 regias
2342 2719 2671 2775 Pharaonis
2711 2718 2926 2773 culinae
2969 2718 3246 2789 praefecto
3296 2721 3573 2776 eunucho
3623 2726 3782 2776 esset

2117 2816 2294 2881 atque
2335 2809 2397 2863 in
2451 2824 2752 2864 carcerem
2807 2807 3081 2874 traditus,
3129 2808 3329 2862 evenit
3374 2814 3440 2863 ut
3487 2808 3779 2880 pistorum

2119 2914 2359 2971 quoque
2393 2903 2452 2952 et
2472 2898 2895 2970 pincernarum
2920 2897 3248 2952 Pharaonis
3268 2898 3571 2971 principes
3597 2915 3781 2955 eunu-

2119 2999 2215 3054 chi
2258 2998 2321 3052 in
2368 2996 2645 3053 eumdem
2698 3013 2999 3052 carcerem
3050 2997 3573 3053 concluderentur.
3636 2998 3779 3055 lnde

2119 3088 2353 3159 aliquot
2383 3087 2602 3158 elapsis
2633 3085 2845 3142 diebus
2875 3092 3128 3157 uterque
3160 3086 3371 3141 horum
3414 3087 3779 3144 insomnium

2039 3208 2081 3272 Β
2121 3176 2349 3232 habuit.
2403 3176 2683 3247 Princeps
2726 3176 3149 3247 pincernarum
3207 3176 3411 3233 retulit
3440 3177 3622 3232 visam
3669 3177 3780 3233 sibi

2120 3266 2181 3323 in
2213 3265 2441 3321 somnis
2469 3265 2651 3319 fuisse
2684 3264 2860 3319 vitem
2886 3264 3082 3319 laetam
3114 3264 3464 3336 palmitibus
3488 3272 3781 3322 maturas-

2116 3372 2230 3428 que
2260 3371 2402 3411 uvas
2432 3355 2857 3426 porrigentem,
2901 3359 3078 3424 atque
3133 3353 3368 3410 inferne
3422 3354 3611 3411 tribus
3640 3356 3782 3412 sub-

2115 3445 2320 3500 nixam
2350 3442 2717 3515 palmitibus,
2751 3460 2813 3497 se
2857 3460 2993 3497 vero
3038 3459 3221 3497 uvam
3246 3444 3306 3497 in
3354 3444 3637 3515 poculum
3683 3461 3785 3501 ex-

2114 3534 2395 3606 primere,
2428 3531 2606 3603 idque
2638 3532 2933 3587 Pharaoni
2964 3532 3025 3586 in
3052 3547 3300 3588 manum
3331 3534 3493 3589 dare.
3519 3535 3662 3590 Tum
3684 3536 3781 3590 Jo-

2120 3622 2341 3695 sephus
2373 3622 2799 3694 interpretatus
2823 3627 2910 3676 est
2934 3621 3120 3677 tribus
3143 3622 3493 3695 palmitibus
3516 3624 3776 3679 triduum

2122 3712 2442 3787 significari
2474 3729 2487 3765 :
2522 3729 2590 3767 eo
2623 3717 2826 3768 exacto
2873 3712 3167 3768 Pharaoni
3215 3713 3616 3770 ministerium
3650 3715 3778 3785 ejus

2121 3804 2184 3859 in
2218 3802 2569 3858 memoriam
2599 3800 2956 3865 rediturum,
2990 3801 3304 3873 ipsumque
3335 3818 3369 3857 a
3400 3818 3534 3874 rege
3567 3802 3629 3858 in
3663 3804 3784 3875 pri-

2124 3895 2346 3950 stinam
2369 3892 2716 3965 dignitatem
2770 3891 3112 3948 restitutum
3144 3892 3235 3946 iri.
3271 3892 3564 3963 Petiitque
3596 3899 3662 3948 ut
3692 3911 3788 3950 re-

2125 3984 2237 4040 bus
2267 3982 2569 4054 prosperis
2600 3980 2869 4037 redditus
2899 3981 2989 4036 sui
3020 3997 3126 4053 per
3166 3981 3527 4038 calumniam
3562 3985 3786 4039 carceri

2126 4072 2345 4130 inclusi
2367 4072 2661 4128 rationem
2676 4070 2942 4127 haberet.
2959 4071 3182 4127 Deinde
3194 4073 3479 4144 magister
3490 4072 3781 4144 pistorum

2124 4183 2153 4212 «
2185 4160 2548 4232 lmaginatus
2574 4175 2732 4227 sum,
2767 4159 2869 4226 ait,
2896 4175 3002 4229 per
3025 4159 3288 4229 quietem
3311 4160 3492 4231 capiti
3514 4177 3647 4216 meo
3672 4161 3784 4218 im-

2125 4250 2348 4323 positas
2379 4255 2498 4305 tres
2528 4253 2760 4319 sqortas
2792 4264 2885 4303 me
2932 4264 3158 4321 gerere,
3208 4249 3465 4320 panibus
3512 4249 3784 4307 delicatis

2125 4342 2355 4413 plenas,
2381 4338 2658 4411 qualibus
2681 4354 2784 4393 rex
2810 4336 2963 4392 vesci
2992 4337 3177 4392 solet:
3201 4343 3484 4394 caaterum
3523 4356 3658 4395 aves
3688 4340 3784 4396 in-

2126 4444 2337 4502 gruere
2375 4432 2553 4498 atque
2584 4443 2687 4482 eos
2719 4424 3025 4481 devorare.
3063 4446 3092 4474 ››
3128 4426 3454 4499 Respondit
3493 4428 3784 4503 Iosephus

348 4515 440 4569 καί
473 4510 757 4590 ἀφελεῖται
788 4511 995 4585 Φαραὼ
1025 4511 1124 4581 τήν
1155 4509 1401 4589 κεφαλήν
1461 4532 1558 4568 σου
1615 4512 1723 4569 ἀπὸ
1754 4519 1872 4584 σοῦ,
1929 4537 1998 4572 κα

2124 4520 2251 4576 fore
2281 4524 2349 4575 ut
2377 4523 2513 4591 post
2530 4523 2652 4575 tres
2681 4517 2809 4573 dies
2832 4517 3064 4574 Pharao
3092 4533 3227 4574 eum
3250 4518 3442 4590 capite
3464 4506 3786 4578 multatum

1573 4613 1940 4673 XYLANDRI
1976 4619 2064 4674 ET
2101 4617 2317 4676 GOARI
2348 4618 2571 4675 NOTAE.

350 4713 513 4771 oculi
540 4712 735 4767 dextri
772 4727 785 4778 ;
819 4717 881 4767 et
904 4711 987 4767 ait
1018 4710 1438 4786 Possidonium
1470 4728 1541 4768 ea
1579 4712 1653 4786 de
1690 4730 1753 4769 re
1787 4714 2016 4786 aliquid

354 4802 486 4842 esse
518 4783 1169 4857 commentatum.Sane
1186 4783 1347 4854 apud
1377 4783 1751 4857 Theocritum
1777 4783 2014 4857 quo—que

353 4858 428 4914 de
458 4873 663 4926 amore
697 4871 804 4911 suo
838 4856 1282 4926 benepminans
1306 4854 1646 4926 quidamita
1671 4857 1753 4913 ait
1774 4854 2015 4913 ("Am-

349 4949 447 5003 m;
476 4925 765 5003 ὀφθαλμός
801 4946 895 5003 Eat
928 4927 956 4980 ὁ
988 4922 1182 4995 δεξιός,
1229 4922 1473 5003 Δἰςίξςξιειιι,
1534 4927 1752 5003 Oculus
1811 4931 2018 5003 dexter

350 5002 496 5074 mihi
522 4995 1109 5074 substititl‘immrum
1142 4999 1286 5070 quid
1303 4995 1788 5074 divinationibus
1812 5002 2017 5074 hujus-

352 5073 512 5130 modi
569 5070 967 5145 tribuendum,
1016 5070 1111 5145 sit,
1194 5070 1416 5145 optime
1472 5070 1773 5145 intelliges
1831 5070 1908 5129 ei
1946 5082 2011 5130 D.

349 5145 681 5218 Augustino
714 5142 921 5218 multis
952 5141 1187 5218 locis_,et
1206 5141 1560 5218 praecipuel.
1587 5161 1620 5198 ιι
1642 5141 1721 5200 ιΪθ
1743 5144 2017 5202 doctrina

346 5213 709 5281 Christiana,
744 5231 794 5269 c.
830 5215 901 5268 20
933 5219 992 5288 et
1017 5213 1221 5270 tribus
1249 5213 1661 5288 sequentibus.
1714 5218 1905 5288 Atque
1932 5218 2010 5272 ibi

347 5289 589 5363 quidem
622 5288 809 5343 etiam
868 5286 1204 5363 salientium
1260 5285 1674 5363 membrorum
1726 5285 2015 5363 praesagia

343 5358 925 5433 commemorantur:
957 5358 1324 5433 Ita_que__n9n
1378 5358 1790 5433 optimo_ju_re
1850 5358 2010 5433 carpi

340 5453 439 5491 eos
459 5439 605 5507 puto
639 5432 746 5505 qui
781 5446 854 5487 ex
881 5425 1199 5511 Epiphanii
1240 5425 1493 5511 Panario
1542 5425 1761 5511 παλμόν
1791 5425 2016 5511 tremo-

340 5504 599 5565 rem_seu
649 5504 1120 5575 concussionem
1178 5507 1618 5575 converterunt,
1679 5504 2012 5575 praesertim

340 5598 472 5639 cum
514 5597 583 5638 eo
643 5590 898 5651 quoque
956 5573 1089 5628 loco
1141 5572 1366 5644 παλμός
1425 5574 1584 5651 inter
1638 5572 1708 5630 ea
1756 5581 2014 5651 ponatur

333 5645 726 5711 divinationis
757 5645 1161 5722 gsnera,quse
1192 5662 1327 5701 cum
1361 5645 1712 5716 extispicum
1743 5645 2015 5703 doctrina

2129 4723 2187 4774 et
2228 4722 2499 4773 extorum
2540 4715 2932 4787 palpitatione
2994 4731 3114 4771 non
3166 4716 3423 4773 multum
3473 4718 3787 4776 videantur

2126 4789 2347 4845 habere
2379 4802 2713 4843 commune.
2746 4789 2929 4859 Porro
2958 4787 3340 4859 Putipharem
3364 4789 3579 4846 culinis
3611 4796 3714 4846 aut
3735 4792 3782 4847 si

2126 4861 2313 4916 mavis
2368 4876 2693 4931 coquorum
2751 4858 3109 4930 praefectum
3153 4861 3483 4927 numinavi,
3543 4870 3782 4920 secutus

2127 4933 2389 4989 Graecam
2440 4928 2837 5004 ἆρχιμάγειρος
2916 4947 3143 4986 vocem.
3194 4933 3361 5004 Nam
3429 4933 3784 4990 Hebraicum

2126 5021 2297 5060 secus
2331 5002 2904 5065 sonatvocabulum,
2937 5003 3269 5073 prmsertim
3303 5005 3351 5059 si
3383 5005 3580 5061 Ortelo
3612 5007 3786 5062 Chal-

2131 5075 2258 5158 dasp
2284 5076 2690 5158 paraph‘ras‘ta‘
2741 5072 3039 5158 credimus
3077 5093 3140 5158 ὀ.
3176 5076 3242 5157 ιο
3270 5094 3283 5140 ;
3315 5076 3417 5158 cui.
3461 5077 3787 5158 admodum

2129 5146 2445 5219 suffragari
2474 5147 2706 5219 videtur
2733 5146 3039 5219 Jeremias,
3077 5147 3187 5201 hoc
3218 5148 3346 5219 ipso
3379 5148 3549 5203 titulo
3595 5150 3786 5205 Nebu~

2125 5217 2439 5289 zardanem
2472 5217 2801 5289 appellans.
2839 5217 2938 5288 qui
2966 5233 3000 5272 a
3029 5235 3165 5289 rege
3197 5217 3520 5289 Babylonio
3568 5222 3787 5277 missus

2123 5288 2237 5345 fuit
2266 5291 2339 5345 ad
2378 5289 2784 5415 Hierosolg'ma
2809 5290 3168 5360 diripienda.
3218 5288 3362 5346 Nam
3415 5307 3487 5346 ea
3516 5308 3612 5346 res
3640 5309 3781 5361 non,

2124 5368 2191 5415 ut
2248 5362 2483 5415 oninor.
2540 5361 2627 5415 val
2674 5377 2703 5415 e
2762 5362 3033 5415 annosiia
3089 5369 3180 5415 est
3255 5361 3453 5415 ofﬁcio
3514 5365 3779 5415 magistri

2124 5368 2191 5417 ut
2248 5362 2483 5433 opinor,
2512 5361 2740 5438 _valde_
2762 5362 3033 5438 apposiia
3089 5369 3180 5417 est
3255 5361 3453 5438 ofﬁcio
3514 5365 3780 5438 magistri

2123 5431 2470 5507 caquorum.
2505 5433 2673 5507 Certe
2708 5432 2768 5485 Β.
2804 5431 3194 5507 Hieronymus
3247 5436 3586 5507 magistrum
3616 5431 3787 5491 iniii-

2124 5503 2251 5560 tum
2310 5503 2397 5559 vel
2427 5504 2720 5581 exercitus
2778 5503 2967 5581 vertit,
3032 5510 3146 5581 et___
3225 5503 3485 5581 mactare
3548 5508 3777 5581 signiﬁ-

2125 5583 2238 5639 cat.
2273 5593 2389 5648 quo
2421 5576 2672 5631 artiﬁcio
2706 5574 2989 5629 barbaros
3021 5575 3243 5631 milites
3274 5580 3531 5647 gaudere
3566 5574 3775 5635 etiam-

2124 5665 2269 5704 num
2300 5647 2544 5704 scimus-
2579 5647 2713 5702 XvL.
