  <div class='ocr_page' id='page_1' title='image "/cluster/home/n/w/nwhite01/storage/ocr_20150623/121:no.1/coo.31924054870260/057.png"; bbox 0 0 4118 6418; ppageno 0'>
   <div class='ocr_carea' id='block_1_1' title="bbox 385 344 465 403">
    <p class='ocr_par' dir='ltr' id='par_1_1' title="bbox 385 344 465 403">
     <span class='ocr_line' id='line_1_1' title="bbox 385 344 465 403; baseline 0 0"><span class='ocrx_word' id='word_1_1' title='bbox 385 344 465 403; x_wconf 85' lang='grc'>99</span> 
     </span>
    </p>
   </div>
   <div class='ocr_carea' id='block_1_2' title="bbox 1708 345 2408 413">
    <p class='ocr_par' dir='ltr' id='par_1_2' title="bbox 1708 345 2408 413">
     <span class='ocr_line' id='line_1_2' title="bbox 1708 345 2408 413; baseline -0.009 0"><span class='ocrx_word' id='word_1_2' title='bbox 1708 348 2025 413; x_wconf 88' lang='lat' dir='ltr'>GEORGII</span> <span class='ocrx_word' id='word_1_3' title='bbox 2070 345 2408 408; x_wconf 82' lang='lat' dir='ltr'>CIDRENI</span> 
     </span>
    </p>
   </div>
   <div class='ocr_carea' id='block_1_3' title="bbox 3701 359 3815 425">
    <p class='ocr_par' dir='ltr' id='par_1_3' title="bbox 3701 359 3815 425">
     <span class='ocr_line' id='line_1_3' title="bbox 3701 359 3815 425; baseline 0.053 -5"><span class='ocrx_word' id='word_1_4' title='bbox 3701 359 3815 425; x_wconf 80' lang='grc'>100</span> 
     </span>
    </p>
   </div>
   <div class='ocr_carea' id='block_1_4' title="bbox 384 474 2013 569">
    <p class='ocr_par' dir='ltr' id='par_1_4' title="bbox 384 474 2013 547">
     <span class='ocr_line' id='line_1_4' title="bbox 384 474 2013 547; baseline 0.006 -18"><span class='ocrx_word' id='word_1_5' title='bbox 384 474 674 547; x_wconf 80' lang='lat' dir='ltr'>flagitium</span> <span class='ocrx_word' id='word_1_6' title='bbox 723 475 921 533; x_wconf 84' lang='lat' dir='ltr'>addat.</span> <span class='ocrx_word' id='word_1_7' title='bbox 983 479 1253 536; x_wconf 90' lang='lat' dir='ltr'>Secundo</span> <span class='ocrx_word' id='word_1_8' title='bbox 1286 479 1417 536; x_wconf 92' lang='lat' dir='ltr'>loco</span> <span class='ocrx_word' id='word_1_9' title='bbox 1450 482 1599 538; x_wconf 86' lang='lat' dir='ltr'>iram</span> <span class='ocrx_word' id='word_1_10' title='bbox 1657 500 1725 539; x_wconf 86' lang='lat' dir='ltr'>ac</span> <span class='ocrx_word' id='word_1_11' title='bbox 1764 485 2013 540; x_wconf 68' lang='lat' dir='ltr'>furorem</span> 
     </span>
    </p>
   </div>
   <div class='ocr_carea' id='block_1_5' title="bbox 2123 474 3818 569">
    <p class='ocr_par' dir='ltr' id='par_1_5' title="bbox 2152 475 3818 569">
     <span class='ocr_line' id='line_1_5' title="bbox 2152 475 3818 569; baseline 0.011 -37"><span class='ocrx_word' id='word_1_12' title='bbox 2152 475 2299 552; x_wconf 78' lang='grc' dir='ltr'>ὕδωρ</span> <span class='ocrx_word' id='word_1_13' title='bbox 2325 476 2534 548; x_wconf 73' lang='grc' dir='ltr'>ἰκζὲσαι</span> <span class='ocrx_word' id='word_1_14' title='bbox 2592 483 2790 535; x_wconf 76' lang='grc' dir='ltr'>τοῦτον</span> <span class='ocrx_word' id='word_1_15' title='bbox 2848 481 3068 558; x_wconf 83' lang='grc' dir='ltr'>ἀσελγεῖ</span> <span class='ocrx_word' id='word_1_16' title='bbox 3123 485 3281 558; x_wconf 84' lang='grc' dir='ltr'>πόθῳ</span> <span class='ocrx_word' id='word_1_17' title='bbox 3318 489 3407 543; x_wconf 82' lang='grc' dir='ltr'>καί</span> <span class='ocrx_word' id='word_1_18' title='bbox 3465 487 3549 545; x_wconf 78' lang='grc' dir='ltr'>ἐπ’</span> <span class='ocrx_word' id='word_1_19' title='bbox 3615 492 3818 569; x_wconf 81' lang='grc' dir='ltr'>ἀνομίᾳ</span> 
     </span>
    </p>
   </div>
   <div class='ocr_carea' id='block_1_6' title="bbox 383 563 2037 644">
    <p class='ocr_par' dir='ltr' id='par_1_6' title="bbox 383 563 2037 644">
     <span class='ocr_line' id='line_1_6' title="bbox 383 563 2037 644; baseline 0.006 -25"><span class='ocrx_word' id='word_1_20' title='bbox 383 563 696 635; x_wconf 86' lang='lat' dir='ltr'>Symeonis</span> <span class='ocrx_word' id='word_1_21' title='bbox 730 572 789 621; x_wconf 90' lang='lat' dir='ltr'>et</span> <span class='ocrx_word' id='word_1_22' title='bbox 822 568 950 622; x_wconf 84' lang='lat' dir='ltr'>Levi</span> <span class='ocrx_word' id='word_1_23' title='bbox 985 568 1338 635; x_wconf 82' lang='lat' dir='ltr'>detestatur,</span> <span class='ocrx_word' id='word_1_24' title='bbox 1397 572 1919 644; x_wconf 89' lang='lat' dir='ltr'>truculentamque</span> <span class='ocrx_word' id='word_1_25' title='bbox 1976 575 2037 628; x_wconf 91' lang='lat' dir='ltr'>in</span> 
     </span>
    </p>
   </div>
   <div class='ocr_carea' id='block_1_7' title="bbox 376 654 2036 732">
    <p class='ocr_par' dir='ltr' id='par_1_7' title="bbox 376 654 2036 732">
     <span class='ocr_line' id='line_1_7' title="bbox 376 654 2036 732; baseline 0.007 -23"><span class='ocrx_word' id='word_1_26' title='bbox 376 654 732 712; x_wconf 89' lang='lat' dir='ltr'>Sichemitas</span> <span class='ocrx_word' id='word_1_27' title='bbox 766 657 984 714; x_wconf 84' lang='lat' dir='ltr'>editam</span> <span class='ocrx_word' id='word_1_28' title='bbox 1008 660 1232 716; x_wconf 62' lang='lat' dir='ltr'>caedem</span> <span class='ocrx_word' id='word_1_29' title='bbox 1264 662 1786 732; x_wconf 80' lang='lat' dir='ltr'>vimqueinnoxiis</span> <span class='ocrx_word' id='word_1_30' title='bbox 1812 664 2036 720; x_wconf 84' lang='lat' dir='ltr'>illatam</span> 
     </span>
    </p>
   </div>
   <div class='ocr_carea' id='block_1_8' title="bbox 381 746 2034 824">
    <p class='ocr_par' dir='ltr' id='par_1_8' title="bbox 381 746 2034 824">
     <span class='ocr_line' id='line_1_8' title="bbox 381 746 2034 824; baseline 0.005 -26"><span class='ocrx_word' id='word_1_31' title='bbox 381 746 989 818; x_wconf 86' lang='lat' dir='ltr'>carpit,ipsorumque</span> <span class='ocrx_word' id='word_1_32' title='bbox 1022 749 1307 820; x_wconf 81' lang='lat' dir='ltr'>injustam</span> <span class='ocrx_word' id='word_1_33' title='bbox 1338 750 1851 824; x_wconf 90' lang='lat' dir='ltr'>voluntatem,qua</span> <span class='ocrx_word' id='word_1_34' title='bbox 1878 754 2034 808; x_wconf 89' lang='lat' dir='ltr'>docti</span> 
     </span>
    </p>
   </div>
   <div class='ocr_carea' id='block_1_9' title="bbox 377 840 2036 906">
    <p class='ocr_par' dir='ltr' id='par_1_9' title="bbox 377 840 2036 906">
     <span class='ocr_line' id='line_1_9' title="bbox 377 840 2036 906; baseline 0.008 -19"><span class='ocrx_word' id='word_1_35' title='bbox 377 840 625 906; x_wconf 84' lang='lat' dir='ltr'>propter</span> <span class='ocrx_word' id='word_1_36' title='bbox 655 854 920 893; x_wconf 83' lang='lat' dir='ltr'>sororem</span> <span class='ocrx_word' id='word_1_37' title='bbox 974 856 1140 893; x_wconf 90' lang='lat' dir='ltr'>suam</span> <span class='ocrx_word' id='word_1_38' title='bbox 1201 840 1409 897; x_wconf 86' lang='lat' dir='ltr'>Dinam</span> <span class='ocrx_word' id='word_1_39' title='bbox 1471 843 1824 899; x_wconf 83' lang='lat' dir='ltr'>innocentes</span> <span class='ocrx_word' id='word_1_40' title='bbox 1855 845 2036 899; x_wconf 87' lang='lat' dir='ltr'>truci-</span> 
     </span>
    </p>
   </div>
   <div class='ocr_carea' id='block_1_10' title="bbox 376 922 2034 1005">
    <p class='ocr_par' dir='ltr' id='par_1_10' title="bbox 376 922 2034 1005">
     <span class='ocr_line' id='line_1_10' title="bbox 376 922 2034 1005; baseline 0.006 -28"><span class='ocrx_word' id='word_1_41' title='bbox 376 922 733 980; x_wconf 82' lang='lat' dir='ltr'>dassent.Ac</span> <span class='ocrx_word' id='word_1_42' title='bbox 765 927 1052 999; x_wconf 80' lang='lat' dir='ltr'>gloriatur</span> <span class='ocrx_word' id='word_1_43' title='bbox 1081 946 1143 983; x_wconf 90' lang='lat' dir='ltr'>se</span> <span class='ocrx_word' id='word_1_44' title='bbox 1174 946 1369 1001; x_wconf 90' lang='lat' dir='ltr'>neque</span> <span class='ocrx_word' id='word_1_45' title='bbox 1401 948 1609 987; x_wconf 89' lang='lat' dir='ltr'>eorum</span> <span class='ocrx_word' id='word_1_46' title='bbox 1642 933 1862 1005; x_wconf 87' lang='lat' dir='ltr'>incepti</span> <span class='ocrx_word' id='word_1_47' title='bbox 1892 950 2034 989; x_wconf 92' lang='lat' dir='ltr'>con-</span> 
     </span>
    </p>
   </div>
   <div class='ocr_carea' id='block_1_11' title="bbox 377 1014 2033 1090">
    <p class='ocr_par' dir='ltr' id='par_1_11' title="bbox 377 1014 2033 1090">
     <span class='ocr_line' id='line_1_11' title="bbox 377 1014 2033 1090; baseline 0.006 -23"><span class='ocrx_word' id='word_1_48' title='bbox 377 1014 567 1068; x_wconf 87' lang='lat' dir='ltr'>scium</span> <span class='ocrx_word' id='word_1_49' title='bbox 594 1032 789 1086; x_wconf 89' lang='lat' dir='ltr'>neque</span> <span class='ocrx_word' id='word_1_50' title='bbox 812 1018 1044 1073; x_wconf 86' lang='lat' dir='ltr'>institui</span> <span class='ocrx_word' id='word_1_51' title='bbox 1072 1020 1531 1090; x_wconf 88' lang='lat' dir='ltr'>approbatorem</span> <span class='ocrx_word' id='word_1_52' title='bbox 1555 1022 1760 1079; x_wconf 90' lang='lat' dir='ltr'>fuisse.</span> <span class='ocrx_word' id='word_1_53' title='bbox 1795 1026 1870 1077; x_wconf 81' lang='lat' dir='ltr'>At</span> <span class='ocrx_word' id='word_1_54' title='bbox 1899 1039 2033 1078; x_wconf 88' lang='lat' dir='ltr'>vero</span> 
     </span>
    </p>
   </div>
   <div class='ocr_carea' id='block_1_12' title="bbox 370 1099 2034 1181">
    <p class='ocr_par' dir='ltr' id='par_1_12' title="bbox 370 1099 2034 1181">
     <span class='ocr_line' id='line_1_12' title="bbox 370 1099 2034 1181; baseline 0.007 -27"><span class='ocrx_word' id='word_1_55' title='bbox 370 1099 556 1167; x_wconf 63' lang='lat' dir='ltr'>Iudas,</span> <span class='ocrx_word' id='word_1_56' title='bbox 588 1108 827 1173; x_wconf 90' lang='lat' dir='ltr'>propter</span> <span class='ocrx_word' id='word_1_57' title='bbox 856 1105 1157 1162; x_wconf 88' lang='lat' dir='ltr'>Christum</span> <span class='ocrx_word' id='word_1_58' title='bbox 1193 1108 1232 1160; x_wconf 75' lang='lat'><strong><em>7</em></strong></span> <span class='ocrx_word' id='word_1_59' title='bbox 1244 1108 1295 1162; x_wconf 84' lang='lat'><strong>0</strong></span> <span class='ocrx_word' id='word_1_60' title='bbox 1349 1108 1538 1179; x_wconf 89' lang='lat' dir='ltr'>ipsius</span> <span class='ocrx_word' id='word_1_61' title='bbox 1568 1126 1641 1164; x_wconf 80' lang='lat' dir='ltr'>ex</span> <span class='ocrx_word' id='word_1_62' title='bbox 1673 1111 1854 1181; x_wconf 89' lang='lat' dir='ltr'>stirpe</span> <span class='ocrx_word' id='word_1_63' title='bbox 1913 1110 2034 1165; x_wconf 90' lang='lat' dir='ltr'>ori-</span> 
     </span>
    </p>
   </div>
   <div class='ocr_carea' id='block_1_13' title="bbox 372 1193 2031 1270">
    <p class='ocr_par' dir='ltr' id='par_1_13' title="bbox 372 1193 2031 1270">
     <span class='ocr_line' id='line_1_13' title="bbox 372 1193 2031 1270; baseline 0.006 -27"><span class='ocrx_word' id='word_1_64' title='bbox 372 1195 595 1258; x_wconf 87' lang='lat' dir='ltr'>turum,</span> <span class='ocrx_word' id='word_1_65' title='bbox 627 1193 940 1264; x_wconf 88' lang='lat' dir='ltr'>perspicue</span> <span class='ocrx_word' id='word_1_66' title='bbox 976 1194 1171 1251; x_wconf 65' lang='lat' dir='ltr'>laetam</span> <span class='ocrx_word' id='word_1_67' title='bbox 1207 1196 1419 1263; x_wconf 86' lang='lat' dir='ltr'>laudis,</span> <span class='ocrx_word' id='word_1_68' title='bbox 1454 1198 1823 1254; x_wconf 88' lang='lat' dir='ltr'>adorationis</span> <span class='ocrx_word' id='word_1_69' title='bbox 1854 1205 2031 1270; x_wconf 89' lang='lat' dir='ltr'>atque</span> 
     </span>
    </p>
   </div>
   <div class='ocr_carea' id='block_1_14' title="bbox 371 1278 2030 1344">
    <p class='ocr_par' dir='ltr' id='par_1_14' title="bbox 371 1278 2030 1344">
     <span class='ocr_line' id='line_1_14' title="bbox 371 1278 2030 1344; baseline 0.005 -10"><span class='ocrx_word' id='word_1_70' title='bbox 371 1278 445 1334; x_wconf 89' lang='lat' dir='ltr'>de</span> <span class='ocrx_word' id='word_1_71' title='bbox 475 1281 755 1337; x_wconf 90' lang='lat' dir='ltr'>omnibus</span> <span class='ocrx_word' id='word_1_72' title='bbox 787 1283 1060 1340; x_wconf 85' lang='lat' dir='ltr'>hostibus</span> <span class='ocrx_word' id='word_1_73' title='bbox 1090 1284 1352 1342; x_wconf 68' lang='lat' dir='ltr'>victoriae</span> <span class='ocrx_word' id='word_1_74' title='bbox 1384 1288 1897 1344; x_wconf 84' lang='lat' dir='ltr'>denuntiationem</span> <span class='ocrx_word' id='word_1_75' title='bbox 1930 1305 2030 1343; x_wconf 86' lang='lat' dir='ltr'>ex-</span> 
     </span>
    </p>
   </div>
   <div class='ocr_carea' id='block_1_15' title="bbox 364 1369 2030 1451">
    <p class='ocr_par' dir='ltr' id='par_1_15' title="bbox 364 1369 2030 1451">
     <span class='ocr_line' id='line_1_15' title="bbox 364 1369 2030 1451; baseline 0.007 -29"><span class='ocrx_word' id='word_1_76' title='bbox 364 1369 537 1439; x_wconf 89' lang='lat' dir='ltr'>ponit</span> <span class='ocrx_word' id='word_1_77' title='bbox 566 1389 578 1437; x_wconf 88' lang='lat'><strong>;</strong></span> <span class='ocrx_word' id='word_1_78' title='bbox 616 1388 798 1441; x_wconf 88' lang='lat' dir='ltr'>quem</span> <span class='ocrx_word' id='word_1_79' title='bbox 833 1378 892 1427; x_wconf 88' lang='lat' dir='ltr'>et</span> <span class='ocrx_word' id='word_1_80' title='bbox 921 1374 1186 1430; x_wconf 87' lang='lat' dir='ltr'>catulum</span> <span class='ocrx_word' id='word_1_81' title='bbox 1219 1375 1407 1431; x_wconf 85' lang='lat' dir='ltr'>leonis</span> <span class='ocrx_word' id='word_1_82' title='bbox 1439 1376 1515 1432; x_wconf 90' lang='lat' dir='ltr'>ob</span> <span class='ocrx_word' id='word_1_83' title='bbox 1546 1379 1841 1451; x_wconf 88' lang='lat' dir='ltr'>Unigeniti</span> <span class='ocrx_word' id='word_1_84' title='bbox 1863 1384 2030 1433; x_wconf 85' lang='lat' dir='ltr'>natu-</span> 
     </span>
    </p>
   </div>
   <div class='ocr_carea' id='block_1_16' title="bbox 370 1461 2028 1538">
    <p class='ocr_par' dir='ltr' id='par_1_16' title="bbox 370 1461 2028 1538">
     <span class='ocr_line' id='line_1_16' title="bbox 370 1461 2028 1538; baseline 0.007 -26"><span class='ocrx_word' id='word_1_85' title='bbox 370 1474 502 1513; x_wconf 86' lang='lat' dir='ltr'>ram</span> <span class='ocrx_word' id='word_1_86' title='bbox 534 1461 779 1532; x_wconf 78' lang='lat' dir='ltr'>regiam,</span> <span class='ocrx_word' id='word_1_87' title='bbox 828 1467 886 1516; x_wconf 90' lang='lat' dir='ltr'>et</span> <span class='ocrx_word' id='word_1_88' title='bbox 914 1479 1159 1535; x_wconf 81' lang='lat' dir='ltr'>germen</span> <span class='ocrx_word' id='word_1_89' title='bbox 1211 1482 1281 1519; x_wconf 83' lang='lat' dir='ltr'>ex</span> <span class='ocrx_word' id='word_1_90' title='bbox 1312 1466 1438 1537; x_wconf 91' lang='lat' dir='ltr'>ipso</span> <span class='ocrx_word' id='word_1_91' title='bbox 1472 1466 1898 1538; x_wconf 90' lang='lat' dir='ltr'>pullulaturum</span> <span class='ocrx_word' id='word_1_92' title='bbox 1952 1467 2028 1523; x_wconf 90' lang='lat' dir='ltr'>ob</span> 
     </span>
    </p>
   </div>
   <div class='ocr_carea' id='block_1_17' title="bbox 369 1548 2026 1625">
    <p class='ocr_par' dir='ltr' id='par_1_17' title="bbox 369 1548 2026 1625">
     <span class='ocr_line' id='line_1_17' title="bbox 369 1548 2026 1625; baseline 0.007 -24"><span class='ocrx_word' id='word_1_93' title='bbox 369 1548 572 1603; x_wconf 88' lang='lat' dir='ltr'>carnis</span> <span class='ocrx_word' id='word_1_94' title='bbox 594 1548 666 1605; x_wconf 90' lang='lat' dir='ltr'>de</span> <span class='ocrx_word' id='word_1_95' title='bbox 682 1550 903 1622; x_wconf 83' lang='lat' dir='ltr'>virgine</span> <span class='ocrx_word' id='word_1_96' title='bbox 918 1554 1384 1625; x_wconf 86' lang='lat' dir='ltr'>assumptionem</span> <span class='ocrx_word' id='word_1_97' title='bbox 1407 1560 1464 1611; x_wconf 91' lang='lat' dir='ltr'>et</span> <span class='ocrx_word' id='word_1_98' title='bbox 1481 1556 1774 1612; x_wconf 88' lang='lat' dir='ltr'>humanos</span> <span class='ocrx_word' id='word_1_99' title='bbox 1795 1557 2026 1612; x_wconf 84' lang='lat' dir='ltr'>natales</span> 
     </span>
    </p>
   </div>
   <div class='ocr_carea' id='block_1_18' title="bbox 370 1637 2026 1713">
    <p class='ocr_par' dir='ltr' id='par_1_18' title="bbox 370 1637 2026 1713">
     <span class='ocr_line' id='line_1_18' title="bbox 370 1637 2026 1713; baseline 0.007 -24"><span class='ocrx_word' id='word_1_100' title='bbox 370 1637 944 1707; x_wconf 86' lang='lat' dir='ltr'>appellat.Eumdem</span> <span class='ocrx_word' id='word_1_101' title='bbox 977 1658 1212 1713; x_wconf 89' lang='lat' dir='ltr'>quoque</span> <span class='ocrx_word' id='word_1_102' title='bbox 1247 1644 1605 1700; x_wconf 89' lang='lat' dir='ltr'>moriturum</span> <span class='ocrx_word' id='word_1_103' title='bbox 1629 1651 1687 1699; x_wconf 91' lang='lat' dir='ltr'>et</span> <span class='ocrx_word' id='word_1_104' title='bbox 1709 1646 1838 1700; x_wconf 70' lang='lat' dir='ltr'>vitae</span> <span class='ocrx_word' id='word_1_105' title='bbox 1860 1646 2026 1700; x_wconf 88' lang='lat' dir='ltr'>resti-</span> 
     </span>
    </p>
   </div>
   <div class='ocr_carea' id='block_1_19' title="bbox 366 1725 2013 1801">
    <p class='ocr_par' dir='ltr' id='par_1_19' title="bbox 366 1725 2013 1801">
     <span class='ocr_line' id='line_1_19' title="bbox 366 1725 2013 1801; baseline 0.007 -24"><span class='ocrx_word' id='word_1_106' title='bbox 366 1729 562 1778; x_wconf 87' lang='lat' dir='ltr'>tutum</span> <span class='ocrx_word' id='word_1_107' title='bbox 596 1725 689 1795; x_wconf 90' lang='lat' dir='ltr'>iri,</span> <span class='ocrx_word' id='word_1_108' title='bbox 711 1726 783 1780; x_wconf 93' lang='lat' dir='ltr'>ob</span> <span class='ocrx_word' id='word_1_109' title='bbox 815 1729 1025 1783; x_wconf 89' lang='lat' dir='ltr'>mortis</span> <span class='ocrx_word' id='word_1_110' title='bbox 1058 1732 1517 1801; x_wconf 88' lang='lat' dir='ltr'>propensionem</span> <span class='ocrx_word' id='word_1_111' title='bbox 1545 1738 1603 1786; x_wconf 91' lang='lat' dir='ltr'>et</span> <span class='ocrx_word' id='word_1_112' title='bbox 1630 1734 2013 1788; x_wconf 87' lang='lat' dir='ltr'>resurrectio-</span> 
     </span>
    </p>
   </div>
   <div class='ocr_carea' id='block_1_20' title="bbox 2152 569 3808 655">
    <p class='ocr_par' dir='ltr' id='par_1_20' title="bbox 2152 569 3808 655">
     <span class='ocr_line' id='line_1_20' title="bbox 2152 569 3808 655; baseline 0.011 -34"><span class='ocrx_word' id='word_1_113' title='bbox 2152 573 2468 642; x_wconf 89' lang='grc' dir='ltr'>προσθεῖναι</span> <span class='ocrx_word' id='word_1_114' title='bbox 2501 569 2756 642; x_wconf 83' lang='grc' dir='ltr'>ἀνομίαν.</span> <span class='ocrx_word' id='word_1_115' title='bbox 2792 570 3048 648; x_wconf 74' lang='grc' dir='ltr'>Δεύτερον</span> <span class='ocrx_word' id='word_1_116' title='bbox 3109 571 3168 629; x_wconf 72' lang='grc' dir='ltr'>δὶ</span> <span class='ocrx_word' id='word_1_117' title='bbox 3211 575 3305 631; x_wconf 88' lang='grc' dir='ltr'>τὸν</span> <span class='ocrx_word' id='word_1_118' title='bbox 3356 578 3528 651; x_wconf 87' lang='grc' dir='ltr'>θυμὸν</span> <span class='ocrx_word' id='word_1_119' title='bbox 3579 585 3808 655; x_wconf 86' lang='grc' dir='ltr'>Συμεὼν</span> 
     </span>
    </p>
   </div>
   <div class='ocr_carea' id='block_1_21' title="bbox 2149 656 3810 742">
    <p class='ocr_par' dir='ltr' id='par_1_21' title="bbox 2149 656 3810 742">
     <span class='ocr_line' id='line_1_21' title="bbox 2149 656 3810 742; baseline 0.011 -32"><span class='ocrx_word' id='word_1_120' title='bbox 2149 656 2242 710; x_wconf 84' lang='grc' dir='ltr'>καὶ</span> <span class='ocrx_word' id='word_1_121' title='bbox 2272 657 2400 711; x_wconf 80' lang='grc' dir='ltr'>Λευί</span> <span class='ocrx_word' id='word_1_122' title='bbox 2428 658 2517 712; x_wconf 88' lang='lat' dir='ltr'>xui</span> <span class='ocrx_word' id='word_1_123' title='bbox 2549 660 2648 729; x_wconf 77' lang='grc' dir='ltr'>τὴν</span> <span class='ocrx_word' id='word_1_124' title='bbox 2711 665 2874 733; x_wconf 87' lang='grc' dir='ltr'>μῆνιν</span> <span class='ocrx_word' id='word_1_125' title='bbox 2914 658 3326 738; x_wconf 84' lang='grc' dir='ltr'>ἐπικαταρᾶται,</span> <span class='ocrx_word' id='word_1_126' title='bbox 3387 666 3463 730; x_wconf 86' lang='grc' dir='ltr'>ὡς</span> <span class='ocrx_word' id='word_1_127' title='bbox 3509 668 3715 742; x_wconf 83' lang='grc' dir='ltr'>αὐθάδη</span> <span class='ocrx_word' id='word_1_128' title='bbox 3750 694 3810 727; x_wconf 91' lang='grc' dir='ltr'>τε</span> 
     </span>
    </p>
   </div>
   <div class='ocr_carea' id='block_1_22' title="bbox 2148 744 3809 836">
    <p class='ocr_par' dir='ltr' id='par_1_22' title="bbox 2148 744 3809 836">
     <span class='ocr_line' id='line_1_22' title="bbox 2148 744 3809 836; baseline 0.011 -37"><span class='ocrx_word' id='word_1_129' title='bbox 2148 745 2237 800; x_wconf 88' lang='grc' dir='ltr'>καὶ</span> <span class='ocrx_word' id='word_1_130' title='bbox 2272 744 2515 819; x_wconf 81' lang='grc' dir='ltr'>σκληρὰν</span> <span class='ocrx_word' id='word_1_131' title='bbox 2540 749 2640 818; x_wconf 86' lang='grc' dir='ltr'>τήν</span> <span class='ocrx_word' id='word_1_132' title='bbox 2676 747 2752 811; x_wconf 78' lang='grc' dir='ltr'>είς</span> <span class='ocrx_word' id='word_1_133' title='bbox 2806 750 2935 812; x_wconf 82' lang='grc' dir='ltr'>τοὺς</span> <span class='ocrx_word' id='word_1_134' title='bbox 2995 752 3294 831; x_wconf 85' lang='grc' dir='ltr'>Σιχιμίτας</span> <span class='ocrx_word' id='word_1_135' title='bbox 3349 761 3666 836; x_wconf 79' lang='grc' dir='ltr'>μιαιφονίαν</span> <span class='ocrx_word' id='word_1_136' title='bbox 3716 763 3809 817; x_wconf 87' lang='lat' dir='ltr'>xui</span> 
     </span>
    </p>
   </div>
   <div class='ocr_carea' id='block_1_23' title="bbox 2144 837 3809 925">
    <p class='ocr_par' dir='ltr' id='par_1_23' title="bbox 2144 837 3809 925">
     <span class='ocr_line' id='line_1_23' title="bbox 2144 837 3809 925; baseline 0.012 -36"><span class='ocrx_word' id='word_1_137' title='bbox 2144 840 2317 891; x_wconf 86' lang='grc' dir='ltr'>πᾶσαν</span> <span class='ocrx_word' id='word_1_138' title='bbox 2349 837 2526 893; x_wconf 74' lang='grc' dir='ltr'>αὐτῶν</span> <span class='ocrx_word' id='word_1_139' title='bbox 2554 840 2655 907; x_wconf 81' lang='grc' dir='ltr'>τήν</span> <span class='ocrx_word' id='word_1_140' title='bbox 2695 840 2836 895; x_wconf 86' lang='grc' dir='ltr'>κατᾶ</span> <span class='ocrx_word' id='word_1_141' title='bbox 2893 842 3089 906; x_wconf 83' lang='grc' dir='ltr'>ἀθώων</span> <span class='ocrx_word' id='word_1_142' title='bbox 3151 839 3306 921; x_wconf 74' lang='grc' dir='ltr'>ὕϐριν</span> <span class='ocrx_word' id='word_1_143' title='bbox 3364 845 3655 925; x_wconf 82' lang='grc' dir='ltr'>διασύρων,</span> <span class='ocrx_word' id='word_1_144' title='bbox 3716 854 3809 909; x_wconf 80' lang='grc' dir='ltr'>καὶ</span> 
     </span>
    </p>
   </div>
   <div class='ocr_carea' id='block_1_24' title="bbox 2144 924 3803 1014">
    <p class='ocr_par' dir='ltr' id='par_1_24' title="bbox 2144 924 3803 1014">
     <span class='ocr_line' id='line_1_24' title="bbox 2144 924 3803 1014; baseline 0.013 -37"><span class='ocrx_word' id='word_1_145' title='bbox 2144 926 2243 993; x_wconf 71' lang='grc' dir='ltr'>τὴν</span> <span class='ocrx_word' id='word_1_146' title='bbox 2276 924 2488 982; x_wconf 77' lang='grc' dir='ltr'>ἀδικίαν</span> <span class='ocrx_word' id='word_1_147' title='bbox 2520 935 2620 998; x_wconf 88' lang='grc' dir='ltr'>τῆς</span> <span class='ocrx_word' id='word_1_148' title='bbox 2680 929 2857 985; x_wconf 83' lang='grc' dir='ltr'>αὐτῶν</span> <span class='ocrx_word' id='word_1_149' title='bbox 2913 933 3312 1009; x_wconf 75' lang='grc' dir='ltr'>προαιρέσεως,</span> <span class='ocrx_word' id='word_1_150' title='bbox 3372 935 3559 1014; x_wconf 84' lang='grc' dir='ltr'>ὥσπερ</span> <span class='ocrx_word' id='word_1_151' title='bbox 3604 942 3696 997; x_wconf 85' lang='lat' dir='ltr'>xui</span> <span class='ocrx_word' id='word_1_152' title='bbox 3734 943 3803 1012; x_wconf 71' lang='grc' dir='ltr'>ἦν</span> 
     </span>
    </p>
   </div>
   <div class='ocr_carea' id='block_1_25' title="bbox 2144 1009 3804 1106">
    <p class='ocr_par' dir='ltr' id='par_1_25' title="bbox 2144 1009 3804 1106">
     <span class='ocr_line' id='line_1_25' title="bbox 2144 1009 3804 1106; baseline 0.012 -39"><span class='ocrx_word' id='word_1_153' title='bbox 2144 1009 2234 1068; x_wconf 77' lang='grc' dir='ltr'>διὰ</span> <span class='ocrx_word' id='word_1_154' title='bbox 2263 1017 2364 1085; x_wconf 80' lang='grc' dir='ltr'>τήν</span> <span class='ocrx_word' id='word_1_155' title='bbox 2426 1014 2668 1091; x_wconf 82' lang='grc' dir='ltr'>ἀδελφὴν</span> <span class='ocrx_word' id='word_1_156' title='bbox 2719 1019 2895 1075; x_wconf 84' lang='grc' dir='ltr'>αὐτῶν</span> <span class='ocrx_word' id='word_1_157' title='bbox 2958 1021 3116 1077; x_wconf 90' lang='grc' dir='ltr'>Δίναν</span> <span class='ocrx_word' id='word_1_158' title='bbox 3174 1024 3439 1089; x_wconf 78' lang='grc' dir='ltr'>ἀναιτίοις</span> <span class='ocrx_word' id='word_1_159' title='bbox 3496 1009 3804 1106; x_wconf 79' lang='grc' dir='ltr'>ἐπήγαγον,</span> 
     </span>
    </p>
   </div>
   <div class='ocr_carea' id='block_1_26' title="bbox 2146 1103 3804 1195">
    <p class='ocr_par' dir='ltr' id='par_1_26' title="bbox 2146 1103 3804 1195">
     <span class='ocr_line' id='line_1_26' title="bbox 2146 1103 3804 1195; baseline 0.012 -39"><span class='ocrx_word' id='word_1_160' title='bbox 2146 1104 2362 1174; x_wconf 86' lang='grc' dir='ltr'>μήποτε</span> <span class='ocrx_word' id='word_1_161' title='bbox 2406 1103 2677 1180; x_wconf 81' lang='grc' dir='ltr'>ἐπερεῖσαι</span> <span class='ocrx_word' id='word_1_162' title='bbox 2724 1107 2791 1164; x_wconf 78' lang='grc' dir='ltr'>τὰ</span> <span class='ocrx_word' id='word_1_163' title='bbox 2851 1108 3145 1191; x_wconf 81' lang='grc' dir='ltr'>σπλάγχνα</span> <span class='ocrx_word' id='word_1_164' title='bbox 3197 1113 3322 1183; x_wconf 70' lang='grc' dir='ltr'>ἢτοι</span> <span class='ocrx_word' id='word_1_165' title='bbox 3381 1103 3804 1195; x_wconf 29' lang='grc' dir='ltr'>συναινέσαι-τῇ</span> 
     </span>
    </p>
   </div>
   <div class='ocr_carea' id='block_1_27' title="bbox 2142 1191 3807 1282">
    <p class='ocr_par' dir='ltr' id='par_1_27' title="bbox 2142 1191 3807 1282">
     <span class='ocr_line' id='line_1_27' title="bbox 2142 1191 3807 1282; baseline 0.013 -37"><span class='ocrx_word' id='word_1_166' title='bbox 2142 1191 2321 1266; x_wconf 78' lang='grc' dir='ltr'>βουλῇ</span> <span class='ocrx_word' id='word_1_167' title='bbox 2352 1194 2528 1250; x_wconf 80' lang='grc' dir='ltr'>αὐτῶν</span> <span class='ocrx_word' id='word_1_168' title='bbox 2558 1194 2948 1273; x_wconf 67' lang='grc' dir='ltr'>ἐπευχόμενος.</span> <span class='ocrx_word' id='word_1_169' title='bbox 2982 1202 3075 1273; x_wconf 83' lang='grc' dir='ltr'>Τῷ</span> <span class='ocrx_word' id='word_1_170' title='bbox 3107 1201 3393 1271; x_wconf 74' lang='grc' dir='ltr'>Ἰούδαῖδὲ</span> <span class='ocrx_word' id='word_1_171' title='bbox 3447 1211 3652 1282; x_wconf 83' lang='grc' dir='ltr'>σαφῶς,</span> <span class='ocrx_word' id='word_1_172' title='bbox 3712 1191 3807 1266; x_wconf 67' lang='grc' dir='ltr'>δια</span> 
     </span>
    </p>
   </div>
   <div class='ocr_carea' id='block_1_28' title="bbox 2138 1282 3805 1369">
    <p class='ocr_par' dir='ltr' id='par_1_28' title="bbox 2138 1282 3805 1369">
     <span class='ocr_line' id='line_1_28' title="bbox 2138 1282 3805 1369; baseline 0.012 -34"><span class='ocrx_word' id='word_1_173' title='bbox 2138 1283 2231 1336; x_wconf 88' lang='grc' dir='ltr'>τὸν</span> <span class='ocrx_word' id='word_1_174' title='bbox 2265 1282 2316 1352; x_wconf 77' lang='grc' dir='ltr'>ἐξ</span> <span class='ocrx_word' id='word_1_175' title='bbox 2361 1283 2521 1339; x_wconf 83' lang='grc' dir='ltr'>αύνοῦ</span> <span class='ocrx_word' id='word_1_176' title='bbox 2577 1286 2853 1358; x_wconf 69' lang='grc' dir='ltr'>μέλλοντα</span> <span class='ocrx_word' id='word_1_177' title='bbox 2914 1287 3235 1364; x_wconf 83' lang='grc' dir='ltr'>βλαστάνειν</span> <span class='ocrx_word' id='word_1_178' title='bbox 3290 1295 3545 1369; x_wconf 80' lang='grc' dir='ltr'>Χριστὸν,</span> <span class='ocrx_word' id='word_1_179' title='bbox 3602 1295 3805 1355; x_wconf 74' lang='grc' dir='ltr'>αἶ’νεσιν</span> 
     </span>
    </p>
   </div>
   <div class='ocr_carea' id='block_1_29' title="bbox 2138 1370 3808 1463">
    <p class='ocr_par' dir='ltr' id='par_1_29' title="bbox 2138 1370 3808 1463">
     <span class='ocr_line' id='line_1_29' title="bbox 2138 1370 3808 1463; baseline 0.012 -39"><span class='ocrx_word' id='word_1_180' title='bbox 2138 1370 2229 1425; x_wconf 82' lang='grc' dir='ltr'>καὶ</span> <span class='ocrx_word' id='word_1_181' title='bbox 2256 1374 2623 1445; x_wconf 81' lang='grc' dir='ltr'>προσκύνησιν</span> <span class='ocrx_word' id='word_1_182' title='bbox 2654 1376 2745 1431; x_wconf 84' lang='grc' dir='ltr'>καὶ</span> <span class='ocrx_word' id='word_1_183' title='bbox 2774 1377 2930 1447; x_wconf 86' lang='grc' dir='ltr'>νίκην</span> <span class='ocrx_word' id='word_1_184' title='bbox 2988 1380 3128 1435; x_wconf 81' lang='grc' dir='ltr'>κατὰ</span> <span class='ocrx_word' id='word_1_185' title='bbox 3182 1385 3293 1437; x_wconf 87' lang='grc' dir='ltr'>τῶν</span> <span class='ocrx_word' id='word_1_186' title='bbox 3352 1381 3568 1463; x_wconf 76' lang='grc' dir='ltr'>ἐχθρῶν</span> <span class='ocrx_word' id='word_1_187' title='bbox 3637 1387 3808 1445; x_wconf 78' lang='grc' dir='ltr'>αὐτοῦ</span> 
     </span>
    </p>
   </div>
   <div class='ocr_carea' id='block_1_30' title="bbox 2136 1459 3802 1546">
    <p class='ocr_par' dir='ltr' id='par_1_30' title="bbox 2136 1459 3802 1546">
     <span class='ocr_line' id='line_1_30' title="bbox 2136 1459 3802 1546; baseline 0.011 -31"><span class='ocrx_word' id='word_1_188' title='bbox 2136 1459 2352 1516; x_wconf 81' lang='grc' dir='ltr'>πάντων</span> <span class='ocrx_word' id='word_1_189' title='bbox 2412 1462 2832 1540; x_wconf 79' lang='grc' dir='ltr'>εὐαγγελίζεται·</span> <span class='ocrx_word' id='word_1_190' title='bbox 2895 1468 2961 1522; x_wconf 81' lang='grc' dir='ltr'>ὅν</span> <span class='ocrx_word' id='word_1_191' title='bbox 3006 1470 3094 1524; x_wconf 80' lang='grc' dir='ltr'>καὶ</span> <span class='ocrx_word' id='word_1_192' title='bbox 3157 1470 3234 1533; x_wconf 84' lang='grc' dir='ltr'>ὡς</span> <span class='ocrx_word' id='word_1_193' title='bbox 3276 1473 3516 1546; x_wconf 66' lang='grc' dir='ltr'>σκύμνον</span> <span class='ocrx_word' id='word_1_194' title='bbox 3578 1475 3802 1542; x_wconf 75' lang='grc' dir='ltr'>λέοντος</span> 
     </span>
    </p>
   </div>
   <div class='ocr_carea' id='block_1_31' title="bbox 2136 1544 3801 1638">
    <p class='ocr_par' dir='ltr' id='par_1_31' title="bbox 2136 1544 3801 1638">
     <span class='ocr_line' id='line_1_31' title="bbox 2136 1544 3801 1638; baseline 0.012 -36"><span class='ocrx_word' id='word_1_195' title='bbox 2136 1544 2226 1603; x_wconf 75' lang='grc' dir='ltr'>διὰ</span> <span class='ocrx_word' id='word_1_196' title='bbox 2253 1550 2316 1604; x_wconf 88' lang='grc' dir='ltr'>τὸ</span> <span class='ocrx_word' id='word_1_197' title='bbox 2345 1551 2499 1627; x_wconf 85' lang='grc' dir='ltr'>φύσει</span> <span class='ocrx_word' id='word_1_198' title='bbox 2532 1551 2819 1627; x_wconf 85' lang='grc' dir='ltr'>βασιλικὸν</span> <span class='ocrx_word' id='word_1_199' title='bbox 2848 1560 2944 1610; x_wconf 72' lang='grc' dir='ltr'>τοῦ</span> <span class='ocrx_word' id='word_1_200' title='bbox 2977 1559 3348 1635; x_wconf 81' lang='grc' dir='ltr'>Μονογενοῦς,</span> <span class='ocrx_word' id='word_1_201' title='bbox 3371 1562 3445 1624; x_wconf 83' lang='grc' dir='ltr'>ὡς</span> <span class='ocrx_word' id='word_1_202' title='bbox 3467 1562 3525 1618; x_wconf 82' lang='grc' dir='ltr'>ἐκ</span> <span class='ocrx_word' id='word_1_203' title='bbox 3555 1563 3801 1638; x_wconf 75' lang='grc' dir='ltr'>βλαστοῦ</span> 
     </span>
    </p>
   </div>
   <div class='ocr_carea' id='block_1_32' title="bbox 2135 1633 3800 1726">
    <p class='ocr_par' dir='ltr' id='par_1_32' title="bbox 2135 1633 3800 1726">
     <span class='ocr_line' id='line_1_32' title="bbox 2135 1633 3800 1699; baseline 0.01 -8"><span class='ocrx_word' id='word_1_204' title='bbox 2135 1633 3321 1699; x_wconf 58' lang='grc' dir='ltr'>δὲαἀνενοδ·πέ“ι</span> <span class='ocrx_word' id='word_1_205' title='bbox 3520 1633 3566 1668; x_wconf 73' lang='grc' dir='ltr'>ι’</span> <span class='ocrx_word' id='word_1_206' title='bbox 3782 1656 3800 1680; x_wconf 59' lang='grc' dir='ltr'>κ</span> 
     </span>
     <span class='ocr_line' id='line_1_33' title="bbox 2259 1659 3797 1726; baseline 0.01 -33"><span class='ocrx_word' id='word_1_207' title='bbox 2259 1660 2389 1694; x_wconf 91' lang='grc' dir='ltr'>υτου</span> <span class='ocrx_word' id='word_1_208' title='bbox 2418 1662 2511 1695; x_wconf 85' lang='grc' dir='ltr'>ανα</span> <span class='ocrx_word' id='word_1_209' title='bbox 2552 1663 2681 1711; x_wconf 84' lang='grc' dir='ltr'>ηνα.</span> <span class='ocrx_word' id='word_1_210' title='bbox 2764 1665 2815 1697; x_wconf 92' lang='grc' dir='ltr'>ια</span> <span class='ocrx_word' id='word_1_211' title='bbox 2880 1666 2978 1713; x_wconf 79' lang='grc' dir='ltr'>την</span> <span class='ocrx_word' id='word_1_212' title='bbox 3066 1666 3100 1701; x_wconf 91' lang='grc' dir='ltr'>κ</span> <span class='ocrx_word' id='word_1_213' title='bbox 3155 1660 3420 1724; x_wconf 62' lang='grc' dir='ltr'>παρθενου</span> <span class='ocrx_word' id='word_1_214' title='bbox 3476 1659 3797 1726; x_wconf 80' lang='grc' dir='ltr'>γεννησινή</span> 
     </span>
    </p>
   </div>
   <div class='ocr_carea' id='block_1_33' title="bbox 2133 1728 3805 1816">
    <p class='ocr_par' dir='ltr' id='par_1_33' title="bbox 2133 1728 3805 1816">
     <span class='ocr_line' id='line_1_34' title="bbox 2133 1728 3805 1816; baseline 0.011 -36"><span class='ocrx_word' id='word_1_215' title='bbox 2133 1728 2427 1802; x_wconf 82' lang='grc' dir='ltr'>σάρκωσιν,</span> <span class='ocrx_word' id='word_1_216' title='bbox 2461 1730 2549 1784; x_wconf 84' lang='grc' dir='ltr'>καὶ</span> <span class='ocrx_word' id='word_1_217' title='bbox 2605 1732 2768 1786; x_wconf 85' lang='grc' dir='ltr'>αὐτὸν</span> <span class='ocrx_word' id='word_1_218' title='bbox 2830 1730 2886 1787; x_wconf 77' lang='grc' dir='ltr'>δὲ</span> <span class='ocrx_word' id='word_1_219' title='bbox 2940 1739 3133 1790; x_wconf 77' lang='grc' dir='ltr'>τοῦτον</span> <span class='ocrx_word' id='word_1_220' title='bbox 3194 1737 3529 1796; x_wconf 71' lang='grc' dir='ltr'>ἀναπεσόντα</span> <span class='ocrx_word' id='word_1_221' title='bbox 3586 1763 3805 1816; x_wconf 87' lang='grc' dir='ltr'>κοιμη-</span> 
     </span>
    </p>
   </div>
   <div class='ocr_carea' id='block_1_34' title="bbox 367 1815 2013 1911">
    <p class='ocr_par' dir='ltr' id='par_1_34' title="bbox 367 1815 2013 1894">
     <span class='ocr_line' id='line_1_35' title="bbox 367 1815 2013 1894; baseline 0.004 -24"><span class='ocrx_word' id='word_1_222' title='bbox 367 1828 506 1870; x_wconf 85' lang='lat' dir='ltr'>nem</span> <span class='ocrx_word' id='word_1_223' title='bbox 538 1815 844 1870; x_wconf 86' lang='lat' dir='ltr'>evidenter</span> <span class='ocrx_word' id='word_1_224' title='bbox 874 1818 954 1874; x_wconf 90' lang='lat' dir='ltr'>ibi</span> <span class='ocrx_word' id='word_1_225' title='bbox 986 1819 1212 1889; x_wconf 88' lang='lat' dir='ltr'>primus</span> <span class='ocrx_word' id='word_1_226' title='bbox 1246 1822 1513 1877; x_wconf 91' lang='lat' dir='ltr'>omnium</span> <span class='ocrx_word' id='word_1_227' title='bbox 1547 1822 1780 1878; x_wconf 90' lang='lat' dir='ltr'>divinus</span> <span class='ocrx_word' id='word_1_228' title='bbox 1810 1823 2013 1894; x_wconf 68' lang='lat' dir='ltr'>praedi-</span> 
     </span>
    </p>
   </div>
   <div class='ocr_carea' id='block_1_35' title="bbox 2123 1815 3802 1911">
    <p class='ocr_par' dir='ltr' id='par_1_35' title="bbox 2129 1818 3802 1900">
     <span class='ocr_line' id='line_1_36' title="bbox 2129 1818 3802 1900; baseline 0.011 -31"><span class='ocrx_word' id='word_1_229' title='bbox 2129 1822 2286 1885; x_wconf 81' lang='grc' dir='ltr'>θῆναι</span> <span class='ocrx_word' id='word_1_230' title='bbox 2344 1819 2434 1872; x_wconf 88' lang='lat' dir='ltr'>xui</span> <span class='ocrx_word' id='word_1_231' title='bbox 2494 1818 2779 1896; x_wconf 85' lang='grc' dir='ltr'>ἐγερθῆναι</span> <span class='ocrx_word' id='word_1_232' title='bbox 2851 1820 2939 1877; x_wconf 79' lang='grc' dir='ltr'>διὰ</span> <span class='ocrx_word' id='word_1_233' title='bbox 2998 1826 3060 1879; x_wconf 87' lang='grc' dir='ltr'>τὸ</span> <span class='ocrx_word' id='word_1_234' title='bbox 3118 1827 3348 1900; x_wconf 81' lang='grc' dir='ltr'>πάθημα</span> <span class='ocrx_word' id='word_1_235' title='bbox 3400 1834 3497 1883; x_wconf 79' lang='grc' dir='ltr'>τοῦ</span> <span class='ocrx_word' id='word_1_236' title='bbox 3559 1834 3802 1892; x_wconf 87' lang='grc' dir='ltr'>θανάτου</span> 
     </span>
    </p>
   </div>
   <div class='ocr_carea' id='block_1_36' title="bbox 369 1900 2019 1983">
    <p class='ocr_par' dir='ltr' id='par_1_36' title="bbox 369 1900 2019 1983">
     <span class='ocr_line' id='line_1_37' title="bbox 369 1900 2019 1983; baseline 0.008 -29"><span class='ocrx_word' id='word_1_237' title='bbox 369 1900 451 1955; x_wconf 87' lang='lat' dir='ltr'>cit</span> <span class='ocrx_word' id='word_1_238' title='bbox 502 1902 776 1960; x_wconf 78' lang='lat' dir='ltr'>Israelus.</span> <span class='ocrx_word' id='word_1_239' title='bbox 831 1906 926 1960; x_wconf 87' lang='lat' dir='ltr'>Ait</span> <span class='ocrx_word' id='word_1_240' title='bbox 973 1925 1109 1963; x_wconf 89' lang='lat' dir='ltr'>vero</span> <span class='ocrx_word' id='word_1_241' title='bbox 1168 1926 1475 1981; x_wconf 88' lang='lat' dir='ltr'>nunquam</span> <span class='ocrx_word' id='word_1_242' title='bbox 1530 1911 1859 1983; x_wconf 89' lang='lat' dir='ltr'>principem</span> <span class='ocrx_word' id='word_1_243' title='bbox 1912 1930 2019 1967; x_wconf 87' lang='lat' dir='ltr'>seu</span> 
     </span>
    </p>
   </div>
   <div class='ocr_carea' id='block_1_37' title="bbox 365 1990 2018 2068">
    <p class='ocr_par' dir='ltr' id='par_1_37' title="bbox 365 1990 2018 2068">
     <span class='ocr_line' id='line_1_38' title="bbox 365 1990 2018 2068; baseline 0.008 -23"><span class='ocrx_word' id='word_1_244' title='bbox 365 1990 672 2048; x_wconf 90' lang='lat' dir='ltr'>ductorem</span> <span class='ocrx_word' id='word_1_245' title='bbox 730 2012 801 2049; x_wconf 82' lang='lat' dir='ltr'>ex</span> <span class='ocrx_word' id='word_1_246' title='bbox 860 1997 1046 2068; x_wconf 89' lang='lat' dir='ltr'>stirpe</span> <span class='ocrx_word' id='word_1_247' title='bbox 1104 2000 1267 2055; x_wconf 74' lang='lat' dir='ltr'>Judaa</span> <span class='ocrx_word' id='word_1_248' title='bbox 1320 2001 1685 2063; x_wconf 89' lang='lat' dir='ltr'>defuturum.</span> <span class='ocrx_word' id='word_1_249' title='bbox 1738 2003 1927 2057; x_wconf 91' lang='lat' dir='ltr'>donec</span> <span class='ocrx_word' id='word_1_250' title='bbox 1970 2004 2018 2058; x_wconf 89' lang='lat' dir='ltr'>is</span> 
     </span>
    </p>
   </div>
   <div class='ocr_carea' id='block_1_38' title="bbox 361 2081 2016 2162">
    <p class='ocr_par' dir='ltr' id='par_1_38' title="bbox 361 2081 2016 2162">
     <span class='ocr_line' id='line_1_39' title="bbox 361 2081 2016 2162; baseline 0.008 -29"><span class='ocrx_word' id='word_1_251' title='bbox 361 2081 559 2135; x_wconf 82' lang='lat' dir='ltr'>veniat</span> <span class='ocrx_word' id='word_1_252' title='bbox 589 2083 682 2137; x_wconf 90' lang='lat' dir='ltr'>cui</span> <span class='ocrx_word' id='word_1_253' title='bbox 715 2100 811 2140; x_wconf 89' lang='lat' dir='ltr'>res</span> <span class='ocrx_word' id='word_1_254' title='bbox 841 2087 1116 2156; x_wconf 66' lang='lat' dir='ltr'>reposita:</span> <span class='ocrx_word' id='word_1_255' title='bbox 1149 2094 1533 2162; x_wconf 87' lang='lat' dir='ltr'>sunt,nempe</span> <span class='ocrx_word' id='word_1_256' title='bbox 1566 2091 1855 2156; x_wconf 86' lang='lat' dir='ltr'>Christus,</span> <span class='ocrx_word' id='word_1_257' title='bbox 1917 2092 2016 2162; x_wconf 88' lang='lat' dir='ltr'>qui</span> 
     </span>
    </p>
   </div>
   <div class='ocr_carea' id='block_1_39' title="bbox 362 2172 2019 2250">
    <p class='ocr_par' dir='ltr' id='par_1_39' title="bbox 362 2172 2019 2250">
     <span class='ocr_line' id='line_1_40' title="bbox 362 2172 2019 2250; baseline 0.008 -27"><span class='ocrx_word' id='word_1_258' title='bbox 362 2185 498 2225; x_wconf 85' lang='lat' dir='ltr'>vere</span> <span class='ocrx_word' id='word_1_259' title='bbox 530 2172 797 2242; x_wconf 86' lang='lat' dir='ltr'>gentium</span> <span class='ocrx_word' id='word_1_260' title='bbox 830 2177 1196 2245; x_wconf 82' lang='lat' dir='ltr'>exspectatio</span> <span class='ocrx_word' id='word_1_261' title='bbox 1225 2184 1350 2235; x_wconf 88' lang='lat' dir='ltr'>est:</span> <span class='ocrx_word' id='word_1_262' title='bbox 1386 2179 1486 2250; x_wconf 85' lang='lat' dir='ltr'>qui</span> <span class='ocrx_word' id='word_1_263' title='bbox 1529 2180 1748 2234; x_wconf 67' lang='lat' dir='ltr'>Iudaeis</span> <span class='ocrx_word' id='word_1_264' title='bbox 1800 2180 2019 2235; x_wconf 85' lang='lat' dir='ltr'>fastum</span> 
     </span>
    </p>
   </div>
   <div class='ocr_carea' id='block_1_40' title="bbox 363 2258 2019 2340">
    <p class='ocr_par' dir='ltr' id='par_1_40' title="bbox 363 2258 2019 2340">
     <span class='ocr_line' id='line_1_41' title="bbox 363 2258 2019 2340; baseline 0.008 -28"><span class='ocrx_word' id='word_1_265' title='bbox 363 2258 806 2332; x_wconf 88' lang='lat' dir='ltr'>elationemque</span> <span class='ocrx_word' id='word_1_266' title='bbox 839 2280 1103 2331; x_wconf 90' lang='lat' dir='ltr'>omnem,</span> <span class='ocrx_word' id='word_1_267' title='bbox 1138 2271 1203 2321; x_wconf 91' lang='lat' dir='ltr'>ut</span> <span class='ocrx_word' id='word_1_268' title='bbox 1235 2267 1274 2320; x_wconf 93' lang='lat' dir='ltr'>ii</span> <span class='ocrx_word' id='word_1_269' title='bbox 1306 2267 1380 2321; x_wconf 92' lang='lat' dir='ltr'>ob</span> <span class='ocrx_word' id='word_1_270' title='bbox 1405 2284 1675 2340; x_wconf 85' lang='lat' dir='ltr'>regnum,</span> <span class='ocrx_word' id='word_1_271' title='bbox 1701 2269 2019 2340; x_wconf 90' lang='lat' dir='ltr'>imperium</span> 
     </span>
    </p>
   </div>
   <div class='ocr_carea' id='block_1_41' title="bbox 363 2348 2020 2429">
    <p class='ocr_par' dir='ltr' id='par_1_41' title="bbox 363 2348 2020 2429">
     <span class='ocr_line' id='line_1_42' title="bbox 363 2348 2020 2429; baseline 0.008 -28"><span class='ocrx_word' id='word_1_272' title='bbox 363 2348 827 2421; x_wconf 75' lang='lat' dir='ltr'>universumque</span> <span class='ocrx_word' id='word_1_273' title='bbox 860 2357 1217 2422; x_wconf 84' lang='lat' dir='ltr'>potestatem</span> <span class='ocrx_word' id='word_1_274' title='bbox 1249 2356 1677 2428; x_wconf 86' lang='lat' dir='ltr'>gloriabantur,</span> <span class='ocrx_word' id='word_1_275' title='bbox 1728 2359 2020 2429; x_wconf 80' lang='lat' dir='ltr'>adimens,</span> 
     </span>
    </p>
   </div>
   <div class='ocr_carea' id='block_1_42' title="bbox 367 2435 2019 2511">
    <p class='ocr_par' dir='ltr' id='par_1_42' title="bbox 367 2435 2019 2511">
     <span class='ocr_line' id='line_1_43' title="bbox 367 2435 2019 2511; baseline 0.007 -20"><span class='ocrx_word' id='word_1_276' title='bbox 367 2435 478 2491; x_wconf 90' lang='lat' dir='ltr'>sibi</span> <span class='ocrx_word' id='word_1_277' title='bbox 531 2443 598 2492; x_wconf 92' lang='lat' dir='ltr'>ut</span> <span class='ocrx_word' id='word_1_278' title='bbox 629 2441 1025 2511; x_wconf 87' lang='lat' dir='ltr'>omnipotenti</span> <span class='ocrx_word' id='word_1_279' title='bbox 1059 2460 1298 2499; x_wconf 90' lang='lat' dir='ltr'>omnem</span> <span class='ocrx_word' id='word_1_280' title='bbox 1355 2446 1767 2501; x_wconf 89' lang='lat' dir='ltr'>universarum</span> <span class='ocrx_word' id='word_1_281' title='bbox 1819 2463 2019 2501; x_wconf 87' lang='lat' dir='ltr'>rerum</span> 
     </span>
    </p>
   </div>
   <div class='ocr_carea' id='block_1_43' title="bbox 365 2525 2016 2607">
    <p class='ocr_par' dir='ltr' id='par_1_43' title="bbox 365 2525 2016 2607">
     <span class='ocr_line' id='line_1_44' title="bbox 365 2525 2016 2607; baseline 0.008 -29"><span class='ocrx_word' id='word_1_282' title='bbox 365 2525 836 2582; x_wconf 83' lang='lat' dir='ltr'>dominationem</span> <span class='ocrx_word' id='word_1_283' title='bbox 869 2531 1199 2598; x_wconf 86' lang='lat' dir='ltr'>vindicans,</span> <span class='ocrx_word' id='word_1_284' title='bbox 1232 2534 1448 2603; x_wconf 89' lang='lat' dir='ltr'>quibus</span> <span class='ocrx_word' id='word_1_285' title='bbox 1488 2534 1609 2589; x_wconf 88' lang='lat' dir='ltr'>vult</span> <span class='ocrx_word' id='word_1_286' title='bbox 1640 2552 1707 2591; x_wconf 88' lang='lat' dir='ltr'>ea</span> <span class='ocrx_word' id='word_1_287' title='bbox 1739 2537 1865 2607; x_wconf 90' lang='lat' dir='ltr'>ipse</span> <span class='ocrx_word' id='word_1_288' title='bbox 1898 2537 2016 2591; x_wconf 90' lang='lat' dir='ltr'>lar-</span> 
     </span>
    </p>
   </div>
   <div class='ocr_carea' id='block_1_44' title="bbox 360 2614 2017 2686">
    <p class='ocr_par' dir='ltr' id='par_1_44' title="bbox 360 2614 2017 2686">
     <span class='ocr_line' id='line_1_45' title="bbox 360 2614 2017 2686; baseline 0.007 -19"><span class='ocrx_word' id='word_1_289' title='bbox 360 2614 536 2684; x_wconf 86' lang='lat' dir='ltr'>gitur.</span> <span class='ocrx_word' id='word_1_290' title='bbox 570 2616 625 2670; x_wconf 89' lang='lat' dir='ltr'>Is</span> <span class='ocrx_word' id='word_1_291' title='bbox 657 2617 731 2671; x_wconf 91' lang='lat' dir='ltr'>ad</span> <span class='ocrx_word' id='word_1_292' title='bbox 762 2619 937 2673; x_wconf 81' lang='lat' dir='ltr'>vitem</span> <span class='ocrx_word' id='word_1_293' title='bbox 1000 2638 1190 2686; x_wconf 89' lang='lat' dir='ltr'>suam,</span> <span class='ocrx_word' id='word_1_294' title='bbox 1224 2622 1335 2677; x_wconf 88' lang='lat' dir='ltr'>hoc</span> <span class='ocrx_word' id='word_1_295' title='bbox 1393 2628 1483 2677; x_wconf 88' lang='lat' dir='ltr'>est</span> <span class='ocrx_word' id='word_1_296' title='bbox 1543 2630 1887 2679; x_wconf 90' lang='lat' dir='ltr'>sanctorum</span> <span class='ocrx_word' id='word_1_297' title='bbox 1948 2642 2017 2680; x_wconf 85' lang='lat' dir='ltr'>ex</span> 
     </span>
    </p>
   </div>
   <div class='ocr_carea' id='block_1_45' title="bbox 361 2703 2018 2783">
    <p class='ocr_par' dir='ltr' id='par_1_45' title="bbox 361 2703 2018 2783">
     <span class='ocr_line' id='line_1_46' title="bbox 361 2703 2018 2783; baseline 0.009 -28"><span class='ocrx_word' id='word_1_298' title='bbox 361 2703 816 2762; x_wconf 86' lang='lat' dir='ltr'>circumcisione</span> <span class='ocrx_word' id='word_1_299' title='bbox 870 2710 1218 2779; x_wconf 78' lang='lat' dir='ltr'>Ecclesium,</span> <span class='ocrx_word' id='word_1_300' title='bbox 1274 2713 1506 2783; x_wconf 90' lang='lat' dir='ltr'>pullum</span> <span class='ocrx_word' id='word_1_301' title='bbox 1556 2715 1759 2781; x_wconf 57' lang='lat' dir='ltr'>asina),</span> <span class='ocrx_word' id='word_1_302' title='bbox 1822 2715 1877 2769; x_wconf 90' lang='lat' dir='ltr'>id</span> <span class='ocrx_word' id='word_1_303' title='bbox 1930 2720 2018 2770; x_wconf 89' lang='lat' dir='ltr'>est</span> 
     </span>
    </p>
   </div>
   <div class='ocr_carea' id='block_1_46' title="bbox 356 2791 2016 2874">
    <p class='ocr_par' dir='ltr' id='par_1_46' title="bbox 356 2791 2016 2874">
     <span class='ocr_line' id='line_1_47' title="bbox 356 2791 2016 2874; baseline 0.01 -31"><span class='ocrx_word' id='word_1_304' title='bbox 356 2791 638 2847; x_wconf 90' lang='lat' dir='ltr'>collectas</span> <span class='ocrx_word' id='word_1_305' title='bbox 663 2810 733 2848; x_wconf 88' lang='lat' dir='ltr'>ex</span> <span class='ocrx_word' id='word_1_306' title='bbox 755 2796 1031 2867; x_wconf 84' lang='lat' dir='ltr'>gentibus</span> <span class='ocrx_word' id='word_1_307' title='bbox 1060 2799 1654 2872; x_wconf 81' lang='lat' dir='ltr'>Ecclesias,capreolo</span> <span class='ocrx_word' id='word_1_308' title='bbox 1677 2803 1829 2867; x_wconf 87' lang='lat' dir='ltr'>vitis,</span> <span class='ocrx_word' id='word_1_309' title='bbox 1857 2803 2016 2874; x_wconf 91' lang='lat' dir='ltr'>quod</span> 
     </span>
    </p>
   </div>
   <div class='ocr_carea' id='block_1_47' title="bbox 355 2882 2013 2961">
    <p class='ocr_par' dir='ltr' id='par_1_47' title="bbox 355 2882 2013 2961">
     <span class='ocr_line' id='line_1_48' title="bbox 355 2882 2013 2961; baseline 0.01 -28"><span class='ocrx_word' id='word_1_310' title='bbox 355 2885 444 2933; x_wconf 90' lang='lat' dir='ltr'>est</span> <span class='ocrx_word' id='word_1_311' title='bbox 476 2882 718 2953; x_wconf 88' lang='lat' dir='ltr'>spiritus</span> <span class='ocrx_word' id='word_1_312' title='bbox 750 2884 1117 2955; x_wconf 88' lang='lat' dir='ltr'>dilectionis,</span> <span class='ocrx_word' id='word_1_313' title='bbox 1152 2888 1435 2961; x_wconf 89' lang='lat' dir='ltr'>alligavit.</span> <span class='ocrx_word' id='word_1_314' title='bbox 1469 2892 1523 2944; x_wconf 87' lang='lat' dir='ltr'>Is</span> <span class='ocrx_word' id='word_1_315' title='bbox 1556 2892 1768 2947; x_wconf 86' lang='lat' dir='ltr'>stolam</span> <span class='ocrx_word' id='word_1_316' title='bbox 1822 2910 2013 2960; x_wconf 88' lang='lat' dir='ltr'>suam,</span> 
     </span>
    </p>
   </div>
   <div class='ocr_carea' id='block_1_48' title="bbox 355 2970 2015 3052">
    <p class='ocr_par' dir='ltr' id='par_1_48' title="bbox 355 2970 2015 3052">
     <span class='ocr_line' id='line_1_49' title="bbox 355 2970 2015 3052; baseline 0.009 -30"><span class='ocrx_word' id='word_1_317' title='bbox 355 2970 553 3025; x_wconf 87' lang='lat' dir='ltr'>carnis</span> <span class='ocrx_word' id='word_1_318' title='bbox 584 2972 863 3028; x_wconf 87' lang='lat' dir='ltr'>videlicet</span> <span class='ocrx_word' id='word_1_319' title='bbox 892 2976 1197 3041; x_wconf 88' lang='lat' dir='ltr'>amictum,</span> <span class='ocrx_word' id='word_1_320' title='bbox 1231 2983 1297 3032; x_wconf 91' lang='lat' dir='ltr'>ut</span> <span class='ocrx_word' id='word_1_321' title='bbox 1322 2979 1383 3032; x_wconf 91' lang='lat' dir='ltr'>in</span> <span class='ocrx_word' id='word_1_322' title='bbox 1414 2980 1550 3035; x_wconf 88' lang='lat' dir='ltr'>vino</span> <span class='ocrx_word' id='word_1_323' title='bbox 1610 2981 1672 3034; x_wconf 93' lang='lat' dir='ltr'>in</span> <span class='ocrx_word' id='word_1_324' title='bbox 1726 2983 2015 3052; x_wconf 87' lang='lat' dir='ltr'>sanguine</span> 
     </span>
    </p>
   </div>
   <div class='ocr_carea' id='block_1_49' title="bbox 352 3057 2012 3139">
    <p class='ocr_par' dir='ltr' id='par_1_49' title="bbox 352 3057 2012 3139">
     <span class='ocr_line' id='line_1_50' title="bbox 352 3057 2012 3139; baseline 0.009 -30"><span class='ocrx_word' id='word_1_325' title='bbox 352 3057 489 3111; x_wconf 85' lang='lat' dir='ltr'>vitis</span> <span class='ocrx_word' id='word_1_326' title='bbox 522 3059 791 3125; x_wconf 81' lang='lat' dir='ltr'>tinctam,</span> <span class='ocrx_word' id='word_1_327' title='bbox 826 3063 888 3116; x_wconf 91' lang='lat' dir='ltr'>in</span> <span class='ocrx_word' id='word_1_328' title='bbox 921 3080 1027 3118; x_wconf 89' lang='lat' dir='ltr'>suo</span> <span class='ocrx_word' id='word_1_329' title='bbox 1060 3066 1302 3137; x_wconf 89' lang='lat' dir='ltr'>proprio</span> <span class='ocrx_word' id='word_1_330' title='bbox 1336 3068 1633 3139; x_wconf 85' lang='lat' dir='ltr'>sanguine</span> <span class='ocrx_word' id='word_1_331' title='bbox 1666 3069 1909 3135; x_wconf 89' lang='lat' dir='ltr'>lavabit,</span> <span class='ocrx_word' id='word_1_332' title='bbox 1953 3069 2012 3124; x_wconf 91' lang='lat' dir='ltr'>id</span> 
     </span>
    </p>
   </div>
   <div class='ocr_carea' id='block_1_50' title="bbox 355 3150 2015 3215">
    <p class='ocr_par' dir='ltr' id='par_1_50' title="bbox 355 3150 2015 3215">
     <span class='ocr_line' id='line_1_51' title="bbox 355 3150 2015 3215; baseline 0.008 -14"><span class='ocrx_word' id='word_1_333' title='bbox 355 3154 463 3215; x_wconf 88' lang='lat' dir='ltr'>est,</span> <span class='ocrx_word' id='word_1_334' title='bbox 500 3165 567 3203; x_wconf 88' lang='lat' dir='ltr'>ex</span> <span class='ocrx_word' id='word_1_335' title='bbox 601 3150 847 3207; x_wconf 90' lang='lat' dir='ltr'>interitu</span> <span class='ocrx_word' id='word_1_336' title='bbox 879 3155 1136 3209; x_wconf 87' lang='lat' dir='ltr'>naturali</span> <span class='ocrx_word' id='word_1_337' title='bbox 1173 3156 1247 3210; x_wconf 87' lang='lat' dir='ltr'>ad</span> <span class='ocrx_word' id='word_1_338' title='bbox 1280 3156 1685 3213; x_wconf 89' lang='lat' dir='ltr'>conditionem</span> <span class='ocrx_word' id='word_1_339' title='bbox 1738 3159 2015 3215; x_wconf 89' lang='lat' dir='ltr'>interitus</span> 
     </span>
    </p>
   </div>
   <div class='ocr_carea' id='block_1_51' title="bbox 358 3242 2012 3316">
    <p class='ocr_par' dir='ltr' id='par_1_51' title="bbox 358 3242 2012 3316">
     <span class='ocr_line' id='line_1_52' title="bbox 358 3242 2012 3316; baseline 0.008 -26"><span class='ocrx_word' id='word_1_340' title='bbox 358 3244 661 3309; x_wconf 87' lang='lat' dir='ltr'>expertem</span> <span class='ocrx_word' id='word_1_341' title='bbox 688 3242 1519 3316; x_wconf 87' lang='lat' dir='ltr'>transferet,quandoquidem</span> <span class='ocrx_word' id='word_1_342' title='bbox 1535 3247 1596 3301; x_wconf 90' lang='lat' dir='ltr'>in</span> <span class='ocrx_word' id='word_1_343' title='bbox 1615 3265 1786 3303; x_wconf 90' lang='lat' dir='ltr'>cruce</span> <span class='ocrx_word' id='word_1_344' title='bbox 1802 3266 2012 3304; x_wconf 88' lang='lat' dir='ltr'>cruen-</span> 
     </span>
    </p>
   </div>
   <div class='ocr_carea' id='block_1_52' title="bbox 356 3330 2009 3409">
    <p class='ocr_par' dir='ltr' id='par_1_52' title="bbox 356 3330 2009 3409">
     <span class='ocr_line' id='line_1_53' title="bbox 356 3330 2009 3409; baseline 0.008 -29"><span class='ocrx_word' id='word_1_345' title='bbox 356 3330 535 3395; x_wconf 89' lang='lat' dir='ltr'>tatus,</span> <span class='ocrx_word' id='word_1_346' title='bbox 589 3345 623 3384; x_wconf 90' lang='lat' dir='ltr'>a</span> <span class='ocrx_word' id='word_1_347' title='bbox 668 3333 921 3386; x_wconf 88' lang='lat' dir='ltr'>mortuis</span> <span class='ocrx_word' id='word_1_348' title='bbox 971 3350 1155 3404; x_wconf 91' lang='lat' dir='ltr'>purus</span> <span class='ocrx_word' id='word_1_349' title='bbox 1205 3352 1272 3391; x_wconf 89' lang='lat' dir='ltr'>ac</span> <span class='ocrx_word' id='word_1_350' title='bbox 1324 3335 1590 3392; x_wconf 89' lang='lat' dir='ltr'>interitui</span> <span class='ocrx_word' id='word_1_351' title='bbox 1634 3354 2009 3409; x_wconf 87' lang='lat' dir='ltr'>nequaquam</span> 
     </span>
    </p>
   </div>
   <div class='ocr_carea' id='block_1_53' title="bbox 362 3418 2015 3495">
    <p class='ocr_par' dir='ltr' id='par_1_53' title="bbox 362 3418 2015 3495">
     <span class='ocr_line' id='line_1_54' title="bbox 362 3418 2015 3495; baseline 0.007 -26"><span class='ocrx_word' id='word_1_352' title='bbox 362 3432 537 3485; x_wconf 88' lang='lat' dir='ltr'>porro</span> <span class='ocrx_word' id='word_1_353' title='bbox 570 3418 872 3475; x_wconf 80' lang='lat' dir='ltr'>obnoxius</span> <span class='ocrx_word' id='word_1_354' title='bbox 907 3422 1123 3476; x_wconf 81' lang='lat' dir='ltr'>existit.</span> <span class='ocrx_word' id='word_1_355' title='bbox 1159 3423 1344 3495; x_wconf 86' lang='lat' dir='ltr'>Hujus</span> <span class='ocrx_word' id='word_1_356' title='bbox 1380 3426 1555 3481; x_wconf 89' lang='lat' dir='ltr'>etiam</span> <span class='ocrx_word' id='word_1_357' title='bbox 1598 3426 1817 3483; x_wconf 89' lang='lat' dir='ltr'>hilares</span> <span class='ocrx_word' id='word_1_358' title='bbox 1875 3433 2015 3482; x_wconf 89' lang='lat' dir='ltr'>sunt</span> 
     </span>
    </p>
   </div>
   <div class='ocr_carea' id='block_1_54' title="bbox 358 3504 2010 3584">
    <p class='ocr_par' dir='ltr' id='par_1_54' title="bbox 358 3504 2010 3584">
     <span class='ocr_line' id='line_1_55' title="bbox 358 3504 2010 3584; baseline 0.01 -28"><span class='ocrx_word' id='word_1_359' title='bbox 358 3504 537 3571; x_wconf 81' lang='lat' dir='ltr'>oculi,</span> <span class='ocrx_word' id='word_1_360' title='bbox 574 3511 858 3578; x_wconf 89' lang='lat' dir='ltr'>tanquam</span> <span class='ocrx_word' id='word_1_361' title='bbox 921 3512 1138 3579; x_wconf 88' lang='lat' dir='ltr'>avino,</span> <span class='ocrx_word' id='word_1_362' title='bbox 1199 3514 1417 3584; x_wconf 88' lang='lat' dir='ltr'>Spiritu</span> <span class='ocrx_word' id='word_1_363' title='bbox 1466 3515 1747 3570; x_wconf 91' lang='lat' dir='ltr'>nimirum</span> <span class='ocrx_word' id='word_1_364' title='bbox 1808 3523 2010 3572; x_wconf 88' lang='lat' dir='ltr'>sancto</span> 
     </span>
    </p>
   </div>
   <div class='ocr_carea' id='block_1_55' title="bbox 356 3593 2007 3662">
    <p class='ocr_par' dir='ltr' id='par_1_55' title="bbox 356 3593 2007 3662">
     <span class='ocr_line' id='line_1_56' title="bbox 356 3593 2007 3662; baseline 0.01 -17"><span class='ocrx_word' id='word_1_365' title='bbox 356 3593 594 3662; x_wconf 86' lang='lat' dir='ltr'>repleti.</span> <span class='ocrx_word' id='word_1_366' title='bbox 626 3596 843 3652; x_wconf 87' lang='lat' dir='ltr'>Dentes</span> <span class='ocrx_word' id='word_1_367' title='bbox 868 3600 1019 3653; x_wconf 88' lang='lat' dir='ltr'>facte</span> <span class='ocrx_word' id='word_1_368' title='bbox 1051 3600 1429 3657; x_wconf 87' lang='lat' dir='ltr'>candidiores</span> <span class='ocrx_word' id='word_1_369' title='bbox 1449 3604 2007 3661; x_wconf 85' lang='lat' dir='ltr'>excellentissimam</span> 
     </span>
    </p>
   </div>
   <div class='ocr_carea' id='block_1_56' title="bbox 352 3687 2009 3766">
    <p class='ocr_par' dir='ltr' id='par_1_56' title="bbox 352 3687 2009 3766">
     <span class='ocr_line' id='line_1_57' title="bbox 352 3687 2009 3766; baseline 0.01 -32"><span class='ocrx_word' id='word_1_370' title='bbox 352 3698 700 3739; x_wconf 89' lang='lat' dir='ltr'>sermonum</span> <span class='ocrx_word' id='word_1_371' title='bbox 748 3687 880 3758; x_wconf 86' lang='lat' dir='ltr'>ejus</span> <span class='ocrx_word' id='word_1_372' title='bbox 930 3691 1420 3760; x_wconf 83' lang='lat' dir='ltr'>perspicuitatem</span> <span class='ocrx_word' id='word_1_373' title='bbox 1455 3698 1631 3765; x_wconf 88' lang='lat' dir='ltr'>atque</span> <span class='ocrx_word' id='word_1_374' title='bbox 1692 3697 2009 3766; x_wconf 87' lang='lat' dir='ltr'>puritatem</span> 
     </span>
    </p>
   </div>
   <div class='ocr_carea' id='block_1_57' title="bbox 354 3774 2007 3840">
    <p class='ocr_par' dir='ltr' id='par_1_57' title="bbox 354 3774 2007 3840">
     <span class='ocr_line' id='line_1_58' title="bbox 354 3774 2007 3840; baseline 0.01 -17"><span class='ocrx_word' id='word_1_375' title='bbox 354 3776 582 3827; x_wconf 88' lang='lat' dir='ltr'>notant.</span> <span class='ocrx_word' id='word_1_376' title='bbox 617 3774 876 3830; x_wconf 89' lang='lat' dir='ltr'>Zabulon</span> <span class='ocrx_word' id='word_1_377' title='bbox 910 3779 1278 3835; x_wconf 88' lang='lat' dir='ltr'>maritimam</span> <span class='ocrx_word' id='word_1_378' title='bbox 1316 3781 1387 3836; x_wconf 90' lang='lat' dir='ltr'>ad</span> <span class='ocrx_word' id='word_1_379' title='bbox 1421 3783 1657 3837; x_wconf 87' lang='lat' dir='ltr'>navium</span> <span class='ocrx_word' id='word_1_380' title='bbox 1691 3785 2007 3840; x_wconf 89' lang='lat' dir='ltr'>stationem</span> 
     </span>
    </p>
   </div>
   <div class='ocr_carea' id='block_1_58' title="bbox 354 3859 2008 3943">
    <p class='ocr_par' dir='ltr' id='par_1_58' title="bbox 354 3859 2008 3943">
     <span class='ocr_line' id='line_1_59' title="bbox 354 3859 2008 3943; baseline 0.011 -31"><span class='ocrx_word' id='word_1_381' title='bbox 354 3859 445 3913; x_wconf 74' lang='lat'>7|</span> <span class='ocrx_word' id='word_1_382' title='bbox 513 3860 800 3934; x_wconf 83' lang='lat' dir='ltr'>deligens,</span> <span class='ocrx_word' id='word_1_383' title='bbox 855 3866 1295 3924; x_wconf 89' lang='lat' dir='ltr'>habitationem</span> <span class='ocrx_word' id='word_1_384' title='bbox 1350 3887 1538 3943; x_wconf 90' lang='lat' dir='ltr'>usque</span> <span class='ocrx_word' id='word_1_385' title='bbox 1597 3873 1671 3928; x_wconf 91' lang='lat' dir='ltr'>ad</span> <span class='ocrx_word' id='word_1_386' title='bbox 1726 3874 2008 3930; x_wconf 90' lang='lat' dir='ltr'>Sidonem</span> 
     </span>
    </p>
   </div>
   <div class='ocr_carea' id='block_1_59' title="bbox 345 3949 2007 4036">
    <p class='ocr_par' dir='ltr' id='par_1_59' title="bbox 345 3949 2007 4036">
     <span class='ocr_line' id='line_1_60' title="bbox 345 3949 2007 4036; baseline 0.011 -34"><span class='ocrx_word' id='word_1_387' title='bbox 345 3949 558 4005; x_wconf 69' lang='lat' dir='ltr'>uabem</span> <span class='ocrx_word' id='word_1_388' title='bbox 584 3952 823 4009; x_wconf 89' lang='lat' dir='ltr'>incolet.</span> <span class='ocrx_word' id='word_1_389' title='bbox 860 3956 1060 4012; x_wconf 88' lang='lat' dir='ltr'>Issach</span> <span class='ocrx_word' id='word_1_390' title='bbox 1080 3975 1147 4036; x_wconf 78' lang='lat' dir='ltr'>ar</span> <span class='ocrx_word' id='word_1_391' title='bbox 1205 3966 1411 4017; x_wconf 90' lang='lat' dir='ltr'>contra</span> <span class='ocrx_word' id='word_1_392' title='bbox 1440 3967 1659 4018; x_wconf 90' lang='lat' dir='ltr'>terram</span> <span class='ocrx_word' id='word_1_393' title='bbox 1690 3965 1750 4017; x_wconf 92' lang='lat' dir='ltr'>in</span> <span class='ocrx_word' id='word_1_394' title='bbox 1812 3965 2007 4020; x_wconf 91' lang='lat' dir='ltr'>medio</span> 
     </span>
    </p>
   </div>
   <div class='ocr_carea' id='block_1_60' title="bbox 347 4040 2005 4124">
    <p class='ocr_par' dir='ltr' id='par_1_60' title="bbox 347 4040 2005 4124">
     <span class='ocr_line' id='line_1_61' title="bbox 347 4040 2005 4124; baseline 0.011 -33"><span class='ocrx_word' id='word_1_395' title='bbox 347 4040 729 4110; x_wconf 88' lang='lat' dir='ltr'>conspicatus</span> <span class='ocrx_word' id='word_1_396' title='bbox 760 4044 1049 4117; x_wconf 85' lang='lat' dir='ltr'>pinguem</span> <span class='ocrx_word' id='word_1_397' title='bbox 1075 4064 1228 4113; x_wconf 88' lang='lat' dir='ltr'>esse,</span> <span class='ocrx_word' id='word_1_398' title='bbox 1263 4049 1518 4106; x_wconf 81' lang='lat' dir='ltr'>fertilem</span> <span class='ocrx_word' id='word_1_399' title='bbox 1556 4058 1733 4124; x_wconf 89' lang='lat' dir='ltr'>atque</span> <span class='ocrx_word' id='word_1_400' title='bbox 1764 4054 2005 4122; x_wconf 87' lang='lat' dir='ltr'>bonam,</span> 
     </span>
    </p>
   </div>
   <div class='ocr_carea' id='block_1_61' title="bbox 333 4126 2003 4215">
    <p class='ocr_par' dir='ltr' id='par_1_61' title="bbox 333 4126 2003 4215">
     <span class='ocr_line' id='line_1_62' title="bbox 333 4126 2003 4215; baseline 0.01 -35"><span class='ocrx_word' id='word_1_401' title='bbox 333 4126 673 4184; x_wconf 76' lang='lat' dir='ltr'>adlabores</span> <span class='ocrx_word' id='word_1_402' title='bbox 701 4131 966 4188; x_wconf 92' lang='lat' dir='ltr'>studium</span> <span class='ocrx_word' id='word_1_403' title='bbox 990 4152 1167 4190; x_wconf 89' lang='lat' dir='ltr'>suum</span> <span class='ocrx_word' id='word_1_404' title='bbox 1191 4138 1707 4212; x_wconf 69' lang='lat' dir='ltr'>conferetﬂetque</span> <span class='ocrx_word' id='word_1_405' title='bbox 1725 4143 2003 4215; x_wconf 88' lang='lat' dir='ltr'>agricola.</span> 
     </span>
    </p>
   </div>
   <div class='ocr_carea' id='block_1_62' title="bbox 343 4216 2008 4300">
    <p class='ocr_par' dir='ltr' id='par_1_62' title="bbox 343 4216 2008 4300">
     <span class='ocr_line' id='line_1_63' title="bbox 343 4216 2008 4300; baseline 0.011 -31"><span class='ocrx_word' id='word_1_406' title='bbox 343 4216 489 4282; x_wconf 91' lang='lat' dir='ltr'>Dan,</span> <span class='ocrx_word' id='word_1_407' title='bbox 514 4217 734 4289; x_wconf 90' lang='lat' dir='ltr'>inquit,</span> <span class='ocrx_word' id='word_1_408' title='bbox 762 4224 1047 4294; x_wconf 90' lang='lat' dir='ltr'>populum</span> <span class='ocrx_word' id='word_1_409' title='bbox 1084 4242 1256 4282; x_wconf 92' lang='lat' dir='ltr'>suum</span> <span class='ocrx_word' id='word_1_410' title='bbox 1277 4228 1591 4300; x_wconf 90' lang='lat' dir='ltr'>judicabit,</span> <span class='ocrx_word' id='word_1_411' title='bbox 1621 4231 1774 4287; x_wconf 88' lang='lat' dir='ltr'>sicut</span> <span class='ocrx_word' id='word_1_412' title='bbox 1804 4238 1862 4286; x_wconf 91' lang='lat' dir='ltr'>et</span> <span class='ocrx_word' id='word_1_413' title='bbox 1890 4232 2008 4287; x_wconf 90' lang='lat' dir='ltr'>alia</span> 
     </span>
    </p>
   </div>
   <div class='ocr_carea' id='block_1_63' title="bbox 342 4305 2003 4390">
    <p class='ocr_par' dir='ltr' id='par_1_63' title="bbox 342 4305 2003 4390">
     <span class='ocr_line' id='line_1_64' title="bbox 342 4305 2003 4390; baseline 0.011 -32"><span class='ocrx_word' id='word_1_414' title='bbox 342 4305 534 4361; x_wconf 85' lang='lat' dir='ltr'>tribus</span> <span class='ocrx_word' id='word_1_415' title='bbox 566 4308 921 4379; x_wconf 88' lang='lat' dir='ltr'>Israelitica,</span> <span class='ocrx_word' id='word_1_416' title='bbox 987 4330 1203 4387; x_wconf 90' lang='lat' dir='ltr'>nempe</span> <span class='ocrx_word' id='word_1_417' title='bbox 1232 4323 1295 4370; x_wconf 88' lang='lat' dir='ltr'>ut</span> <span class='ocrx_word' id='word_1_418' title='bbox 1346 4319 1509 4390; x_wconf 86' lang='lat' dir='ltr'>regia</span> <span class='ocrx_word' id='word_1_419' title='bbox 1535 4320 1699 4375; x_wconf 73' lang='lat' dir='ltr'>Iudae</span> <span class='ocrx_word' id='word_1_420' title='bbox 1756 4320 2003 4389; x_wconf 83' lang='lat' dir='ltr'>familia,</span> 
     </span>
    </p>
   </div>
   <div class='ocr_carea' id='block_1_64' title="bbox 349 4394 2007 4480">
    <p class='ocr_par' dir='ltr' id='par_1_64' title="bbox 349 4394 2007 4480">
     <span class='ocr_line' id='line_1_65' title="bbox 349 4394 2007 4480; baseline 0.01 -32"><span class='ocrx_word' id='word_1_421' title='bbox 349 4394 523 4449; x_wconf 89' lang='lat' dir='ltr'>siculi</span> <span class='ocrx_word' id='word_1_422' title='bbox 558 4396 700 4451; x_wconf 91' lang='lat' dir='ltr'>olim</span> <span class='ocrx_word' id='word_1_423' title='bbox 735 4399 1030 4457; x_wconf 88' lang='lat' dir='ltr'>Samsom.</span> <span class='ocrx_word' id='word_1_424' title='bbox 1093 4405 1164 4458; x_wconf 87' lang='lat' dir='ltr'>Et</span> <span class='ocrx_word' id='word_1_425' title='bbox 1192 4404 1408 4461; x_wconf 90' lang='lat' dir='ltr'>deinde</span> <span class='ocrx_word' id='word_1_426' title='bbox 1465 4408 1627 4464; x_wconf 83' lang='lat' dir='ltr'>ﬁlius</span> <span class='ocrx_word' id='word_1_427' title='bbox 1672 4409 2007 4480; x_wconf 89' lang='lat' dir='ltr'>iniquitatis</span> 
     </span>
    </p>
   </div>
   <div class='ocr_carea' id='block_1_65' title="bbox 345 4487 2005 4570">
    <p class='ocr_par' dir='ltr' id='par_1_65' title="bbox 345 4487 2005 4570">
     <span class='ocr_line' id='line_1_66' title="bbox 345 4487 2005 4570; baseline 0.011 -34"><span class='ocrx_word' id='word_1_428' title='bbox 345 4487 637 4555; x_wconf 87' lang='lat' dir='ltr'>tanquam</span> <span class='ocrx_word' id='word_1_429' title='bbox 672 4488 916 4544; x_wconf 90' lang='lat' dir='ltr'>coluber</span> <span class='ocrx_word' id='word_1_430' title='bbox 942 4491 1159 4563; x_wconf 89' lang='lat' dir='ltr'>aliquis</span> <span class='ocrx_word' id='word_1_431' title='bbox 1192 4494 1251 4548; x_wconf 92' lang='lat' dir='ltr'>in</span> <span class='ocrx_word' id='word_1_432' title='bbox 1284 4497 1376 4551; x_wconf 85' lang='lat' dir='ltr'>via</span> <span class='ocrx_word' id='word_1_433' title='bbox 1404 4496 1587 4570; x_wconf 90' lang='lat' dir='ltr'>hujus</span> <span class='ocrx_word' id='word_1_434' title='bbox 1614 4498 1744 4553; x_wconf 81' lang='lat' dir='ltr'>vitae</span> <span class='ocrx_word' id='word_1_435' title='bbox 1776 4500 2005 4556; x_wconf 85' lang='lat' dir='ltr'>occulte</span> 
     </span>
    </p>
   </div>
   <div class='ocr_carea' id='block_1_66' title="bbox 2127 1906 3800 1996">
    <p class='ocr_par' dir='ltr' id='par_1_66' title="bbox 2127 1906 3800 1996">
     <span class='ocr_line' id='line_1_67' title="bbox 2127 1906 3800 1996; baseline 0.01 -35"><span class='ocrx_word' id='word_1_436' title='bbox 2127 1906 2215 1961; x_wconf 86' lang='lat' dir='ltr'>xui</span> <span class='ocrx_word' id='word_1_437' title='bbox 2247 1908 2348 1975; x_wconf 81' lang='grc' dir='ltr'>τήν</span> <span class='ocrx_word' id='word_1_438' title='bbox 2398 1907 2706 1979; x_wconf 83' lang='grc' dir='ltr'>ἀνάστασιν,</span> <span class='ocrx_word' id='word_1_439' title='bbox 2760 1909 3046 1985; x_wconf 85' lang='grc' dir='ltr'>ἀριδήλως</span> <span class='ocrx_word' id='word_1_440' title='bbox 3114 1916 3142 1968; x_wconf 85' lang='grc' dir='ltr'>ὁ</span> <span class='ocrx_word' id='word_1_441' title='bbox 3202 1918 3348 1981; x_wconf 86' lang='grc' dir='ltr'>θεῖος</span> <span class='ocrx_word' id='word_1_442' title='bbox 3404 1918 3517 1974; x_wconf 80' lang='grc' dir='ltr'>ἐκεῖ</span> <span class='ocrx_word' id='word_1_443' title='bbox 3571 1926 3800 1996; x_wconf 78' lang='grc' dir='ltr'>πρῶτος</span> 
     </span>
    </p>
   </div>
   <div class='ocr_carea' id='block_1_67' title="bbox 2125 1995 3802 2083">
    <p class='ocr_par' dir='ltr' id='par_1_67' title="bbox 2125 1995 3802 2083">
     <span class='ocr_line' id='line_1_68' title="bbox 2125 1995 3802 2083; baseline 0.008 -32"><span class='ocrx_word' id='word_1_444' title='bbox 2125 1995 2532 2083; x_wconf 83' lang='grc' dir='ltr'>προηγόρευσεν</span> <span class='ocrx_word' id='word_1_445' title='bbox 2569 1998 2815 2071; x_wconf 86' lang='grc' dir='ltr'>Ἰσραήλ·</span> <span class='ocrx_word' id='word_1_446' title='bbox 2879 2003 2956 2073; x_wconf 81' lang='grc' dir='ltr'>μὴ</span> <span class='ocrx_word' id='word_1_447' title='bbox 3009 2002 3281 2077; x_wconf 71' lang='grc' dir='ltr'>ἐκλείψειν</span> <span class='ocrx_word' id='word_1_448' title='bbox 3338 2005 3395 2060; x_wconf 78' lang='grc' dir='ltr'>δὲ</span> <span class='ocrx_word' id='word_1_449' title='bbox 3450 1995 3692 2083; x_wconf 77' lang='grc' dir='ltr'>ἄρχοντα</span> <span class='ocrx_word' id='word_1_450' title='bbox 3740 2010 3802 2081; x_wconf 78' lang='grc' dir='ltr'>ἐξ</span> 
     </span>
    </p>
   </div>
   <div class='ocr_carea' id='block_1_68' title="bbox 2129 2082 3802 2172">
    <p class='ocr_par' dir='ltr' id='par_1_68' title="bbox 2129 2082 3802 2172">
     <span class='ocr_line' id='line_1_69' title="bbox 2129 2082 3802 2172; baseline 0.008 -31"><span class='ocrx_word' id='word_1_451' title='bbox 2129 2082 2371 2154; x_wconf 81' lang='grc' dir='ltr'>Ἰούδαῆ</span> <span class='ocrx_word' id='word_1_452' title='bbox 2405 2088 2736 2162; x_wconf 80' lang='grc' dir='ltr'>ἡγούμεεος,</span> <span class='ocrx_word' id='word_1_453' title='bbox 2798 2086 2900 2152; x_wconf 72' lang='grc' dir='ltr'>ἓως</span> <span class='ocrx_word' id='word_1_454' title='bbox 2962 2088 3041 2161; x_wconf 77' lang='grc' dir='ltr'>ἄν,</span> <span class='ocrx_word' id='word_1_455' title='bbox 3102 2094 3289 2169; x_wconf 83' lang='grc' dir='ltr'>φησὶν,</span> <span class='ocrx_word' id='word_1_456' title='bbox 3339 2090 3474 2172; x_wconf 75' lang='grc' dir='ltr'>ἔλθῃ</span> <span class='ocrx_word' id='word_1_457' title='bbox 3509 2082 3802 2154; x_wconf 15' lang='grc' dir='ltr'>ὃῗάπόκει-</span> 
     </span>
    </p>
   </div>
   <div class='ocr_carea' id='block_1_69' title="bbox 2125 2175 3804 2262">
    <p class='ocr_par' dir='ltr' id='par_1_69' title="bbox 2125 2175 3804 2262">
     <span class='ocr_line' id='line_1_70' title="bbox 2125 2175 3804 2262; baseline 0.011 -35"><span class='ocrx_word' id='word_1_458' title='bbox 2125 2193 2238 2243; x_wconf 89' lang='grc' dir='ltr'>ται,</span> <span class='ocrx_word' id='word_1_459' title='bbox 2268 2175 2547 2231; x_wconf 76' lang='grc' dir='ltr'>τουτέστιν</span> <span class='ocrx_word' id='word_1_460' title='bbox 2582 2178 2610 2231; x_wconf 83' lang='grc' dir='ltr'>ὁ</span> <span class='ocrx_word' id='word_1_461' title='bbox 2644 2178 2899 2253; x_wconf 88' lang='grc' dir='ltr'>Χριστὸς,</span> <span class='ocrx_word' id='word_1_462' title='bbox 2945 2179 3003 2242; x_wconf 85' lang='grc' dir='ltr'>ὅς</span> <span class='ocrx_word' id='word_1_463' title='bbox 3061 2181 3202 2238; x_wconf 83' lang='grc' dir='ltr'>ἐστιν</span> <span class='ocrx_word' id='word_1_464' title='bbox 3265 2181 3436 2247; x_wconf 73' lang='grc' dir='ltr'>ὅντως</span> <span class='ocrx_word' id='word_1_465' title='bbox 3489 2185 3804 2262; x_wconf 78' lang='grc' dir='ltr'>προσδοκία</span> 
     </span>
    </p>
   </div>
   <div class='ocr_carea' id='block_1_70' title="bbox 2126 2262 3801 2350">
    <p class='ocr_par' dir='ltr' id='par_1_70' title="bbox 2126 2262 3801 2350">
     <span class='ocr_line' id='line_1_71' title="bbox 2126 2262 3801 2350; baseline 0.01 -33"><span class='ocrx_word' id='word_1_466' title='bbox 2126 2266 2236 2318; x_wconf 90' lang='grc' dir='ltr'>τῶν</span> <span class='ocrx_word' id='word_1_467' title='bbox 2266 2262 2452 2327; x_wconf 82' lang='grc' dir='ltr'>ἐθνῶν·</span> <span class='ocrx_word' id='word_1_468' title='bbox 2494 2263 2552 2327; x_wconf 81' lang='grc' dir='ltr'>ὅς</span> <span class='ocrx_word' id='word_1_469' title='bbox 2581 2268 2646 2321; x_wconf 87' lang='grc' dir='ltr'>τὸ</span> <span class='ocrx_word' id='word_1_470' title='bbox 2678 2266 2763 2323; x_wconf 79' lang='grc' dir='ltr'>ἐπὶ</span> <span class='ocrx_word' id='word_1_471' title='bbox 2810 2272 2879 2343; x_wconf 78' lang='grc' dir='ltr'>τῇ</span> <span class='ocrx_word' id='word_1_472' title='bbox 2934 2268 3185 2342; x_wconf 76' lang='grc' dir='ltr'>βασιλείᾳ</span> <span class='ocrx_word' id='word_1_473' title='bbox 3234 2273 3325 2327; x_wconf 84' lang='grc' dir='ltr'>καὶ</span> <span class='ocrx_word' id='word_1_474' title='bbox 3379 2277 3649 2350; x_wconf 83' lang='grc' dir='ltr'>ἡγεμονίᾳ</span> <span class='ocrx_word' id='word_1_475' title='bbox 3699 2280 3801 2333; x_wconf 84' lang='grc' dir='ltr'>καὶ</span> 
     </span>
    </p>
   </div>
   <div class='ocr_carea' id='block_1_71' title="bbox 2126 2351 3797 2438">
    <p class='ocr_par' dir='ltr' id='par_1_71' title="bbox 2126 2351 3797 2438">
     <span class='ocr_line' id='line_1_72' title="bbox 2126 2351 3797 2438; baseline 0.012 -34"><span class='ocrx_word' id='word_1_476' title='bbox 2126 2351 2338 2426; x_wconf 80' lang='grc' dir='ltr'>ἀρχικῇ</span> <span class='ocrx_word' id='word_1_477' title='bbox 2407 2352 2620 2425; x_wconf 79' lang='grc' dir='ltr'>ἐξουσίᾳ</span> <span class='ocrx_word' id='word_1_478' title='bbox 2684 2355 2829 2430; x_wconf 79' lang='grc' dir='ltr'>πάσῃ</span> <span class='ocrx_word' id='word_1_479' title='bbox 2898 2361 3178 2434; x_wconf 85' lang='grc' dir='ltr'>γαυρίαμα</span> <span class='ocrx_word' id='word_1_480' title='bbox 3275 2363 3615 2438; x_wconf 82' lang='grc' dir='ltr'>ἀφελόμενος</span> <span class='ocrx_word' id='word_1_481' title='bbox 3679 2373 3797 2425; x_wconf 87' lang='grc' dir='ltr'>τῶν</span> 
     </span>
    </p>
   </div>
   <div class='ocr_carea' id='block_1_72' title="bbox 2128 2440 3795 2525">
    <p class='ocr_par' dir='ltr' id='par_1_72' title="bbox 2128 2440 3795 2525">
     <span class='ocr_line' id='line_1_73' title="bbox 2128 2440 3795 2525; baseline 0.011 -30"><span class='ocrx_word' id='word_1_482' title='bbox 2128 2440 2436 2511; x_wconf 82' lang='grc' dir='ltr'>Ἰουδαίων,</span> <span class='ocrx_word' id='word_1_483' title='bbox 2469 2443 2558 2497; x_wconf 79' lang='grc' dir='ltr'>καὶ</span> <span class='ocrx_word' id='word_1_484' title='bbox 2593 2443 2668 2505; x_wconf 88' lang='grc' dir='ltr'>εἰς</span> <span class='ocrx_word' id='word_1_485' title='bbox 2719 2445 2907 2501; x_wconf 75' lang='grc' dir='ltr'>ἑαυτὸν</span> <span class='ocrx_word' id='word_1_486' title='bbox 2956 2452 3059 2502; x_wconf 82' lang='grc' dir='ltr'>πᾶν</span> <span class='ocrx_word' id='word_1_487' title='bbox 3110 2450 3172 2504; x_wconf 89' lang='grc' dir='ltr'>τὸ</span> <span class='ocrx_word' id='word_1_488' title='bbox 3230 2452 3428 2525; x_wconf 88' lang='grc' dir='ltr'>κράτος</span> <span class='ocrx_word' id='word_1_489' title='bbox 3486 2459 3595 2511; x_wconf 85' lang='grc' dir='ltr'>τῶν</span> <span class='ocrx_word' id='word_1_490' title='bbox 3636 2456 3795 2514; x_wconf 78' lang='grc' dir='ltr'>ὅλων</span> 
     </span>
    </p>
   </div>
   <div class='ocr_carea' id='block_1_73' title="bbox 2126 2529 3798 2615">
    <p class='ocr_par' dir='ltr' id='par_1_73' title="bbox 2126 2529 3798 2615">
     <span class='ocr_line' id='line_1_74' title="bbox 2126 2529 3798 2615; baseline 0.011 -32"><span class='ocrx_word' id='word_1_491' title='bbox 2126 2529 2202 2592; x_wconf 85' lang='grc' dir='ltr'>ὡς</span> <span class='ocrx_word' id='word_1_492' title='bbox 2235 2532 2627 2607; x_wconf 80' lang='grc' dir='ltr'>παντοκράτωρ</span> <span class='ocrx_word' id='word_1_493' title='bbox 2655 2534 3120 2607; x_wconf 84' lang='grc' dir='ltr'>ἀναρτησάμενος,</span> <span class='ocrx_word' id='word_1_494' title='bbox 3182 2540 3261 2600; x_wconf 68' lang='grc' dir='ltr'>οἷς</span> <span class='ocrx_word' id='word_1_495' title='bbox 3310 2538 3569 2615; x_wconf 83' lang='grc' dir='ltr'>βούλεται</span> <span class='ocrx_word' id='word_1_496' title='bbox 3618 2550 3798 2602; x_wconf 74' lang='grc' dir='ltr'>τοῦτο</span> 
     </span>
    </p>
   </div>
   <div class='ocr_carea' id='block_1_74' title="bbox 2123 2619 3793 2706">
    <p class='ocr_par' dir='ltr' id='par_1_74' title="bbox 2123 2619 3793 2706">
     <span class='ocr_line' id='line_1_75' title="bbox 2123 2619 3793 2706; baseline 0.01 -34"><span class='ocrx_word' id='word_1_497' title='bbox 2123 2619 2213 2673; x_wconf 89' lang='grc' dir='ltr'>καί</span> <span class='ocrx_word' id='word_1_498' title='bbox 2266 2619 2573 2695; x_wconf 83' lang='grc' dir='ltr'>χαρίζεται.</span> <span class='ocrx_word' id='word_1_499' title='bbox 2634 2622 2802 2686; x_wconf 77' lang='grc' dir='ltr'>Οὗτος</span> <span class='ocrx_word' id='word_1_500' title='bbox 2862 2629 3001 2698; x_wconf 86' lang='grc' dir='ltr'>πρῦς</span> <span class='ocrx_word' id='word_1_501' title='bbox 3058 2629 3158 2696; x_wconf 79' lang='grc' dir='ltr'>τὴν</span> <span class='ocrx_word' id='word_1_502' title='bbox 3214 2626 3463 2700; x_wconf 76' lang='grc' dir='ltr'>ἄμπελον</span> <span class='ocrx_word' id='word_1_503' title='bbox 3524 2633 3793 2706; x_wconf 67' lang='grc' dir='ltr'>αὐτοῦ,ἣ</span> 
     </span>
    </p>
   </div>
   <div class='ocr_carea' id='block_1_75' title="bbox 2123 2706 3795 2792">
    <p class='ocr_par' dir='ltr' id='par_1_75' title="bbox 2123 2706 3795 2792">
     <span class='ocr_line' id='line_1_76' title="bbox 2123 2706 3795 2792; baseline 0.011 -32"><span class='ocrx_word' id='word_1_504' title='bbox 2123 2706 2264 2762; x_wconf 81' lang='grc' dir='ltr'>ἐστιν</span> <span class='ocrx_word' id='word_1_505' title='bbox 2333 2708 2393 2762; x_wconf 81' lang='grc' dir='ltr'>ἐκ</span> <span class='ocrx_word' id='word_1_506' title='bbox 2466 2718 2772 2785; x_wconf 82' lang='grc' dir='ltr'>περιτομῆς</span> <span class='ocrx_word' id='word_1_507' title='bbox 2838 2715 2947 2767; x_wconf 89' lang='grc' dir='ltr'>τῶν</span> <span class='ocrx_word' id='word_1_508' title='bbox 3014 2715 3173 2791; x_wconf 81' lang='grc' dir='ltr'>ἁγίου</span> <span class='ocrx_word' id='word_1_509' title='bbox 3255 2717 3622 2792; x_wconf 84' lang='grc' dir='ltr'>Ἐκκλησιῶν,</span> <span class='ocrx_word' id='word_1_510' title='bbox 3688 2725 3795 2780; x_wconf 75' lang='grc' dir='ltr'>τὸν</span> 
     </span>
    </p>
   </div>
   <div class='ocr_carea' id='block_1_76' title="bbox 2121 2795 3791 2886">
    <p class='ocr_par' dir='ltr' id='par_1_76' title="bbox 2121 2795 3791 2886">
     <span class='ocr_line' id='line_1_77' title="bbox 2121 2795 3791 2886; baseline 0.011 -35"><span class='ocrx_word' id='word_1_511' title='bbox 2121 2796 2311 2852; x_wconf 88' lang='grc' dir='ltr'>πῶλον</span> <span class='ocrx_word' id='word_1_512' title='bbox 2340 2805 2440 2866; x_wconf 79' lang='grc' dir='ltr'>τῆς</span> <span class='ocrx_word' id='word_1_513' title='bbox 2474 2795 2625 2869; x_wconf 77' lang='grc' dir='ltr'>ὄνου,</span> <span class='ocrx_word' id='word_1_514' title='bbox 2656 2800 2752 2862; x_wconf 78' lang='grc' dir='ltr'>τὰς</span> <span class='ocrx_word' id='word_1_515' title='bbox 2786 2800 2834 2870; x_wconf 78' lang='grc' dir='ltr'>ἐξ</span> <span class='ocrx_word' id='word_1_516' title='bbox 2869 2800 3032 2857; x_wconf 75' lang='grc' dir='ltr'>ἐθνῶν</span> <span class='ocrx_word' id='word_1_517' title='bbox 3062 2804 3380 2876; x_wconf 80' lang='grc' dir='ltr'>ἐκκλησίας,</span> <span class='ocrx_word' id='word_1_518' title='bbox 3414 2807 3467 2864; x_wconf 85' lang='grc' dir='ltr'>ἐν</span> <span class='ocrx_word' id='word_1_519' title='bbox 3511 2817 3580 2886; x_wconf 81' lang='grc' dir='ltr'>τῇ</span> <span class='ocrx_word' id='word_1_520' title='bbox 3630 2809 3791 2869; x_wconf 72' lang='grc' dir='ltr'>ἕλικι.</span> 
     </span>
    </p>
   </div>
   <div class='ocr_carea' id='block_1_77' title="bbox 2119 2887 3793 2979">
    <p class='ocr_par' dir='ltr' id='par_1_77' title="bbox 2119 2887 3793 2979">
     <span class='ocr_line' id='line_1_78' title="bbox 2119 2887 3793 2979; baseline 0.023 -43"><span class='ocrx_word' id='word_1_521' title='bbox 2119 2893 2220 2955; x_wconf 78' lang='grc' dir='ltr'>τῆς</span> <span class='ocrx_word' id='word_1_522' title='bbox 2250 2887 2504 2959; x_wconf 80' lang='grc' dir='ltr'>ἀμπέλου</span> <span class='ocrx_word' id='word_1_523' title='bbox 2560 2888 2687 2958; x_wconf 77' lang='grc' dir='ltr'>ἢτοι</span> <span class='ocrx_word' id='word_1_524' title='bbox 2741 2896 2821 2962; x_wconf 82' lang='grc' dir='ltr'>τῷ</span> <span class='ocrx_word' id='word_1_525' title='bbox 2876 2893 3141 2965; x_wconf 82' lang='grc' dir='ltr'>πνεύματι</span> <span class='ocrx_word' id='word_1_526' title='bbox 3192 2903 3293 2966; x_wconf 77' lang='grc' dir='ltr'>τῆς</span> <span class='ocrx_word' id='word_1_527' title='bbox 3330 2897 3544 2974; x_wconf 79' lang='grc' dir='ltr'>ἀγάπης</span> <span class='ocrx_word' id='word_1_528' title='bbox 3604 2923 3793 2979; x_wconf 84' lang='grc' dir='ltr'>προσ-</span> 
     </span>
    </p>
   </div>
   <div class='ocr_carea' id='block_1_78' title="bbox 2123 2972 3785 3063">
    <p class='ocr_par' dir='ltr' id='par_1_78' title="bbox 2123 2972 3785 3063">
     <span class='ocr_line' id='line_1_79' title="bbox 2123 2972 3785 3063; baseline 0.011 -34"><span class='ocrx_word' id='word_1_529' title='bbox 2123 2972 2456 3048; x_wconf 82' lang='grc' dir='ltr'>εδὲσμευσεν.</span> <span class='ocrx_word' id='word_1_530' title='bbox 2486 2978 2660 3040; x_wconf 75' lang='grc' dir='ltr'>Οὗτος</span> <span class='ocrx_word' id='word_1_531' title='bbox 2688 2981 2789 3048; x_wconf 77' lang='grc' dir='ltr'>τὴν</span> <span class='ocrx_word' id='word_1_532' title='bbox 2823 2981 2988 3035; x_wconf 78' lang='grc' dir='ltr'>αὐτοῦ</span> <span class='ocrx_word' id='word_1_533' title='bbox 3019 2982 3224 3053; x_wconf 82' lang='grc' dir='ltr'>στολὴν</span> <span class='ocrx_word' id='word_1_534' title='bbox 3254 2988 3343 3040; x_wconf 79' lang='grc' dir='ltr'>καὶ</span> <span class='ocrx_word' id='word_1_535' title='bbox 3376 2992 3472 3042; x_wconf 80' lang='grc' dir='ltr'>τοῦ</span> <span class='ocrx_word' id='word_1_536' title='bbox 3519 2990 3785 3063; x_wconf 87' lang='grc' dir='ltr'>σώματος</span> 
     </span>
    </p>
   </div>
   <div class='ocr_carea' id='block_1_79' title="bbox 2119 3061 3789 3157">
    <p class='ocr_par' dir='ltr' id='par_1_79' title="bbox 2119 3061 3789 3157">
     <span class='ocr_line' id='line_1_80' title="bbox 2119 3061 3789 3157; baseline 0.011 -39"><span class='ocrx_word' id='word_1_537' title='bbox 2119 3066 2220 3133; x_wconf 81' lang='grc' dir='ltr'>τῆν</span> <span class='ocrx_word' id='word_1_538' title='bbox 2253 3061 2580 3138; x_wconf 78' lang='grc' dir='ltr'>περιϐολὴν,</span> <span class='ocrx_word' id='word_1_539' title='bbox 2611 3068 2684 3131; x_wconf 88' lang='grc' dir='ltr'>ὡς</span> <span class='ocrx_word' id='word_1_540' title='bbox 2716 3067 2768 3122; x_wconf 79' lang='grc' dir='ltr'>ἐν</span> <span class='ocrx_word' id='word_1_541' title='bbox 2802 3068 2940 3142; x_wconf 73' lang='grc' dir='ltr'>ο⁶ίνῳ</span> <span class='ocrx_word' id='word_1_542' title='bbox 2974 3076 3049 3142; x_wconf 81' lang='grc' dir='ltr'>τῷ</span> <span class='ocrx_word' id='word_1_543' title='bbox 3101 3072 3291 3146; x_wconf 82' lang='grc' dir='ltr'>αἳματι</span> <span class='ocrx_word' id='word_1_544' title='bbox 3351 3082 3450 3145; x_wconf 79' lang='grc' dir='ltr'>τῆς</span> <span class='ocrx_word' id='word_1_545' title='bbox 3496 3061 3789 3157; x_wconf 83' lang='grc' dir='ltr'>σταφυλῆς</span> 
     </span>
    </p>
   </div>
   <div class='ocr_carea' id='block_1_80' title="bbox 2131 3148 3792 3243">
    <p class='ocr_par' dir='ltr' id='par_1_80' title="bbox 2131 3148 3792 3243">
     <span class='ocr_line' id='line_1_81' title="bbox 2131 3148 3792 3243; baseline 0.013 -37"><span class='ocrx_word' id='word_1_546' title='bbox 2131 3148 2499 3229; x_wconf 75' lang='grc' dir='ltr'>βεϐαμμὲνην,</span> <span class='ocrx_word' id='word_1_547' title='bbox 2530 3155 2583 3210; x_wconf 84' lang='grc' dir='ltr'>ἐν</span> <span class='ocrx_word' id='word_1_548' title='bbox 2613 3161 2694 3229; x_wconf 79' lang='grc' dir='ltr'>τῷ</span> <span class='ocrx_word' id='word_1_549' title='bbox 2723 3158 2914 3231; x_wconf 81' lang='grc' dir='ltr'>οἰκείῳ</span> <span class='ocrx_word' id='word_1_550' title='bbox 2963 3160 3157 3235; x_wconf 84' lang='grc' dir='ltr'>αἳματι</span> <span class='ocrx_word' id='word_1_551' title='bbox 3206 3162 3420 3234; x_wconf 88' lang='grc' dir='ltr'>πλυνεῖ,</span> <span class='ocrx_word' id='word_1_552' title='bbox 3454 3169 3483 3222; x_wconf 82' lang='grc' dir='ltr'>δ</span> <span class='ocrx_word' id='word_1_553' title='bbox 3515 3148 3682 3243; x_wconf 75' lang='grc' dir='ltr'>ἐστίν,</span> <span class='ocrx_word' id='word_1_554' title='bbox 3724 3148 3792 3229; x_wconf 57' lang='grc' dir='ltr'>ἐκ</span> 
     </span>
    </p>
   </div>
   <div class='ocr_carea' id='block_1_81' title="bbox 2124 3246 3788 3328">
    <p class='ocr_par' dir='ltr' id='par_1_81' title="bbox 2124 3246 3788 3328">
     <span class='ocr_line' id='line_1_82' title="bbox 2124 3246 3788 3328; baseline 0.013 -33"><span class='ocrx_word' id='word_1_555' title='bbox 2124 3249 2225 3311; x_wconf 86' lang='grc' dir='ltr'>τῆς</span> <span class='ocrx_word' id='word_1_556' title='bbox 2281 3250 2514 3320; x_wconf 76' lang='grc' dir='ltr'>φυσικῆς</span> <span class='ocrx_word' id='word_1_557' title='bbox 2575 3246 2780 3322; x_wconf 81' lang='grc' dir='ltr'>φθορᾶς</span> <span class='ocrx_word' id='word_1_558' title='bbox 2836 3247 2912 3310; x_wconf 82' lang='grc' dir='ltr'>εἷς</span> <span class='ocrx_word' id='word_1_559' title='bbox 2998 3249 3298 3327; x_wconf 70' lang='grc' dir='ltr'>ἀφθαρσίαν</span> <span class='ocrx_word' id='word_1_560' title='bbox 3358 3252 3674 3328; x_wconf 77' lang='grc' dir='ltr'>μεταϐαλεῖ,</span> <span class='ocrx_word' id='word_1_561' title='bbox 3728 3260 3788 3316; x_wconf 83' lang='grc' dir='ltr'>ἐν</span> 
     </span>
    </p>
   </div>
   <div class='ocr_carea' id='block_1_82' title="bbox 2121 3334 3787 3419">
    <p class='ocr_par' dir='ltr' id='par_1_82' title="bbox 2121 3334 3787 3419">
     <span class='ocr_line' id='line_1_83' title="bbox 2121 3334 3787 3419; baseline 0.013 -33"><span class='ocrx_word' id='word_1_562' title='bbox 2121 3338 2338 3409; x_wconf 81' lang='grc' dir='ltr'>σταυρῷ</span> <span class='ocrx_word' id='word_1_563' title='bbox 2395 3334 2797 3408; x_wconf 82' lang='grc' dir='ltr'>αἰματούμενος</span> <span class='ocrx_word' id='word_1_564' title='bbox 2857 3339 2945 3392; x_wconf 82' lang='lat' dir='ltr'>xui</span> <span class='ocrx_word' id='word_1_565' title='bbox 2987 3337 3048 3394; x_wconf 85' lang='grc' dir='ltr'>ἐκ</span> <span class='ocrx_word' id='word_1_566' title='bbox 3105 3347 3312 3415; x_wconf 84' lang='grc' dir='ltr'>νεκρῶν</span> <span class='ocrx_word' id='word_1_567' title='bbox 3371 3345 3631 3419; x_wconf 84' lang='grc' dir='ltr'>ἀμίαντος</span> <span class='ocrx_word' id='word_1_568' title='bbox 3688 3352 3787 3406; x_wconf 90' lang='lat' dir='ltr'>xui</span> 
     </span>
    </p>
   </div>
   <div class='ocr_carea' id='block_1_83' title="bbox 2119 3419 3783 3516">
    <p class='ocr_par' dir='ltr' id='par_1_83' title="bbox 2119 3419 3783 3516">
     <span class='ocr_line' id='line_1_84' title="bbox 2119 3419 3783 3516; baseline 0.013 -41"><span class='ocrx_word' id='word_1_569' title='bbox 2119 3419 2391 3497; x_wconf 70' lang='grc' dir='ltr'>ἃοθαρτος</span> <span class='ocrx_word' id='word_1_570' title='bbox 2467 3425 2840 3497; x_wconf 84' lang='grc' dir='ltr'>ἀνιστάμενος.</span> <span class='ocrx_word' id='word_1_571' title='bbox 2920 3428 3136 3484; x_wconf 89' lang='grc' dir='ltr'>Τούτου</span> <span class='ocrx_word' id='word_1_572' title='bbox 3209 3432 3299 3486; x_wconf 88' lang='lat' dir='ltr'>xui</span> <span class='ocrx_word' id='word_1_573' title='bbox 3376 3436 3427 3488; x_wconf 79' lang='lat' dir='ltr'>oi</span> <span class='ocrx_word' id='word_1_574' title='bbox 3497 3435 3783 3516; x_wconf 81' lang='grc' dir='ltr'>ὀφθαλμοὶ</span> 
     </span>
    </p>
   </div>
   <div class='ocr_carea' id='block_1_84' title="bbox 2120 3512 3781 3600">
    <p class='ocr_par' dir='ltr' id='par_1_84' title="bbox 2120 3512 3781 3600">
     <span class='ocr_line' id='line_1_85' title="bbox 2120 3512 3781 3600; baseline 0.013 -37"><span class='ocrx_word' id='word_1_575' title='bbox 2120 3512 2386 3586; x_wconf 76' lang='grc' dir='ltr'>χαροποὶ,</span> <span class='ocrx_word' id='word_1_576' title='bbox 2453 3513 2528 3573; x_wconf 84' lang='grc' dir='ltr'>ὡς</span> <span class='ocrx_word' id='word_1_577' title='bbox 2595 3513 2699 3567; x_wconf 85' lang='grc' dir='ltr'>ἀπὸ</span> <span class='ocrx_word' id='word_1_578' title='bbox 2760 3514 2910 3569; x_wconf 85' lang='grc' dir='ltr'>οἳνου</span> <span class='ocrx_word' id='word_1_579' title='bbox 2975 3522 3074 3571; x_wconf 78' lang='grc' dir='ltr'>τοῦ</span> <span class='ocrx_word' id='word_1_580' title='bbox 3162 3521 3470 3593; x_wconf 84' lang='grc' dir='ltr'>[Ινεύματος</span> <span class='ocrx_word' id='word_1_581' title='bbox 3547 3527 3781 3600; x_wconf 84' lang='grc' dir='ltr'>πεπλη-</span> 
     </span>
    </p>
   </div>
   <div class='ocr_carea' id='block_1_85' title="bbox 2120 3602 3790 3693">
    <p class='ocr_par' dir='ltr' id='par_1_85' title="bbox 2120 3602 3790 3693">
     <span class='ocr_line' id='line_1_86' title="bbox 2120 3602 3790 3693; baseline 0.013 -41"><span class='ocrx_word' id='word_1_582' title='bbox 2120 3602 2365 3671; x_wconf 66' lang='grc' dir='ltr'>ρωμένοι</span> <span class='ocrx_word' id='word_1_583' title='bbox 2416 3605 2513 3655; x_wconf 76' lang='grc' dir='ltr'>τοῦ</span> <span class='ocrx_word' id='word_1_584' title='bbox 2582 3602 2758 3676; x_wconf 87' lang='grc' dir='ltr'>ἁγίου,</span> <span class='ocrx_word' id='word_1_585' title='bbox 2799 3606 2851 3658; x_wconf 85' lang='lat' dir='ltr'>oi</span> <span class='ocrx_word' id='word_1_586' title='bbox 2892 3603 3108 3671; x_wconf 88' lang='grc' dir='ltr'>ὀδόντες</span> <span class='ocrx_word' id='word_1_587' title='bbox 3172 3605 3230 3664; x_wconf 77' lang='grc' dir='ltr'>δὲ</span> <span class='ocrx_word' id='word_1_588' title='bbox 3298 3611 3431 3687; x_wconf 73' lang='grc' dir='ltr'>ὑπὲρ</span> <span class='ocrx_word' id='word_1_589' title='bbox 3497 3615 3560 3670; x_wconf 64' lang='grc' dir='ltr'>τὶ</span> <span class='ocrx_word' id='word_1_590' title='bbox 3632 3617 3790 3693; x_wconf 81' lang='grc' dir='ltr'>γάλα</span> 
     </span>
    </p>
   </div>
   <div class='ocr_carea' id='block_1_86' title="bbox 2118 3685 3786 3773">
    <p class='ocr_par' dir='ltr' id='par_1_86' title="bbox 2118 3685 3786 3773">
     <span class='ocr_line' id='line_1_87' title="bbox 2118 3685 3786 3773; baseline 0.013 -32"><span class='ocrx_word' id='word_1_591' title='bbox 2118 3685 2329 3759; x_wconf 81' lang='grc' dir='ltr'>λευκοὶ,</span> <span class='ocrx_word' id='word_1_592' title='bbox 2405 3690 2468 3744; x_wconf 86' lang='grc' dir='ltr'>τὸ</span> <span class='ocrx_word' id='word_1_593' title='bbox 2546 3692 2830 3769; x_wconf 79' lang='grc' dir='ltr'>ὑπερφυῶς</span> <span class='ocrx_word' id='word_1_594' title='bbox 2907 3693 3372 3773; x_wconf 84' lang='grc' dir='ltr'>φωτοειδέστατον</span> <span class='ocrx_word' id='word_1_595' title='bbox 3477 3708 3586 3759; x_wconf 86' lang='grc' dir='ltr'>τῶν</span> <span class='ocrx_word' id='word_1_596' title='bbox 3681 3706 3786 3762; x_wconf 83' lang='grc' dir='ltr'>αὐ-</span> 
     </span>
    </p>
   </div>
   <div class='ocr_carea' id='block_1_87' title="bbox 2116 3776 3788 3863">
    <p class='ocr_par' dir='ltr' id='par_1_87' title="bbox 2116 3776 3788 3863">
     <span class='ocr_line' id='line_1_88' title="bbox 2116 3776 3788 3863; baseline 0.011 -31"><span class='ocrx_word' id='word_1_597' title='bbox 2116 3780 2214 3832; x_wconf 77' lang='grc' dir='ltr'>τςῦ</span> <span class='ocrx_word' id='word_1_598' title='bbox 2319 3776 2500 3855; x_wconf 89' lang='grc' dir='ltr'>λόγων</span> <span class='ocrx_word' id='word_1_599' title='bbox 2575 3781 2664 3834; x_wconf 87' lang='grc' dir='ltr'>καὶ</span> <span class='ocrx_word' id='word_1_600' title='bbox 2739 3786 3125 3859; x_wconf 86' lang='grc' dir='ltr'>καθαρώτατον</span> <span class='ocrx_word' id='word_1_601' title='bbox 3199 3786 3577 3863; x_wconf 81' lang='grc' dir='ltr'>ἐμφαίνοντες·</span> <span class='ocrx_word' id='word_1_602' title='bbox 3674 3802 3788 3853; x_wconf 84' lang='grc' dir='ltr'>Ζα-</span> 
     </span>
    </p>
   </div>
   <div class='ocr_carea' id='block_1_88' title="bbox 2118 3862 3787 3960">
    <p class='ocr_par' dir='ltr' id='par_1_88' title="bbox 2118 3862 3787 3960">
     <span class='ocr_line' id='line_1_89' title="bbox 2118 3862 3787 3960; baseline 0.013 -39"><span class='ocrx_word' id='word_1_603' title='bbox 2118 3862 2343 3923; x_wconf 76' lang='grc' dir='ltr'>ϐουλὼν</span> <span class='ocrx_word' id='word_1_604' title='bbox 2393 3867 2664 3960; x_wconf 83' lang='grc' dir='ltr'>παράλιον</span> <span class='ocrx_word' id='word_1_605' title='bbox 2739 3872 2876 3960; x_wconf 86' lang='grc' dir='ltr'>πρὸς</span> <span class='ocrx_word' id='word_1_606' title='bbox 2942 3873 3114 3948; x_wconf 77' lang='grc' dir='ltr'>ὅρμον</span> <span class='ocrx_word' id='word_1_607' title='bbox 3183 3862 3394 3935; x_wconf 85' lang='grc' dir='ltr'>πλοίων</span> <span class='ocrx_word' id='word_1_608' title='bbox 3462 3883 3787 3960; x_wconf 82' lang='grc' dir='ltr'>ηροελόμε-</span> 
     </span>
    </p>
   </div>
   <div class='ocr_carea' id='block_1_89' title="bbox 2115 3956 3780 4040">
    <p class='ocr_par' dir='ltr' id='par_1_89' title="bbox 2115 3956 3780 4040">
     <span class='ocr_line' id='line_1_90' title="bbox 2115 3956 3780 4040; baseline 0.012 -29"><span class='ocrx_word' id='word_1_609' title='bbox 2115 3977 2204 4018; x_wconf 90' lang='grc' dir='ltr'>νος</span> <span class='ocrx_word' id='word_1_610' title='bbox 2233 3965 2502 4015; x_wconf 76' lang='grc' dir='ltr'>κατοικεῖν</span> <span class='ocrx_word' id='word_1_611' title='bbox 2535 3956 2638 4022; x_wconf 72' lang='grc' dir='ltr'>ἕως</span> <span class='ocrx_word' id='word_1_612' title='bbox 2672 3959 2911 4025; x_wconf 84' lang='grc' dir='ltr'>Σιδῶνος</span> <span class='ocrx_word' id='word_1_613' title='bbox 2934 3970 3035 4033; x_wconf 84' lang='grc' dir='ltr'>τῆς</span> <span class='ocrx_word' id='word_1_614' title='bbox 3058 3965 3273 4030; x_wconf 85' lang='grc' dir='ltr'>πόλεως</span> <span class='ocrx_word' id='word_1_615' title='bbox 3296 3971 3395 4040; x_wconf 76' lang='grc' dir='ltr'>τὴν</span> <span class='ocrx_word' id='word_1_616' title='bbox 3429 3972 3599 4028; x_wconf 80' lang='grc' dir='ltr'>αὐτοῦ</span> <span class='ocrx_word' id='word_1_617' title='bbox 3630 3995 3780 4031; x_wconf 89' lang='grc' dir='ltr'>κατ-</span> 
     </span>
    </p>
   </div>
   <div class='ocr_carea' id='block_1_90' title="bbox 2116 4047 3777 4137">
    <p class='ocr_par' dir='ltr' id='par_1_90' title="bbox 2116 4047 3777 4137">
     <span class='ocr_line' id='line_1_91' title="bbox 2116 4047 3777 4137; baseline 0.011 -35"><span class='ocrx_word' id='word_1_618' title='bbox 2116 4047 2330 4119; x_wconf 85' lang='grc' dir='ltr'>οίκησιν</span> <span class='ocrx_word' id='word_1_619' title='bbox 2361 4055 2660 4124; x_wconf 88' lang='grc' dir='ltr'>παρανενεῖ.</span> <span class='ocrx_word' id='word_1_620' title='bbox 2701 4052 2762 4109; x_wconf 91' lang='grc' dir='ltr'>Ὁ</span> <span class='ocrx_word' id='word_1_621' title='bbox 2799 4054 3055 4128; x_wconf 79' lang='grc' dir='ltr'>Ἰσσαχὰρ</span> <span class='ocrx_word' id='word_1_622' title='bbox 3106 4053 3164 4110; x_wconf 77' lang='grc' dir='ltr'>δὲ</span> <span class='ocrx_word' id='word_1_623' title='bbox 3208 4060 3309 4126; x_wconf 79' lang='grc' dir='ltr'>τὴν</span> <span class='ocrx_word' id='word_1_624' title='bbox 3358 4059 3410 4116; x_wconf 86' lang='grc' dir='ltr'>ἐν</span> <span class='ocrx_word' id='word_1_625' title='bbox 3466 4064 3614 4137; x_wconf 77' lang='grc' dir='ltr'>μέσῳ</span> <span class='ocrx_word' id='word_1_626' title='bbox 3659 4069 3777 4121; x_wconf 87' lang='grc' dir='ltr'>τῶν</span> 
     </span>
    </p>
   </div>
   <div class='ocr_carea' id='block_1_91' title="bbox 2114 4134 3773 4229">
    <p class='ocr_par' dir='ltr' id='par_1_91' title="bbox 2114 4134 3773 4229">
     <span class='ocr_line' id='line_1_92' title="bbox 2114 4134 3773 4229; baseline 0.011 -37"><span class='ocrx_word' id='word_1_627' title='bbox 2114 4134 2341 4212; x_wconf 84' lang='grc' dir='ltr'>κλήρων</span> <span class='ocrx_word' id='word_1_628' title='bbox 2374 4135 2502 4193; x_wconf 74' lang='grc' dir='ltr'>ἰδὼν</span> <span class='ocrx_word' id='word_1_629' title='bbox 2533 4145 2655 4215; x_wconf 83' lang='grc' dir='ltr'>γῆν,</span> <span class='ocrx_word' id='word_1_630' title='bbox 2686 4139 2769 4194; x_wconf 78' lang='grc' dir='ltr'>δτι</span> <span class='ocrx_word' id='word_1_631' title='bbox 2800 4140 2962 4213; x_wconf 89' lang='grc' dir='ltr'>πίων,</span> <span class='ocrx_word' id='word_1_632' title='bbox 2994 4142 3078 4199; x_wconf 77' lang='grc' dir='ltr'>ὅτι</span> <span class='ocrx_word' id='word_1_633' title='bbox 3137 4141 3407 4221; x_wconf 73' lang='grc' dir='ltr'>εὕκαρπος</span> <span class='ocrx_word' id='word_1_634' title='bbox 3455 4134 3546 4206; x_wconf 84' lang='grc' dir='ltr'>καὶ</span> <span class='ocrx_word' id='word_1_635' title='bbox 3586 4134 3773 4229; x_wconf 77' lang='grc' dir='ltr'>καλὴ,</span> 
     </span>
    </p>
   </div>
   <div class='ocr_carea' id='block_1_92' title="bbox 2113 4225 3769 4317">
    <p class='ocr_par' dir='ltr' id='par_1_92' title="bbox 2113 4225 3769 4317">
     <span class='ocr_line' id='line_1_93' title="bbox 2113 4225 3769 4317; baseline 0.012 -37"><span class='ocrx_word' id='word_1_636' title='bbox 2113 4225 2434 4303; x_wconf 76' lang='grc' dir='ltr'>φιλοπονεῖν</span> <span class='ocrx_word' id='word_1_637' title='bbox 2521 4230 2846 4303; x_wconf 72' lang='grc' dir='ltr'>αἳρετίσεται</span> <span class='ocrx_word' id='word_1_638' title='bbox 2918 4233 3010 4287; x_wconf 86' lang='grc' dir='ltr'>καὶ</span> <span class='ocrx_word' id='word_1_639' title='bbox 3097 4236 3231 4307; x_wconf 74' lang='grc' dir='ltr'>ἀνὴρ</span> <span class='ocrx_word' id='word_1_640' title='bbox 3287 4242 3534 4317; x_wconf 86' lang='grc' dir='ltr'>γεωργὸς</span> <span class='ocrx_word' id='word_1_641' title='bbox 3590 4245 3769 4306; x_wconf 57' lang='grc' dir='ltr'>ἔσται.</span> 
     </span>
    </p>
   </div>
   <div class='ocr_carea' id='block_1_93' title="bbox 2114 4318 3764 4408">
    <p class='ocr_par' dir='ltr' id='par_1_93' title="bbox 2114 4318 3764 4408">
     <span class='ocr_line' id='line_1_94' title="bbox 2114 4318 3764 4408; baseline 0.01 -36"><span class='ocrx_word' id='word_1_642' title='bbox 2114 4318 2199 4390; x_wconf 86' lang='grc' dir='ltr'>[Ρ.</span> <span class='ocrx_word' id='word_1_643' title='bbox 2233 4318 2323 4390; x_wconf 81' lang='grc'>40]</span> <span class='ocrx_word' id='word_1_644' title='bbox 2357 4318 2451 4372; x_wconf 72' lang='grc' dir='ltr'>Καὶ</span> <span class='ocrx_word' id='word_1_645' title='bbox 2486 4318 2586 4373; x_wconf 80' lang='grc' dir='ltr'>Δὰν</span> <span class='ocrx_word' id='word_1_646' title='bbox 2618 4318 2716 4390; x_wconf 71' lang='grc' dir='ltr'>μὲν</span> <span class='ocrx_word' id='word_1_647' title='bbox 2764 4323 2857 4375; x_wconf 80' lang='grc' dir='ltr'>τὸν</span> <span class='ocrx_word' id='word_1_648' title='bbox 2914 4318 3046 4378; x_wconf 89' lang='grc' dir='ltr'>λαὸν</span> <span class='ocrx_word' id='word_1_649' title='bbox 3100 4325 3289 4398; x_wconf 77' lang='grc' dir='ltr'>αὐτοῦ,</span> <span class='ocrx_word' id='word_1_650' title='bbox 3352 4330 3508 4407; x_wconf 88' lang='grc' dir='ltr'>φησὶ,</span> <span class='ocrx_word' id='word_1_651' title='bbox 3568 4339 3764 4408; x_wconf 85' lang='grc' dir='ltr'>κρινεῖ,</span> 
     </span>
    </p>
   </div>
   <div class='ocr_carea' id='block_1_94' title="bbox 2111 4404 3769 4492">
    <p class='ocr_par' dir='ltr' id='par_1_94' title="bbox 2111 4404 3769 4492">
     <span class='ocr_line' id='line_1_95' title="bbox 2111 4404 3769 4492; baseline 0.012 -34"><span class='ocrx_word' id='word_1_652' title='bbox 2111 4404 2239 4460; x_wconf 83' lang='grc' dir='ltr'>ὡσεὶ</span> <span class='ocrx_word' id='word_1_653' title='bbox 2269 4406 2359 4460; x_wconf 80' lang='grc' dir='ltr'>καὶ</span> <span class='ocrx_word' id='word_1_654' title='bbox 2395 4404 2491 4478; x_wconf 87' lang='grc' dir='ltr'>μία</span> <span class='ocrx_word' id='word_1_655' title='bbox 2549 4404 2697 4483; x_wconf 87' lang='grc' dir='ltr'>φυλή</span> <span class='ocrx_word' id='word_1_656' title='bbox 2753 4406 2805 4463; x_wconf 77' lang='grc' dir='ltr'>ἒν</span> <span class='ocrx_word' id='word_1_657' title='bbox 2856 4412 3106 4485; x_wconf 75' lang='grc' dir='ltr'>Ἰσραὴλ,</span> <span class='ocrx_word' id='word_1_658' title='bbox 3166 4414 3241 4478; x_wconf 86' lang='grc' dir='ltr'>ὡς</span> <span class='ocrx_word' id='word_1_659' title='bbox 3270 4418 3304 4486; x_wconf 81' lang='grc' dir='ltr'>ἡ</span> <span class='ocrx_word' id='word_1_660' title='bbox 3338 4404 3615 4492; x_wconf 34' lang='grc' dir='ltr'>βασιλική-</span> <span class='ocrx_word' id='word_1_661' title='bbox 3659 4428 3769 4479; x_wconf 77' lang='grc' dir='ltr'>τοῦ</span> 
     </span>
    </p>
   </div>
   <div class='ocr_carea' id='block_1_95' title="bbox 2112 4493 3766 4586">
    <p class='ocr_par' dir='ltr' id='par_1_95' title="bbox 2112 4493 3766 4586">
     <span class='ocr_line' id='line_1_96' title="bbox 2112 4493 3766 4586; baseline 0.01 -34"><span class='ocrx_word' id='word_1_662' title='bbox 2112 4493 2288 4552; x_wconf 84' lang='grc' dir='ltr'>Ἰούδα</span> <span class='ocrx_word' id='word_1_663' title='bbox 2320 4493 2491 4571; x_wconf 86' lang='grc' dir='ltr'>φυλή,</span> <span class='ocrx_word' id='word_1_664' title='bbox 2522 4497 2763 4573; x_wconf 85' lang='grc' dir='ltr'>καθάπερ</span> <span class='ocrx_word' id='word_1_665' title='bbox 2791 4498 2962 4556; x_wconf 88' lang='grc' dir='ltr'>πάλαι</span> <span class='ocrx_word' id='word_1_666' title='bbox 3011 4502 3039 4556; x_wconf 86' lang='grc' dir='ltr'>ὁ</span> <span class='ocrx_word' id='word_1_667' title='bbox 3093 4506 3341 4579; x_wconf 81' lang='grc' dir='ltr'>Σαμψὼν</span> <span class='ocrx_word' id='word_1_668' title='bbox 3395 4509 3487 4563; x_wconf 81' lang='grc' dir='ltr'>καὶ</span> <span class='ocrx_word' id='word_1_669' title='bbox 3536 4510 3766 4586; x_wconf 76' lang='grc' dir='ltr'>ὕστερον</span> 
     </span>
    </p>
   </div>
   <div class='ocr_carea' id='block_1_96' title="bbox 346 4570 2013 4673">
    <p class='ocr_par' dir='ltr' id='par_1_96' title="bbox 346 4570 1999 4661">
     <span class='ocr_line' id='line_1_97' title="bbox 346 4570 1999 4661; baseline 0.012 -38"><span class='ocrx_word' id='word_1_670' title='bbox 346 4570 684 4645; x_wconf 87' lang='lat' dir='ltr'>insidiatus,</span> <span class='ocrx_word' id='word_1_671' title='bbox 745 4578 969 4635; x_wconf 88' lang='lat' dir='ltr'>calcem</span> <span class='ocrx_word' id='word_1_672' title='bbox 1026 4583 1161 4653; x_wconf 84' lang='lat' dir='ltr'>equi</span> <span class='ocrx_word' id='word_1_673' title='bbox 1217 4584 1525 4653; x_wconf 89' lang='lat' dir='ltr'>(nimirum</span> <span class='ocrx_word' id='word_1_674' title='bbox 1567 4588 1682 4641; x_wconf 89' lang='lat' dir='ltr'>iter</span> <span class='ocrx_word' id='word_1_675' title='bbox 1728 4588 1857 4660; x_wconf 88' lang='lat' dir='ltr'>ejus</span> <span class='ocrx_word' id='word_1_676' title='bbox 1901 4591 1999 4661; x_wconf 88' lang='lat' dir='ltr'>qui</span> 
     </span>
    </p>
   </div>
   <div class='ocr_carea' id='block_1_97' title="bbox 2123 4570 3772 4673">
    <p class='ocr_par' dir='ltr' id='par_1_97' title="bbox 2123 4570 3772 4673">
     <span class='ocr_line' id='line_1_98' title="bbox 2123 4570 3772 4673; baseline 0.012 -36"><span class='ocrx_word' id='word_1_677' title='bbox 2123 4583 2265 4652; x_wconf 64' lang='grc' dir='ltr'>ὃτῆς</span> <span class='ocrx_word' id='word_1_678' title='bbox 2295 4584 2524 4659; x_wconf 73' lang='grc' dir='ltr'>ἀνομίας</span> <span class='ocrx_word' id='word_1_679' title='bbox 2555 4586 2691 4658; x_wconf 80' lang='grc' dir='ltr'>υἱὸς,</span> <span class='ocrx_word' id='word_1_680' title='bbox 2735 4570 2934 4665; x_wconf 17' lang='grc' dir='ltr'>Ὕῶσπερ</span> <span class='ocrx_word' id='word_1_681' title='bbox 2993 4612 3077 4654; x_wconf 88' lang='grc' dir='ltr'>τις</span> <span class='ocrx_word' id='word_1_682' title='bbox 3138 4570 3260 4672; x_wconf 75' lang='grc' dir='ltr'>ὄφις</span> <span class='ocrx_word' id='word_1_683' title='bbox 3305 4594 3387 4673; x_wconf 87' lang='grc' dir='ltr'>ἐφ’</span> <span class='ocrx_word' id='word_1_684' title='bbox 3433 4595 3564 4654; x_wconf 76' lang='grc' dir='ltr'>ὁδοῦ</span> <span class='ocrx_word' id='word_1_685' title='bbox 3605 4570 3772 4657; x_wconf 47' lang='grc' dir='ltr'>τοιῦδε</span> 
     </span>
    </p>
   </div>
   <div class='ocr_carea' id='block_1_98' title="bbox 342 4658 1992 4751">
    <p class='ocr_par' dir='ltr' id='par_1_98' title="bbox 342 4658 1992 4751">
     <span class='ocr_line' id='line_1_99' title="bbox 342 4658 1992 4751; baseline 0.013 -39"><span class='ocrx_word' id='word_1_686' title='bbox 342 4658 758 4732; x_wconf 88' lang='lat' dir='ltr'>imprudenter</span> <span class='ocrx_word' id='word_1_687' title='bbox 785 4667 939 4724; x_wconf 89' lang='lat' dir='ltr'>hanc</span> <span class='ocrx_word' id='word_1_688' title='bbox 970 4671 1148 4726; x_wconf 87' lang='lat' dir='ltr'>vitam</span> <span class='ocrx_word' id='word_1_689' title='bbox 1184 4673 1361 4745; x_wconf 81' lang='lat' dir='ltr'>degit,</span> <span class='ocrx_word' id='word_1_690' title='bbox 1396 4692 1430 4729; x_wconf 89' lang='lat' dir='ltr'>a</span> <span class='ocrx_word' id='word_1_691' title='bbox 1479 4682 1640 4732; x_wconf 89' lang='lat' dir='ltr'>recto</span> <span class='ocrx_word' id='word_1_692' title='bbox 1671 4658 1992 4751; x_wconf 76' lang='lat' dir='ltr'>avertens),</span> 
     </span>
    </p>
   </div>
   <div class='ocr_carea' id='block_1_99' title="bbox 338 4750 1998 4824">
    <p class='ocr_par' dir='ltr' id='par_1_99' title="bbox 338 4750 1998 4824">
     <span class='ocr_line' id='line_1_100' title="bbox 338 4750 1998 4824; baseline 0.013 -21"><span class='ocrx_word' id='word_1_693' title='bbox 338 4750 669 4820; x_wconf 90' lang='lat' dir='ltr'>mordet,ac</span> <span class='ocrx_word' id='word_1_694' title='bbox 706 4756 943 4813; x_wconf 87' lang='lat' dir='ltr'>tandem</span> <span class='ocrx_word' id='word_1_695' title='bbox 975 4765 1168 4815; x_wconf 91' lang='lat' dir='ltr'>astute</span> <span class='ocrx_word' id='word_1_696' title='bbox 1210 4779 1243 4815; x_wconf 93' lang='lat' dir='ltr'>a</span> <span class='ocrx_word' id='word_1_697' title='bbox 1293 4762 1410 4818; x_wconf 92' lang='lat' dir='ltr'>Deo</span> <span class='ocrx_word' id='word_1_698' title='bbox 1443 4780 1713 4821; x_wconf 87' lang='lat' dir='ltr'>aversum</span> <span class='ocrx_word' id='word_1_699' title='bbox 1757 4750 1998 4824; x_wconf 86' lang='lat' dir='ltr'>subver-</span> 
     </span>
    </p>
   </div>
   <div class='ocr_carea' id='block_1_100' title="bbox 340 4838 1996 4918">
    <p class='ocr_par' dir='ltr' id='par_1_100' title="bbox 340 4838 1996 4918">
     <span class='ocr_line' id='line_1_101' title="bbox 340 4838 1996 4918; baseline 0.014 -27"><span class='ocrx_word' id='word_1_700' title='bbox 340 4838 433 4892; x_wconf 87' lang='lat' dir='ltr'>tit.</span> <span class='ocrx_word' id='word_1_701' title='bbox 464 4840 751 4897; x_wconf 87' lang='lat' dir='ltr'>Concidet</span> <span class='ocrx_word' id='word_1_702' title='bbox 780 4845 944 4901; x_wconf 89' lang='lat' dir='ltr'>humi</span> <span class='ocrx_word' id='word_1_703' title='bbox 1004 4865 1189 4918; x_wconf 88' lang='lat' dir='ltr'>eques</span> <span class='ocrx_word' id='word_1_704' title='bbox 1238 4850 1297 4904; x_wconf 91' lang='lat' dir='ltr'>id</span> <span class='ocrx_word' id='word_1_705' title='bbox 1332 4858 1420 4906; x_wconf 89' lang='lat' dir='ltr'>est</span> <span class='ocrx_word' id='word_1_706' title='bbox 1441 4853 1625 4909; x_wconf 83' lang='lat' dir='ltr'>homo</span> <span class='ocrx_word' id='word_1_707' title='bbox 1687 4856 1880 4912; x_wconf 82' lang='lat' dir='ltr'>fidelis</span> <span class='ocrx_word' id='word_1_708' title='bbox 1928 4875 1996 4914; x_wconf 90' lang='lat' dir='ltr'>ac</span> 
     </span>
    </p>
   </div>
   <div class='ocr_carea' id='block_1_101' title="bbox 343 4929 1998 5009">
    <p class='ocr_par' dir='ltr' id='par_1_101' title="bbox 343 4929 1998 5009">
     <span class='ocr_line' id='line_1_102' title="bbox 343 4929 1998 5009; baseline 0.012 -27"><span class='ocrx_word' id='word_1_709' title='bbox 343 4929 501 5000; x_wconf 91' lang='lat' dir='ltr'>pius,</span> <span class='ocrx_word' id='word_1_710' title='bbox 536 4948 862 5007; x_wconf 89' lang='lat' dir='ltr'>rursusque</span> <span class='ocrx_word' id='word_1_711' title='bbox 922 4937 1285 5009; x_wconf 89' lang='lat' dir='ltr'>resipiscens</span> <span class='ocrx_word' id='word_1_712' title='bbox 1317 4947 1373 4995; x_wconf 92' lang='lat' dir='ltr'>et</span> <span class='ocrx_word' id='word_1_713' title='bbox 1402 4943 1688 4999; x_wconf 84' lang='lat' dir='ltr'>auxilium</span> <span class='ocrx_word' id='word_1_714' title='bbox 1732 4945 1833 5003; x_wconf 92' lang='lat' dir='ltr'>Dei</span> <span class='ocrx_word' id='word_1_715' title='bbox 1884 4947 1998 5002; x_wconf 91' lang='lat' dir='ltr'>im-</span> 
     </span>
    </p>
   </div>
   <div class='ocr_carea' id='block_1_102' title="bbox 338 5017 1994 5101">
    <p class='ocr_par' dir='ltr' id='par_1_102' title="bbox 338 5017 1994 5101">
     <span class='ocr_line' id='line_1_103' title="bbox 338 5017 1994 5101; baseline 0.011 -29"><span class='ocrx_word' id='word_1_716' title='bbox 338 5017 606 5088; x_wconf 89' lang='lat' dir='ltr'>plorans.</span> <span class='ocrx_word' id='word_1_717' title='bbox 642 5023 895 5091; x_wconf 88' lang='lat' dir='ltr'>Gadum,</span> <span class='ocrx_word' id='word_1_718' title='bbox 938 5026 1040 5093; x_wconf 90' lang='lat' dir='ltr'>ait,</span> <span class='ocrx_word' id='word_1_719' title='bbox 1092 5027 1404 5097; x_wconf 66' lang='lat' dir='ltr'>praedones</span> <span class='ocrx_word' id='word_1_720' title='bbox 1454 5030 1994 5101; x_wconf 67' lang='lat' dir='ltr'>depraedabuntur:</span> 
     </span>
    </p>
   </div>
   <div class='ocr_carea' id='block_1_103' title="bbox 342 5108 1994 5189">
    <p class='ocr_par' dir='ltr' id='par_1_103' title="bbox 342 5108 1994 5189">
     <span class='ocr_line' id='line_1_104' title="bbox 342 5108 1994 5189; baseline 0.01 -27"><span class='ocrx_word' id='word_1_721' title='bbox 342 5108 546 5178; x_wconf 89' lang='lat' dir='ltr'>quales</span> <span class='ocrx_word' id='word_1_722' title='bbox 581 5112 799 5168; x_wconf 88' lang='lat' dir='ltr'>multas</span> <span class='ocrx_word' id='word_1_723' title='bbox 832 5113 1079 5169; x_wconf 91' lang='lat' dir='ltr'>diversis</span> <span class='ocrx_word' id='word_1_724' title='bbox 1114 5118 1481 5189; x_wconf 90' lang='lat' dir='ltr'>temporibus</span> <span class='ocrx_word' id='word_1_725' title='bbox 1508 5122 1701 5178; x_wconf 84' lang='lat' dir='ltr'>Cadus</span> <span class='ocrx_word' id='word_1_726' title='bbox 1750 5142 1784 5178; x_wconf 74' lang='grc' dir='ltr'>ιι</span> <span class='ocrx_word' id='word_1_727' title='bbox 1816 5124 1994 5180; x_wconf 83' lang='lat' dir='ltr'>ﬁniti-</span> 
     </span>
    </p>
   </div>
   <div class='ocr_carea' id='block_1_104' title="bbox 348 5199 1991 5285">
    <p class='ocr_par' dir='ltr' id='par_1_104' title="bbox 348 5199 1991 5285">
     <span class='ocr_line' id='line_1_105' title="bbox 348 5199 1991 5285; baseline 0.011 -32"><span class='ocrx_word' id='word_1_728' title='bbox 348 5199 461 5253; x_wconf 53' lang='lat' dir='ltr'>mis</span> <span class='ocrx_word' id='word_1_729' title='bbox 517 5201 791 5258; x_wconf 90' lang='lat' dir='ltr'>hostibus</span> <span class='ocrx_word' id='word_1_730' title='bbox 838 5204 1225 5276; x_wconf 62' lang='lat' dir='ltr'>praedatorias</span> <span class='ocrx_word' id='word_1_731' title='bbox 1269 5208 1646 5268; x_wconf 88' lang='lat' dir='ltr'>incursiones</span> <span class='ocrx_word' id='word_1_732' title='bbox 1695 5215 1991 5285; x_wconf 89' lang='lat' dir='ltr'>protulit:</span> 
     </span>
    </p>
   </div>
   <div class='ocr_carea' id='block_1_105' title="bbox 384 5293 1998 5374">
    <p class='ocr_par' dir='ltr' id='par_1_105' title="bbox 384 5293 1998 5374">
     <span class='ocr_line' id='line_1_106' title="bbox 384 5293 1998 5374; baseline 0.012 -31"><span class='ocrx_word' id='word_1_733' title='bbox 384 5308 488 5360; x_wconf 85' lang='lat' dir='ltr'>pse</span> <span class='ocrx_word' id='word_1_734' title='bbox 508 5293 767 5350; x_wconf 87' lang='lat' dir='ltr'>vicissim</span> <span class='ocrx_word' id='word_1_735' title='bbox 799 5296 993 5352; x_wconf 86' lang='lat' dir='ltr'>Gadus</span> <span class='ocrx_word' id='word_1_736' title='bbox 1025 5314 1126 5353; x_wconf 91' lang='lat' dir='ltr'>eos</span> <span class='ocrx_word' id='word_1_737' title='bbox 1158 5316 1188 5353; x_wconf 92' lang='lat' dir='ltr'>e</span> <span class='ocrx_word' id='word_1_738' title='bbox 1222 5302 1465 5374; x_wconf 82' lang='lat' dir='ltr'>vestigio</span> <span class='ocrx_word' id='word_1_739' title='bbox 1493 5303 1787 5361; x_wconf 88' lang='lat' dir='ltr'>latrocinii</span> <span class='ocrx_word' id='word_1_740' title='bbox 1811 5306 1998 5362; x_wconf 87' lang='lat' dir='ltr'>sultus</span> 
     </span>
    </p>
   </div>
   <div class='ocr_carea' id='block_1_106' title="bbox 344 5382 1998 5452">
    <p class='ocr_par' dir='ltr' id='par_1_106' title="bbox 344 5382 1998 5452">
     <span class='ocr_line' id='line_1_107' title="bbox 344 5382 1998 5452; baseline 0.014 -23"><span class='ocrx_word' id='word_1_741' title='bbox 344 5384 452 5431; x_wconf 84' lang='lat' dir='ltr'>est.</span> <span class='ocrx_word' id='word_1_742' title='bbox 489 5382 738 5438; x_wconf 84' lang='lat' dir='ltr'>Aserum</span> <span class='ocrx_word' id='word_1_743' title='bbox 771 5386 926 5441; x_wconf 90' lang='lat' dir='ltr'>adeo</span> <span class='ocrx_word' id='word_1_744' title='bbox 954 5386 1246 5443; x_wconf 88' lang='lat' dir='ltr'>fructibus</span> <span class='ocrx_word' id='word_1_745' title='bbox 1267 5389 1705 5449; x_wconf 89' lang='lat' dir='ltr'>abundaturum</span> <span class='ocrx_word' id='word_1_746' title='bbox 1735 5402 1797 5450; x_wconf 91' lang='lat' dir='ltr'>ut</span> <span class='ocrx_word' id='word_1_747' title='bbox 1821 5396 1998 5452; x_wconf 90' lang='lat' dir='ltr'>etiam</span> 
     </span>
    </p>
   </div>
   <div class='ocr_carea' id='block_1_107' title="bbox 343 5467 1998 5556">
    <p class='ocr_par' dir='ltr' id='par_1_107' title="bbox 343 5467 1998 5556">
     <span class='ocr_line' id='line_1_108' title="bbox 343 5467 1998 5556; baseline 0.014 -38"><span class='ocrx_word' id='word_1_748' title='bbox 343 5467 716 5539; x_wconf 88' lang='lat' dir='ltr'>principibus</span> <span class='ocrx_word' id='word_1_749' title='bbox 747 5474 1041 5532; x_wconf 88' lang='lat' dir='ltr'>alimenta</span> <span class='ocrx_word' id='word_1_750' title='bbox 1075 5479 1562 5549; x_wconf 86' lang='lat' dir='ltr'>suppeditaturus</span> <span class='ocrx_word' id='word_1_751' title='bbox 1597 5484 1998 5556; x_wconf 90' lang='lat' dir='ltr'>sit.Nephtali-</span> 
     </span>
    </p>
   </div>
   <div class='ocr_carea' id='block_1_108' title="bbox 346 5564 1998 5645">
    <p class='ocr_par' dir='ltr' id='par_1_108' title="bbox 346 5564 1998 5645">
     <span class='ocr_line' id='line_1_109' title="bbox 346 5564 1998 5645; baseline 0.013 -36"><span class='ocrx_word' id='word_1_752' title='bbox 346 5571 510 5611; x_wconf 91' lang='lat' dir='ltr'>mum</span> <span class='ocrx_word' id='word_1_753' title='bbox 546 5564 755 5616; x_wconf 86' lang='lat' dir='ltr'>trunco</span> <span class='ocrx_word' id='word_1_754' title='bbox 788 5564 1011 5634; x_wconf 61' lang='lat' dir='ltr'>plantae</span> <span class='ocrx_word' id='word_1_755' title='bbox 1044 5584 1173 5623; x_wconf 89' lang='lat' dir='ltr'>sese</span> <span class='ocrx_word' id='word_1_756' title='bbox 1207 5568 1542 5641; x_wconf 89' lang='lat' dir='ltr'>subjicienti</span> <span class='ocrx_word' id='word_1_757' title='bbox 1578 5572 1835 5630; x_wconf 88' lang='lat' dir='ltr'>similem</span> <span class='ocrx_word' id='word_1_758' title='bbox 1853 5577 1998 5645; x_wconf 87' lang='lat' dir='ltr'>fore,</span> 
     </span>
    </p>
   </div>
   <div class='ocr_carea' id='block_1_109' title="bbox 342 5644 1999 5729">
    <p class='ocr_par' dir='ltr' id='par_1_109' title="bbox 342 5644 1999 5729">
     <span class='ocr_line' id='line_1_110' title="bbox 342 5644 1999 5729; baseline 0.014 -31"><span class='ocrx_word' id='word_1_759' title='bbox 342 5644 729 5707; x_wconf 85' lang='lat' dir='ltr'>multitudine</span> <span class='ocrx_word' id='word_1_760' title='bbox 779 5658 839 5707; x_wconf 92' lang='lat' dir='ltr'>et</span> <span class='ocrx_word' id='word_1_761' title='bbox 887 5655 1187 5727; x_wconf 84' lang='lat' dir='ltr'>elegantia</span> <span class='ocrx_word' id='word_1_762' title='bbox 1220 5661 1499 5729; x_wconf 70' lang='lat' dir='ltr'>potentia</span> <span class='ocrx_word' id='word_1_763' title='bbox 1546 5669 1785 5719; x_wconf 82' lang='lat' dir='ltr'>auctum</span> <span class='ocrx_word' id='word_1_764' title='bbox 1822 5644 1999 5721; x_wconf 86' lang='lat' dir='ltr'>veluti</span> 
     </span>
    </p>
   </div>
   <div class='ocr_carea' id='block_1_110' title="bbox 2107 4670 3767 4762">
    <p class='ocr_par' dir='ltr' id='par_1_110' title="bbox 2107 4670 3767 4762">
     <span class='ocr_line' id='line_1_111' title="bbox 2107 4670 3767 4762; baseline 0.011 -35"><span class='ocrx_word' id='word_1_765' title='bbox 2107 4670 2478 4736; x_wconf 85' lang='grc' dir='ltr'>λανθανόντως</span> <span class='ocrx_word' id='word_1_766' title='bbox 2520 4680 2617 4730; x_wconf 81' lang='grc' dir='ltr'>τοῦ</span> <span class='ocrx_word' id='word_1_767' title='bbox 2662 4676 2803 4752; x_wconf 90' lang='grc' dir='ltr'>-βίου</span> <span class='ocrx_word' id='word_1_768' title='bbox 2863 4678 3074 4759; x_wconf 85' lang='grc' dir='ltr'>λοχῶν,</span> <span class='ocrx_word' id='word_1_769' title='bbox 3128 4670 3219 4738; x_wconf 67' lang='grc' dir='ltr'>καί</span> <span class='ocrx_word' id='word_1_770' title='bbox 3280 4689 3509 4761; x_wconf 76' lang='grc' dir='ltr'>πτέρναν</span> <span class='ocrx_word' id='word_1_771' title='bbox 3564 4690 3767 4762; x_wconf 81' lang='grc' dir='ltr'>ἳππου,</span> 
     </span>
    </p>
   </div>
   <div class='ocr_carea' id='block_1_111' title="bbox 2103 4763 3767 4856">
    <p class='ocr_par' dir='ltr' id='par_1_111' title="bbox 2103 4763 3767 4856">
     <span class='ocr_line' id='line_1_112' title="bbox 2103 4763 3767 4856; baseline 0.011 -40"><span class='ocrx_word' id='word_1_772' title='bbox 2103 4767 2200 4816; x_wconf 79' lang='grc' dir='ltr'>τοῦ</span> <span class='ocrx_word' id='word_1_773' title='bbox 2240 4763 2645 4837; x_wconf 66' lang='grc' dir='ltr'>ἀπερισκέπτως</span> <span class='ocrx_word' id='word_1_774' title='bbox 2701 4767 2795 4821; x_wconf 89' lang='grc' dir='ltr'>τὸν</span> <span class='ocrx_word' id='word_1_775' title='bbox 2859 4769 2978 4844; x_wconf 88' lang='grc' dir='ltr'>βίον</span> <span class='ocrx_word' id='word_1_776' title='bbox 3037 4775 3254 4829; x_wconf 88' lang='grc' dir='ltr'>τουτονί</span> <span class='ocrx_word' id='word_1_777' title='bbox 3295 4770 3607 4856; x_wconf 71' lang='grc' dir='ltr'>¹τρέχοντος</span> <span class='ocrx_word' id='word_1_778' title='bbox 3662 4781 3767 4850; x_wconf 77' lang='grc' dir='ltr'>τήν</span> 
     </span>
    </p>
   </div>
   <div class='ocr_carea' id='block_1_112' title="bbox 2107 4849 3766 4934">
    <p class='ocr_par' dir='ltr' id='par_1_112' title="bbox 2107 4849 3766 4934">
     <span class='ocr_line' id='line_1_113' title="bbox 2107 4849 3766 4934; baseline 0.012 -29"><span class='ocrx_word' id='word_1_779' title='bbox 2107 4849 2252 4918; x_wconf 87' lang='grc' dir='ltr'>ὁδὸν,</span> <span class='ocrx_word' id='word_1_780' title='bbox 2321 4850 2662 4927; x_wconf 74' lang='grc' dir='ltr'>διαστρέψας.</span> <span class='ocrx_word' id='word_1_781' title='bbox 2720 4860 2928 4911; x_wconf 82' lang='grc' dir='ltr'>Τοῦτον</span> <span class='ocrx_word' id='word_1_782' title='bbox 2981 4859 3082 4934; x_wconf 72' lang='grc' dir='ltr'>γὰρ</span> <span class='ocrx_word' id='word_1_783' title='bbox 3138 4849 3352 4918; x_wconf 83' lang='grc' dir='ltr'>δάκνων</span> <span class='ocrx_word' id='word_1_784' title='bbox 3409 4849 3509 4920; x_wconf 46' lang='grc' dir='ltr'>’καὶ</span> <span class='ocrx_word' id='word_1_785' title='bbox 3570 4866 3766 4925; x_wconf 88' lang='grc' dir='ltr'>λοιπὸν</span> 
     </span>
    </p>
   </div>
   <div class='ocr_carea' id='block_1_113' title="bbox 2104 4940 3764 5021">
    <p class='ocr_par' dir='ltr' id='par_1_113' title="bbox 2104 4940 3764 5021">
     <span class='ocr_line' id='line_1_114' title="bbox 2104 4940 3764 5021; baseline 0.008 -24"><span class='ocrx_word' id='word_1_786' title='bbox 2104 4940 2429 5015; x_wconf 81' lang='grc' dir='ltr'>πανούργως</span> <span class='ocrx_word' id='word_1_787' title='bbox 2480 4942 2583 4996; x_wconf 83' lang='grc' dir='ltr'>ὑπὸ</span> <span class='ocrx_word' id='word_1_788' title='bbox 2640 4943 2662 4978; x_wconf 84' lang='grc'><strong>⁶</strong></span> <span class='ocrx_word' id='word_1_789' title='bbox 2717 4947 2814 4998; x_wconf 82' lang='grc' dir='ltr'>τοῦ</span> <span class='ocrx_word' id='word_1_790' title='bbox 2871 4950 3006 5001; x_wconf 80' lang='grc' dir='ltr'>Θεοῦ</span> <span class='ocrx_word' id='word_1_791' title='bbox 3074 4949 3479 5021; x_wconf 84' lang='grc' dir='ltr'>ὑποσκελίσας,·</span> <span class='ocrx_word' id='word_1_792' title='bbox 3518 4961 3764 5012; x_wconf 87' lang='grc' dir='ltr'>πεσεῖται</span> 
     </span>
    </p>
   </div>
   <div class='ocr_carea' id='block_1_114' title="bbox 2109 5029 3763 5119">
    <p class='ocr_par' dir='ltr' id='par_1_114' title="bbox 2109 5029 3763 5119">
     <span class='ocr_line' id='line_1_115' title="bbox 2109 5029 3763 5119; baseline 0.01 -35"><span class='ocrx_word' id='word_1_793' title='bbox 2109 5029 2288 5105; x_wconf 78' lang='grc' dir='ltr'>χαμαὶ</span> <span class='ocrx_word' id='word_1_794' title='bbox 2320 5031 2348 5084; x_wconf 84' lang='grc' dir='ltr'>ὁ</span> <span class='ocrx_word' id='word_1_795' title='bbox 2378 5031 2593 5101; x_wconf 77' lang='grc' dir='ltr'>ἱππεὺς,</span> <span class='ocrx_word' id='word_1_796' title='bbox 2636 5033 2829 5096; x_wconf 88' lang='grc' dir='ltr'>πιστὸς</span> <span class='ocrx_word' id='word_1_797' title='bbox 2877 5035 2967 5089; x_wconf 84' lang='grc' dir='ltr'>καὶ</span> <span class='ocrx_word' id='word_1_798' title='bbox 3016 5035 3250 5110; x_wconf 80' lang='grc' dir='ltr'>εὐσεϐὴς</span> <span class='ocrx_word' id='word_1_799' title='bbox 3299 5039 3610 5116; x_wconf 78' lang='grc' dir='ltr'>ἅνθρωπος,</span> <span class='ocrx_word' id='word_1_800' title='bbox 3664 5067 3763 5119; x_wconf 72' lang='grc' dir='ltr'>μευ</span> 
     </span>
    </p>
   </div>
   <div class='ocr_carea' id='block_1_115' title="bbox 2105 5118 3770 5200">
    <p class='ocr_par' dir='ltr' id='par_1_115' title="bbox 2105 5118 3770 5200">
     <span class='ocr_line' id='line_1_116' title="bbox 2105 5118 3770 5200; baseline 0.01 -26"><span class='ocrx_word' id='word_1_801' title='bbox 2105 5123 2309 5174; x_wconf 88' lang='grc' dir='ltr'>τανοῶν</span> <span class='ocrx_word' id='word_1_802' title='bbox 2338 5119 2426 5174; x_wconf 82' lang='grc' dir='ltr'>καὶ</span> <span class='ocrx_word' id='word_1_803' title='bbox 2458 5120 2558 5189; x_wconf 75' lang='grc' dir='ltr'>τήν</span> <span class='ocrx_word' id='word_1_804' title='bbox 2602 5118 2661 5176; x_wconf 82' lang='grc' dir='ltr'>ἐκ</span> <span class='ocrx_word' id='word_1_805' title='bbox 2718 5127 2857 5177; x_wconf 76' lang='grc' dir='ltr'>Θεοῦ</span> <span class='ocrx_word' id='word_1_806' title='bbox 2914 5128 3192 5200; x_wconf 89' lang='grc' dir='ltr'>σωτηρίαν</span> <span class='ocrx_word' id='word_1_807' title='bbox 3248 5128 3399 5194; x_wconf 80' lang='grc' dir='ltr'>αὖθις</span> <span class='ocrx_word' id='word_1_808' title='bbox 3458 5132 3770 5189; x_wconf 80' lang='grc' dir='ltr'>ἀνακαλού-</span> 
     </span>
    </p>
   </div>
   <div class='ocr_carea' id='block_1_116' title="bbox 2111 5209 3769 5300">
    <p class='ocr_par' dir='ltr' id='par_1_116' title="bbox 2111 5209 3769 5300">
     <span class='ocr_line' id='line_1_117' title="bbox 2111 5209 3769 5300; baseline 0.011 -36"><span class='ocrx_word' id='word_1_809' title='bbox 2111 5232 2298 5283; x_wconf 88' lang='grc' dir='ltr'>μενος.</span> <span class='ocrx_word' id='word_1_810' title='bbox 2345 5210 2445 5265; x_wconf 89' lang='grc' dir='ltr'>Τὸν</span> <span class='ocrx_word' id='word_1_811' title='bbox 2506 5209 2611 5266; x_wconf 84' lang='grc' dir='ltr'>Γάδ</span> <span class='ocrx_word' id='word_1_812' title='bbox 2670 5210 2727 5268; x_wconf 68' lang='grc' dir='ltr'>δὲ</span> <span class='ocrx_word' id='word_1_813' title='bbox 2777 5219 3162 5290; x_wconf 83' lang='grc' dir='ltr'>πειρατήριον,</span> <span class='ocrx_word' id='word_1_814' title='bbox 3221 5223 3380 5299; x_wconf 79' lang='grc' dir='ltr'>φησὶ,</span> <span class='ocrx_word' id='word_1_815' title='bbox 3440 5225 3769 5300; x_wconf 86' lang='grc' dir='ltr'>πειρατεύει,</span> 
     </span>
    </p>
   </div>
   <div class='ocr_carea' id='block_1_117' title="bbox 2111 5297 3766 5390">
    <p class='ocr_par' dir='ltr' id='par_1_117' title="bbox 2111 5297 3766 5390">
     <span class='ocr_line' id='line_1_118' title="bbox 2111 5297 3766 5390; baseline 0.011 -37"><span class='ocrx_word' id='word_1_816' title='bbox 2111 5301 2203 5354; x_wconf 80' lang='grc' dir='ltr'>οἷα</span> <span class='ocrx_word' id='word_1_817' title='bbox 2243 5297 2431 5355; x_wconf 86' lang='grc' dir='ltr'>πολλᾶ</span> <span class='ocrx_word' id='word_1_818' title='bbox 2470 5302 2605 5356; x_wconf 87' lang='grc' dir='ltr'>κατὰ</span> <span class='ocrx_word' id='word_1_819' title='bbox 2660 5302 2788 5363; x_wconf 77' lang='grc' dir='ltr'>τοὺς</span> <span class='ocrx_word' id='word_1_820' title='bbox 2853 5304 3101 5369; x_wconf 84' lang='grc' dir='ltr'>πολλοὺς</span> <span class='ocrx_word' id='word_1_821' title='bbox 3154 5297 3378 5384; x_wconf 80' lang='grc' dir='ltr'>καιροὺς</span> <span class='ocrx_word' id='word_1_822' title='bbox 3436 5318 3766 5390; x_wconf 77' lang='grc' dir='ltr'>πειρατήρια</span> 
     </span>
    </p>
   </div>
   <div class='ocr_carea' id='block_1_118' title="bbox 2046 5387 3765 5479">
    <p class='ocr_par' dir='ltr' id='par_1_118' title="bbox 2046 5387 3765 5479">
     <span class='ocr_line' id='line_1_119' title="bbox 2046 5387 3765 5479; baseline 0.01 -36"><span class='ocrx_word' id='word_1_823' title='bbox 2046 5450 2055 5457; x_wconf 36' lang='grc'><strong>⁸</strong></span> <span class='ocrx_word' id='word_1_824' title='bbox 2107 5393 2186 5462; x_wconf 83' lang='grc' dir='ltr'>τῷ</span> <span class='ocrx_word' id='word_1_825' title='bbox 2217 5387 2324 5444; x_wconf 78' lang='grc' dir='ltr'>Γὰδ</span> <span class='ocrx_word' id='word_1_826' title='bbox 2360 5390 2458 5463; x_wconf 74' lang='grc' dir='ltr'>μὶν</span> <span class='ocrx_word' id='word_1_827' title='bbox 2490 5388 2597 5444; x_wconf 75' lang='grc' dir='ltr'>ἀπὸ</span> <span class='ocrx_word' id='word_1_828' title='bbox 2628 5395 2735 5445; x_wconf 86' lang='grc' dir='ltr'>τῶν</span> <span class='ocrx_word' id='word_1_829' title='bbox 2768 5392 3185 5479; x_wconf 85' lang='grc' dir='ltr'>πλησιοχώρων</span> <span class='ocrx_word' id='word_1_830' title='bbox 3215 5401 3493 5458; x_wconf 87' lang='grc' dir='ltr'>συνέπεσεν</span> <span class='ocrx_word' id='word_1_831' title='bbox 3528 5387 3765 5479; x_wconf 67' lang='grc' dir='ltr'>ἐχθρῶν,</span> 
     </span>
    </p>
   </div>
   <div class='ocr_carea' id='block_1_119' title="bbox 2108 5475 3771 5560">
    <p class='ocr_par' dir='ltr' id='par_1_119' title="bbox 2108 5475 3771 5560">
     <span class='ocr_line' id='line_1_120' title="bbox 2108 5475 3771 5560; baseline 0.01 -26"><span class='ocrx_word' id='word_1_832' title='bbox 2108 5479 2292 5540; x_wconf 79' lang='grc' dir='ltr'>αὐτοῖς</span> <span class='ocrx_word' id='word_1_833' title='bbox 2324 5475 2381 5533; x_wconf 73' lang='grc' dir='ltr'>δὲ</span> <span class='ocrx_word' id='word_1_834' title='bbox 2433 5477 2586 5540; x_wconf 84' lang='grc' dir='ltr'>αὖθις</span> <span class='ocrx_word' id='word_1_835' title='bbox 2617 5480 2646 5535; x_wconf 82' lang='grc' dir='ltr'><strong>ὁ</strong></span> <span class='ocrx_word' id='word_1_836' title='bbox 2678 5478 2785 5535; x_wconf 81' lang='grc' dir='ltr'>Γὰδ</span> <span class='ocrx_word' id='word_1_837' title='bbox 2842 5488 3197 5560; x_wconf 81' lang='grc' dir='ltr'>πειρατήριον</span> <span class='ocrx_word' id='word_1_838' title='bbox 3256 5491 3395 5546; x_wconf 81' lang='grc' dir='ltr'>κατὰ</span> <span class='ocrx_word' id='word_1_839' title='bbox 3445 5475 3640 5555; x_wconf 44' lang='lat' dir='ltr'>male</span> <span class='ocrx_word' id='word_1_840' title='bbox 3667 5493 3771 5549; x_wconf 84' lang='grc' dir='ltr'>ἐπ-</span> 
     </span>
    </p>
   </div>
   <div class='ocr_carea' id='block_1_120' title="bbox 2110 5569 3767 5655">
    <p class='ocr_par' dir='ltr' id='par_1_120' title="bbox 2110 5569 3767 5655">
     <span class='ocr_line' id='line_1_121' title="bbox 2110 5569 3767 5655; baseline 0.008 -32"><span class='ocrx_word' id='word_1_841' title='bbox 2110 5570 2409 5639; x_wconf 84' lang='grc' dir='ltr'>ενήνεκται.</span> <span class='ocrx_word' id='word_1_842' title='bbox 2445 5569 2545 5624; x_wconf 86' lang='grc' dir='ltr'>Καὶ</span> <span class='ocrx_word' id='word_1_843' title='bbox 2583 5569 2752 5643; x_wconf 79' lang='grc' dir='ltr'>Ἀσὴρ</span> <span class='ocrx_word' id='word_1_844' title='bbox 2788 5571 2883 5644; x_wconf 80' lang='grc' dir='ltr'>μὶν</span> <span class='ocrx_word' id='word_1_845' title='bbox 2910 5573 3085 5638; x_wconf 77' lang='grc' dir='ltr'>οὓτως</span> <span class='ocrx_word' id='word_1_846' title='bbox 3124 5581 3207 5649; x_wconf 79' lang='grc' dir='ltr'>τῷ</span> <span class='ocrx_word' id='word_1_847' title='bbox 3262 5577 3410 5655; x_wconf 75' lang='grc' dir='ltr'>ἂρτῳ</span> <span class='ocrx_word' id='word_1_848' title='bbox 3462 5582 3767 5638; x_wconf 78' lang='grc' dir='ltr'>πεοισσεύει</span> 
     </span>
    </p>
   </div>
   <div class='ocr_carea' id='block_1_121' title="bbox 2107 5657 3768 5750">
    <p class='ocr_par' dir='ltr' id='par_1_121' title="bbox 2107 5657 3768 5750">
     <span class='ocr_line' id='line_1_122' title="bbox 2107 5657 3768 5750; baseline 0.008 -33"><span class='ocrx_word' id='word_1_849' title='bbox 2107 5664 2182 5725; x_wconf 83' lang='grc' dir='ltr'>ὡς</span> <span class='ocrx_word' id='word_1_850' title='bbox 2212 5661 2450 5722; x_wconf 84' lang='grc' dir='ltr'>καὶτοῖς</span> <span class='ocrx_word' id='word_1_851' title='bbox 2507 5660 2741 5733; x_wconf 81' lang='grc' dir='ltr'>ἂρχουσι</span> <span class='ocrx_word' id='word_1_852' title='bbox 2798 5657 3006 5721; x_wconf 88' lang='grc' dir='ltr'>διδόναι</span> <span class='ocrx_word' id='word_1_853' title='bbox 3065 5671 3295 5746; x_wconf 71' lang='grc' dir='ltr'>τροφὴν,</span> <span class='ocrx_word' id='word_1_854' title='bbox 3348 5671 3668 5750; x_wconf 78' lang='grc' dir='ltr'>Νεφθαλείμ</span> <span class='ocrx_word' id='word_1_855' title='bbox 3707 5671 3768 5730; x_wconf 76' lang='grc' dir='ltr'>δὶ</span> 
     </span>
    </p>
   </div>
  </div>
