4118 6420
298 330 407 417 ioi

321 578 447 645 δοὺς
474 580 551 643 εἷς
580 580 808 651 πλῆθος
841 581 931 637 καὶ
961 581 1171 644 κάλλος
1203 578 1488 655 δυνάμεως
1545 580 1620 643 ὡς
1670 581 1984 658 γεννήματα

320 669 530 742 πληθύϊ
557 674 806 745 καρπῶν.
858 673 991 732 Τοῖς
1053 671 1146 745 μὲν
1206 671 1297 726 οὗν
1350 671 1417 726 τὰ
1481 675 1706 727 τοιαῦτα
1762 691 1982 749 προφη-

320 760 490 817 τεύων
548 758 803 836 ἐπέλεγεν
859 761 887 815 ὁ
946 758 1191 836 Ἰσραήλ.
1248 757 1469 840 Σφόδρα
1519 758 1577 816 δὲ
1632 760 1723 814 τὸν
1779 761 1984 837 Ἰωσὴφ

321 851 399 913 ὡς
430 847 554 905 λ’ίαν
585 852 942 925 ἠγαπημένον
977 849 1251 927 εὐλογῶν,
1312 873 1339 901 ‹‹
1372 851 1496 913 Υίὸς
1545 849 1849 924 ηὐξημένος
1894 848 1983 904 καὶ

325 937 737 1013 ὂεὸοξχσμένος,
770 939 846 1002 ὡς
876 939 1128 1011 ζηλωσὸς
1167 940 1202 1010 ἢ
1252 937 1517 1011 ἐπίζηλος
1575 941 1662 995 καὶ
1718 939 1984 1015 μακάριός

327 1050 436 1103 μου
468 1030 497 1084 6
528 1029 648 1092 υἱὸς
677 1029 706 1083 6
732 1030 1017 1105 νεώτερος.
1053 1029 1278 1108 Ἰωσὴφ,
1333 1029 1469 1103 πρός
1522 1050 1588 1101 με
1630 1028 1981 1105 ἆνάστρεψον,

325 1118 466 1194 πρός
498 1139 568 1192 με
593 1118 684 1173 τὸν
717 1120 925 1194 πατέρα
953 1119 1043 1173 τὸν
1101 1116 1213 1176 σόν.
1271 1120 1414 1194 ’Όρα
1470 1116 1668 1174 λοιπὸν
1719 1119 1794 1193 μὴ
1845 1118 1983 1194 πρὸς

327 1211 559 1286 Φαραὼ,
623 1213 701 1283 μή
761 1210 898 1285 πρὸς
962 1208 1292 1283 Αἰγυπτίους
1336 1206 1576 1278 ἀσελεῖς,
1632 1207 1781 1265 ἀλλὰ
1844 1209 1980 1283 πρὸς

322 1298 445 1372 ἐμὲ,
479 1300 637 1380 ςησί,
668 1296 760 1353 καὶ
793 1299 894 1367 τήν
952 1293 1226 1353 εὐσέϐειαν
1281 1302 1390 1355 τῶν
1439 1296 1685 1373 πατέρων
1735 1296 1980 1373 έπιστρέυ

321 1409 427 1466 pou
452 1393 565 1443 τῶν
628 1393 760 1443 σῶν.
820 1387 926 1444 Καὶ
985 1386 1090 1464 γὰρ
1143 1387 1283 1442 κατὰ
1338 1390 1434 1442 σοῦ
1493 1382 1981 1461 διαϐουλευόμενοι

317 1474 709 1551 ἐλοιδοροῦντο
750 1476 842 1533 καὶ
900 1468 1109 1552 ἰνεῖχον
1170 1474 1408 1549 τοξόται,
1468 1479 1676 1551 τρῶσαι
1733 1473 1981 1538 θέλοντες

319 1568 407 1622 καὶ
440 1568 777 1624 ἀποκτεῖναι.
809 1568 845 1637 ἢ
894 1565 1075 1640 ὥσπερ
1135 1567 1188 1622 οἱ
1245 1564 1474 1644 ἀδελφοὶ
1525 1562 1983 1644 διαφθονούμενοι

317 1657 730 1735 πρότερον,καὶ
790 1655 955 1712 ἄλλοι
1014 1660 1178 1712 τοῦτο
1237 1655 1497 1731 δράσουσι
1558 1655 1847 1729 μετέπειτα
1904 1655 1982 1718 εἷς

316 1748 586 1823 ἱκγόνους
616 1745 744 1808 τοὺς
802 1746 951 1810 σούς.
984 1744 1163 1802 Ἀλλὰ
1223 1742 1312 1801 διὰ
1349 1743 1539 1821 χειρὸς
1586 1741 1845 1800 δυνάστου
1885 1747 1983 1801 τοῦ

321 1836 464 1909 ἐμοῦ
492 1841 630 1892 Θεοῦ
659 1840 756 1891 τοῦ
813 1833 1247 1909 κατισχύσαντπ
1307 1833 1531 1907 Ἰσραὴλ
1585 1829 1870 1908 συνετρίϐη
1917 1835 1986 1888 τὰ
2016 1867 2060 1932 Β

328 1927 461 1996 τόξα
517 1926 716 1995 αὐτῶν,
778 1923 868 1979 καὶ
924 1926 991 1980 τὰ
1048 1928 1208 1999 νεῦρα
1266 1927 1373 1979 τῶν
1435 1924 1748 1999 Βραχιόνων
1805 1923 1984 1979 αὐτῶν

328 2014 586 2085 ἐξελύθη,
636 2014 742 2072 Καὶ
795 2011 1066 2089 εὐλόγησέ
1123 2035 1181 2068 σε
1233 2014 1262 2068 6
1319 2011 1668 2086 Θεὸςὸἐμὸς
1725 2011 1984 2087 εὐλογίαν

330 2105 561 2180 ούρανοῦ
622 2104 712 2160 καὶ
777 2110 903 2181 γῆς,
968 2101 1240 2179 οὒρανίοις
1335 2101 1673 2182 χαρίσμασιν
1761 2101 1980 2178 ἀγαθῶν

336 2195 538 2270 ἀρετῶν
588 2194 671 2249 καὶ
730 2191 999 2269 ἐπιγείοις
1053 2190 1496 2256 καταπλουτίσας
1554 2191 1780 2269 ἀγαθοῖς
1825 2195 1978 2248 πᾶσι.

333 2280 549 2338 Καίδιᾶ
582 2284 674 2346 τὰς
734 2282 843 2339 ἀπὸ
905 2286 1124 2357 μαστῶν
1184 2283 1275 2338 καὶ
1336 2285 1546 2358 μήτρας
1609 2288 1711 2352 τῆς
1770 2280 1981 2356 μητρός

323 2393 422 2427 σου
453 2370 705 2450 εὐλογίας
726 2374 818 2428 καὶ
853 2368 944 2428 διὰ
971 2371 1067 2433 τὰς
1117 2375 1216 2428 τοῦ
1265 2371 1472 2449 πατρός
1524 2391 1621 2427 σου
1670 2368 1731 2426 lx
1781 2371 1983 2441 νηπίου

321 2461 615 2535 ἐπιθυμίας
667 2461 758 2517 καί
818 2461 1115 2537 ἀγαπήσεις
1178 2460 1547 2537 ὑπερίσχυσας
1613 2460 1705 2516 καὶ
1791 2456 1983 2515 ἔδυνά-

317 2563 457 2622 σθης
488 2551 622 2625 ὑπὲρ
655 2550 915 2626 εὐλογίας
964 2548 1135 2607 ὅσέων
1199 2551 1474 2626 μονίμων,
1528 2551 1656 2619 ἢτοι
1712 2546 1983 2625 βασιλέων

316 2640 738 2717 πολυχρονίων,
800 2640 890 2697 καὶ
950 2639 1242 2714 ἐπιθυμίας
1302 2644 1460 2705 θινῶν
1520 2639 1780 2708 αἰωνίων,
1856 2637 1981 2707 ἢτοι

318 2733 538 2806 βουνῶν
575 2731 663 2785 καὶ
721 2730 1008 2806 ἀρχόντων
1059 2724 1456 2806 μακροόιοτητι
1509 2724 1978 2801 διευθηνουμένων

323 2822 546 2875 πάντων
578 2820 894 2896 ὗπερέοχες.
929 2844 956 2871 ‹‹
990 2823 1159 2876 Αυται
1199 2822 1351 2895 γοῦν,
1382 2817 1565 2897 φησίν,
1621 2817 1675 2872 αἱ
1734 2813 1981 2890 εὐλογίαι

319 2910 517 2980 ε’ἰησαν
557 2909 646 2964 ἐπὶ
678 2907 920 2987 κεφαλὴν
968 2910 1169 2986 Ἰωσὴφ
1219 2909 1310 2964 καὶ
1364 2907 1448 2964 ἐπὶ
1497 2907 1711 2982 κορυφή
1753 2907 1826 2961 ὧν
1885 2905 1984 2960 αὐ-

313 2999 414 3060 τὸς
445 3001 663 3073 ¹ἡγεῖται
707 2997 979 3076 ἀδελφῶν.
1041 2999 1294 3072 Βενιαμὶν
1356 2995 1413 3053 δὲ
1460 2996 1626 3059 λύκος
1668 2996 1859 3069 ἅρπαξ·
1920 2994 1982 3048 τὸ

312 3092 548 3164 προϊκὸν
587 3090 749 3152 αὐτὸς
781 3084 979 3158 ἔδεται,
1034 3089 1124 3143 καὶ
1183 3088 1259 3150 εἰς
1317 3090 1381 3144 τὸ
1439 3088 1668 3162 ἑσπέρας
1727 3082 1983 3141 διαδώσει

317 3181 557 3257 τροῖήν.
589 3181 857 3237 Τοιοῦτον
889 3182 1017 3255 γοῦν
1049 3200 1099 3233 τι
1127 3180 1392 3233 πέπονθεν
1424 3180 1459 3248 ἡ
1490 3176 1689 3232 τούτου
1718 3177 1892 3253 φυλή.

395 3365 609 3426 Εἱδέναι
642 3367 701 3425 ὃὶ
731 3367 814 3424 δεῖ
852 3365 937 3425 ὅτι
993 3367 1080 3423 ἐάν
1138 3389 1222 3430 τις
1279 3368 1338 3423 ἐκ
1389 3366 1741 3441 παρατάσεως
1798 3369 1979 3444 ἁμαρ·

316 3460 473 3514 τάνει
504 3460 776 3532 πειράζων
805 3459 899 3514 τὸν
925 3459 1053 3514 Θεὸν
1085 3459 1161 3523 ὡς
1197 3459 1274 3531 μή
1326 3456 1606 3527 ἐπεξιόντα
1652 3461 1770 3519 τοῖς
1803 3477 1976 3527 πονη-

314 3554 462 3622 ροῖς,
497 3549 527 3602 6
580 3553 835 3609 τοιοῦτος
894 3545 1019 3602 οὔτε
1074 3546 1357 3620 μετανοίας
1411 3546 1652 3616 ἀξιοῦται
1712 3543 1835 3602 οὔτε
1872 3545 1974 3621 ἆφο

316 3634 509 3703 ἑσεως,
541 3633 725 3709 ὥσπερ
754 3656 814 3709 γε
844 3634 936 3689 καὶ
966 3631 1129 3689 ἄλλοι
1163 3633 1388 3697 πλείους
1420 3634 1509 3689 καὶ
1542 3636 1625 3709 [Ρ.
1683 3636 1776 3707 41]
1823 3634 1981 3697 οὗτος

316 3726 545 3800 Φαραώ·
580 3722 677 3779 κᾶν
712 3724 842 3799 λέγῃ
871 3744 956 3786 τις
986 3725 1111 3798 παρ’
1143 3724 1343 3794 έαυτῷ,
1393 3725 1557 3782 ⁶Οσιά
1609 3745 1704 3797 μοι
1749 3724 1978 3799 γένοιτο,

315 3815 402 3868 ὃτι
434 3813 776 3889 πορεύσομαι
814 3813 868 3869 ἐν
928 3818 999 3889 τῇ
1057 3814 1367 3891 ἀναστροφῇ,
1426 3821 1528 3884 τῆς
1582 3812 1806 3890 καρδίας
1875 3836 1981 3888 μου

320 3909 425 3971 τῆς
507 3908 775 3977 πονηρᾶς,
859 3903 950 3958 καὶ
1036 3902 1134 3977 ὀψέ
1192 3924 1325 3959 ποτε
1405 3905 1746 3976 μετανοήσω,
1800 3901 1981 3979 ὥσπερ

317 3992 515 4064 Ἀμὼς
574 3993 604 4046 6
645 3996 743 4047 τοῦ
797 3997 1081 4061 Μανασσῆ.
1143 3992 1237 4048 Διὸ
1284 3991 1374 4049 καὶ
1431 3993 1495 4048 τὸ
1549 3995 1722 4068 τάχος
1780 3992 1986 4064 ἐξωλό-

321 4092 545 4155 θρευσεν
574 4080 733 4136 αὐτὸν
765 4082 795 4136 6
826 4080 983 4143 Θεός,

392 4279 516 4332 Ὀτι
575 4272 911 4349 γεωμετρίαν
973 4273 1067 4347 μὲν
1126 4274 1421 4352 Αἰγύπτιοι
1479 4279 1691 4351 πρῶτοι
1750 4274 1983 4351 ἐξεῦρον,

321 4363 695 4438 ἀστρολογίαν
729 4360 786 4418 δὲ
826 4363 917 4418 καὶ
975 4363 1418 4441 γενεθλιαλογίαν
1468 4362 1758 4435 Χαλδαῖοι,
1812 4367 1984 4442 ’Ἁρα-

324 4444 420 4510 ϐες
450 4449 545 4504 καὶ
576 4450 790 4526 Φρύγες
841 4449 1267 4520 οἶωνοσκοπίαν,
1326 4455 1470 4514 θεοῖς
1527 4450 1585 4508 δὲ
1636 4453 1778 4509 θύειν
1834 4453 1985 4512 Χαλ-

327 4535 480 4593 δαῖοι
535 4538 629 4594 εἴτ’
689 4540 780 4594 οὗν
839 4539 1074 4614 Κύπριοι
1160 4537 1536 4621 (διφοροῦνται
1621 4546 1747 4619 γὰρ,
1835 4541 1987 4608 ἔθνος

1459 352 2000 420 HISTORIABUM
2046 349 2615 417 COMPENDIUM.

312 480 558 568 στελέχει
647 494 827 571 φυτοῦ
892 490 1162 566 ἀνειμένῳ
1225 491 1736 567 παρεικασθήσεται,
1803 484 1980 543 ἐπιδι·

2097 487 2280 545 ramis
2338 485 2660 543 admodum
2741 483 3058 560 frugiferis.

3630 359 3747 422 102

3150 489 3283 546 Haec
3359 490 3603 563 quidem
3666 496 3743 551 iis

2094 577 2422 636 vaticinans
2498 575 2775 648 praedixit
2848 578 3134 636 Israelus.
3211 580 3530 652 Josephum
3608 601 3742 640 vero

2092 667 2426 740 impensius
2478 666 2764 722 dilectum
2846 667 3369 725 excellentioribus
3442 672 3744 729 felicitatis

2094 755 2649 813 denuntiationibus
2681 760 2770 812 est
2798 763 3168 828 prosecutus,
3202 781 3231 809 «
3272 762 3583 832 Iosephus,
3639 766 3742 831 ait,

2094 846 2251 903 filius
2310 847 2680 902 incrementa
2734 846 2874 901 fecit
2916 846 3224 919 gloriaque
3274 856 3365 905 est
3408 852 3741 922 praeditus:

2094 952 2273 1006 quam
2328 935 2743 1006 suscipiendus
2800 941 2890 990 est
2942 936 3103 994 filius
3149 955 3320 994 meus
3369 940 3598 1011 junior.
3648 944 3742 998 Jo-

2094 1026 2298 1097 sephe,
2357 1024 2433 1080 ad
2464 1041 2558 1080 me
2589 1032 2903 1094 revertere,
2946 1027 3020 1081 ad
3053 1044 3148 1082 me
3177 1034 3406 1099 patrem
3440 1036 3627 1087 tuum.
3661 1034 3741 1087 De

2093 1120 2308 1170 caetero
2343 1130 2482 1170 cave
2534 1113 2608 1169 ad
2640 1114 3014 1171 Pharaonem
3072 1122 3176 1172 aut
3233 1118 3305 1173 ad
3363 1119 3578 1191 impios
3643 1123 3739 1179 72

2093 1206 2390 1277 [Egyptios
2420 1204 2867 1272 revertaris,sed
2890 1205 2964 1261 ad
2986 1222 3081 1261 me
3104 1224 3171 1262 ac
3190 1210 3478 1281 majorem
3506 1217 3739 1269 tuorum

2093 1293 2376 1366 pietatem
2406 1299 2460 1349 te
2491 1294 2667 1349 refer.
2703 1294 2851 1349 Nam
2879 1295 3168 1368 sagittarii
3199 1303 3407 1353 contra
3438 1305 3492 1354 te
3553 1300 3743 1355 consi-

2093 1381 2241 1439 lium
2294 1383 2613 1448 iniverunt,
2674 1383 2994 1455 opprobria
3042 1386 3322 1457 jecerunt
3378 1404 3445 1443 ac
3494 1389 3741 1446 insidias

2096 1473 2498 1541 tetenderunt,
2536 1471 2848 1529 vulnerare
2906 1480 3244 1545 qumrentes
3276 1482 3334 1531 et
3379 1477 3737 1549 interficere,

2094 1562 2185 1617 vel
2212 1563 2388 1619 sicuti
2447 1562 2662 1619 fratres
2693 1563 2997 1634 quondam
3055 1564 3276 1622 invidia
3333 1568 3609 1639 permoti,
3651 1568 3744 1624 vel

2095 1651 2197 1707 alii
2221 1650 2333 1706 hoc
2356 1650 2638 1723 deinceps
2658 1650 2940 1708 adversus
2962 1660 3234 1724 posteros
3254 1659 3388 1712 tuos
3415 1656 3738 1713 audebunt.

2095 1740 2210 1797 Sed
2238 1756 2421 1795 manu
2452 1740 2713 1810 potentis
2739 1741 2859 1796 mei
2890 1741 3015 1805 Dei,
3036 1743 3136 1813 qui
3162 1744 3447 1800 Israelum
3481 1745 3740 1814 roborat,

2095 1845 2270 1885 arcus
2300 1845 2506 1883 eorum
2538 1828 2826 1884 confracti
2860 1835 2999 1885 sunt
3046 1832 3330 1903 nervique
3359 1834 3742 1891 brachiorum

2092 1934 2298 1973 eorum
2331 1918 2537 1973 luxati.
2572 1919 2647 1972 Te
2677 1924 2875 1973 autem
2906 1919 3060 1975 Deus
3090 1937 3260 1975 meus
3304 1921 3644 1978 caelestibus
3673 1942 3740 1979 ac

2092 2006 2473 2062 terrestribus
2505 2006 2681 2062 bonis
2711 2007 2924 2076 beavit,
2949 2008 3288 2065 caelestibus
3320 2012 3603 2069 virtutum
3635 2013 3739 2067 bo-

2089 2112 2303 2152 narum
2334 2096 2531 2164 donis,
2585 2098 2967 2153 terrestribus
2999 2099 3335 2171 omnigenis
3388 2100 3638 2172 opibus;
3671 2119 3739 2158 ac

2091 2191 2153 2242 tu
2187 2191 2428 2259 propter
2474 2187 2697 2244 faustas
2723 2188 2850 2259 jam
2892 2188 3031 2244 inde
3063 2188 3137 2244 ab
3170 2195 3338 2245 utero
3370 2197 3429 2246 et
3457 2190 3741 2247 uberibus

2089 2277 2299 2332 matris
2326 2282 2442 2334 tua:
2475 2279 3006 2348 comprecationes,
3040 2283 3398 2352 propterque
3430 2281 3614 2351 patris
3656 2282 3739 2338 tui

2088 2365 2162 2421 ab
2193 2366 2437 2423 ineunte
2468 2370 2571 2422 tua
2600 2371 2773 2422 astate
2804 2366 3100 2424 desideria
3121 2375 3298 2439 atque
3330 2368 3738 2439 dilectionem,

2089 2455 2451 2527 prmvaluisti
2484 2456 2796 2529 factusque
2829 2472 2891 2513 es
2922 2462 3136 2529 potens
3167 2475 3346 2529 supra
3377 2461 3738 2531 prosperita-

2089 2549 2209 2600 tem
2237 2547 2532 2601 montium
2560 2546 3043 2617 permanentium
3069 2549 3307 2619 (nempe
3330 2566 3532 2621 regum
3562 2549 3736 2622 longo

2088 2636 2354 2705 tempore
2385 2633 2856 2706 imperantium),
2892 2632 2965 2690 et.
3002 2653 3182 2707 supra
3212 2637 3565 2708 cupiditates
3623 2639 3741 2694 col-

2089 2722 2233 2777 lium
2291 2729 2654 2780 eeternorum
2714 2726 2849 2797 (hoc
2905 2731 2996 2780 est
3048 2727 3387 2798 principum
3454 2745 3738 2800 prospere

2088 2812 2329 2886 longam
2390 2820 2628 2870 aetatem
2710 2816 3036 2889 agentium)
3096 2834 3305 2873 omnes
3380 2819 3735 2874 excelluisti.

2088 2904 2280 2972 Atque
2334 2904 2481 2970 hmo,
2543 2904 2759 2975 inquit,
2817 2905 3009 2961 fausta
3059 2907 3397 2963 redundent
3448 2908 3508 2962 in
3563 2915 3740 2981 caput

2086 2992 2325 3064 Josephi
2357 2998 2415 3049 et
2434 2993 2494 3049 in
2516 2995 2795 3050 verticem
2824 2994 3077 3051 fratrum
3106 3013 3360 3068 quorum
3383 2998 3508 3070 ipse
3534 2999 3744 3054 ductor

2090 3086 2198 3136 est.
2233 3082 2621 3154 Benjaminus
2652 3089 2853 3139 autem
2882 3084 3055 3156 lupus
3087 3092 3177 3141 est
3208 3093 3446 3158 raptor:
3496 3090 3703 3145 matuti
3724 3120 3739 3128 -

2089 3186 2234 3227 num
2264 3171 2391 3243 ipse
2421 3171 2648 3228 vorabit
2671 3175 3096 3245 etvespertinas
3113 3176 3376 3246 praedam
3400 3176 3738 3249 distribuet.

2006 3247 2050 3315 C
2088 3262 2171 3316 Ac
2202 3259 2313 3317 tale
2348 3261 2655 3334 quidpiam
2689 3262 2867 3318 tribui
2900 3265 3301 3336 Benjamineaa
3331 3267 3550 3322 evenit.

2161 3367 2483 3423 Sciendum
2536 3374 2736 3424 autem
2772 3375 2880 3437 est,
2935 3369 2982 3424 si
3018 3371 3151 3442 quis
3204 3371 3507 3427 obstinato
3538 3374 3740 3428 animo

2091 3462 2318 3527 peccat,
2349 3458 2535 3514 Deum
2562 3464 2798 3515 tentans
2831 3458 3008 3514 veluti
3038 3460 3226 3516 malos
3259 3460 3563 3533 suppliciis
3620 3479 3743 3517 non

2091 3547 2468 3615 atl‘ecturum,
2529 3564 2665 3603 cum
2722 3565 2919 3620 neque
2991 3550 3467 3621 resipiscentiam
3548 3568 3743 3622 neque

2090 3637 2323 3691 veniam
2358 3638 2834 3709 consequi,quod
2865 3644 2929 3693 ut
2961 3639 3021 3694 in
3052 3639 3186 3695 aliis
3219 3641 3422 3697 multis
3453 3647 3512 3697 et
3541 3642 3604 3698 in
3631 3643 3743 3697 hoc

2092 3726 2366 3797 apparuit
2388 3727 2697 3783 Pharaone
2723 3745 2737 3793 ;
2762 3729 3023 3800 itemque
3048 3729 3097 3784 si
3129 3730 3262 3801 quis
3283 3732 3440 3801 apud
3470 3732 3739 3787 animum

2093 3831 2267 3870 suum
2292 3814 2453 3871 dicat
2476 3833 2488 3869 :
2512 3832 2540 3863 α
2569 3816 2908 3871 Clementer
2936 3834 3169 3873 mecum
3202 3821 3535 3892 agaturﬂ!
3556 3820 3742 3877 vivam

2091 3903 2425 3960 secundum
2456 3905 2642 3960 animi
2673 3906 2788 3961 mei
2820 3906 2983 3977 pravi
3005 3906 3245 3973 dictata,
3278 3914 3338 3963 et
3366 3908 3549 3965 multo
3609 3916 3743 3982 post

2096 3997 2362 4066 tempore
2395 3995 2638 4050 tandem
2698 3996 3066 4068 resipiscam,
3104 4019 3132 4047 »
3165 3999 3361 4070 qualis
3405 3998 3518 4054 fuit
3561 4002 3743 4056 Amos

2095 4084 2378 4139 Manassae
2412 4084 2592 4152 illius,
2626 4101 2805 4155 quem
2837 4092 3153 4157 propterea
3184 4088 3363 4143 etiam
3404 4089 3559 4144 Deus
3589 4090 3744 4147 cele-

2094 4173 2241 4229 riter
2270 4171 2549 4245 perdidit.

2168 4273 2563 4328 Geometriam
2596 4273 2773 4344 primi
2804 4274 3053 4347 Egyptii
3086 4276 3462 4345 invenerunt,
3490 4277 3747 4333 astrolo-

2094 4362 2250 4431 giam
2293 4366 2351 4416 et
2378 4362 2785 4418 natalitiorum
2816 4364 3180 4435 judiciornm
3213 4372 3402 4421 artem
3462 4367 3744 4433 Chaldmi,

2097 4451 2501 4523 auspiciorum
2555 4451 2774 4507 Arabes
2824 4458 2883 4507 et
2938 4454 3220 4527 Phryges.
3280 4455 3399 4510 Diis
3443 4457 3742 4512 scriticare

2098 4539 2357 4598 Chaldaei
2391 4540 2800 4606 instituerunt,
2852 4542 2970 4597 sive
3002 4544 3222 4615 Cyprii,
3272 4561 3416 4617 gens
3464 4545 3745 4611 Persica;

326 4628 598 4703 Περσικὸν
687 4627 886 4699 ὄντες),
956 4628 1321 4704 ἀστρονομίαν
1380 4618 1444 4686 δὲ¹
1495 4626 1842 4688 Βαϐυλώνιοι
1899 4630 1980 4688 διὰ

2099 4628 2527 4685 astronomiam
2560 4628 2869 4701 Babylonii
2892 4637 3133 4687 auctore
3168 4635 3509 4688 Zoroastre:
3544 4634 3617 4689 ab
3651 4634 3743 4689 his

325 4717 712 4793 Ζωροάστρου,
770 4718 821 4789 ἐξ
880 4716 955 4773 ὧν
1008 4715 1322 4795 παρέλαϐον
1381 4720 1701 4795 Αἰγύπτιοι,
1760 4724 1985 4799 μαγείαν

327 4803 506 4861 δὶκαὶ
535 4808 789 4880 γοητείαν
829 4808 923 4863 καὶ
981 4807 1319 4886 φαρμακείαν
1373 4806 1557 4878 Μῆδοι
1614 4812 1704 4866 καὶ
1764 4810 1981 4887 Πέρσαι.

321 4896 487 4952 Ἐστι
548 4891 607 4951 δὶ
671 4898 874 4971 μαγεία
929 4898 1022 4971 μὲν
1081 4896 1373 4970 ἐπίκλησις
1447 4895 1724 4974 δαιμόνων
1785 4900 1986 4977 ἀγαθο-

324 4988 505 5039 ποιῶν
571 4982 729 5051 δῆθεν
795 4985 931 5061 πρὸς
988 4987 1190 5061 ἀγαθοῦ
1245 5008 1394 5050 τινος
1461 4989 1736 5059 σύστασιν,
1804 4988 1986 5066 ὥσπερ

320 5072 393 5128 τὰ
419 5072 519 5129 τοῦ
566 5075 819 5137 Τυανέως
874 5074 1284 5133 Ἀπολλωνίου·
1342 5077 1568 5153 γοητεία
1625 5076 1683 5134 δὲ
1737 5076 1985 5135 καλεῖται

324 5162 437 5218 ἀπὸ
476 5167 586 5218 τῶν
611 5163 755 5239 γόων
785 5165 877 5220 καὶ
910 5166 1124 5239 θρήνων
1154 5171 1263 5222 τῶν
1294 5167 1419 5243 περὶ
1456 5168 1585 5230 τοὺς
1627 5172 1832 5244 τάφους
1868 5173 1987 5232 τοῖς

318 5254 389 5308 τὰ
432 5253 661 5309 τοιαῦτα
718 5252 1103 5326 ἐπιτηδεύουσι
1159 5258 1487 5333 γινομένων·
1547 5257 1855 5335 φαρμακεία
1906 5255 1986 5327 δὲ,

318 5344 453 5423 ὅταν
539 5347 869 5403 συσκευασία
956 5347 1333 5426 θανατηφόροις
1418 5348 1455 5423 ᾖ
1536 5350 1673 5425 πρὸς
1755 5349 1984 5428 φίλτρον

318 5429 542 5488 δοθεῖσα
573 5455 679 5489 τινι
711 5432 804 5490 διὰ
834 5438 934 5489 τοῦ
974 5436 1268 5509 στόματος.

394 5522 588 5578 Ἰστέον
632 5524 717 5579 δτι
778 5523 844 5578 τὸ
904 5524 1109 5598 Φαραὼ
1163 5524 1342 5580 κοινὸν
1393 5523 1572 5598 ὖνομα
1628 5526 1841 5581 πάντων
1876 5529 1984 5582 τῶν

317 5610 596 5687 Αἰγύπτου
631 5613 915 5691 βασιλέων
948 5609 1115 5684 ἐστὶν,
1176 5613 1281 5669 ἀπὸ
1332 5617 1429 5669 τοῦ
1478 5615 1702 5690 πρώτου
1760 5616 1984 5691 Φαραὼ,

318 5700 489 5783 ὥσπερ
546 5706 633 5763 καὶ
698 5702 1049 5777 Πτολεμαῖοι
1103 5703 1351 5780 ὕστερον,
1416 5704 1506 5759 καὶ
1564 5700 1872 5780 Αύγουστοι
1931 5707 1984 5762 οἱ

2097 4717 2343 4790 Egyptii
2396 4724 2774 4789 acceperunt.
2827 4720 3095 4791 Magiam,
3128 4722 3385 4793 goetiam
3436 4728 3495 4776 et
3536 4724 3750 4778 veneti-

2098 4806 2256 4861 cium
2286 4806 2437 4863 Medi
2470 4811 2530 4862 et
2558 4808 2773 4862 Persae.
2833 4812 2934 4862 Est
2991 4815 3189 4865 autem
3223 4812 3414 4884 magia
3455 4811 3746 4868 invocatio

2099 4895 2439 4951 daemonum
2468 4895 2896 4965 beneficorum,
2929 4897 3069 4953 boni
3102 4899 3358 4972 alicujus
3388 4901 3747 4956 conciliandi

2097 4985 2306 5057 gratia,
2325 4984 2518 5056 qualis
2545 4985 2821 5057 Apolonii
2838 4987 3052 5057 Tyanei
3080 5004 3092 5052 ;
3117 4990 3309 5062 goetia
3326 4988 3399 5045 ab
3423 4990 3746 5062 ejulatibus

2103 5078 2162 5128 et
2218 5072 2476 5128 luctibus
2533 5088 2755 5128 nomen
2814 5072 3063 5143 habens,
3121 5092 3271 5147 quos
3326 5076 3400 5132 ad
3476 5076 3750 5147 sepulcra

2100 5167 2383 5217 exercent
2413 5162 2512 5233 qui
2556 5162 2670 5218 ista
2728 5167 3008 5218 tractant.
3046 5165 3409 5220 Veneﬁcium
3443 5170 3551 5234 est,
3614 5182 3749 5221 cum

2098 5268 2206 5323 per
2235 5266 2300 5307 os
2331 5251 2509 5307 alicui
2542 5251 2834 5323 ingeritur
2866 5258 3193 5325 temperata
3223 5253 3420 5308 letalis
3450 5258 3553 5309 aut
3583 5269 3751 5310 ama-

2100 5340 2256 5395 toria
2284 5340 2469 5412 potio.

2169 5525 2497 5582 Pharaonis
2527 5543 2747 5584 nomen
2779 5531 3042 5585 omnium
3089 5533 3313 5606 Egypti
3348 5549 3551 5605 regum
3585 5550 3750 5590 com-

2100 5631 2280 5671 mune
2312 5621 2463 5682 est,a
2492 5617 2683 5688 primo
2716 5618 3203 5683 Pharaonesicut
3230 5623 3409 5677 etiam
3442 5623 3746 5680 Ptolemaei

2098 5723 2167 5763 ac
2196 5707 2444 5778 Augusti
2491 5708 2894 5765 Romanorum
2925 5726 3095 5784 reges
3147 5711 3220 5767 ab
3269 5718 3531 5787 Augusto
3561 5714 3744 5771 deno-
