4118 6416
415 296 531 358 103

1736 288 2054 367 GEORGII
2098 288 2443 367 CEDBENI

3715 311 3838 391 10,4

406 430 617 486 minati
651 429 1035 491 sunt.Habuit
1062 434 1261 486 autem
1293 430 1471 486 etiam
1502 426 1807 501 proprium
1839 441 2049 481 nomen

2179 435 2428 513 βασιλεῖς
2474 434 2768 511 Ῥωμαίων
2823 434 2931 493 ἀπὸ
2985 440 3085 492 τοῦ
3142 437 3457 516 Αὐγούστου
3508 439 3833 518 ἐκαλοῦντο.

405 520 643 591 quivis:
703 526 881 593 atque
940 521 1080 577 huic
1133 520 1428 576 obstinato
1486 515 1779 574 Pharaoni
1835 531 2054 573 nomen

397 610 582 666 fuisse
624 611 956 665 Petissonio
984 611 1228 681 antiquo
1259 606 1711 681 perhibent.Qui
1745 621 1879 661 cum
1913 604 2055 659 divi-

400 701 563 756 nitus
595 702 882 755 immissis
914 701 1354 757 calamitatibus
1385 704 1544 754 esset
1590 698 2052 763 circumventus,

401 788 475 844 ad
499 790 702 845 nobile
726 791 1032 846 oraculum
1065 789 1219 862 quod
1246 787 1498 860 Memphi
1525 791 1653 842 erat
1675 803 1735 841 se
1759 784 2050 841 contulit:

404 880 705 951 sacrisque
737 886 1013 951 operatus
1039 896 1073 934 a
1118 880 1214 934 74
1248 877 1457 950 Pythia
1487 875 1793 932 contendit
1823 874 1908 929 uti
1940 871 2052 928 sibi

404 974 726 1039 exponeret
773 968 905 1039 quis
938 967 1186 1038 primus,
1244 967 1322 1021 sit
1347 971 1525 1038 atque
1584 980 1837 1038 magnus
1893 967 2051 1017 Deus

400 1056 624 1113 Israeli.
656 1060 735 1112 Ac
768 1057 967 1111 statim
999 1055 1051 1110 ei
1078 1055 1191 1110 hoc
1221 1060 1311 1110 est
1352 1054 1594 1110 oraculo
1644 1067 1997 1126 responsum
2034 1065 2047 1103 :

398 1147 445 1199 A
474 1162 669 1214 magno
695 1151 961 1200 aeternum
990 1146 1266 1201 descendit
1297 1145 1505 1199 Numen
1537 1143 1793 1213 Olympo,

400 1237 572 1289 Morte
603 1250 789 1289 carens
820 1232 987 1303 ignis,
1021 1236 1247 1302 ﬂamma
1275 1232 1652 1303 splendentior
1682 1232 1850 1285 omni.

396 1325 554 1379 Hunc
587 1324 781 1378 caelum
813 1323 1080 1395 tellusque
1110 1323 1297 1377 tremit
1324 1323 1667 1392 pelagusque
1681 1319 2052 1391 profundum,

401 1414 649 1482 Quosque
679 1414 847 1468 Orcus
875 1412 1054 1480 fundo
1085 1412 1375 1482 compescit
1405 1412 1689 1466 daemonas
1718 1412 1851 1463 imo.

398 1504 504 1561 Hic
528 1501 777 1571 genitore
805 1517 996 1556 carens
1027 1503 1166 1556 Deus
1191 1507 1288 1568 est,
1317 1502 1467 1555 Patm
1514 1516 1654 1555 unus
1684 1506 1736 1553 et
1764 1500 1910 1553 idem

398 1592 594 1660 Filius,
626 1598 795 1662 atque
822 1607 963 1645 unus
997 1590 1209 1660 triplici
1234 1590 1330 1645 sub
1362 1591 1581 1644 nomine
1600 1588 1763 1658 felix,

397 1678 618 1750 Eavigua
649 1680 913 1749 angelica
942 1695 1033 1734 vos
1060 1694 1194 1749 pars
1223 1684 1396 1749 quota
1426 1676 1659 1732 naturai
1679 1679 1707 1729 ?

395 1769 495 1823 His
526 1776 585 1822 tu
609 1770 886 1839 perceptis
916 1770 1117 1822 tacitus
1148 1768 1382 1822 discede.

398 1856 528 1911 Haec
563 1873 697 1911 cum
729 1856 1052 1912 audivisset
1082 1856 1335 1924 Pharao,
1358 1856 1559 1911 statim
1591 1853 1804 1927 lapidea
1835 1853 2052 1909 tabula:

398 1963 468 2001 ea
508 1946 685 2001 verba
726 1947 909 2019 jussit
962 1945 1252 2011 inscribi;
1312 1950 1665 2017 exstautque
1728 1943 1961 2017 sculpta
1990 1943 2053 1997 in

395 2037 774 2108 Memphitico
799 2036 1191 2108 templo,lude
1215 2035 1516 2112 digressus
1546 2034 1744 2089 statim
1764 2028 2053 2105 populum

392 2124 704 2181 Iudaicum
734 2125 983 2179 dimisit.

464 2224 549 2279 Ab
582 2223 807 2280 Adamo
839 2239 1029 2295 usque
1047 2223 1120 2285 ad
1142 2228 1400 2281 mortem
1423 2221 1665 2294 Josephi
1685 2226 1889 2293 estates
1913 2225 2052 2277 sunt

393 2314 484 2381 23,
516 2314 659 2369 anni
691 2314 852 2368 3672.

465 2413 652 2468 Moses
667 2411 845 2467 etiam
869 2410 1143 2466 Admosis
1162 2416 1338 2482 atque
1358 2410 1499 2467 Teth
1510 2410 1691 2469 mosis
1713 2409 2048 2482 appellatus

392 2499 855 2568 fuit,Abrahami
888 2500 1049 2556 ﬁlius
1081 2516 1266 2572 nepos
1298 2500 1535 2572 Cagathi
1569 2499 1670 2570 qui
1704 2499 1865 2554 Levis
1888 2498 2047 2555 filius

392 2588 765 2645 fuit.Etenim
800 2588 962 2644 Levis
983 2589 1300 2661 progenuit
1322 2588 1771 2661 Cagathathum,
1788 2589 1837 2642 is
1860 2588 2044 2643 Abra-

396 2679 661 2734 hamum.
699 2679 799 2734 Hic
816 2677 1209 2733 Jochabedam
1230 2678 1379 2749 patri
1405 2678 1494 2732 sui
1521 2676 1705 2733 filiam
1733 2676 1921 2740 duxit,
1955 2682 2042 2735 at-

390 2785 504 2839 que
538 2785 608 2824 ex
638 2786 707 2823 ea
738 2769 997 2840 primum
1028 2766 1568 2834 Aaronem,deinde
1600 2768 1844 2835 Mosem,
1868 2767 2044 2822 tertio

391 2858 605 2912 horum
648 2873 911 2912 sororem
943 2858 1183 2912 Mariam
1218 2856 1712 2927 procreavit.Fuit
1737 2861 1935 2912 autem
1971 2857 2043 2912 de

391 2948 573 3019 stirpe
606 2947 859 3002 Levitica
891 2947 1305 3016 Moses,itaque
1339 2945 1398 3000 in
1426 2947 1773 3016 posteritate
1803 2947 2041 3018 Josephi

391 3053 513 3092 non
540 3042 904 3092 recensetur.
938 3036 1021 3091 Ab
1049 3036 1289 3107 Josephi
1324 3053 1498 3108 porro
1527 3041 1715 3091 morte
1748 3052 1938 3107 usque
1969 3034 2044 3093 ad

2167 525 2313 599 ’[δίῳ
2341 523 2398 581 δὲ
2429 525 2659 601 ὀνόματι
2696 524 2921 589 ἕκαστος
2979 525 3212 603 ἐχρῆτο,
3257 527 3439 598 ὥσπερ
3470 531 3563 585 καὶ
3590 531 3618 585 ὁ
3650 530 3825 605 σκλη-

2163 613 2452 691 ροκάρδιος
2476 613 2633 677 οὗτος
2686 616 2890 692 Φαραὼ
2933 616 3318 688 Πετισσώνιος,
3374 618 3449 680 ὡς
3509 620 3823 696 ἱστοροῦσιν

2161 706 2212 760 οἱ
2239 702 2494 772 παλαιοὶ,
2529 702 2652 777 ῗδίῳ
2694 704 2977 781 ὠνόμαστι
3035 704 3291 780 ὀνόματι,
3353 706 3411 769 ὅς
3446 708 3550 763 ὑπὸ
3606 714 3713 764 τῶν
3745 713 3835 766 θε-

2162 789 2385 862 ηλάτων
2418 790 2651 866 πληγῶν
2692 793 3214 867 περιστατοὺμενος,
3275 793 3352 856 εἷς
3409 794 3473 849 τὸ
3497 792 3831 871 περιϐόητον

2158 883 2214 936 ἐν
2249 881 2467 960 Μέμφει
2502 886 2752 956 μαντεῖον
2803 883 3095 956 γενόμενος
3144 882 3234 938 καὶ
3290 885 3570 958 θυσιάσας,
3602 886 3834 952 ἒπύθετο

2161 972 2307 1045 παρᾶ
2334 977 2435 1041 τῆς
2465 970 2664 1033 Πυθίας
2725 970 2869 1026 οὕτω
2936 971 3178 1049 φάσκων
3241 997 3268 1024 ‹‹
3332 974 3643 1047 Σαφήνισὸν
3708 997 3833 1055 μοι,

2156 1059 2237 1121 τίς
2287 1058 2399 1115 ἔστι
2455 1064 2677 1133 πρῶτος
2736 1060 2890 1134 ὑμῶν
2980 1060 3072 1117 καὶ
3129 1060 3299 1136 μέγας
3377 1063 3507 1126 Θεὸς
3567 1067 3679 1138 (4-8)
3725 1070 3831 1121 τοῦ

2156 1147 2403 1226 Ἰσραήλ.
2465 1172 2494 1202 ››
2548 1148 2645 1203 Καὶ
2729 1147 2885 1208 εὐθὺς
2951 1148 3319 1229 ἀπεφθέγξατο
3389 1150 3828 1229 χρησμολογοῦν

2158 1242 2304 1296 οὕτω
2346 1241 2408 1295 τὸ
2466 1244 2699 1315 πνεῦμα*
2737 1267 2763 1292 ‹‹
2835 1243 2985 1298 Ἐστι
3045 1245 3166 1298 κατ’
3242 1242 3474 1320 οὐρανοῦ
3557 1243 3829 1322 μεγάλοιο

2161 1324 2421 1407 βεϐηκὸς,
2454 1329 2662 1409 φλογὸς
2696 1324 3067 1406 ὑπερϐάλλον,
3101 1329 3337 1407 αἴθριον,
3378 1332 3587 1405 ἀέναον,
3623 1333 3838 1399 ἀθάνα-

2156 1438 2313 1473 νατον
2346 1416 2522 1493 πῦρ,δ
2544 1416 2731 1493 τρέμει
2762 1422 2890 1485 πᾶν,
2924 1418 3171 1492 οὐρανὸς,
3194 1420 3327 1493 γαῖά
3355 1441 3413 1475 τε
3435 1419 3524 1475 καὶ
3558 1419 3833 1493 θάλασσα,

2157 1508 2437 1581 ταρτάριοι
2475 1507 2659 1581 βύθιοί
2690 1527 2748 1562 τε
2778 1503 3034 1581 δαίμονες
3097 1506 3417 1586 ἐῤῥίγησαν.
3479 1509 3657 1574 Οὗτος
3691 1511 3831 1575 Θεὸς

2158 1598 2404 1672 ἀπάτωρ,
2439 1597 2789 1672 αὐτοπάτωρ,
2821 1598 3003 1671 πατὴρ
3033 1597 3153 1655 υἱὸς
3180 1598 3341 1662 αὐτὸς
3379 1599 3574 1655 ἑαυτοῦ
3604 1598 3834 1675 τρισόλ-

2159 1682 2298 1747 ϐιος.
2334 1684 2426 1747 Εἷς
2464 1685 2656 1761 μικρὸν
2700 1683 2756 1740 δὲ
2818 1685 2982 1762 μέρος
3041 1685 3287 1761 ἀγγέλων
3326 1688 3484 1762 ὑμεῖς
3515 1688 3559 1745 ⁸.
3618 1690 3832 1747 Μαθὼν

2084 1790 2130 1855 Β
2163 1777 2314 1839 ἄπιθι
2349 1779 2543 1852 σιγῶν.
2582 1798 2608 1825 ››
2638 1774 2828 1837 Οῧτως
2879 1775 3115 1840 ἀκούσας
3145 1777 3349 1853 Φαραὼ
3407 1777 3602 1833 αὐτίκα
3654 1777 3837 1834 πλακὶ

2165 1863 2348 1939 λιθίνῃ
2382 1870 2655 1942 γραφῆναι
2683 1868 2853 1919 ταῦτα
2886 1862 3096 1919 κελεύει
3125 1866 3190 1919 τὰ
3230 1865 3473 1938 ῥήματα·
3532 1866 3620 1921 καὶ
3682 1863 3834 1921 ἔστιν

2162 1956 2276 2011 ἒκεῖ
2307 1953 2664 2035 γεγλυμμένα
2694 1956 2749 2011 ἓν
2785 1959 2865 2027 τῷ
2895 1956 3029 2027 ἱερῷ
3067 1956 3121 2010 ἒν
3175 1954 3417 2033 Μέμφει.
3460 1956 3696 2025 Ἐκεῖθεν
3727 1979 3837 2012 κα-

2160 2038 2328 2104 ταϐὰς
2363 2039 2600 2097 ἀπέλυσε
2630 2048 2977 2120 παραχρῆμα
3006 2043 3097 2096 τὸν
3131 2040 3283 2100 λαόν.

2232 2230 2356 2287 Ὅτι
2389 2228 2494 2287 ἀπὸ
2528 2226 2708 2303 Ἀδὰμ
2735 2225 2841 2292 ἕως
2870 2236 2972 2300 τῆς
3001 2227 3261 2302 τελευτῆς
3292 2235 3390 2287 τοῦ
3422 2231 3626 2310 Ἰωσὴφ
3659 2252 3830 2310 γενεα

2160 2319 2261 2396 κγ’,
2293 2312 2411 2390 ἔτη,
2441 2319 2627 2395 γχοβ’.

2229 2411 2356 2465 Ὀτι
2396 2414 2636 2478 Μωυσῆς
2693 2408 2783 2463 καὶ
2844 2405 3126 2483 ’Λδμωσις
3183 2411 3271 2464 καὶ
3325 2410 3616 2485 Τεθμωσις
3684 2408 3833 2465 ὠνο-

2164 2500 2386 2573 μάζετο,
2419 2498 2534 2557 υίὸς
2566 2492 2836 2572 Ἀϐραὰμ,
2894 2495 3119 2575 ἔγγονος
3179 2498 3360 2574 Καγᾶθ
3422 2499 3542 2554 υἱοῦ
3602 2500 3817 2569 Λευῒ,δ

2156 2587 2258 2662 γὰρ
2292 2587 2421 2642 Λευὶ
2446 2583 2697 2662 ἐγέννησε
2726 2586 2815 2641 τὸν
2854 2587 3134 2663 Καγαθὰθ,
3178 2588 3206 2642 ὁ
3266 2584 3323 2642 δὲ
3378 2588 3470 2642 τὸν
3540 2580 3829 2663 Ἀϐραάμο

2157 2679 2220 2735 Ὁ
2246 2675 2304 2732 δὲ
2333 2678 2432 2746 τὴν
2485 2671 2739 2755 Ἰοχαϐὲδ
2787 2680 2886 2732 τοῦ
2945 2674 3187 2754 ἀδελφοῦ
3244 2682 3345 2732 τοῦ
3394 2678 3599 2753 πατρὸς
3647 2678 3827 2735 αὑτοῦ

2157 2761 2342 2822 λαϐὼν
2444 2770 2674 2843 γυναῖκα
2754 2765 3009 2843 ἒγέννησε
3075 2771 3293 2839 πρῶτον
3393 2768 3485 2823 τὸν
3572 2769 3822 2844 Ἀαρὼν,

2156 2857 2267 2911 εἶτα
2298 2858 2384 2929 [Ρ.
2419 2855 2509 2928 42]
2562 2861 2799 2925 Μωϋσῆν
2851 2856 2941 2910 καὶ
3000 2857 3100 2927 τήν
3157 2852 3401 2932 ἀδελφὴν
3460 2856 3636 2912 αὐτῶν
3697 2858 3823 2914 Μα-

2156 2945 2311 3019 ριάμ.
2346 2946 2443 3000 Ἐκ
2473 2942 2653 3022 φυλῆς
2681 2941 2740 2998 δὲ
2772 2942 2902 2998 Λευΐ
2933 2945 2998 3014 ἦν
3024 2949 3289 3017 Μωυσῆς,
3353 2945 3444 3000 καὶ
3504 2943 3593 3000 διὰ
3647 2950 3822 3002 τοῦτο

2154 3033 2217 3088 οὐ
2260 3032 2666 3110 γενεαλογεῖται
2698 3034 2834 3107 μετὰ
2864 3035 3092 3112 Ἰωσήφ.
3126 3039 3216 3089 Ξε¹
3276 3031 3333 3089 δὲ
3390 3029 3483 3105 ἔτη
3519 3034 3651 3089 εἰσὶν
3709 3036 3826 3092 ἀπὸ

394 3124 626 3180 natales
658 3124 832 3181 Mosis
865 3123 1006 3184 anni
1040 3130 1178 3189 sunt
1206 3125 1271 3177 65
1299 3141 1311 3177 :
1373 3124 1633 3195 annique
1667 3124 1764 3178 isti
1813 3125 1918 3179 430
1967 3124 2041 3183 ab

2162 3131 2256 3194 τῆς
2343 3123 2604 3192 τελευτῆς
2662 3124 2865 3200 Ἰωσὴφ
2950 3120 3055 3185 ἓως
3124 3125 3426 3199 γεννήσεως
3515 3126 3827 3195 Μωϋσέως.

394 3232 551 3270 anno
584 3219 649 3270 75
668 3215 988 3273 Abrahami
1022 3231 1210 3286 usque
1236 3215 1308 3277 ad
1332 3217 1590 3286 primum
1623 3231 1844 3271 annum
1870 3214 2044 3273 Mosis

2162 3210 2260 3268 Καὶ
2321 3208 2633 3284 πληροῦται
2696 3211 2763 3264 τὰ
2810 3209 3133 3284 τετρακόσια
3196 3210 3489 3285 τριάκοντα
3563 3207 3655 3281 ἔτη
3710 3211 3828 3268 ἀπὸ

394 3305 854 3377 complentur.Si
890 3322 1027 3361 vero
1059 3304 1526 3377 quadringentos
1558 3310 1785 3360 tantum
1805 3305 2045 3377 quaeris,

392 3413 493 3452 eos
526 3396 620 3453 75
660 3396 933 3450 invenios
966 3395 1379 3450 numeratione
1413 3413 1444 3449 ο
1477 3395 1803 3450 centesimo
1862 3394 2043 3449 Abra-

392 3484 554 3539 hami
588 3501 746 3539 anno
794 3485 961 3539 inita.
1006 3486 1208 3538 Annos
1259 3483 1418 3538 enim
1471 3483 1771 3540 servitutis
1804 3483 2045 3557 quidam

402 3575 469 3627 45
503 3579 825 3645 supputant
855 3590 890 3628 a
920 3578 1109 3627 morte
1134 3574 1371 3644 Josephi
1403 3589 1592 3645 usque
1622 3571 1697 3627 ad
1726 3575 1788 3626 81
1851 3574 2049 3629 Mosis.

404 3663 590 3718 Aiunt
620 3664 840 3729 Mosen,
873 3679 1007 3717 cum
1042 3668 1197 3717 esset
1226 3663 1286 3716 in
1317 3663 1510 3717 lucem
1543 3662 1759 3731 editus,
1802 3679 1836 3717 a
1884 3668 2050 3733 patre

398 3750 583 3806 fuisse
625 3750 934 3805 Melchiam
965 3751 1339 3806 nominatum
1368 3768 1381 3818 ;
1416 3767 1547 3821 quae
1580 3768 1686 3806 vox
1715 3767 1914 3821 regem
1970 3751 2051 3805 si-

398 3840 660 3915 gniﬁcat.
695 3840 869 3895 Mosis
901 3856 1035 3896 vero
1068 3857 1289 3895 nomen
1322 3846 1526 3912 postea
1557 3841 1609 3895 ei
1665 3840 1916 3895 inditum
1976 3839 2048 3895 ab

402 3930 594 4001 aquis,
626 3946 816 4001 eoque
838 3930 1128 3985 miracula
1149 3930 1208 3983 in
1234 3930 1428 3985 Rubro
1449 3930 1599 3985 mari
1631 3930 1943 4002 postmodo
1976 3929 2049 3985 ab

399 4018 528 4089 ipso
559 4018 719 4074 edita
747 4017 929 4074 fuisse
959 4021 1509 4090 prtemonstrataEt
1541 4019 1694 4091 patri
1740 4019 1950 4092 ipsius,
1983 4023 2051 4075 ut

399 4112 527 4162 erat
555 4108 731 4161 homo
766 4107 883 4162 Deo
916 4113 1366 4179 acceptus,quae
1398 4109 1469 4163 de
1500 4125 1685 4179 puero
1718 4108 1917 4162 futura
1946 4124 2047 4165 es-

398 4202 529 4252 sent
555 4197 757 4251 omnia
787 4203 925 4251 sunt
947 4197 1229 4253 divinitus
1250 4197 1563 4269 patefacta.
1588 4198 1899 4252 Enimvero
1922 4214 2048 4252 om-

393 4303 528 4342 nem
544 4285 924 4341 Hebrzeorum
943 4287 1268 4342 masculam
1283 4286 1508 4359 prolem
1521 4287 2052 4358 interficijusserat

395 4375 813 4446 Pharao,quod
847 4376 918 4430 de
951 4376 1167 4448 insigni
1195 4376 1451 4447 quodam
1478 4391 1780 4432 sacrarum
1808 4375 2051 4430 Littera-

394 4482 528 4520 rum
559 4465 748 4536 perito
782 4465 1106 4521 audivisset
1136 4467 1261 4522 lore
1312 4472 1377 4521 ut
1408 4466 1520 4521 isto
1567 4471 1836 4537 tempore
1869 4472 2046 4533 natus

2157 3305 2252 3356 τοῦ
2284 3302 2353 3355 σε’
2383 3297 2535 3365 ἔτους
2569 3293 2818 3375 Ἀϐραὰμ
2845 3295 2951 3363 ἓως
3007 3303 3105 3354 τοῦ
3158 3300 3380 3374 πρώτου
3438 3294 3592 3365 ἔτους
3645 3302 3830 3358 Μωϋ-

2159 3387 2411 3451 σέως,Εἶ
2461 3386 2519 3444 δὲ
2546 3388 2866 3463 τετρακόσια
2921 3387 3057 3462 μόνα
3106 3394 3312 3459 ζητεῖςς
3374 3389 3480 3445 ἀπὸ
3537 3393 3632 3444 τοῦ
3690 3391 3828 3445 ἑκα-

2156 3483 2356 3537 τοστοῦ
2422 3474 2574 3540 ἔτους
2642 3472 2893 3554 Ἀϐραὰμ
2948 3478 3258 3552 ἀριθμήσας
3331 3479 3606 3554 εὑρήσεις.
3663 3480 3826 3554 Ἀρι-

2158 3573 2424 3642 θμοῦνται
2493 3566 2595 3643 γάρ
2668 3568 2814 3642 παρά
2860 3588 3024 3622 τινων
3089 3567 3155 3622 τὰ
3230 3574 3331 3637 τῆς
3392 3565 3640 3631 δουλείας
3719 3565 3826 3641 ἔτη

2159 3663 2275 3733 ρμι¹
2332 3657 2438 3712 ἀπὸ
2521 3662 2622 3723 τῆς
2698 3655 2959 3726 τελευτῆς
3021 3656 3221 3732 Ἰωσὴφ
3300 3652 3406 3718 ἕως
3494 3657 3583 3711 πα¹
3658 3652 3829 3722 ἔτους

2157 3745 2453 3809 Μωϋσέως.
2491 3746 2722 3822 Λέγουσι
2756 3742 2818 3799 δὲ
2876 3746 2952 3806 ὡς
3007 3749 3107 3800 τοῦ
3151 3744 3429 3809 Μωυσέως
3458 3744 3826 3822 γεννηθέντος

2156 3834 2406 3912 Μελχίαν
2437 3836 2583 3911 παρά
2619 3839 2717 3890 τοῦ
2748 3835 2953 3910 πατρὸς
2984 3837 3282 3905 κληθῆναι,
3343 3835 3476 3909 ὅπερ
3533 3833 3646 3890 ἐστὶ
3711 3836 3824 3911 βα-

2158 3925 2363 3989 σιλεύς.
2415 3925 2485 3980 Τὸ
2545 3922 2602 3980 δὲ
2646 3923 2932 3987 καλεῖσθαι
2964 3925 3220 3994 Μωυσέα,
3278 3922 3328 3997 ἒξ
3382 3921 3594 3980 ὑδάτων
3650 3928 3825 3981 τοῦτο

2153 4014 2312 4086 ἒτέθη
2338 4014 2582 4091 1ὕστερον,
2612 4019 2978 4090 προϊστοροῦν
3036 4013 3101 4069 τὰ
3157 4013 3250 4068 ἐπὶ
3288 4020 3389 4084 τῆς
3450 4015 3712 4088 Ἐρυθρᾶς
3744 4009 3829 4069 δι’

2157 4108 2322 4161 αὐτοῦ
2362 4104 2627 4178 γενόμενα
2684 4102 2953 4177 θαύματα.
3018 4100 3295 4177 Θεοφιλὴς
3354 4099 3413 4157 δὲ
3470 4098 3542 4157 ὥν
3578 4103 3827 4178 ὁπατὴρ

2156 4195 2321 4249 αὐτοῦ
2374 4192 2763 4268 ἐχρηματίσθη
2826 4191 2891 4247 τά
2947 4194 3063 4247 κατ’
3123 4191 3284 4247 αὑτὸν
3341 4193 3573 4250 ἅπαντα.
3635 4193 3830 4248 Ἀναι-

2158 4285 2366 4356 ρεῖσθαι
2448 4280 2506 4337 δὶ
2563 4282 2863 4356 προσέταξε
2943 4281 3148 4355 Φαραὼ
3225 4282 3293 4336 τὰ
3376 4285 3487 4336 τῶν
3544 4275 3827 4353 Ἑϐραίων

2158 4371 2354 4447 apem
2383 4369 2559 4426 δεινοῦ
2614 4390 2766 4431 τινος
2824 4371 3314 4447 ἱερογραμματέως
3366 4369 3600 4432 ἀκούσας
3642 4368 3831 4445 πρόβ-

2162 4462 2348 4538 ῥησιν,
2376 4460 2625 4523 εἰπόντος
2658 4459 2742 4515 ὅτι
2786 4461 2849 4515 τὸ
2905 4460 3203 4536 γενόμενον
3262 4457 3478 4515 παιδίον
3531 4460 3712 4531 τούτῳ
3737 4462 3827 4531 τῷ

396 4570 547 4625 puer
567 4555 967 4626 Egypliorum
988 4572 1235 4628 regnum
1257 4555 1830 4611 aboleret.Muthidis
1854 4561 2049 4610 autem

2162 4536 2339 4625 ααιρῷ
2369 4552 2467 4621 τὴν
2492 4554 2602 4605 τῶν
2649 4538 2967 4627 Αἰγυπτίων
3022 4548 3204 4625 ἀρχὴν
3262 4548 3576 4605 καταλύσει.
3608 4547 3831 4603 M068;-

399 4644 728 4699 Pharaonis
761 4643 900 4712 filia,
935 4662 1067 4716 qua
1095 4652 1153 4699 et
1180 4646 1426 4701 Phareis
1457 4644 1697 4714 dicitur,
1730 4661 1862 4699 cum
1898 4651 2056 4700 esset

397 4734 793 4806 regina,hunc
824 4736 1043 4790 Mosem
1077 4752 1146 4791 ex
1174 4752 1327 4806 aqua
1358 4739 1691 4789 extractum
1719 4735 2053 4791 comitanti-

398 4825 511 4883 bus
533 4824 887 4880 mulieribus
912 4826 1251 4882 lactandum
1280 4826 1718 4898 prmbnit.Puer
1731 4841 1940 4882 omnes
1955 4843 2053 4883 eas

400 4921 703 4971 aversatus
733 4921 844 4971 est.
882 4916 963 4970 lbi
1021 4916 1201 4972 Maria
1260 4915 1425 4988 pueri
1470 4932 1658 4980 soror,
1721 4932 1854 4987 qua)
1914 4933 2052 4971 cum

402 5005 661 5061 Muthide
693 5006 927 5078 agebat,
961 5021 1264 5077 pueroque
1298 5006 1359 5061 in
1391 5021 1575 5076 aquas
1604 5002 1845 5077 abjecto‘
1876 5022 2057 5061 even-

399 5100 525 5150 tum
550 5094 1249 5166 speculabatur,matrem
1276 5111 1443 5150 suam
1464 5094 1855 5151 lochabedam
1876 5094 2053 5149 veluti

403 5185 661 5240 alienam
694 5189 884 5255 vocat,
915 5186 1088 5254 eique
1148 5184 1392 5259 prmmio
1445 5183 1741 5255 promisso
1803 5199 2054 5253 puerum

405 5272 781 5329 educandum
814 5273 1075 5328 mandat.
1111 5273 1295 5337 Quem
1330 5273 1609 5328 Muthidis
1632 5272 1904 5331 adultum
1935 5273 2052 5327 Mo-

404 5362 486 5416 sis
516 5363 759 5417 nomine
790 5363 1006 5433 affecit,
1031 5362 1192 5433 quod
1223 5378 1358 5417 eum
1390 5379 1461 5416 ex
1486 5378 1641 5432 aqua
1662 5361 2004 5416 sustulisset
2035 5376 2049 5419 :

2165 4638 2251 4703 δις
2300 4637 2358 4695 δὶ
2407 4642 2442 4709 ἡ
2502 4639 2746 4714 θυγάτηρ
2802 4640 3028 4714 Φαραὼ,
3087 4642 3122 4709 ἡ
3165 4639 3254 4693 καὶ
3313 4639 3549 4714 Φαρηῖς,
3595 4635 3830 4713 βασιλὶς

2164 4729 2318 4795 οὖσα,
2356 4733 2549 4784 τοῦτον
2582 4726 2886 4801 ἀνελομένη
2918 4732 3015 4782 τοῦ
3049 4725 3267 4799 ὕδατος,
3297 4732 3417 4788 ταῖς
3476 4746 3831 4802 συμπορευο-

2168 4818 2355 4892 μέναις
2428 4818 2637 4895 γυναιξὶ
2697 4822 2888 4873 τοῦτον
2940 4817 3199 4888 θηλάζειν
3284 4818 3595 4891 ἐπέτρεψεν.
3652 4814 3838 4881 Αὐτὸς

2164 4907 2221 4964 δὲ
2242 4908 2416 4970 πάσας
2448 4907 2788 4986 ἀπεστράφη.
2825 4907 3013 4981 Μαρία
3045 4904 3101 4961 δὲ
3131 4909 3166 4976 ἡ
3228 4904 3427 4961 τούτου
3483 4901 3696 4979 ἀδελφὴ
3751 4907 3829 4977 τῇ

2164 4994 2399 5055 Μοὺθιδι
2434 5001 2685 5066 συνοῦσα,
2717 4996 2842 5067 ἥτις
2883 4998 2972 5051 καὶ
3032 4995 3279 5074 ῥιφέντος
3335 4993 3616 5055 Μωυσέως
3675 4991 3831 5048 ἐσκό-

2162 5109 2250 5142 πει
2296 5088 2358 5142 τὸ
2415 5081 2804 5159 ἐκϐησόμενον,
2861 5087 2963 5154 τήν
3026 5082 3171 5140 ῗδίαν
3234 5084 3441 5160 μητέρα
3503 5077 3830 5158 Ἰοχαϐἑτην

2165 5176 2470 5255 λεγομένην
2523 5175 2684 5232 καλεῖ
2736 5177 2812 5241 ὡς
2872 5174 3197 5250 ἀλλοτρίαν,
3257 5176 3347 5231 καὶ
3411 5172 3634 5247 μισθοὺς
3697 5172 3831 5227 ὑπο-

2165 5266 2450 5341 σχεθέντος
2524 5267 2663 5339 αὐτῇ
2731 5271 2833 5335 τῆς
2908 5265 3146 5329 τιτθείας
3232 5265 3547 5338 ἀνατρέφειν
3635 5258 3828 5331 δοῦσα,

2169 5358 2423 5432 μετὰτὴν
2452 5357 2677 5430 πρώτην
2707 5355 2930 5424 ἠλικίαν
3001 5352 3346 5428 ἀνδρωθέντα
3398 5353 3636 5409 Μωυσέα
3697 5349 3831 5406 ὀνο-

1606 5458 1964 5527 XYLANDBI
2003 5459 2092 5513 ET
2128 5458 2345 5513 coam
2375 5456 2597 5511 Nom-2.

496 5565 585 5635 48)
618 5565 983 5638 Hexametris
1013 5567 1278 5623 versibus
1310 5566 1535 5624 oraculi
1567 5565 1925 5627 sententiam
1986 5565 2265 5638 expressi.
2300 5564 2365 5619 In
2414 5564 2611 5619 Grmco
2668 5561 2918 5617 confusa
2951 5562 3155 5618 omnia
3188 5567 3347 5631 sunt,
3381 5566 3439 5616 et
3470 5565 3670 5616 tamen
3704 5573 3829 5613 non

398 5637 673 5691 videntur
702 5637 886 5693 fuisse
918 5637 1141 5711 ἄμετρα.
1176 5639 1312 5696 ΧΠ..
