4118 6424
441 351 558 413 107

1805 338 2127 403 GEORGII
2156 335 2497 400 CEDRENI

3741 347 3852 410 108

440 486 522 541 cit
550 484 644 539 his
666 480 892 538 verbis:
930 479 1300 537 Abrahamus
1315 479 1581 533 Isaacum
1613 471 2095 548 genuitglsaacus

2216 469 2397 535 .Hcas,
2456 467 2638 531 καθὼς
2706 467 2741 536 ἡ
2798 464 2986 541 Γραφῆ
3062 467 3312 549 πέμπτον
3380 466 3540 525 αὐτὸν
3596 471 3698 527 ἀπὸ
3761 479 3853 529 τοῦ

440 576 681 639 Esaum,
713 573 896 627 Esaus
919 573 1141 641 Ragum
1170 574 1228 623 et
1277 570 1501 629 Zaram,
1551 566 1695 620 Zara
1748 563 1980 619 Jobum.
2043 561 2095 615 ls

440 663 622 721 Jobus
653 661 740 716 vir
768 660 882 716 fuit
900 661 1188 714 honestus
1213 674 1280 712 ac
1300 655 1511 729 gravis,
1546 654 1628 708 ita
1660 653 1731 707 de
1758 669 1820 708 se
1847 651 2053 706 dicens
2079 665 2093 704 :

443 775 473 805 ι(
507 751 675 818 Quod
696 749 745 804 si
768 748 974 805 oculus
1000 763 1165 802 meus
1181 746 1438 801 alienam
1467 743 1776 798 mulierem
1800 746 2097 795 consecta~

444 848 540 900 tus
562 846 671 903 est,
706 844 940 910 pactum
973 853 1106 892 cum
1147 835 1334 891 oculis
1363 833 1514 889 meis
1553 831 1664 888 feci
1698 831 1739 885 ².
1776 853 1802 879 n
1837 830 1988 895 Quin
2041 832 2099 881 et

443 946 553 1004 pro
585 928 790 983 liberis
821 927 944 981 suis
967 927 1081 980 Deo
1113 923 1378 995 quotidie
1428 920 1796 977 sacriﬁcavit.
1822 918 1979 990 quod
2008 917 2096 971 di-

445 1023 609 1075 ceret
657 1024 922 1072 metuere
978 1030 1040 1069 se
1086 1030 1160 1068 ne
1214 1013 1253 1066 ii
1314 1010 1541 1083 aliquid
1599 1011 1882 1066 adversus
1917 1009 2098 1061 Deum

446 1109 647 1166 animo
704 1106 1050 1175 agitassent.
1093 1105 1273 1159 Recte
1318 1102 1521 1172 itaque
1577 1100 1882 1171 Scriptura
1936 1097 2094 1152 ait”:

446 1220 476 1249 ο(
512 1199 583 1253 Ει
635 1201 761 1252 erat
818 1194 997 1250 homo
1056 1192 1158 1248 ille
1219 1190 1718 1262 integer,justus,
1778 1189 1911 1258 pius
1964 1202 2102 1258 erga

446 1288 653 1353 Deum,
691 1306 713 1336 ι
752 1289 863 1339 etc.
893 1281 1283 1355 Namprofani
1307 1279 1647 1352 philosophi
1668 1276 1973 1332 hominem
2005 1275 2101 1331 de-

446 1376 684 1442 ﬁniunt,
718 1372 942 1430 animal
974 1373 1205 1427 ratione
1239 1370 1553 1443 praeditum
1586 1367 1856 1423 mortale.
1912 1366 2102 1421 Sacrm

450 1467 548 1523 18
580 1471 780 1521 autem
803 1464 1037 1519 Littera)
1061 1480 1180 1518 non
1204 1463 1516 1529 ita,verum
1540 1461 1653 1515 hoc
1674 1458 1849 1514 modo
1878 1475 1892 1514 :
1918 1458 2103 1513 Homo

450 1564 543 1612 est
570 1553 671 1627 qui
701 1557 888 1612 Deum
912 1554 1005 1626 pie
1030 1552 1189 1619 colit,
1216 1552 1419 1624 justus
1443 1555 1617 1617 est,et
1647 1548 1720 1604 ab
1753 1547 1913 1603 omni
1946 1545 2103 1601 malo

448 1646 712 1703 facinore
743 1644 1021 1699 abstinet.
1047 1643 1191 1696 Nam
1213 1641 1311 1711 qui
1346 1639 1556 1695 harum
1595 1639 1878 1693 virtutum
1938 1633 2105 1690 testi—

450 1735 651 1791 monio
682 1733 1168 1800 destituitur,non
1201 1730 1378 1785 homo
1406 1728 1529 1791 ille,
1554 1727 1659 1782 sed
1679 1726 1879 1782 bellua
1908 1730 2013 1779 est.
2049 1724 2104 1779 Si

452 1826 611 1881 enim
630 1829 857 1878 παίω-ω
889 1822 1167 1876 humanm
1198 1824 1400 1874 notam
1442 1817 1667 1873 habens
1726 1816 2100 1887 impressam,

452 1931 583 1971 eam
614 1912 934 1969 voluntatis
978 1911 1261 1983 pravitate
1318 1908 1706 1973 contaminat,
1738 1905 1939 1963 audiet
1966 1920 2105 1976 pro-

451 2005 644 2077 phetas
706 2002 1146 2060 sententiam‘:
1207 2023 1233 2049 ‹‹
1290 2000 1476 2054 Homo
1553 2013 1688 2052 cum
1770 1997 1831 2051 in
1914 1992 2105 2066 pretio

454 2099 630 2161 esset,
653 2108 775 2147 non
804 2089 1222 2147 animadvertit
1278 2087 1382 2143 sed
1414 2090 1794 2158 comparatus
1852 2089 1941 2140 est
2001 2098 2103 2154 pe-

454 2183 705 2239 cudibus
753 2180 967 2246 brutis,
1019 2178 1354 2249 similisque
1413 2192 1622 2232 eorum
1670 2174 1884 2230 factus.
1921 2195 1950 2223 »
1981 2173 2104 2236 Quo

454 2272 656 2343 itaque
684 2268 860 2325 modo
888 2285 1019 2334 nos,
1054 2284 1190 2323 cum
1221 2266 1295 2321 ad
1325 2265 1587 2336 aliquam
1630 2280 1757 2319 rem
1814 2261 2105 2334 agendam

456 2361 649 2417 ﬁlium
681 2364 785 2415 aut
804 2357 1092 2414 famulum
1130 2357 1441 2419 mittimus,
1462 2370 1595 2409 eum
1621 2358 1689 2407 ut
1718 2352 2022 2408 hominem
2044 2367 2104 2406 se

453 2449 514 2505 in
549 2467 612 2504 re
645 2465 713 2504 ea
743 2463 947 2519 gerere
972 2445 1279 2518 jubemus,
1311 2451 1488 2515 atque
1520 2444 1603 2498 ita
1645 2457 1963 2498 commune
1996 2457 2106 2495 no-

452 2556 593 2595 men
624 2537 911 2610 peculiari
938 2536 1167 2591 ratione
1190 2549 1549 2605 usurpamus
1574 2548 1587 2597 ;
1612 2532 1694 2587 ita
1710 2530 1946 2587 etiamsi
1988 2547 2108 2585 om-

451 2644 560 2683 nes
578 2626 852 2682 homines
876 2641 1096 2680 nomen
1115 2622 1377 2678 hominis
1406 2626 1639 2693 gerunt,
1674 2621 1722 2675 is
1754 2626 1951 2674 tamen
2004 2635 2107 2673 so-

449 2717 545 2773 lus
578 2717 754 2772 homo
786 2731 919 2770 vere
948 2719 1057 2773 est.
1084 2713 1184 2784 qui
1213 2712 1534 2784 imaginem
1577 2715 1767 2765 servat
1812 2709 2109 2781 primique

452 2806 806 2878 exemplaris
832 2803 1338 2877 pulchritudinem
1385 2817 1505 2856 non
1557 2799 1864 2855 deformat.
1896 2797 2107 2853 Jobum

453 2913 592 2969 ergo
626 2902 684 2951 et
712 2894 1017 2950 hominem
1040 2891 1433 2964 appellavitet
1461 2889 1588 2944 solo
1611 2887 1877 2943 Ausitide
1902 2896 2108 2943 natum

449 2991 518 3040 ut
545 3001 580 3040 a
605 2989 762 3039 terra
787 2983 1156 3054 impietatem
1206 2979 1576 3052 germinante
1631 2978 1889 3033 fructum
1928 2977 2107 3032 talem

456 3073 684 3129 editum
724 3072 1008 3127 celebres.
1043 3072 1229 3136 Quem
1279 3070 1555 3141 princeps
1587 3067 1784 3122 omnis
1830 3066 1970 3122 mali
2034 3067 2112 3120 vi-

453 3163 624 3225 dens,
644 3161 863 3217 invidia
894 3166 1109 3226 motus,
1142 3177 1177 3214 a
1224 3160 1342 3214 Deo
1394 3158 1563 3229 petiit
1618 3164 1687 3213 ut
1734 3158 1844 3211 sibi
1898 3172 2109 3211 vexare

2208 551 2460 628 Ἀϐραὰμ
2540 554 2709 629 λέγει.
2793 550 3052 629 Ἀϐραᾶμ
3130 557 3255 631 γὰρ,
3344 558 3531 630 φησῖν,
3609 558 3855 637 ἒγὲννησε

2202 646 2295 701 τὸν
2331 645 2511 700 Ἰσαὰκ
2573 645 2754 700 Ἰσαὰκ
2784 642 2841 699 δί
2868 645 2960 698 τὸν
3019 646 3115 701 Ἥσ
3157 649 3181 680 τ’
3249 646 3264 661 ⁸
3390 652 3411 660 “
3489 646 3529 665 ⁸¹
3635 651 3645 663 ‘
3731 652 3744 669 '

2517 689 2531 712 ,
3119 665 3208 712 α),
3268 652 3416 702 Ησαυ
3485 667 3542 703 οε
3594 669 3684 703 τον
3749 657 3853 706 Ρα-

2205 733 2384 812 γουῂλ
2416 737 2628 791 καὶτὸν
2661 736 2825 807 liga,
2886 734 3028 808 Ζάρα
3087 734 3146 790 δὲ
3199 735 3291 791 τὸν
3324 733 3471 800 Ἰὼϐ.
3532 739 3589 800 ὃς
3649 739 3852 813 ἐγένετο

2206 825 2489 901 ἄνθρωπος
2522 827 2752 904 σώφρων
2776 823 2865 879 καὶ
2899 825 3118 897 σεμνὸς,
3167 822 3342 900 λέγων
3396 823 3589 891 οὕτως’
3623 854 3650 879 «
3682 831 3745 885 Ei
3802 828 3853 887 δὲ

2204 915 2294 971 καὶ
2327 913 2774 983 ἐπηκολούθησεν
2807 914 2835 968 ὁ
2904 911 3191 989 ὀφθαλμός
3252 936 3357 987 μου
3414 918 3627 990 γυναικὶ
3686 917 3853 975 ἀλλο-

2205 1005 2353 1079 τρῖᾳ,
2383 1005 2471 1058 καὶ
2510 1000 2778 1073 διαθήκην
2831 999 3089 1075 διεθέμην
3146 1008 3263 1066 τοῖς
3321 1003 3627 1081 ὀφθαλμοῖς
3669 1029 3793 1080 μου.
3823 1030 3847 1062 ι

2207 1093 2287 1151 Οὐ
2349 1094 2456 1168 μὴν
2518 1089 2576 1147 δε
2632 1092 2778 1147 ἀλλᾶ
2833 1091 2925 1147 καὶ
3004 1091 3137 1167 ὑπὲρ
3189 1097 3297 1147 τῶν
3383 1094 3597 1150 οίκείων
3667 1099 3857 1152 τέκνων

2210 1182 2395 1246 θυσίας
2457 1188 2705 1257 προσῆγε
2768 1182 2886 1245 καθ’
2946 1182 3178 1256 ἡμέραν,
3248 1182 3490 1259 φάσκωνο
3548 1209 3576 1237 «
3637 1189 3860 1255 Μήποτε

2208 1271 2347 1327 κακὰ
2378 1269 2662 1342 ἐνενόησαν
2693 1271 2828 1343 πρὸς
2858 1271 2950 1325 τὸν
3009 1271 3162 1329 Θεόν,
3199 1294 3227 1322 η
3283 1270 3525 1333 Εἰκότως
3585 1272 3677 1327 οῦν
3735 1270 3855 1349 ἔφη-

2211 1385 2240 1412 ‹‹
2300 1360 2398 1414 Καὶ
2455 1360 2521 1429 ἦν
2581 1359 2609 1415 ὁ
2666 1357 2954 1432 ἅνθρωπος
3006 1357 3213 1422 ἐκεῖνος
3269 1358 3582 1435 ἄμεμπτος,
3640 1359 3857 1435 δίκαιος,

2212 1443 2492 1516 Θεοσεῦἡν,
2530 1472 2557 1500 ››
2587 1448 2773 1503 καὶτὰ
2804 1448 2947 1521 ἑξῆς.
2982 1448 3050 1506 Οἳ
3106 1449 3201 1521 μὶν
3258 1449 3361 1525 γὰρ
3420 1444 3523 1523 ἔξω
3572 1450 3859 1531 φιλόσοφοι

2210 1540 2302 1593 τὸν
2337 1538 2463 1612 ὅρον
2493 1536 2788 1610 δηλοῦντες
2816 1542 2914 1594 τοῦ
2972 1538 3262 1612 ἀνθρώπου
3318 1540 3496 1619 φασίνο
3540 1543 3859 1615 ’Ἄνθρωπός

2213 1627 2326 1683 ἐστι
2360 1632 2496 1696 ζῶον
2532 1626 2759 1703 λογικὸν
2791 1627 3009 1697 θνητόν·
3046 1630 3080 1697 ἡ
3116 1626 3174 1682 δὶ
3241 1628 3359 1692 οεία
3389 1631 3575 1708 Γραφή
3612 1629 3721 1706 οὐχ
3773 1630 3862 1685 οὔ·

2213 1737 2346 1783 τως,
2402 1712 2577 1773 ἀλλ’·
2656 1716 2978 1791 ’Ἄνθρωπός
3039 1716 3151 1772 ἐστι
3212 1712 3499 1789 θεοσεϐὴς,
3557 1717 3861 1793 ἄμεμπτος,

2221 1803 2453 1874 δίκαιος,
2537 1805 2880 1882 ἀπεχόμενος
2939 1807 3045 1862 ἀπὸ
3103 1806 3298 1869 παντὸς
3326 1812 3573 1883 πονηροῦ
3616 1809 3863 1883 πράγμασ

2220 1917 2337 1968 τος,
2369 1897 2445 1960 ὡς
2500 1897 2596 1970 ὅγε
2632 1896 2853 1958 τούτοις
2915 1899 2990 1969 μὴ
3056 1895 3547 1971 μεμαρτυρημένος
3601 1895 3724 1953 οὐδὲ
3778 1898 3863 1952 ἄν·

2215 1990 2457 2061 θρωπος,
2491 1984 2636 2041 ἀλλὰ
2673 1985 2871 2055 κτῆνός
2904 1983 3069 2042 ἐστιν.
3114 1987 3240 2043 Ἐὰν
3270 1986 3375 2062 γὰρ
3406 1983 3516 2065 ἔχῃ
3574 1987 3666 2043 τὸν
3697 2006 3864 2061 χαραο

2214 2082 2390 2152 κτῆρα
2413 2082 2515 2144 τῆς
2559 2074 2769 2152 φύσεως
2834 2072 3030 2151 ὑϐρίζῃ
3100 2072 3158 2130 δὲ
3213 2075 3372 2131 αὐτὸν
3430 2081 3502 2151 τῇ
3562 2076 3719 2148 κακίᾳ
3773 2080 3866 2143 τῆς

2215 2166 2609 2241 προαιρέσεως,
2697 2165 2984 2221 ἀκούσεται
3042 2164 3189 2239 παρὰ
3250 2168 3349 2221 τοῦ
3436 2169 3723 2243 προφήτου
3778 2165 3862 2222 λέ-

2217 2274 2432 2331 γοντος·
2469 2279 2497 2306 ‹‹
2530 2254 2853 2329 ἸΑνθρωπος
2885 2252 2937 2308 ἐν
2966 2257 3105 2329 τιμῇ
3165 2252 3241 2308 ὢν
3298 2254 3362 2309 οὐ
3420 2259 3640 2327 συνῆκε,
3701 2275 3863 2331 παρα.

2217 2339 2525 2415 συνεόλτςθη
2557 2349 2674 2406 τοῖς
2705 2346 2921 2415 κτήνεσι
2963 2349 3070 2406 τοῖς
3116 2343 3397 2415 ἀνοήτοις,
3456 2345 3549 2401 καὶ
3605 2345 3862 2419 ὡμοιώθη

2216 2434 2423 2496 αὐτοῖς.
2490 2457 2517 2484 ››
2567 2435 2772 2508 Ὠσπερ
2827 2434 3011 2488 τοίνυν
3070 2434 3158 2488 καὶ
3218 2436 3384 2505 ἡμεῖς
3442 2434 3866 2495 ἀποστέλλοντες

2216 2525 2332 2579 υῖὸν
2381 2523 2416 2593 ἢ
2477 2522 2693 2593 οῐκὲτην
2757 2525 2842 2597 [Ρ.
2902 2524 2993 2597 44]
3047 2520 3135 2577 ἐπί
3193 2544 3314 2580 τινα
3369 2528 3565 2599 πρᾶξιν
3619 2524 3866 2602 λὲγομεν,

2220 2614 2309 2676 Ὠς
2365 2610 2653 2687 ἅνθρωπος
2723 2612 2856 2687 ἆψαι
2920 2620 3021 2681 τῆς
3092 2613 3361 2688 πράξεως,
3423 2615 3519 2670 καὶ
3580 2614 3645 2670 τὸ
3702 2614 3868 2670 κοινὸν

2219 2700 2535 2774 ποιούμεθα
2601 2698 2763 2756 ἳδιον·
2825 2700 3001 2762 οὕτως
3061 2701 3107 2756 εἶ
3167 2703 3255 2758 καὶ
3325 2702 3523 2765 πάντες
3607 2700 3871 2779 ἄνθρωποι

2221 2790 2501 2866 λέγονται,
2538 2788 2701 2864 μόνος
2731 2789 2936 2852 ἐκεῖνος
2967 2789 3196 2859 ἀληθῶς
3252 2789 3397 2847 ἐστιν
3462 2793 3492 2847 ὁ
3556 2794 3657 2862 τὴν
3698 2789 3869 2846 εἶ’κόνα

2221 2883 2412 2950 σώζων
2437 2880 2526 2936 καὶ
2554 2881 2618 2935 τὸ
2667 2879 3026 2954 πρωτότυπον
3065 2881 3141 2952 μὴ
3212 2881 3507 2961 ἀφανίζων.
3567 2881 3729 2938 Εἶπεν
3785 2878 3870 2934 οῦν

2219 2969 2312 3025 τὸν
2349 2963 2473 3026 Ἰὼὸ
2506 2967 2791 3044 ἄνθρωπον
2850 2968 2941 3023 καὶ
3001 2969 3106 3024 ἀπὸ
3171 2974 3271 3038 τῆς
3327 2966 3626 3034 Αὐσίτιδος
3667 2969 3868 3045 χώρας,

2221 3059 2369 3122 ὅπως
2405 3059 2462 3113 ἐκ
2495 3065 2596 3128 τῆς
2627 3059 2893 3132 κομώσης
2923 3065 3027 3135 γῆς
3082 3059 3184 3127 τήν
3240 3054 3495 3116 ἀσέϐειαν
3550 3060 3644 3116 τὸν
3672 3059 3869 3133 καρπὸν

2221 3149 2572 3223 ἀνυμνήσεις.
2603 3154 2696 3208 Ὃν
2730 3149 2757 3203 ὁ
2789 3147 3097 3223 ἀρχέκακος
3155 3149 3321 3224 ὁρῶν,
3382 3151 3481 3206 καὶ
3530 3151 3710 3231 φθόνῳ
3742 3146 3868 3224 βαλ-

453 3252 686 3325 justum
743 3250 1136 3324 permitteret,
1180 3255 1246 3304 ut
1296 3254 1357 3303 tu
1396 3227 1654 3318 quoque
1711 3247 1852 3302 hinc
1910 3247 2106 3301 animo

2224 3238 2480 3311 λόμενος,
2523 3237 2755 3293 αἷτεῖται
2812 3238 2956 3308 παρὰ
3009 3242 3146 3293 Θεοῦ
3197 3240 3288 3294 τὸν
3344 3241 3489 3295 κατὰ
3543 3227 3638 3296 τοῦ
3670 3237 3870 3295 δικαίου

453 3341 645 3397 ﬁdens
677 3339 804 3403 fias,
839 3339 1103 3395 sentiens
1149 3336 1386 3393 diabolo
1423 3337 1575 3391 nihil
1636 3353 1765 3391 esse
1824 3335 2107 3391 adversus

455 3431 623 3503 pium
652 3447 905 3501 vereque
929 3428 1331 3484 Christianum
1355 3428 1530 3483 etDei
1550 3429 1764 3482 timore
1792 3426 2108 3498 praeditum

452 3520 783 3593 potestatis,
811 3519 928 3574 nisi
965 3519 1020 3573 ei
1043 3518 1327 3573 divinitus
1368 3518 1445 3571 sit
1498 3518 1880 3589 permissum,
1928 3516 2107 3588 idque

452 3609 545 3665 vel
576 3608 902 3682 castigandi
934 3624 1112 3663 causa
1154 3606 1243 3661 vel
1294 3607 1701 3662 concessione.
1756 3607 1901 3661 Cum
1950 3605 2108 3661 enim

455 3699 905 3772 castigationem
937 3696 1110 3753 alfert
1139 3697 1313 3759 Deus,
1347 3701 1448 3750 aut
1496 3701 1874 3767 peccatorum
1908 3711 1977 3751 ea
2003 3711 2108 3750 ra-

451 3790 616 3845 tione
657 3804 861 3859 pcenas
905 3786 1110 3855 sumit,
1142 3791 1245 3840 aut
1273 3785 1532 3839 divinam
1566 3786 1842 3840 virtutem
1875 3789 2111 3841 exercet

457 3878 532 3935 ad
559 3877 862 3932 victoriam
888 3893 951 3931 re
987 3875 1135 3929 bene
1164 3880 1331 3947 gesta
1389 3874 1734 3947 parandam.
1786 3875 1914 3929 Non
1950 3874 2109 3931 enim

458 3968 725 4041 injussus
755 3965 1027 4021 diabolus
1073 3964 1366 4036 potuisset
1391 3963 1599 4018 Jobum
1625 3963 1884 4036 aggredi.
1911 3965 2111 4034 Neque

458 4056 520 4111 id
545 4055 649 4109 tibi
680 4054 897 4109 mirum
922 4054 1032 4109 sit:
1085 4070 1223 4109 nam
1256 4053 1317 4108 in
1350 4052 1678 4125 Evangeliis
1706 4051 1975 4107 auditum
2023 4057 2114 4107 est

459 4162 534 4200 ne
568 4144 628 4199 in
660 4160 874 4217 porcos
905 4141 1149 4214 quidem
1181 4142 1295 4197 nisi
1331 4143 1427 4197 79
1460 4142 1754 4213 permissu
1776 4143 1877 4197 Dei
1938 4141 2110 4213 quid-

460 4250 640 4306 quam
674 4233 727 4289 ei
759 4233 1281 4289 licere.Enimvero
1315 4231 1496 4287 divini
1524 4231 1718 4303 angeli
1751 4232 1981 4302 piorum
2015 4248 2109 4286 sa-

457 4323 566 4379 luti
590 4322 1164 4378 inserviunt.0mnes
1196 4322 1379 4387 enim,
1405 4321 1489 4376 ait
1512 4321 1833 4392 Scriptura,
1867 4321 2112 4392 spiritus

456 4418 599 4470 sunt
646 4412 723 4467 ad
778 4411 1180 4466 ministerium
1239 4410 1451 4482 parati,
1526 4409 1961 4480 mittunturque
2038 4409 2111 4465 ad

456 4500 906 4558 inserviendum
938 4506 1182 4572 propter
1216 4516 1318 4555 eos
1349 4500 1449 4570 qui
1484 4499 1736 4554 salutem
1771 4505 1911 4554 sunt
1941 4500 2111 4555 here-

2218 3328 2541 3402 πειρασμὸν,
2570 3325 2662 3382 ’ἱνα
2719 3328 2781 3382 σὺ
2846 3327 3043 3402 θάρσος
3097 3322 3295 3403 λάϐῃς,
3354 3329 3444 3384 καὶ
3508 3331 3682 3406 μάθῃς
3731 3328 3869 3387 ὅπως

2220 3418 2322 3473 οὐκ
2352 3412 2738 3492 ἕχειᾶξουσίαν
2787 3412 3001 3488 δαίμων
3052 3417 3187 3472 κατὰ
3237 3412 3529 3481 θεοσεϐοῦς
3585 3420 3673 3474 καὶ
3706 3416 3868 3478 ὅντως

2220 3507 2547 3579 Χριστιανοῦ
2584 3506 2674 3561 καὶ
2705 3501 3052 3583 φοϐουμένου
3110 3508 3201 3562 τὸν
3253 3509 3411 3576 Θεὸν,
3473 3508 3563 3565 ἐὰν
3624 3511 3699 3582 μή
3758 3508 3870 3562 ἐπι-

2218 3597 2395 3671 τροπὴ
2432 3596 2629 3651 ἄνωθεν
2661 3597 2883 3671 γὲνηται
2916 3596 2950 3666 ἢ
2986 3593 3074 3651 διὰ
3131 3593 3378 3652 παιδείαν
3431 3598 3472 3669 ἢ
3534 3596 3622 3654 διὰ
3653 3596 3868 3675 συγχώ-

2221 3705 2400 3761 ρησιν.
2430 3686 2590 3739 Ὃταν
2622 3686 2730 3760 γὰρ
2762 3685 2945 3762 ἀπάγῃ
2980 3687 3007 3740 ὁ
3033 3686 3163 3748 Θεὸς
3203 3684 3593 3764 παιδευτὴρια,
3634 3688 3667 3757 ἢ
3729 3684 3870 3744 δίκας

2219 3774 2440 3830 ἀπαιτεῖ
2502 3778 2611 3829 τῶν
2667 3774 3081 3847 ἁμαρτημάτων
3208 3776 3307 3843 τήν
3362 3774 3568 3850 ἀρετὴν
3620 3774 3871 3852 γυμνάζει

2218 3869 2326 3919 τῶν
2358 3862 2515 3918 θείων
2562 3864 3032 3941 κατορθωμάτων.
3098 3862 3176 3922 Οὐ
3240 3865 3342 3940 γὰρ
3399 3863 3654 3936 ἠδυνήθη
3714 3862 3872 3920 πολε-

2226 3960 2399 4028 μῆσαι
2426 3952 2507 4026 τῷ
2539 3948 2692 4021 Ἰὼϐ,
2730 3950 2834 4016 ἕως
2869 3952 3145 4027 ἐπετράπη
3177 3954 3221 4011 θ.
3269 3956 3366 4011 Καὶ
3429 3956 3512 4028 μή
3570 3954 3870 4029 Θαιδμέσῃς,

2222 4041 2347 4100 οὐδὶ
2373 4045 2474 4121 γὰρ
2503 4043 2639 4099 κατὰ
2668 4043 2878 4118 χοίρων
2924 4041 3164 4115 ἐξουσίαν
3207 4042 3349 4119 ἔχει.
3407 4047 3593 4109 καθὼς
3651 4044 3703 4100 ἐν
3762 4048 3871 4104 τοῖς

2223 4132 2582 4209 Εὐαγγελίοις
2609 4132 2869 4202 ἤκουσας.
2912 4134 2974 4187 Οἱ
3032 4133 3128 4205 μὲν
3189 4134 3282 4188 οὗν
3316 4135 3453 4190 θεῖοι
3502 4134 3727 4211 ἄγγελοι
3760 4131 3871 4188 δια-

2221 4228 2442 4280 κονοῦσι
2501 4228 2623 4287 ταῖς
2677 4227 2785 4277 τῶν
2872 4222 3084 4299 ἆγαοῶν
3174 4223 3480 4299 ἀνθρώπων
3557 4224 3868 4301 σωτηρίοις·

2222 4315 2424 4376 Πάντες
2455 4316 2583 4389 γὰρ,
2645 4312 2802 4390 φησὶ,
2863 4310 3216 4389 λειτουργικὰ
3274 4314 3564 4388 πνεύματά
3610 4315 3742 4371 εἰσιν
3805 4313 3874 4375 εἷς

2223 4400 2496 4459 διακονίαν
2527 4396 2977 4474 ἀποστελλόμενα
3012 4400 3104 4458 διὰ
3130 4402 3258 4465 τοὺς
3297 4401 3609 4470 μέλλοντας
3671 4404 3876 4478 κληρο-

2220 4499 2406 4568 νομεῖς
2440 4492 2738 4567 σωτηρίαν·
2783 4492 2837 4548 οἱ
2879 4490 2937 4547 δὲ
2986 4494 3221 4568 πονηροὶ
3273 4491 3535 4568 δαίμονες
3594 4503 3713 4558 ταῖς
3750 4494 3877 4550 κατὰ

457 4590 670 4647 ditario
701 4591 1021 4661 accepturi.
1054 4589 1186 4645 Mali
1225 4595 1426 4644 autem
1480 4589 1637 4658 genii
1688 4588 1762 4643 ad
1823 4589 2106 4661 supplicia

2221 4588 2330 4640 τῶν
2364 4581 2710 4658 ἁμαρτωλῶν
2739 4582 3054 4657 τιμωρίαις,
3091 4609 3116 4635 (ι
3156 4579 3540 4657 Ἐξαπέστειλε
3567 4584 3876 4664 γὰρ,φησὶν,

456 4679 869 4753 peccatoribus
892 4678 1092 4733 debita
1120 4679 1599 4749 usurpantur.lta
1629 4678 1787 4733 enim
1822 4679 2109 4749 scriptum

458 4774 567 4836 est,
593 4790 619 4818 «
653 4767 946 4822 Emisitin
970 4767 1132 4839 ipsos
1154 4766 1304 4820 iram
1335 4763 1519 4820 animi
1552 4765 1665 4831 sui,
1699 4788 1726 4814 ››
1753 4765 1924 4835 iram,
1956 4766 2115 4821 furo-

456 4872 585 4913 rem
618 4862 675 4910 et
704 4854 1107 4911 calamitatem
1132 4869 1350 4909 vocans
1369 4852 1589 4908 emissa
1618 4869 1724 4924 per
1775 4854 1966 4908 malos
2017 4869 2118 4925 ge-

456 4945 609 5001 nios.
648 4943 714 4999 Hi
747 4943 908 4999 enim
932 4958 1276 5015 quanquam
1308 4941 1509 4996 dedita
1540 4957 1721 5011 opera
1750 4942 2013 4997 habenas
2035 4941 2119 4997 di-

454 5035 608 5091 vinas
636 5033 959 5090 voluntatis
984 5037 1393 5094 excusserunt,
1429 5037 1626 5087 tamen
1641 5033 1786 5104 jugo
1818 5033 2118 5088 servitutis

456 5130 598 5181 sunt
628 5124 1288 5196 subditi,cogunturque
1313 5120 1494 5177 veluti
1524 5121 1839 5178 carniﬁces
1870 5122 2115 5193 quidam

457 5230 492 5269 ο,
520 5214 637 5269 Deo
666 5219 723 5268 et
748 5212 972 5269 sanctis
999 5211 1294 5282 imperata
1324 5211 1729 5283 capessere.ld
1760 5210 1978 5268 Paulus
2010 5212 2113 5268 de-

529 5303 550 5338 ³
581 5302 892 5370 Job.xxx1,
926 5304 977 5355 1.
1072 5298 1096 5334 ³
1124 5299 1230 5356 Job
1262 5296 1384 5368 1,1.
1464 5299 1487 5334 ⁸
1517 5300 1676 5355 Psal.
1709 5316 1893 5364 XLVIII,
1931 5302 2017 5357 13.

2219 4671 2294 4734 εἰς
2319 4669 2511 4733 αὐτοὺς
2543 4670 2709 4745 ὀργῆν
2740 4673 2919 4744 θυμοῦ
2948 4671 3134 4739 αὐτοῦ,
3170 4696 3197 4723 ››
3232 4673 3404 4745 θυμὸν
3453 4675 3545 4730 καῖ
3598 4675 3764 4751 ὀργήν
3792 4670 3876 4728 καὶ

2227 4759 2438 4834 θλῖψιν,
2474 4758 2794 4829 ἀποστολὴν
2824 4757 2893 4815 δι’
2952 4760 3202 4836 ἀγγέλων
3260 4767 3539 4839 πονηρῶν.
3576 4765 3646 4822 Ol
3702 4763 3877 4818 τοίνυν

2226 4847 2506 4921 δαίμονες,
2540 4848 2584 4905 εἷ
2634 4850 2725 4905 καὶ
2779 4850 3078 4926 ἁφηνίασαν
3127 4855 3196 4927 τῇ
3256 4852 3530 4927 προθέσει,
3591 4852 3723 4909 ἀλλ’
3780 4852 3877 4906 ὑπό

2227 4939 2387 5017 ζυγὸν
2421 4944 2619 4995 κεῖνται
2666 4946 2767 5010 τῆς
2828 4938 3104 5011 δουλείας,
3172 4942 3264 4997 καὶ
3318 4942 3637 4998 κελεύονται
3688 4942 3878 5018 πρᾶξαι

2225 5031 2299 5093 ὡς
2333 5028 2530 5104 δήμιοί
2572 5050 2716 5094 τινες
2769 5031 2838 5086 τὰ
2892 5031 3339 5105 προσταττόμενα
3386 5033 3533 5107 παρὰ
3589 5038 3687 5090 τοῦ
3748 5036 3880 5087 Θεοῦ

2223 5121 2311 5176 καὶ
2344 5124 2453 5175 τῶν
2484 5120 2679 5198 ἁγίων.
2714 5121 2811 5176 Καὶ
2846 5117 3013 5191 δηλοῖ
3061 5120 3279 5184 Παῦλος
3336 5124 3458 5198 περὶ
3518 5127 3628 5178 τῶν
3689 5126 3883 5198 Κορινσ

2225 5210 2358 5264 θὶων
2391 5211 2506 5282 (50)
2537 5209 2733 5285 λέγων’
2767 5231 2793 5265 ι
2858 5209 2967 5273 Οῧς
3026 5208 3317 5285 παρέδωκα
3372 5216 3452 5285 τῷ
3505 5217 3741 5284 Σατανᾷ,
3796 5212 3879 5265 ἳνα

1668 5398 2027 5454 XYLANDBI
2084 5401 2169 5456 ET
2200 5399 2417 5457 GOARI
2459 5401 2684 5457 NOTAE.

527 5486 637 5567 (:50)
665 5490 905 5567 [λαβραξ-
913 5491 1004 5543 est
1031 5486 1384 5567 memorias;
1418 5486 1731 5567 non_enim
1765 5487 1839 5542 de
1893 5490 2103 5567 Corin-

456 5556 832 5639 thiis,scd'd_e
851 5561 1183 5639 _[lyme_nwo
1218 5565 1275 5639 et
1303 5559 1640 5639 Alexandro
1663 5561 1949 5639 apostatis
1980 5563 2106 5639 haec

457 5628 757 5711 dicuntur.
851 5628 1105 5711 ’Ῑξὶἰιιοιὶι⁸
1142 5634 1190 5685 1.
1234 5631 1606 5686 Corinthium
1640 5628 1898 5711 quidem
1928 5634 2108 5711 etiam

458 5700 652 5769 illum,
714 5703 812 5775 qui
881 5704 1171 5758 incestum
1231 5720 1364 5759 cum
1451 5700 1697 5759 noverca
1768 5704 2107 5777 conjugium

2212 5489 2707 5564 feceratsatanre
2741 5488 3098 5564 tradendum
3122 5490 3414 5564 judicavit
3446 5491 3609 5564 idem
3637 5489 3875 5564 Paulus,

2216 5562 2263 5617 ll
2303 5561 2565 5646 Corinth.
2629 5578 2702 5641 vr.
2743 5576 2914 5646 ‘quos
2972 5561 3157 5646 locos.
3193 5564 3464 5622 confudit
3520 5563 3878 5637 ἁμαρτήματι

2222 5636 2547 5705 μνημονικῷ
2578 5635 2831 5704 scriptor
2861 5641 3084 5690 noster.
3116 5635 3253 5691 XvL.
