4118 6426
290 378 397 443 109

1484 378 2023 443 HISTORIAHUM
2078 377 2628 437 (IUMPl’NDllTM.

3610 378 3723 439 ΗΟ

289 508 615 567 παιδευθῶσι
651 511 732 583 μὴ
768 509 1151 592 βλασφημεῖν.
1194 537 1222 565 ι»
1253 515 1367 571 Ἵνα
1397 515 1501 590 γαρ
1537 514 1614 587 μὴ
1672 511 1943 582 νομισθῶο

2067 509 2275 569 clarat,
2301 508 2374 561 de
2420 508 2743 563 Corinthiis
2811 508 3163 562 scribenssz
3224 532 3251 557 ‹‹
3286 509 3441 574 Quos
3502 512 3720 567 tradidi

292 624 376 657 σιν
410 600 461 658 oi.
493 598 751 673 δαίμονες
786 604 874 657 ὅτι
909 603 1080 658 πάντα
1124 605 1238 658 κατ’
1298 603 1571 667 αύθεντίαν
1630 602 1952 676 πράττουσι,

294 690 605 749 κελεύονται
655 690 747 745 καὶ
835 690 1059 753 ἄκοντες
1132 696 1308 748 ποιεῖν
1365 692 1432 747 τὰ
1488 690 1949 767 προσταττόμενα.

298 784 397 839 Καὶ
465 788 580 843 τοῖς
629 782 724 854 μὲν
782 780 961 857 ἁγίοις
1018 780 1343 838 ἀποστέλλει
1404 783 1432 837 6
1493 788 1626 844 Θεος
1671 778 1950 838 διακόνους

295 873 485 944 ἁγίους
515 868 782 949 ἀγγέλους
830 870 911 932 εῗς
970 871 1263 945 σωτηρίαν,
1312 876 1431 936 τοῖς
1486 867 1544 926 δὲ
1602 868 1954 944 ἁμαρτωλοῖς

294 961 575 1034 ἐπιτρέπει
631 957 894 1033 δαίμονας
951 960 1027 1023 είς
1076 959 1369 1033 τιμωρίαν.
1431 962 1532 1019 Καὶ
1565 962 1666 1037 γάρ
1701 958 1789 1014 ὅτε
1818 956 1954 1012 κατὰ

290 1055 393 1107 τοῦ
442 1044 658 1124 Ἀχαὰϐ
690 1051 719 1102 6
748 1050 881 1109 Θεὸς
939 1050 1248 1129 ἀπεφήνατο
1307 1049 1497 1125 λέγων⁸
1548 1077 1567 1101 ι
1598 1048 1694 1111 Τίς
1749 1047 1950 1120 πορεύ-

292 1160 444 1194 σεται
499 1138 590 1194 καὶ
650 1138 921 1210 ἀπατήσει
976 1141 1067 1194 τὸν
1120 1134 1354 1219 Ἀχαὰὄ,
1419 1141 1509 1194 καὶ
1593 1143 1836 1194 πεσεῖται
1869 1155 1883 1206 ;
1920 1160 1947 1185 ››

291 1227 562 1303 ἀπεκρίθη
624 1231 836 1299 πνεῦμα
884 1227 1165 1303 πονηρὸν,
1223 1253 1251 1279 u
1284 1226 1427 1285 Ἰδοὺ
1479 1226 1607 1301 ἐγὼ,
1643 1251 1670 1278 ››
1728 1226 1946 1287 πάντως

286 1322 563 1394 γινῶσκον
621 1317 696 1379 ὡς
726 1315 800 1379 εῗς
839 1320 1005 1372 τοῦτο
1033 1315 1302 1373 τέτακται.
1374 1318 1469 1373 Καὶ
1512 1313 1947 1373 ἀποστέλλονται

293 1407 392 1479 μὶν
450 1403 669 1469 εἰδικῶς
724 1405 1110 1481 εἰσπράξασθαι
1166 1406 1437 1481 τιμωρίαν
1493 1405 1641 1481 παρὰ
1703 1409 1813 1460 τῶν
1842 1426 1941 1459 πο-

288 1501 499 1571 νηρῶν,
534 1495 962 1552 ἀποστέλλονται
995 1493 1054 1551 δὲ
1081 1495 1169 1550 καὶ
1202 1495 1338 1571 πρὸς
1395 1491 1663 1564 δικαίους,
1697 1492 1796 1550 οὐκ
1856 1490 1948 1546 ’ίνα

284 1587 744 1661 τιμωρήσωνται,
776 1582 1014 1641 ἀλλ’ἵνα
1042 1587 1391 1660 πειράσωσιψ
1446 1582 1635 1655 ἐπειδὴ
1688 1585 1795 1662 γὰρ
1852 1582 1943 1658 ἄγα

282 1676 455 1751 γελος
513 1675 670 1749 ἅγιος
747 1674 1086 1750 ὑπουργῆσαι
1166 1679 1235 1749 τῇ
1323 1675 1484 1749 πείρᾳ
1543 1674 1607 1729 οὐ
1666 1670 1946 1729 κελεύεται

285 1762 441 1839 (266“;
472 1766 578 1841 γᾶρ
611 1764 640 1818 6
669 1764 796 1824 Θεὸς
834 1761 1046 1820 κελεύει
1076 1764 1137 1819 τὸ
1195 1763 1430 1836 ἀπρεπὲς
1488 1761 1709 1839 ἀγγέλῳ
1769 1759 1943 1833 θείῳ),

284 1853 379 1909 Eii
405 1858 573 1910 τοῦτο
631 1849 881 1924 δαίμονες
919 1854 1119 1924 ταύτην
1174 1852 1548 1927 ἐπιτρέπονται
1600 1854 1700 1922 τήν
1731 1857 1939 1924 πεῖραν.
1978 1892 2021 1958 Β

286 1951 321 1958 --
371 1943 383 1958 .
478 1944 493 1958 .
538 1946 561 1958 ..
700 1944 711 1957 .
880 1943 893 1958 .
1022 1943 1036 1958 ς
1113 1940 1138 1958 .
1243 1943 1255 1958 .
1386 1940 1410 1958 ι.
1459 1944 1470 1958 ,
1679 1942 1690 1955 .
1860 1940 1895 1958 ,ς

286 1943 388 1999 Καὶ
426 1944 503 2015 μὴ
536 1944 818 2017 θαυμὰσῃς
853 1943 896 1998 εἰ
938 1943 1075 2019 πρὸς
1110 1940 1353 2006 δικαίους
1382 1940 1637 2015 δαίμονες
1668 1940 1940 1997 ἀποστέλ-

289 2031 509 2088 λονται·
553 2033 770 2107 ἀνήχθη
803 2032 908 2109 γὰρ
936 2032 966 2087 6
994 2033 1211 2088 πάντων
1231 2032 1507 2100 Δεσπότης
1542 2031 1648 2086 ἀπὸ
1677 2035 1773 2085 τοῦ
1806 2031 1946 2103 Ἰορ-

298 2119 460 2177 δπὶιου
488 2121 561 2183 si;
592 2123 689 2189 τήν
721 2120 930 2197 ἔρημον
962 2124 1317 2197 πειρασθῆναι
1352 2122 1455 2178 ὑπὸ
1512 2125 1610 2175 τοῦ
1655 2115 1942 2175 διαϐόλου.

304 2211 374 2268 ΕΞ
404 2210 572 2265 τοίνυν
595 2211 685 2266 τὸν
733 2215 832 2267 τοῦ
870 2212 1073 2275 παντὸς
1129 2211 1322 2286 Κύριον
1354 2212 1382 2266 6
1423 2206 1682 2271 διάϐολος
1737 2212 1819 2283 [Ρ.
1852 2208 1941 2280 45]

303 2298 562 2374 ἐπείρασε,
586 2301 639 2356 τί
669 2302 966 2373 θαυμάζεις
1004 2300 1049 2355 εἰ
1081 2302 1168 2356 καὶ
1216 2306 1336 2362 τοῖς
1367 2297 1600 2361 δικαίοις
1634 2300 1709 2360 εἷς
1739 2298 1944 2373 γυμνά.-

299 2409 413 2444 σιον
444 2391 726 2464 ὑπομονῆς
757 2387 971 2464 δαίμων
998 2388 1397 2446 ἀποστέλλεται
1422 2410 1436 2457 ;
1469 2386 1863 2445 ἀποστέλλεται
1888 2386 1945 2444 δὲ

290 2478 355 2533 οὗ
387 2484 529 2534 Θεοῦ
556 2477 876 2542 κελεύοντος
903 2479 1071 2552 αὐτῷ,
1103 2478 1250 2536 ἀλλὰ
1275 2483 1765 2559 παραχωροῦντας·
1809 2499 1943 2548 σκηο

288 2567 509 2639 ματίζει
540 2570 642 2645 γτὶρ
658 2570 751 2624 τὸν
779 2568 949 2644 λόγον
978 2572 1015 2638 ἡ
1049 2569 1230 2648 Γραφή
1287 2569 1363 2631 ὡς
1403 2569 1456 2625 ἐν
1495 2568 1941 2643 προσωποποιίᾳ,

283 2657 361 2718 ὡς
397 2659 525 2712 ὅταν
561 2658 732 2733 λέγει’
766 2684 795 2711 ιι
836 2661 932 2732 Τῷ
987 2655 1044 2714 δὶ
1074 2657 1391 2734 ἁμαρτωλῷ
1439 2660 1585 2713 εἶπεν
1644 2658 1671 2713 6
1724 2658 1876 2718 Θεὸς.
1914 2682 1939 2708 υ

282 2748 385 2803 Ι·ζαῖ
419 2750 448 2803 6
485 2750 653 2823 μὲγας
682 2745 745 2804 δὶ
774 2746 1057 2824 Κύριλλος
1112 2746 1237 2829 ἔφη·
1298 2773 1325 2799 ιι
1360 2751 1687 2823 Μετροῦνται
1746 2744 1803 2802 δὲ
1833 2748 1940 2802 τῶν

282 2838 381 2891 ἀνὰ
441 2842 619 2892 πᾶσαν
697 2840 796 2907 τήν
877 2844 980 2916 γῆν
1063 2839 1362 2914 ἀνθρώπων
1414 2839 1482 2894 τὰ
1525 2838 1662 2893 κατά
1719 2838 1941 2912 καιροὺς

280 2927 784 3001 πλημμελήματα,
818 2927 850 2983 ἃ
879 2928 970 2983 καί
1005 2927 1170 3003 μέχρι
1208 2928 1516 2999 ποσότητὸς
1572 2949 1718 2989 τινος
1778 2925 1944 2997 ἐκδή-

281 3015 388 3071 λου
417 3020 522 3082 τῆς
552 3015 823 3090 ἁμαρτίας
880 3018 1044 3085 ἡμῶν
1111 3016 1378 3086 ἡκούσης,
1438 3016 1626 3092 ἐπάγει
1687 3012 1753 3085 δὴ
1786 3038 1945 3084 τηνι-

277 3111 458 3161 καῦτα
499 3107 697 3161 Λοιπὸν
741 3104 839 3167 τάς
903 3102 1057 3162 δίκας
1118 3104 1496 3180 λελυπημένος
1557 3107 1583 3160 6
1640 3105 1942 3179 νομοθέτης

278 3196 372 3249 καὶ
436 3195 661 3269 Κύριος,
723 3192 1064 3270 διακαρτερεῖ
1130 3191 1186 3249 δὶ
1236 3193 1289 3265 ἐξ
1348 3194 1591 3272 ἐμφύτου
1638 3192 1944 3270 φιλανθρω-

278 3284 417 3347 πίας
470 3281 582 3339 ἔσθ’
646 3283 756 3354 ὅτε,
814 3281 905 3338 καὶ
964 3280 1451 3355 πλημμελούντων
1510 3282 1786 3363 ἀνέχεται,
1846 3282 1945 3338 οὐκ

278 3373 512 3428 εῗσάπαν
543 3372 883 3448 ἀγανακτῶν·
922 3373 1014 3427 καὶ
1051 3372 1154 3448 γάρ
1213 3365 1314 3443 ἔφη
1346 3373 1483 3448 πρὸς
1539 3374 1633 3429 τὸν
1667 3367 1940 3446 Ἀϐραάμθ

280 3462 458 3519 Οὔπω
522 3460 1105 3533 ἀναπεπλήρωταγαὶ
1154 3463 1417 3536 ἁμαρτίαι
1458 3467 1569 3516 τῶν
1624 3462 1939 3536 Ἀμοραίων

279 3548 386 3612 ἕως
425 3556 527 3607 τοῦ
547 3555 661 3619 νῦν,
688 3552 825 3626 πρὸς
856 3548 915 3606 δὲ
940 3571 1002 3625 γε
1064 3552 1190 3613 τοὺς
1241 3551 1578 3626 Φαρισαίους
1634 3552 1943 3614 ἀκαθὲκτως

280 3639 676 3713 λελυπηκότας
707 3640 865 3719 φησί’
919 3641 1020 3697 Καὶ
1056 3640 1213 3715 ὑμεῖς
1263 3639 1689 3716 ἀνεπληρώσατε
1754 3642 1815 3695 τὸ
1849 3641 1943 3716 μέ-

278 3753 411 3809 τρον
441 3737 553 3789 τῶν
604 3734 852 3807 πατέρων
908 3732 1163 3805 ὑμῶν.»
1223 3734 1434 3789 ()ύκοῦν
1490 3734 1536 3788 εί
1572 3733 1831 3809 βούλοιτό
1861 3754 1943 3796 τις

283 3818 561 3879 διαϐὦναι
597 3824 693 3894 μὶν
727 3823 926 3898 ὀρθῶς,
989 3817 1390 3885 εὖῦουλοτάτας
1449 3820 1507 3879 δὲ
1563 3825 1649 3879 καὶ
1714 3822 1943 3879 ἐπιεικε-

282 3913 478 3974 στάτος
507 3910 562 3968 ἓν
595 3910 738 3985 τῷδε
783 3916 864 3984 τῷ
926 3911 1032 3988 βίῳ
1067 3919 1331 3977 ποιεῖαθαι
1362 3914 1457 3975 τὰς
1515 3910 1816 3987 διατριϐὰς,
1849 3916 1943 3988 ὁρ-

281 3998 585 4059 θοποδίσαι
616 4022 675 4057 τε
703 4002 794 4056 καὶ
854 4000 1205 4073 διανήξασθαι
1260 4002 1328 4058 τὰ
1382 3999 1529 4058 δεινὰ
1555 4007 1784 4079 γνώμης
1813 4002 1944 4078 ἑχό-

285 4114 451 4164 μενος
517 4091 688 4167 ὀρθῆς
744 4091 835 4147 καὶ
892 4089 1281 4170 ἀδιαστρόφου,
1333 4097 1634 4168 καρποῦται
1710 4116 1776 4149 το
1865 4095 1942 4169 μὴ

281 4181 553 4238 ἑναλῶναι
607 4185 820 4243 κακοῖς.
878 4182 982 4237 Καὶ
1048 4181 1279 4256 ἀτρεκής
1327 4182 1354 4237 6
1387 4180 1573 4259 λόγος.
1636 4184 1753 4263 Ἐφ’
1809 4186 1945 4255 ἡμῖν

280 4273 383 4347 γὰς
436 4270 551 4326 ἐστι
604 4270 666 4325 τὸ
716 4270 798 4325 ἱπ⁹
849 4267 1015 4348 ἄμφω
1075 4270 1315 4346 βλέπειν,
1372 4274 1510 4344 πρός
1574 4293 1633 4328 τε
1689 4273 1945 4350 τάγαθὸν,

279 4360 451 4439 φημὶ,
485 4361 579 4415 καί
611 4360 944 4417 τούναντιον.
980 4360 1076 4416 Καῖ
1127 4362 1179 4416 οἱ
1240 4363 1335 4436 μὶν
1391 4361 1442 4417 ἓν
1500 4361 1650 4437 λόγῳ
1708 4383 1943 4433 πεποιη-

280 4452 443 4525 μένοι
474 4451 540 4506 τὸ
572 4449 942 4524 θαυμάζεσθαι
1008 4452 1245 4528 πεφυκὸς
1304 4450 1355 4506 ἐν
1408 4450 1565 4526 καλῷ
1623 4453 1946 4527 γενήσονται

274 4548 379 4610 τῆς
433 4541 656 4616 ἀρετῆς
720 4538 773 4593 οἱ
834 4536 882 4593 δ’
938 4537 1329 4603 ἀποκλίναντες
1383 4541 1458 4604 είς
1516 4539 1824 4597 τούναντίον
1854 4543 1943 4596 καὶ

274 4635 388 4687 τῶν
449 4628 759 4704 ἀμεινόνων
820 4629 1111 4704 προθέντες
1156 4630 1219 4686 τὸ
1274 4628 1496 4687 ἀδικοῦν
1579 4632 1680 4701 τήν
1741 4630 1941 4687 οίκείαν

273 4718 740 4799 καταιρθείραντες
780 4719 929 4789 ζωὴν
990 4719 1173 4776 ἁλοῖεν
1224 4718 1310 4790 ἃν,
1363 4719 1615 4777 αὐθένται
1673 4722 1758 4777 καί
1823 4719 1941 4776 ὅλεο

271 4813 442 4886 τῆρες
473 4806 639 4866 δεινοῖ
682 4809 817 4864 κατὰ
874 4815 974 4879 τῆς
1028 4814 1174 4887 σφῶν
1236 4811 1415 4866 αὐτῶν
1468 4810 1714 4889 κεφαλῆς
1762 4810 1944 4885 ἐξελη-

273 4898 566 4975 λεγμένοι.
599 4897 783 4974 Ταύτῃ
814 4918 901 4954 τοι
930 4899 1020 4954 καὶ
1052 4900 1081 4956 6
1128 4898 1271 4975 ἱιρὸς
1334 4898 1608 4978 ἰσίδωρός
1660 4922 1842 4978 φησιν.
1877 4901 1939 4959 Ἤ

271 4994 391 5045 τῶν
453 4990 868 5064 ἁμαρτημάτων
941 4987 1186 5053 ἐπίτασις
1258 4989 1547 5068 ἀναγκάζει
1605 4987 1789 5067 ὥσπερ
1844 4990 1943 5060 τὴν

273 5080 427 5147 θείαν
472 5077 778 5155 καὶάπαθῇ
835 5078 993 5159 φύσιν
1037 5078 1097 5135 ἐκ
1124 5087 1225 5151 τῆς
1261 5082 1398 5137 κατὰ
1456 5080 1613 5157 φύσιν
1671 5082 1940 5157 ἀγαθὸτη-

270 5192 370 5233 τος
405 5169 485 5235 εἷς
548 5170 649 5238 τήν
705 5169 849 5243 παρά
909 5167 1065 5245 φύσιν
1124 5169 1299 5245 ὀργῆν
1354 5175 1583 5250 χωρεῖν.
1637 5172 1793 5228 Ὅθεν
1851 5171 1940 5227 καὶ

266 5257 566 5323 Ἰουδαίοις
598 5257 701 5338 ἔφη
751 5257 1010 5332 Χριστός·
1070 5282 1098 5310 α
1130 5259 1368 5322 Ποσὰκις
1421 5258 1668 5330 ἠθέλησα
1726 5260 1941 5316 ἐπισυν-

266 5355 498 5430 αγαγεῖν
531 5349 690 5424 ὑμᾶς,
752 5347 846 5404 καὶ
910 5346 1014 5402 οὐκ
1066 5347 1423 5420 melius“;
1463 5372 1488 5403 ι
1555 5347 1779 5421 Ἐπειδή
1815 5352 1941 5426 γάρ,

263 5440 462 5521 φησίν,
523 5439 586 5496 οὗ
643 5437 879 5518 δέχεσθε
928 5437 1029 5505 τήν
1088 5437 1526 5518 φιλανθρωπίαν,
1585 5440 1945 5515 ἐπιγνώσεσθε

256 5534 367 5602 τήν
415 5530 654 5605 ἐξουσίαν
718 5536 830 5600 τῆς
881 5529 1179 5601 τιμωρίας.
1243 5530 1409 5589 Ὅταν
1465 5530 1568 5606 γάρ
1630 5529 1719 5607 ἴδῃ
1752 5532 1779 5587 ὁ
1813 5532 1941 5595 θεὸς

331 5710 359 5747 ⁸
386 5710 554 5774 ICor.
586 5730 638 5785 ν,
670 5716 728 5769 5.
850 5705 877 5743 ⁸
903 5704 989 5761 ΙΙΙ
1016 5706 1151 5781 Reg,
1181 5724 1325 5781 xm,
1350 5711 1438 5769 20.

1517 5708 1705 5768 ⁷-Ρεαι
1737 5725 1893 5781 xm,
1928 5713 2014 5768 16.

2062 601 2312 666 Satanae,
2346 605 2412 654 ut
2443 599 2631 671 prrnis
2658 598 3007 653 erudiuntur
3040 599 3218 670 impie
3276 617 3393 655 non
3452 620 3580 658 esse
3622 604 3713 659 lo-

2059 694 2382 762 quendum.
2419 711 2446 739 η
2484 688 2712 744 Etenim
2746 705 2818 743 ne
2850 690 2984 760 quis
3010 695 3242 759 putaret
3277 690 3465 745 malos
3509 694 3716 762 genios

2058 780 2260 835 omnia
2291 796 2397 833 suo
2431 777 2675 833 arbitrio
2725 795 2920 851 agere,
2965 777 3255 848 jubentur
3310 780 3487 835 etiam
3551 780 3716 836 inviti

2057 868 2338 925 mandata
2376 868 2639 939 exsequi.
2674 867 2928 922 Proinde
2960 868 3181 921 sanctis
3226 869 3379 923 Dens
3413 870 3720 927 ministros

2063 960 2248 1015 mittit
2292 958 2365 1013 ad
2397 958 2647 1013 salutem
2683 958 2925 1030 angelos
2958 966 3217 1023 sanctos,
3251 967 3593 1029 peccatores
3624 978 3724 1016 au-

2058 1055 2176 1104 tem
2209 1047 2462 1103 diabolis
2516 1046 2852 1118 puniendos
2910 1047 3199 1101 concedit.
3265 1049 3409 1103 Nam
3467 1066 3602 1105 cum
3643 1050 3715 1105 de

2060 1139 2296 1195 Achabo
2316 1140 2466 1194 Deus
2498 1138 2578 1193 ita
2595 1138 2940 1209 pronuntiat
2959 1135 2982 1168 δ
3008 1153 3019 1189 :
3045 1160 3069 1183 α
3090 1137 3230 1201 Quis
3247 1137 3415 1191 vadet
3435 1145 3499 1192 ut
3531 1139 3716 1195 Acha-

2056 1230 2198 1285 bum
2247 1228 2523 1300 decipiat.
2580 1226 2749 1297 isque
2797 1225 3095 1297 pereat?»
3139 1227 3458 1297 respondet
3520 1229 3711 1284 malus

2056 1318 2334 1390 spiritus:
2360 1339 2386 1366 ‹‹
2422 1317 2538 1388 Ego
2566 1314 2793 1379 vadam,
2816 1337 2844 1364 »
2876 1315 3082 1384 utique
3118 1315 3458 1385 intelligens
3482 1316 3592 1373 hoc
3615 1317 3704 1371 sui

2057 1424 2187 1463 esse
2220 1406 2504 1462 muneris.
2537 1405 2848 1461 Mittuntur
2868 1421 3004 1477 ergo
3045 1404 3428 1475 peculiariter
3481 1406 3556 1461 ad
3588 1423 3706 1479 pai-

2057 1514 2163 1553 nas
2193 1496 2265 1551 de
2298 1495 2571 1551 sontibus
2604 1494 2957 1566 exigendum
2985 1511 2997 1547 :
3049 1494 3367 1548 mittuntur
3398 1496 3576 1550 etiam
3634 1498 3708 1552 ad

2053 1587 2204 1659 pios,
2240 1602 2359 1641 non
2392 1591 2457 1640 ut
2486 1602 2587 1640 eos
2621 1585 2891 1656 puniant,
2931 1583 3032 1638 sed
3066 1588 3129 1638 ut
3187 1589 3435 1639 tentent.
3466 1586 3710 1652 Quando

2054 1677 2215 1732 enim
2248 1675 2436 1731 sancti
2469 1674 2662 1747 angeli
2691 1675 3050 1729 tentationes
3085 1673 3250 1729 obire
3279 1692 3397 1730 non
3421 1676 3713 1747 jubentur

2050 1767 2271 1838 (neque
2302 1763 2461 1818 enim
2498 1765 2645 1817 Deus
2676 1761 2832 1816 bono
2864 1762 3075 1831 angelo
3107 1762 3454 1818 indecorum
3481 1762 3709 1836 aliquid

2054 1853 2407 1921 mandaret),
2441 1853 2504 1908 fit
2534 1858 2600 1907 ut
2642 1852 2812 1907 malis
2842 1852 3031 1924 geniis
3093 1869 3175 1905 em
3233 1854 3704 1911 committantur.

2048 1945 2249 2014 Neque
2282 1948 2369 1997 est
2402 1941 2559 2013 quod
2611 1941 2869 2007 mireris,
2913 1941 3091 2011 jUstis
3122 1941 3223 1996 εἰ)
3278 1942 3519 1996 immitti
3580 1960 3704 2010 eos,

2050 2049 2405 2088 cumrerum
2435 2031 2847 2088 nniversarum
2893 2031 3179 2085 Dominus
3228 2048 3259 2085 a
3315 2031 3567 2087 Iordane
3601 2034 3702 2087 ab-

2050 2122 2262 2178 ductus
2295 2122 2373 2177 sit
2403 2120 2464 2175 in
2497 2119 2899 2183 solitudinem,
2933 2126 2999 2173 ut
3030 2137 3062 2174 a
3085 2118 3319 2174 diabolo
3352 2126 3701 2177 tentaretur.

2049 2212 2214 2278 Quod
2233 2211 2280 2267 si
2306 2227 2442 2284 ergo
2468 2210 2517 2264 is
2545 2210 2857 2264 Dominum
2890 2210 3095 2264 mundi
3124 2210 3388 2277 tentavit,
3421 2211 3703 2282 quidjam

2049 2301 2288 2357 miraris
2321 2300 2543 2356 malum
2563 2298 2802 2371 genium
2831 2298 3150 2370 adjustum
3174 2299 3435 2371 aliquem
3462 2301 3709 2366 mitti,ut

2050 2401 2123 2456 de
2145 2400 2275 2471 ejus
2297 2398 2611 2455 tolerantia
2633 2397 2966 2470 periculum
2989 2398 3205 2453 faciat?
3228 2399 3482 2453 mittitur
3506 2403 3705 2455 autem

2050 2506 2171 2545 non
2196 2489 2467 2560 jubente,
2501 2486 2606 2543 sed
2638 2486 3021 2558 permittente
3049 2487 3187 2541 Deo.
3225 2489 3366 2542 Nam
3401 2488 3703 2560 Scriptura

2050 2578 2380 2636 orationem
2417 2577 2631 2632 format
2662 2581 2943 2649 tanquam
2984 2577 3255 2647 personis
3312 2578 3605 2645 conﬁctis,
3640 2584 3704 2633 ut

2049 2685 2181 2725 cum
2216 2666 2443 2722 dicit":
2494 2688 2521 2716 ‹‹
2557 2665 2854 2721 Peccatori
2914 2671 3111 2720 autem
3174 2664 3407 2721 dicebat
3461 2667 3635 2721 Deus.
3670 2688 3699 2715 »

2048 2758 2186 2823 Qua;
2220 2760 2572 2827 sequuntur,
2604 2754 2803 2827 magni
2862 2753 3023 2809 illius
3080 2754 3280 2825 Cyrilli
3314 2762 3490 2809 sunt:
3552 2778 3580 2805 «
3616 2755 3701 2810 Ad

2050 2860 2393 2900 mensuram
2433 2842 2748 2914 exiguntur
2806 2842 3116 2896 hominum
3164 2859 3269 2912 per
3317 2842 3520 2897 orbem
3581 2848 3700 2897 ter-

2048 2951 2246 2990 rarum
2273 2933 2479 3005 quovis
2505 2939 2771 3003 tempore
2797 2931 3115 2985 commissa
3142 2939 3419 3002 peccata;
3445 2949 3701 3002 cumque

2049 3023 2123 3080 ad
2159 3023 2533 3078 manifestam
2567 3027 2624 3076 et
2647 3020 2870 3093 justam
2898 3022 3289 3092 quantitatem
3312 3027 3705 3092 pervenerunt

2051 3122 2175 3171 tum
2207 3115 2447 3170 demum
2480 3112 2563 3184 (id
2594 3111 2754 3183 quod
2794 3112 3078 3177 restabat)
3109 3113 3369 3166 offensus
3402 3111 3707 3183 legislator

2047 3211 2224 3277 atque
2259 3203 2542 3259 Dominus
2565 3200 2859 3273 supplicia
2880 3199 3110 3272 infligit.
3135 3202 3571 3271 Nonnunquam
3597 3217 3705 3256 na~

2047 3300 2195 3349 turus
2217 3310 2338 3348 sua;
2360 3290 2709 3364 benignitati
2732 3290 3069 3361 obsequens
3100 3289 3331 3352 tolerat,
3360 3296 3707 3360 peccantes—

2048 3401 2162 3456 que
2191 3383 2464 3443 sustinet.
2490 3397 2609 3437 non
2633 3395 3060 3451 usquequaque
3085 3379 3449 3452 indignatus.
3472 3381 3614 3435 Nam
3647 3385 3704 3435 et

2047 3473 2384 3529 Abrahamo
2433 3470 2580 3526 dixit
2613 3470 2941 3526 etiamnum
2975 3476 3215 3540 peccata
3260 3477 3703 3524 Amorraaorum

2048 3580 2169 3619 non
2192 3579 2321 3618 esse
2354 3560 2619 3632 impleta.
2655 3559 2970 3614 Pbariswis
2999 3564 3220 3624 autem,
3254 3574 3504 3629 quorum
3556 3558 3708 3630 inju.

2049 3653 2150 3708 ria:
2211 3652 2470 3721 majores
2557 3655 2728 3705 erant
2802 3664 2980 3719 quam
3035 3654 3100 3702 ut
3154 3648 3391 3702 tolerari
3453 3655 3699 3720 possent

2048 3742 2131 3798 ait
2158 3742 2179 3777 ⁸
2205 3758 2217 3795 :
2251 3763 2280 3791 «
2313 3744 2395 3796 Ac
2426 3756 2526 3795 vos
2551 3737 2844 3810 majorum
2872 3743 3199 3792 vestrorum
3223 3753 3565 3793 mensuram
3600 3738 3705 3793 im-

2048 3830 2335 3905 plevistis.
2371 3852 2399 3881 ››
2458 3829 2830 3900 Quapropter
2858 3827 2906 3881 si
2939 3827 3072 3898 quis
3104 3826 3257 3881 volet
3301 3827 3479 3883 vitam
3540 3833 3699 3882 recte

2048 3922 2399 3994 transigere,
2434 3935 2685 3990 eamque
2709 3918 2999 3974 rationem
3032 3916 3265 3973 vivendi
3294 3917 3491 3974 colere
3526 3933 3704 3988 quam

2050 4012 2217 4083 sequi
2251 4009 2760 4067 consultissimum
2791 4012 2883 4061 est
2919 4012 3096 4077 atque
3126 4006 3701 4071 commodissimum,

2050 4104 2371 4172 animoque
2403 4106 2562 4156 recto
2595 4105 2655 4154 et
2680 4099 3028 4169 neutiquam
3083 4114 3358 4170 perverso
3388 4099 3595 4168 fretus,
3617 4116 3709 4154 ve-

2050 4210 2183 4249 rum
2243 4192 2355 4246 iter
2415 4195 2625 4245 tenere
2714 4187 3197 4260 periculososque
3266 4188 3444 4258 hujus
3504 4188 3709 4243 saeculi

2052 4282 2267 4337 fluctus
2327 4285 2590 4345 enatare,
2647 4279 2695 4333 is
2758 4293 2892 4332 eum
2925 4276 3185 4331 fructum
3228 4275 3379 4331 feret
3409 4280 3475 4330 ut
3529 4276 3711 4332 nullis

2051 4371 2226 4427 malis
2254 4360 2539 4441 capiatur.
2574 4369 2761 4438 Atque
2792 4381 2964 4421 verus
2998 4372 3089 4419 est
3112 4364 3209 4420 hic
3255 4381 3469 4420 sermo.
3505 4366 3570 4419 In
3602 4381 3710 4421 no-

2050 4461 2142 4517 bis
2174 4461 2332 4515 enim
2367 4464 2457 4514 est
2489 4457 2743 4527 positum
2798 4461 2863 4510 ut
2915 4460 3234 4526 utrumque
3296 4454 3704 4526 dispiciamus,

2053 4552 2298 4609 bonum.
2319 4549 2586 4620 inquam,
2612 4553 2788 4619 atque
2804 4544 3047 4600 malum.
3073 4547 3221 4617 Ergo
3240 4544 3456 4616 quibus
3470 4544 3530 4600 id
3549 4562 3706 4601 curm

2053 4641 2168 4697 erit
2197 4639 2354 4711 quod
2383 4644 2591 4710 suapte
2622 4641 2835 4692 natura
2856 4634 3317 4691 admirationem
3343 4640 3632 4703 meretur,
3666 4635 3707 4690 ii

2050 4729 2327 4784 virtutem
2387 4731 2802 4798 assequentur.
2859 4724 2949 4781 8|
2992 4725 3096 4789 Qui
3134 4741 3269 4779 vero
3302 4725 3364 4780 in
3414 4725 3707 4781 diversam

2054 4816 2279 4885 partem
2302 4809 2689 4867 declinabunt
2707 4808 3175 4878 melioribusque
3191 4808 3549 4879 injustit'am
3566 4825 3719 4880 prai-

2051 4905 2263 4971 ferent,
2290 4903 2329 4958 ii
2349 4918 2518 4958 suam
2539 4901 2807 4974 ipsorum
2834 4900 3011 4954 vitam
3043 4898 3540 4970 pessumdabunt,
3573 4898 3712 4954 sibi-

2053 5010 2169 5067 quo
2190 4993 2335 5066 ipsis
2350 4992 2535 5050 fuisse
2554 4990 2716 5046 exitii
2740 4995 3011 5045 auctores
3034 5005 3099 5043 ac
3118 4988 3446 5061 perniciem
3479 4987 3708 5044 consci-

2051 5085 2203 5140 visse
2225 5082 2403 5155 capiti
2428 5098 2535 5138 suo
2561 5080 3012 5137 convincentur.
3039 5080 3104 5133 In
3145 5079 3298 5134 hanc
3350 5077 3709 5134 sententiam

2054 5175 2234 5231 etiam
2249 5176 2488 5229 sanctus
2502 5168 2761 5227 Isidorus
2774 5170 2857 5225 ait
2872 5186 2885 5224 :
2902 5169 3261 5225 Delictorum
3276 5168 3709 5224 incrementum

2053 5264 2314 5321 divinam
2331 5263 2472 5319 etab
2492 5261 2652 5317 omni
2671 5260 3115 5332 perturbatione
3138 5256 3394 5314 alienam
3436 5260 3713 5312 naturam

2050 5354 2231 5410 veluti
2264 5354 2421 5427 cogit
2450 5369 2485 5409 a
2518 5368 2625 5408 sua
2655 5349 2911 5405 naturali
2961 5348 3227 5403 bonitate
3258 5346 3333 5402 ad
3380 5346 3530 5402 iram
3588 5362 3713 5401 sum

2052 5450 2281 5501 natura:
2324 5459 2444 5498 non
2501 5439 2803 5514 propriam
2863 5437 3171 5493 decedere.
3230 5437 3432 5509 Itaque
3477 5434 3714 5491 Juda'os

2050 5534 2321 5590 Christus
2370 5533 2454 5588 sic
2530 5526 2905 5587 nitebatur”:
2993 5549 3021 5577 ‹‹
3083 5525 3318 5593 Quoties
3377 5524 3535 5582 volui
3610 5542 3713 5582 vos

2091 5707 2335 5768 “Matth.
2379 5721 2535 5776 um,
2567 5705 2655 5759 32.
2760 5701 2782 5737 '
2810 5699 2960 5758 Ibid.
2991 5700 3081 5756 ΒΤ.
