4118 6424
297 332 404 403 Η3
1458 332 2006 397 HISTORIABUM
2049 333 2565 400 CONPENDIUM
2577 384 2590 398 .
3624 339 3740 400 ιιε

294 468 347 522 οἱ
376 463 434 521 δί
463 462 759 539 Αἰγύπτιοι
812 459 1117 539 ἆφοϐοῦντο
1148 464 1274 530 τοῦς
1332 459 1616 541 Ἐϐραίους
1676 464 1749 526 ὡς
1818 483 1942 540 γενο

2086 467 2456 527 formidolosi
2488 476 2677 527 erant.
2712 471 2915 542 Itaque
2947 486 3047 525 eos
3083 472 3331 543 .Egyptii
3391 471 3738 544 afﬂigebant

309 555 503 631 μὲνους
531 550 812 625 πολλοὺς,
845 553 939 608 καὶ
972 553 1198 610 ἆκάκουν
1244 555 1441 618 αὐτοὺς
1475 558 1543 629 τῇ
1575 553 1831 624 πλινθείᾳ
1881 575 1946 609 κα

2080 556 2366 616 lateribus
2398 560 2691 618 faciundis
2721 553 2997 634 urgentes
3029 578 3097 617 ac
3124 560 3249 616 luto
3280 561 3732 633 comportando,

297 652 376 721 τῷ
430 642 614 717 πηλῷ,
674 642 1070 714 ἐπιστήσαντες
1152 644 1340 707 αὐτοῖς
1414 644 1703 706 ἐπιστάτας
1758 644 1942 717 βαρεῖς

2081 647 2477 717 praeﬁcientes
2509 667 2712 705 eorum
2757 650 2921 723 operi
2977 657 3280 706 exactores
3337 650 3734 722 importunos.

296 737 387 794 καὶ
473 733 753 804 ἰστέναζον
832 729 1177 807 θλιϐόμενοι.
1257 734 1362 791 Καὶ
1422 734 1697 808 προσέσχε
1759 732 1943 808 βαρεῖς

2077 736 2263 792 Judzei
2298 740 2565 810 oppressi
2586 741 2906 811 gemebant
2930 758 2943 808 ;
2970 757 3297 812 eorumque
3318 740 3605 813 gemitum
3626 742 3741 795 Mo-

294 830 384 885 πιαί
436 825 647 901 Ἀαρὼν
703 829 788 899 τῷ
848 831 1134 901 στεναγμῷ
1198 824 1400 895 αὐτῶν,
1459 825 1546 880 καὶ
1610 821 1841 895 ηὔξαντο
1889 828 1946 895 τᾷ

2078 842 2173 881 ses
2206 844 2274 881 ac
2305 830 2502 883 Aaron
2547 829 3121 894 animadvertebant,
3178 829 3585 901 auxiliumque
3637 829 3740 884 Dei

294 922 436 991 Θεῷ,
487 918 549 980 ’ὸς
605 914 700 972 καὶ
758 913 1015 971 ἐκέλευσε
1062 920 1140 987 τῷ
1207 918 1433 972 Μωυσεῖ
1519 912 1781 978 εἰσελθεῖν
1827 913 1946 989 πρὸι

2076 915 2494 989 implorabant.
2520 925 2676 976 Deus
2703 921 2843 976 Mosi
2861 920 3141 992 pracepit
3159 925 3222 975 ut
3252 919 3328 975 ad
3364 918 3737 975 Pharaonem

296 1006 502 1083 Φαραὼ
534 1049 551 1064 .
601 1004 693 1060 καὶ
773 1005 951 1060 εἷπεῖν
1014 1003 1165 1076 αὐτῷ
1222 1002 1496 1060 ἀπολῦσαι
1546 1004 1637 1059 τὸν
1679 1000 1812 1058 λαὸν
1864 1005 1946 1057 toi

2073 1005 2369 1073 introiret,
2403 1025 2658 1081 eumque
2712 1026 2819 1065 suo
2867 1009 3111 1065 nomine
3156 1008 3398 1081 juberet
3444 1008 3733 1081 populum

294 1095 544 1170 Ἰσραὴλ,
577 1094 869 1169 λατρεῦσαι
930 1093 1117 1168 Κυρίῳ
1154 1098 1234 1167 τῷ
1286 1098 1404 1167 Θεῷ
1455 1093 1657 1152 αὐτῶν.
1713 1092 1813 1149 Καὶ
1850 1089 1946 1145 εἶσι

2072 1097 2404 1154 Israelitum
2437 1099 2740 1156 dimittere
2774 1101 2849 1156 ad
2874 1100 3101 1157 cultum
3134 1102 3252 1156 Deo
3284 1117 3391 1156 suo
3440 1105 3733 1173 praestan-

294 1185 474 1242 ελθὼν
500 1189 744 1253 Μωϋσῆς
801 1181 893 1238 καὶ
927 1183 1139 1259 Ἀαρὼν
1192 1183 1332 1259 πρὸς
1385 1180 1589 1254 Φαραὼ
1638 1177 1946 1255 ἀνήγγειλει

2072 1184 2233 1241 dum.
2266 1188 2538 1261 Aggressi
2571 1206 2771 1263 regem
2804 1191 2992 1246 Moses
3025 1196 3082 1246 et
3106 1194 3303 1247 Aaron
3334 1190 3437 1245 Dei
3479 1190 3733 1246 manda-

290 1276 447 1348 αὖτῷ
495 1275 598 1344 τήν
673 1276 772 1328 τοῦ
820 1274 954 1327 Θεοῦ
1005 1270 1269 1327 κέλευσιν.
1317 1272 1378 1328 Ὁ
1436 1269 1493 1327 δὲ
1542 1270 1748 1347 Φαραὼ
1806 1266 1946 1344 λέγει

2069 1280 2194 1330 tum
2226 1285 2651 1349 exposuerunt.
2685 1279 3016 1351 Respondit
3044 1280 3274 1335 Pharao
3302 1296 3365 1334 :«
3400 1279 3455 1334 Si
3484 1295 3619 1335 vere
3645 1278 3736 1334 di-

289 1363 499 1426 αὐτοῖς·
535 1387 565 1415 ‹‹
597 1362 664 1420 Εἰ
711 1360 993 1428 ἆληθεῦεις
1040 1359 1126 1416 ὅτι
1156 1362 1185 1416 6
1215 1361 1345 1424 Θεός
1377 1381 1474 1416 σου
1502 1363 1673 1416 ταῦτα
1729 1358 1946 1415 ἐκέλευ-

2066 1364 2151 1420 cis
2182 1365 2366 1421 Deum
2403 1370 2566 1423 tuum
2599 1368 2726 1424 haec
2754 1369 3099 1436 mandasse,
3128 1386 3263 1425 ecce
3297 1384 3533 1424 mecum
3593 1373 3735 1423 sunt

288 1477 401 1524 σευ,
435 1452 580 1521 ἰδοῦ,
613 1452 748 1509 εῗσῖν
799 1451 1097 1526 Αἱγύπτιοι
1167 1453 1259 1506 σὺν
1311 1451 1434 1523 ἐμοὶ
1493 1454 1777 1534 ποιοῦντες
1823 1451 1946 1515 θαύ-

2063 1456 2315 1528 JEgyptii
2344 1457 2583 1513 mirifici
2618 1476 2631 1513 :
2666 1475 2770 1515 eos
2801 1460 2849 1514 si
2885 1467 2945 1516 tu
2976 1478 3085 1532 ope
3120 1461 3206 1516 tui
3238 1459 3341 1516 Dei
3371 1459 3605 1528 viceris,
3640 1459 3731 1515 fa-

284 1560 457 1620 ματαο
492 1544 583 1599 ἐὰν
614 1544 839 1615 νικήσῃς
872 1541 1071 1603 αὐτοὺς
1103 1538 1193 1596 διὰ
1236 1545 1334 1597 τοῦ
1393 1545 1529 1597 Θεοῦ
1562 1562 1680 1609 σου,
1738 1539 1946 1614 παρέξω

2063 1545 2216 1601 ciam
2239 1546 2397 1617 quod
2413 1548 2766 1620 isjussitW.»
2790 1549 2975 1607 Simul
2997 1550 3271 1606 adversos
3288 1550 3728 1606 constituerunt

281 1657 368 1691 σοι
401 1628 543 1706 ἅπερ
603 1631 871 1688 ἐκέλευσε.
912 1655 942 1684 ››
998 1633 1085 1706 [Ρ.
1142 1633 1232 1705 47]
1288 1629 1391 1689 Καὶ
1440 1628 1659 1700 ἔστησεν
1714 1629 1948 1685 ἐναντίον

278 1722 559 1795 ἀλλήλων
622 1722 720 1778 τὸν
806 1721 1013 1791 Ἰαννῆν
1098 1721 1188 1776 καὶ
1246 1721 1337 1776 τὸν
1391 1714 1659 1795 Ἰαμϐρῆν
1710 1720 1799 1775 καὶ
1853 1719 1946 1774 τὸν

2061 1632 2134 1690 ab
2166 1652 2286 1692 una
2316 1647 2481 1708 parte
2510 1638 2758 1695 Jannem
2791 1644 2851 1695 et
2907 1639 3222 1708 lambrem,
3255 1639 3328 1696 ab
3377 1639 3563 1696 altera
3610 1640 3725 1694 Mo-

2061 1741 2185 1779 sem
2219 1731 2396 1797 atque
2425 1729 2743 1783 Aaronem.
2780 1730 2927 1802 Magi
2972 1730 3290 1802 praestigiis
3347 1729 3471 1786 suis
3528 1728 3718 1801 virgas

278 1815 527 1873 Πωϋήα
582 1813 673 1868 καὶ
742 1811 979 1878 ’Δαρώι
1040 1811 1141 1868 Καὶ
1202 1807 1462 1880 ἐποίησαν
1519 1809 1573 1865 οἱ
1637 1811 1805 1884 μάγοι
1858 1806 1946 1864 διὸ

2061 1831 2199 1871 suas
2224 1815 2286 1871 in
2333 1833 2554 1891 angues
2593 1825 2983 1875 convertunt:
3020 1819 3181 1892 virga
3218 1835 3354 1875 vero
3394 1820 3594 1888 Mosis,
3645 1818 3717 1874 ab

281 1903 546 1979 γοητείας
628 1903 726 1965 τὰς
809 1896 1044 1973 ῥάὅόους
1124 1900 1303 1955 αὐτῶν
1384 1899 1558 1976 ’ὀφεις’
1644 1899 1731 1953 καὶ
1790 1896 1952 1973 ῥίψας

290 1998 534 2061 “miihi;
565 1992 666 2059 τήν
697 1983 901 2065 ῥέϐδον
957 1988 1125 2046 αὐτοῦ
1175 1988 1251 2050 εἷς
1278 1989 1379 2058 τήν
1407 1995 1538 2066 γῆν,
1569 1985 1781 2064 ἐγένετο
1836 1983 1956 2066 ὄφις

302 2080 466 2155 μέγας
492 2079 584 2134 καὶ
642 2076 866 2134 κατέπιε
911 2077 1042 2142 τοῦς
1083 2077 1187 2133 ὑπὸ
1217 2080 1324 2132 τῶν
1384 2076 1570 2151 μάγων
1626 2074 1954 2152 γενομένους

304 2171 478 2248 ὅστις.
506 2169 601 2223 ἰαὶ
652 2166 981 2243 κατίσχυσεν
1010 2168 1045 2237 ἡ
1074 2163 1269 2241 καρδία
1297 2164 1522 2241 Φαραὼ,
1574 2164 1661 2220 καὶ
1716 2163 1815 2219 οὐκ
1846 2163 1948 2218 εἰσ-

310 2260 539 2329 ήκουσεν
589 2258 793 2330 αὐτῶν,
841 2256 1081 2331 καθάπερ
1137 2253 1403 2325 ἐλάλησεν
1450 2254 1639 2315 αὐτοῖς
1692 2252 1892 2328 Κύριος
1924 2253 1953 2308 6

300 2347 453 2409 Θεός.
484 2348 577 2402 Kx?
612 2353 732 2402 εἷπε
764 2345 961 2420 Κύριος
993 2347 1127 2421 πρὸς
1159 2347 1424 2413 Μωϋσῆν·
1468 2368 1498 2397 ‹‹
1534 2341 1760 2400 Βὲδισον
1815 2342 1952 2416 πρὸς

297 2438 525 2509 Φαραὼ,
556 2436 647 2492 καὶ
679 2434 1023 2510 ἐξελεύσεται
1058 2436 1193 2509 μετᾶ
1242 2438 1340 2490 σοῦ
1398 2434 1476 2496 είς
1534 2433 1624 2489 τὸν
1679 2434 1953 2506 ποταμὸν,

290 2527 385 2582 καὶ
416 2527 588 2599 τύψον
610 2527 680 2598 τῇ
704 2520 895 2602 ῥάϐδῳ
928 2546 1025 2580 σου
1065 2525 1132 2580 τὰ
1178 2521 1348 2580 ὕδατα
1394 2528 1492 2579 τοῦ
1552 2526 1827 2597 ποταμοῦ,
1859 2524 1949 2578 καὶ

283 2610 621 2691 μεταϐαλεῖς
662 2615 798 2671 αὐτὰ
827 2614 905 2677 εἷς
966 2615 1127 2688 αἷμα.
1168 2640 1187 2664 ιι
1255 2613 1347 2670 Καὶ
1408 2611 1606 2668 τούτου
1660 2611 1949 2688 γενομένου

288 2699 623 2779 μεταϐλήθη
665 2702 839 2758 πάντα
888 2702 957 2758 τὰ
988 2699 1155 2757 ὕδατα
1214 2701 1289 2763 εἰς
1334 2701 1494 2776 αἷμα,
1552 2699 1639 2755 καὶ
1687 2702 1948 2756 ἀτέθανον

292 2798 347 2852 οἱ
385 2796 440 2851 ἐν
495 2793 577 2867 τῷ
629 2799 865 2869 ποταμῷ
918 2793 1127 2870 ἷχθύες,
1184 2793 1275 2849 καὶ
1333 2791 1433 2848 οὐκ
1496 2789 1766 2863 ἠδύναντο
1805 2797 1948 2847 πιεῖν

291 2882 446 2961 ὕδωρ
479 2885 533 2941 οὶ
563 2884 879 2960 Αἰγύπτιοι,
914 2883 998 2938 ὅτι
1054 2882 1230 2938 πάντα
1267 2881 1335 2937 τὰ
1381 2880 1549 2936 ὓδατα
1609 2880 1947 2956 μετεστράφη

280 2975 363 3039 εθς
396 2977 563 3048 αἷμα.
599 2974 896 3044 Ἐποίησαν
946 2969 1004 3028 δὲ
1048 2972 1141 3027 καὶ
1201 2970 1251 3027 οἴ
1311 2968 1558 3027 ἐπαοιδοὶ
1614 2974 1722 3025 τῶν
1785 2970 1952 3043 Δίγυ-

270 3066 454 3121 πτίων
503 3069 628 3127 ταῖς
688 3063 1056 3142 φαρμακείαις
1142 3060 1318 3116 αὐτων
1407 3058 1689 3122 ὡσαύτως·
1755 3057 1951 3130 ἐσκλη-

283 3156 455 3230 ρύνθη
490 3153 615 3225 ὂὶή
674 3151 873 3229 καρόια
931 3152 1158 3229 Φαραὼ,
1189 3149 1280 3207 καὶ
1330 3149 1430 3208 οὐκ
1486 3149 1797 3221 εἰσήκουσεν
1857 3149 1949 3205 αὐ-

274 3250 410 3304 τῶν.
456 3244 559 3300 Καὶ
621 3244 754 3317 μετὰ
813 3243 949 3299 ἑπτα
1005 3242 1215 3318 ἡμέρας
1270 3237 1643 3317 παρακληθεὶς
1702 3242 1943 3310 Μωυσῆς

281 3335 389 3390 ὑπὸ
448 3338 552 3390 τοῦ
595 3332 803 3405 Φαραὼ
858 3333 1225 3407 προσηύξατο,
1279 3329 1370 3385 καὶ
1427 3328 1591 3385 πάλιν
1642 3328 1850 3407 εγενετο
1880 3330 1946 3384 τὰ

275 3420 456 3479 ὕδατα
511 3421 744 3497 καθαρά.
836 3420 934 3477 Καὶ
1019 3417 1164 3493 λέγει
1233 3421 1478 3490 Μωῦσῆς
1552 3422 1636 3490 τῷ
1717 3419 1940 3493 Φαραώ³

277 3536 309 3565 α
341 3510 512 3577 Ἰδοὺ,
548 3507 683 3572 εἶδες
718 3510 817 3579 τὴν
854 3512 951 3565 τοῦ
982 3511 1117 3564 Θεοῦ
1145 3507 1373 3584 Ἰσραὴλ
1434 3504 1684 3579 δύναμιν·
1734 3507 1945 3562 ἀπόλυ-

277 3623 369 3659 σον
405 3602 502 3658 τὸν
566 3600 698 3656 λαὸν
756 3601 851 3654 ἳνα
909 3597 1297 3675 λατρεῦσωμεν
1355 3601 1436 3671 τῷ
1493 3597 1697 3669 Θεῷ.»
1763 3596 1827 3653 Ὀ
1888 3593 1948 3652 δὲ

282 3690 494 3767 Φαραὼ
528 3690 960 3764 συντασσόμενος
991 3683 1325 3743 ἀνεϐάλλετο
1357 3687 1454 3742 Καὶ
1516 3683 1714 3759 ηὔξατο
1775 3687 1948 3743 Menti-

286 3787 387 3848 σῆς
419 3782 559 3857 πρὸς
585 3781 676 3836 τὸν
719 3778 851 3836 Θεὸν
884 3776 1096 3853 πέμψαι
1152 3773 1376 3853 πληγάς
1439 3781 1555 3839 τοῖς
1606 3775 1946 3853 Αἰγυπτίοις,

278 3874 374 3927 ’ἕνα
434 3869 749 3947 ἀναγκασθῇ
799 3867 1005 3944 Φαραὼ
1061 3864 1335 3922 ἀπολῦσαι
1388 3865 1480 3921 τὸν
1536 3867 1779 3938 Ἰσραήλ.
1842 3864 1947 3921 Καὶ

276 3957 494 4035 ἔπεμψε
564 3958 759 4035 Κύριος
815 3959 844 4013 6
902 3956 1033 4021 Θεὸς
1089 3963 1205 4018 τοὶς
1262 3955 1586 4033 Αἰγυπτίοις
1642 3956 1743 4024 τήν
1788 3950 1948 4010 δεκά-

280 4049 508 4126 πληγον
546 4047 739 4125 ὀργὴν,
792 4046 933 4103 ὣστε
990 4044 1367 4121 παρακαλέσαι
1412 4046 1505 4101 τὸν
1565 4043 1801 4101 Μωυσέα
1856 4045 1948 4099 καὶ

276 4142 454 4195 εῗπεῖν
486 4139 661 4210 αὐτῷ’
724 4163 753 4190 «
789 4135 955 4211 Εῦξαι
986 4140 1064 4209 τῷ
1093 4140 1211 4209 Θεῷ
1242 4156 1360 4205 σου,
1384 4135 1477 4190 ’ἱνα
1506 4134 1676 4211 ῥυσοῇ
1710 4137 1745 4204 ἡ
1787 4134 1950 4213 χώρα

274 4227 415 4301 αὕτη
482 4232 595 4283 τῶν
654 4228 934 4282 τοσούτων
992 4230 1195 4281 κακῶνο
1253 4223 1344 4280 καὶ
1403 4229 1468 4299 ζῇ
1530 4224 1724 4299 Κυὸριος
1757 4223 1946 4286 ὁθεός

274 4340 398 4387 σου,
434 4318 497 4373 οὗ
530 4314 772 4372 κωλῦσω
805 4337 862 4372 σε
903 4310 1093 4372 λαϐεῖν
1142 4316 1234 4370 τὸν
1268 4312 1400 4371 λαόν
1432 4335 1528 4368 σου
1578 4315 1672 4370 τὸν
1728 4310 1949 4389 Ἰσραὴλ

273 4409 353 4471 εἰς
384 4409 450 4464 τὸ
501 4405 797 4482 λατρεῦσαι
833 4406 976 4477 ὑμᾶς
1033 4404 1200 4474 αὐτῷ.
1229 4427 1258 4457 ››
1315 4404 1377 4461 Ὀ
1409 4401 1466 4459 δὲ
1507 4402 1715 4478 Φαραὼ
1775 4399 1948 4457 ἄπελ-

277 4499 389 4553 θὼν
423 4497 482 4552 ’ἐν
524 4496 741 4575 mea?“
798 4494 875 4558 εἷς
905 4495 970 4550 τὸ
1026 4488 1353 4569 περιϐόητεν
1413 4498 1688 4567 μαντεῖοιι,
1722 4491 1813 4547 καὶ
1847 4490 1950 4547 λα-

2063 1921 2132 1959 eo
2165 1905 2223 1959 in
2248 1912 2465 1962 terram
2498 1906 2782 1978 projecta,
2817 1908 2877 1963 in
2908 1907 3195 1981 grandem
3222 1912 3314 1965 est
3344 1914 3573 1965 mutata
3613 1907 3717 1964 84

2062 2009 2336 2067 anguem,
2367 1996 2466 2066 qui
2498 2014 2532 2051 a
2560 1997 2745 2070 magis
2775 1996 2962 2052 factos
2987 2014 3209 2071 angues
3240 1997 3564 2071 deglutivit.
3597 2001 3720 2052 Ca)-

2062 2089 2252 2139 terum
2277 2084 2604 2141 Pharaonis
2636 2104 2739 2142 cor
2769 2086 3130 2142 obduratum
3161 2086 3292 2154 fuit,
3326 2104 3520 2159 neque
3553 2103 3719 2142 man-

2061 2170 2195 2226 dato
2229 2172 2333 2227 Dei
2358 2174 2806 2247 obtemperavit.
2830 2175 3054 2232 Deinde
3076 2175 3149 2232 ad
3181 2177 3399 2232 Mosem
3432 2176 3719 2232 Dominus

2061 2260 2238 2317 dixit:
2261 2286 2287 2311 ‹‹
2305 2264 2534 2320 Accede
2554 2265 2949 2334 Pharaonem,
2973 2267 3143 2338 isque
3166 2272 3362 2322 tecum
3385 2266 3461 2323 ad
3478 2282 3718 2322 amnem

2060 2348 2415 2421 egredietur,
2449 2356 2511 2406 tu
2543 2366 2731 2422 aquas
2760 2352 3031 2408 ﬂuminis
3057 2352 3266 2408 baculo
3294 2358 3395 2409 tuo
3424 2351 3626 2420 feries,
3660 2358 3719 2408 et

2058 2437 2259 2493 statim
2290 2438 2352 2495 in
2384 2441 2738 2513 sanguinem
2764 2446 3089 2497 vertentur.
3129 2464 3149 2492 ο
3185 2442 3316 2515 Egit
3354 2444 3466 2497 hoc
3502 2443 3713 2510 Moses,

2058 2527 2451 2600 universaque
2477 2546 2631 2602 aqua
2663 2529 2726 2586 in
2757 2533 3112 2603 sanguinem
3171 2531 3433 2598 redacta,
3495 2530 3717 2586 mortui

2056 2622 2196 2670 sunt
2225 2615 2286 2671 in
2316 2615 2493 2673 ﬂuvio
2520 2618 2713 2689 pisces
2739 2635 2752 2685 ;
2778 2624 2957 2692 atque
2979 2619 3052 2675 ob
3080 2624 3371 2676 mutatam
3392 2619 3454 2675 in
3478 2619 3719 2692 sangui-

2055 2720 2193 2760 nem
2225 2721 2440 2777 aquam
2473 2706 2676 2763 bibere
2710 2724 2840 2763 eam
2885 2708 3135 2781 Egyptii
3175 2709 3592 2779 nequiverunt.
3626 2707 3717 2764 Ad

2056 2792 2335 2849 eumdem
2395 2795 2637 2851 modum
2696 2812 2934 2868 quoque
2994 2797 3335 2853 incantores
3383 2797 3713 2854 Pharaonis

2056 2898 2162 2937 suo
2193 2884 2479 2940 veneﬁcio
2512 2892 2775 2958 egerunt.
2807 2886 2920 2941 Cor
2948 2892 3149 2943 autem
3182 2886 3510 2943 Pharaonis
3541 2886 3711 2943 indu-

2055 2972 2195 3038 ruit,
2228 2989 2424 3045 neque
2455 2974 2708 3030 audiens
2737 2975 2895 3031 dicto
2926 2976 3102 3032 Mosis
3153 2983 3213 3032 et
3266 2977 3519 3033 Aaronis
3575 2976 3708 3033 fuit.

2054 3061 2283 3134 Elapsis
2313 3070 2541 3136 septem
2575 3064 2805 3134 diebus,
2838 3066 3028 3122 Moses
3057 3067 3383 3123 Pharaonis
3417 3073 3626 3140 rogatu
3677 3083 3712 3122 a

2055 3152 2174 3207 Deo
2207 3154 2483 3224 precibus
2506 3154 2767 3211 obtinuit
2783 3161 2846 3210 ut
2865 3172 3035 3228 aqua:
3059 3163 3540 3230 repurgarentur.
3565 3158 3710 3213 Tum

2055 3241 2243 3298 Moses
2264 3243 2634 3300 Pharaonem
2653 3262 2916 3311 monere,
2937 3246 3174 3317 quando
3196 3246 3298 3302 Dei
3321 3247 3394 3303 ab
3417 3246 3710 3303 Israelicis

2052 3330 2192 3386 culti
2222 3334 2553 3403 potentiam
2586 3334 2849 3399 vidisset,
2883 3334 2967 3389 uti
3000 3335 3284 3407 p0pulum
3315 3352 3451 3393 eum
3480 3335 3553 3392 ad
3584 3337 3703 3392 Deo

2054 3436 2161 3475 suo
2215 3422 2620 3479 exhibendum
2680 3422 2907 3479 cultum
2950 3424 3298 3481 dimitteret.
3340 3427 3567 3482 Pharao
3596 3442 3704 3498 pa-

2054 3508 2252 3568 ctione
2283 3510 2637 3584 interposita
2666 3530 2793 3569 rem
2827 3514 3095 3569 extravit.
3130 3514 3383 3572 Proinde
3432 3516 3620 3572 Moses
3672 3532 3708 3572 a

2052 3596 2173 3653 Deo
2234 3601 2513 3670 precibus
2571 3602 2882 3657 contendit
2932 3608 2999 3657 ut
3028 3601 3394 3659 calamitates
3424 3603 3708 3678 Egyptiis

2053 3684 2355 3754 immittat,
2391 3690 2605 3763 hisque
2639 3692 3009 3748 Pharaonem
3040 3692 3113 3748 ad
3146 3692 3569 3750 dimittendum
3615 3694 3711 3749 Ju-

2054 3775 2215 3834 daaos
2246 3779 2583 3852 compellat.
2614 3780 2872 3837 Immisit
2899 3782 3055 3838 Deus
3084 3783 3368 3857 Egyptiis
3390 3782 3710 3855 decempli-

2056 3883 2183 3923 cem
2218 3869 2545 3939 miseriam,
2580 3887 2698 3942 qua
2727 3887 2896 3927 suam
2927 3871 3075 3927 iram
3107 3877 3463 3942 testaretur;
3525 3889 3713 3945 eaque

2053 3972 2158 4012 rex
2189 3964 2495 4029 permotus
2524 3975 2559 4014 a
2584 3960 2743 4015 Mose
2774 3961 2947 4032 petiit
2975 3966 3041 4015 ut
3070 3962 3356 4034 Egyptiis
3387 3978 3423 4017 a
3453 3967 3542 4018 tot
3578 3967 3715 4018 tan-

2053 4051 2251 4122 tisque
2279 4047 2452 4104 malis
2481 4048 2905 4106 liberationem
2938 4066 2973 4105 a
3004 4051 3120 4106 Deo
3152 4052 3499 4123 impetraret
3531 4067 3544 4107 :
3582 4052 3714 4107 «Ita

2055 4139 2213 4206 vivit,
2229 4138 2533 4209 inquiens,
2548 4139 2703 4194 Deus
2718 4144 2877 4208 tuus,
2890 4139 2975 4194 uti
2990 4155 3094 4210 ego
3114 4146 3239 4195 tum
3256 4157 3375 4195 non
3390 4140 3715 4213 impediam

2057 4229 2202 4302 quin
2236 4234 2475 4298 accepto
2508 4232 2703 4282 tecum
2736 4228 3059 4283 Israelitico
3091 4228 3305 4300 populo
3334 4230 3450 4284 Deo
3482 4229 3711 4285 cultum

2055 4323 2325 4392 prasstes.
2358 4341 2385 4367 ››
2424 4319 2604 4372 Porro
2637 4323 2835 4372 autem
2869 4316 3095 4373 Pharao
3134 4318 3453 4390 Memphim
3510 4319 3710 4390 profe-

2057 4414 2207 4473 ctus,
2243 4407 2514 4463 consulto
2541 4406 2622 4462 ibi
2651 4406 3041 4463 celeberrimo
3084 4407 3197 4464 isto
3249 4407 3490 4464 oraculo
3546 4425 3710 4465 acce-

2058 4503 2278 4570 ptoque
2312 4494 2470 4566 quod
2501 4495 2819 4551 retulimus
2860 4513 3170 4568 responso,
3223 4514 3494 4553 reversus
3553 4497 3708 4555 illico

275 4582 394 4643 εὼν
427 4586 523 4642 τὸν
574 4558 956 4660 προρρηθέντα
1009 4583 1267 4659 χρησμὸν
1315 4587 1407 4638 καὶ
1456 4581 1799 4659 ὑποστρέψας
1856 4580 1942 4636 εὖ-

2057 4558 2278 4643 Mosem
2308 4558 2485 4656 atque
2515 4586 2812 4641 Aaronem
2844 4558 2978 4641 cum
3030 4558 3251 4659 populo
3303 4587 3401 4646 85
3462 4588 3707 4645 Judaico

272 4679 419 4740 θὲως
450 4673 689 4731 ἀπέλυσε
716 4674 807 4729 τὸν
870 4670 1096 4748 Ἰσραὴλ
1158 4672 1293 4745 μετὰ
1344 4668 1622 4734 Μωϋσέως
1676 4671 1767 4726 καὶ
1815 4671 1944 4726 Ἀα-

277 4768 412 4843 ρών.
445 4758 657 4822 Ἐλαϐε
683 4760 740 4819 δὲ
771 4762 799 4818 6
834 4762 969 4825 λαὸς
1010 4761 1061 4817 ἐν
1094 4764 1295 4838 χρήσει
1327 4760 1433 4817 ἀπὸ
1488 4764 1598 4817 τῶν
1626 4759 1943 4838 Αἰγυπτίων

273 4856 449 4925 σκεύη
485 4856 669 4929 χρυσᾶ
695 4852 784 4907 καὶ
843 4850 1053 4927 ἀργυρᾶ
1108 4849 1199 4907 καὶ
1259 4851 1557 4925 ἱματισμὸν
1614 4849 1809 4907 πολύν.
1843 4848 1946 4907 Καὶ

278 4946 421 5019 μετὰ
467 4944 532 4999 τὸ
588 4939 828 5012 ὶξελθεῑν
888 4939 1088 5004 αὐτοὺς
1163 4938 1512 5014 μετεμελήθη
1571 4939 1797 5017 Φαραὼ,
1853 4938 1946 4997 καὶ

278 5030 610 5103 κατεδίωξεν
646 5029 824 5087 ὀπίσω
852 5028 1030 5085 αὐτῶν
1090 5028 1223 5100 μετὰ
1274 5032 1387 5085 τῶν
1444 5029 1701 5102 ἁρμάτων
1756 5028 1943 5099 αὐτοῦ,

273 5125 369 5180 καὶ
401 5115 709 5179 κατέλαϐεν
742 5117 938 5180 αὐτοὺς
969 5118 1113 5193 παρὰ
1167 5118 1267 5187 τήν
1316 5118 1583 5193 Ἐρυθρὰν
1642 5114 1940 5175 θάλασσαν.

271 5216 386 5291 οὓς
420 5212 747 5283 Θεασάμενοι
802 5209 857 5263 οἱ
916 5204 1258 5281 Ἰσραηλῖται
1316 5202 1615 5275 ἀνεϐόησαν
1682 5208 1820 5283 πρὸς
1848 5208 1938 5262 τὸν

266 5307 420 5363 Θεόν.
456 5306 552 5363 Καὶ
591 5301 840 5360 ἒκτεῖνας
871 5300 970 5367 τῆν
1000 5303 1165 5379 χεῖρα
1213 5297 1382 5354 αὐτοῦ
1441 5299 1685 5369 Μωῦσης
1739 5296 1942 5372 ἔπληξε

264 5398 368 5467 τήν
423 5398 703 5453 θάλασσαν
770 5385 983 5467 diosa),
1044 5390 1128 5444 καὶ
1193 5385 1421 5465 διῃρέθη
1479 5391 1547 5445 τὰ
1601 5386 1791 5458 ὕδατα,
1847 5390 1939 5445 καὶ

271 5483 425 5561 διέϐη
460 5491 574 5549 πᾶς
607 5484 640 5539 6
662 5482 801 5544 λαὸς
835 5479 913 5541 ὡς
959 5475 1050 5533 διὰ
1105 5478 1291 5556 ξηρᾶς.
1348 5480 1609 5537 ⁴Ὀπισθεν
1657 5475 1716 5535 δὲ
1744 5499 1938 5536 τουτου

264 5579 525 5653 εἰσῆλθον
578 5573 675 5633 καὶ
738 5573 793 5628 οἱ
853 5568 1148 5641 Αἰγυπτιοι
1190 5568 1386 5632 πάντες
1418 5568 1530 5643 ἅμα
1586 5572 1666 5643 τῷ
1732 5571 1938 5646 Φαραὼ

330 5703 381 5746 ιο
400 5697 601 5764 Exod.
634 5711 734 5753 vn.

2057 4674 2304 4730 dimisit.
2334 4676 2634 4730 Mutuatus
2665 4681 2866 4730 autem
2898 4680 2990 4730 est
3018 4676 3274 4748 populus
3303 4677 3377 4733 ab
3427 4679 3708 4751 Egyptiis

2057 4781 2196 4821 vasa
2223 4780 2404 4820 aurea
2438 4768 2497 4819 et
2526 4770 2807 4837 argentea
2836 4770 3178 4839 vestemque
3209 4766 3480 4823 multam.
3516 4770 3601 4824 En
3622 4767 3710 4823 di-

2055 4871 2258 4929 gresso
2288 4853 2511 4910 factum
2542 4854 2770 4911 Pharao
2802 4856 3071 4921 mutavit,
3122 4856 3547 4930 insemtusque
3607 4873 3710 4914 eos

2056 4950 2147 5001 est
2176 4961 2312 5001 cum
2343 4943 2616 5000 curribus
2648 4946 2793 5011 suis,
2826 4951 3004 5017 atque
3036 4953 3345 5005 assecutus
3382 4947 3538 5020 apud
3589 4949 3709 5005 Bu-

2053 5032 2228 5090 brum
2242 5050 2422 5091 mare.
2442 5034 2722 5103 Israelici,
2736 5035 2876 5090 visis
2890 5036 3434 5109 £gyptiis,sublato
3447 5038 3709 5094 clamore

2056 5123 2156 5180 Dei
2180 5123 2465 5180 auxilium
2488 5123 2903 5196 implorarunt.
2927 5125 3010 5182 Ibi
3028 5132 3151 5182 tum
3168 5129 3355 5183 Moses
3373 5144 3552 5183 manu
3571 5144 3709 5198 por-

2052 5219 2213 5269 recla
2232 5230 2393 5269 mare
2414 5213 2621 5270 baculo
2633 5215 2955 5287 percussit:
2974 5216 3170 5271 statim
3191 5233 3359 5288 aqum
3375 5216 3454 5272 ita
3467 5216 3707 5272 suntdi-

2050 5304 2207 5372 visa),
2222 5312 2287 5361 ut
2301 5307 2613 5363 universus
2628 5307 2880 5379 populus
2898 5314 3178 5380 tanquam
3195 5325 3300 5380 per
3311 5309 3534 5365 siccum
3550 5316 3707 5366 tran-

2052 5394 2273 5451 siverit.
2324 5397 2472 5451 Eum
2520 5397 2822 5452 subsecuti
2872 5403 3014 5452 sunt
3046 5398 3294 5469 quyptii
3327 5416 3536 5455 omnes
3567 5418 3705 5456 cum

2046 5483 2355 5545 Pharaone
2370 5492 2423 5541 et
2437 5485 2713 5541 curribus
2727 5484 3034 5550 suis.Quos
3048 5503 3184 5542 cum
3199 5487 3706 5546 viderentlsraeli-

2051 5572 2106 5631 ei
2121 5575 2511 5650 pertransire,
2529 5576 2737 5650 ingens
2750 5575 2908 5655 apud
2919 5576 3028 5635 hos
3043 5584 3235 5637 terror
3246 5580 3611 5639 estobortus.
3631 5584 3708 5640 At
