4118 6424
433 363 548 426 115

1797 353 2116 419 GEOIlGll
2161 349 2496 415 CEDBENI

3732 339 3844 418 iul

436 500 644 568 Moses,
674 499 832 570 virga
862 514 968 553 sua
997 503 1321 552 retrorsum
1356 501 1646 568 porrecta.
1681 511 1897 566 aquam
1929 493 2091 548 alveo

2208 489 2341 562 μετΞι
2407 493 2513 542 τῶν
2565 489 2820 562 ἁρμάτων
2884 487 3075 544 αὐτῶν.
3145 483 3371 547 Ἰδόντες
3425 481 3482 542 δέ
3548 486 3737 552 αὐτοὺς
3780 491 3828 546 oi

435 587 720 652 restituit,
757 604 946 659 eaque
981 603 1188 642 omnes
1216 585 1465 658 Egyptii
1495 590 1633 640 sunt
1658 583 1878 651 obruti,
1928 581 2097 637 nullo

437 677 778 748 superslite.
805 677 922 732 Hoc
943 677 1087 738 viso,
1111 673 1371 730 Israelici
1401 674 1498 728 Dei
1527 673 1627 744 qui
1662 672 1824 744 ipsos
1865 686 2095 726 servas-

437 772 529 820 set
545 765 1202 838 laudesprmdicaverun
1215 771 1251 829 t,
1287 763 1694 836 praeeuntibus
1711 763 1767 816 in
1783 763 1907 816 haec
1921 776 1970 814 Vt
1990 757 2097 812 rba

437 861 597 916 Mose
612 868 788 931 alque
803 864 1037 915 Aarone
1058 876 1070 912 :
1092 881 1118 906 ‹‹
1138 859 1432 913 Canamus
1450 856 1788 916 Dominum.
1819 869 1957 910 nam
1979 851 2097 923 glo-

441 949 600 1004 riose
613 949 859 1020 gloriam
877 964 1042 1003 suam
1062 953 1332 1002 testatam
1347 945 1590 1009 fecit",»
1605 951 1715 1001 etc.
1734 943 2095 1012 subtequen-

439 1037 598 1093 tibus
613 1039 790 1093 Maria
804 1036 1319 1102 etmulieribus,ac
1335 1042 1685 1108 tympanum
1700 1031 2098 1106 pulsantibus.

2209 577 2549 652 Ἰσραηλῖται
2583 575 2976 655 διερχομένους
3001 573 3156 652 φόϐῳ
3191 575 3590 657 συνεσχέθησαν
3622 578 3840 654 ἀπείρῳ.

2205 669 2266 723 Ὀ
2287 667 2344 722 δέ
2401 675 2628 737 Μοϋσῇς
2683 669 2922 732 ἒκτείνας
2981 669 3079 737 τήν
3136 663 3335 744 ῥάϐδον
3386 668 3552 723 αὐτοῦ
3609 667 3840 745 ἐπιστρε·

2204 761 2409 819 πτικῶς
2439 759 2524 830 [Ρ.
2557 761 2648 832 48]
2688 759 3092 828 ἀποκατέστησε
3118 766 3181 813 τὸ
3211 754 3358 828 ὕδωρ
3408 757 3483 819 είς
3540 759 3630 813 τὸν
3687 758 3844 815 τόπον

2204 845 2398 904 αὐτοῦ.
2435 846 2530 901 Καὶ
2559 842 2752 926 ἔφυγον
2784 847 2979 909 πέντες
3010 847 3061 902 οἱ
3111 845 3404 921 Αίγ·5πτιοι
3437 847 3541 902 ὑπὸ
3571 849 3636 903 τὸ
3683 845 3844 923 ὕδωρ,

2210 933 2441 1009 μηδενὸς
2474 934 2915 1013 ὑπολειφθέντος.
2945 937 3118 1011 Ὅπερ
3150 934 3469 1009 θεασάμενοι
3529 936 3581 990 οἱ
3639 937 3846 1010 Ἰσραη-

2207 1021 2354 1079 λῖται
2386 1025 2478 1079 τὸν
2513 1027 2810 1101 ρυσοὶμενον
2851 1023 3048 1088 αὐτοὺς
3095 1026 3223 1080 Θεὸν
3278 1022 3658 1100 ἓδοξολὸγουν,
3714 1045 3844 1100 προ-

440 1127 760 1200 ηγουμένων
791 1127 882 1180 τοῦ
917 1123 1196 1188 Μωυσέως
1226 1124 1316 1178 καί
1349 1127 1446 1178 τοῦ
1477 1124 1690 1198 Ἀαρὼν
1719 1121 1810 1176 καὶ
1843 1119 2140 1198 γεγόντων·
2203 1140 2230 1166 ‹‹
2293 1119 2549 1188 ’ᾋσωμεν
2609 1118 2687 1186 τῷ
2744 1115 2951 1189 Κυρίῳ·
3019 1109 3247 1184 ἐνδόξως
3301 1114 3402 1188 γὰρ
3463 1110 3790 1187 δεδόξασται,
3821 1139 3847 1168 ι)

438 1213 784 1296 ἐφεπομένης
823 1221 923 1284 τῆς
951 1211 1194 1290 ἀδελφῆς
1227 1213 1402 1268 αὐτῶν
1439 1213 1654 1286 Μαρίας
1689 1211 1826 1286 μετᾶ
1853 1214 1960 1265 τῶν
1990 1209 2279 1283 γυναικῶν,
2313 1204 2402 1258 καὶ
2444 1205 2889 1281 ἀνακρουομένης
2917 1204 2980 1259 τὸ
3009 1203 3311 1277 τύμπανον.

513 1305 579 1360 In
605 1307 788 1360 Parva
819 1304 1031 1360 Genesi
1067 1304 1354 1375 scriptum
1388 1309 1477 1359 est
1506 1303 1667 1358 solos
1694 1301 1899 1358 decem
1930 1313 2100 1353 men-

441 1414 536 1452 ses
567 1395 832 1468 abjectos
862 1395 1045 1450 fuisse
1080 1397 1139 1449 in
1173 1411 1412 1449 amnem
1443 1409 1660 1464 pueros
1686 1391 2094 1447 Israelicorum

441 1487 632 1542 donec
676 1502 708 1541 a
767 1485 970 1558 regina
1015 1487 1204 1540 Moses
1249 1484 1388 1540 inde
1437 1489 1750 1556 exemptus
1793 1481 1924 1537 fuit.
1963 1479 2097 1534 ideo

441 1577 622 1632 etiam
653 1576 859 1632 decem
889 1591 1106 1648 genera
1138 1575 1540 1631 calamitatum
1573 1591 1680 1646 per
1699 1574 1903 1629 decem
1929 1587 2098 1626 men-

443 1684 536 1722 ses
567 1665 849 1738 Egyptiis
882 1665 1129 1733 inflicta,
1165 1681 1264 1720 eos
1293 1681 1406 1736 que
1439 1663 1676 1719 demum
1714 1663 1774 1717 in
1807 1660 1954 1716 mari
1990 1676 2097 1731 pe—

441 1756 638 1824 riisse,
654 1754 949 1826 quomodo
973 1755 1357 1809 Hebraeorum
1379 1770 1598 1826 pueros
1620 1753 1680 1808 in
1703 1751 1880 1808 fluvio
1918 1751 2095 1805 suffo-

2278 1295 2398 1350 ‘Oti
2430 1290 2481 1348 έν
2509 1295 2578 1367 τῇ
2629 1296 2806 1359 Λεπτῆ
2843 1292 3045 1348 Γενέσει
3091 1299 3264 1348 κεῖται
3327 1291 3526 1365 μόνους
3582 1289 3706 1348 δέκα
3747 1301 3848 1368 μῆ·-

2207 1381 2651 1458 ναςριεῆναετά
2707 1383 2880 1458 βρέφη
2938 1386 3046 1438 τῶν
3111 1380 3469 1452 Ἰσραηλιτῶν
3520 1379 3573 1437 έν
3619 1384 3715 1459 “~9-
3750 1403 3848 1438 πο·

2205 1478 2388 1546 ταμῷ,
2421 1468 2524 1535 ἕως
2555 1472 2618 1528 οὗ
2648 1471 2932 1552 ἀνελήφθη
2965 1479 3244 1543 Μωοϋσης
3297 1473 3402 1528 ὑπὸ
3467 1479 3567 1542 τῆς
3605 1472 3849 1548 βασιλίσ-

2209 1580 2328 1632 σης⁶
2363 1560 2452 1616 ali
2487 1565 2651 1618 τοῦτο
2683 1559 2810 1618 δέκα
2866 1561 3082 1639 πληγαι
3139 1559 3400 1632 ἐδόθησαν
3452 1563 3508 1616 ἓν
3539 1559 3664 1616 δέκα
3723 1564 3850 1636 μησί

2203 1657 2321 1713 τοῖς
2357 1649 2704 1724 Αῗγυπτίοις,
2727 1650 2818 1706 καὶ
2857 1649 3015 1712 τέλος
3045 1651 3097 1706 ἐν
3154 1654 3224 1724 τῇ
3283 1648 3528 1724 θαλάσσῃ
3574 1652 3852 1726 κατεστρίτ

2206 1762 2380 1820 φησαν
2436 1741 2495 1796 ’ὀν
2553 1742 2756 1811 τρόπον
2815 1741 2881 1795 τὰ
2961 1740 3134 1815 βρέφη
3179 1744 3290 1795 τῶν
3349 1734 3617 1814 Ἐϐραίων
3666 1738 3718 1794 έν
3776 1738 3850 1813 τῷ

443 1851 738 1902 caverant.
756 1845 836 1900 ita
861 1845 1123 1916 quidem,
1143 1845 1347 1900 ntloco
1362 1845 1539 1898 unius
1567 1842 1814 1898 infantis
1835 1838 2090 1895 lsraelici

2208 1833 2435 1902 ποταμῷ
2493 1824 2790 1904 ἀπέπνιγον
2823 1873 2838 1896 ,
2896 1827 3102 1905 χιλίων
3178 1826 3388 1904 ἀνδρῶν
3451 1827 3848 1903 ἀποπνιγέντων

442 1933 604 1989 mille
635 1933 736 1988 80
769 1933 943 1987 validi
977 1933 1082 1987 viri
1117 1933 1360 2004 :Egyptii
1396 1931 1748 1987 interierint.
1801 1931 2093 1984 Craterum

443 2025 662 2078 Mosem
689 2023 1015 2078 Pharaonis
1047 2023 1169 2077 filia
1199 2024 1260 2076 in
1291 2023 1516 2092 regium
1550 2038 1735 2094 genus
1774 2017 2092 2090 adoptavit,

443 2131 638 2185 neque
693 2121 890 2169 tamen
948 2113 1244 2167 Israelicis
1289 2111 1360 2168 de
1393 2113 1682 2184 imperato
1713 2126 1891 2182 opere
1922 2107 2096 2179 quid-

445 2221 620 2274 quam
655 2204 902 2258 remisit.
934 2204 1077 2258 Cum
1105 2205 1292 2258 Moses
1323 2203 1552 2258 virilem
1593 2206 1828 2257 aetatem
1858 2198 2094 2270 attigis-

447 2299 556 2362 set,
591 2293 892 2364 Aithiopes
922 2293 1064 2346 Indo
1093 2292 1269 2347 fluvio
1303 2295 1548 2363 trajecto
1573 2290 1845 2364 gravibus
1904 2289 2096 2343 incur-

447 2382 715 2444 sionibus
745 2383 1053 2454 Egyptum
1088 2380 1352 2453 populati
1403 2388 1562 2447 sunt,
1613 2382 1696 2436 ita
1743 2378 1985 2452 quidem
2034 2381 2100 2430 ut

445 2471 625 2526 urbes
638 2488 820 2544 prope
837 2487 1047 2526 omnes
1071 2471 1405 2536 everterint,
1423 2469 1748 2527 exercitum
1766 2465 2095 2540 Egyptium

446 2561 793 2629 delcvcrint,
825 2562 1099 2618 ductores
1133 2562 1262 2634 ejus
1294 2561 1736 2618 trucidaverint.
1772 2558 2011 2615 Duravit
2039 2555 2100 2612 id

447 2651 670 2707 bellum
702 2669 889 2708 annns
919 2653 1204 2723 quinque.
1237 2651 1486 2725 Egyptii
1518 2657 1716 2708 autem
1749 2650 1808 2704 in
1833 2665 2099 2706 summas

449 2741 671 2797 redacti
704 2743 1006 2812 angustias
1038 2740 1279 2796 oraculo
1302 2739 1930 2813 jubenturimperium
1955 2739 2097 2794 Mosi

449 2831 702 2898 deferre,
735 2831 934 2902 itaque
969 2838 1085 2886 eta
1135 2831 1478 2886 Thermutlii
1538 2831 1649 2885 hoc
1708 2828 2095 2884 contendunt.

449 2923 530 2975 Ea
587 2921 804 2976 acriter
861 2922 920 2974 in
979 2921 1140 2991 ipsos
1180 2919 1410 2975 invecta
1439 2919 1597 2990 quod
1623 2935 1723 2974 eos
1756 2936 1864 2990 per
1893 2919 2097 2974 dolum

449 3009 676 3066 diceret
704 3026 766 3064 re
793 3027 926 3065 cum
962 3009 1170 3064 scribis
1205 3026 1396 3065 rerum
1429 3025 1731 3064 sacrarum
1770 3009 2101 3080 composita

451 3101 508 3155 id
537 3101 852 3156 consilium
885 3100 990 3156 lilii
1023 3102 1114 3155 sui
1147 3099 1542 3155 interficiendi
1575 3116 1753 3156 causa
1791 3105 2100 3168 tractasse,

2205 1919 2450 1998 ἰσχυρῶν
2508 1918 2823 1995 Αἰγυπτίων
2885 1919 2998 1973 ἀνθ’
3057 1919 3176 1982 ἑνὸς
3236 1918 3473 1996 βρέφους
3526 1915 3853 1994 Ἰσραηλιτι-

2201 2015 2320 2066 κοῦ.
2354 2007 2529 2066 Αὐτὸν
2563 2006 2621 2064 δὲ
2657 2010 2748 2064 τὸν
2812 2013 3052 2078 Μωυσῆν
3111 2007 3187 2070 sic
3245 2008 3308 2063 τὸ
3377 2006 3667 2083 βασιλικὸν
3699 2007 3850 2082 γένος

2203 2099 2592 2170 εῗσεποιήσατο
2628 2102 2663 2169 ἡ
2723 2098 2968 2177 θυγέίτηρ
3029 2098 3257 2174 Φαραὼ,
3319 2098 3384 2153 οὗ
3447 2099 3634 2172 μέντοι
3702 2099 3857 2168 ἀνῆκε

2205 2195 2304 2258 τῆς
2336 2187 2681 2263 ἐπιταγείσης
2723 2187 2978 2266 ἐργασίας
3023 2189 3152 2251 τοὺς
3203 2186 3570 2263 Ἰσραηλίτας·
3623 2184 3854 2261 uva-sm.

2206 2276 2389 2340 θέντος
2455 2275 2512 2332 δὲ
2573 2275 2670 2333 τοῦ
2733 2276 3004 2340 Μωυσέως
3067 2271 3391 2352 ὑπερϐάντες
3467 2276 3728 2341 Αἰθίοπες
3771 2276 3855 2331 τὸν

2203 2354 2218 2378 τ
2284 2365 2332 2385 κι
2601 2367 2614 2386 ε
2839 2372 2859 2383 -ν
2996 2369 3009 2387 ς
3163 2365 3188 2388 u
3465 2375 3474 2384 .
3558 2365 3578 2388 ,Ι
3806 2365 3821 2386 ε

2225 2370 2370 2425 Ινοον
2408 2389 2654 2440 ποταμον
2713 2364 2904 2430 δεινως
2950 2388 3050 2437 την
3112 2371 3392 2440 Αιγυπτον
3447 2365 3760 2437 ἒληιζοντο,
3791 2384 3861 2426 ως

2208 2457 2305 2518 τὰς
2336 2455 2527 2520 πόλεις
2553 2453 2750 2532 σχεδὸν
2782 2455 2954 2519 πασας
3012 2454 3310 2531 ἀνατρέψαι
3339 2457 3438 2512 καὶ
3493 2455 3586 2512 τὸν
3643 2454 3859 2532 στρατὸν

2209 2547 2376 2617 αὐτῆς
2435 2547 2683 2625 ἀφανίσαι
2736 2547 2826 2601 καὶ
2909 2545 3036 2608 τοὺς
3117 2544 3458 2622 στρατηγοὺς
3544 2545 3858 2623 ἀποσφάξαι.

2209 2649 2464 2720 Ἔμειναν
2497 2645 2590 2701 οὖν
2618 2646 2944 2721 Αίγυπτίοις
2977 2643 3351 2719 πολεμοῦντες
3414 2645 3503 2701 ἐπὶ
3561 2641 3655 2716 ἔτη
3687 2645 3856 2700 πέντε.

2209 2741 2294 2796 Ἐν
2329 2738 2528 2814 ἀπορίᾳ
2560 2742 2689 2814 γοῦν
2723 2735 2914 2811 πολλῇ
2967 2736 3325 2800 καταστάντες
3371 2736 3672 2816 Αἰγύπτιοι
3719 2755 3860 2811 χρη-

2209 2821 2499 2902 σμεύόνται
2530 2826 2604 2889 ὠς
2634 2830 2714 2900 τῷ
2745 2830 2953 2901 Μωϋσῇ
2985 2827 3082 2896 τήν
3144 2826 3477 2902 στρατηγίαν
3537 2825 3856 2904 ἐγχειρίσαι,

2206 2915 2296 2972 καὶ
2329 2915 2704 2991 παρακαλοῦσι
2763 2917 2864 2987 τὴν
2895 2917 3200 2989 Θέρμουθιν
3250 2913 3540 2990 ἔπιτρέψαι
3599 2913 3858 2986 αὐτῷτὴν

2209 3005 2586 3082 στρατηγίαν·
2645 3006 2680 3075 ἡ
2735 3003 2783 3060 δ’
2839 3003 3113 3074 ὠνείδιζεν
3200 3005 3399 3068 αὐτοὺς
3490 3006 3582 3061 καὶ
3666 3001 3856 3062 κακοὺς

2209 3099 2465 3174 ἀπέφαινε
2519 3095 2610 3150 σὺν
2665 3099 2782 3156 τοῖς
2859 3091 3398 3170 ’ἱερογραμματεῦσιν
3483 3095 3560 3158 εἷς
3646 3095 3858 3159 θάνατον

448 3195 649 3246 tamen
680 3193 876 3246 Mosen
909 3191 1135 3246 dimisit
1164 3194 1368 3262 utpote
1397 3206 1502 3262 pro
1533 3189 1726 3262 patria
1764 3206 2096 3262 propugna-

2211 3181 2600 3243 ἐπιϐουλεῦσαι
2629 3189 2708 3258 τῷ
2745 3181 2896 3239 παιδὶ
2961 3181 3348 3260 βουληθέντας·
3413 3183 3568 3259 ὅμως
3625 3183 3702 3244 ὡς
3734 3181 3858 3257 ὑπὲρ

448 3285 671 3334 turum.
704 3281 774 3334 Et
798 3297 877 3351 qu
904 3279 1036 3334 dem
1055 3279 1315 3334 Mosesid
1339 3277 1682 3334 mandatum
1707 3279 2101 3335 libentissime

446 3367 510 3422 in
538 3385 599 3423 se
633 3369 876 3440 recepit,
907 3385 1101 3439 neque
1134 3369 1376 3424 omnino
1399 3367 1728 3440 quidquam
1750 3368 2102 3424 retormida-

448 3459 546 3512 vit.
581 3459 806 3530 Quippe
838 3459 1000 3513 omni
1032 3459 1245 3513 virtute
1277 3465 1486 3513 auctus
1516 3458 1872 3520 adoleverat,
1907 3458 2103 3514 omni-

446 3547 678 3617 busque
706 3547 1109 3620 A‘ngptiorum
1139 3549 1367 3602 artibus
1395 3547 1574 3603 veluti
1605 3548 1760 3618 regis
1799 3549 1957 3604 filius
2017 3548 2099 3604 in-

451 3640 694 3694 stitutus
724 3640 919 3694 fuerat
949 3656 960 3693 :
987 3640 1058 3694 ad
1092 3640 1216 3694 haec
1243 3640 1481 3711 ingenio
1533 3647 1660 3696 erat
1715 3647 1989 3712 prompto
2043 3647 2102 3697 et

451 3729 524 3783 ad
556 3745 682 3783 rem
715 3728 994 3784 bellicam
1025 3729 1182 3783 forti.
1216 3730 1271 3784 Is
1303 3745 1438 3802 ergo
1477 3746 1700 3785 annum
1755 3747 1936 3803 agens
1993 3731 2101 3786 tri-

452 3818 741 3872 cesimum
773 3819 901 3889 ejus
924 3817 1063 3874 belli
1088 3817 1328 3890 gerendi
1355 3835 1572 3874 munus
1593 3818 1793 3876 subiit.
1817 3821 1941 3884 Quo
1965 3836 2100 3876 cum

450 3923 557 3978 per
573 3906 930 3962 decennium
954 3913 1116 3979 gesto
1139 3908 1436 3980 zElhiopas
1454 3909 1515 3964 in
1537 3914 1870 3964 extremum
1899 3909 2104 3965 discri-

451 4013 587 4052 men
611 3995 1012 4068 compulisset,
1030 4001 1333 4068 totamque
1347 3997 2099 4070 devastassetAithiopiam,

449 4086 782 4156 Sabamque
806 4086 1165 4157 praecipuam
1185 4086 1395 4142 urbem
1419 4103 1486 4143 ac
1509 4087 1827 4160 caputejus
1851 4089 2012 4160 regni
2036 4089 2099 4142 in

447 4192 614 4231 suam
635 4181 985 4247 potestatem
1003 4175 1346 4246 redegisset,
1371 4175 1443 4231 ab
1467 4177 1629 4232 omni
1654 4176 1912 4232 hostium
1941 4183 2101 4232 metu

445 4268 754 4338 A‘Igyptum
789 4265 1078 4321 liberavit.
1114 4265 1256 4320 lude
1291 4265 1428 4321 odia
1457 4267 1860 4339 Algyptiorum
1893 4267 2102 4323 adver-

449 4372 549 4411 sus
581 4372 718 4410 eum
749 4362 1074 4426 cu-perunl,
1112 4355 1405 4426 praecipue
1454 4363 1651 4410 autem
1711 4355 2098 4427 Chenephris.

447 4444 591 4498 Nam
629 4445 854 4500 interea
883 4446 1168 4516 temporis
1191 4445 1611 4499 Palmenothes
1634 4461 1700 4500 ac
1722 4445 2102 4502 Tliermuttiis

2208 3273 2468 3350 πατρίδος
2553 3271 2944 3346 πολεμήσαντα
3027 3271 3422 3347 ἐξαπέστειλεν,
3503 3271 3861 3346 ἀσμενέστατα

2206 3370 2303 3422 τοῦ
2331 3361 2528 3426 παιδὸς
2561 3359 2854 3436 δεξαμένου
2883 3363 2982 3432 τὴν
3011 3360 3272 3439 ἐπιταγὴν
3330 3362 3424 3418 καί
3490 3360 3660 3438 μηδὲν
3720 3360 3858 3435 ἀγω-

2207 3464 2507 3524 νιάσαντος.
2543 3461 2764 3531 ηὐξήθη
2825 3459 2930 3536 γὰρ
2987 3459 3133 3534 πάσῃ
3191 3460 3356 3535 ἀρετῇ
3419 3461 3722 3536 κοσμηθεῗς
3777 3455 3860 3512 καὶ

2207 3548 2516 3615 παιδευθεὶς
2576 3555 2744 3605 πᾶσαν
2806 3549 2998 3629 σοφίαν
3056 3547 3393 3624 Λίγυπτίων,
3456 3550 3532 3612 ὡς
3594 3547 3861 3625 βασιλέως

2208 3642 2326 3703 υίὸς
2356 3640 2442 3695 καὶ
2477 3639 2636 3718 φύσιν
2667 3635 2812 3714 ἔχων
2843 3633 3036 3708 δεξιὰν,
3069 3634 3316 3713 ἀνδρεῖός
3355 3658 3416 3693 τε
3485 3637 3538 3693 έν
3587 3643 3705 3698 τοῖς
3761 3655 3860 3690 πο-

2249 3732 2422 3804 έμοις.
2453 3731 2554 3791 ’Ὀς
2583 3726 3010 3803 τριακοντούτης
3057 3727 3348 3802 τυγχάνων
3399 3732 3654 3783 τοιοῦτον
3696 3725 3858 3781 πόλε-

2213 3841 2311 3894 μον
2340 3815 2637 3888 ἀνεδέξατοο
2670 3817 2759 3872 καὶ
2809 3815 2898 3872 ἐπὶ
2931 3813 3056 3872 δέκα
3113 3812 3208 3886 ἔτη
3267 3815 3523 3895 ἐσχάτως
3582 3815 3710 3878 τοὺς
3767 3814 3860 3869 Ai.-

2208 3909 2405 3973 θίοπας
2462 3904 2784 3980 πολεμήσας
2843 3905 2934 3960 καὶ
3002 3903 3288 3968 Αἰθιοπίαν
3339 3909 3517 3961 πᾶσαν
3579 3904 3856 3980 ἀφανίσας,

2205 3999 2306 4069 τήν
2359 4017 2418 4053 τε
2472 3990 2624 4052 Σοόά
2699 3992 3048 4070 μητρόπολιν
3102 3993 3523 4069 βασιλεῦουσαν.
3577 3993 3854 4060 Αἰθιόπων

2206 4079 2562 4162 παραλαϐὼν,
2601 4085 2700 4154 τήν
2731 4081 3008 4158 Αἴγυπτον
3039 4082 3320 4158 ἐλευθεροῖ
3379 4085 3566 4154 πάσης
3627 4079 3858 4156 πολεμι-

2207 4181 2308 4244 κῆς
2366 4167 2688 4242 ἐπιϐουλῆς.
2743 4172 3019 4236 Ἐντεῦθεν
3081 4171 3308 4247 ἄρχεται
3375 4172 3534 4246 αὐτῷ
3587 4174 3616 4228 ὁ
3665 4171 3860 4251 φθόνος

2207 4265 2335 4330 παρ’
2407 4261 2752 4337 Αἰγυπτίοις,
2835 4259 3118 4336 ἐξαιρέτως
3205 4259 3263 4314 δὲ
3317 4259 3469 4333 αὖτῷ
3556 4263 3705 4337 παρὰ
3785 4262 3861 4330 τῷ

2208 4356 2453 4431 Χενεφρῇ
2534 4349 2587 4406 ἐν
2644 4351 2861 4414 τούτοις
2915 4350 3015 4426 γὰρ
3073 4346 3451 4421 τετελευτήκει
3492 4351 3521 4406 ὁ
3557 4348 3860 4424 Παλμανώ-

2207 4445 2305 4514 θης
2329 4442 2420 4498 καὶ
2453 4443 2488 4510 ἡ
2521 4441 2846 4513 Θέρμουθις.
2891 4439 2992 4496 Καὶ
3049 4439 3224 4495 τοῖνδν
3266 4432 3664 4497 έπιϐουλεῦται
3717 4438 3862 4510 αὖτῷ

442 4534 504 4588 in
531 4537 649 4588 fata
669 4540 1104 4590 concesserant.
1134 4537 1335 4604 Itaque
1357 4551 1494 4606 ergo
1517 4535 1895 4606 Chenephres
1919 4537 2094 4592 variis

2208 4541 2479 4603 ποικίλως
2540 4541 2844 4616 βασκαίνων
2880 4584 2894 4609 ,
2945 4539 3250 4614 Χαναθώοῃ
3312 4535 3369 4594 δέ
3427 4540 3712 4616 ἐπιτρέπει
3762 4541 3859 4609 τήν

443 4624 535 4679 87
570 4625 766 4679 Mosen
793 4623 1023 4678 insidiis
1046 4622 1815 4694 petivit,invidiaconcitus;
1839 4641 1906 4680 ac
1941 4627 2091 4682 (:ha-

442 4713 746 4769 nathothaa
771 4715 946 4772 Mosis
966 4730 1173 4769 necem
1195 4711 1513 4768 mandavit.
1529 4714 1717 4770 Moses
1729 4715 1976 4787 cognitis
1999 4716 2088 4771 in-

443 4803 634 4869 sidiis,
669 4821 738 4859 eo
765 4804 1099 4872 interfecto,
1133 4803 1270 4876 fuga
1298 4801 1822 4874 persolitudinem
1853 4805 1914 4860 in
1944 4807 2094 4862 Ara-

443 4892 602 4949 biam
632 4893 901 4966 pervenit
930 4892 1004 4950 ad
1034 4893 1357 4956 Jothorem,
1385 4892 1482 4962 qui
1508 4891 1665 4948 idem
1689 4894 1982 4966 Raguelus
2009 4894 2094 4950 di-

440 4983 613 5051 citur,
647 4983 818 5054 cujus
849 4983 974 5038 filia
1005 4982 1180 5037 ducta
1233 4981 1580 5036 Gersamum
1638 4987 1697 5037 et
1752 4983 2090 5041 Eleazarum

435 5073 786 5146 procreavit.
823 5074 968 5128 Dum
1002 5072 1063 5126 in
1091 5074 1334 5144 .lligypto
1369 5076 1544 5140 esset,
1577 5070 1725 5128 duas
1769 5072 1945 5128 urbes
2001 5091 2090 5130 re-

433 5165 587 5235 ginae
623 5163 796 5219 matri
833 5179 954 5218 sum
982 5161 1365 5233 cognomines
1392 5160 1676 5216 condidit.

509 5253 867 5325 Eupolemus
907 5252 1120 5308 asserit
1167 5253 1388 5306 Mosem
1438 5251 1698 5323 primum
1759 5253 2088 5324 sapientem

436 5342 640 5408 fuis-e,
673 5347 1052 5416 primumque
1083 5343 1310 5397 litteras
1339 5341 1653 5397 tradidisse
1693 5343 1910 5398 Judzeis
1941 5361 1954 5410 ;
2015 5343 2088 5400 ab

437 5432 530 5486 liis
561 5433 886 5502 Phwnicos,
923 5450 1277 5503 rursumque
1329 5448 1362 5486 a
1420 5432 1800 5487 Phoenicibus
1858 5435 2087 5490 (ἶνῖιιεοε

437 5537 537 5576 eas
569 5524 886 5593 accepisse.
921 5525 1154 5577 Primus
1180 5523 1368 5576 Moses
1389 5521 1608 5576 Judwis
1651 5521 1808 5594 leges
1869 5524 2084 5593 posuit.

433 5610 598 5667 Idem
629 5613 938 5668 hominum
971 5614 1030 5668 in
1060 5615 1301 5686 :Egypto
1334 5611 1764 5668 consuetudine
1795 5613 2000 5670 relicta
2023 5615 2085 5670 in

507 5704 552 5739 ιι
585 5701 760 5758 Exod.
798 5720 888 5770 xv,
921 5705 969 5759 1.

2199 4635 2299 4688 τοῦ
2355 4627 2635 4690 Μωῦσέως
2715 4631 2948 4708 σφαγηνο
3025 4627 3091 4697 ἦν
3137 4627 3297 4705 γνοὺς
3347 4629 3596 4698 Μωϋσῆς
3652 4629 3863 4701 ἀναιρεῖ

2200 4719 2384 4791 αὑτὸν,
2442 4715 2530 4774 καὶ
2593 4716 2736 4772 οὕτω
2793 4717 2981 4794 φεύγει
3050 4713 3139 4770 διὰ
3193 4722 3294 4786 τῆς
3349 4718 3569 4791 ἐρήμου
3629 4718 3707 4781 εἷς
3760 4717 3859 4784 τήν

2200 4803 2498 4888 Ἀῤῥαϐίαν
2531 4809 2669 4882 πρὸς
2725 4809 2924 4883 Ἰοθόρι
2953 4808 3046 4863 τὸν
3104 4806 3196 4863 καὶ
3252 4810 3553 4882 Ῥαγουὴλ,
3585 4809 3675 4865 καθ
3735 4805 3859 4864 ἔλα-

2199 4895 2290 4955 ϐεν
2323 4897 2488 4955 αὐτοῦ
2527 4900 2627 4968 τήν
2689 4897 2956 4974 θυγατέρα
3012 4895 3148 4971 πρὸς
3171 4895 3370 4972 γάμον,
3413 4895 3465 4970 ἐξ
3507 4897 3577 4968 ἧς
3635 4893 3856 4954 ἐπαιδο-

2199 4988 2397 5060 ποίησε
2416 4988 2506 5044 τὸν
2537 4987 2774 5061 Ἰηρσὰμ
2801 4987 2890 5042 καὶ
2923 4987 3014 5040 τὸν
3037 4984 3316 5060 Ἐλεάζαρ.
3352 4988 3440 5061 [Ρ.
3488 4989 3583 5062 49]
3617 4989 3860 5054 Μωϋσῆς

2201 5075 2258 5136 δὲ
2289 5075 2362 5134 ὢν
2393 5077 2656 5153 Αἰγύπτῳ
2687 5077 2858 5146 κτίζει
2906 5073 3097 5138 πόλεις
3159 5073 3255 5130 δύο
3322 5075 3406 5132 ἐπ’
3477 5077 3715 5151 ὀνόματι
3763 5079 3860 5145 τῆς

2205 5167 2413 5252 μητρὸς
2447 5166 2610 5222 αὖτοῦ
2639 5174 2740 5236 τῆς
2785 5162 3135 5242 βασιλίσσης.

2267 5257 2389 5312 ’Ὁτι
2435 5254 2745 5327 εὐπάλεμὸς
2799 5276 2933 5326 φησι
2991 5254 3082 5308 τὸν
3137 5253 3369 5309 Μωΰσέα
3426 5260 3655 5328 πρῶτον
3699 5255 3863 5332 σοφὸν

2199 5343 2465 5424 γενέσθαι,
2497 5345 2586 5400 καὶ
2616 5345 2916 5420 γράμματα
2955 5340 3292 5418 παραδοῦναι
3344 5340 3642 5409 Ἰουδαίοις
3702 5349 3864 5422 πρῶ-

2195 5435 2310 5498 τὸν,
2342 5434 2487 5508 παρὰ
2519 5430 2576 5488 δέ
2607 5432 2886 5488 Ἰουδαίων
2921 5433 3178 5494 Φοίνικας
3247 5427 3614 5508 παραλαϐεῖν,
3648 5431 3864 5505 ’Έλλη-

2195 5545 2288 5586 νας
2318 5520 2376 5580 δέ
2405 5525 2550 5598 παρὰ
2601 5523 2902 5578 Φοινίκων·
2963 5523 3168 5597 νόμους
3223 5521 3282 5578 δὲ
3337 5528 3564 5598 πρῶτον
3619 5531 3860 5596 Μωυσῆς

2192 5615 2388 5691 γράφει
2427 5619 2544 5676 τοὶς
2598 5610 2904 5676 Ἰουδαίοις.
2960 5609 3294 5670 Καταλιπών
3364 5610 3424 5668 δε
3474 5613 3730 5688 Μωϋσῆς
3763 5614 3860 5679 τὰς
