4118 6420
274 364 391 453 ιη

1434 381 1984 447 HISTORIARUM
2033 381 2588 446 COMPENDIUM.

3604 384 3718 443 “8

274 523 396 579 κατ’
424 520 703 599 Α’ίγυπτον
735 514 1028 595 διατριϐὰς
1069 518 1147 581 εἷς
1191 518 1291 587 τὴν
1335 513 1542 592 ἔρημον
1595 515 1928 597 ἐφιλοσόφει,

2057 519 2463 586 solitudinem,
2499 526 2563 575 ut
2592 521 2902 593 sapientiae
2934 522 3132 577 studio
3164 529 3417 590 vacaret,
3463 538 3526 577 se
3583 538 3719 578 con-

281 609 673 685 διδασκόμενος
716 608 865 684 παρᾶ
902 611 1003 663 τοῦ
1031 603 1385 683 ἀρχαγγέλου
1418 599 1665 681 Γαϐρίήλ
1695 606 1763 661 τὰ
1817 606 1943 681 περὶ

279 709 383 772 τῆς
412 699 676 779 γενέσεως
708 701 806 754 τοῦ
837 698 1054 770 κόσμου
1083 697 1171 751 καὶ
1224 699 1321 750 τοῦ
1378 695 1604 769 πρώτου
1655 696 1943 769 ἀνθρώπου

279 790 370 847 καὶ
403 795 512 847 τῶν
558 791 676 861 μετ’
704 787 931 854 ἐκεῖνον,
964 786 1054 841 καὶ
1087 789 1181 841 τοῦ
1233 783 1649 857 κατακλυσμοῦ,
1693 785 1784 840 καὶ
1840 790 1944 854 τῆς

280 879 599 957 συγχύσεως
656 878 748 933 καὶ
803 876 1089 937 ποικιλίας
1144 880 1252 932 τῶν
1332 874 1621 950 γλωσσῶν,
1685 874 1774 930 καὶ
1832 879 1940 931 τῶν

278 970 404 1040 περὶ
435 970 530 1025 τὸν
557 972 775 1043 πρῶτον
835 969 1144 1040 ἄνθρωπον,
1200 964 1292 1020 καὶ
1349 968 1459 1019 τῶν
1520 963 1719 1040 μέχρις
1773 963 1942 1019 αὐτοῦ

277 1060 520 1135 χρόνων,
583 1058 673 1112 καὶ
739 1054 864 1131 περὶ
919 1056 1020 1123 τῆς
1074 1052 1401 1126 νομοθεσίας
1457 1059 1557 1121 τῆς
1628 1051 1943 1124 μελλούσης

276 1150 404 1223 παρ’
446 1145 617 1203 αὕτοῦ
648 1142 893 1209 δίδοσθαι
924 1147 1005 1216 τῷ
1035 1139 1313 1199 Ἰουδαίων
1357 1139 1517 1211 ἔθνει,
1572 1141 1785 1203 καὶτὰς
1829 1144 1937 1197 τῶν

274 1237 492 1312 ἃστρων
526 1234 699 1300 θέσεις
729 1233 818 1290 καὶ
865 1232 933 1289 τὰ
988 1237 1239 1308 στοιχεῖα
1285 1231 1376 1286 καί
1436 1230 1806 1305 ἀριθμητικὴν
1849 1231 1939 1285 καί

271 1326 623 1405 γεωμετρίαν
681 1324 772 1379 καὶ
861 1327 1036 1377 πᾶσαν
1105 1322 1320 1399 σοφίαν,
1380 1320 1456 1382 ὡς
1516 1319 1569 1374 ἐν
1623 1322 1694 1394 τῇ
1763 1322 1938 1394 λεπτῇ

271 1418 476 1472 Γενέσει
508 1421 707 1473 κεῖται.
745 1413 846 1470 Καὶ
879 1412 967 1468 δτι
996 1411 1048 1467 ἐν
1080 1409 1207 1487 ρμδ’
1239 1408 1348 1467 ἔτει
1407 1416 1509 1479 τῆς
1559 1409 1612 1465 ἐν
1670 1408 1939 1483 Αἷγύπτῳ

272 1502 534 1566 δουλείας
562 1505 799 1579 ἤρξαντο
846 1502 1145 1576 Αἰγύπτιοι
1204 1497 1457 1576 δέχεσθαι
1505 1501 1607 1569 τήν
1658 1495 1938 1571 δεκαπλη-

268 1618 387 1670 τον.
422 1598 517 1654 Ἐν
555 1594 690 1667 μηνί
719 1592 925 1666 Ἰουνίῳ
954 1593 1021 1647 τὰ
1064 1587 1234 1647 ὕδατα
1281 1589 1356 1653 εἷς
1406 1590 1545 1663 αῖμα
1594 1587 1935 1662 μετελλῆθη,

271 1681 503 1753 Ἰουλίῳ
564 1681 862 1756 βέτραχοι,
924 1677 1222 1752 Αὐγούστῳ
1279 1683 1520 1740 σκνῖπες.
1577 1671 1936 1750 Σεπτεμῶίῳ

265 1769 567 1844 κυνόμυια,
625 1766 953 1842 Ὀκτωϐρίῳ
1034 1773 1247 1837 κτηνῶν
1330 1766 1564 1837 πτῶσί.·,
1642 1760 1936 1841 Νοεμϐρίῳ

265 1858 569 1942 Ῡλυκτίδες
593 1861 686 1955 καί
736 1853 894 1955 ἕλκη,
955 1852 1271 1955 Δεκεμϐρίῳ
1294 1854 1564 1955 ,χάλαξα,
1612 1856 1934 1955 Ἰανουαρίῳ
1965 1889 2012 1955 Β

263 1952 446 2028 ἀκρίς,
508 1945 871 2026 Φεϐρουαρίῳ
924 1947 1116 2009 σκότος
1199 1946 1413 2021 ἡμέρας
1460 1950 1631 2020 τρεῖς,
1700 1944 1932 2019 Μαρτίῳ

267 2043 337 2098 τὶ
373 2040 652 2116 πρωτόκα.
686 2040 770 2113 Τῇ
835 2035 903 2092 ιδ’
958 2036 1157 2093 τούτου
1210 2040 1309 2092 τοῦ
1369 2036 1544 2110 μηνὸς
1601 2032 1936 2089 σκυλεύσαν-

275 2151 364 2193 τες
391 2132 514 2194 τοῦς
546 2128 885 2205 Αἰγυπτίους
921 2125 1170 2201 ἐξῆλθον,
1231 2126 1520 2200 προστάξει
1583 2129 1718 2181 Θεοῦ
1769 2128 1931 2180 τοῦτο

284 2219 653 2291 πεποιηκότες.
688 2217 838 2275 Μετᾶ
903 2214 963 2273 δὶ
1021 2217 1122 2286 τήν
1172 2212 1352 2291 ἔξοδον
1405 2215 1577 2291 Ἰοθὸρ
1610 2216 1637 2271 ὁ
1667 2214 1928 2288 πενθερὸς

284 2304 792 2377 Ηωϋσέως,λα6ὼν
855 2307 1141 2381 Σεπφόραν
1198 2308 1299 2378 τὴν
1358 2309 1590 2380 γυναῖκα
1647 2302 1929 2369 Μωυσέως

274 2399 363 2455 καί
402 2401 528 2463 τοὺς
559 2398 659 2453 δυο
700 2395 859 2459 υἱοὺς
928 2394 1115 2459 αὐτοῦ,
1169 2390 1438 2452 κατέλαϐε
1493 2394 1632 2469 πρὸς
1693 2397 1931 2457 Μωυσῆν

271 2489 327 2545 ἰν
460 2488 659 2562 ἐρήμῳ
721 2489 803 2542 Eu
841 2485 1190 2559 πολεμοῦντα
1236 2485 1328 2539 τὸν
1382 2480 1662 2556 Ἀμαλήκ.
1714 2483 1815 2539 Καὶ
1874 2481 1927 2537 ἐν

265 2584 346 2651 τῷ
373 2579 547 2652 τρίτῳ
580 2576 715 2650 μηνὶ
745 2578 845 2646 τῆς
874 2569 1064 2646 ἐξόδου
1091 2578 1202 2631 τῶν
1250 2575 1384 2628 υἱῶν
1411 2571 1640 2648 ἰσραὴλ
1671 2573 1738 2627 τὰ
1766 2570 1817 2626 ἐν
1849 2577 1929 2644 τῷ

266 2668 478 2741 Σιναίῳ
539 2666 656 2743 ὄρει
712 2670 1114 2738 νομοθετεῖται.
1172 2665 1261 2719 καί
1292 2666 1328 2733 ἡ
1359 2662 1672 2738 Δεκάλογος
1718 2659 1929 2718 δίδοται

260 2761 483 2831 Media-ﬁ
514 2758 603 2812 καί
642 2755 849 2831 Ἀαρὼν
904 2753 995 2809 καὶ
1052 2753 1213 2808 παντῖ
1268 2756 1348 2826 τῷ
1414 2752 1553 2824 λαῷ.
1626 2751 1724 2807 Καὶ
1795 2751 1928 2824 μετὰ

256 2850 425 2902 τοῦτο
457 2846 630 2901 πάλιν
657 2843 931 2901 κελενῦεται
976 2843 1080 2898 ὑπὸ
1137 2841 1235 2898 τοῦ
1293 2844 1430 2897 Θεοῦ
1490 2843 1731 2909 Μωϋσῆς
1795 2840 1931 2915 μετὰ

260 2938 448 3008 Ἰησοῦ
519 2934 763 2999 ἀνελθεῖν
822 2932 874 2988 ἰν
922 2937 1005 3006 τῷ
1059 2931 1174 3007 ὄρει
1231 2931 1323 3009 καὶ
1382 2925 1570 2986 λαϐεῖν
1648 2931 1715 2985 τὰ
1769 2930 1929 3004 πυξία

252 3023 639 3103 γεγραμμξνα,
698 3024 732 3079 ἅ
785 3024 1289 3099 προενομοθὲτησεν
1347 3022 1376 3075 ὁ
1438 3021 1588 3084 Θεὸς.
1646 3019 1780 3076 Τότε
1833 3020 1926 3075 καὶ

253 3117 350 3172 τὸν
401 3114 576 3170 τόπον
631 3120 733 3182 τῆς
791 3117 1002 3183 σκηνῆς
1055 3115 1251 3185 θεωρεῖ
1303 3109 1395 3165 καὶ
1449 3110 1517 3165 τὰ
1575 3109 1698 3184 περὶ
1758 3110 1928 3178 αὐτὴν

256 3204 456 3260 πάντα.
490 3207 843 3279 Μοσχοποιεῖ
874 3198 933 3256 δε
963 3203 991 3256 ὁ
1032 3197 1185 3269 λαὸς,
1216 3199 1305 3255 καὶ
1367 3193 1641 3273 συντρίϐει
1682 3200 1928 3265 Μωϋσῆς

259 3296 361 3357 τᾶς
424 3291 842 3368 θεουργηθείσας
899 3289 1132 3352 πλάκας.
1223 3290 1357 3347 Εἶτα
1422 3287 1589 3345 πὰίλιν
1641 3286 1924 3344 κελεύεται

261 3382 521 3453 λαξεῦσαι
552 3379 768 3444 πλάκας
798 3382 886 3437 καί
940 3382 1181 3436 ἀνελθεῖν
1242 3377 1296 3434 ἐν
1339 3376 1419 3451 τῷ
1458 3376 1595 3452 ὄρει.
1647 3378 1750 3435 Καὶ
1796 3376 1919 3433 ἰδοὺ

262 3476 300 3541 ἡ
332 3470 637 3546 δεκαλογος
683 3473 830 3546 παρὰ
884 3474 1020 3527 Θεοῦ
1075 3468 1256 3543 τρίτον
1322 3464 1707 3543 παραδέδοται·
1765 3472 1918 3543 πρῶ.

257 3583 352 3617 τον
384 3562 473 3618 ἐπὶ
502 3565 603 3616 τοῦ
641 3558 807 3635 ὅρους
878 3564 1031 3628 Σινᾶ,
1088 3558 1253 3629 ἡνίκα
1307 3558 1362 3613 αἱ
1421 3557 1710 3632 σαλπιογες
1766 3557 1857 3612 καὶ
1888 3557 1918 3612 ὁ

256 3652 484 3730 γνόφος·
548 3648 798 3723 δεῦτερον
839 3649 1006 3719 ἡνίκα
1059 3648 1124 3704 τὸ
1198 3643 1505 3720 παράδοξον
1554 3653 1657 3717 τῆς
1714 3654 1918 3719 σκηνῆς

255 3742 346 3796 καί
382 3742 453 3797 τὰ
490 3742 616 3816 περὶ
672 3742 772 3810 τῆν
830 3739 1059 3810 σκηνήν⁸
1115 3736 1298 3813 τρίτον
1352 3736 1487 3809 μετᾶ
1538 3736 1639 3805 τὴν
1702 3756 1919 3812 μοσχο-

256 3832 471 3891 ποιίαν,
508 3831 603 3887 Καὶ
662 3831 787 3887 τότε
844 3831 950 3906 γὰρ
1004 3829 1401 3905 τεσσαράκοντα
1455 3830 1668 3903 ἡμέρας
1726 3824 1920 3904 διέτρι-

253 3925 354 3995 qm
383 3921 438 3978 ἐν
468 3926 551 3995 τῷ
589 3919 729 3992 ὄρει,
760 3919 924 3993 ἄρτον
967 3922 1042 3994 μῆ
1096 3919 1284 4000 φαγὼν
1349 3915 1491 3991 μηδὶ
1548 3915 1697 3993 ὕδωρ
1753 3916 1915 3974 πιών*

2054 609 2207 666 tulit.
2245 609 2328 665 lbi
2363 610 2470 682 (ita
2494 610 2738 681 quidem
2768 612 2951 667 Parva
2979 611 3226 667 Genesis
3276 610 3479 682 refert)
3528 627 3563 667 a
3603 612 3712 667 Ga-

2052 699 2239 755 brielo
2273 698 2621 771 angelorum
2652 700 2924 772 principe
2955 700 3203 757 edoctus
3235 700 3348 755 fuit
3377 699 3451 755 de
3484 700 3713 772 origine

2054 788 2282 854 mundi,
2317 788 2390 843 de
2420 788 2615 860 primo
2649 790 2892 846 homine
2924 797 2984 846 et
3022 806 3157 846 eum
3221 788 3579 853 subsecutis,
3638 789 3712 844 de

2052 878 2296 945 diluvio,
2329 876 2402 932 de
2428 878 2777 935 confusione
2808 885 2870 935 et
2896 880 3240 936 diversitate
3270 876 3711 946 linguarum,de

2052 973 2211 1024 statu
2241 967 2419 1037 primi
2452 967 2735 1037 hominis,
2768 968 2842 1024 de
2874 969 3246 1041 temporibus
3276 985 3466 1040 usque
3497 967 3573 1024 ad
3629 967 3714 1038 ip-

2052 1072 2184 1112 sum
2218 1054 2454 1128 elapsis,
2486 1056 2562 1111 de
2592 1057 2719 1130 lege
2751 1074 2930 1129 quam
2958 1058 3177 1113 Judaais
3208 1063 3336 1113 erat
3361 1057 3712 1122 traditurus,

2052 1143 2125 1199 de
2156 1144 2419 1200 siderum
2452 1145 3032 1216 positu,elementis,
3055 1145 3451 1216 arithmetica,
3469 1160 3712 1218 geome-

2052 1233 2183 1299 tria,
2218 1237 2276 1287 et
2304 1233 2584 1289 omnibus
2615 1233 2901 1301 scientiis,
2934 1240 3000 1290 ut
3064 1234 3287 1290 ibidem
3336 1233 3708 1306 percriptum

2049 1326 2159 1378 est.
2185 1325 2352 1377 Anno
2375 1323 2674 1379 servitutis
2696 1324 2758 1378 in
2803 1325 3050 1397 Egypto
3094 1323 3350 1380 Iudaicaa
3380 1322 3707 1378 centesimo

2049 1411 2504 1483 quadragesimo
2535 1417 2746 1484 quarto
2773 1412 2981 1469 decem
3012 1413 3202 1485 plagis
3223 1414 3502 1485 Egyptus
3523 1410 3707 1483 afﬂigi

2047 1499 2330 1556 divinitus
2351 1501 2547 1573 coepit.
2569 1502 2769 1557 Mense
2796 1502 2973 1558 Junio
3014 1519 3183 1574 aqua:
3235 1502 3298 1557 in
3352 1500 3705 1574 sanguinem

2046 1591 2676 1656 suntconversanulio
2690 1608 2871 1655 ranas,
2903 1596 3196 1663 Augustos
3226 1589 3527 1661 scniphes,
3560 1590 3706 1662 Sep-

2045 1679 2260 1735 tembri
2274 1696 2481 1736 musca
2493 1678 2971 1746 canina,0ctobri
2993 1680 3175 1751 pestis
3192 1680 3702 1752 pecoris,Novem-

2044 1769 2133 1825 bri
2151 1770 2403 1841 pustula:
2426 1769 3157 1834 etulcera,Decembri88
3202 1769 3449 1843 grando,
3480 1771 3702 1825 Janua-

2044 1859 2133 1913 rio
2162 1858 2427 1927 locustzr,
2455 1859 2774 1915 Februario
2808 1858 3099 1914 triduanaa
3144 1858 3431 1923 tenebras,
3491 1859 3696 1914 Martio

2039 1948 2572 2021 primogenitorum
2594 1949 3007 2006 interitus.Die
3020 1948 3211 2003 Martii
3239 1947 3471 2003 decimo
3486 1953 3698 2019 quarto

2036 2036 2359 2109 depraedati
2384 2040 2558 2106 jussu
2616 2038 2718 2093 Dei
2768 2038 3066 2110 iEgyptios
3120 2036 3308 2093 Judaei
3366 2037 3694 2093 exiverunt.

2036 2129 2177 2183 Post
2195 2128 2419 2183 exitum
2443 2145 2515 2183 ex
2533 2129 2776 2202 Egypto
2796 2128 3005 2184 Jothor
3026 2128 3200 2183 Mosis
3224 2144 3416 2197 socer,
3460 2143 3700 2183 assum-

2036 2222 2137 2289 pta
2164 2216 2429 2289 Sephora
2460 2218 2636 2273 Mosis
2658 2234 2841 2273 uxore
2864 2216 3116 2289 ejusque
3137 2216 3372 2273 duobus
3422 2216 3585 2283 filiis,
3621 2215 3696 2272 ad

2037 2306 2254 2361 Mosem
2287 2306 2350 2361 in
2382 2305 2770 2362 solitudinem
2802 2307 3090 2379 pervenit,
3124 2305 3320 2363 adhuc
3350 2322 3483 2362 cum
3517 2308 3695 2361 Ama-

2036 2394 2164 2450 leco
2195 2395 2419 2451 bellum
2453 2404 2779 2468 gerentem.
2810 2396 3006 2452 Tertio
3036 2395 3110 2451 ab
3136 2396 3297 2451 exitu
3330 2411 3537 2451 mense
3598 2394 3694 2450 lex

2035 2484 2098 2539 in
2119 2491 2322 2540 monte
2345 2486 2505 2541 Sinai
2533 2486 2673 2545 lata.
2697 2485 3026 2558 decemque
3047 2490 3345 2557 praecepta
3367 2484 3532 2552 Mosi,
3572 2485 3689 2540 Aa-

2035 2578 2166 2631 roni
2193 2583 2371 2647 atque
2393 2577 2669 2632 universo
2701 2577 2920 2649 populo
2970 2577 3109 2632 data
3156 2581 3314 2632 sunt.
3350 2576 3691 2632 Secundum

2033 2665 2147 2721 hoc
2168 2681 2373 2720 rursus
2395 2666 2583 2720 Moses
2596 2665 2864 2734 jubetur,
2889 2671 3196 2736 assumpto
3219 2666 3691 2731 Josua,montem

2034 2753 2817 2825 conscendere,tabulasque
2836 2753 3105 2826 accipere
3128 2754 3187 2809 in
3211 2753 3426 2826 quibus
3449 2753 3545 2809 lex
3590 2752 3690 2808 Dei

2033 2844 2332 2915 perscipta
2354 2848 2498 2899 erat.
2532 2843 2757 2899 Eodem
2793 2850 3060 2916 tempore
3090 2842 3396 2915 exemplar
3449 2858 3689 2915 quoque

2034 2933 2400 2989 tabernaculi
2429 2932 2591 2995 vidit.
2615 2932 2967 3004 reliquaque
2991 2933 3130 2988 item
3152 2933 3354 2989 omnia
3376 2950 3509 3004 quae
3531 2932 3604 2989 ad
3628 2930 3691 2987 id

2032 3022 2428 3095 pertinebant.
2451 3022 2694 3078 Interim
2714 3023 2970 3095 populus
2992 3023 3241 3078 vitulum
3290 3022 3530 3079 fecerat.
3566 3024 3689 3079 Mo-

2033 3128 2127 3167 ses
2148 3128 2183 3168 a
2205 3113 2321 3167 Deo
2342 3112 2530 3168 factas
2550 3111 2782 3168 tabulas
2808 3110 3148 3185 confringit,
3192 3110 3485 3183 jubetque
3537 3111 3688 3167 alias

2030 3216 2099 3257 ex
2134 3201 2331 3273 lapide
2357 3200 2650 3267 excidere,
2681 3206 2741 3257 et
2766 3207 3029 3257 montem
3063 3200 3686 3272 conscendere.Atque

2031 3308 2188 3358 ecce,
2214 3292 2453 3347 tertium
2477 3291 2802 3365 Decalogus
2824 3308 2859 3348 a
2880 3292 2998 3348 Deo
3021 3291 3294 3360 traditur,
3329 3291 3589 3362 primum
3620 3292 3685 3348 in

2032 3388 2234 3439 monte
2267 3383 2450 3448 Sinai,
2482 3381 2583 3438 ubi
2614 3381 2771 3437 tubas
2804 3389 2862 3437 et
2917 3381 3146 3453 caligo;
3207 3381 3493 3444 secundo,
3544 3398 3681 3437 cum

2028 3472 2401 3527 admirabilis
2430 3487 2623 3527 scena;
2654 3477 2714 3527 et
2769 3470 2844 3526 ad
2902 3470 2963 3526 id
3013 3470 3443 3542 pertinentium
3488 3471 3680 3527 visum

2031 3562 2172 3617 Mosi
2207 3568 2299 3617 est
2322 3562 2629 3628 oblatum;
2663 3562 2839 3616 tertio
2883 3567 3017 3633 post
3071 3560 3335 3617 emotum
3388 3560 3677 3618 vitulum:

2028 3667 2169 3708 nam
2196 3657 2256 3707 et
2312 3658 2450 3706 tunc
2507 3652 2698 3706 Moses
2757 3650 3147 3722 quadraginta
3202 3650 3332 3706 dies
3389 3651 3450 3706 in
3482 3658 3683 3708 monte

2028 3747 2433 3797 commoratus
2463 3746 2573 3807 est,
2605 3740 2688 3795 ita
2713 3744 2782 3796 ut
2809 3756 3004 3811 neque
3033 3755 3248 3811 panem
3267 3739 3471 3797 ederet
3490 3756 3685 3812 neque

2028 3846 2248 3902 aquam
2280 3829 2529 3885 biberet.
2562 3828 2676 3885 Sed
2706 3834 2767 3884 et
2795 3828 3082 3900 splendor
3120 3828 3294 3884 faciei
3355 3830 3486 3901 ejus
3544 3835 3687 3885 tunc

2029 3919 2104 3975 ad
2135 3918 2422 3991 populum
2455 3918 2699 3975 etl'ulsit.

254 4009 408 4067 ἄλλα
436 4012 527 4067 καὶ
562 4013 597 4081 ἡ
631 4007 759 4081 δόξα
788 4014 888 4066 τοῦ
917 4010 1212 4084 προσώπου
1244 4006 1414 4064 αὐτοῦ
1441 4008 1565 4063 τότε
1593 4006 1892 4081 ἐξέλαμψεν
1925 4006 2001 4070 εἰς
2035 4006 2128 4062 τὸν
2161 4004 2315 4064 λαόν.

332 4101 441 4157 Καὶ
486 4100 542 4155 ἐν
599 4104 679 4172 τῷ
734 4097 1001 4172 ἑνδεκάτῳ
1048 4093 1153 4154 ἔτει
1211 4105 1312 4167 τῆς
1370 4092 1558 4171 ἰξὸδου
1613 4101 1724 4153 τῶν
1791 4095 1921 4151 υἷ’ὦν

258 4188 493 4265 Ἰσραὴλ
542 4188 849 4251 κελευσθεὶς
920 4189 1164 4258 Μωϋσῆς
1224 4186 1583 4260 ἐξαριθμῆσαι
1638 4186 1733 4241 τὸν
1787 4186 1922 4242 λαὸν

260 4281 371 4335 ἀπὸ
412 4279 757 4342 είκοσαετοῦς
784 4277 873 4333 καὶ
904 4276 1086 4333 ἐπάνω
1138 4279 1223 4351 [Ρ.
1274 4278 1366 4351 50]
1421 4277 1551 4338 τοὺς
1609 4273 1927 4346 igneam,

262 4370 318 4441 ἐξ
359 4368 667 4444 Αἰγῦπτου,
698 4368 881 4447 χωρίς
910 4371 1178 4443 γυναικῶν
1207 4365 1442 4421 παιδίων
1482 4364 1573 4420 καὶ
1628 4372 1729 4435 τῆς
1768 4369 1927 4419 Λευῖ-

255 4467 423 4529 zzz-7,:
483 4456 689 4537 φυλῆς,
747 4454 868 4531 εῦρε
924 4452 1189 4531 μυριάδας
1246 4455 1507 4528 ἑξήκοντα
1557 4454 1648 4509 καὶ
1704 4473 1926 4529 τρισχι-

261 4547 423 4611 λίους
452 4546 845 4609 πεντακοσίους
901 4547 1266 4617 πεντήκοντα,
1327 4544 1435 4599 ἀπὸ
1489 4548 1600 4599 τῶν
1651 4542 1926 4599 εἰσελθόνο

2106 4097 2429 4153 Undecimo
2447 4112 2604 4153 anno
2625 4096 2701 4152 ab
2722 4097 2885 4153 exitu
2905 4096 2978 4152 de
3026 4098 3293 4169 Egypto,
3342 4098 3531 4154 Moses
3552 4098 3690 4170 jus-

2034 4203 2136 4242 sus
2169 4202 2481 4242 numerum
2518 4185 2720 4256 populi
2751 4185 2928 4252 inire,
2959 4201 2995 4240 a
3022 4186 3228 4258 viginti
3257 4202 3445 4242 annos
3463 4192 3605 4242 nato
3629 4193 3689 4242 et

2034 4275 2293 4348 amplius
2315 4274 2967 4347 quiegressiessentex
2995 4278 3265 4348 Egypto,
3311 4275 3412 4330 89
3461 4275 3686 4346 absque

2035 4364 2390 4420 mulieribus
2412 4370 2471 4419 et
2491 4363 2699 4419 liberis
2728 4368 2905 4435 atque
2938 4364 3191 4419 Levitica
3220 4364 3398 4433 tribu,
3459 4364 3690 4420 invenit

2036 4472 2333 4512 summam
2366 4461 2782 4511 sexcentorum
2814 4455 3094 4521 millium,
3128 4472 3196 4511 ac
3228 4454 3406 4511 trium
3428 4455 3689 4512 millium

2036 4546 2502 4619 quingentorum
2529 4546 2981 4618 quinquaginta.
3016 4545 3104 4601 Ad
3156 4546 3315 4603 hunc
3369 4562 3690 4603 numerum

258 4658 369 4692 των
404 4637 484 4700 εἷς
517 4636 792 4709 Αἴγυπτον
832 4635 904 4690 oc‘
929 4637 1148 4710 ψυχῶν,
1182 4635 1261 4698 είς
1304 4631 1402 4704 ⁷ἔτη
1445 4634 1560 4689 σιε’.
1617 4633 1818 4695 Πάντες
1865 4629 1923 4687 δὲ

2040 4637 2290 4708 populus
2313 4636 2504 4708 spatio
2530 4638 2630 4690 215
2654 4651 2950 4691 annorum
2972 4652 3043 4690 ex
3065 4639 3131 4689 75
3150 4635 3443 4706 capitibus
3485 4652 3690 4692 excre-

260 4727 416 4782 οὗτοι
449 4724 507 4781 ἰν
535 4727 606 4797 τῇ
638 4723 834 4801 ὖρὴμῳ
862 4720 1229 4798 διεφθάρησαν
1267 4720 1564 4790 ποικίλως,
1616 4722 1669 4777 o't
1703 4725 1799 4793 μὶν
1829 4717 1921 4776 διὰ

266 4814 492 4893 βλασρη
507 4813 658 4887 μίαν,
690 4813 743 4869 οἱ
775 4809 833 4868 δι
864 4809 936 4868 δι’
966 4809 1448 4887 εἷδωλολατρείαν,
1480 4811 1532 4866 οἱ
1565 4808 1622 4866 δὶ
1679 4808 1751 4865 δι’
1794 4809 1924 4866 ἀπι-

265 4905 446 4975 στίαν,
480 4903 638 4966 ἐκτὸς
670 4904 852 4973 Ἰησοῦ
882 4901 972 4957 καὶ
1014 4895 1223 4959 Χάλεό.
1287 4904 1490 4971 ’Έζησε
1537 4897 1596 4956 δὶ
1650 4903 1861 4971 Ἰησνῦς
1894 4900 1923 4955 ὁ

263 4999 365 5051 τοῦ
397 4999 551 5061 Ναυῆ
585 4986 677 5063 ἔτη
740 4991 931 5048 ἑκατὸν
985 4987 1131 5062 δέκα,
1165 4994 1192 5047 ὁ
1224 4988 1282 5046 Si
1337 4994 1436 5045 τοῦ
1493 4990 1673 5069 Ἰεφοῆ
1734 4983 1926 5047 Χαλεϐ

264 5080 360 5157 ἶτη
390 5083 586 5139 ἑκατὸν
618 5082 840 5154 ἓξτξκοντ
848 5102 898 5138 α.

326 5268 453 5318 Ὃυι
512 5262 566 5318 ἐν
624 5264 693 5335 τῇ
755 5259 980 5336 δευτερᾳ
1027 5259 1409 5337 ἆξαριθμήσει,
1466 5258 1625 5329 ἡνίκα
1681 5264 1923 5327 Μωϋτῆς

257 5354 349 5410 καὶ
382 5352 648 5428 Ἐλεάζαρ
682 5352 1002 5427 ἠρίθμησαν
1058 5351 1150 5405 τὸν
1210 5347 1365 5420 λαὸν,
1426 5349 1533 5425 οὐχ
1581 5345 1773 5424 εὖρέοη
1834 5348 1926 5402 ἅν-

258 5454 478 5518 θρωπος
510 5440 569 5499 ἐκ
596 5449 698 5512 τῆς
752 5439 986 5515 πρώτης
1036 5437 1414 5514 ἂριθμῆσεως,
1467 5437 1630 5507 ἡνίκα
1686 5443 1927 5506 Μωυσῆς

258 5535 351 5589 καί
379 5533 592 5610 ’Λαρὼν
619 5531 943 5610 ἠρίθμησαν
973 5527 1066 5583 τὸν
1099 5525 1255 5584 λαόν.
1306 5527 1495 5602 Γὲγονε
1555 5523 1613 5581 δὶ
1650 5527 1686 5595 ἡ
1726 5526 1921 5600 πρώτη

265 5625 558 5701 ἆρῐθμησις
597 5622 727 5702 περὶ
789 5621 856 5677 τὸ
911 5617 1151 5690 Σίναιον,
1180 5619 1216 5689 ἡ
1249 5612 1309 5672 δί
1364 5614 1590 5695 δευτιρα
1629 5614 1778 5693 παρὰ
1829 5615 1921 5672 τὸν

254 5711 547 5798 Ἰορδάνην.

2030 4731 2213 4792 verat,
2236 4742 2369 4797 qum
2391 4725 2453 4780 in
2481 4725 2792 4797 Egyptum
2820 4723 3279 4782 descenderant.
3318 4726 3530 4781 Verum
3560 4726 3689 4782 ham

2032 4816 2228 4871 omnis
2247 4814 2565 4872 multitudo
2580 4814 2641 4869 in
2659 4812 2984 4869 solitudine
3001 4813 3250 4869 diversis
3275 4814 3466 4870 modis
3480 4829 3692 4870 omnes

2033 4905 2365 4979 perierunt,
2388 4904 2513 4969 alii,
2536 4903 2695 4975 quod
2712 4902 2785 4959 de
2806 4904 2925 4959 Deo
2948 4903 3132 4975 impie
3155 4908 3355 4959 essent
3375 4902 3689 4966 locuti,alii

2035 4994 2110 5050 ob
2144 4993 2599 5050 simulacrorum
2630 4993 2880 5059 cultum,
2909 4991 3010 5047 alii
3056 4990 3130 5047 ob
3183 4990 3688 5048 incredulitatem.

2034 5083 2154 5141 Soli
2167 5084 2532 5139 JosuaNana:
2546 5082 2703 5138 illius
2717 5081 3332 5152 etCalebusJephunm
3347 5081 3693 5152 filiussuper

2034 5174 2204 5229 stites
2218 5175 2488 5228 fuerunt:
2511 5170 2883 5243 quorumille
2908 5173 3030 5236 uo,
3054 5170 3153 5225 hic
3181 5171 3280 5224 160
3311 5185 3503 5225 annos
3524 5171 3687 5227 vixit.

2105 5266 2170 5319 In
2196 5263 2459 5319 secunda
2482 5261 2685 5334 p0puli
2735 5260 3086 5317 recensione
3135 5275 3171 5315 a
3217 5261 3374 5315 Mose
3415 5259 3689 5317 Eleazaro

2033 5354 2308 5409 instituta
2329 5368 2404 5408 ne
2421 5367 2578 5408 unus
2601 5350 2844 5422 quidem
2874 5366 3080 5405 eorum
3111 5348 3454 5405 mortalium
3482 5368 3687 5423 super-

2031 5443 2145 5499 fuit
2175 5444 2276 5515 qui
2309 5443 2368 5498 in
2406 5443 2603 5514 priore
2634 5442 2869 5496 fuerant
2899 5438 3270 5507 recensione,
3304 5456 3483 5511 quam
3501 5442 3692 5498 Moses

2035 5538 2094 5589 et
2123 5536 2320 5589 Aaron
2351 5530 2765 5588 obiverantJ‘Sa
2784 5530 2959 5601 juxta
2989 5535 3255 5585 montem
3289 5528 3688 5604 Sinai,poste-

2030 5623 2157 5680 rior
2184 5638 2340 5697 pone
2369 5621 2684 5678 Iordanem
2715 5624 2848 5675 acta
2874 5617 3006 5679 fuit.
