4118 6416
424 355 537 416 119

492 491 678 545 Moses
699 507 832 546 cum
852 510 886 546 a
912 493 1024 547 beo
1048 493 1252 549 multis
1270 495 1545 565 precibus
1568 496 1812 567 supplex
1828 502 2072 552 conten-
2110 495 2159 559 Α

426 578 614 636 disset
634 585 700 636 ut
717 580 827 635 sibi
852 582 1167 638 Jordanem
1194 586 1444 641 transire
1468 591 1806 657 terramque
1821 585 2073 659 promis-

422 686 551 724 sam
573 686 820 725 cernere
835 670 1218 740 daretur,non
1233 674 1460 730 obtinui
1473 676 1632 733 t.Sed
1645 676 1854 731 dixitei
1875 678 2030 731 Deus
2060 691 2073 728 :

423 782 450 810 κ
472 760 591 815 lloc
609 760 710 816 libi
730 761 1283 820 sufficiatAscende
1301 766 1361 821 in
1374 767 1650 823 verticem
1667 766 1907 834 montis,
1934 782 2072 822 ocu-

419 847 497 904 lis
522 849 639 904 tuis
663 852 897 907 eminus
930 860 1145 909 terram
1179 855 1351 911 istam
1386 857 1724 928 speculare:
1760 874 1882 913 non
1915 856 2071 912 enim

421 938 1031 996 transibislordanem
1054 943 1151 997 ³³.»
1178 948 1439 1001 Mortuus
1463 952 1553 1002 est
1575 952 1771 1003 autem
1797 949 1982 1002 Moses
2008 964 2074 1003 eo

419 1029 483 1083 in
506 1035 729 1097 monte,
753 1046 940 1085 annos
964 1041 1138 1088 natus
1163 1038 1282 1088 HO.
1312 1036 1531 1091 Ductor
1547 1036 1748 1109 populi
1776 1044 1908 1109 post
1937 1053 2074 1092 eum

418 1118 532 1174 fuit
551 1120 727 1174 .losua
749 1137 854 1191 per
867 1138 1055 1177 annos
1077 1123 1169 1191 27,
1193 1125 1455 1197 vixitque
1473 1143 1664 1183 annos
1688 1128 1933 1183 omnino
1955 1127 2072 1182 HO.

490 1206 800 1263 Enimvero
834 1226 1030 1282 operm
1061 1212 1187 1268 fore
1221 1213 1363 1269 duxi
1396 1232 1491 1270 res
1520 1215 1680 1271 beati
1721 1216 1898 1271 Mosis
1948 1215 2076 1287 pla-

417 1296 552 1351 nius
584 1298 904 1370 explicare,
938 1301 988 1355 is
1020 1319 1158 1375 ergo
1189 1310 1542 1376 accepturus
1587 1305 1940 1362 secunderio
1989 1305 2070 1361 le-

415 1403 549 1459 gem
581 1389 644 1444 in
674 1396 943 1446 montem
961 1394 1253 1450 ascendit.
1275 1396 1591 1452 Descendit
1612 1413 1682 1452 eo
1704 1398 1765 1451 in
1791 1397 1895 1452 90
1917 1396 2073 1452 nube

415 1478 909 1551 Dominus,eique
929 1483 1122 1538 Moses
1139 1484 1486 1558 adstititper
1505 1486 1632 1542 dies
1657 1490 1728 1542 40
1749 1493 2071 1558 noctesque

416 1566 689 1637 totidem,
746 1569 828 1624 ita
883 1577 952 1625 ut
1010 1588 1206 1643 neque
1265 1591 1418 1646 pane
1488 1581 1827 1631 vesceretur
1877 1592 2072 1646 neque

418 1673 635 1727 aquam
669 1658 915 1714 biberet.
950 1662 1019 1716 Et
1048 1663 1287 1735 scripsit
1315 1665 1375 1719 in
1407 1665 1626 1721 tabulis
1654 1665 1834 1720 verba
1873 1666 2071 1720 Testa-

419 1747 629 1808 menti,
662 1746 867 1803 decem
900 1748 1011 1804 ista
1043 1751 1239 1806 verba.
1273 1754 1538 1825 Cumque
1561 1754 1879 1826 splendore
1901 1771 2074 1809 orna-

419 1838 536 1895 tus,
571 1837 824 1907 sumptis
850 1838 1089 1909 tabulis,
1122 1841 1195 1895 de
1228 1848 1428 1897 monte
1459 1843 1870 1915 descenderet,
1928 1844 2074 1899 vidit
2108 1868 2151 1933 Β

420 1927 615 1980 Aaron
648 1927 1080 2001 universusque
1110 1931 1367 2003 populus
1404 1932 1619 1989 faciem
1668 1935 1843 1989 Mosis
1900 1951 2070 1991 coru-

426 2021 713 2083 scantem,
749 2023 1207 2091 metueruutque
1239 2020 1313 2075 ad
1345 2038 1481 2077 eum
1513 2022 1816 2079 accedere.
1869 2024 2075 2094 Itaque

418 2103 715 2160 velamine
736 2107 947 2178 capitis
971 2125 1114 2163 usus
1142 2116 1252 2176 est,
1276 2111 1510 2180 quoties
1531 2128 1665 2166 cum
1684 2111 1831 2182 ipsis
1852 2118 2073 2183 ageret.

420 2193 652 2247 Etenim
687 2203 820 2266 post
847 2199 917 2251 40
948 2197 1075 2253 dies
1107 2216 1239 2254 cum
1268 2200 1696 2268 descendisset,
1720 2202 1808 2257 ira
1835 2202 1908 2256 ob
1931 2203 2074 2257 vitu-

417 2280 542 2336 lum
576 2283 837 2339 eftictum
873 2287 1152 2357 percitus,
1187 2289 1349 2344 illico
1376 2290 1608 2346 tabulas
1638 2291 2074 2358 comminuit,et

419 2370 761 2443 quicunque
774 2373 997 2446 ﬂagitio
1010 2377 1872 2443 erantobnoxii,internecione
1886 2379 2071 2435 deleri

409 2461 613 2531 jussit.
649 2463 791 2517 Tum
812 2465 993 2518 vitulo
1017 2482 1047 2518 e
1069 2466 1265 2522 medio
1293 2468 1548 2534 sublato,
1581 2485 1818 2540 unoque
1847 2469 1943 2525 die
1965 2470 2067 2524 tri-

414 2549 525 2604 bus
539 2551 793 2607 virorum
812 2554 1207 2625 pessimorum
1226 2557 1489 2613 millibus
1504 2558 2071 2630 interfectispostri-

413 2640 511 2694 die
544 2642 821 2697 celeriter
854 2644 928 2698 ad
961 2646 1277 2701 Dominum
1311 2647 1371 2702 in
1403 2655 1667 2703 montem
1697 2664 1759 2703 se
1791 2649 2068 2715 contulit,

412 2732 580 2800 quasi
615 2732 903 2803 pudorem
937 2735 1011 2801 ei,
1047 2735 1160 2790 nisi
1214 2736 1559 2807 deprecanti
1608 2744 1922 2808 annueret,
1971 2738 2065 2794 in-

412 2836 715 2876 cussurus.
751 2825 942 2893 Atque
974 2824 1112 2879 audi
1143 2827 1286 2897 quid
1315 2827 1619 2899 Scriptura
1649 2828 1845 2883 dicat:
1880 2850 1907 2879 «
1932 2828 2069 2884 Pos-

413 2909 590 2965 tridie
632 2911 823 2967 Moses
853 2913 935 2968 ita
979 2915 1266 2986 populum
1310 2922 1400 2971 est
1455 2916 1800 2974 allocutus:
1854 2918 2066 2991 lugens

411 2998 701 3071 ﬂagitium
762 3003 1165 3058 commisistis.
1226 3010 1392 3062 Nunc
1475 3007 1676 3078 itaque
1742 3007 2064 3064 ascendam

413 3086 487 3142 ad
522 3094 726 3156 Ueum,
759 3096 825 3143 ut
854 3107 974 3152 vos.
1018 3092 1121 3161 qui
1167 3100 1409 3163 peccato
1459 3110 1595 3150 eum
1649 3095 1950 3164 irritastis,
2000 3097 2061 3151 in

410 3178 661 3246 gratiam
693 3179 825 3249 ejus
854 3181 1186 3237 restituam.
1213 3185 1622 3255 Reversusque
1648 3185 1722 3240 ad
1748 3185 2059 3242 Dominum

409 3268 598 3323 Moses
655 3268 838 3324 dixit:
891 3271 1205 3342 Deprecor,
1255 3273 1511 3345 populus
1549 3274 1661 3329 iste
1702 3275 1945 3347 grandis
1991 3293 2054 3331 se

407 3357 690 3413 facinoris
719 3359 1000 3432 obligavit
1031 3360 1173 3417 deos
1204 3362 1314 3416 sibi
1357 3362 1654 3435 ﬁngendo.
1685 3364 1853 3420 Nunc
1896 3381 2057 3438 ergo,

408 3446 704 3517 siquidem
737 3449 823 3503 eis
856 3451 969 3504 hoc
1001 3466 1173 3505 suum
1206 3450 1403 3506 scelus
1433 3452 1713 3525 ignoscis,
1773 3454 2010 3526 ignosce
2041 3470 2055 3510 :

407 3536 501 3591 sin
529 3554 689 3606 vero,
723 3554 817 3593 me
846 3555 915 3593 ex
949 3539 1099 3594 libro
1131 3557 1305 3611 quem
1341 3541 1628 3613 scripsisti
1674 3541 1890 3598 deleto.
1940 3545 2055 3599 Be—

405 3627 645 3697 spondit
677 3636 874 3684 autem
902 3630 1093 3684 Deus:
1127 3630 1183 3684 Si
1217 3630 1351 3701 quis
1395 3631 1706 3688 adversum
1756 3650 1853 3689 me
1900 3633 2051 3689 deli-

405 3718 621 3789 querit,
655 3734 791 3773 eum
822 3719 896 3773 de
954 3719 1106 3775 libro
1140 3737 1271 3775 meo
1299 3721 1531 3777 delebo.
1562 3724 1731 3778 Nunc
1761 3730 1961 3779 autem
1993 3728 2057 3779 tu

402 3806 569 3871 vade,
603 3808 1010 3879 populumque
1043 3809 1155 3864 duc
1181 3809 1255 3864 ad
1287 3810 1484 3865 locum
1515 3828 1694 3882 quem
1742 3812 1849 3868 tibi
1896 3813 2059 3869 indi-

404 3896 547 3952 cavi.
584 3900 775 3968 Atque
806 3914 962 3964 ecce,
995 3900 1241 3971 angelus
1271 3916 1440 3955 meus
1467 3902 1762 3972 praecedet
1798 3908 1876 3957 te.
1932 3904 2058 3967 Qua

401 3993 600 4042 autem
634 3986 729 4042 die
771 4004 871 4042 eos
917 3988 1187 4054 visitabo,
1235 4006 1304 4043 ea
1351 4006 1585 4060 poenam
1631 4009 1736 4062 pro
1783 3992 1896 4047 hoc
1950 3993 2046 4048 91

401 4076 618 4132 delicto
641 4076 786 4147 ipsis
811 4077 1073 4149 infligam
1100 4080 1162 4132 ³³.
1197 4099 1221 4127 η
1254 4080 1512 4136 Proinde
1535 4088 1694 4137 extra
1720 4088 2054 4139 controver-

401 4166 547 4221 siam
582 4173 691 4235 est,
724 4170 793 4220 80
823 4167 1138 4222 continuos
1169 4167 1298 4222 dies
1326 4167 1564 4225 beatum
1600 4172 1817 4226 Mosem
1848 4171 2053 4227 divino

397 4256 684 4311 instinctu
740 4257 1019 4311 affectum
1073 4256 1204 4311 cibo
1257 4256 1641 4324 abstinuisse,
1691 4259 1899 4315 alitum
1949 4261 2054 4316 Dei

395 4362 670 4402 sermone
719 4346 1047 4401 secundum
1100 4347 1335 4402 Domini
1381 4346 1628 4403 dictum.
1684 4348 1864 4403 Porro
1914 4366 2051 4406 cum

397 4438 583 4491 Moses
604 4436 666 4490 in
692 4435 1133 4490 tabernaculum
1156 4437 1484 4491 testimonii
1506 4436 2049 4511 intrabat,populus

393 4526 707 4580 universus
735 4524 929 4580 stabat
949 4526 1665 4597 contemplans.Moseque
1685 4527 2048 4601 introgresso

1786 357 2105 421 GEORGII
2151 359 2489 423 CEDRENI

3718 364 3836 429 120

2263 492 2382 548 Ὀτι
2415 488 2627 561 δεήσεις
2672 492 2910 566 μεγάλας
2970 496 3341 568 ποιησάμενος
3392 496 3528 570 πρὸς
3572 496 3663 551 τὸν
3708 501 3835 552 Θεὸν

2188 579 2263 643 εἷς
2305 580 2365 635 τὸ
2424 576 2678 650 διαϐῆναι
2735 584 2826 638 τὸν
2890 580 3166 658 Ἰορδάνην
3221 589 3311 639 καὶ
3346 581 3513 640 ίδκεῖν
3568 587 3668 655 τὴν
3727 594 3834 660 γῆν

2185 676 2283 737 τῆς
2330 669 2659 745 ἐπαγγελίας
2716 672 2824 752 οὐχ
2884 672 3226 744 ὑπηκώσθη,
3287 672 3414 730 ἀλλ’
3479 675 3628 729 εἶπεν
3687 674 3840 748 αὐτῷ

2186 758 2214 812 ὁ
2245 758 2396 820 Θεὸς.
2433 782 2463 811 (ι
2493 760 2819 825 Ἰκανούσθω
2852 779 2958 815 σοι·
3021 757 3250 833 ἀνάϐηθι
3308 761 3397 818 ἐπὶ
3447 764 3544 831 τῆν
3591 765 3839 841 κορυφὴν

2183 852 2280 902 τοῦ
2312 846 2494 918 ὅρους,
2526 849 2618 903 καὶ
2650 844 2736 904 ’ἴδε
2763 855 2879 911 τοῖς
2904 849 3215 930 ὀσθαλμοῖς
3242 872 3361 917 σου,
3384 850 3471 907 ὅτι
3501 852 3563 907 οὐ
3596 847 3836 927 διαϐήσῃ

2184 939 2273 992 τὸν
2309 937 2607 1010 Ἰορδάνην.
2643 962 2671 991 ››
2703 940 2808 997 Καὶ
2839 940 3159 1013 ἐτελεύτησε
3224 949 3461 1011 Μωϋσῆς
3494 942 3547 998 ἐν
3594 948 3673 1015 τῷ
3722 939 3839 1017 ὄρει

2185 1027 2372 1100 ἐκείνῳ
2403 1028 2536 1084 ἐτῶν
2570 1029 2755 1084 ἑκατὸν
2790 1028 2937 1085 δέκα.
2972 1031 3068 1085 Καὶ
3122 1034 3340 1107 ἡγεῖται
3393 1036 3490 1088 τοῦ
3540 1029 3677 1087 λαοῦ
3725 1035 3840 1103 ἰη-

2186 1122 2311 1179 σοῦς
2341 1112 2436 1188 ἔτη
2468 1120 2567 1189 κζ’,
2600 1121 2768 1189 ζήσας
2804 1121 2873 1175 τὰ
2902 1121 3078 1177 πάντα
3105 1116 3199 1191 ἔτη
3235 1122 3422 1178 ἑκατὸν
3453 1119 3600 1180 δέκα.

2258 1205 2436 1262 Ἀλλὰ
2463 1205 2580 1262 δέον
2610 1209 2907 1282 ἡγησάμην
2943 1211 3261 1287 σαφέστερον
3294 1211 3358 1266 τὰ
3409 1212 3532 1288 περὶ
3580 1216 3677 1267 τοῦ
3730 1233 3838 1287 μα-

2183 1299 2378 1371 καρίου
2438 1299 2713 1360 Μωυσέως
2770 1296 3077 1371 διεξελθεῖν.
3139 1298 3375 1356 Μέλλων
3434 1302 3539 1377 γάρ
3580 1302 3608 1357 6
3641 1302 3841 1366 θεσπέ-

2186 1405 2298 1446 σιος
2331 1385 2489 1448 οὗτος
2520 1386 2612 1440 τὸν
2647 1383 2895 1462 δεύτερον
2925 1388 3093 1461 νόμον
3128 1385 3381 1463 δέχεσθαι
3422 1384 3586 1460 ἀνέϐη
3650 1390 3727 1452 εἰς
3772 1391 3843 1445 τὸ

2183 1472 2334 1549 ὅρτς,
2392 1474 2484 1529 καὶ
2538 1471 2741 1544 κατέϐη
2801 1476 3003 1549 Κύριος
3064 1475 3115 1531 ἐν
3157 1475 3383 1556 νεφέλη,
3442 1480 3533 1534 καὶ
3591 1475 3841 1553 παρέστη

2179 1564 2332 1634 αὐτῷ
2362 1562 2560 1625 ἐκεῖνος
2617 1564 2827 1638 ἡμέρας
2877 1566 3271 1637 τεσσαράκοντα
3326 1566 3415 1619 καὶ
3473 1563 3663 1629 νύκτας
3719 1588 3845 1622 τεσ-

2182 1653 2503 1727 σαράκοντα’
2573 1651 2732 1728 ἄρτον
2802 1653 2901 1709 οὐκ
2957 1652 3123 1730 ἔφαγε
3175 1653 3265 1709 καὶ
3328 1652 3476 1730 ὕδωρ
3534 1655 3637 1711 οὐκ
3692 1651 3842 1715 ἔπιε.

2181 1742 2280 1796 Καὶ
2310 1736 2542 1818 ἔγραψεν
2571 1742 2658 1797 ἐπὶ
2716 1746 2824 1798 τῶν
2884 1740 3107 1797 πλακῶν
3166 1742 3233 1798 τὰ
3287 1744 3507 1818 ῥήματα
3559 1752 3657 1815 τῆς
3715 1743 3845 1801 δια-

2183 1834 2377 1903 θήκης,
2407 1831 2533 1894 τοὺς
2564 1830 2693 1888 δέκα
2722 1830 2947 1906 λόγους.
2984 1832 3078 1887 Καὶ
3114 1827 3299 1888 λαϐὼν
3329 1834 3424 1895 τὰς
3478 1833 3691 1898 πλάκας
3743 1836 3845 1891 καὶ

2186 1916 2422 1982 καταϐὰς
2454 1921 2560 1977 ἀπὸ
2589 1926 2684 1977 τοῦ
2717 1918 2876 1997 ὅρους
2907 1919 3319 1996 δεδοξασμένος,
3350 1920 3489 1980 εἶδεν
3514 1925 3728 1999 Ἀαρὼν
3748 1926 3853 1981 καὶ

2184 2010 2378 2073 πάντες
2441 2012 2492 2066 οἱ
2552 2012 2660 2067 υἱοὶ
2719 2010 2945 2087 Ἰσραὴλ
3036 2012 3098 2068 τὸ
3182 2012 3475 2086 πρόσωπον
3556 2016 3851 2079 Μωϋσὲως

2182 2101 2274 2157 καὶ
2330 2102 2397 2169 ἦν
2454 2098 2865 2176 δεδοξασμένον,
2919 2103 3008 2157 καὶ
3079 2097 3324 2176 ἐφοϐήθη
3396 2103 3547 2176 αὐτῷ
3613 2125 3856 2181 προσεγ-

2181 2190 2347 2266 γίσαι·
2382 2191 2470 2245 καὶ
2504 2187 2594 2245 διὰ
2634 2195 2798 2246 τοῦτο
2854 2190 3122 2264 κάλυμμα
3176 2189 3430 2259 ἐπετίθει,
3486 2191 3649 2262 ἡνίκα
3702 2197 3852 2267 πρὸς

2185 2277 2378 2341 αὐτοὺς
2436 2277 2659 2352 ὡμίλει.
2722 2280 2871 2337 Μετὰ
2955 2280 3057 2355 γὰρ
3135 2281 3347 2357 ἡμέρας
3437 2283 3848 2355 τεσσαράκοντα

2182 2366 2480 2440 κατελθὼν,
2512 2370 2600 2424 καὶ
2653 2366 2743 2424 διὰ
2797 2370 2899 2437 την
2969 2371 3335 2445 μοσχοποιίαν
3396 2371 3688 2445 θυμωθεὶς,
3747 2373 3843 2428 εὖ·

2183 2458 2317 2523 θέως
2345 2460 2440 2520 τὰς
2497 2458 2710 2521 πλάκας
2772 2458 3060 2534 συνέτριψε
3117 2458 3206 2513 καὶ
3264 2459 3458 2515 αὐτίκα
3515 2459 3849 2535 προσέταξεν

2180 2544 2392 2618 ἡϐηδὸν
2418 2548 2620 2610 πάντας
2651 2548 2777 2608 τοὺς
2828 2549 3245 2626 παρατυχόντας
3308 2548 3678 2624 ἀναιρεθῆναι.
3730 2551 3845 2607 Καὶ

2177 2640 2269 2693 τὸν
2307 2639 2518 2713 μόσχον
2570 2638 2903 2717 ἐξαφανίσας,
2964 2639 3054 2693 καὶ
3110 2636 3458 2713 τρισχιλίους
3521 2640 3848 2714 αἰσχίστους

2179 2721 2372 2801 ἄνδρας
2413 2725 2800 2800 ἐξοΛοορεύσας
2840 2726 2891 2782 ἐν
2929 2730 3028 2800 μιᾷ
3056 2726 3259 2801 ἡμέρᾳ,
3314 2731 3382 2798 τῇ
3435 2725 3663 2803 ἐπιούσῃ
3704 2732 3845 2785 θᾶτ-

2176 2838 2267 2873 τον
2301 2814 2532 2884 ἀνῆλθεν
2562 2814 2636 2878 εἶς
2693 2816 2758 2871 τὸ
2812 2817 2938 2891 ὅρος
2997 2817 3132 2890 πρὸς
3193 2814 3416 2891 Κύριον,
3488 2814 3843 2890 δυσωπήσων

2178 2906 2357 2962 αὐτόν.
2388 2909 2490 2963 Καὶ
2521 2907 2748 2962 ἄκουσον
2782 2906 2833 2960 τί
2865 2926 3028 2982 φησιν
3058 2908 3092 2974 ἦ
3134 2908 3341 2983 Γραφήε
3402 2932 3428 2959 ιι
3463 2907 3565 2965 Καὶ
3616 2906 3843 2983 ἐγένετο

2179 2997 2314 3069 μετὰ
2385 2994 2479 3064 ἐὴν
2534 2996 2746 3071 αῧριον,
2829 2994 2942 3051 εἶπε
3025 3000 3263 3064 Μωϋσῆς
3319 2995 3457 3070 πρὸς
3520 2996 3611 3051 τὸν
3666 2994 3836 3053 λαόνο

2174 3088 2354 3158 Ὑμεῖς
2386 3088 2745 3162 ἡμαρτήκατε
2790 3086 3056 3161 ἁμαρτίαν
3110 3086 3377 3161 μεγάληνο
3427 3087 3516 3142 καὶ
3562 3093 3652 3144 νῦν
3700 3090 3841 3144 ἀνα-

2175 3170 2420 3249 ϐήσομαι
2450 3175 2587 3249 πρὸς
2648 3176 2740 3231 τὸν
2802 3176 2956 3247 Θεὸν,
3010 3173 3103 3231 ’ίνα
3153 3175 3491 3250 ἐξιλάσωμαι
3547 3178 3671 3251 περὶ
3728 3181 3836 3248 τῆς

2172 3267 2441 3341 ἁμαρτίας
2485 3266 2657 3338 ὑμῶν.
2722 3265 2825 3322 Καὶ
2882 3264 3174 3341 ἐπέστρεψε
3231 3273 3473 3337 Μωϋσῆς
3531 3268 3667 3343 πρὸς
3716 3269 3836 3325 Κύ-

2167 3375 2303 3430 ριον,
2338 3355 2451 3427 ,καὶ
2512 3355 2650 3410 εἶπε·
2722 3353 2946 3428 Δὲὸμαι,
3006 3356 3323 3431 ἡμάρτηκεν
3380 3356 3408 3410 ὁ
3476 3354 3609 3421 λαὸς
3664 3355 3833 3421 οὗτος

2166 3442 2435 3519 ἁμαρτίαν
2501 3441 2769 3520 μεγάλην,
2831 3446 2913 3517 [Ρ.
2993 3447 3083 3518 51]
3145 3444 3233 3499 καὶ
3288 3444 3547 3515 ἐποίησαν
3607 3446 3829 3511 ἑαυτοῖς

2167 3534 2342 3598 θεοῦς.
2376 3536 2474 3588 Καὶ
2506 3537 2622 3603 νῦν,
2691 3533 2736 3588 εἰ
2799 3533 2893 3606 μὶν
2948 3532 3090 3610 ἀφῇς
3148 3532 3334 3596 αὐτοῖς
3393 3535 3492 3603 τὴν
3551 3534 3826 3611 ἁμαρτίαν

2168 3622 2365 3689 αὐτῶν,
2399 3621 2527 3696 ἄφες
2560 3622 2606 3677 εἰ
2637 3618 2695 3677 δί
2729 3623 2829 3694 μή,
2880 3620 3168 3695 ἐζάλειψόν
3232 3643 3300 3696 με
3357 3621 3417 3678 ἐκ
3453 3629 3555 3692 τῆς
3618 3617 3823 3697 βίϐλου

2165 3711 2232 3780 ἦς
2264 3704 2524 3787 ἔγραψας.
2563 3711 2659 3765 Καὶ
2690 3712 2806 3766 εἶπε
2872 3711 3067 3786 Κύριος
3118 3712 3255 3787 πρὸς
3313 3717 3572 3782 Μωυσῆνο
3627 3712 3693 3769 Εἲ
3734 3733 3826 3776 τις

2165 3804 2412 3874 ἥμαρτεν
2445 3800 2677 3857 ἐνώπιόν
2708 3821 2838 3874 μου,
2868 3799 3135 3875 ἐξαλείψω
3165 3801 3325 3857 αὐτὸν
3359 3800 3420 3858 ἐκ
3468 3809 3567 3872 τῆς
3615 3797 3826 3877 βίϐλου

2169 3913 2295 3965 μου.
2331 3893 2468 3948 Νυνὶ
2498 3888 2556 3947 δῖε
2591 3888 2796 3968 βάδιζε,
2823 3890 2913 3946 καὶ
2974 3888 3250 3967 ὀδήγησον
3300 3892 3392 3947 τὸν
3448 3889 3579 3947 λαὸν
3624 3895 3822 3947 τοῦτεν

2166 3982 2241 4045 είς
2273 3981 2365 4037 τὸν
2394 3982 2562 4037 τόπον
2595 3980 2652 4036 ὅν
2679 3980 2874 4055 εἷ’ρηκά
2899 4000 3006 4054 σοι,
3036 3981 3125 4035 καὶ
3186 3978 3304 4036 ἰδοὺ
3357 3982 3386 4036 6
3435 3978 3667 4057 ἄγγελός
3712 4002 3825 4054 μου

2163 4072 2596 4148 προπορεύσεται
2664 4063 2971 4145 ἔμπροσθέν
3027 4090 3140 4125 σου·
3176 4069 3213 4146 ᾖ
3253 4068 3301 4124 δ’
3361 4068 3420 4125 ἄν
3464 4071 3650 4145 ἡμέρᾳ
3704 4068 3827 4125 ἐπι-

2164 4166 2508 4235 σκέπτωμαι,
2541 4159 2720 4231 ἐπάξω
2751 4158 2833 4214 ἐπ’
2864 4158 3059 4221 αὐτοὺς
3088 4160 3188 4228 την
3243 4159 3509 4237 ἁμαρτίαν
3560 4160 3761 4218 αὐτῶν.
3786 4182 3816 4213 ι

2159 4255 2323 4308 Ὥστε
2354 4250 2548 4307 λοιπὸν
2582 4248 2991 4322 ἀναμφήριστόν
3041 4246 3182 4305 ἐστιν
3237 4249 3311 4311 ὡς
3371 4245 3820 4323 ὀγδοηκονθήμεα

2162 4363 2254 4417 ρον
2284 4340 2473 4419 ἐφεξῆς
2531 4339 2790 4400 ἀπόσιτος
2846 4331 2943 4415 ἔφυ
2989 4338 3421 4419 θεοφορούμενος
3472 4340 3500 4395 6
3534 4340 3817 4404 θεσπέσιος

2161 4438 2423 4501 Μωΰσῆς,
2452 4430 2584 4501 θείῳ
2626 4426 2775 4503 λόγῳ
2825 4430 3159 4507 τρεφόμενος
3217 4428 3353 4484 κατὰ
3414 4430 3515 4498 την
3568 4433 3666 4484 τοῦ
3716 4436 3822 4484 lio-

2161 4522 2282 4598 ρίου
2322 4521 2500 4598 φωνή.
2558 4515 2750 4572 Ἦνίκα
2807 4514 2855 4572 δ’
2913 4510 2972 4570 ἅν
3033 4516 3404 4592 εἶ’σεπορεῦετο
3463 4524 3707 4588 Μωϋσῆς
3756 4517 3810 4575 ἐν

394 4614 573 4669 nubis
595 4616 874 4669 columna
895 4621 953 4669 et
975 4615 1126 4670 Deus
1149 4615 1223 4671 ad
1250 4615 1702 4671 tabernaculum
1727 4616 2050 4674 descende-

2175 4614 2230 4684 τῇ
2288 4611 2465 4681 σκηνῇ
2520 4610 2618 4662 τοῦ
2698 4604 3022 4681 μαρτυρίου,
3110 4604 3348 4676 εἱστήκει
3432 4612 3535 4669 πᾶς
3595 4607 3623 4661 6
3676 4604 3813 4672 λαὸς

394 4703 558 4761 bant.
592 4703 852 4776 P0pulus
882 4710 1081 4759 autem
1116 4705 1459 4760 columnam
1499 4705 1676 4761 nubis
1728 4713 2047 4763 cernentes

392 4792 721 4849 adorabunt
751 4793 1004 4865 quisque
1035 4811 1070 4847 a
1108 4810 1216 4848 suo
1247 4793 1649 4862 tabernaculo.
1694 4799 1885 4868 Atque
1933 4798 2048 4854 hoc

390 4882 568 4937 modo
592 4883 745 4938 Deus
765 4899 899 4939 cum
921 4885 1076 4937 Mose
1098 4883 1159 4938 in
1182 4890 1506 4955 conspectu
1525 4886 1731 4957 populi
1761 4886 2043 4958 loqueba-

390 4976 505 5026 tur.
542 4973 727 5027 Moses
758 4988 933 5043 porro
956 4979 1022 5027 ut
1052 4972 1339 5043 populum
1371 4972 1443 5028 ab
1475 4973 1565 5029 ira
1594 4974 1696 5029 Dei
1740 4975 2043 5043 liberaret,

388 5068 551 5117 tanto
585 5067 805 5117 conatu
832 5062 1133 5115 nitebatur
1162 5062 1429 5132 adeoque
1464 5079 1583 5118 suae
1615 5063 1804 5134 ipsius
1833 5065 2044 5120 salutis

386 5168 589 5206 curam
618 5167 736 5205 non
760 5151 1020 5223 gerebat,
1042 5157 1106 5205 ut
1125 5151 1299 5205 etiam
1326 5153 1385 5205 in
1407 5152 1574 5208 clade
1591 5153 1689 5208 Dei
1713 5152 2044 5209 secundum

392 5242 668 5296 Dav-idem
703 5242 956 5296 steterit.
989 5246 1062 5294 At
1111 5258 1245 5295 vero
1274 5241 1459 5297 Judazi
1489 5250 1557 5297 ut
1586 5249 1757 5299 erant
1807 5243 2043 5315 ingrati,

388 5332 576 5402 magis
611 5348 921 5402 magisque
953 5330 1233 5385 adversus
1263 5333 1612 5403 prophetam
1646 5350 1820 5388 suum
1845 5333 2045 5388 insur-

384 5426 687 5474 rexerunt.
718 5420 1013 5491 Quotquot
1049 5426 1243 5474 autem
1280 5421 1390 5476 hoc
1422 5430 1688 5494 egerunt,
1734 5423 1770 5476 ii
1826 5422 2040 5493 partim

459 5510 503 5543 ¹²
532 5509 697 5563 Deut.
733 5525 889 5577 XXXI,
924 5513 974 5563 2.
1055 5510 1099 5543 ³³
1128 5509 1307 5565 Exod.
1341 5527 1519 5566 χχχιι.

2156 4698 2534 4760 σκοπεύοντες.
2566 4697 2655 4759 Ὠς
2688 4692 2735 4751 δ’
2765 4693 2825 4750 ἄν
2856 4692 3079 4765 εῗσῆλθε
3106 4700 3346 4766 Μωϋσῆς
3393 4695 3446 4751 ἐν
3492 4700 3562 4771 τῇ
3608 4701 3810 4772 σκηνῇ,

2154 4782 2462 4846 κατέϐηινεν
2524 4786 2551 4840 ὁ
2611 4781 2808 4846 στῦλος
2893 4790 2993 4855 τῆς
3077 4782 3328 4862 νεφέλης,
3412 4785 3499 4839 καὶ
3560 4786 3588 4841 6
3674 4787 3809 4849 Θεὸς

2157 4877 2243 4936 ἐπὶ
2294 4879 2395 4946 τὴν
2454 4877 2679 4946 σκηνήν.
2734 4879 2793 4931 Ὁ
2881 4869 2938 4927 δὲ
2997 4871 3129 4937 λαὸς
3209 4874 3353 4949 ἐώρα
3432 4874 3521 4929 τὸν
3608 4871 3810 4931 στῦλον

2152 4975 2251 5038 τῆς
2279 4964 2530 5045 νεφέλης,
2558 4964 2647 5019 καὶ
2701 4964 3064 5039 προσεκύνουν
3120 4959 3347 5025 ἕκαστος
3410 4962 3469 5019 ἐκ
3521 4971 3621 5034 τῆς
3680 4986 3811 5038 σκη-

2153 5064 2247 5125 νῆς
2284 5058 2473 5113 αὐτοῦ.
2508 5056 2611 5114 Καὶ
2642 5057 2817 5118 οὕτως
2857 5053 3043 5110 ἐλάλει
3104 5055 3299 5123 Κύριος
3354 5055 3486 5128 μετά
3529 5055 3805 5121 Μωὺσὲιυς

2153 5147 2382 5204 ἐνώπιον
2414 5150 2511 5201 τοῦ
2544 5145 2699 5202 λαοῦ.
2735 5145 2836 5201 Καὶ
2887 5144 2980 5198 τὸν
3032 5142 3126 5215 μὶν
3183 5140 3316 5198 λαὸν
3364 5146 3423 5199 ἐκ
3479 5152 3581 5215 τῆς
3637 5145 3806 5221 ὀργῆς

2153 5236 2358 5311 Κυρίου
2404 5232 2677 5313 διαφόρως
2726 5232 3200 5307 ἐπαγωνιζόμενος
3259 5230 3550 5305 ἐξελέσθαι,
3609 5238 3805 5289 τοσοῦ-

2150 5347 2241 5382 τον
2275 5326 2527 5403 ἠλόγησε
2582 5326 2678 5393 τῆς
2738 5322 2939 5385 οἰκείας
2993 5320 3271 5392 σωτηηίας
3340 5322 3415 5384 ὡς
3476 5324 3566 5378 καὶ
3624 5322 3676 5378 ἐν
3731 5329 3805 5399 τῇ

2150 5416 2372 5492 θραύσει
2402 5418 2499 5469 τοῦ
2531 5418 2667 5470 Θεοῦ
2690 5412 2826 5468 κατὰ
2853 5412 2946 5467 τὸν
2978 5405 3146 5467 Δεϐἰδ
3202 5412 3315 5485 (52)
3364 5417 3575 5482 στῆναι.
3624 5413 3691 5472 υἱ
3746 5412 3806 5473 δὲ

1188 5648 1193 5651 .
1579 5600 1943 5657 XYLANDBI
1982 5599 2067 5654 Ei‘
2108 5599 2325 5654 GOAlil
2364 5596 2587 5652 ΝΟΤιΕ.

456 5686 570 5762 (52)
604 5688 787 5742 Locus
818 5688 1127 5759 perspicue
1158 5689 1425 5746 mutilus.
1460 5692 1737 5748 Davidica
1786 5689 2037 5746 historia
2146 5704 2252 5744 suo
2285 5686 2413 5742 loco
2446 5683 2735 5757 sequitur.
2769 5681 2880 5737 Sed
2912 5680 3113 5738 nescio
3146 5681 3289 5754 quid
3319 5683 3499 5757 Moysi
3542 5700 3679 5783 cum
3720 5702 3812 5791 ,εα-
