4118 6416
381 340 501 402 123

1743 347 2065 408 GEORGII
2110 350 2457 412 CEDBENI

3686 359 3803 422 ιει

382 478 788 534 Amoraaorum
820 485 879 533 et
908 480 1026 552 Ogo
1058 481 1302 536 Basanis
1334 481 1572 553 regibus
1590 483 1894 553 percussis
1912 498 2031 537 om-

2146 479 2241 553 ἔτη
2287 484 2371 558 ρι’.
2407 485 2504 539 Καὶ
2537 485 2565 539 6
2600 486 2695 558 μὶν
2731 489 2969 559 Μωυσης
3003 489 3239 559 πατάξας
3266 490 3360 545 τὸν
3387 492 3543 560 Σηὼν
3575 488 3801 566 βασιλέα

382 580 521 620 nem
555 583 760 622 eorum
791 567 1078 624 ditionem
1113 570 1443 642 subegerat.
1479 569 1584 625 Hic
1640 571 1795 643 Ogus
1841 571 1912 627 de
1961 571 2042 644 gi-

383 655 659 725 gautibus
700 656 892 712 fuerat
946 658 1210 721 relictus,
1268 659 1327 713 in
1381 659 1705 729 Rapbainis
1765 659 2041 715 habitans

384 744 706 811 Astarotlii,
740 762 925 818 genus
956 763 989 800 a
1020 748 1341 819 Raphainis
1375 748 1633 815 ducens;
1667 750 1837 819 cujus
1858 749 2038 804 culci-

387 839 475 888 tra
505 833 620 888 fuit
652 838 861 899 ferrea,
896 853 1102 891 novem
1136 838 1309 909 longa
1338 837 1590 904 cubitos,
1623 846 1878 910 quatuor
1900 839 2038 894 lata.

384 924 563 979 Josua
584 941 735 993 vero,
759 926 1484 993 Chananzeismberezaris,
1502 930 1843 1003 Gergeswis.
1866 932 2042 985 Cliet-

385 1015 538 1079 tzeis,
576 1016 871 1079 lebusmis,
904 1018 1192 1072 Amormis
1215 1025 1274 1072 et
1302 1019 1487 1074 Evmis
1519 1020 1784 1085 domitis,
1845 1037 1910 1076 ac
1942 1020 2039 1074 tri.

386 1103 548 1174 ginta
580 1104 809 1160 duobus
866 1122 1071 1161 eorum
1124 1108 1383 1180 regibus,
1443 1110 1785 1165 universam
1834 1126 2037 1165 eorum

387 1197 603 1246 terram
629 1194 905 1267 Israelico
938 1195 1160 1267 populo
1191 1197 1456 1254 tradidit.
1490 1198 1637 1254 Cum
1685 1205 1909 1266 autem,
1952 1200 2040 1253 in-

385 1280 515 1350 quit
538 1280 602 1348 ”,
647 1284 925 1338 Israelico
956 1286 1174 1356 populo
1196 1292 1359 1359 terga
1381 1287 1775 1353 obverterent,
1800 1288 2036 1361 grandi-

387 1371 480 1424 nis
506 1370 736 1442 lapides
754 1373 986 1429 cozlitus
1009 1375 1067 1428 in
1089 1375 1250 1448 ipsos
1266 1377 1597 1448 ejaculatus
1625 1383 1711 1432 est
1735 1379 2036 1447 Dominus,

385 1460 708 1532 pluresque
739 1461 812 1517 iis
834 1479 1011 1533 quam
1033 1463 1228 1536 gladio
1254 1466 1667 1522 Israelicorum
1692 1467 1839 1522 duce
1862 1468 2040 1523 Josua

385 1551 563 1605 occisi
598 1556 755 1605 sunt.

2149 576 2258 627 τῶν
2292 573 2601 648 Ἀμοραίων
2635 575 2723 629 καὶ
2756 576 2847 631 τὸν
2904 583 2994 632 Ὧν
3058 576 3289 653 βασιλέα
3343 585 3444 649 τῆς
3497 579 3690 648 Βασάν,
3744 581 3805 643 ὅς

2153 660 2450 740 ὑπελείφθη
2483 661 2675 718 ἐκτῶν
2704 665 2974 741 γιγάντων
3025 673 3294 723 κατοικῶν
3352 666 3404 723 ἐν
3454 673 3533 739 τῷ
3584 669 3800 748 Ῥαφαΐν

2151 748 2204 804 ἐν
2249 750 2550 821 Ἀσταρώθ,
2609 750 2877 828 ἀπόγονον
2933 749 3058 808 ὄντα
3109 759 3209 810 τοῦ
3255 755 3493 834 Ῥαφαίν,
3530 753 3592 809 οὗ
3642 756 3731 810 καὶ
3767 757 3803 824 ἡ

2151 837 2310 908 κλίνη
2365 836 2584 914 σιδηρᾶ,
2638 840 2701 895 τὸ
2761 848 2939 912 μῆκος
2999 841 3203 917 ἔχουσα
3259 846 3462 918 πήχεις
3517 842 3684 909 ἐννέα,
3741 845 3808 899 τὸ

2150 926 2358 991 πλάτος
2413 932 2701 1004 τέσσαρας,
2755 929 3011 1008 ἀφείλετο
3068 932 3242 988 πᾶσαν
3301 934 3402 1001 τήν
3450 940 3554 1011 γῆν
3606 932 3806 991 αὑτῶν.

2149 1019 2211 1077 Ὁ
2240 1015 2297 1074 δὲ
2336 1020 2547 1089 Ἰησοῦς
2603 1019 3012 1094 χειρωσάμενος
3071 1026 3244 1076 πᾶσαν
3303 1023 3406 1090 τὴν
3461 1029 3564 1098 γῆν
3625 1020 3805 1077 αὐτῶν

2148 1107 2239 1163 καὶ
2265 1106 2392 1171 τοὺς
2423 1108 2755 1171 Χαναναίους
2783 1108 2874 1164 καὶ
2917 1110 3248 1183 Φερεζαίους
3304 1110 3394 1166 καὶ
3445 1110 3806 1187 Γεργεσαίους

2149 1197 2238 1252 καὶ
2272 1198 2557 1259 Χετταίους
2608 1197 2698 1253 καὶ
2758 1193 3120 1261 Ἰεϐουσαίους
3173 1201 3265 1254 καὶ
3322 1200 3650 1274 Ἀμοραίους
3709 1199 3809 1255 καὶ

2149 1286 2383 1348 Εὖαίους
2413 1286 2503 1343 καὶ
2533 1287 2731 1350 πάντας
2763 1287 2942 1343 αὐτῶν
3000 1289 3128 1351 τοὺς
3187 1287 3454 1365 βασιλεῖς,
3497 1288 3657 1350 ὄντας
3706 1289 3808 1344 τὸν

2149 1376 2380 1451 ἀριθμὸν
2409 1375 3023 1450 τριακονταδύο,πᾶσαν
3063 1379 3164 1446 τὴν
3220 1384 3324 1454 γῆν
3375 1378 3552 1433 αὐτῶν
3600 1374 3811 1432 δέδωκε

2148 1470 2265 1527 τοῖς
2297 1466 2437 1527 υἱοῖς
2468 1465 2714 1540 Ἰσραήλ.
2750 1468 2835 1522 Ἐν
2867 1464 2924 1521 δὲ
2951 1471 3032 1538 τῷ
3058 1466 3278 1544 φεύγειν
3337 1465 3560 1534 αὐτοὺς,
3611 1465 3809 1544 φησὶν,

2149 1555 2252 1610 ἀπὸ
2285 1555 2583 1629 προσώπου
2621 1560 2728 1611 τῶν
2760 1557 2890 1611 υἱῶν
2953 1555 3174 1631 Ἰσραὴλ
3240 1555 3330 1614 καὶ
3391 1556 3587 1628 Κύριος
3646 1555 3813 1631 tuss—

385 1638 539 1711 ῥιψεν
575 1637 759 1699 αὐτοῖς
791 1636 978 1703 λίθους
1010 1642 1262 1714 χαλάζης
1293 1640 1353 1697 ἐκ
1381 1648 1478 1697 τοῦ
1536 1643 1786 1718 ούρανοῦ,
1845 1643 1935 1698 καὶ
1995 1643 2240 1720 ἐγένοντο
2299 1643 2527 1708 πλείους
2584 1646 2637 1700 οἱ
2696 1645 3055 1709 ἀποθανόντες
3122 1642 3211 1701 8ιά
3269 1645 3399 1708 τοὺς
3455 1643 3643 1712 λίθους
3699 1651 3812 1715 τῆς

384 1725 636 1802 χαλάζης
663 1727 697 1796 ἢ
732 1726 823 1790 οὓς
853 1728 1161 1784 ἀπέκτειναν
1199 1732 1250 1784 οἱ
1281 1731 1389 1785 υἱοὶ
1422 1730 1646 1805 Ἰσραὴλ
1680 1731 1926 1807 μαχαίρᾳ
1958 1736 2394 1807 στρατηγοῦντος
2427 1734 2634 1804 Ἰησοῦ.

454 1817 557 1872 9-1
593 1819 804 1873 Verum
837 1820 1137 1875 enimvero
1178 1836 1427 1893 magnus
1458 1822 1569 1876 iste
1590 1823 1791 1888 Josua,
1823 1827 1881 1877 ct
1936 1823 2037 1894 qui
2070 1825 2115 1890 Β

385 1907 673 1961 miracula
695 1908 873 1962 etiam
897 1908 1125 1963 edendo
1150 1926 1212 1964 se
1226 1910 1343 1964 Deo
1363 1928 1564 1966 carum
1581 1911 2039 1980 demonstraret,

377 2011 498 2050 non
533 2002 729 2051 tamen
765 1996 989 2052 doloris
1021 1998 1435 2070 variarumque
1464 1998 1577 2056 fuit
1635 2001 2036 2055 tentationum

381 2100 607 2156 expers.
644 2086 724 2141 De
744 2103 861 2156 quo
884 2087 1059 2141 etiam
1090 2088 1216 2142 hwc
1239 2088 1439 2143 divina
1463 2089 2041 2159 eloquentianobilis

391 2174 848 2245 Chrysostomus
879 2175 1023 2229 dicit
1055 2192 1068 2229 :
1103 2177 1426 2233 Considera
1461 2177 1610 2232 mihi
1658 2178 1801 2248 quid
1830 2178 1916 2232 rei
1966 2178 2045 2233 sit

364 2264 566 2335 justus
599 2264 796 2318 homo.
826 2265 1012 2318 Jussit
1038 2267 1217 2320 Josua
1244 2267 1400 2321 Nave
1442 2267 1602 2322 (ilius
1658 2268 1846 2322 solem
1899 2266 2038 2323 sub-

372 2353 767 2424 sisterejuxta
788 2354 1048 2408 Gabaoth
1067 2355 1392 2426 lunamque
1416 2357 1490 2411 ad
1507 2357 1722 2412 vallem
1752 2358 2034 2421 Eloman;

372 2449 550 2513 atque
582 2443 664 2496 ita
695 2443 923 2498 factura
954 2450 1062 2498 est.
1098 2445 1182 2499 ita
1213 2445 1370 2499 enim
1408 2451 1498 2500 est
1531 2447 1861 2517 scriptum:
1894 2469 1923 2496 ‹‹
1959 2449 2037 2501 Ac

374 2533 638 2588 substitit
670 2533 757 2588 sol
789 2533 849 2588 in
881 2534 1077 2589 medio
1107 2535 1236 2590 coeli
1271 2552 1461 2607 usque
1492 2537 1565 2592 ad
1623 2537 1803 2591 linem
1857 2537 2037 2593 unius

375 2624 514 2680 diei.
549 2627 813 2690 Quantus
845 2626 971 2681 dies
994 2644 1187 2697 neque
1228 2633 1365 2683 ante
1398 2629 1510 2683 fuit
1553 2646 1748 2700 neque
1802 2637 2030 2701 postea,

372 2715 454 2770 ita
486 2721 605 2770 tum
632 2717 785 2770 Deus
816 2716 1040 2770 homini
1075 2716 1506 2788 obtemperavit
1536 2717 1599 2774 ³⁸.
1638 2742 1667 2770 ››
1706 2721 1825 2775 Hoc
1857 2721 2031 2776 Mosis

368 2807 525 2864 facta
555 2814 814 2878 superat.
849 2812 925 2864 At
953 2810 1112 2864 enim
1146 2827 1397 2883 magnus
1424 2811 1534 2867 iste
1592 2818 1770 2883 atque
1820 2814 2031 2869 miriﬁ-

367 2914 471 2952 cus
506 2903 565 2953 et
591 2897 961 2953 admirabilis
991 2899 1167 2953 Mosis
1199 2916 1527 2965 successor,
1574 2902 1845 2957 omnium
1896 2920 2028 2974 quas

365 2987 462 3041 isti
476 2985 728 3042 molesta
740 2987 1070 3058 acerbaque
1086 2995 1406 3044 evenerant
1419 2996 1635 3061 partem
1649 2991 1774 3062 ipse
1790 3009 2027 3063 quoque

372 3077 577 3131 sensit.
613 3078 737 3131 Non
770 3078 927 3131 enim
990 3077 1164 3133 modo
1214 3077 1445 3134 vivente
1495 3081 1821 3135 etiamnum
1870 3083 2026 3137 Mose

369 3172 593 3221 vestem
627 3166 906 3222 laceravit
933 3185 1101 3224 suam
1135 3184 1316 3240 seque
1370 3171 1567 3226 cinere
1597 3173 1933 3243 conspersit
1956 3171 2019 3237 ⁸⁷,

370 3255 474 3310 sed
506 3271 575 3310 eo
606 3255 884 3312 defuncto
917 3259 974 3312 in
1010 3258 1223 3331 majori
1256 3275 1462 3315 rursus
1512 3261 1871 3317 constitutus
1912 3261 2026 3317 fuit

372 3346 836 3411 necessitudine,
862 3364 1087 3418 pronus
1108 3348 1274 3403 humi
1300 3354 1489 3403 totum
1514 3350 1671 3404 diem
1696 3356 2025 3422 prostratus

368 3433 442 3489 ob
468 3435 695 3490 Achani
729 3444 1037 3506 peccalum
1070 3437 1393 3507 populique
1422 3437 1674 3493 cladem.
1728 3439 1821 3494 Sic
1863 3440 2024 3494 enim

362 3523 546 3578 habet
574 3524 877 3595 Scriptura
900 3524 964 3587 ιδ,
1001 3549 1027 3575 ‹‹
1057 3528 1127 3579 Et
1150 3526 1430 3582 laceravit
1450 3528 1626 3582 Josua
1648 3533 1838 3583 vestes
1864 3545 2023 3591 suas,

368 3627 553 3683 seque
591 3629 790 3668 coram
822 3614 1072 3669 Domino
1102 3615 1161 3668 in
1197 3615 1405 3669 laciem
1438 3617 1926 3687 poslravitusque
1950 3616 2020 3671 ad

375 3718 705 3773 vesperam,
729 3720 984 3774 cumque
1008 3704 1135 3775 ipso
1156 3704 1423 3759 seniores
1445 3706 1671 3776 populi,
1695 3706 2027 3777 pulverem-

375 3809 490 3863 que
521 3791 816 3864 capitibus
865 3793 989 3848 suis
1038 3795 1433 3865 ingesserunt.
1486 3795 1760 3866 Dixitque
1807 3797 2021 3851 Josua:

373 3881 648 3948 Obsecro,
682 3882 951 3949 Domine,
985 3900 1090 3938 cur
1117 3883 1375 3939 famulus
1397 3888 1532 3938 tuus
1554 3884 1838 3957 pOpulum
1863 3885 2025 3939 hunc

370 3976 536 4025 trans
564 3971 880 4026 Jordanem
912 3971 1134 4027 duxit?
1163 3989 1239 4027 an
1269 3979 1335 4027 ut
1364 3989 1499 4028 eum
1522 3974 1792 4029 Amoreis
1823 3973 2023 4029 deleu-

371 4058 511 4113 dum
534 4059 872 4131 prmberet?
901 4060 1043 4131 quid
1076 4062 1235 4116 enim
1261 4063 1474 4131 dicam,
1509 4074 1821 4134 postquam
1845 4064 2028 4118 Israe-

367 4148 521 4203 licus
579 4150 834 4220 populus
891 4156 1056 4224 terga
1112 4150 1265 4206 hosti
1324 4152 1556 4207 vertit?
1612 4152 1874 4208 Audient
1912 4152 2024 4207 hoc

368 4238 686 4294 Cbananzci
717 4257 784 4294 ac
816 4240 1033 4311 reliqui
1068 4246 1237 4296 terrai
1270 4241 1448 4313 hujus
1507 4241 1740 4309 incolae,
1793 4257 2023 4311 nosque

369 4328 839 4401 circumcingent
867 4336 926 4384 et
952 4331 1313 4386 exscindent.
1351 4352 1380 4380 »
1412 4330 1669 4386 Videsne
1716 4332 1875 4386 hunc
1904 4346 2024 4385 non

374 4418 589 4473 minori
623 4435 801 4489 quam
831 4421 1050 4474 Mosem
1080 4420 1264 4475 fuisse
1295 4420 1357 4474 in
1391 4420 1692 4475 anxietate
1723 4426 1900 4491 atque
1922 4422 2020 4478 05

370 4508 844 4579 perturbatione;
880 4525 992 4579 qua
1021 4509 1328 4580 probabile
1362 4510 1454 4565 es?
1478 4527 1613 4564 cum
1637 4527 1704 4564 eo
1736 4510 1917 4565 fuisse
1939 4526 2028 4566 re-

2215 1823 2285 1879 "O
2316 1843 2379 1898 γε
2413 1824 2521 1894 μήν
2557 1822 2721 1897 μὲγας
2753 1822 2840 1878 καὶ
2869 1824 3236 1899 τερατουργὸς
3258 1824 3349 1878 καὶ
3379 1821 3807 1896 θεοφιλῆςπάνυ

2147 1910 2310 1971 οὗτος
2343 1909 2682 1986 ἀναδειχθεὶς
2714 1912 2817 1967 οὐκ
2847 1911 3084 1987 ἄμοιρος
3116 1913 3295 1982 λύπης
3332 1913 3417 1967 καὶ
3477 1916 3804 1987 πειρασμῶν

2148 1997 2419 2080 διαφόρων
2450 2001 2678 2077 ἐγένετο.
2724 2001 2855 2076 Περὶ
2910 2004 2971 2057 οὗ
3027 2003 3118 2057 καί
3179 2003 3208 2057 6
3277 1999 3602 2078 οεοῤῥήμων
3658 2003 3812 2076 Χρυ-

2146 2092 2302 2146 σόστο
2314 2113 2417 2166 μος
2441 2090 2567 2169 ἔφη·
2606 2117 2634 2145 «
2661 2093 2953 2160 Ἐννόησον
2984 2093 3111 2148 ὅσον
3132 2092 3243 2148 ἐστὶ
3266 2089 3477 2154 δίκαιος
3491 2091 3807 2165 ἄνθρωπος.

2144 2181 2311 2235 Εἶπεν
2344 2185 2557 2250 Ἰησοῦς
2581 2185 2680 2236 τοῦ
2714 2187 2884 2250 Ναυῆ·
2919 2184 3117 2252 Στήτω
3149 2183 3176 2237 ὁ
3208 2179 3371 2249 ἥλιος
3401 2180 3538 2236 κατά
3567 2178 3803 2235 Γαυαὼδ

2143 2268 2232 2323 καὶ
2289 2271 2325 2338 ἡ
2385 2269 2589 2339 σελήνη
2651 2270 2786 2325 κατά
2839 2271 3094 2349 φάραγγα
3159 2268 3369 2342 Ἐλώμ·
3421 2269 3512 2325 καὶ
3570 2267 3806 2344 ἐγένετοο

2142 2358 2276 2436 φησί
2306 2360 2431 2433 γάρ·
2467 2384 2494 2411 ‹‹
2530 2360 2630 2416 Καὶ
2666 2357 2792 2424 ἔστη
2818 2361 2844 2413 ὁ
2876 2359 3040 2430 ἣλιος
3095 2359 3229 2415 κατά
3282 2358 3446 2432 μέσον
3477 2362 3573 2414 τοῦ
3618 2357 3801 2431 οὐρα·-

2139 2451 2233 2502 νοῦ
2265 2447 2340 2510 εἷς
2371 2447 2529 2510 τέλος
2561 2450 2773 2523 ἡμέρας
2806 2453 2953 2521 μιᾶς,
3007 2452 3094 2523 [Ρ.
3142 2450 3231 2522 53]
3284 2449 3377 2504 καὶ
3433 2448 3535 2503 οὐκ
3581 2443 3804 2522 ἐγένετο

2140 2536 2321 2611 ἡμέρα
2351 2537 2576 2607 τοιαύτη
2629 2537 2894 2611 πρότερον
2954 2538 3044 2592 καὶ
3103 2536 3432 2613 ἔμπροσθεν,
3491 2534 3631 2591 ὥστε
3693 2537 3802 2592 ὑπ-

2138 2632 2364 2681 ακούσαι
2396 2626 2525 2681 Θεὸν
2556 2626 2864 2700 ἀνθρώπου.
2903 2653 2924 2681 ι
2963 2630 3143 2684 Τοῦτο
3191 2631 3286 2681 τοῦ
3337 2627 3614 2688 Μωυσέως
3671 2631 3805 2699 μεῖ-

2140 2721 2253 2785 ζον.
2299 2714 2478 2771 Ἀλλά
2506 2736 2569 2788 γε
2599 2713 2665 2785 δὴ
2698 2716 2788 2771 καὶ
2837 2714 2996 2777 οὗτος
3059 2717 3087 2770 ὁ
3135 2715 3446 2789 θαυμαστὸς
3486 2715 3575 2769 καὶ
3627 2717 3803 2788 μέγας

2134 2806 2223 2860 καὶ
2283 2806 2667 2879 τερατουργὸς,
2735 2802 3113 2878 διαδεξαμενος
3164 2804 3254 2860 τὸν
3344 2806 3613 2873 Μωϋσῆν,
3667 2825 3800 2859 συν-

2134 2894 2447 2965 απήλαυσεν
2482 2894 2630 2967 αύτῷ
2661 2894 2898 2966 πάντων,
2941 2894 3016 2955 ὡς
3038 2891 3165 2957 ἔπος
3188 2894 3377 2959 εἰπεῖν,
3400 2898 3508 2949 τῶν
3534 2893 3793 2967 ἀνιαρῶν.

2134 2986 2214 3043 Οὐ
2243 2986 2345 3060 γάρ
2367 2980 2445 3040 ἔτι
2480 2986 2646 3057 μόνον
2674 2984 2764 3040 ὅτε
2793 2983 2885 3055 ἔζη
2945 2987 3209 3053 Μωυσῆς,
3266 2984 3333 3040 τὰ
3385 2985 3572 3058 ἱμάτιν
3632 2980 3793 3058 διέβ-

2134 3076 2262 3150 ῥηξε
2290 3074 2377 3130 καὶ
2412 3072 2614 3130 σποδὸν
2659 3074 3021 3143 κατεπείσατο,
3079 3073 3227 3131 ἀλλὰ
3280 3072 3370 3129 καὶ
3427 3071 3800 3144 τελευτήσαν-

2132 3185 2226 3226 τος
2258 3164 2422 3219 πάλιν
2457 3164 2534 3219 εἷς
2589 3164 2810 3238 μείζονα
2864 3163 3065 3232 ταύτης
3123 3163 3354 3233 κατέστη
3415 3161 3655 3232 ἀνάγκην
3719 3159 3799 3217 δι’

2137 3253 2276 3323 ’ὀλης
2333 3252 2547 3327 ἡμέρας
2629 3254 2846 3327 πρηνής
2903 3252 3148 3324 κείμενος
3217 3248 3307 3306 δῖά
3355 3252 3455 3320 τὴν
3517 3250 3791 3325 ἁμαρτίαν

2127 3346 2310 3421 ’Ἂχαν
2338 3342 2425 3397 καὶ
2466 3343 2567 3411 τήν
2599 3346 2697 3398 τοῦ
2731 3339 2870 3397 λαοῦ
2895 3343 3080 3410 ἧτταν.
3115 3340 3262 3409 Φησὶ
3292 3341 3415 3415 γάρ·
3451 3364 3479 3392 ‹‹
3513 3338 3617 3395 Καὶ
3641 3336 3793 3414 διέρο

2131 3431 2285 3509 ῥηξεν
2366 3434 2580 3499 Ἰησοῦς
2664 3431 2731 3485 τά
2817 3430 3013 3503 ἱμάτια
3066 3430 3255 3495 αὐτοῦ,
3316 3429 3408 3484 καὶ
3465 3423 3649 3484 ἔπεσεν
3696 3428 3789 3484 ἐπὶ

2129 3521 2428 3597 πρόσωπον
2456 3519 2689 3575 ἐναντίον
2742 3521 2946 3594 Κυρίου
3001 3516 3109 3581 ἕως
3168 3519 3417 3592 ἒσπέρας,
3482 3519 3647 3578 αὐτὸς
3692 3518 3789 3572 καὶ

2129 3611 2182 3666 οἱ
2213 3605 2571 3686 πρεσϐύτεροι
2607 3606 2850 3683 Ἰσραήλ.
2885 3609 2988 3666 Καὶ
3028 3604 3295 3664 ἐπέϐαλον
3352 3611 3492 3683 χοῦν
3541 3606 3631 3662 ἐπὶ
3681 3609 3784 3677 τὴν

2126 3698 2370 3778 κεφαλὴν
2402 3699 2602 3763 αὐτῶν,
2649 3698 2740 3753 καὶ
2800 3700 2946 3754 εἶπεν
3010 3699 3245 3767 Ἰησοῦς·
3306 3696 3533 3770 Δὲομαι,
3589 3696 3783 3770 Κύριε,

2124 3789 2220 3844 ἵνα
2248 3789 2300 3843 τί
2334 3783 2633 3843 διεϐίϐασεν
2664 3789 2691 3841 ὁ
2720 3792 2850 3849 παῖς
2882 3808 2977 3842 σου
3007 3787 3100 3843 τὸν
3132 3785 3267 3842 λαὸν
3294 3790 3489 3841 τοῦτον
3522 3785 3613 3841 τὸν
3647 3786 3788 3859 Ἰορ-

2129 3875 2313 3948 δάνην,
2373 3875 2707 3951 παραδοῦναι
2760 3877 2924 3932 αὐτὸν
3001 3881 3079 3948 τῷ
3161 3876 3441 3949 Ἀμοραίῳ
3515 3872 3787 3930 ἀπολὲσαι

2128 3971 2316 4040 ﬁnale;
2374 3969 2465 4024 καὶ
2529 3966 2656 4044 ἐρῶ,
2718 3967 2833 4024 ἐπεὶ
2887 3962 3182 4041 μετέϐαλεν
3244 3964 3466 4040 Ἰσραὴλ
3532 3966 3624 4021 τὸν
3684 3964 3787 4020 αὐ-

2129 4062 2265 4140 χὲνα
2325 4058 2577 4115 ἀπέναντι
2634 4063 2733 4114 τοῦ
2789 4057 2992 4134 ἐχθροῦ
3049 4056 3252 4126 αὐτοῦς
3311 4057 3410 4111 Καὶ
3464 4056 3698 4119 ἀκούσας
3758 4058 3787 4111 6

2130 4154 2428 4210 Χαναναῖος
2452 4148 2543 4204 καὶ
2573 4148 2770 4209 πάντες
2803 4147 2855 4202 οἱ
2912 4149 3289 4208 κατοικοῦντες
3332 4147 3433 4215 τήν
3478 4151 3581 4221 γῆν
3631 4164 3785 4220 περιο

2127 4237 2505 4294 κυκλώσουσιν
2534 4241 2682 4312 ἡμᾶς
2729 4238 2848 4320 καὶ,
2878 4235 3224 4311 ἐκτρίψουσιν
3283 4236 3390 4292 ἀπὸ
3445 4239 3545 4305 τῆς
3597 4243 3719 4311 γῆς.
3758 4259 3787 4287 υ

2128 4329 2289 4403 Ὁρᾷς
2316 4329 2465 4389 ὅπως
2506 4327 2595 4382 καὶ
2629 4326 2792 4390 οὗτος
2818 4327 2931 4401 οὐχ
2976 4327 3139 4395 ἧττον
3191 4324 3466 4387 Μωυσέως
3521 4322 3792 4398 ἀδημονεῖ

2128 4417 2221 4472 καὶ
2253 4413 2566 4491 θορυϐεῖται
2594 4436 2606 4485 ;
2638 4416 2728 4471 καί
2759 4437 2865 4470 που
2895 4416 3044 4494 τάχα
3072 4415 3164 4471 καὶ
3211 4415 3375 4477 αὐτὸς
3426 4412 3636 4487 ὁμοίως
3683 4416 3786 4484 τὴν

2136 4507 2279 4576 ζωὴν
2313 4507 2361 4576 ἐξ
2389 4504 2621 4581 ἀπορίας
2668 4504 2986 4582 ἀπελὲγετο.
3035 4506 3146 4561 Ἐὦ
3193 4504 3367 4581 λεγειν
3420 4502 3550 4567 τοὺς
3593 4500 3788 4582 διαφό-

370 4597 606 4653 dactum
641 4604 705 4652 ut
725 4598 850 4669 ipse
873 4616 1108 4670 quoque
1131 4600 1307 4654 vitam
1330 4605 1773 4671 aspernaretur.
1808 4600 2021 4672 Super-

2139 4614 2258 4670 ρους
2287 4593 2568 4666 πολέμους
2599 4594 2687 4649 καὶ
2719 4595 2815 4656 τὰς
2851 4580 3033 4669 μάχας
3060 4594 3150 4648 καὶ
3202 4593 3299 4656 τάς
3351 4590 3638 4666 φροντίδας
3689 4580 3791 4648 καὶ

370 4687 548 4743 sedeo
578 4687 912 4743 referendis
946 4694 1030 4743 tot
1053 4688 1251 4754 bellis,
1276 4690 1492 4761 pugnis
1519 4705 1587 4744 ac
1609 4688 2023 4745 sollicitudini-

367 4778 500 4844 bus,
561 4777 887 4849 fraudeque
950 4777 1353 4833 Gabaonitica.
1424 4779 1572 4834 Sane
1630 4783 1688 4833 et
1744 4795 2014 4851 agrorum

368 4865 578 4921 divisio
603 4884 883 4940 magnum
897 4867 950 4922 ei
975 4865 1239 4922 laborem
1254 4861 1754 4939 difficultatesque
1773 4884 1952 4939 porro
1967 4872 2026 4923 et

368 4961 710 5015 vexationes
770 4960 1134 5031 multiplices
1177 4958 1389 5015 attulit.
1439 4960 1526 5015 Ad
1574 4961 1732 5017 hunc
1780 4960 2020 5016 modum

371 5066 578 5106 omnes
610 5050 649 5104 ii
700 5050 798 5121 qui
826 5050 942 5104 Deo
962 5066 1319 5121 magnopere
1342 5049 1713 5120 placuerunt,
1739 5050 2024 5105 aerumnis

368 5142 533 5211 prius
565 5139 1114 5209 tentationibusque
1149 5144 1412 5209 spectata
1451 5155 1654 5194 eorum
1711 5138 2023 5210 probitate,

371 5231 570 5285 divino
600 5246 802 5284 amore
820 5228 1053 5284 fruendi
1080 5228 1328 5283 liberam
1351 5228 1692 5284 facultatem
1721 5228 2025 5284 consecuti

369 5325 509 5373 sunt
538 5336 551 5372 :
584 5336 779 5391 neque
812 5319 1129 5389 quisquam
1161 5333 1366 5372 eorum
1399 5318 1498 5389 qui
1531 5319 1589 5372 in
1618 5318 1820 5390 aliquo
1866 5318 2024 5389 apud

376 5407 560 5461 Deum
594 5409 782 5478 pretio
822 5408 1139 5473 habentur,
1190 5410 1475 5462 mrumnis
1527 5409 1738 5478 caruit,
1790 5407 2025 5463 etiamsi

377 5509 487 5549 nos
512 5494 573 5549 id
605 5502 662 5550 et
696 5495 790 5551 Dei
816 5495 889 5552 de
921 5495 1067 5568 ipsis
1090 5494 1385 5567 judicium
1419 5495 1619 5553 lateat.

1280 5671 1321 5706 ιτ
1350 5672 1520 5727 Num.
1552 5687 1665 5728 xiv.

440 5667 488 5703 ‘5
515 5667 632 5725 Jos.
667 5686 721 5724 ι.
802 5669 845 5704 ⁸⁸
872 5670 991 5725 Jos.
1024 5685 1081 5740 χ,
1112 5669 1201 5727 43.

1745 5669 1793 5707 ¹⁶
1818 5671 1937 5727 Jos.
1969 5686 2066 5729 vn.

2129 4688 2238 4740 τῶν
2273 4689 2627 4739 Γαυαωνιτῶν
2660 4685 2758 4753 τὴν
2808 4682 3039 4750 ἀπάτην.
3104 4683 3201 4736 Καὶ
3257 4683 3440 4753 μέντοι
3487 4682 3575 4736 καὶ
3613 4682 3647 4751 ἡ
3678 4685 3792 4737 τῶν

2130 4772 2354 4848 κλήρων
2409 4770 2641 4846 διανομὴ
2700 4770 2874 4828 πολὺν
2927 4773 3021 4845 μὲν
3074 4772 3166 4826 τὸν
3225 4770 3390 4826 πόνον
3445 4768 3665 4831 πολλὰς
3727 4767 3793 4825 δὲ

2131 4868 2391 4939 παρεῖχεν
2451 4861 2600 4934 αύτῷ
2655 4861 2752 4926 τὰς
2808 4858 3105 4922 δυσκολίας
3169 4858 3261 4914 καὶ
3329 4857 3568 4934 θλίψεις.
3624 4856 3789 4916 Οὕτω

2130 4952 2315 5008 τοίνυν
2352 4954 2582 5014 ἅπαντες
2615 4951 2734 5006 ὅσοι
2772 4950 2852 5022 τῷ
2908 4955 3024 5023 Θεῷ
3087 4948 3347 5025 μεγάλως
3389 4949 3793 5025 εύηρὲστησαν,

2134 5039 2225 5097 διὰ
2255 5039 2495 5114 θλίψεων
2549 5041 2642 5096 καὶ
2695 5043 3013 5115 πειρασμῶν
3076 5036 3492 5113 δοκιμασθέντες
3546 5037 3636 5093 καὶ
3702 5034 3795 5093 δό-

2132 5129 2671 5209 κιμοιάναφανέντες
2709 5136 2809 5200 τῆς
2851 5128 2985 5204 πρὸς
3041 5128 3172 5183 Θεὸν
3232 5127 3446 5201 ἀγάπης
3499 5127 3591 5183 καὶ
3647 5127 3796 5202 παῤ-

2137 5220 2330 5295 ῥησίας
2363 5222 2654 5299 ἐπέτυχον,
2713 5220 2802 5274 καὶ
2865 5218 2967 5273 οὐκ
3022 5215 3164 5272 ἔστιν
3218 5214 3421 5285 οὐδεὶς,
3481 5215 3554 5271 ὧν
3610 5213 3792 5280 πολὺς

2135 5312 2280 5386 παρά
2327 5314 2406 5384 τῷ
2463 5314 2580 5382 Θεῷ
2638 5308 2830 5383 λόγος,
2890 5305 3128 5381 θλίψεων
3215 5305 3388 5373 ἐκτὸς,
3456 5304 3553 5361 κά¹ν
3624 5309 3796 5380 ἡμεῖς

2136 5401 2414 5478 ἀγνοῶμεν
2472 5403 2635 5456 τοῦτο
2680 5398 2769 5453 καὶ
2813 5399 2878 5452 τά
2924 5402 3022 5453 τοῦ
3073 5399 3208 5453 Θεοῦ
3266 5396 3389 5474 περὶ
3448 5397 3625 5453 αὐτῶν
3681 5398 3802 5472 κρί-

2141 5511 2302 5567 ματα.
