4118 6458
348 418 478 490 125
1527 426 1974 487 HlS'l'OltlARl

2168 425 2662 486 OMPENDIUM.
3674 420 3790 482 126

438 559 586 618 Μετᾶ
616 556 674 614 δέ
728 580 793 635 γε
850 561 1070 629 Ἰησοῦν
1105 557 1195 615 διὰ
1238 564 1343 616 τῶν
1377 564 1575 634 κριτῶν
1610 560 1638 614 6
1696 561 1823 623 Θεὸς
1854 552 2021 627 ἔσωζε
2055 598 2064 630 Α

2212 560 2345 615 Post
2371 560 2608 615 Josuam
2634 560 2786 614 Deus
2824 558 3095 630 judicum
3128 574 3310 628 opera
3340 557 3626 627 p0pulum
3662 572 3785 610 ser-

353 651 459 707 τόν
490 649 646 711 λαὸν,
677 644 1015 722 θλιϐόμενον
1051 650 1154 705 ὑπὸ
1192 655 1300 705 τῶν
1355 648 1814 729 περιλειφθέντων
1848 646 1979 704 ἄλλο

2159 652 2344 709 'avit.a
2362 650 2634 722 reliquiis
2655 649 2920 722 gentium
2942 648 3275 703 alienarum
3297 651 3590 700 vexatum.
3624 646 3785 699 Inter

356 738 573 818 φύλων.
607 740 697 796 Ἐν
729 739 816 801 οἷς
850 739 1061 811 ὑπῆρξε
1117 741 1423 815 πρώτιστος
1481 736 1686 799 Ἰούδας
1746 735 1982 811 καλούμε

2156 738 2364 795 udices
2394 755 2496 794 eos
2529 738 2754 809 primus
2778 737 2890 793 fuit
2933 737 3139 791 ordine
3169 734 3368 790 Judas.
3404 734 3505 804 qui
3564 733 3781 805 populo

354 847 477 893 νος,
510 827 599 881 καὶ
631 822 809 901 ἔκρινε
862 826 957 882 τὸν
1014 824 1146 882 λαὸν
1193 825 1286 897 ἔτη
1347 827 1408 895 ζ’,
1467 825 1876 901 χειρωσάμενος
1932 844 1980 879 κι

2159 845 2322 884 ιιιιιοιι
2377 834 2604 900 septem
2638 828 2892 899 praefuit.
2926 828 2980 881 Is
3000 824 3477 881 Adontbezecum
3509 822 3785 878 barbaro-

352 916 455 972 τὸν
485 912 856 987 Ἀδωιιζεῦὶκ
889 915 1119 992 βασιλέα
1146 921 1253 971 τῶν
1284 913 1467 996 ἀλλοιρ
1482 915 1643 984 ὅλων,
1701 916 1787 971 καὶ
1848 914 1978 989 ἂκρα

2154 935 2264 974 ἰιιιι
2286 934 2480 991 regem
2511 920 2571 974 in
2601 934 2769 974 suam
2804 924 3156 989 potestatem
3186 913 3624 987 redogit.eique
3654 928 3780 967 ma-

356 1006 629 1079 τηριάσας
659 1008 829 1062 αὐτοῦ
868 1012 1066 1085 χεῖρας
1094 1006 1183 1061 καὶ
1224 1004 1417 1070 πόδας.
1478 1005 1615 1062 Eine
1678 1002 1737 1060 δὲ
1788 1000 1982 1058 Ἀδωνι

2200 1025 2317 1064 tum
2349 1026 2416 1064 ac
2445 1009 2663 1081 pedum
2697 1007 3104 1064 extremitates
3132 1004 3416 1077 prtecidit.
3449 1004 3591 1057 Tum
3626 1000 3784 1057 Ado—
3822 998 3826 1005 ⁴

359 1092 543 1165 ζεϐέκ·
583 1120 608 1150 ι
639 1092 1059 1171 Ἐϐδομήκοντα
1092 1096 1337 1172 βασιλεῖς
1384 1096 1451 1151 τα
1506 1093 1644 1170 ἄκρα
1674 1099 1785 1151 τῶν
1815 1098 1985 1168 χειρῶ

2154 1098 2484 1155 iibezecus:
2517 1120 2546 1149 «
2581 1097 3018 1171 Septuaginta,»
3052 1095 3318 1167 inquit”.
3352 1107 3555 1165 «reges
3578 1090 3780 1153 habui.

355 1184 595 1238 καὶτῶν
642 1181 828 1239 ποδῶν
885 1183 1062 1239 αὐτῶν
1120 1185 1558 1257 ἀποκεκομμένοι
1614 1185 1766 1254 ἦσαν,
1818 1179 1981 1237 συλλὲ

2155 1188 2231 1260 [ιιὶ
2265 1188 2527 1260 praecisis
2556 1203 2590 1242 a
2622 1205 2716 1244 me
2741 1203 3026 1242 manuum
3059 1191 3117 1240 et
3142 1182 3360 1256 pedum
3393 1180 3781 1236 extremitati-

358 1293 556 1346 γοντες
612 1273 680 1329 τὰ
739 1273 1000 1330 ὑποκάτω
1057 1277 1158 1339 τῆς
1188 1272 1460 1349 τραπέζης
1518 1293 1644 1347 μου.
1705 1271 1893 1333 Καθὼς
1925 1268 1984 1325 οὗ

2151 1294 2240 1332 HIS
2271 1278 2379 1333 sub
2412 1293 2618 1333 mensa
2646 1293 2781 1333 mea
2809 1277 3079 1332 ciborum
3098 1273 3379 1344 reliquias
3401 1270 3777 1342 colligebant.

357 1361 623 1432 ἐποίησα,
686 1359 831 1418 οὕτω
885 1362 977 1419 καὶ
1035 1360 1382 1419 ἀνταπέδωκέ
1438 1383 1536 1436 μοι
1611 1363 1640 1417 6
1716 1362 1936 1436 Κύριος.

2153 1368 2291 1422 Sicut
2321 1383 2459 1439 ergo
2492 1367 2625 1433 feci,
2660 1366 2745 1421 sic
2778 1365 2921 1420 mihi
2945 1363 3234 1419 Dominus
3254 1359 3552 1415 retribuit.
3588 1380 3617 1408 ››
3643 1358 3779 1413 Suc-

352 1453 512 1509 Μετά
553 1450 612 1507 δὲ
643 1450 852 1510 Ἰούδαν
906 1451 1102 1528 γέγονε
1156 1453 1348 1528 κριτὴς
1409 1449 1678 1521 Γοθονιὴλ
1735 1451 1825 1507 καὶ
1885 1470 1978 1524 μετ

2150 1456 2308 1512 :essit
2361 1456 2524 1511 ludas
2567 1452 2899 1517 Gothoniel,
2942 1453 3080 1509 huic
3127 1451 3349 1507 Aodus.
3382 1451 3520 1504 Post
3548 1446 3776 1503 Aodum

351 1538 754 1600 τοῦτονἋώὸ.
788 1543 935 1598 Μετὰ
994 1539 1053 1597 δέ
1098 1564 1159 1620 γε
1224 1539 1372 1599 Ἀὼδ
1427 1542 1615 1618 γέγονε
1665 1542 1860 1617 κριτής
1910 1546 1977 1594 Σο

2150 1547 2409 1619 iamegar
2435 1545 2813 1617 septennium
2838 1542 3061 1615 judicis
3083 1540 3278 1596 ofﬁcio
3310 1539 3548 1594 functus
3580 1542 3688 1591 est.
3721 1535 3776 1589 Is

365 1630 549 1708 μέγαρ
581 1626 675 1702 ἔτη
726 1632 878 1702 ἑπτὰ,
912 1633 1151 1704 πατάξας
1173 1634 1262 1689 καὶ
1321 1630 1382 1688 ἐκ
1410 1638 1521 1689 τῶν
1570 1629 1904 1711 ἀλλοφύλων
1963 1628 1991 1685 ἐκ

2147 1634 2199 1689 le
2226 1634 2495 1690 barbaris
2525 1651 2643 1689 uno
2674 1634 2770 1689 die
2792 1633 2897 1687 600
2925 1632 3083 1686 viros
3120 1631 3267 1686 stiva
3296 1627 3477 1685 aratri
3536 1624 3773 1681 occidit.

353 1725 549 1798 ἡμέρα
584 1728 684 1796 μιᾷ
712 1722 765 1779 ἐν
796 1729 875 1795 τῷ
924 1728 1024 1779 τοῦ
1085 1724 1317 1800 ἀρότρου
1348 1720 1476 1779 ποδὶ
1504 1727 1611 1779 τῶν
1643 1724 1786 1798 βοῶν
1820 1719 1979 1797 ἄνδρα

2148 1725 2425 1781 Successit
2451 1724 2589 1779 huic
2612 1728 2889 1789 Baracus,
2946 1721 3173 1792 collega
3229 1718 3458 1774 Debora
3513 1714 3774 1771 fatidica.

355 1812 700 1885 ἑξακοσίους.
757 1816 905 1869 Μετὰ
988 1813 1241 1891 Σαμέγαρ
1298 1815 1492 1892 γέγονε
1560 1815 1750 1888 κριτὴς
1812 1813 1981 1889 Βαράν

2154 1814 2345 1867 lorum
2372 1819 2543 1868 aetate
2590 1812 2978 1868 Prometheus
3001 1817 3060 1865 et
3084 1808 3352 1879 Orpheus
3371 1806 3582 1871 Thrax,
3627 1804 3780 1859 Grai;

357 1905 482 1977 μεῖν
514 1900 580 1957 οὗ
608 1905 697 1958 καί
730 1898 972 1980 Δεϐὁρρα
999 1906 1034 1974 ἠ
1091 1911 1385 1984 προφῆτις.
1420 1907 1534 1984 Ἐφ’
1585 1904 1660 1959 ὧν
1693 1902 1983 1976 “pannosi;

2149 1917 2333 1955 torum
2353 1900 2902 1972 sapientissimi96
2928 1905 3051 1953 tum
3090 1895 3459 1966 xEsculapius
3506 1892 3775 1947 medicus

343 1994 440 2049 καὶ
496 1991 728 2069 Ὀρςδεὺς
787 1995 816 2048 6
872 1994 1011 2070 θρᾲξ
1068 1996 1121 2049 οἱ
1179 1979 1504 2071 σοφώτατοι*
1538 1995 1671 2070 παρ’
1746 1991 1965 2064 Ἕλλησ

2145 2006 2535 2062 .ycurgusque
2558 1990 2881 2061 Spartanus
2913 1987 3013 2059 qui
3038 1986 3252 2042 Graecis
3284 1984 3444 2055 leges
3483 1979 3771 2048 condidit,

349 2083 444 2138 καὶ
501 2081 841 2154 Ἀσκληπιὸς
895 2083 923 2137 6
977 2083 1185 2157 ἰατρὸς,
1244 2083 1333 2138 καὶ
1397 2086 1480 2157 [Ρ.
1544 2083 1635 2156 54]
1698 2085 1975 2156 Λυκούργο

2148 2084 2529 2133 nnotuerunt.
2563 2079 2704 2133 Post
2750 2074 3270 2147 Baracumjudicis
3294 2088 3510 2127 munus
3541 2087 3645 2141 per
3665 2085 3774 2122 an-

371 2173 403 2225 δ
433 2172 770 2246 Σπαρτιάτης
801 2171 891 2226 καὶ
932 2172 1234 2245 νομοθέτης
1289 2177 1397 2226 τῶν
1435 2170 1723 2241 Ἑλλήνων
1779 2170 1997 2248 ἒγνωρί-

2142 2194 2228 2231 tos
2251 2179 2320 2231 40
2350 2176 2532 2232 obivit
2561 2174 2928 2246 Gedeon,qui
2962 2178 3022 2229 et
3050 2170 3395 2228 Jerobaalus
3427 2173 3768 2238 usurpatur,

377 2267 558 2332 ζοντο.
594 2261 732 2317 Metui
764 2259 821 2317 δὲ
851 2261 1038 2336 Βαράκ
1061 2263 1254 2337 γέγονε
1303 2263 1498 2336 κριτὴς
1546 2258 1772 2331 Γεδεὼν,
1832 2262 1861 2316 6
1916 2261 2003 2317 καὶ

2146 2266 2215 2338 [ui
2251 2266 2504 2322 Madiani
2532 2271 2769 2338 gentem
2818 2271 3220 2320 trecentorum
3241 2262 3521 2325 virorum,
3549 2259 3673 2329 qui,
3711 2263 3772 2311 ut

367 2346 667 2426 Ἱεροϐάαλ,
715 2346 811 2423 ἔτη
848 2352 920 2424 μ’.
984 2352 1226 2423 Ιίατάξας
1272 2352 1363 2406 τὸν
1422 2350 1650 2424 Μαδιάμ
1709 2353 1844 2424 μετά
1895 2356 1993 2407 τῶι

2143 2357 2368 2423 licetur,
2391 2374 2608 2427 aquam
2634 2355 2946 2412 lambendo
2979 2353 3192 2409 delecti
3219 2352 3471 2409 fuerant.
3507 2347 3769 2403 exercitu

358 2438 646 2514 λαψέντων
700 2439 1049 2514 τριακοσίων,
1106 2439 1181 2502 ὡς
1237 2435 1536 2509 λελέξεται,
1592 2438 1683 2494 καὶ
1729 2438 1857 2501 τοὺς
1911 2437 1977 2513 ἄρ

2139 2451 2301 2501 ι’θιιιε
2327 2446 2755 2517 fudit,ejusque
2776 2445 3076 2517 principes
3107 2442 3296 2514 spinis
3319 2437 3656 2494 triturantis
3704 2436 3765 2490 in

353 2551 559 2610 χοντας
588 2529 767 2586 αὐτῶν
799 2529 1043 2600 ἠλόησεν
1074 2528 1127 2586 ἐν
1152 2535 1273 2593 ταῖς
1314 2530 1590 2592 ἀκάνθαις.
1626 2529 1770 2586 Μετὰ
1802 2526 1975 2585 Γεδεὼ

2140 2552 2340 2591 norem
2365 2535 2644 2591 concidit.
2681 2535 2823 2590 Huic
2849 2534 3006 2589 filius
3029 2530 3447 2588 Abimelechus
3481 2528 3766 2583 successit

347 2621 545 2696 γέγονε
573 2623 767 2695 κριτὴς
800 2614 1110 2697 Ἀϐιμέλεχ
1138 2622 1254 2683 υἱὸς
1298 2620 1462 2676 αὐτοῦ
1514 2618 1608 2691 ἔτη
1654 2621 1799 2695 τρία,
1832 2621 1973 2677 πατά

2136 2642 2181 2680 ιο
2213 2625 2539 2681 triennium
2584 2624 2839 2696 prmfuit.
2873 2625 2926 2680 is
2974 2623 3188 2677 fratres
3221 2637 3379 2677 suos.
3405 2619 3625 2673 liberos
3657 2616 3762 2671 ho-

347 2710 448 2780 ξας
479 2708 540 2766 δὲ
567 2711 657 2765 καὶ
688 2710 820 2771 τοὺς
869 2706 1143 2790 ἀδελφοὺς
1197 2710 1366 2766 αὐτοῦ
1424 2708 1485 2765 ἐκ
1539 2715 1646 2765 τῶν
1704 2709 1972 2785 έλευθέρω

2136 2714 2327 2775 niues,
2361 2730 2609 2768 numero
2631 2715 2718 2777 70,
2749 2728 2929 2784 super
2950 2726 3068 2766 uno
3099 2726 3239 2765 saxo
3278 2724 3485 2763 omnes
3522 2705 3762 2762 interfe-

345 2798 552 2876 ἄνδρας
581 2808 625 2855 o'
654 2799 740 2855 ἐπὶ
773 2798 927 2855 λίθον
954 2796 1069 2871 ἕνα,
1111 2799 1162 2873 ἐξ
1229 2799 1302 2854 ὧν
1334 2798 1433 2856 οὐκ
1488 2799 1791 2878 ἀπελείφθη
1859 2798 1971 2869 πλὴ

2141 2804 2237 2872 it;
2273 2819 2468 2874 neque
2516 2802 2766 2858 fratrum
2820 2801 3137 2873 quisquam
3193 2797 3486 2870 superfuit
3551 2800 3767 2866 praeter

342 2890 577 2946 Ἰωάθαν
607 2894 704 2945 τοῖ’)
732 2889 1019 2964 νεωτέρου.
1085 2892 1182 2951 ’⁸ος
1249 2891 1341 2944 καὶ
1398 2887 1639 2954 ἀνελθὼν
1671 2889 1723 2945 ἐν
1781 2891 1860 2962 τῷ
1889 2885 1968 2965 ὅρε

2138 2910 2295 2947 mum
2340 2893 2694 2948 Joathanum
2742 2897 2887 2946 natu
2929 2889 3265 2955 minimum,
3298 2885 3399 2958 qui
3439 2899 3764 2940 conscenso

340 2979 460 3036 εἶπε
506 2984 627 3042 τοῖς
685 2980 998 3052 Σικιμίταις
1051 2981 1150 3048 τήν
1199 2974 1525 3055 παραϐολήν
1572 2984 1679 3034 τῶν
1743 2977 1966 3054 δένδρωι

2143 2988 2313 3037 monte
2342 2982 2633 3037 Sicemitis
2658 2980 3002 3053 parabolam
3025 2979 3095 3033 de
3119 2976 3430 3033 arboribus
3453 2974 3604 3044 olea,
3626 2974 3769 3044 ficu,

333 3077 442 3139 τῆς
470 3091 530 3125 τε
558 3068 747 3131 ἐλαίας
791 3070 879 3125 καὶ
940 3076 1041 3138 τῆς
1074 3075 1241 3140 συκῆς
1295 3069 1387 3125 καὶ
1440 3075 1543 3140 τῆς
1601 3068 1855 3144 ἀμπέλου
1913 3091 1959 3125 κε

2139 3072 2224 3128 ite
2248 3079 2307 3127 et
2336 3072 2588 3127 rhamno
2620 3071 2914 3136 narravit;
2939 3070 3114 3141 cujus
3146 3066 3361 3122 fabula:
3388 3082 3510 3121 rem
3543 3080 3613 3120 ea
3634 3081 3765 3135 quae

333 3163 442 3227 τῆς
473 3160 706 3234 ῥάμνον,
734 3160 855 3223 καθ’
879 3156 946 3229 ἤν
975 3159 1067 3213 καὶ
1100 3153 1297 3230 συνέϐη
1349 3158 1560 3222 αὐτοῖς,
1594 3163 1697 3217 Καὶ
1724 3160 1791 3215 τὰ
1830 3156 1959 3215 λοιπ

2146 3161 2255 3233 psis
2273 3159 3100 3232 eveneruntcomprobavere.
3133 3157 3386 3227 Reliqua
3423 3155 3495 3210 de
3547 3153 3772 3225 judici-

337 3252 452 3303 τῶν
480 3253 682 3322 κριτῶν
719 3247 969 3323 εὑρήσεις
998 3244 1323 3324 ἔμπροσθεν.

2039 3291 2081 3324 η
2111 3242 2244 3318 bus,
2282 3250 2341 3304 in
2369 3266 2686 3324 progressu
2709 3250 2997 3305 invenies.

414 3336 612 3394 ’ἰστέον
647 3337 761 3405 οὗν,
798 3337 964 3415 φησὶ)
998 3338 1027 3392 6
1058 3335 1316 3409 ἀοίδιμος
1344 3338 1759 3413 Χρυσὸστομος,
1793 3338 1868 3400 ὡς
1900 3360 2010 3394 πο-

2190 3344 2371 3395 Porro
2404 3338 2715 3395 sciendum
2761 3343 2870 3401 est,
2902 3338 2984 3393 ait
3006 3335 3258 3391 celebris
3289 3334 3392 3389 ille
3433 3333 3773 3404 Chrysosto-

348 3427 707 3501 λυσήμαντόν
731 3425 845 3483 ἐστι
869 3428 932 3483 τὸ
964 3424 1137 3501 ὄνομα
1165 3432 1266 3493 τῆς
1306 3424 1657 3504 παραϐολῆς.
1716 3434 1871 3487 ’Ἐστι
1902 3430 1974 3506 γά

2145 3429 2575 3501 nus,parabolaa
2593 3428 2876 3484 vocabulo
2908 3427 3109 3499 plures
3140 3442 3237 3481 res
3275 3423 3565 3479 denotari.
3625 3423 3771 3476 Nam

344 3513 648 3591 παραϐολὴ
686 3516 922 3592 λάλημα
950 3517 1042 3573 καὶ
1075 3515 1384 3593 ὑπόδειγμα
1413 3518 1504 3573 καὶ
1547 3516 1881 3591 ὀνειδισμὸς,
1932 3519 1970 3573 ὡ

2146 3524 2175 3572 ι
2192 3535 2527 3575 sermonem
2551 3517 2846 3592 significat
2867 3522 2924 3572 et
2941 3515 3278 3587 exemplum
3299 3520 3356 3568 et
3373 3511 3772 3585 opprobrium,

339 3608 471 3662 ’ὅταν
509 3607 659 3682 λέγει
690 3605 877 3662 Δαυῖὂο
914 3631 942 3660 ‹‹
971 3609 1136 3665 Ἕθου
1167 3609 1314 3680 ἡμᾶς
1343 3607 1420 3671 εἰς
1453 3604 1777 3685 παραϐολὴν
1810 3608 1861 3663 έν
1891 3615 1965 3664 τοῖ

2138 3614 2176 3662 ιι
2195 3625 2331 3664 cum
2350 3608 2525 3665 David
2546 3608 2629 3663 ait
2644 3607 2706 3662 i’0:
2717 3634 2740 3658 «ι
2751 3607 2962 3662 Fecisti
2988 3623 3095 3661 nos
3110 3603 3451 3677 parabolam
3466 3601 3764 3675 gentibus,

350 3694 552 3768 ἔθνεσι,
592 3698 802 3769 κίνησιν
832 3696 1082 3778 κεφαλῆς
1112 3698 1162 3754 ἐν
1191 3704 1311 3761 τοῖς
1343 3697 1521 3762 λαοῖς.
1561 3723 1586 3754 ι
1616 3701 1767 3755 ’Ἐστι
1815 3699 1872 3755 δὲ
1902 3722 1974 3754 πα

2138 3704 2182 3752 1t
2203 3698 2405 3771 populi
2445 3698 2639 3770 capita
2672 3702 2948 3753 moveant
2996 3695 3169 3751 nobis
3209 3694 3368 3749 visis.
3407 3718 3426 3741 ι
3455 3693 3558 3747 Est
3589 3691 3764 3746 etiam

354 3781 569 3861 ραϐολή
602 3783 1269 3863 αἰνιγματώδηςλὸγος,ὅ
1290 3786 1493 3843 πολλοὶ
1526 3786 1750 3861 λέγουσι
1765 3790 1980 3861 ζήτημα

2139 3788 2401 3843 »ω’ίιιιοιει
2429 3788 2617 3844 oratio
2645 3804 2763 3859 qua
2792 3786 3017 3858 aliquid
3051 3802 3158 3857 per
3179 3783 3456 3857 ambages
3478 3781 3765 3846 innuitur,

348 3876 602 3953 ἐκφαῖνον
637 3875 841 3947 μέντοι,
910 3874 1009 3930 ούκ
1067 3875 1288 3932 αὐτόθεν
1351 3874 1408 3932 δὲ
1436 3876 1652 3940 πάντως
1716 3874 1885 3948 δῆλον
1947 3878 1974 3932 ὅ

2145 3877 2277 3948 [ιιοά
2297 3894 2484 3951 genus
2509 3877 2680 3933 multi
2703 3878 3094 3948 quaestionem
3121 3873 3463 3947 appellant;
3491 3887 3623 3926 cum
3647 3884 3771 3923 ver-

350 3964 460 4020 ἀπὸ
489 3968 600 4019 τῶν
637 3963 926 4040 ῥημάτων,
959 3962 1087 4020 ἀλλ’
1116 3960 1247 4040 ἔχον
1293 3963 1443 4027 ἐντὸς
1471 3967 1855 4042 κεκρυμμένην
1889 3964 1976 4022 διά

2145 3966 2175 4021 υἱ
2206 3968 2394 4040 gratia
2414 3967 2783 4040 signiﬁcatur
2811 3964 3053 4037 aliquid,
3081 3981 3202 4019 non
3223 3962 3422 4018 statim
3470 3964 3668 4016 autem
3703 3975 3771 4013 ex

350 4077 528 4125 νοιαν,
562 4056 635 4117 ὡς
663 4054 790 4111 ὅταν
825 4057 855 4110 6
887 4054 1125 4129 Σαμψὼν
1150 4053 1353 4133 ἔλεγεν·
1396 4078 1417 4105 ι
1451 4057 1711 4128 Ἐξῆλθεν
1737 4058 1844 4114 ἀπὸ
1880 4058 1972 4113 στό

2151 4056 2308 4112 erbis
2338 4056 2580 4112 evidens
2629 4061 2738 4122 est,
2799 4053 2904 4109 sed
2960 4054 3120 4109 intus
3160 4051 3534 4108 reconditum
3592 4048 3772 4103 habet

358 4166 534 4217 ματος
561 4139 813 4208 ἔσθοντος
846 4146 1051 4220 βρῶσις
1083 4144 1173 4200 καὶ
1206 4145 1312 4201 ἀπὸ
1342 4145 1574 4222 ἰσχυροῦ
1603 4145 1797 4222 γλυκύ.
1831 4172 1858 4199 η
1910 4154 1982 4201 Κα

2148 4162 2380 4202 ensum.
2414 4147 2486 4201 Ut
2533 4162 2668 4201 cum
2692 4146 2940 4201 Samson
2969 4143 3122 4198 dixit
3141 4141 3185 4177 ²¹
3212 4158 3225 4196 :
3250 4165 3276 4192 ‹‹
3302 4140 3389 4196 Ab
3423 4156 3523 4195 ore
3548 4137 3771 4192 voracis

352 4234 630 4306 Σολομὼν
659 4228 985 4310 ἔφηοαΤότε
1013 4237 1232 4305 νοήσεις
1259 4230 1584 4309 παραϐολήν
1612 4228 1706 4291 καί
1736 4239 1977 4293 σκοτεινὸ

2152 4243 2282 4300 ibus
2304 4245 2448 4299 exiit
2469 4249 2528 4299 et
2547 4242 2800 4298 dulcedo
2823 4258 2857 4297 a
2877 4240 3068 4296 valido
3102 4241 3211 4295 nDe
3238 4239 3443 4294 eodem
3464 4238 3591 4292 haec
3613 4234 3775 4289 Solo-

348 4324 546 4401 λόγον.
585 4349 606 4373 ι
628 4323 847 4399 Λέγεται
882 4321 938 4378 δὲ
966 4321 1257 4398 παραϐολή
1288 4325 1380 4380 καὶ
1411 4326 1704 4399 ὁμοίωσις.
1740 4351 1767 4379 ‹‹
1789 4325 1971 4397 Ἀλλη

2147 4334 2311 4389 nonis
2339 4338 2478 4389 sunt
2497 4332 2734 4388 verba22
2758 4349 2771 4386 :
2797 4355 2825 4382 ‹‹
2848 4333 3009 4387 Tunc
3036 4329 3377 4401 paroholam
3395 4327 3692 4399 intelliges
3716 4335 3773 4383 et

343 4413 647 4490 γαρςνρησὶ,
670 4408 996 4488 παραδολὴν
1037 4412 1340 4489 παρέθηκεν
1373 4412 1556 4478 αὐτοῖς
1584 4414 1780 4492 λέγων,
1813 4417 1969 4490 Ὀμοί

2154 4424 2433 4479 bscurum
2448 4420 3286 4479 sermonem.»Diciturautem
3305 4418 3587 4489 parabola
3604 4418 3776 4473 etiam

346 4502 558 4583 ἐστίνγή
593 4500 845 4578 βασιλεία
872 4506 977 4555 τῶν
1007 4501 1250 4576 οὐρανῶν
1280 4502 1551 4579 ἀνθρώπῳ
1583 4505 1857 4581 σπείροντι
1907 4528 1972 4562 κα

2149 4511 2467 4567 imilitudo.
2501 4511 2664 4568 Unde
2688 4511 2784 4565 97
2815 4510 2939 4565 haec
2963 4532 2990 4559 «
3015 4508 3205 4564 Aliam
3225 4524 3400 4579 porro
3459 4507 3545 4562 eis
3601 4524 3772 4578 para-

348 4591 449 4648 λον
482 4591 613 4662 σπέρ
624 4612 701 4662 μα
746 4588 799 4645 ἐν
827 4595 906 4663 τῷ
936 4590 1088 4665 ἀγρῷ
1116 4590 1342 4651 αὐτοῦ.»
1374 4593 1477 4649 Καὶ
1507 4590 1798 4668 παραϐολὴ
1845 4593 1972 4670 λέγε

2143 4602 2315 4658 nolam
2331 4600 2660 4674 proposuit,
2694 4601 2775 4656 ita
2798 4599 3003 4656 dicens
3023 4596 3067 4633 ³³
3093 4615 3106 4654 :
3159 4600 3426 4671 Regnum
3484 4597 3769 4652 cmlorum

345 4702 439 4738 ται
464 4683 500 4751 ἡ
526 4678 890 4757 τροπολογία,
916 4677 1034 4734 οἷὸν
1066 4682 1182 4736 ἔστι
1211 4681 1295 4751 τὸ,
1330 4705 1358 4731 ι(
1391 4682 1479 4736 Υἱὲ
1508 4682 1823 4757 ἀνθρώπου,
1851 4667 1969 4740 είπο

2147 4690 2309 4746 imile
2333 4697 2422 4746 est
2442 4689 2670 4745 homini
2688 4690 2843 4745 bono
2867 4689 3094 4745 semine
3123 4704 3330 4761 agrum
3348 4704 3521 4743 suum
3567 4703 3770 4742 conse-

346 4771 541 4833 αὗτοῖς
569 4771 669 4839 τὴν
702 4764 1029 4844 παραϐολήν
1060 4771 1284 4842 ταύτην,
1317 4772 1377 4829 Ὀ
1407 4770 1562 4832 ἀετὸς
1592 4772 1620 4827 ὀ
1655 4771 1969 4849 μεγαλοπτέ

2139 4780 2289 4835 ἐιιιί.
2329 4804 2354 4829 »ι
2396 4779 2745 4851 Tropologia
2776 4780 2977 4842 etiam,
3011 4795 3147 4833 cum
3179 4777 3373 4832 verbis
3396 4775 3557 4831 aliud
3580 4776 3765 4849 signi-

342 4879 538 4935 ρυγοςσ
575 4883 604 4911 n
635 4859 786 4915 ἀετὸν
817 4858 995 4934 λέγων
1051 4860 1144 4915 τὸν
1204 4857 1449 4937 βασιλέα.
1497 4856 1791 4937 ΙΙαραόολή
1844 4862 1967 4941 λέγε

2139 4869 2428 4926 [cantibus
2456 4886 2553 4925 res
2575 4869 2949 4941 exprimitur,
2981 4866 3281 4940 parabolae
3328 4883 3548 4923 nomen
3593 4866 3765 4937 gerit.

338 4972 431 5005 ται
461 4950 553 5004 καὶ
584 4950 613 5004 6
644 4948 812 5011 τύπος
841 4950 931 5005 καὶ
962 4950 998 5020 ἡ
1031 4948 1210 5019 εἰκὼν,
1267 4948 1342 5012 ὠς
1397 4950 1486 5006 καὶ
1555 4951 1584 5006 ὁ
1620 4951 1784 5028 μέγας
1854 4957 1964 5008 Παῦ

2135 4961 2184 5016 Jt
2204 4961 2300 5016 hic
2326 4959 2373 4995 ³⁴
2403 4976 2470 5016 :«
2497 4959 2604 5015 Fili
2647 4959 2927 5029 hominis,
2963 4958 3057 5015 dic
3088 4959 3175 5015 eis
3193 4958 3348 5014 hanc
3378 4956 3718 5029 parabolam
3750 4973 3761 5012 :

339 5039 440 5102 λος
480 5034 608 5119 ἔφη·
639 5064 659 5090 ι
697 5040 875 5095 Πίστει
909 5034 1308 5114 προσενήνοχεν
1343 5041 1373 5095 6
1404 5034 1662 5116 Ἀϐρααμ
1689 5042 1783 5097 τὸν
1817 5044 1962 5100 Ἰσαὰ

2139 5051 2323 5122 tquila
2356 5050 2584 5123 magnis
2615 5049 2746 5117 alis,
2780 5072 2808 5100 »
2842 5054 2955 5105 etc.
2983 5048 3214 5120 Aquilaa
3273 5047 3519 5103 nomine
3568 5062 3765 5119 regem

336 5130 758 5202 πειραζόμενος,
812 5131 900 5186 καὶ
972 5130 1065 5186 τὸν
1118 5138 1388 5207 μονογενῆ
1448 5132 1779 5209 προσέφερεν
1826 5134 1855 5188 6
1903 5133 1962 5188 τά

2135 5146 2275 5195 rotat
2325 5140 2523 5212 Imago
2571 5140 2749 5194 etiam
2773 5156 2878 5195 seu
2917 5137 3223 5210 exemplar
3262 5136 3560 5209 parabolae
3591 5152 3761 5191 voca-

333 5218 670 5297 ἐπαγγελίας
766 5217 1073 5293 δεξάμενος,
1162 5222 1319 5285 Ὅοεν
1410 5222 1500 5277 καὶ
1586 5221 1641 5278 ἐν
1702 5218 1955 5297 παραϐολ

2138 5229 2245 5284 ιιιΙο
2268 5228 2586 5295 indicatur,
2609 5235 2675 5284 ut
2702 5246 2838 5284 cum
2874 5229 2934 5283 D.
2993 5226 3206 5284 Paulus
3262 5225 3508 5281 dicit”:
3541 5244 3563 5273 ι
3625 5225 3764 5281 Fide

330 5313 533 5365 τοῦτον
597 5308 921 5381 λικομίσατο,
981 5333 1007 5360 ιι
1086 5309 1362 5365 τουτέστιν
1423 5309 1478 5366 έν
1537 5311 1694 5384 τύπῳ
1768 5312 1857 5367 καὶ
1914 5312 1956 5368 εί

2136 5334 2373 5373 saacum
2395 5323 2657 5373 tentatus
2690 5317 3061 5373 Abrahamus
3083 5316 3318 5378 obtulit,
3385 5314 3762 5385 unigenitum

328 5408 475 5457 κόνι.
546 5398 647 5456 Καὶ
700 5392 993 5473 παραϐολή
1059 5396 1170 5454 ἔστι
1261 5398 1426 5475 λόγος
1501 5395 1876 5474 παραϐάλλων
1927 5423 1953 5457 τ

2139 5413 2555 5480 uum,accepta
2575 5409 2704 5480 jam
2726 5407 3161 5479 promissione;
3185 5405 3344 5461 unde
3368 5411 3427 5459 et
3461 5421 3569 5477 per
3590 5422 3765 5477 para-

327 5489 509 5558 νοητὰ
544 5494 661 5549 τοῖς
713 5488 1024 5558 αἰσθητοῖς,
1084 5488 1175 5544 καὶ
1234 5495 1510 5565 παριστῶν
1566 5488 1626 5546 ἒκ
1680 5496 1789 5546 τῶν
1832 5490 1953 5567 έγκο

2132 5496 2302 5552 »οιειιιι
2325 5514 2459 5552 eum
2494 5497 2687 5564 tulit,»
2719 5496 2778 5552 id
2809 5502 2991 5563 est,ut
3019 5495 3338 5568 imaginem
3354 5500 3411 5550 et
3433 5496 3758 5567 exemplar.

325 5575 513 5649 σμὶων
595 5575 684 5631 καὶ
771 5576 989 5649 ὁρατῶν
1041 5573 1108 5628 τὰ
1189 5573 1531 5650 ύπερκόσμια
1603 5577 1692 5633 καὶ
1765 5576 1951 5655 ἀόρατα

2134 5584 2203 5638 ist
2233 5583 2412 5640 etiam
2445 5583 2727 5656 parabola
2757 5582 2945 5639 oratio
2978 5598 3111 5654 quaa
3154 5591 3353 5639 mente
3374 5581 3760 5655 percipienda

405 5691 451 5730 ¹⁹
474 5694 663 5752 Judic.
699 5712 740 5763 ι,
776 5696 831 5750 7.
867 5690 918 5727 ³ο
946 5689 1099 5747 Psal.
1130 5706 1289 5761 mn,
1327 5694 1415 5749 15.
1447 5693 1490 5729 ³⁸
1544 5693 1732 5751 Judic.
1758 5711 1874 5768 ιιν,
1907 5700 1949 5751 ιι

323 5765 379 5805 ⁸⁵
402 5766 574 5831 Hebr.
602 5784 688 5839 ιι,
724 5766 819 5823 17.

2133 5698 2406 5756 Proverb.
2441 5714 2479 5766 ι,
2538 5700 2592 5754 6.
2653 5699 2700 5734 ³⁸
2758 5696 2959 5755 Matth.
3013 5713 3138 5767 xm,
3189 5696 3235 5732 ²⁴
3292 5698 3498 5756 Ezech.
3540 5713 3674 5767 xvn,
3703 5699 3754 5754 3.
