4118 6428
397 381 514 441 127

1758 381 2071 443 GEORGII
2120 385 2461 447 CEDRENI

3703 400 3814 462 128

400 515 782 570 sensibilibus
804 519 1130 585 comparat,
1161 519 1221 569 et
1240 514 1561 570 mundanis
1609 530 1676 569 ac
1726 514 2053 570 visibilibus

2175 512 2486 593 Ιιρόϐλημα
2544 517 2600 575 δέ
2656 519 2766 575 ἐστι
2826 519 2994 593 λόγος
3054 524 3501 596 συνεσκιασμένος
3536 527 3625 582 καὶ
3675 529 3811 585 αίνι·

401 605 580 661 rebus
613 603 933 659 invisibilia
955 610 1132 675 atque
1171 622 1351 675 supra
1380 606 1536 659 hunc
1594 602 1884 658 mundum
1943 605 2057 660 sita

403 696 645 751 indicat.
682 695 997 751 Problema
1031 713 1168 751 vero
1191 696 1603 765 (qua-stionem
1633 695 1834 749 Latine
1856 694 2055 750 dicere

406 787 617 858 possis)
651 786 839 841 oratio
862 792 951 841 est
967 785 1316 840 obumbrata
1335 784 1828 840 etdivinatiouem
1852 785 2055 855 requi-

406 877 755 946 rens,juxta
777 877 885 930 hoc
910 876 953 909 ²⁶
977 892 990 929 :
1018 900 1041 922 α
1076 874 1381 929 Inclinabo
1403 890 1605 930 aurem
1630 891 1822 931 meam
1860 875 1933 930 ad
1953 891 2053 945 pa-

402 965 691 1027 raliolam,
718 965 978 1037 aperiam
999 964 1058 1018 in
1082 964 1363 1035 psalterio
1386 965 1777 1035 quaestionem
1801 981 2053 1020 meam.»

404 1054 714 1109 Problema
735 1054 913 1108 etiam
945 1059 1033 1108 est
1061 1053 1486 1125 contemplatio
1520 1054 1592 1109 ad
1652 1054 2055 1126 cognitionem

403 1141 646 1196 faciens.
680 1141 1026 1212 Exemplum
1078 1147 1183 1211 est,
1211 1141 1371 1213 quod
1401 1159 1436 1197 α
1490 1142 1774 1214 singulari
1821 1141 1896 1198 ad
1928 1142 2057 1196 uni-

406 1229 627 1284 versale
649 1228 927 1295 adducit;
961 1236 1062 1285 aut
1093 1247 1228 1285 cum
1263 1230 1550 1303 singulari
1602 1247 1709 1302 per
1757 1230 2056 1304 singulare

405 1320 525 1373 sive
556 1319 750 1373 simile
775 1319 952 1374 fidem
975 1319 1242 1375 facimus.
1270 1321 1559 1375 Parmmia
1590 1337 1783 1375 sermo
1813 1326 1902 1375 est
1958 1337 2054 1374 oc-

349 1413 352 1416 ’
408 1408 727 1480 cultus,qui
760 1408 877 1463 alio
918 1410 1233 1465 manifesto
1272 1410 1587 1466 indicatur.
1640 1410 1940 1479 Allegoria
1969 1417 2060 1465 est

408 1515 539 1568 quae
558 1499 629 1553 de
652 1498 936 1552 inanimis
961 1499 1312 1555 sumitur.ut
1335 1499 1939 1565 montibus.collibus,
1963 1517 2060 1555 ar-

407 1587 651 1642 boribus
681 1593 739 1641 et
768 1593 983 1642 caetera
1008 1588 1377 1661 Trepologia.
1402 1606 1533 1659 qua:
1564 1606 1598 1644 a
1628 1591 1846 1644 nostris
1877 1605 2060 1646 mem-

407 1677 531 1730 bris
563 1677 818 1743 ducitur,
852 1683 917 1731 ut
946 1679 1159 1748 capite,
1189 1684 1255 1733 ut
1313 1679 1521 1736 oculis.
1555 1686 1618 1733 ut
1668 1679 1954 1750 reliquis;
1987 1679 2058 1734 ab

405 1763 820 1821 immutatione
847 1766 1160 1822 verborum
1192 1784 1411 1824 nomen
1431 1768 1629 1825 habet.

481 1909 581 1964 98
639 1909 1051 1964 Necessarium
1110 1908 1248 1964 duxi
1306 1910 1417 1965 hoc
1475 1909 1604 1965 loco
1643 1910 1715 1965 de
1783 1909 2059 1981 judicum

408 2000 822 2056 Israelicorum
860 2000 1040 2055 rebus
1066 2002 1247 2073 gestis
1277 2001 1538 2057 breviter
1566 2018 2058 2068 commemorare,

410 2096 475 2145 ut
506 2095 563 2145 et
586 2089 801 2161 quibus
831 2108 915 2144 ea}
947 2091 1197 2163 cognitas
1228 2096 1388 2157 sunt,
1413 2090 1473 2145 in
1509 2091 1856 2146 memoriam
1895 2108 2059 2147 revo-

410 2186 637 2244 centur,
671 2185 730 2234 et
759 2179 975 2251 quibus
1006 2181 1240 2253 ignotas,
1272 2179 1392 2235 illis
1422 2181 1510 2236 vel
1555 2198 1793 2253 parvam
1818 2180 1823 2181 ⁷
1852 2198 2057 2237 earum

405 2271 675 2326 notitiam
712 2270 1102 2343 prmbeamus.

475 2361 702 2416 Mortuo
741 2361 938 2428 Josua,
990 2360 1261 2432 quaedam
1321 2366 1529 2434 gentes
1577 2360 1649 2417 ad
1704 2361 2055 2418 tentandum

404 2449 685 2505 Israelem
718 2449 943 2505 relictas
966 2450 1225 2505 fuerunt.
1261 2453 1636 2506 Pra-noverat
1681 2451 1841 2505 enim
1901 2450 2055 2505 Deus

406 2539 531 2594 fore
572 2545 703 2594 uta
735 2555 796 2594 se
828 2539 1154 2595 deficerent
1196 2556 1264 2594 ac
1318 2539 1498 2595 falsos
1548 2540 1689 2594 deos
1740 2539 2055 2612 amplecte-

405 2633 613 2683 rentur
645 2646 658 2683 :
689 2628 886 2699 itaque
920 2630 1094 2685 eosin
1118 2629 1376 2684 hostium
1393 2647 1632 2685 suorum
1665 2630 2052 2702 superstitum

403 2734 616 2774 manus
675 2718 918 2781 dedidit.
952 2720 1051 2791 qui
1114 2737 1215 2775 eos
1255 2726 1683 2792 oppresserunt
1716 2738 1784 2776 ac
1828 2721 2054 2792 stipen—

401 2806 623 2863 diarios
671 2808 962 2863 fecerunt.
1022 2809 1228 2864 Tum"
1284 2809 1527 2882 angelus
1561 2810 1659 2864 Dei
1701 2809 1763 2865 in
1820 2807 2056 2865 conval-

400 2898 542 2963 lem,
602 2900 663 2954 in
713 2917 893 2972 quam
971 2900 1286 2955 universus
1367 2901 1622 2972 populus
1675 2904 2050 2967 convenerat,

401 2986 732 3056 descendit,
778 2989 950 3059 eique
991 3005 1159 3043 suam
1217 2989 1610 3044 defectionem
1656 2989 2050 3060 exprobravit,

402 3077 675 3133 indicans
729 3095 865 3132 eam
922 3078 1103 3134 fuisse
1153 3095 1390 3133 causam
1439 3096 1545 3134 cur
1574 3078 1843 3133 barbaris
1872 3076 2055 3133 dede—

402 3174 630 3223 rentur.
676 3167 902 3223 Fletum
965 3168 1043 3222 ibi
1095 3168 1405 3223 universus
1483 3168 1737 3240 populus
1789 3165 2052 3233 sustulit,

2162 601 2483 676 γματώδης,
2515 606 2652 660 κατά
2715 609 2777 661 τὸ
2834 606 3141 683 εἰρημένον·
3180 633 3206 661 ‹‹
3241 607 3429 666 Κλινῶ
3462 610 3537 674 είς
3574 610 3806 684 παραϐο-

2165 687 2340 762 6ολὴν
2372 695 2434 749 τὸ
2457 693 2550 756 οὖς
2584 718 2709 767 μου,
2742 696 2943 767 ἀνοίζω
2976 697 3027 751 ἐν
3057 695 3351 773 ψαλτηρίῳ
3398 702 3459 757 τὸ
3507 700 3805 778 πρόϐλημά

2168 806 2294 857 μου.
2357 809 2385 837 ››
2445 781 2758 862 Πρόϐλημά
2825 787 2936 844 ἐστι
2996 791 3263 865 θεώρημα
3345 799 3615 850 συντεῖνον
3673 798 3804 871 πρὸς

2164 875 2392 949 θεωρίαν
2426 874 2513 931 καὶ
2544 881 2766 952 γνῶσιν.
2830 874 3185 953 Παράδειγμα
3243 877 3300 937 δέ
3358 880 3502 938 ἐστιν
3557 882 3660 940 ἀπὸ
3712 891 3806 941 τοῦ

2162 964 2279 1017 καθ’
2336 960 2560 1020 ἕκαστον
2620 964 2651 1019 ἃ
2695 989 2711 1003 ν
2803 965 2824 1022 ἆ
2877 968 2889 982 “
2985 967 3013 1021 6
3217 969 3228 988 ’
3522 970 3600 990 ’⁵⁸

2654 988 2749 1043 γδν
2832 988 2891 1021 πι
2948 988 2978 1022 τ
3095 969 3359 1041 καθολου,
3418 970 3453 1040 ἦ
3518 978 3678 1045 οειεις
3723 996 3808 1029 πι-

2165 1053 2433 1126 στουμένη
2511 1056 2574 1111 τὸ
2662 1056 2883 1129 μερικὸν
2970 1055 3060 1113 διὰ
3146 1065 3377 1132 μερικοῦ
3449 1062 3538 1117 καὶ
3596 1062 3806 1135 ὁμοίου.

2165 1147 2441 1220 Παροιμίαι
2473 1143 2521 1200 δ’
2550 1146 2660 1202 ἐστὶ
2686 1144 2855 1224 λόγος
2883 1148 3199 1224 ἀπόκρυφος
3229 1147 3300 1205 δι’
3319 1150 3504 1226 ἑτέρου
3530 1152 3813 1228 προδήλου

2164 1234 2591 1308 σημαινόμενος.
2628 1234 2978 1314 Ἀλληγορία
3002 1235 3045 1292 δ’
3081 1238 3224 1294 ἐστὶν
3254 1243 3290 1309 ἡ
3313 1239 3401 1296 ἐπὶ
3429 1245 3539 1297 τῶν
3565 1242 3810 1321 ἀψύχων,

2167 1324 2286 1377 οἷον
2322 1323 2489 1399 ὀρέων
2520 1327 2609 1381 καὶ
2646 1326 2872 1402 βουνῶν,
2910 1329 2992 1400 [Ρ.
3024 1329 3116 1402 55]
3148 1324 3382 1403 δένδρων
3442 1331 3531 1386 καὶ
3588 1331 3812 1389 λοιπῶν.

2166 1413 2520 1489 Τροπολογία
2553 1413 2600 1471 δ’
2634 1415 2775 1472 ἐστὶν
2802 1419 2837 1486 ἡ
2872 1416 2960 1473 ἐπὶ
2990 1421 3100 1474 τῶν
3140 1419 3426 1494 ἡμετέρων
3461 1418 3667 1495 μελῶν,
3699 1423 3811 1478 οἷον

2164 1500 2327 1578 κειρέ⁸
2345 1509 2411 1570 ἧς
2435 1502 2736 1582 ὀφθαλμῶν
2755 1505 2845 1559 καὶ
2867 1510 2973 1561 τῶν
3008 1504 3241 1563 λοιπῶν·
3274 1507 3610 1583 τροπολογία
3638 1506 3694 1565 δί
3715 1510 3815 1565 ἀπὸ

2165 1594 2264 1645 τοῦ
2292 1592 2585 1665 τρέπεσθαι
2616 1591 2855 1669 λέγεται.
2889 1595 3169 1661 Ἐντεῦθεν
3204 1598 3306 1670 ὅρα
3341 1619 3433 1673 μοι
3477 1598 3571 1662 τὰς
3603 1599 3817 1675 πράξεις

2165 1699 2275 1735 των
2307 1700 2507 1738 κοιτων
2517 1726 2530 1740 .

2240 1907 2559 1984 Ἀναγκαῖον
2592 1906 2649 1964 δὲ
2688 1911 3018 1985 ἧγησέμεθα
3083 1911 3176 1967 καὶ
3234 1912 3358 1988 περῖ
3416 1920 3517 1983 τῆς
3561 1917 3668 1969 τῶν
3700 1933 3814 1987 κρι-

2166 2003 2274 2053 τῶν
2306 2003 2402 2053 τοῦ
2434 1998 2656 2073 Ἰσραὴλ
2695 2000 2939 2073 πράξεως
2997 1999 3047 2055 ἐν
3106 2001 3307 2077 βραχεῖ
3357 2003 3813 2076 ἱπισημήνασθαι,

2170 2086 2255 2143 ἵνα
2310 2090 2437 2150 τοὺς
2500 2091 2594 2162 μὶν
2653 2088 2864 2153 εἰδότας
2924 2092 3000 2155 εἰς
3058 2092 3357 2165 ἀνάμνησιν
3446 2094 3811 2169 ἀναγὶγωμεν,

2165 2183 2281 2243 τοῖς
2313 2175 2370 2233 δὲ
2397 2178 2649 2255 ἀγνοοῦσι
2686 2180 2881 2254 μικράν
2910 2201 3033 2236 τινα
3092 2178 3301 2253 εἴδησιν
3359 2180 3595 2240 ἐντεῦθεν
3646 2182 3811 2257 παρά-

2163 2286 2413 2343 σγωμεν.
3546 2284 3551 2288 ”

2234 2356 2383 2411 Μετά
2438 2354 2697 2425 τελευτὴν
2759 2357 2945 2427 Ἰησοῦ
3020 2355 3445 2438 κατελείφθησαν
3506 2357 3628 2429 ἔθνη
3685 2359 3814 2434 πρὸς

2162 2444 2225 2501 τὸ
2288 2444 2541 2519 πειράσαι
2594 2445 2686 2500 τὸν
2748 2445 2996 2521 Ἰσραήλ’
3061 2448 3178 2518 θείᾳ
3262 2448 3367 2526 γὰρ
3432 2447 3731 2526 προγνώσει
3785 2447 3812 2500 6

2163 2537 2292 2597 Θεὸς
2324 2532 2433 2605 ἤδη
2465 2536 2565 2605 τὴν
2599 2535 2930 2591 ἀποστασίαν
2962 2537 3166 2605 αὐτῶν,
3216 2537 3300 2594 ὅτι
3352 2542 3813 2616 προστεθήσονται

2159 2630 2276 2687 τοῖς
2310 2622 2706 2692 εἷδώλοις,καί
2774 2622 2987 2696 ἐξέδοτο
3054 2625 3253 2690 αὐτοὺς
3300 2627 3375 2691 είς
3440 2634 3627 2705 χεῖρας
3704 2631 3811 2682 τῶν

2161 2712 2376 2789 ἐχθρῶν
2433 2712 2611 2768 αὐτῶν
2667 2717 2775 2769 τῶν
2829 2713 3322 2792 καταλειφθέντων,
3381 2717 3474 2772 καὶ
3530 2715 3807 2772 ἐταπείνω-

2161 2822 2256 2857 σαν
2307 2804 2395 2858 καὶ
2459 2802 2826 2879 ἐφορολόγουν
2885 2805 3103 2868 αὐτοὺς.
3167 2804 3419 2873 Κατῆλθε
3476 2804 3533 2863 δὶ
3588 2803 3815 2884 ἄγγελος

2162 2891 2359 2967 Κυρίου
2392 2893 2469 2955 είς
2498 2894 2599 2962 τὴν
2653 2890 2888 2949 κοιλάδα
2944 2894 3034 2949 ναὶ
3094 2898 3198 2957 πᾶς
3240 2894 3489 2970 Ἰσραήλ·
3521 2894 3611 2951 καί
3647 2893 3811 2966 ἤλεγ-

2162 2981 2243 3053 ξεν
2269 2982 2465 3044 αὐτοὺς
2514 2982 2543 3036 6
2602 2980 2833 3056 ἃγγελος
2892 2983 3015 3059 περὶ
3071 2989 3172 3052 τῆς
3231 2983 3565 3047 ἀποστασίας
3624 2983 3792 3040 αὐτῶν

2162 3072 2253 3127 καὶ
2314 3071 2397 3126 ὅτι
2476 3069 2566 3126 διά
2626 3076 2791 3127 τοῦτο
2849 3069 3225 3146 παρεδόθησαν
3285 3079 3405 3137 τοῖς
3463 3069 3651 3139 ἔθνεσι.
3716 3071 3812 3129 Καὶ

2164 3156 2399 3217 ἕνλαυσε
2455 3164 2558 3222 πᾶς
2616 3162 2645 3215 6
2704 3157 2857 3229 λαὸς,
2929 3162 3249 3235 μνησθέντες
3333 3168 3443 3220 τῶν
3506 3162 3814 3239 εὐεργεσιῶν

400 3256 635 3315 Domini
663 3257 1089 3313 beneficiorum
1123 3263 1182 3313 et
1212 3257 1523 3330 praesentis
1548 3256 1799 3312 miseriae
1827 3271 2053 3310 memo-

2170 3251 2376 3325 Κυρίου
2406 3250 2495 3305 καὶ
2535 3258 2635 3320 τῆς
2669 3250 3020 3323 ἐνισταμένης
3072 3254 3364 3314 κακώσεως
3425 3252 3622 3310 αὐτῶν.
3666 3252 3814 3309 Ὀοεν

404 3347 508 3403 ria.
542 3348 747 3420 Itaque
781 3349 833 3403 ei
875 3349 1003 3404 loco
1057 3364 1277 3403 nomen
1314 3347 1495 3403 Vallis
1548 3346 1722 3403 fletus
1773 3345 2050 3401 inditum.

401 3438 566 3504 Quod
596 3439 753 3493 enim
788 3438 1099 3494 Israelicus
1130 3438 1383 3509 populus
1427 3443 1635 3511 gentes
1672 3454 1818 3508 quas
1867 3435 2052 3492 deleri

392 3530 659 3600 jusserat
686 3528 841 3583 Deus
872 3545 993 3583 non
1020 3528 1344 3595 exciderat,
1378 3528 1482 3582 scd
1511 3544 1691 3599 opera
1723 3543 1931 3583 eorum
1963 3525 2056 3580 di-

401 3618 743 3681 dicisset,iis
765 3636 826 3673 se
854 3619 1300 3689 permiscuisset
1346 3626 1523 3689 atque
1560 3618 1795 3689 sculpta
1845 3634 2050 3673 eorum

403 3708 722 3763 simulacra
749 3707 913 3764 cultu
941 3708 1218 3778 dignatus
1242 3714 1415 3775 esset,
1450 3707 1581 3763 ideo
1606 3708 1666 3762 in
1699 3712 2051 3779 potestatem

405 3795 794 3853 barbarorum
820 3802 948 3852 erat
976 3796 1230 3851 deditus.
1254 3797 1408 3852 Deus
1441 3802 1641 3851 tamen
1691 3812 1799 3850 sua
1855 3799 2050 3849 motus

400 3884 771 3945 humanitate
829 3902 966 3940 eum
1026 3886 1343 3941 miseratus
1400 3891 1508 3952 est,
1559 3884 1949 3956 excitavitque
1996 3884 2050 3939 ei

402 3976 664 4046 primum
732 3976 1000 4048 judicem
1081 3976 1498 4031 Gothonielum
1575 3975 1815 4030 Chalebi
1881 3991 2053 4048 gene-

400 4082 532 4120 rum
568 4066 631 4120 ³⁸.
664 4068 719 4121 Is
749 4066 1043 4122 Chalebus
1082 4083 1214 4120 cum
1252 4083 1443 4121 annos
1503 4068 1603 4119 107
1662 4065 1921 4131 vixisset,
1957 4064 2049 4118 vi-

403 4154 566 4209 ribus
598 4155 777 4209 veluti
809 4155 1158 4211 adolescens
1188 4155 1436 4226 integris
1472 4155 1532 4209 in
1562 4153 1721 4209 bello
1779 4151 2052 4210 versaba-

402 4252 517 4302 tur.
550 4247 937 4303 Gothonielus
960 4254 1158 4303 autem
1190 4246 1401 4302 robore
1425 4246 1711 4301 divinitus
1766 4245 2052 4317 praeditus

400 4352 597 4408 regem
626 4336 808 4408 Syria;
836 4336 1002 4392 clade
1030 4337 1243 4394 alfecit.
1266 4352 1591 4408 pacemque
1616 4335 1738 4389 suis
1770 4333 2048 4400 restituit,

402 4443 533 4496 qua:
563 4442 751 4480 annos
777 4425 846 4479 40
897 4424 1145 4488 duravit,
1175 4441 1362 4496 usque
1393 4424 1467 4480 ad
1524 4423 1859 4479 Gothonieli
1891 4440 2053 4478 mor-

402 4520 543 4569 tem.
593 4515 848 4570 Rursum
903 4513 1043 4568 inde
1102 4531 1137 4568 a
1186 4514 1438 4568 Domino
1525 4512 1873 4569 defecerunt
1946 4512 2049 4567 99

2169 3339 2378 3411 ἐκλήθη
2414 3340 2442 3394 6
2473 3339 2644 3402 τόπος
2674 3339 2877 3403 ἐκεῖνος
2917 3339 3111 3405 κοιλὰς
3142 3340 3532 3407 κλαυθμῶνος·
3591 3339 3677 3397 διὰ
3718 3340 3816 3418 γάρ

2157 3431 2224 3485 τὸ
2261 3430 2337 3503 μὴ
2372 3427 2755 3502 ἐξολοθρεῦσαι
2785 3430 2876 3485 τὸν
2903 3429 3131 3503 Ἰσραὴλ
3162 3431 3227 3485 τὰ
3284 3428 3415 3501 ἔθνη
3469 3435 3502 3488 ἅ
3547 3433 3665 3487 εἶπε
3717 3427 3813 3486 Κύ-

2159 3539 2275 3595 ριος
2306 3519 2520 3586 αὐτοῖς,
2558 3515 2703 3573 ἀλλά
2732 3517 2821 3572 καὶ
2869 3524 3056 3591 μαθεῖν
3083 3520 3151 3574 τά
3208 3517 3339 3596 ἔργα
3371 3521 3552 3578 αὐτῶν
3581 3519 3669 3576 καί
3727 3540 3814 3591 μι-

2158 3616 2316 3685 γῆναι
2376 3609 2564 3671 αὐτοῖς
2619 3608 2713 3663 καὶ
2781 3606 3072 3664 δουλεῦσαι
3129 3615 3247 3671 τοῖς
3303 3609 3577 3684 γλυπτοῖς
3622 3609 3809 3676 αὐτῶν,

2159 3698 2247 3755 διὰ
2275 3704 2438 3753 τοῦτο
2469 3695 2845 3772 παρεδόθησαν
2898 3697 2975 3760 εἰς
3034 3704 3227 3775 χεῖρας
3293 3705 3402 3756 τῶν
3460 3696 3807 3777 αλλοφύλων.

2155 3794 2236 3865 Τῇ
2271 3789 2447 3861 οἰκείᾳ
2477 3786 2533 3844 δὲ
2564 3787 2948 3865 φιλανθρωπίᾳ
2992 3790 3312 3864 κινούμενος
3368 3792 3396 3847 6
3459 3792 3588 3854 Θεὸς
3626 3786 3811 3863 ᾠκτεί-

2160 3899 2290 3954 ρησε
2313 3880 2405 3932 τὸν
2451 3874 2697 3953 Ἰσραὴλ,
2747 3876 2837 3931 καὶ
2898 3876 3185 3949 ἀνέστησεν
3245 3880 3394 3952 αὖτῷ
3450 3884 3669 3954 πρῶτον
3699 3894 3811 3951 κρι-

2154 3971 2253 4039 τὴν
2281 3970 2372 4023 τὸν
2410 3964 2704 4035 Γοθονιήλ,
2771 3961 3018 4041 γαμϐρὸν
3087 3963 3204 4023 ὄντι
3243 3973 3340 4024 τοῖ’)
3397 3965 3610 4041 Χάλεὸ,
3669 3966 3810 4025 ὅστις

2156 4052 2346 4115 Χάλεό
2375 4058 2543 4127 ζήσας
2574 4051 2668 4123 ἔτη
2704 4057 2781 4130 ρζ¹
2824 4054 2875 4109 ὲν
2940 4054 3169 4129 δυνάμει
3226 4057 3301 4119 ὡς
3355 4058 3569 4120 νεανίας
3621 4056 3803 4126 εἰσήρ-

2155 4165 2288 4221 χετο
2319 4144 2407 4199 καὶ
2440 4143 2704 4217 ἐξήρχετο
2736 4141 2789 4197 ἂν
2820 4147 2899 4215 τῷ
2924 4143 3179 4218 πολέμῳ.
3241 4146 3339 4200 Καὶ
3397 4146 3650 4203 ἐνίσχυσε
3707 4141 3809 4197 Κύ-

2160 4257 2273 4313 ριος
2297 4236 2388 4291 τὸν
2422 4233 2712 4303 Γοθονιήλ,
2771 4233 2861 4289 καὶ
2919 4236 3011 4289 τὸν
3076 4236 3304 4311 βασιλέα
3338 4237 3541 4311 Συρίας
3569 4232 3808 4303 ἐπάταξε.

2158 4326 2256 4381 Καὶ
2289 4324 2593 4399 εἰρήνευσεν
2627 4324 2662 4393 ἡ
2723 4330 2794 4398 γῆ
2853 4321 2958 4386 ’έως
3011 4326 3110 4393 τῆς
3168 4330 3317 4396 ζωῆς
3368 4326 3535 4381 αὐτοῦ
3585 4320 3675 4393 ἔτη
3739 4320 3807 4394 μ’.

2156 4414 2256 4471 Καὶ
2289 4414 2455 4468 πάλιν
2491 4412 2695 4482 ἀπέστη
2730 4412 2956 4488 Ἰσραὴλ
3020 4414 3126 4469 ἀπὸ
3186 4415 3411 4489 Κυρίου,
3463 4415 3553 4471 καὶ
3607 4407 3812 4484 έπήγειῖ

2158 4524 2245 4579 ρεν
2278 4501 2467 4566 αὐτοῖς
2516 4500 2711 4576 Κύριος
2764 4501 2855 4556 τὸν
2917 4503 3150 4576 ἘκΛὼμ
3199 4503 3430 4577 βασιλέα
3488 4497 3682 4571 Μωάὄ,
3728 4518 3814 4554 κα·

402 4602 711 4670 lsraelici;
763 4604 932 4674 isque
982 4620 1068 4659 eis
1124 4603 1406 4676 Eglonem
1467 4603 1794 4659 Moabicum
1852 4618 2051 4676 regem

2165 4590 2510 4649 ἐδουλώσατο
2539 4592 2633 4647 τὸν
2668 4590 2885 4667 Ἰσραὴλ
2917 4587 3010 4662 ἔτη
3050 4595 3142 4663 ιη’.
3176 4593 3279 4650 Καὶ
3330 4589 3558 4666 ἐϐόησεν
3591 4588 3809 4680 πάλινᾼό

400 4690 668 4757 immisit,
706 4691 803 4762 qui
836 4708 943 4762 per
998 4708 1188 4747 annos
1240 4692 1304 4745 18
1360 4690 1647 4763 populum
1706 4689 2050 4746 lsraelicum

400 4781 683 4836 servitute
715 4781 952 4852 pressit.
985 4782 1189 4836 Denuo
1222 4780 1421 4851 itaque
1471 4780 1759 4836 auxilium
1792 4779 1893 4834 Dei
1945 4795 2047 4849 op-

397 4871 587 4943 pressi
620 4871 1015 4942 implorarunt
1048 4888 1060 4936 ;
1094 4870 1195 4942 qui
1219 4869 1576 4940 eisjudiCem
1609 4869 1775 4925 dedit
1797 4867 2047 4936 Aodum,

399 4961 589 5017 virum
625 4960 1159 5016 ambidextrum.ls
1216 4959 1526 5031 prmclarm
1587 4975 1765 5014 ausus
1820 4957 2052 5013 facinus

400 5052 683 5124 Eglonem
715 5051 874 5106 domi
908 5068 1028 5106 suae
1083 5049 1219 5104 dolo
1276 5049 1593 5117 interfecit,
1651 5048 1903 5119 fugaque
1936 5046 2052 5102 ela-

401 5158 565 5212 psus,
633 5140 949 5196 confestim
1024 5139 1302 5194 Israclico
1390 5138 1652 5193 exercitu
1725 5140 2052 5207 assumpto,

404 5248 618 5304 magna
676 5231 961 5287 Moabitas
1021 5228 1188 5285 clade
1233 5229 1448 5283 affecit.
1508 5229 1721 5281 Postea
1776 5225 1951 5281 annis
1987 5226 2056 5279 80

399 5320 616 5375 Iuda-is
650 5318 1073 5391 quietaomnia
1112 5319 1375 5373 fuerunt.
1436 5316 1553 5371 Sub
1613 5315 1742 5387 ejus
1803 5320 2055 5372 mortem

403 5425 537 5464 cum
566 5410 821 5480 populus
849 5409 1160 5465 Israelicus
1190 5424 1394 5463 rursus
1425 5423 1459 5461 a
1515 5406 1633 5461 Deo
1691 5404 2056 5472 descivisset,

404 5516 511 5571 per
540 5515 728 5558 annos
756 5501 826 5554 20
849 5515 983 5555 eum
1002 5500 1200 5556 Sisera
1217 5496 1423 5554 Jabani
1438 5496 1592 5570 regis
1613 5494 1919 5569 copiarum
1942 5494 2059 5550 dux

476 5699 523 5738 ²⁶
543 5696 698 5755 Psal.
735 5716 928 5767 vaut,
1047 5697 1093 5733 ²⁷
1114 5697 1303 5754 Judic.
1341 5715 1379 5753 ιι
1412 5696 1457 5732 ³⁸
1486 5692 1675 5753 Judic.
1700 5711 1780 5753 ιιι.

2165 4683 2296 4745 λαὸς
2354 4682 2491 4753 πρὸς
2553 4680 2773 4756 Κύριον,
2821 4681 2914 4737 καὶ
2972 4680 3171 4737 ἔδωκεν
3226 4682 3415 4746 αὐτοῖς
3476 4682 3667 4757 κριτὴν
3719 4677 3808 4732 τὸν

2162 4769 2307 4828 Ἀὼδ
2339 4769 2508 4845 ἄνδρα
2565 4768 3045 4850 ἀμφοτεροδέξιον,
3104 4772 3164 4833 ’ὀς
3235 4769 3526 4845 τολμήσας
3615 4765 3813 4825 ἀνεῖλεν

2163 4859 2393 4933 Ἐκλὼμ
2424 4860 2475 4915 ἐν
2508 4864 2587 4933 τῷ
2619 4859 2756 4932 οἴκῳ
2787 4859 2953 4915 αὐτοῦ
2984 4858 3158 4934 δόλῳ,
3186 4862 3277 4916 καὶ
3309 4862 3499 4939 φυγὼν
3558 4857 3811 4924 διεσώθη.

2162 4949 2568 5025 Καὶπαρευθὺς
2615 4943 2887 5023 λαμϐάνει
2945 4951 3037 5005 τὸν
3102 4950 3349 5024 Ἰσραήλ,
3408 4951 3498 5006 καὶ
3557 4947 3813 5005 πατάσσει

2161 5042 2264 5110 τὴν
2293 5034 2466 5095 Μωάϐ
2497 5039 2779 5114 παταγμὸν
2835 5038 3024 5114 μέγαν,
3077 5039 3169 5094 καὶ
3228 5041 3498 5116 ἡσυχάζει
3528 5041 3563 5109 ἡ
3619 5043 3687 5114 γῆ
3721 5028 3810 5103 ἔτη

2167 5127 2529 5205 ὀγδοήκοντα.
2574 5131 2674 5186 Καὶ
2740 5129 2874 5203 μετὰ
2935 5128 3194 5200 τελευτήν
3249 5131 3349 5199 τήν
3399 5130 3564 5185 αὐτοῦ
3614 5126 3809 5192 ἀπέστη

2164 5220 2330 5277 πάλιν
2389 5224 2416 5277 6
2465 5219 2621 5285 λαὸς,
2674 5221 2763 5275 καῖ
2827 5219 3181 5275 ἐταπείνωσεν
3239 5218 3434 5280 αὐτοὺς
3491 5219 3519 5274 ὁ
3579 5212 3813 5290 Σισάῥξα

2167 5313 2195 5368 6
2225 5308 2513 5384 δυνάστης,
2549 5307 2808 5385 βασιλεὺς
2844 5303 3035 5377 Ἰαϐἰν,
3069 5302 3163 5379 ἕτη
3215 5310 3287 5379 η’.
3346 5309 3452 5366 Καὶ
3485 5303 3815 5383 προσκαλεῖ-

2165 5423 2252 5458 ται
2287 5396 2527 5479 Δεόόρρα
2583 5404 2618 5471 ἠ
2678 5403 2953 5474 προφῆτις
3009 5400 3102 5454 τὸν
3166 5399 3468 5475 Βαράκ(ἧν
3524 5398 3629 5475 γὰρ
3681 5393 3813 5460 αὕτη

2166 5492 2290 5549 τότε
2314 5491 2573 5571 κρίνουσα
2599 5490 2690 5545 τὸν
2720 5487 2899 5565 λαὸν),
2944 5488 3035 5545 καὶ
3096 5488 3493 5567 συμπορεῦεται
3554 5486 3670 5565 μετ’
3724 5481 3817 5538 αὖ·
