4118 6436
320 388 434 449 159

1686 374 2009 442 GEORGII
2052 376 2393 439 CEDRENI

3612 382 3720 440 160

315 549 378 603 in
407 552 529 605 tota
553 565 688 605 mea
718 548 894 604 domo
924 548 1074 604 mihi
1106 546 1299 603 ﬁdelis
1328 548 1435 601 est.
1469 545 1613 599 Cum
1646 558 1714 597 eo
1757 540 1962 597 verba-

2084 551 2288 627 Κυρίῳ,
2322 550 2373 607 ἐν
2406 552 2639 625 ὁράματι
2698 548 2848 621 αὐτῷ
2902 549 3295 623 γνωσθήσομαι
3325 550 3415 605 καὶ
3467 549 3518 606 ἰν
3568 551 3712 626 ὖπνῳ

320 638 427 694 tim
460 655 528 694 ac
556 639 776 694 diserte
805 638 1032 709 loquar.
1060 644 1261 710 aperte
1293 643 1353 691 et
1382 651 1499 691 non
1532 650 1637 706 per
1665 632 1971 687 involucra

322 729 652 796 sermonis;
686 736 745 784 et
765 729 1012 802 gloriam
1041 727 1270 783 homini
1303 725 1465 780 vidit.
1490 727 1607 779 Cur
1626 724 1824 794 itaque
1847 738 1969 776 non

321 818 556 873 reveriti
581 820 724 875 estis
753 818 976 875 famulo
1005 835 1138 874 meo
1171 816 1315 872 Mosi
1343 815 1634 887 obloqui?
1663 818 1851 884 Atque
1883 813 1971 869 ira

321 908 425 964 Dei
456 908 740 964 adversus
771 911 933 979 ipsos
955 907 1293 976 excanduit,
1318 906 1509 976 iisque
1537 904 1830 975 degressis
1859 919 1970 958 nu-

316 996 425 1052 bes
456 1014 491 1053 a
522 997 905 1053 tabernaculo
935 996 1102 1052 abiit.
1137 1003 1331 1068 Atque
1362 1011 1498 1051 ecce
1532 994 1771 1049 Mariam
1806 993 1970 1064 lepra

318 1087 399 1142 ita
429 1087 675 1144 obduxit
703 1093 768 1142 ut
797 1088 947 1142 nivis
978 1088 1167 1143 instar
1194 1086 1332 1143 alba
1360 1092 1535 1142 esset.
1570 1086 1755 1151 Quam
1787 1082 1967 1137 intui-

314 1183 410 1231 tus
440 1179 656 1246 Aaron,
684 1194 819 1232 cum
852 1177 1017 1249 lepra
1057 1177 1342 1233 infectam
1398 1180 1691 1242 cerneret,
1750 1175 1834 1228 ita
1882 1177 1972 1228 est

312 1266 532 1321 Mosem
565 1265 856 1323 allocutus
879 1284 893 1321 :
925 1267 1197 1332 Domine,
1229 1282 1441 1339 precor
1466 1282 1540 1320 ne
1564 1265 1676 1320 hoc
1698 1269 1971 1319 nostrum

308 1361 618 1425 pcccatum
644 1355 707 1410 in
732 1372 840 1411 nos
865 1356 1395 1417 animadvertatur,
1423 1354 1582 1426 quod
1613 1370 1719 1426 per
1742 1352 1972 1424 ignora-

317 1444 536 1499 tionem
567 1445 1001 1507 commisimus,
1037 1463 1112 1500 ne
1138 1445 1213 1500 sit
1247 1444 1425 1499 Maria
1454 1443 1671 1498 similis
1704 1440 1972 1496 cadaveri

316 1539 418 1588 aut
447 1533 710 1590 abortivo
743 1535 935 1605 partui
964 1552 977 1589 :
1011 1535 1228 1607 quippe
1260 1534 1509 1589 dimidia
1539 1549 1675 1604 pars
1703 1530 1973 1586 carnium

318 1625 447 1695 ejus
473 1625 788 1696 absumpta
820 1631 931 1681 est.
965 1626 1329 1681 Vociferatus
1361 1641 1497 1697 ergo
1528 1631 1618 1678 est
1662 1624 1849 1677 Moses
1898 1620 1972 1697 ad

319 1692 658 1779 Dominum,
692 1692 1092 1788 hagitavitque
1124 1716 1207 1770 uti
1240 1732 1371 1771 eam
1401 1692 1557 1770 Deus
1588 1719 1845 1769 sanaret.
1869 1692 1976 1768 CL1

316 1804 829 1875 responditDeus:
855 1808 941 1860 An
974 1821 1063 1871 ea,
1098 1805 1147 1860 si
1177 1805 1389 1861 faciem
1422 1805 1608 1876 ipsius
1633 1810 1800 1874 pater
1822 1802 1973 1858 128

2078 639 2312 710 λαλήσω
2340 639 2508 712 αὐτῷ.
2542 638 2667 718 Οὐχ
2725 637 2899 700 οὕτως
2959 638 3036 702 ὡς
3066 638 3316 710 θεράπων
3351 659 3454 711 μου
3485 647 3716 712 Μωυσῆς

2078 728 2127 785 ἦν
2164 729 2281 803 ὅλῳ
2305 733 2387 802 τῷ
2416 726 2555 801 οἷ’κῳ
2598 750 2704 802 μου
2735 728 2927 791 πιστός
2977 726 3110 784 ἑστι.
3169 728 3359 801 Στόμα
3388 730 3521 803 πρὸς
3552 733 3720 804 στόμα

2078 817 2311 890 λαλήσω
2343 818 2510 891 αὐτῷ,
2562 818 2613 874 ἰν
2674 814 2807 873 ε”δει
2859 819 2951 873 καὶ
3006 818 3069 873 οὐ
3129 815 3199 873 δι’
3248 817 3610 893 αἰνιγμάτων,
3640 821 3726 876 καὶ

2073 908 2173 976 τὴν
2207 904 2362 980 δόξαν
2392 906 2596 981 Κυρίου
2655 903 2789 963 εἶδε.
2845 907 2929 980 [Ρ.
2965 906 3058 980 72]
3118 906 3219 964 Καέ
3283 902 3426 962 διατί
3483 906 3581 963 οὐκ
3608 907 3728 989 ἐφο-

2077 990 2287 1067 ϐήθητε
2369 993 2753 1062 καταλαλῆσαι
2834 995 2972 1051 κατά
3054 999 3153 1051 τοῦ
3237 998 3565 1065 θεράποντος
3625 1018 3730 1070 μου

2077 1089 2327 1155 Μωϋσῆς
2386 1084 2477 1140 καὶ
2525 1084 2662 1161 ὀργὴ
2726 1088 2903 1157 θυμοῦ
2961 1083 3163 1160 Κυρίου
3220 1083 3304 1141 ἐπ’
3357 1084 3572 1148 αὐτούς.
3630 1086 3733 1143 Καὶ

2077 1175 2346 1247 ἀπῆλθον,
2378 1176 2467 1232 καὶ
2501 1179 2537 1247 ἡ
2568 1174 2771 1255 νεφέλη
2828 1174 3036 1248 ἀπίστη
3094 1173 3203 1232 ἀπὸ
3259 1183 3362 1246 τῆς
3395 1184 3622 1249 σκηνῆς,
3652 1178 3738 1233 καί

2078 1263 2198 1322 ἰδοὺ
2268 1266 2448 1342 Μαρία
2514 1264 2773 1341 λεπρῶσα
2838 1265 2965 1321 ὡσεὶ
3044 1267 3212 1341 χιών.
3276 1264 3381 1324 Καὶ
3449 1264 3739 1340 ἰπὲὅλεψεν

2077 1356 2292 1431 Ἀαρὼν
2322 1356 2458 1432 πρὸς
2486 1356 2738 1430 Μαριὰμ,
2791 1355 2881 1410 καὶ
2945 1352 3065 1410 ίδοὺ
3119 1353 3401 1428 λεπρῶσα.
3453 1356 3552 1411 Καὶ
3600 1357 3739 1413 εἶπεν

2078 1447 2292 1520 Ἀαρὼν
2347 1448 2485 1520 πρὸς
2538 1448 2799 1514 Μωυσῆν·
2862 1445 3088 1517 Δὲομαι,
3148 1446 3340 1519 Κύριε,
3406 1448 3482 1519 μή
3526 1467 3738 1502 συνεπι-

2074 1539 2205 1611 τεθῇ
2237 1538 2374 1608 ἡμῖν
2411 1539 2447 1605 ἡ
2476 1536 2735 1610 ἁμαρτία,
2765 1533 2911 1590 διότι
2947 1536 3300 1612 ἠγνοῆσαμεν
3333 1537 3526 1599 καθότι
3557 1538 3740 1612 ἦμαρ-

2076 1647 2264 1700 τομεν.
2300 1626 2395 1693 Μὴ
2426 1622 2650 1699 γένηται
2709 1625 2785 1687 ὡς
2843 1624 2957 1679 ἴσον
3014 1625 3268 1693 θανάτου,
3330 1624 3461 1681 ὡσεὶ
3492 1623 3745 1700 ἔκτρωμα

2078 1712 2509 1788 ἐκπορευόμενον
2572 1710 2632 1768 ἒκ
2694 1715 2907 1788 μήτρας
2957 1714 3194 1789 μητρὸς,
3242 1714 3335 1769 καὶ
3387 1715 3644 1789 κατεσθῖῃ
3683 1713 3746 1770 τὸ

2077 1803 2246 1875 ἣμισυ
2304 1808 2415 1858 τῶν
2482 1806 2694 1878 σαρκῶν
2753 1803 2944 1871 αὐτῆς.
3000 1826 3027 1853 ››
3091 1803 3195 1860 Καὶ
3246 1798 3448 1873 ἐϐόησε
3506 1809 3745 1873 Μωϋσῆς

317 1895 711 1965 conspuisset,
744 1911 864 1950 non
895 1895 1121 1967 pudore
1152 1894 1538 1950 afficeretur?
1575 1895 1811 1965 Septem
1843 1892 1969 1949 dies

2084 1891 2215 1965 πρὸς
2274 1890 2502 1966 Κύριον,
2573 1889 2772 1968 λέγων·
2831 1897 2891 1950 '0
2949 1892 3103 1958 Θεὸς,
3164 1888 3362 1964 δέομαί
3423 1912 3545 1958 σου,
3605 1891 3748 1947 ἴασαι

315 1988 480 2038 extra
510 1990 705 2039 castra
734 1985 984 2040 seorsim
1016 1984 1205 2056 degat.
1233 1990 1357 2039 tum
1392 1984 1842 2039 intromittatur.
1873 1984 1967 2038 Sic

317 2072 494 2128 Maria
521 2089 628 2145 per
661 2080 889 2144 septem
920 2072 1047 2128 dies
1074 2073 1286 2128 castris
1313 2074 1553 2128 exclusa
1591 2073 1720 2128 fuit.
1767 2073 1966 2142 Neque

319 2162 577 2233 populus
607 2169 801 2217 castra
825 2162 990 2233 prius
1022 2163 1225 2225 movit.
1258 2179 1435 2234 quam
1460 2163 1641 2225 Maria
1658 2161 1970 2217 mundare—

323 2259 436 2306 tur.
461 2251 540 2305 Ea
562 2259 800 2323 recepta
819 2251 892 2307 ab
917 2253 1222 2308 Aserothis
1254 2258 1565 2307 moverunt
1609 2259 1667 2307 et
1687 2252 1747 2307 in
1767 2251 1970 2307 solitu-

324 2340 463 2396 dine
487 2341 756 2397 Pharana
780 2347 973 2397 castra
1002 2342 1271 2397 fecerunt
1322 2363 1352 2391 ››
1386 2344 1611 2398 Mortua
1647 2350 1741 2397 est
1768 2349 1968 2398 autem

324 2430 523 2497 Maria,
556 2447 689 2486 cum
712 2430 785 2486 ad
814 2432 1107 2486 Zinaicam
1141 2431 1527 2486 solitudinem
1559 2430 1813 2503 populus
1836 2447 1970 2502 per—

318 2521 598 2578 venisset.
632 2520 837 2576 Statim
871 2527 1075 2592 postea
1104 2521 1308 2592 populi
1350 2521 1679 2593 indignatio
1729 2528 1971 2594 propter

319 2609 480 2665 sitim
514 2609 723 2665 oborta
752 2615 880 2677 est;
913 2610 1411 2682 irritaveruntque
1444 2613 1631 2666 Moses
1668 2618 1728 2667 et
1772 2624 1970 2666 Aaron

321 2700 505 2755 Deum
537 2716 717 2771 super
746 2716 900 2771 aqua
922 2700 1127 2773 iurgii.
1162 2704 1352 2771 Atque
1382 2700 1569 2756 iratus
1607 2702 1761 2757 Deus
1787 2700 1968 2756 dicit:

330 2811 350 2835 ι
382 2788 627 2854 Quando
657 2806 853 2845 meam
874 2789 1120 2859 gloriam
1145 2806 1343 2846 coram
1373 2789 1588 2862 papqu
1622 2790 1818 2846 testati
1849 2807 1971 2845 non

324 2879 487 2945 estis,
513 2895 615 2933 vos
654 2879 940 2951 populum
972 2880 1031 2934 in
1089 2880 1393 2952 regionem
1443 2881 1799 2951 promissam
1852 2898 1972 2936 non

328 2967 723 3023 introducetis
743 2968 807 3021 ³⁷.
842 2992 870 3018 ››
894 2969 1074 3024 Porro
1097 2973 1293 3024 Aaron
1322 2970 1592 3026 ascendit
1621 2970 1682 3024 in
1712 2977 1974 3026 montem

326 3055 630 3127 Or,ibique
656 3063 924 3113 mortuus
946 3065 1054 3126 est;
1078 3076 1209 3129 qua;
1224 3059 1275 3113 ei
1293 3076 1478 3130 poenas
1499 3067 1738 3131 propter
1757 3077 1974 3132 aquam

314 3145 499 3219 jurgii
531 3152 621 3201 est
650 3146 929 3217 irrogata.
967 3147 1302 3203 Secundum
1351 3149 1478 3204 hinc
1535 3149 1596 3203 in
1648 3150 1975 3205 ldumaaam

320 3236 575 3307 populus
612 3239 894 3309 pervenit.
930 3240 1194 3310 Cumque
1226 3256 1433 3295 rursus
1462 3240 1579 3295 Deo
1611 3247 1667 3295 et
1698 3241 1839 3297 Mosi
1872 3240 1974 3295 ob-
2006 3281 2049 3348 Ο

322 3333 742 3394 murmuraret,
775 3326 1023 3383 immisit
1056 3328 1208 3383 Deus
1246 3345 1468 3401 angues
1527 3329 1628 3400 qui
1686 3329 1973 3402 populum

320 3422 624 3472 necarent.
658 3418 1013 3489 Tuncjussu
1043 3418 1145 3473 Dei
1178 3435 1425 3491 serpens
1455 3418 1557 3474 ille
1588 3435 1789 3475 azneus
1826 3436 1972 3475 con-

327 3504 541 3561 ﬁcitur.

2075 1979 2265 2051 αὐτήν.
2321 1982 2421 2035 Καὶ
2472 1981 2590 2036 εἷπε
2635 1980 2837 2056 Κύριος
2884 1982 3022 2056 πρὸς
3071 1986 3339 2051 Μωυσῆν·
3401 2006 3430 2033 «
3465 1981 3529 2038 Li
3583 1983 3612 2037 6
3649 2003 3752 2037 πα-

2074 2073 2182 2146 τὴρ
2211 2070 2379 2139 αὐτῆς
2408 2071 2592 2126 πτύων
2627 2069 2911 2126 ὲνὲπσυσεν
2966 2071 3043 2134 εἷς
3091 2073 3156 2127 τὸ
3203 2070 3506 2147 πρόσωπον
3559 2071 3753 2140 αὐτῆς,

2080 2159 2179 2215 οὐκ
2246 2159 2683 2234 ἑντραπῆσεταις
2723 2160 2895 2216 Ἐπτά
2959 2160 3171 2234 ἡμέρας
3222 2163 3584 2237 ἀφορισοήτω
3654 2159 3755 2234 ἔξω

2077 2258 2177 2318 τῆς
2251 2244 2637 2324 παρεμϐολῆς,
2713 2250 2805 2305 καὶ
2897 2250 3033 2322 μετά
3118 2254 3289 2307 ταῦτα
3358 2249 3752 2307 εἰσελεύσεται.

2078 2339 2185 2395 Καὶ
2243 2339 2526 2419 ἀφωρίσοη
2586 2338 2816 2413 Ναριάμ
2862 2337 2965 2409 ἔξω
3019 2345 3121 2409 τῆς
3183 2334 3560 2415 παρεμϐολῆς
3622 2339 3757 2394 ἑπτα

2077 2427 2313 2504 ἡμέρας,
2350 2429 2438 2484 καὶ
2487 2429 2516 2483 6
2566 2427 2696 2491 λαὸς
2746 2428 2849 2484 οὐκ
2897 2426 3081 2501 ἐξῆρεν
3119 2423 3223 2491 ἕως
3255 2427 3599 2506 ἐκαθαρίσθη
3639 2435 3759 2487 Μα-

2079 2518 2239 2593 ριάμ.
2274 2517 2372 2573 Καὶ
2404 2519 2543 2591 μετά
2589 2522 2757 2573 ταῦτα
2805 2520 2995 2591 ὶξῆρεν
3042 2520 3071 2574 6
3115 2517 3248 2581 λαὸς
3281 2518 3336 2588 ἐξ
3374 2519 3644 2593 Ἀσιρὼῆ,
3673 2518 3763 2573 καὶ

2079 2603 2446 2681 παρενέϐαλεν
2508 2606 2559 2663 ἐν
2615 2612 2685 2683 τῇ
2743 2607 2940 2681 ἐρήμῳ
3000 2611 3210 2683 Φαράν.
3265 2607 3463 2666 Ἢνίκα
3498 2606 3558 2665 δὲ
3590 2606 3762 2678 ἦλθεν

2081 2697 2109 2751 6
2160 2694 2292 2761 λαὸς
2344 2697 2421 2760 εἰς
2465 2697 2529 2753 τὸ
2593 2702 2729 2752 Σινᾶ
2786 2702 2898 2771 (67)
2951 2697 3102 2772 ὄρος,
3149 2695 3382 2769 τελευτᾷ
3441 2700 3685 2773 Μαριὰμ
3729 2699 3765 2767 ἠ

2082 2782 2293 2865 ἀδελφή
2330 2788 2628 2848 Μωϋσὲως.
2662 2813 2683 2840 ι
2725 2788 2857 2844 Εἶτα
2905 2786 3145 2862 παρευθὺ
3193 2787 3408 2863 γίνεται
3440 2788 3764 2865 γογγυσμὸς

2083 2880 2182 2932 τοῦ
2222 2873 2361 2931 λαοῦ
2401 2872 2491 2931 διὰ
2527 2878 2593 2932 τὸ
2659 2873 2838 2952 δίψος,
2904 2876 2995 2932 καὶ
3059 2876 3347 2952 παρώξυνε
3388 2880 3648 2948 Μωυσῆς
3679 2876 3772 2932 καὶ

2084 2965 2297 3041 ’Δαρὼν
2328 2968 2421 3021 τὸν
2456 2967 2585 3021 Θεὸν
2631 2963 2719 3022 ἐπὶ
2768 2970 2865 3021 τοῦ
2909 2963 3104 3031 ὕδατος
3131 2973 3231 3036 τῆς
3272 2965 3637 3042 ἀντιλογίας.
3673 2965 3776 3022 Καὶ

2086 3054 2115 3109 ὀ
2251 3057 2278 3111 0
2314 3056 2329 3077 κ
2456 3054 2469 3075 Ι
2576 3077 2596 3092 '
2658 3057 2684 3073 ν
2791 3076 2804 3090 ⁸
2902 3061 2916 3087 ’
3035 3057 3048 3070 ⁸
3109 3056 3131 3078 Ρ
3258 3054 3271 3075 9
3377 3054 3433 3074 9N
3522 3059 3531 3071 Ι
3655 3054 3666 3073 ο

2121 3076 2246 3130 ργισ
2286 3075 2361 3117 εις
2394 3057 2596 3131 Κυριο,
2630 3077 2780 3111 ειπεν
2838 3082 2866 3109 ‹‹
2924 3067 3030 3121 Avo
3092 3077 3168 3111 ων
3216 3076 3317 3111 ουκ
3372 3061 3675 3132 εοοξασατε
3709 3076 3777 3130 με

2086 3142 2319 3200 ἐνώπιον
2378 3142 2626 3220 Ἰσραὴλ,
2686 3145 2792 3200 οὐκ
2848 3144 3083 3215 εῗσάξετε
3137 3144 3233 3202 τὸν
3293 3140 3439 3201 λαὸν
3500 3146 3667 3220 ὑμεῖς
3704 3144 3783 3208 εἷς

2084 3235 2184 3304 τήν
2231 3240 2336 3311 γῆν
2393 3241 2496 3305 τῆς
2535 3233 2885 3311 ἐπαγγελίας.
2918 3262 2941 3291 ι
3001 3232 3239 3307 Τελευτᾷ
3269 3231 3328 3291 δὲ
3364 3238 3590 3314 Ἀαρὼν
3625 3234 3785 3293 ἀνελ-

2085 3323 2191 3378 θὼν
2235 3323 2314 3386 εἰς
2378 3324 2441 3378 τό
2509 3320 2638 3398 ὅρος
2700 3326 2824 3399 νεὶρ.
2879 3322 3158 3398 ὶπιτιμίαν
3207 3324 3447 3380 θανάτου
3482 3325 3782 3401 δεξάμενος

2084 3410 2175 3467 διὰ
2229 3414 2293 3468 τὸ
2340 3408 2487 3487 ὕδωρ
2544 3420 2646 3484 τῆς
2698 3413 3032 3489 ὀντιλογίας.
3095 3414 3248 3471 Μετά
3289 3410 3352 3469 δὲ
3385 3417 3455 3471 τὸ
3488 3414 3645 3492 ὕδωρ
3677 3423 3781 3487 τῆς

2082 3504 2406 3581 ἀντιλογίας
2443 3504 2767 3581 κατέρχεται
2818 3508 2846 3563 6
2896 3504 3029 3569 λαὸς
3082 3506 3158 3568 είς
3200 3505 3425 3581 Ἐδὼμ,
3478 3509 3578 3565 καὶ
3621 3529 3789 3565 κατα-

327 3591 589 3667 γογγύζει
620 3596 753 3649 Θεοῦ
778 3593 867 3649 καὶ
898 3594 1190 3657 Μωϋσέως.
1222 3595 1325 3653 Καὶ
1355 3595 1671 3653 ἀπέστειλεν
1703 3597 1733 3651 6
1765 3595 1896 3657 Θεὸς
1926 3592 2058 3656 τοὺς
2107 3588 2280 3672 ὄφεις,
2336 3593 2427 3650 καὶ
2476 3593 2763 3651 ἐθανατουν
2790 3595 2883 3651 τὸν
2914 3594 3065 3654 λαόν.
3098 3594 3198 3651 Καὶ
3230 3595 3439 3653 λοιπὸν
3472 3600 3628 3675 γίνετ
3646 3620 3690 3654 ,ι
3720 3596 3786 3654 τὸ

329 3679 736 3757 χαλκούργημα
762 3687 861 3739 τοῦ
888 3681 1064 3761 ὄφεως
1095 3686 1381 3760 προστάξει
1413 3690 1570 3742 Θεοῦ.

396 3775 462 3829 In
493 3776 754 3831 secunda
783 3776 987 3848 populi
1018 3778 1387 3842 recensione,
1418 3794 1556 3833 cum
1585 3779 1772 3833 Moses
1802 3784 1980 3848 atque

326 3864 638 3920 Eleazarus
669 3865 953 3936 populum
989 3872 1397 3933 numerarent,
1428 3882 1606 3921 nemo
1624 3867 1870 3921 omnino
1888 3883 1982 3922 eo-

325 3971 458 4010 rum
490 3955 779 4024 superfuit
812 3970 960 4025 quos
1006 3955 1069 4009 in
1127 3955 1320 4027 prima
1378 3956 1730 4011 recensione
1796 3958 1983 4012 Moses

325 4048 385 4098 et
416 4046 612 4098 Aaron
646 4043 1013 4103 invenerant.
1044 4062 1180 4101 cum
1210 4062 1245 4100 a
1276 4045 1477 4118 viginti
1512 4061 1703 4101 annos
1752 4053 1892 4102 nato
1924 4052 1984 4101 et

328 4133 588 4205 amplius
619 4148 829 4188 omnes
860 4142 1297 4191 numerassent.
1329 4135 1607 4191 Edixerat
1637 4137 1794 4191 enim
1827 4136 1982 4191 Deus

328 4223 545 4295 populo
577 4222 702 4277 fore
735 4229 798 4277 ut
826 4229 1069 4295 propter
1096 4240 1265 4279 suam
1297 4223 1790 4282 obtrectationem
1822 4226 1980 4297 peri-

329 4321 435 4369 ret.
462 4317 543 4370 Ac
574 4316 761 4369 Moses
784 4314 1025 4385 quidem
1052 4321 1111 4369 et
1139 4315 1471 4383 Eleazarus,
1501 4316 1723 4387 quippe
1748 4316 1977 4382 Levita),

332 4421 405 4461 ne
429 4412 563 4459 ante
585 4405 828 4475 quidem
845 4406 999 4460 inter
1014 4406 1276 4477 reliquas
1290 4406 1479 4461 tribus
1493 4405 1975 4462 recensebantur.

2160 3776 2288 3832 Ὀτι
2355 3772 2406 3829 ἒν
2469 3777 2538 3848 τῇ
2598 3771 2821 3849 δευτέρᾳ
2854 3773 3229 3850 ἰξαριθμήσει,
3298 3776 3476 3845 ἡνίκα
3533 3784 3790 3849 Multis-ac

2087 3866 2179 3922 καὶ
2214 3863 2477 3941 Ἐλεάζαρ
2509 3866 2824 3941 ἠρίθμησαν
2858 3867 2951 3922 τὸν
2982 3863 3140 3936 λαὸν,
3172 3865 3280 3942 οὐχ
3318 3868 3537 3944 εὑρέθη
3577 3870 3794 3946 ἅνθρω-

2089 3976 2190 4019 πος
2217 3954 2278 4011 ἐκ
2304 3962 2405 4024 τῆς
2446 3958 2673 4030 πρώτης
2722 3956 3094 4031 ἀριθμήσεως,
3148 3955 3309 4025 ἡνίκα
3367 3960 3634 4029 Maiori};
3696 3961 3793 4015 καὶ

2087 4047 2300 4119 Ἀαρὼν
2328 4045 2640 4121 ἠρίθμησαν
2704 4046 2831 4108 τοὺς
2894 4044 3002 4100 ἀπὸ
3069 4043 3269 4101 ε”κοσιν
3339 4044 3497 4104 ἐτῶν
3529 4050 3630 4105 καὶ
3662 4048 3799 4106 ἐπὲ-

2088 4156 2261 4205 κεινα,
2288 4134 2373 4190 ὅτι
2406 4134 2525 4190 εἶπε
2577 4134 2779 4208 Κύριος
2826 4134 3035 4197 αὐτοῖς’
3093 4159 3120 4189 α
3149 4135 3379 4209 Θανάτῳ
3414 4137 3798 4205 ἀποθανεῖσθε

2091 4221 2180 4279 διὰ
2209 4224 2335 4286 τοὺς
2367 4225 2721 4300 γογγυσμοὺς
2756 4224 2930 4297 ὑμῶν.
2963 4249 2992 4277 »
3044 4224 3112 4282 Οί
3155 4225 3261 4301 γὰρ
3291 4226 3430 4302 περὶ
3464 4229 3568 4285 τὸν
3620 4235 3803 4287 “mu-

2091 4313 2184 4369 σέα
2225 4313 2315 4368 καὶ
2368 4312 2653 4386 Ἐλεάζαρ.
2684 4313 2759 4375 ὡς
2803 4316 3045 4379 Λευῖται,
3080 4311 3207 4369 οὖδὶ
3255 4315 3318 4369 τὸ
3370 4315 3639 4374 παλαιὸν
3670 4339 3802 4375 συν-

2089 4405 2479 4478 ηριομῆθησαν
2519 4407 2638 4465 ταῖς
2670 4400 2891 4463 λοιπαῖς
2917 4409 3137 4481 φυλαῖς,
3170 4403 3199 4459 6
3236 4400 3295 4459 δὲ
3327 4404 3567 4475 Ἰησοῦς
3602 4410 3805 4467 Βενια-

326 4495 504 4550 Josua
533 4496 976 4567 Benjaminicus
1006 4495 1161 4550 tribu
1197 4495 1345 4551 I29
1382 4494 1513 4561 fuit,
1561 4494 1856 4551 Chalebus
1878 4497 1975 4551 Ju-

2093 4491 2254 4563 μίτης
2286 4489 2371 4558 ἦν,
2404 4491 2432 4545 6
2465 4487 2523 4546 δὲ
2553 4486 2737 4547 Χαλέϐ
2781 4491 2841 4547 ἐκ
2885 4498 2985 4562 τῆς
3038 4497 3137 4547 τοῦ
3184 4490 3392 4550 Ἰούδα.
3441 4499 3803 4572 Σημείωσαι

326 4584 511 4640 dmus.
545 4584 800 4641 Observa
828 4591 1049 4649 autem,
1083 4602 1185 4641 eos
1215 4584 1316 4656 qui
1366 4588 1435 4639 20
1492 4584 1666 4641 annis
1717 4586 1979 4642 minores

325 4680 515 4741 erant,
541 4679 601 4729 et
631 4675 857 4731 Levitas
886 4675 988 4746 qui
1016 4675 1195 4731 vitam
1228 4674 1636 4747 produxerunt
1663 4691 1732 4730 eo
1764 4692 1976 4746 usque,

323 4780 445 4820 non
460 4763 641 4820 fuisse
657 4764 951 4837 promissa
966 4773 1121 4821 terra
1132 4765 1410 4837 privatos.
1430 4763 1511 4819 lbi
1535 4766 1723 4821 Moses
1735 4765 1985 4837 jubetur

321 4858 586 4909 montem
601 4852 1988 4926 Nabanumconscendere,objurgaturque,sicut

329 4950 466 5000 ante
489 4944 671 5003 frater
690 4945 897 5019 ipsius.
914 4951 1158 5017 propter
1176 4961 1394 5016 aquam
1410 4943 1594 5016 jurgii
1619 4960 1633 5011 ;
1655 4942 1983 5015 atqueideo

333 5034 511 5090 etiam
546 5040 702 5090 terra
734 5034 1030 5105 promissa
1069 5034 1331 5106 privatus
1360 5032 1440 5088 ibi
1474 5049 1506 5089 e
1538 5032 1680 5088 vivis
1730 5032 1981 5098 excedit,

330 5138 518 5177 annos
543 5129 719 5179 natus
753 5126 873 5177 120.

398 5214 606 5269 Iussus
632 5220 833 5269 autem
859 5215 1047 5268 Moses
1078 5220 1337 5269 montem
1370 5212 1772 5269 conscendere
1804 5218 1982 5282 atque

332 5303 600 5361 ibivitam
629 5306 821 5365 ﬁnire.
839 5304 1048 5372 Segnis
1073 5314 1505 5360 Amorraeorum
1531 5311 1591 5359 et
1611 5303 1711 5375 Ogi
1738 5301 1981 5357 Basanis
2006 5368 2009 5369 ν

332 5411 534 5465 regum
572 5394 747 5451 urbes
775 5411 1137 5467 omnemque
1166 5395 1455 5450 ditionem
1486 5394 1741 5451 duorum
1776 5408 1976 5465 regum

407 5510 453 5547 ⁸⁷
482 5512 652 5569 Num.
688 5528 805 5583 xiv,
833 5515 921 5570 22.

2089 4578 2147 4635 ὁὶ
2173 4579 2256 4635 ὅτι
2286 4580 2377 4635 καὶ
2427 4579 2477 4635 οἰ
2523 4583 2660 4636 κατὰ
2691 4580 2870 4658 ὕφεσιν
2920 4585 3028 4636 τῶν
3067 4579 3266 4637 εἶ’κοσιν
3316 4580 3464 4639 ἑτῶν
3503 4586 3618 4644 οὐκ
3645 4589 3803 4645 ἔστε.

2094 4672 2336 4740 ρήοησαν
2366 4676 2466 4740 τῆς
2496 4677 2602 4747 γῆς
2647 4677 2749 4742 τῆς
2778 4668 3124 4746 ἐπαγγελίας,
3176 4667 3305 4727 οὐδὲ
3345 4672 3407 4727 οἷ
3466 4679 3807 4753 φθάσαντες

2094 4765 2191 4834 ζῇν
2258 4765 2367 4817 τῶν
2433 4765 2699 4817 Λευῖτῶν.
2769 4762 3031 4826 Ἐνταῦθα
3077 4760 3136 4817 ὂὶ
3190 4761 3490 4820 κελεύεται
3537 4771 3809 4841 Minuci;

2091 4848 2335 4913 ἀνελθεῖν
2369 4850 2446 4912 είς
2479 4850 2544 4907 τὸ
2576 4846 2703 4924 ὅρος
2734 4844 2944 4923 Ναϐὰν,
2996 4850 3087 4906 καὶ
3136 4850 3433 4926 ἓλὲγχεται
3462 4858 3570 4913 καὶ
3604 4860 3809 4932 αὐτὸς,

2093 4939 2168 5002 ὡς
2201 4936 2438 5015 ἀδελφὸς
2467 4938 2653 5009 αὐτοῦ,
2703 4936 2794 4994 διὰ
2845 4940 2909 4994 τὸ
2968 4935 3116 5015 ὕδωρ
3156 4946 3259 5010 τῆς
3289 4940 3669 5021 ἀντιλογίας,
3709 4950 3813 5006 Διὸ

2090 5028 2316 5104 καὶτῆς
2365 5034 2472 5101 γῆς
2522 5034 2624 5097 τῆς
2680 5025 3011 5105 ἐπαγγελίας
3066 5028 3376 5103 ἐστέρηται,
3413 5035 3521 5089 καὶ
3558 5036 3816 5111 τελευτᾷ

2091 5120 2202 5176 ἐκεῖ
2230 5121 2364 5175 ἑτῶν
2395 5119 2582 5174 ἑκατὸν
2616 5116 2845 5175 εἴκοσιν.

2161 5212 2412 5268 Ὅτιτοῦ
2442 5208 2600 5277 Σηὼν
2658 5205 2932 5281 βκσιλὲως
2980 5211 3089 5263 τῶν
3136 5207 3513 5287 Ἀμορραίων
3549 5219 3657 5273 καὶ
3699 5225 3815 5276 τοῦ

2091 5301 2192 5376 Ὦγ
2226 5295 2497 5375 βασιλέως
2529 5300 2612 5372 [Ρ.
2647 5298 2738 5372 ’73]
2786 5304 2886 5367 τῆς
2932 5297 3101 5353 Βασάν
3152 5297 3248 5360 τὰς
3299 5296 3517 5366 πόλεις
3555 5308 3662 5364 καὶ
3701 5315 3785 5366 πᾶ

2092 5411 2187 5446 σαν
2216 5390 2318 5459 τήν
2350 5390 2540 5465 χώραν
2571 5392 2680 5443 τῶν
2734 5384 2831 5441 δίο
2894 5382 3162 5464 βασιλέων
3215 5390 3382 5464 πέραν
3435 5400 3554 5450 τοῦ
3594 5398 3823 5477 Ἰορδά,

1550 5601 1912 5660 XYDANDRI
1942 5601 2031 5657 ET
2059 5599 2275 5657 GOARI
2309 5598 2531 5657 NOTE.

408 5694 499 5771 (67
531 5699 744 5756 Errare
771 5698 1108 5774 perspicuo.
1140 5698 1281 5754 Χη.
