4142 6470
417 338 532 401 167

1796 327 2111 393 GEORGII
2152 330 2498 397 CEDREDI

3723 345 3841 406 168

415 474 694 530 introitus
727 471 787 526 in
818 476 1040 527 terram
1081 468 1458 542 promissam,
1517 466 2037 524 Tabernaculorun

2177 465 2369 542 τρίτην
2401 472 2725 547 συναγωγὴν
2762 464 2937 549 ἔργων
2992 478 3089 530 τοῦ
3139 474 3314 553 ἀγροῦ
3373 476 3681 535 συντελείας
3727 481 3839 538 ἀπὸ

411 562 725 621 collocatio
752 563 860 635 (sic
895 560 1071 617 tertia
1101 558 1454 632 appellatur)
1487 558 1615 613 vitm
1646 558 1709 612 in
1740 557 2064 614 solitudine

409 664 469 719 in
505 661 903 717 tabernaculis
932 675 1040 732 per
1069 658 1461 730 quadraginta
1522 673 1716 712 annos
1773 655 2060 712 tolerata).

411 752 704 809 Mandavit
733 750 909 806 etiam
941 750 1087 804 hare.
1123 763 1317 803 coram
1348 747 1598 802 Domino
1650 746 1780 802 sine
1812 762 2062 802 munere

411 861 531 899 non
557 856 864 914 apparere,
891 838 1077 893 tribus
1110 838 1283 891 (lictis
1313 836 1478 893 feriis
1536 852 1775 891 omnem
1833 852 2060 891 marem

410 950 608 989 coram
639 933 756 987 Deo
784 930 933 992 sisti,
957 929 1318 983 fermentum
1344 925 1637 982 sacriﬁcio
1671 925 1903 980 Domini
1937 942 2057 981 non

369 1073 395 1088 ,
408 1022 712 1079 adbibere.
729 1020 829 1075 sed
845 1018 1298 1074 infermentatos
1314 1033 1513 1088 panes.
1532 1016 1766 1088 adipem
1784 1014 2057 1070 sacriﬁcii

407 1130 526 1168 non
559 1111 896 1181 relinquere
930 1109 991 1162 in
1023 1108 1179 1162 diem
1212 1106 1560 1163 crastinum.
1595 1105 1861 1161 omnium
1889 1110 2056 1159 terrae

404 1203 637 1274 frugum
659 1200 952 1272 primitias
974 1198 1032 1253 in
1058 1196 1278 1269 templo
1299 1196 1397 1250 Dei
1414 1195 1647 1253 offerre.
1664 1211 1783 1250 non
1800 1210 2055 1266 coquere

403 1307 619 1365 agnum
636 1291 693 1345 in
719 1290 868 1344 lacte
884 1286 1091 1343 matris
1104 1303 1246 1341 sum.
1268 1286 1378 1342 [las
1392 1284 1844 1340 constitutiones
1868 1286 2056 1339 Moses

401 1399 432 1437 a
458 1383 575 1437 Deo
590 1380 833 1434 veniens
848 1376 1064 1450 populo
1089 1374 1611 1448 exposuit,additis
1625 1374 1803 1429 etiam
1818 1374 1951 1429 aliis
1973 1373 2056 1429 di-

401 1474 551 1527 vinis
575 1468 1105 1527 exhortationibus.
1131 1466 1519 1539 Respondens
1538 1472 1738 1521 autem
1768 1482 1886 1521 una
1912 1482 2052 1520 voce

402 1568 560 1618 totus
591 1559 845 1633 populus
877 1557 1152 1630 promisit
1180 1572 1243 1611 se
1283 1555 1562 1610 omnibus
1614 1555 1846 1610 Domini
1879 1553 2053 1610 dictis

399 1648 942 1719 obtemperaturum
980 1646 1171 1715 Atque
1189 1642 1864 1715 omniaistaconscripta
1889 1647 2048 1697 sunt.

2176 555 2374 628 ἐξόδων
2409 559 2676 627 ἐνιαυτοῦ,
2711 562 3144 637 ἀναμιμνήσκων
3182 565 3381 629 αὐτοὺς
3440 565 3530 624 διὰ
3590 574 3689 625 τοῦ
3740 572 3838 644 μὶν

2178 649 2372 728 Πάσχα
2401 658 2501 721 τῆς
2532 650 2581 723 ἐξ
2617 651 2900 727 Αἰγύπτου
2942 652 3156 724 ὶξόδου,
3218 652 3308 712 διὰ
3361 655 3418 713 δὲ
3468 665 3571 728 τῆς
3626 665 3832 733 Ιιεντη-

2171 748 2372 808 κοστῆς
2401 743 2500 810 τῆς
2532 742 2609 804 εἷς
2641 745 2739 813 τὴν
2764 751 2868 821 γῆν
2897 751 2996 813 τῆς
3042 744 3379 821 ἐπαγγελίας
3439 746 3680 817 εἰσόδου,
3743 750 3835 808 ὂιά

2172 823 2228 883 δὲ
2250 834 2350 898 τῆς
2384 833 2772 905 Σκηντιπηγίας
2805 840 2905 903 τῆς
2939 831 2989 888 ὲν
3042 838 3110 906 τῇ
3171 834 3366 910 ἐρήμῳ
3422 834 3719 913 διαγωγῆς·
3778 840 3832 897 ἒν

2170 925 2393 989 σκηναῖς
2495 924 2599 989 γαρ
2654 924 2927 985 οἷκοῦντες
3005 928 3403 989 τεσσαράκοντα
3522 924 3831 986 διετέλεσαν

2168 1004 2285 1076 ἔτη.
2322 1010 2413 1079 Μὴ
2448 1009 2681 1087 ὀοξιθῆναι
2706 1010 2854 1067 κειὸν
2913 1012 3150 1068 ἐναντίον
3221 1013 3437 1091 Ιιυρίου,
3471 1018 3557 1072 καῖ
3597 1024 3698 1073 πᾶν
3730 1023 3830 1092 αρ-

2495 922 2599 997 γπὶρ
2654 922 2927 985 οἷκοῦντες
3005 928 3403 996 τεσσαράκοντα

2169 1100 2373 1155 σενικὸν
2426 1099 2745 1158 ὀπτάνεσθαι
2803 1101 3035 1159 ἐνώπιον
3077 1106 3275 1175 Κυρίίιυ
3333 1108 3472 1162 xui
3533 1108 3630 1170 τὰς
3684 1117 3830 1183 τρεῖς

2166 1187 2357 1264 ἒοτρας
2398 1191 2611 1255 ταύτας.
2664 1192 2750 1260 λιή
2803 1194 2944 1256 θύειν
2999 1192 3086 1249 ἐπὶ
3150 1194 3294 1268 ζ·5μῃ
3345 1197 3484 1270 αἷμα
3516 1199 3822 1273 θυσιάσμα.

2166 1299 2258 1342 τος
2292 1280 2514 1351 Κυρίου,
2548 1279 2774 1337 ἀλλ’ἐπ¹
2809 1282 3056 1355 ἀζῦμοις.
3115 1286 3207 1352 Μὴ
3273 1284 3450 1359 μένειν
3512 1283 3618 1350 ἔως
3670 1291 3833 1361 πρωΐ

2165 1368 2324 1443 στέαρ
2384 1376 2486 1438 τῆς
2542 1370 2758 1442 ἑορτῆς.
2814 1375 2917 1430 Καὶ
2972 1373 3066 1436 τὰς
3127 1372 3383 1450 ἀπαρχάς
3442 1379 3551 1431 τῶν
3585 1380 3826 1449 πρώτων

2163 1459 2515 1533 γεννημάτων
2546 1467 2645 1529 τῆς
2676 1468 2776 1535 γῆς
2838 1460 3070 1536 εἶσάγειν
3132 1463 3207 1524 εἰς
3252 1466 3343 1519 τὸν
3373 1464 3523 1521 οἶκον
3558 1470 3654 1523 τοῦ
3686 1474 3827 1526 Θεοῦ

2164 1548 2244 1627 ἐφ’
2271 1550 2455 1605 ἅπασι.
2493 1551 2583 1619 Μή
2617 1548 2761 1626 ἕψειν
2790 1551 2920 1628 ἄρνα
2975 1550 3027 1609 ἐν
3082 1553 3314 1632 γάλακτι
3350 1556 3563 1632 μητρὸς
3623 1558 3820 1616 αὐτοῦ.

2160 1639 2345 1725 Ταῦτα
2372 1639 2439 1696 τά
2465 1636 2812 1725 δικαιώματα
2840 1646 2937 1699 τοῦ
2987 1648 3122 1698 Θεοῦ
3156 1646 3399 1714 Μωυσῆς
3432 1644 3609 1711 ἐλθὼν
3638 1649 3822 1725 ἀπήγ-

394 1724 547 1802 γειλε
574 1718 657 1797 τῷ
699 1724 816 1795 λαῴ
846 1723 980 1797 μετά
1010 1722 1101 1777 καὶ
1136 1719 1321 1777 ἂλλων
1350 1742 1508 1777 τινων
1540 1719 1699 1802 θείων
1732 1719 2115 1802 παραινέσεωνὶ
2151 1718 2253 1775 Καὶ
2286 1719 2551 1795 ἀπεκρίθη
2590 1727 2688 1795 μιᾷ
2720 1726 2875 1800 φωνῇ
2902 1727 3006 1786 πᾶς
3030 1725 3057 1778 6
3081 1722 3236 1795 λαὸς,
3265 1727 3353 1781 καὶ
3378 1726 3515 1783 εἷπε
3545 1752 3574 1781 ιι
3607 1718 3820 1794 Πάντας

395 1796 523 1868 τοῦς
555 1796 760 1882 λόγους
793 1796 989 1878 κυρίου
1023 1804 1329 1876 ποι-ἥσομεν
1356 1801 1447 1857 καὶ
1480 1796 1845 1875 ἀκουσόμεθα.
1879 1825 1907 1853 ››
1945 1800 2065 1870 Καὶ,
2097 1796 2302 1876 ἒγράρη
2344 1804 2512 1856 ταῦτα
2545 1796 2736 1859 πάνταέ

466 1901 655 1954 Moses
721 1912 757 1952 a
814 1897 932 1951 Deo
990 1894 1306 1967 splendore
1364 1892 1537 1949 faciei
1586 1897 1831 1948 ornatus
1857 1891 2045 1948 velato
2080 1893 2125 1958 B

397 1988 560 2044 vultu
591 2004 698 2059 per
728 2002 917 2042 annos
947 1983 1339 2057 quadraginta
1368 2000 1502 2040 cum
1548 1982 1766 2039 Judmis
1816 1987 1906 2038 est
1951 1983 2048 2038 lo-

372 2086 588 2149 _cutus,
623 2082 1007 2149 conSpectum
1040 2075 1211 2131 faciei
1239 2076 1371 2147 ejus
1401 2072 2048 2131 nonferentibuszcum

394 2175 584 2224 autem
607 2166 681 2223 ad
701 2166 1016 2222 Dominum
1041 2164 1472 2237 ingrederetur,
1491 2164 1688 2220 velum
1710 2163 2052 2219 removebat

393 2275 426 2315 ιι
458 2258 607 2315 facie
639 2274 763 2313 sua.
804 2258 885 2311 Ita
915 2272 1057 2311 sane
1091 2255 1163 2310 iis
1197 2254 1295 2326 qui
1329 2254 1525 2309 carnis
1552 2253 1771 2309 dictata
1798 2269 2049 2326 sequen-

394 2353 481 2403 tes
514 2348 701 2414 legem
736 2346 957 2416 legunt.
982 2345 1177 2399 velum
1201 2343 1473 2408 obdurati
1498 2342 1679 2398 animi
1713 2342 2046 2410 obducitur,

390 2456 464 2493 ne
486 2436 733 2510 gloriam
749 2435 965 2491 Christi
990 2434 1221 2507 possint
1239 2448 1594 2506 cognoscere
1622 2435 1696 2489 At
1718 2433 1818 2505 qui
1835 2433 2048 2506 spiritu

399 2531 435 2583 ἐ
454 2528 553 2582 36
577 2525 723 2581 duce
750 2526 991 2586 intrant,
1021 2524 1094 2579 iis
1122 2524 1312 2579 velum
1342 2522 1730 2596 ignorationis
1759 2523 2044 2579 aufertur.

398 2618 687 2672 Cmterum
720 2617 907 2670 Moses
927 2615 983 2668 in
999 2613 1265 2669 Tliabore
1288 2618 1491 2669 monte
1520 2628 1726 2668 revera
1749 2613 2044 2685 posticum

398 2706 497 2762 Dei
529 2704 690 2769 vidit,
732 2721 947 2777 nempe
1006 2702 1479 2759 incarnationem
1537 2702 1856 2776 Unigeniti,
1908 2720 2044 2759 cum

394 2797 454 2851 in
490 2812 628 2851 saxo
660 2794 891 2867 positus
932 2809 1120 2865 eoque
1173 2797 1383 2861 tectus,
1443 2790 1729 2848 nimirum
1787 2792 2041 2860 Christo,

390 2885 693 2958 praeterire
726 2900 860 2939 cum
896 2882 1207 2955 majestate
1240 2898 1360 2937 non
1400 2881 1630 2937 nudum
1688 2881 1792 2937 sed
1851 2883 2042 2940 incar-

391 2982 596 3032 natum
629 2974 772 3029 vidit
798 2974 1004 3029 Deum.

461 3065 675 3120 Primae
710 3061 927 3118 tabula:
957 3078 1139 3117 manu
1170 3061 1273 3116 Dei
1301 3061 1511 3117 excisae
1542 3062 1787 3118 fuerunt
1836 3067 1895 3117 et
1949 3063 2035 3119 in-

387 3154 623 3226 scriptas
651 3174 662 3211 :
694 3153 1176 3226 permissumque
1201 3158 1291 3207 est
1313 3158 1379 3207 ut
1396 3168 1480 3206 ea)
1503 3152 2035 3225 confringerentur.

2225 1891 2349 1947 ’Ὁτι
2378 1896 2622 1961 Μωυσῆς
2647 1886 2835 1948 λαϐὼν
2897 1895 3042 1969 παρά
3074 1898 3209 1951 Θεοῦ
3242 1891 3422 1968 δόξαν,
3455 1895 3508 1953 ἐν
3528 1902 3608 1971 τῷ
3636 1919 3818 1973 προσ-

2150 1978 2288 2051 ώπῳ
2360 1977 2630 2054 κάλυμμα
2712 1983 2882 2045 τιθεῖς
2936 1982 3024 2039 ἐπὶ
3080 1985 3503 2060 τεσσαράκοντα
3587 1988 3822 2064 χρόνοις

2151 2065 2423 2144 διελέγετο
2453 2075 2570 2132 τοῖς
2631 2069 2940 2137 Ἰουδαί)ις’
2977 2072 3038 2129 οὐ
3089 2075 3195 2150 γάρ
3249 2072 3518 2148 ἠδύναντο
3548 2077 3814 2148 ἀτενίζειν

2151 2155 2228 2220 εἷς
2259 2153 2438 2214 αὐτόν.
2476 2157 2759 2224 Εῗσιόντος
2810 2157 2868 2216 δὲ
2919 2162 3058 2237 πρὸς
3117 2163 3317 2241 Κῦριον
3374 2173 3693 2243 περιῃρεῖτο
3751 2170 3817 2225 τὸ

2150 2245 2439 2322 κάλυμμα,
2470 2247 2652 2323 ὥσπερ
2708 2250 2799 2305 καὶ
2860 2257 2978 2314 τοῖς
3033 2255 3170 2308 κατά
3228 2256 3399 2327 σάρκα
3459 2258 3556 2329 μὶν
3595 2257 3815 2313 τόννό-

2157 2358 2260 2410 μον
2315 2336 2749 2411 ἀναγικώσκουσι
2804 2338 3076 2417 κάλυμμα
3158 2345 3474 2419 πωρώσεως
3543 2344 3813 2405 ἐπίκειται

2151 2431 2247 2483 τοῦ
2283 2431 2358 2501 μὴ
2392 2427 2686 2504 ἐπιγνῶναι
2714 2433 2813 2500 τήν
2839 2429 2995 2504 δόξαν
3035 2437 3130 2488 τοῦ
3169 2437 3431 2509 Χριστοῦ,
3461 2443 3577 2499 τοῖς
3630 2435 3687 2493 δὲ
3719 2436 3814 2495 διὰ

2150 2522 2248 2574 τοῦ
2305 2520 2616 2592 πνι·5ματος
2666 2520 2895 2577 ε’σιοῦσι
2955 2525 3036 2597 [Ρ.
3097 2527 3188 2600 77]
3242 2525 3306 2580 τὸ
3379 2525 3648 2600 κάλυμμα
3705 2534 3810 2597 τῆς

2151 2607 2369 2683 ἀγνοίας
2401 2608 2729 2690 ἀοαιρεῖται.
2762 2610 3018 2684 Ἀληθῶς
3049 2610 3106 2670 δὲ
3134 2616 3202 2669 τά
3248 2615 3469 2671 ὀπίσθια
3509 2621 3607 2673 τοῦ
3647 2622 3809 2688 Θεοῦ,

2146 2699 2248 2767 τήν
2276 2698 2546 2776 σάρκωσιν
2576 2705 2673 2757 τοῦ
2707 2703 3072 2777 Μονογενοῦς,
3101 2703 3187 2759 ἐπὶ
3220 2709 3318 2759 τοῦ
3357 2701 3642 2781 Θαὸωρίου
3694 2707 3810 2764 εἶδε

2149 2789 2392 2859 Μωυσῆς
2426 2790 2502 2851 ὡς
2531 2788 2618 2845 ἐπὶ
2641 2790 2810 2867 πέτρα
2839 2793 3108 2855 τεθεέςκαὶ
3141 2795 3549 2867 σκεπισθεὶςτῷ
3563 2797 3804 2871 Χριστῷ·

2145 2879 2562 2955 παρερχόμενον
2619 2876 2676 2935 δὲ
2732 2880 2783 2935 ἐν
2864 2879 2993 2957 δόξῃ
3054 2880 3193 2938 εἶδεν
3243 2882 3307 2939 οὐ
3381 2886 3604 2961 γυμνὸν,
3656 2883 3806 2942 ἀλλὰ

2146 2965 2555 3044 σεσαρκωμένον
2576 2969 2724 3027 Θεόν.

2215 3058 2337 3116 *Οτι
2368 3058 2421 3112 αἱ
2447 3059 2545 3133 μὲν
2573 3063 2786 3133 πρῶται
2815 3060 3021 3125 πλάκες
3053 3063 3204 3143 χειρὶ
3262 3067 3397 3119 Θεοῦ
3457 3061 3808 3135 λελάξευνται

2143 3144 2231 3201 καῖ
2262 3148 2619 3227 γεγράφαται,
2679 3147 2735 3205 αἰῖ
2795 3146 3143 3226 συντριϐῆναι
3187 3154 3665 3229 συγκεχώρηνται,
3717 3155 3804 3211 ὅτι

386 3247 566 3301 Erant
595 3245 751 3299 enim
789 3250 962 3316 typus
995 3243 1199 3315 prima:
1229 3259 1296 3298 ac
1326 3241 1602 3297 litteralis
1660 3242 1828 3315 legis,
1862 3243 2033 3299 sicuti

2149 3236 2317 3300 τ·5πος
2346 3239 2482 3307 ἦσαν
2514 3236 2673 3295 αῦται
2705 3243 2800 3294 τοῦ
2829 3241 3054 3314 πρώτου
3084 3241 3175 3297 καὶ
3208 3243 3346 3297 κατά
3374 3243 3435 3297 τὸ
3465 3244 3697 3319 γράμμα
3714 3244 3804 3300 νό-

382 3334 744 3408 posteriores
777 3350 923 3406 quas
964 3335 1151 3388 Moses
1201 3331 1421 3386 excidit
1476 3338 1653 3404 atque
1710 3332 2034 3404 inscripsit,

382 3425 764 3480 manifestum
797 3428 967 3479 erant.
994 3420 1329 3493 exemplum
1360 3421 1707 3495 posterioris
1763 3438 1830 3477 ac
1861 3423 2035 3493 spiri-

381 3514 558 3570 tualis
588 3514 734 3587 legis
788 3514 951 3569 Sicut
981 3520 1038 3567 et
1071 3513 1231 3585 prior
1289 3512 1567 3584 populus,
1621 3513 1721 3584 qui
1781 3512 2031 3570 vitulum

378 3604 679 3667 conﬂavit,
710 3603 887 3674 primi
920 3602 1123 3657 Israeli
1158 3602 1405 3675 figuram
1428 3602 1670 3675 gerebat
1703 3620 1714 3657 :
1750 3603 1950 3674 itaque
1981 3605 2031 3659 is

375 3695 465 3751 ira
521 3694 623 3749 Dei
683 3709 805 3749 una
860 3708 997 3748 cum
1054 3690 1302 3762 antiqua
1357 3691 1484 3764 lege
1526 3691 1783 3747 abolitus
1815 3698 1923 3747 est.
1957 3696 2033 3749 At

375 3782 631 3856 pepulus
663 3781 957 3854 posterior
986 3797 1200 3836 novum
1224 3797 1294 3836 ac
1317 3780 1717 3836 Christianum
1740 3782 2028 3838 Israelum

375 3872 704 3945 designavit
736 3888 749 3926 :
784 3872 983 3942 itaque
1007 3877 1064 3926 et
1094 3888 1129 3926 a
1157 3872 1311 3926 Mose
1342 3869 1512 3926 faciei
1543 3871 1859 3944 splendore
1890 3872 2024 3928 illu-

372 3967 556 4018 strato
589 3961 844 4034 populus
862 3961 1222 4033 posteriores
1244 3968 1585 4018 reverenter
1613 3963 1843 4035 accepit
1864 3964 2026 4021 tabu—

367 4052 479 4120 las,
513 4067 734 4124 easque
761 4051 822 4107 in
855 4066 990 4107 arca
1016 4050 1253 4108 fcederis
1284 4052 1575 4125 repositas
1605 4053 1867 4128 integras
1888 4072 2024 4112 con-

374 4141 644 4199 servavit.

440 4230 518 4285 De
550 4228 755 4285 bestiis
788 4228 848 4284 in
881 4228 1007 4298 lege
1039 4226 1114 4286 ad
1147 4228 1441 4287 sacriﬁcia
1475 4229 1667 4287 solida
1709 4237 1888 4305 atque
1947 4233 2022 4290 ad

368 4319 479 4376 alia
511 4318 803 4375 sacrificia
835 4323 1062 4374 tantum
1098 4317 1224 4386 bos,
1275 4319 1400 4374 ovis
1457 4325 1515 4376 et
1567 4319 1773 4376 haedus
1804 4321 2021 4378 admit-

370 4412 595 4475 tuntur,
626 4414 694 4463 ut
722 4405 1006 4463 animalia
1037 4412 1370 4476 mansueta,
1400 4423 1549 4479 pura
1570 4412 1628 4463 et
1652 4409 2019 4466 ovesChristi

367 4496 878 4569 reprmsentantia.
913 4497 995 4553 Ex
1026 4495 1364 4552 volucribus
1420 4502 1653 4555 tantum
1712 4504 1907 4555 turtur
1961 4506 2021 4557 et

364 4584 644 4642 columba
674 4584 749 4640 ad
779 4584 1136 4641 sacrificium
1188 4592 1245 4642 et
1301 4586 1752 4644 holocaustoma
1805 4588 2018 4645 admit-

364 4681 593 4741 tuntur,
621 4675 877 4731 alterum
907 4680 974 4731 ut
1003 4675 1291 4731 castitatis
1322 4692 1389 4732 ac
1421 4677 1658 4751 quietis,
1683 4678 1931 4737 alterum
1953 4688 2015 4738 ut

362 4764 453 4822 sui
512 4765 806 4840 eomparis
865 4770 923 4820 et
981 4765 1289 4824 hominum
1330 4782 1560 4837 amans,
1591 4773 1916 4841 utrumque
1947 4777 2013 4827 ut

360 4871 577 4927 purum
611 4860 669 4911 et
698 4854 1100 4927 impollutam,
1134 4872 1205 4913 ac
1234 4857 1629 4930 preprietatos
1676 4865 2015 4920 sanctarum

360 4945 699 5001 animarum
732 4944 840 5000 sub
873 4946 1133 5018 imagine
1163 4946 1451 5005 referens.

430 5037 469 5091 1
483 5036 579 5091 31
597 5038 752 5093 Mare
765 5036 1027 5094 Rubrum
1039 5036 1139 5094 alii
1157 5036 1217 5091 in
1230 5035 1545 5095 duodecim
1559 5046 1757 5110 partes
1773 5040 2014 5102 divisum

354 5126 540 5186 fuisse
575 5126 839 5194 tradunt,
870 5125 1024 5181 sicut
1055 5132 1114 5182 et
1146 5142 1397 5201 magnus
1429 5126 1531 5182 ille
1560 5129 2016 5203 Cbrysostomus

355 5216 541 5274 cuivis
569 5216 749 5272 tribui
781 5217 866 5273 ait
895 5214 1261 5288 peculiarem
1318 5216 1633 5274 transitum
1674 5217 2012 5291 praebitum.

354 5306 461 5363 Alii
494 5323 676 5364 unam
712 5312 942 5363 tantum
977 5306 1107 5378 ejus
1166 5305 1474 5369 ﬁssionem
1530 5315 1883 5380 agnoscunt,
1945 5329 2014 5369 eo

355 5394 514 5464 quod
569 5397 756 5454 Moses
789 5396 1032 5452 unicum
1066 5395 1248 5453 ictum
1308 5398 1457 5454 mari
1517 5396 1768 5455 dederit.
1826 5401 2011 5457 Israe-

354 5482 477 5539 litis
508 5484 579 5540 de
614 5485 758 5541 mari
794 5485 1046 5560 egressis
1078 5502 1241 5542 mare
1273 5503 1406 5545 rum
1441 5486 1668 5560 impetu
1697 5490 1756 5546 in
1780 5490 2012 5550 alveum

356 5571 597 5631 rediens
628 5577 926 5651 Aigyptios
964 5584 1207 5634 necatos
1257 5576 1404 5650 ipsis
1452 5576 1704 5650 obtulit;
1757 5598 2012 5655 quorum

366 5660 671 5733 cadavera,
704 5662 956 5742 spoliata
991 5665 1179 5738 prius,
1237 5666 1557 5728 acervatim
1612 5685 2014 5749 congessere;

2150 3347 2278 3399 μου,
2313 3324 2495 3398 ὣσπερ
2529 3329 2582 3383 αἱ
2615 3324 2858 3404 δεύτεραι
2886 3329 2946 3391 ἃς
2978 3332 3220 3396 Μωυσῆς
3241 3329 3492 3403 ἐλάξευσε
3520 3332 3609 3387 καὶ
3640 3328 3807 3411 ἔργα-

2140 3418 2229 3491 slis,
2256 3416 2428 3480 τόπος
2454 3417 2589 3486 ἦσαν
2620 3420 2792 3495 suc-ﬁ:
2857 3424 2954 3475 τοῦ
2997 3417 3247 3496 δευτέρου
3296 3421 3390 3476 καὶ
3420 3422 3558 3477 κατα
3587 3427 3802 3496 πνεῦμα

2137 3505 2327 3578 νόμου.
2359 3507 2561 3581 Ὠσπερ
2606 3506 2695 3562 καὶ
2730 3505 2864 3570 λαὸς
2922 3510 2950 3565 6
3009 3514 3230 3580 πρῶτος
3280 3512 3309 3567 6
3371 3516 3803 3592 μοσχοποιτςσας

2136 3596 2228 3653 τὸν
2252 3600 2465 3672 πρῶτον
2496 3595 2695 3652 ἐτῦπου
2726 3596 2976 3673 Ἰσραήλ,
3008 3596 3093 3655 διὸ
3123 3600 3215 3656 καὶ
3249 3599 3300 3655 ἐν
3335 3599 3478 3676 ὀργῇ
3511 3600 3645 3658 Θεοῦ
3701 3603 3802 3659 καὶ

2134 3685 2298 3747 αὐτὸς
2354 3684 2443 3740 καὶ
2494 3686 2523 3741 ὁ
2577 3684 2713 3762 πρὸς
2772 3686 2933 3742 αὐτὸν
2991 3686 3227 3751 παλαιὸς
3290 3687 3639 3760 διεσκεδάσθη
3698 3688 3800 3746 v6-

2138 3795 2260 3846 μος.
2285 3775 2342 3828 ’0
2374 3774 2504 3836 λαὸς
2535 3772 2595 3830 δὲ
2625 3776 2653 3829 6
2685 3773 2936 3851 δεύτερος
2958 3777 3049 3832 τὸν
3077 3777 3194 3833 νέον
3228 3778 3318 3833 καὶ
3366 3779 3506 3835 κατὰ
3559 3780 3803 3856 Χριστὸν

2132 3862 2392 3934 είκόνιζεν
2441 3861 2690 3940 Ἰσραὴλ,
2770 3861 2856 3921 διὸ
2911 3867 3002 3922 καὶ
3060 3865 3111 3923 ἒν
3176 3864 3304 3942 δόξῃ
3364 3871 3461 3923 τοῦ
3490 3870 3803 3945 προσώπου

2133 3954 2415 4016 Μωϋσὲως
2444 3953 2540 4017 τὰς
2572 3950 2825 4031 δευτέρας
2856 3950 3107 4018 εὐλαϐῶς
3169 3954 3493 4014 ὑπεδέδεκτο
3550 3954 3803 4028 πλάκας,

2127 4043 2217 4098 καὶ
2254 4043 2454 4106 ταύτας
2486 4044 2791 4122 ἀφθάρτους
2823 4043 2875 4100 ἐν
2898 4050 2967 4121 τῇ
2995 4049 3092 4101 τοῦ
3122 4047 3425 4122 μαρτυρίου
3455 4046 3805 4121 ἀποθέμενος

2127 4131 2357 4211 ἐφύλαξε
2387 4128 2630 4206 κιϐωτῷ.

2197 4224 2321 4281 Ὅτι
2352 4222 2460 4278 ἀπὸ
2483 4224 2579 4296 μὶν
2605 4229 2713 4279 τῶν
2742 4227 2958 4296 κτηνῶν
2992 4226 3022 4282 6
3054 4226 3210 4301 βοῦς,
3242 4228 3332 4284 καὶ
3364 4229 3429 4301 τὸ
3478 4223 3793 4305 πρόϐατον⁹

2125 4312 2298 4368 καὶτὸ
2327 4308 2589 4387 αἰγίδιον,
2648 4313 2725 4378 ὡς
2780 4312 2964 4389 ἥμερα
3020 4316 3112 4371 καὶ
3168 4319 3398 4391 καθαρὰ,
3456 4319 3548 4374 καὶ
3599 4319 3791 4376 εἰκόνα

2124 4407 2233 4460 τῶν
2265 4406 2364 4459 τοῦ
2394 4406 2634 4479 Χριστοῦ
2664 4409 2943 4462 τυποῦντα
2964 4402 3109 4481 προϐ
3125 4407 3282 4477 ὶτων,
3315 4407 3394 4472 εἷς
3450 4409 3635 4473 θυσίαν
3688 4411 3793 4467 καὶ

2125 4491 2499 4550 ὁλοκαύτωσιν
2532 4498 2612 4566 τῷ
2629 4494 2785 4570 νόμῳ
2814 4494 3322 4571 παρείληπται,ἀπὸ
3355 4495 3413 4556 δὲ
3435 4504 3540 4554 τῶν
3564 4502 3797 4572 πτηνῶν

2131 4583 2269 4656 μόνα
2296 4581 2517 4658 τρυγὼν
2553 4584 2638 4639 καὶ
2675 4586 2989 4660 περιστερά,
3024 4586 3084 4641 τὸ
3118 4587 3216 4661 μὲν
3244 4587 3321 4652 ὡς
3386 4586 3650 4665 φίλαγνον
3691 4593 3799 4647 καὶ

2126 4672 2465 4752 φιλήσυχον,
2495 4673 2559 4728 τὸ
2589 4669 2646 4729 δὲ
2676 4673 2752 4737 ὠς
2812 4672 3172 4754 φιλάλληλον
3232 4678 3320 4732 καὶ
3367 4677 3795 4756 φιλάνθρωπον,

2112 4760 2203 4816 καὶ
2234 4759 2400 4836 ἂμιρω
2427 4759 2501 4822 ὡς
2534 4761 2742 4836 καθαρὰ
2792 4762 2882 4817 καὶ
2932 4762 3159 4825 ἀκέραια
3208 4764 3300 4821 καὶ
3345 4765 3521 4841 ἁγίων
3579 4770 3792 4841 ψυχῶν

2129 4847 2407 4921 ἰδιότητας
2432 4849 2934 4927 χαρακτηρίζοντα,
2957 4852 3034 4914 εἷς
3068 4853 3252 4910 θυσίαν
3284 4855 3373 4911 καὶ
3404 4854 3795 4913 ὁλοκαύτωσιν

2125 4945 2205 5014 τῷ
2233 4939 2391 5014 νόμῳ
2417 4937 2712 5013 ἐξείλεκται
2742 4942 2832 4995 καὶ
2859 4939 3256 5016 παρείληπται.

2196 5030 2448 5100 ’Ότιτήν
2475 5029 2738 5104 Ἐρυθρὰν
2791 5030 2842 5085 οἱ
2904 5031 3000 5103 μὶν
3050 5032 3137 5095 ἐἷς
3194 5030 3407 5091 δώδεκα
3459 5034 3634 5108 τομάς
3692 5034 3796 5094 λέ.

2125 5140 2283 5195 γουσι
2343 5125 2601 5189 κοπῆναι,
2658 5120 2841 5183 καθὼς
2900 5121 2988 5177 καὶ
3048 5122 3077 5181 6
3137 5122 3304 5199 μέγας
3389 5120 3796 5201 Χρυσόστομος

2126 5210 2323 5286 ἑκάστῃ
2357 5207 2503 5288 φυλῇ
2536 5206 2684 5286 λέγει
2719 5205 2900 5265 δίοδον
2930 5207 3071 5267 ἰδίαν
3136 5215 3545 5289 παρεχομένην,
3612 5215 3663 5270 οἱ
3722 5213 3798 5276 δὶ

2124 5299 2200 5363 εἷς
2235 5300 2389 5376 μίαν,
2421 5295 2511 5355 διὰ
2538 5298 2601 5354 τὸ
2626 5299 2753 5373 μίαν
2784 5298 3006 5375 πληγὴν
3037 5302 3128 5359 τὸν
3162 5304 3406 5370 Μωυσῆν
3427 5309 3497 5381 τῇ
3528 5303 3788 5383 θαλάσσῃ

2124 5388 2435 5447 δεδωκέναι.
2483 5390 2609 5444 ’Ότι
2640 5392 2749 5443 τῶν
2773 5389 3132 5464 Ἰσραηλιτῶν
3183 5400 3284 5464 τῆς
3318 5392 3595 5463 θαλάσσης
3628 5391 3793 5466 ἐξελ-

2124 5481 2327 5536 Θόντων
2400 5475 2529 5541 τοὺς
2609 5475 2936 5553 Αἰγυπτίους
3008 5483 3041 5551 ἠ
3137 5481 3383 5540 θάλασσα
3468 5479 3798 5554 ἐκὸράσασπ

2121 5569 2345 5647 νεκροὺς
2402 5570 2592 5630 αὐτοῖς
2649 5566 3041 5643 παραδίδωσιν
3082 5573 3176 5633 οῦς
3231 5573 3323 5630 καὶ
3382 5571 3790 5641 σκυλεΐσαντις

2124 5660 2351 5738 βουνοὺς
2381 5657 2771 5732 πεποιήκασιν,
2801 5661 2891 5715 καὶ
2918 5662 2954 5732 ἡ
2995 5668 3065 5739 γῆ
3097 5665 3309 5742 χάνασα
3358 5663 3586 5727 τούτους
3642 5666 3746 5722 κατ
3765 5698 3790 5712 -
