4142 6426
507 314 618 377 171

573 448 871 504 Hactenus
926 446 1190 519 quinque
1247 444 1422 501 Mosis
1476 442 1615 499 libri
1673 438 2153 512 complectuntur
2181 439 2234 504 Α

499 539 813 595 historiam
842 543 1020 609 atque
1049 552 1145 592 res
1182 541 1377 609 gestas
1432 534 1504 590 ab
1562 533 1787 589 Adamo
1845 536 1937 587 ter
1987 529 2154 586 mille

501 629 980 702 octingentorum
1014 628 1319 699 sexaginta
1349 631 1578 697 septem
1608 638 1926 679 annorum.

570 718 638 773 In
669 716 852 771 divini
883 715 1149 787 mysterii
1182 714 1605 780 celebratione,
1637 711 1780 767 urbs
1823 714 2028 766 sancta
2082 707 2153 763 de

498 822 650 863 novo
683 822 835 878 pane
868 810 1137 861 sanctum
1170 803 1391 875 pascha
1420 803 1612 858 offert.

571 970 634 1023 In
659 972 861 1022 monte
889 965 1049 1021 Sinai
1072 966 1261 1020 Moses
1274 970 1409 1020 ante
1425 963 1632 1020 oculos
1653 962 2154 1019 vidituniversum

498 1074 649 1113 arca)
681 1063 1052 1129 apparatum,
1084 1056 1371 1111 amictum
1389 1053 1711 1127 pontiﬁcis,
1743 1060 1921 1124 atque
1952 1049 2157 1107 omnia

498 1146 570 1202 ad
591 1163 726 1203 eum
751 1145 1131 1217 pertinentia,
1158 1144 1584 1209 ﬁbulam,l39
1610 1142 1891 1198 tabellam
1906 1140 2153 1209 oraculi,

499 1252 630 1307 quaa
648 1235 945 1307 pendebat
958 1234 1031 1291 ad
1045 1240 1252 1306 pectus
1265 1232 1565 1304 pontiﬁcis
1580 1231 1820 1287 maximi
1841 1230 2156 1289 duodecim

497 1332 707 1382 ornata
735 1327 1007 1399 gemmis,
1043 1340 1299 1396 quarum
1338 1323 1567 1399 fulgore
1627 1320 1770 1392 quid
1830 1320 2155 1392 expediret,

496 1415 914 1471 obscuratione
945 1413 1091 1485 quid
1117 1412 1335 1469 damno
1366 1412 1520 1466 foret
1565 1408 2030 1483 signiﬁcabatur.
2067 1408 2151 1462 Ad

497 1521 703 1560 eorum
732 1503 1128 1560 imitationem
1160 1501 1417 1557 confecit
1445 1516 1646 1555 arcam
1677 1515 1812 1554 cum
1838 1497 2001 1553 omni
2063 1496 2154 1551 in-

500 1598 856 1648 strumento.
889 1594 1049 1649 Tunc
1081 1596 1139 1645 et
1169 1591 1398 1663 priores
1417 1589 1646 1660 accepit
1667 1587 1919 1653 tabulas,
1944 1586 2157 1642 Deum-

502 1702 616 1756 que
644 1684 870 1741 audivit
897 1700 1004 1756 per
1032 1684 1182 1738 iram
1215 1683 1341 1737 hinc
1371 1681 1668 1736 dicentem
1692 1697 1705 1735 :
1730 1703 1757 1730 «
1783 1680 2065 1735 Permitte
2090 1683 2156 1733 ut

498 1791 600 1829 eos
630 1774 883 1839 deleam,
917 1779 1094 1843 atque
1127 1790 1197 1827 ex
1236 1777 1292 1826 te
1323 1770 1540 1825 deinde
1577 1775 1817 1841 gentem
1876 1783 2153 1870 magnam
2185 1807 2230 1870 Β

494 1870 674 1934 atque
704 1867 1008 1934 potentem
1034 1876 1352 1933 propagem
1387 1861 1453 1914 ‘1.
1485 1882 1504 1908 ι
1538 1859 1652 1914 Sed
1680 1858 1873 1913 Moses
1904 1857 2028 1911 suis
2049 1855 2150 1911 de-

490 1951 938 2025 precationibus
972 1952 1121 2006 iram
1162 1950 1261 2005 Dei
1321 1947 1512 2004 leniit.
1546 1949 1691 2005 Cum
1749 1963 1783 2002 a
1814 1952 2015 2002 monte
2047 1945 2154 2001 de-

494 2041 848 2107 scendisset,
870 2039 1274 2111 vitulumigne
1290 2036 1618 2093 combussit
1637 2036 1816 2107 inque
1845 2034 2151 2107 pulverem

488 2131 749 2203 redegit:
772 2132 932 2185 hunc
948 2145 1103 2201 aqua
1118 2128 1419 2200 inspersit,
1439 2144 1570 2183 eam
1589 2127 1807 2199 populo
1830 2124 2152 2180 bibendam

491 2223 781 2280 exhibuit.
810 2224 1077 2295 Cumque
1107 2222 1267 2276 bello
1300 2220 1586 2276 intestino
1619 2221 1802 2275 Deum
1834 2218 2149 2291 placasset,

484 2330 693 2369 rursus
706 2313 906 2368 inedia
918 2310 1307 2384 quadraginta
1320 2310 1552 2366 dierum
1569 2308 1815 2365 tolerata
1828 2309 1888 2363 in
1904 2313 2153 2363 montem

488 2402 674 2458 evasit
701 2419 768 2457 ac
800 2401 1161 2473 posteriores
1195 2399 1426 2455 tabulas
1484 2398 1732 2470 accepit.
1770 2399 1931 2454 Tunc
1967 2397 2148 2453 etiam

488 2491 726 2547 Domini
761 2492 1133 2563 majestatem
1168 2489 1313 2543 vidit
1357 2490 1525 2543 rimas
1582 2488 1705 2544 saxi
1765 2487 2057 2554 assidens,
2091 2492 2148 2542 et

486 2581 666 2637 facies
693 2580 879 2653 ipsius
911 2580 1209 2635 illustrata
1249 2583 1357 2635 est.
1392 2580 1506 2634 Per
1555 2578 1887 2648 posteriora
1945 2583 2146 2633 autem

483 2672 587 2727 Dei
615 2670 949 2743 intelligere
982 2668 1163 2724 debes
1193 2669 1424 2724 divinas
1458 2667 1935 2739 dispensationes
1966 2674 2144 2738 atque

485 2760 847 2816 effectiones.
885 2761 997 2814 Per
1023 2775 1234 2815 saxum
1278 2757 1418 2813 ﬁdei
1451 2758 1796 2812 ﬁrmitatem
1825 2756 2143 2812 inconcus-

486 2866 633 2906 sam.
660 2848 767 2903 Per
788 2848 913 2904 saxi
940 2848 1156 2903 rimam
1188 2846 1323 2901 ﬁdei
1349 2846 1590 2902 oculum
1617 2863 1629 2902 :
1655 2862 1722 2902 eo
1748 2847 1910 2902 enim
1932 2846 2141 2913 Moses,

482 2944 539 2994 et
570 2938 673 3009 qui
696 2953 835 2993 eum
856 2937 1189 3007 imitantur,
1214 2936 1520 2992 inaccessa
1534 2941 1593 2993 et
1613 2936 1935 2992 invisibilia
1964 2936 2142 2991 attin-

485 3035 651 3101 gunt.
684 3029 796 3082 Per
851 3026 1123 3083 velamen
1154 3026 1636 3081 incredulitatem
1663 3043 1676 3081 :
1712 3025 1948 3098 quando
1981 3025 2142 3081 enim

490 3120 609 3173 Deo
641 3118 832 3174 credit
862 3118 1060 3180 homo,
1093 3123 1236 3173 tunc
1266 3117 1551 3182 aufertur,
1581 3123 1730 3172 teste
1759 3115 2041 3188 Apostolo
2073 3115 2139 3173 ".

490 3210 653 3264 Tunc
683 3209 863 3264 etiam
895 3224 1059 3263 aram
1090 3207 1415 3263 fabricatur
1444 3223 1623 3278 opera
1665 3206 2000 3273 Beseleelis,
2036 3204 2142 3259 ﬁlii

492 3298 715 3355 sororis
747 3314 868 3353 suae
896 3298 1111 3366 Mariae,
1145 3302 1205 3352 et
1242 3297 1372 3352 Oris
1404 3297 1534 3367 ejus
1565 3296 1666 3369 qui
1724 3313 1859 3352 cum
1915 3299 2148 3351 Aarone

493 3404 708 3444 manus
733 3387 910 3443 Mosis
928 3393 1136 3442 contra
1157 3386 1504 3441 Amalecum
1523 3385 1749 3441 orantis
1773 3385 2145 3441 sustentavit.

495 3480 687 3550 Opera
717 3475 1081 3533 tabernaculi
1111 3475 1383 3531 absoluta
1404 3481 1544 3531 sunt
1564 3482 1791 3546 septem
1806 3474 2143 3541 mensibus;

494 3570 673 3641 idque
701 3576 960 3625 erectum
996 3569 1160 3625 stetit
1189 3570 1343 3624 140
1375 3569 1567 3639 prima
1586 3569 1683 3623 die
1713 3568 1889 3640 primi
1921 3567 2145 3624 mensis

491 3659 739 3715 secundi
768 3659 841 3714 ab
876 3657 1034 3714 exitu
1064 3658 1401 3730 Egyptiaco
1433 3658 1599 3725 anni,
1626 3664 1696 3712 ut
1724 3656 1967 3727 quidem
1999 3657 2148 3711 Scri-

486 3755 662 3821 ptura
675 3748 851 3803 tertio
867 3747 1148 3819 libro,qui
1166 3753 1255 3802 est
1269 3747 1578 3816 Leviticus,
1593 3746 2141 3802 testatur.Secundo

485 3844 687 3894 autem
713 3854 917 3893 mense
950 3837 1133 3892 initus
1165 3842 1255 3892 est
1282 3837 1486 3909 populi
1518 3853 1825 3903 numerus,
1859 3837 2140 3908 censique

483 3944 520 3984 θ.
540 3928 741 4001 viginti
766 3945 953 3984 annos
977 3933 1114 3983 nato
1145 3933 1204 3983 et
1234 3944 1432 3998 supra,
1457 3932 1523 3981 ut
1554 3932 1643 3982 est
1662 3926 1723 3981 in
1744 3928 2140 3982 Numerorum

480 4017 635 4073 libro
656 4022 889 4089 quarto,
914 4017 1105 4073 millia
1126 4017 1228 4071 603
1257 4032 1324 4071 ac
1354 4019 1459 4070 550
1483 4016 1612 4083 viri,
1646 4015 1871 4087 absque
1904 4016 2136 4086 Levitis,

479 4107 580 4177 qui
617 4107 869 4162 seorsim
903 4106 1202 4161 numerati
1235 4104 1593 4177 deprehensi
1655 4111 1794 4161 sunt
1825 4108 1893 4160 22
1924 4106 2134 4162 millia.

474 4197 936 4269 Quadragesimo
967 4195 1039 4251 ab
1073 4196 1239 4251 exitu
1270 4212 1430 4251 anno
1472 4200 1743 4251 mortuus
1772 4202 1861 4252 est
1914 4199 2132 4263 Aaron,

472 4290 648 4340 natus
706 4301 894 4340 annos
955 4285 1076 4339 l23.
1111 4285 1176 4339 In
1208 4284 1339 4354 ejus
1382 4283 1574 4339 locum
1610 4284 1917 4339 substituit
1947 4287 2135 4340 Moses

472 4375 814 4430 Eleazarum
866 4373 1113 4429 Aaronis
1172 4372 1385 4428 ﬁlium.
1421 4374 1550 4444 Ipse
1585 4377 1773 4429 Moses
1816 4374 2133 4430 undecimo

472 4480 681 4519 mense
740 4462 1179 4534 quadragesimi
1237 4461 1309 4517 ab
1370 4462 1530 4517 exitu
1591 4463 1976 4527 anni,aetatis
2010 4481 2130 4518 suae

1867 302 2184 366 GEORGII
2227 301 2574 363 CEDRENI

3794 313 3898 372 173

2332 433 2479 499 Ἕως
2509 430 2616 490 ὧδε
2645 435 2681 504 ἡ
2740 427 3109 498 πεντάϐιϐλος
3161 432 3406 512 περιέχει
3456 436 3692 511 ἱστορίαν
3724 460 3779 495 τε
3807 445 3888 498 καέ

2258 528 2449 599 πρᾶξιν
2479 525 2586 581 ἀπὸ
2617 527 2714 581 τοῦ
2767 521 2955 598 ’Δδὰμ
3008 522 3142 580 ἐτῶν
3199 524 3527 601 τρισχιλίων
3578 528 3892 590 ὀκτακοσίων

2260 614 2687 686 ἓξηκονταεπτά.

2330 702 2452 758 *Οτι
2509 700 2617 757 ἀπὸ
2670 704 2769 756 τοῦ
2822 701 2946 757 νέου
3000 701 3153 758 σίτου
3206 701 3466 783 προφέρει
3499 706 3532 773 ἠ
3567 705 3691 781 ἁγία
3736 705 3890 772 πόλις

2258 790 2322 845 τὸ
2352 788 2504 863 arma
2558 789 2771 865 Πάσχα,
2830 791 2929 860 τὴν
2987 790 3302 868 προσφορὰν
3358 790 3411 847 ἐν
3466 797 3534 868 τῇ
3584 794 3697 865 θείᾳ
3739 817 3901 868 μυστ-

2261 877 2495 953 αγωγίᾳ.

2328 969 2454 1027 ’Ὁτι
2508 971 2609 1039 τὴν
2659 970 2995 1039 κατασκευὴν
3049 975 3151 1039 τῆς
3197 965 3438 1026 κιϐωτοῦ
3487 976 3655 1027 πᾶσαν
3695 974 3782 1029 καὶ
3811 977 3900 1045 τήν

2262 1056 2465 1126 στολὴν
2491 1061 2588 1113 τοῦ
2646 1057 2833 1132 ἱερέως
2877 1058 2967 1114 καὶ
3012 1063 3121 1114 τῶν
3168 1056 3222 1115 ἐν
3271 1059 3411 1133 αὐτῇ
3463 1061 3695 1129 πάντων,
3724 1069 3819 1132 τῆς
3849 1084 3901 1119 τε

2260 1147 2505 1221 πόρπης,
2535 1148 2653 1215 ἣτις
2683 1145 2794 1203 ἐστὶ
2841 1142 3012 1225 φίϐλα
3061 1149 3097 1217 ἢ
3155 1149 3382 1224 περόνη,
3414 1149 3505 1204 καὶ
3543 1155 3638 1205 τοῦ
3669 1149 3896 1226 λογείου,

2263 1236 2397 1312 ὅπερ
2436 1235 2610 1292 ἔκειτο
2641 1234 2728 1291 ἐπὶ
2758 1241 2858 1292 τοῦ
2917 1239 3150 1308 στήθους
3193 1241 3295 1292 τοῦ
3353 1238 3651 1314 ἀρχιερέως
3683 1237 3771 1295 διὰ
3799 1237 3901 1295 δώ.

2263 1322 2390 1379 δεκα
2422 1323 2617 1393 λίθων,
2647 1324 3021 1398 σημαινόντων
3057 1323 3147 1381 διὰ
3199 1327 3292 1400 μὶν
3338 1333 3439 1396 τῆς
3484 1326 3655 1402 αὐγῆς
3682 1327 3747 1383 τὰ
3771 1346 3900 1404 χρη-

2264 1414 2385 1481 στὰ,
2417 1410 2506 1468 διά
2533 1410 2589 1469 δὲ
2618 1421 2719 1483 τῆς
2747 1414 3167 1477 ἐπισκοτώσεως
3223 1416 3290 1469 τά
3348 1412 3520 1488 δεινά,
3579 1416 3654 1479 είς
3692 1416 3754 1471 τὸ
3782 1422 3903 1472 Σινᾶ

2263 1501 2390 1577 ὄρος
2460 1501 2901 1583 ὀφθαλμοφανῶς
2968 1502 3223 1559 ἐθεάσατο
3290 1509 3557 1575 Μωυσῆς,
3629 1504 3718 1559 καὶ
3779 1507 3901 1561 κατὰ

2262 1595 2428 1646 ταῦτα
2458 1588 2815 1665 ᾠκοδόμησεν
2846 1594 2947 1662 τήν
2996 1588 3237 1649 κιϐωτὸν
3290 1594 3378 1649 καὶ
3413 1594 3478 1649 τὰ
3511 1592 3561 1648 ἐν
3591 1593 3741 1668 αὐτῇ.
3777 1595 3899 1651 Τότε

2262 1681 2483 1743 καὶτὰς
2539 1680 2754 1744 πλάκας
2810 1683 2907 1745 τὰς
2964 1683 3185 1758 πρώτας
3245 1678 3433 1753 ἔλαϐε,
3489 1683 3581 1739 καὶ
3636 1687 3729 1739 τοῦ
3777 1686 3897 1738 Θεοῦ

2262 1771 2488 1841 ἤκουσεν
2523 1772 2881 1849 ὀργιζομένου
2909 1774 3000 1830 καὶ
3033 1774 3310 1849 λέγοντος.
3346 1801 3372 1825 ‹ι
3409 1774 3605 1831 ’Έασόν
3638 1794 3703 1847 με
3726 1772 3895 1844 ἐκτρῖ-

2261 1867 2356 1937 ψαι
2384 1862 2598 1936 αὐτοὺς,
2630 1866 2720 1919 καὶ
2769 1867 2988 1937 ποιήσω
3038 1886 3095 1920 σε
3142 1866 3219 1928 εἰς
3270 1860 3420 1928 ἔθνος
3452 1866 3589 1943 μέγα
3628 1865 3715 1921 καὶ
3748 1864 3897 1944 ἶσχυο

2262 1953 2378 2027 ρόν.
2415 1977 2444 2005 ››
2475 1952 2648 2016 Αὐτὸς
2680 1952 2738 2009 δὶ
2771 1953 2983 2026 δεηθείς
3012 1953 3302 2025 ἐξελάσατο
3323 1955 3419 2011 τὸν
3443 1956 3595 2027 Θεὸν,
3616 1954 3704 2010 καὶ
3725 1964 3898 2010 κατελι-

2259 2043 2367 2096 θὼν
2425 2044 2517 2098 τὸν
2582 2044 2676 2116 μὶν
2760 2040 2970 2120 μόσχον
3031 2043 3326 2100 κατέκαυσε
3410 2045 3565 2120 πυρὶ,
3640 2043 3728 2099 καὶ
3780 2064 3897 2099 κατι

2260 2129 2450 2200 ήλεσεν
2481 2129 2641 2186 αὑτὸν
2670 2129 2843 2187 λεπτὰ
2885 2132 2975 2187 καὶ
3031 2130 3273 2209 ἔσπειρεν
3330 2132 3422 2189 ἐπὶ
3451 2137 3549 2188 τοῦ
3581 2129 3790 2202 ὕδατος,
3818 2131 3897 2187 καί

2258 2218 2475 2275 ἐπότισε
2528 2220 2655 2284 τοὺς
2696 2221 2850 2287 υἱοὺς
2906 2221 3149 2298 Ἰσραήλ.
3201 2222 3307 2279 Καὶ
3366 2220 3625 2301 ἐμφυλίῳ
3682 2219 3897 2294 πολέμῳ

2256 2310 2348 2365 τὸν
2378 2311 2508 2365 Θεὸν
2570 2309 2963 2384 ἱλεωσάμενος,
3025 2314 3107 2386 [Ρ.
3143 2314 3232 2385 79]
3292 2311 3460 2368 πάλιν
3514 2310 3695 2387 ἐτέρας
3722 2330 3894 2366 τεσσα-

2258 2399 2487 2475 ράκοντα
2545 2399 2756 2476 ἡμέρας
2812 2401 3131 2472 νηστεύσας,
3192 2401 3392 2458 ἄνεισιν
3452 2401 3531 2465 εἷς
3578 2403 3637 2457 τὸ
3668 2401 3791 2477 ὄρος
3814 2398 3893 2456 καὶ

2254 2490 2350 2551 τὰς
2383 2487 2632 2566 δευτέρας
2690 2488 2903 2554 πλάκας
2964 2487 3254 2565 λαμϐάνει.
3316 2492 3459 2548 Τότε
3519 2489 3628 2547 εἶδε
3678 2491 3763 2546 καὶ
3803 2491 3893 2560 τήν

2257 2575 2412 2649 δόξαν
2446 2580 2652 2654 Κυρίου
2681 2598 2825 2654 παρα
2861 2585 2931 2655 τῇ
2984 2580 3094 2654 ὁπῇ
3153 2587 3252 2650 τῆς
3307 2579 3512 2656 πέτρας
3545 2579 3783 2650 καθίσας,
3810 2577 3891 2633 καὶ

2254 2666 2511 2739 ἐδοξάσθη
2564 2669 2626 2723 τὸ
2670 2670 2965 2743 πρόσωπον
3016 2669 3203 2726 αὐτοῦ.
3246 2670 3506 2734 Ὀπίσοια
3550 2667 3607 2725 δὲ
3636 2672 3763 2725 Θεοῦ
3787 2687 3886 2742 χρη

2253 2762 2393 2812 νοεῖν
2450 2758 2546 2821 τὰς
2601 2758 2743 2820 θείας
2803 2758 3120 2832 οἰκονομίας
3199 2760 3288 2814 καὶ
3372 2758 3659 2834 ἐνεργείας,
3710 2756 3887 2831 πέτραν

2254 2846 2310 2902 δὲ
2339 2854 2440 2917 τῆς
2492 2849 2730 2913 πίστεως
2756 2848 2819 2905 τὸ
2849 2847 3068 2924 στερρὸν
3123 2850 3214 2904 καὶ
3270 2847 3631 2924 ἀκράδαντον,
3682 2847 3813 2916 ὀπὴν
3844 2842 3893 2900 δὲ

2251 2944 2351 3006 τῆς
2384 2937 2581 3013 πέτρας
2639 2939 2730 2993 τὸν
2790 2944 2890 3009 τῆς
2947 2939 3183 3001 πίστεως
3241 2937 3532 3016 ὀφθαλμὸν
3593 2937 3704 3013 (διὰ
3748 2939 3894 2992 τοῦτο

2252 3025 2359 3102 γάρ
2415 3026 2466 3081 οἱ
2523 3027 2659 3082 κατὰ
2730 3026 2967 3084 Μωυσέα
3045 3029 3311 3102 θεωροῦσι
3379 3028 3456 3084 τὰ
3513 3027 3761 3103 ἀνέφικτα
3816 3022 3895 3080 καὶ

2254 3116 2497 3190 ἀθέατα),
2556 3116 2825 3190 κάλυμμα
2883 3115 2941 3172 δὲ
2996 3119 3096 3187 τὴν
3155 3116 3436 3173 ἀπιστίαν·
3497 3118 3657 3189 ἡνίκα
3686 3117 3785 3192 γὰρ
3813 3113 3899 3169 ἄν·

2258 3219 2476 3283 θρωπος
2533 3229 2795 3283 πιστευσῃ
2851 3208 2989 3284 πρὸς
3043 3209 3262 3285 Κύριον,
3321 3216 3685 3287 περιαιρεῖται
3724 3209 3783 3264 τὸ
3809 3204 3895 3263 κά·

2256 3296 2474 3370 λυμμα,
2507 3297 2579 3359 ὥς
2607 3319 2769 3376 φησιν
2826 3299 2854 3353 ὁ
2914 3297 3274 3362 Ἀπόστολος.
3335 3300 3477 3357 Τότε
3533 3299 3892 3366 κατασκευάζει

2253 3387 2342 3441 καὶ
2373 3387 2472 3455 τήν
2501 3384 2740 3443 κιϐωτὸν
2783 3385 2873 3443 διὰ
2902 3387 3176 3458 Βεζελειῇλ
3212 3390 3333 3444 υἱοῦ
3366 3390 3581 3466 Μαρίας
3610 3397 3708 3460 τῆς
3746 3383 3890 3442 ἀδελ-

2253 3483 2360 3554 φῆς
2416 3475 2716 3545 Μωυσέως,
2768 3478 2863 3533 καὶ
2917 3480 3019 3554 ’Ὡρ
3069 3483 3165 3533 τοῦ
3214 3481 3471 3542 συνόντος
3524 3480 3615 3535 καὶ
3671 3475 3887 3552 Ἀαρὼν,

2252 3566 2342 3623 ὅτε
2369 3566 2465 3629 τὰς
2497 3572 2689 3645 χεῖρας
2721 3566 2940 3643 ἀνεῖχον
2995 3570 3271 3633 Μωυσέως
3320 3572 3463 3626 κατὰ
3504 3574 3601 3627 τοῦ
3629 3565 3885 3642 Ἀμαλήκ.

2250 3655 2578 3727 Ἐτελειώοη
2613 3654 2671 3712 δὲ
2698 3659 2765 3712 τά
2803 3651 2936 3735 ἔργα
2982 3666 3081 3728 τῆς
3130 3666 3332 3730 σκηνῆς
3373 3659 3429 3714 ἐν
3458 3659 3591 3715 ἐπτα
3626 3658 3777 3732 μησὶ,
3806 3651 3886 3710 καὶ

2248 3749 2316 3819 τῇ
2374 3746 2568 3821 πρώτῃ
2629 3749 2812 3823 ἡμέρᾳ
2867 3752 2965 3803 τοῦ
3022 3749 3245 3822 πρώτου
3306 3750 3484 3821 μηνὸς
3528 3754 3625 3805 τοῦ
3656 3746 3887 3819 δευτέρου

2247 3829 2401 3899 ἔτους
2431 3844 2531 3906 τῆς
2559 3834 2745 3907 ἐξόδου
2798 3834 2948 3910 ἔστηο
3005 3838 3136 3913 ὅπερ
3186 3837 3277 3894 καὶ
3326 3842 3361 3908 ἡ
3413 3842 3601 3918 Γραφὴ
3648 3837 3890 3913 μαρτυρεῖ

2246 3926 2297 3981 ἐν
2325 3931 2394 4002 τῇ
2426 3928 2581 4004 τρίτῃ
2610 3933 2718 3984 τῶν
2750 3937 3043 3984 Λευίτικων
3075 3931 3209 4002 (75).
3242 3933 3334 4001 Τῷ
3394 3926 3454 3986 δὲ
3504 3928 3735 4004 δευτέρῳ
3767 3921 3890 3998 μηνὶ

2246 4012 2457 4090 ἐγένετο
2519 4018 2553 4085 ἡ
2611 4016 2962 4090 ἐξαρίθμησις
3021 4020 3119 4071 τοῦ
3177 4014 3340 4087 λαοῦ,
3398 4020 3494 4074 καὶ
3552 4018 3739 4092 εὑρέθη
3794 4010 3892 4067 ἀπὸ

2244 4104 2581 4167 εἰκοσαετοῦς
2610 4104 2700 4160 καὶ
2759 4104 2961 4173 ἐπάνω,
3020 4106 3201 4170 καθὼς
3234 4108 3269 4177 ἡ
3302 4108 3539 4183 τετάρτη
3576 4102 3769 4182 βίϐΛος
3794 4106 3894 4158 τῶν

2242 4193 2489 4269 ἀριθμῶν
2551 4192 2721 4269 λέγει,
2782 4191 3039 4270 μυριάδες
3084 4195 3347 4265 ἐξήκοντα
3401 4198 3495 4252 καὶ
3543 4197 3678 4273 γφν“,
3727 4190 3894 4269 χωρὶς

2239 4287 2347 4338 τῶν
2383 4286 2639 4338 Δευϊτῶν⁸
2674 4284 2726 4338 οἱ
2784 4280 2843 4339 δὶ
2901 4289 3120 4339 Λευῖται
3180 4283 3573 4361 ἆρίθμηοὲντες
3605 4284 3887 4358 εὑρέθησαν

2241 4370 2495 4451 χιλιάδες
2568 4373 2674 4444 κβ’.
2756 4373 2850 4445 Τῷ
2920 4378 3336 4448 τεσσαρακοστῷ
3391 4370 3501 4432 ἔτει
3558 4381 3659 4444 τῆς
3715 4368 3891 4442 ἐξόδου

2240 4461 2447 4534 Ἀαρὼν
2505 4460 2853 4533 ἐτελεύτησεν
2931 4469 3040 4540 ρκγ’
3094 4462 3248 4533 ἐτῶν,
3314 4463 3408 4518 καὶ
3469 4467 3714 4533 Μωυσῆς
3767 4478 3892 4535 προ-

469 4552 652 4608 vicesi
663 4569 832 4608 mosu
840 4569 945 4624 pra
956 4551 1343 4607 centesimum
1354 4550 1567 4619 ,fausta
1579 4558 1851 4621 precatus
1866 4553 2136 4609 universo

2257 4550 2545 4627 χειρίζεται
2578 4548 2841 4626 Ἐλεάζαρ
2887 4553 2977 4607 τὸν
3026 4553 3141 4607 υἱὸν
3194 4552 3431 4629 Ἀαρών.
3466 4555 3711 4621 Μωϋσης
3742 4548 3796 4605 δὲ
3822 4549 3893 4618 τῷ

467 4640 712 4714 populo,
737 4640 800 4695 in
824 4646 1090 4696 montem
1110 4640 1422 4696 Nabanum
1439 4639 1611 4708 (alias
1636 4640 1926 4712 Abarima)
1946 4643 2125 4698 situm

469 4731 528 4786 in
558 4730 820 4787 Moabico
844 4729 992 4798 solo,
1025 4729 1110 4785 cis
1139 4729 1481 4797 Iordanem,
1506 4744 1536 4784 e
1560 4729 1802 4798 regione
1823 4730 2128 4789 Jerichun-

538 4878 582 4914 ⁴¹
614 4875 797 4934 Exod.
829 4891 1006 4947 xxxii,
1042 4878 1127 4929 10.
1163 4875 1209 4910 ⁴²
1242 4874 1290 4931 ΙΙ
1324 4858 1453 4931 Cor.
1483 4891 1567 4941 Ill,
1603 4875 1691 4931 16.

2239 4650 2305 4697 ια’
2340 4641 2472 4715 μηνὶ
2502 4645 2598 4698 τοῦ
2633 4646 2689 4717 μ’
2723 4638 2876 4706 ἔτους
2907 4651 3008 4713 τῆς
3056 4641 3269 4713 ἐξόδου,
3321 4644 3601 4716 ἑκατοστῷ
3650 4641 3708 4698 δὲ
3750 4639 3894 4695 εἰκο-

2235 4736 2345 4805 στῷ
2402 4728 2509 4787 ἔτει
2567 4733 2667 4802 τῆς
2723 4737 2872 4804 ζωῆς
2929 4730 3117 4804 αὺτοῦ,
3196 4730 3509 4808 εὐλογήσας
3583 4734 3757 4789 πάντα
3807 4726 3893 4782 τὸν

1702 4992 2074 5051 XYLANDRI
2102 4993 2192 5053 ΕΤ
2224 4998 2443 5054 GOARI
2476 5000 2704 5055 ΝΟΤιΕ.

463 5111 842 5185 ruptissima;
867 5108 1022 5181 apud
1046 5112 1445 5185 qu_em_tam_en
1464 5111 1560 5185 est
1578 5124 1715 5185 eam
1741 5109 1884 5165 olim
1908 5110 2123 5166 Βαίσων

464 5179 638 5255 (forte
686 5182 874 5237 Βάσων
904 5179 1005 5237 aut
1041 5179 1252 5255 ΔΒίισίιιν)
1284 5196 1317 5234 a
1349 5179 1624 5255 Barbaris
1656 5187 1940 5255 vocatam.
1998 5185 2124 5239 Pli-

466 5251 603 5337 nius
632 5256 788 5337 v,_t8
849 5269 978 5309 eam
1026 5251 1098 5334 in
1156 5252 1442 5337 Qecapoli
1464 5251 1685 5337 ludam
1715 5252 1910 5337 vicina
1936 5257 2123 5337 ponit,

467 5327 669 5399 aitque
691 5328 916 5399 ,Nysam
949 5324 1115 5399 prius
1166 5324 1353 5380 fuisse
1386 5324 1605 5399 dictam
1650 5341 1684 5379 α
1709 5396 1722 5399 Α
1744 5324 1953 5381 Bacchi
2014 5324 2124 5385 nu;

466 5395 838 5477 trice.L_ibL_ll
859 5395 1120 5477 Machab.
1146 5412 1224 5451 x11
1242 5395 1465 5477 mentio
1489 5395 1554 5477 ﬁt
1570 5395 1920 5477 Sgytharqm
1938 5400 2124 5477 urbis,

468 5468 648 5541 hujus
678 5469 867 5540 ipsius
898 5468 1206 5533 nimirum,
1232 5466 1458 5541 dissitas
1482 5466 1562 5541 ab
1595 5466 2022 5541 Hierosolymis
2052 5473 2127 5529 ad

469 5539 843 5627 stadia
895 5542 977 5597 Ea
1030 5556 1170 5627 ergo
1226 5539 1586 5627 llasanfui-t
1614 5539 1761 5627 olim
1808 5539 2125 5627 regia

465 5611 604 5668 Vico
633 5611 977 5685 Josephum,
1005 5611 1290 5685 Antiquit.
1320 5628 1393 5682 ιν,
1426 5614 1479 5684 5,
1512 5615 1574 5668 et
1599 5612 1807 5670 confer
1836 5611 1975 5675 cum
1996 5611 2126 5676 hi3:

2236 5115 2412 5171 facile
2444 5115 2740 5188 intelliges
2772 5117 3175 5188 Scythopolim
3217 5133 3347 5173 esse
3378 5118 3693 5180 Basanem,
3727 5112 3893 5182 caput

2237 5188 2533 5262 Galadinaa
2564 5190 2653 5245 vel
2682 5189 3110 5262 iGaulonitidis.
3152 5190 3407 5262 Galilanas
3459 5189 3890 5262 imminentem.

2238 5260 2378 5332 Vide
2411 5266 2469 5315 et
2500 5278 2630 5332 quin
2662 5261 2733 5315 de
2765 5261 2874 5316 hac
2897 5261 3041 5317 urbe
3065 5262 3223 5317 infra
3248 5261 3556 5317 Cedrenus
3588 5261 3649 5314 in
3677 5259 3891 5332 Orestis

2236 5331 2436 5405 fabula
2466 5325 2666 5405 referti.
2703 5333 2816 5388 Sed
2846 5334 2971 5388 haec
2993 5333 3056 5390 in
3076 5332 3471 5405 Geographicis
3503 5329 3727 5388 nostris
3757 5325 3892 5381 ube-

2236 5403 2383 5466 rius,
2416 5405 2533 5459 Deo
2573 5404 2827 5476 volente.
2859 5405 2998 5461 XYL.
3193 5403 3202 5404 ί
3287 5403 3305 5405 ﬁ
3718 5474 3757 5476 ﬂ
3852 5465 3888 5476 ..

2309 5477 2420 5543 (75)
2449 5476 2626 5547 Atqui
2667 5475 2795 5533 hanc
2844 5493 2965 5534 non
3016 5477 3078 5535 in
3121 5478 3396 5550 Levitico,
3431 5476 3538 5534 sed
3567 5477 3685 5533 ﬁne
3717 5466 3891 5528 Exodi

2237 5546 2709 5621 leguntur.’XrL.
