4142 6424
317 292 431 353 H3

1480 287 2019 350 HISTORIARUM
2065 288 2604 357 COMPENDIUM.

3644 300 3761 360 174

323 424 474 494 λαὸν,
502 416 709 486 ἀναϐάς
738 420 818 485 είς
850 423 916 477 τὸ
948 419 1085 492 ὄρος
1128 415 1311 478 Ναϐὰν
1366 416 1492 490 ⁴ἔςτοι
1545 415 1844 496 Ἀμϐρεὶμ,
1875 420 1985 476 κεί-

2105 425 2198 493 tis,
2220 425 2457 496 subivit,
2492 428 2952 502 speculatusque
3014 431 3153 486 inde
3213 436 3431 487 terram
3484 431 3761 489 Israelico

328 536 491 592 μενον
540 512 593 571 ἰν
660 515 734 586 τῇ
794 506 1115 569 Μωαϐίτιδι
1159 509 1321 587 πέραν
1373 513 1471 565 τοῦ
1522 507 1803 586 Ἰορδάνου
1860 509 1999 567 κατὰ

327 606 625 682 πρόσωπον
688 602 914 678 Ἰεριχὼ
948 646 963 671 ,
1011 600 1102 656 καὶ
1158 599 1526 663 κατοπτεύσας
1592 602 1692 670 τὴν
1739 607 1841 675 γῆν
1896 602 1998 669 τὴν

329 692 717 772 ίπηγγελμὲνη
752 692 902 765 αὖτῷ
930 695 1013 763 τῷ
1070 687 1316 764 Ἰσραήλ,
1348 687 1690 759 ἐτελεύτησε,
1747 689 1841 745 καὶ
1899 689 1998 746 οὐκ

330 785 472 844 εἶδεν
504 783 685 845 οὐδεὶς
718 782 808 838 τὸν
840 781 1013 859 τάιρον
1052 781 1235 844 αὐτοῦ,
1270 777 1360 834 καὶ
1419 778 1524 835 οὐκ
1585 780 1994 856 ἠμαυρώθησαν

331 879 388 934 οἱ
421 872 709 955 οφθαλμοὶ
739 871 928 942 αὐτοῦ,
964 868 1095 927 οὐδὲ
1122 868 1429 955 ὶφθάρησαν
1458 868 1525 924 τά
1581 867 1748 944 χείλη
1808 869 1993 927 αὐτοῦ.

335 954 629 1040 ἐπείρεζε
660 962 717 1019 δὶ
776 962 935 1019 αὐτὸν
992 961 1022 1015 6
1082 954 1342 1023 διάϐολος
1398 957 1474 1020 ὡς
1531 959 1861 1032 ήματηκότα
1918 963 1997 1032 τῷ

334 1061 455 1129 Θεῷ
482 1052 811 1111 συνελκυσαι
842 1051 979 1126 μετὰ
1002 1055 1112 1105 τῶν
1168 1045 1538 1126 ἁμαρτωλῶν.
1596 1046 1752 1105 Ἀλλ’
1782 1048 1993 1126 ἀρχαγ.

328 1145 534 1224 γελικῇ
593 1140 921 1218 διεκροόσθη
980 1137 1127 1215 χειρῖ
1184 1137 1260 1203 ὡς
1315 1138 1594 1212 προπετὴς
1646 1137 1739 1193 καὶ
1796 1137 1995 1224 θρασὺς

328 1222 425 1291 καὶ
463 1239 574 1289 τῶν
601 1236 702 1289 τοῦ
746 1234 881 1287 Θεοῦ
936 1229 1114 1308 φίλων
1174 1225 1467 1301 δυσμενής.
1537 1224 1783 1302 Ἐγένετο
1816 1222 1873 1282 δὲ
1910 1247 1995 1282 νε-

327 1323 475 1401 φίλη
500 1322 596 1379 καὶ
656 1320 849 1383 πότος
904 1319 1043 1375 κατὰ
1097 1318 1191 1373 τὸν
1245 1316 1440 1386 τόπον,
1472 1319 1547 1379 ὡς
1583 1318 1659 1389 μή
1691 1313 1822 1371 ἰδεῖν
1873 1337 1996 1373 τινα

323 1418 436 1472 ποῦ
461 1409 640 1491 ὲτάφη
675 1411 942 1480 Μωϋσῆς,
970 1408 1152 1470 καθὼς
1177 1406 1446 1478 Ἰώσηπος
1478 1405 1707 1481 ἱστορεῖ.

398 1490 605 1561 Ἰστὲον
643 1499 729 1556 ὅτι
790 1499 859 1554 τά
914 1497 1074 1554 πέντε
1127 1490 1320 1571 βιϐλία
1373 1502 1474 1565 τῆς
1524 1492 1927 1571 ἀρχαιολογίας
1963 1497 1992 1552 6

322 1592 756 1668 μακαριώτατος
787 1586 838 1643 ἐν
868 1587 1011 1663 ἁγίῳ
1072 1585 1345 1659 Πνεῦματι
1408 1587 1649 1656 Mentiar};
1705 1584 1994 1655 ἀνετάζατο

317 1683 464 1740 κατὰ
543 1682 646 1751 τὴν
725 1673 985 1753 Ἐϐραῒδα
1070 1674 1346 1752 γλῶσσανο
1428 1674 1553 1745 ἥτις
1611 1675 1744 1748 μετὰ
1799 1675 1989 1746 ταῦτα,

2106 518 2325 590 pepulo
2350 519 2706 591 promissam
2734 520 2913 576 tinem
2944 521 3174 576 vivendi
3191 522 3538 578 fecit.Nemo
3571 522 3764 595 sepul-

2106 623 2273 662 crum
2308 609 2437 681 ejus
2460 610 2656 665 novit:
2682 610 2786 666 sed
2804 616 2863 665 et
2882 610 3129 665 viventis
3152 626 3347 682 neque
3366 610 3766 683 caligaverunt

2107 698 2262 752 oculi
2296 714 2489 770 neque
2532 699 2690 755 labia
2710 700 3605 762 marcuerunt,Tentavitautem
3624 716 3761 758 eum

2106 786 2583 855 diabolus,veluti
2606 805 2743 845 eum
2766 789 2866 861 qui
2879 789 3160 845 adversus
3180 790 3362 846 Deum
3386 789 3758 860 deliquisset,

2107 892 2297 948 eoque
2331 878 2566 934 trahere
2583 885 2832 934 conatus
2857 885 2946 935 est
2966 896 3085 951 quo
3103 879 3366 951 reliquos
3394 884 3757 951 peccatores.

2107 966 2321 1032 Sedis,
2381 974 2449 1022 ut
2506 969 2859 1024 temerarius
2915 968 3225 1040 audaxque
3286 969 3386 1025 Dei
3428 968 3760 1025 amicorum

2106 1056 2610 1132 hostis,principis
2631 1060 2979 1133 angelorum
3010 1077 3192 1116 manu
3218 1060 3566 1133 proﬂigatus
3584 1061 3657 1117 ab
3686 1076 3755 1116 eo

2104 1146 2471 1205 fuit.Nebula
2498 1156 2697 1205 autem
2731 1158 2791 1205 et
2820 1150 3007 1224 caligo
3038 1151 3195 1206 circa
3226 1167 3358 1206 eum
3410 1150 3610 1207 locum
3669 1155 3760 1207 est

2105 1236 2335 1305 oborta,
2369 1256 2444 1295 ne
2502 1240 2636 1311 quis
2693 1240 2890 1297 videre
2949 1246 3151 1313 posset
3207 1241 3309 1297 ubi
3365 1243 3552 1298 Moses
3585 1246 3758 1297 terrm

2105 1332 2263 1383 esset
2292 1328 2587 1385 conditus.
2619 1330 2708 1385 Ita
2733 1330 3029 1403 Josephus
3060 1336 3282 1387 narrat.

2176 1496 2335 1553 Scire
2395 1499 2671 1554 convenit
2727 1499 2991 1570 quinque
3049 1499 3421 1571 antiquitatis
3479 1499 3663 1555 libros
3723 1516 3757 1554 a

2102 1585 2447 1642 beatissimo
2479 1589 2634 1642 Mose
2680 1587 2932 1659 Spiritus
2982 1589 3171 1645 sancti
3232 1589 3518 1645 instinctu
3574 1589 3756 1644 fuisse

2103 1692 2378 1731 sermone
2396 1677 2757 1749 compositos
2781 1678 3066 1734 Hebraico
3091 1679 3222 1749 ;qui
3245 1678 3516 1751 sequenti
3532 1684 3755 1750 tempo-

320 1773 402 1836 ὡς
431 1773 524 1828 καὶ
563 1771 617 1826 αἱ
650 1768 865 1837 λοιπαὶ,
907 1764 1381 1861 εἰςῃῈλληνικήν
1422 1759 1748 1861 ’μετεϐλήθη
1806 1762 1985 1861 διάλεξ

2103 1781 2165 1819 re
2198 1781 2334 1820 cum
2366 1765 2613 1837 reliquis
2635 1766 2698 1820 in
2721 1767 2984 1823 Grazcam
3027 1767 3288 1840 linguam
3324 1773 3462 1823 sunt
3484 1767 3754 1824 conversi

318 1878 451 1913 κτον
526 1856 636 1912 ὑπὸ
729 1858 838 1909 τῶν
947 1846 1326 1922 ἑϐδομήκοντα
1421 1851 1812 1924 ὶρμηνευθεῖσα
1901 1849 1989 1907 ἐπὶ

326 1950 693 2024 Πτολεμαίου
747 1951 847 2003 τοῦ
931 1943 1308 2025 Φιλαδέλφου.
1386 1945 1489 2003 Καὶ
1540 1946 1577 2014 ἡ
1636 1945 1730 2017 μὲν
1780 1943 1993 2008 Γένεσις

328 2041 535 2104 ἄνωθεν
571 2039 666 2094 ἀπ’
723 2036 906 2113 ἀρχῆς
934 2038 1035 2106 τήν
1089 2036 1479 2111 κοσμογένειαν
1528 2037 1631 2106 τήν
1663 2055 1721 2091 τε
1748 2039 1845 2090 τοῦ
1898 2033 1993 2090 ἀν-

335 2132 558 2204 θρώπου
608 2126 840 2197 πλάσιν,
870 2129 934 2201 [Ρ
989 2128 1080 2200 80]
1109 2125 1201 2181 τόν
1264 2121 1673 2198 κατακλυσμὸν,
1729 2125 1829 2195 τήν
1879 2127 1988 2179 τῶν

344 2218 647 2294 Σοδομιτῶν
704 2215 1011 2285 ἀπώλειαν,
1070 2224 1171 2287 τήν
1229 2214 1281 2287 ἒξ
1336 2222 1519 2292 αρχῆς
1573 2214 1741 2290 μέχρι
1796 2212 1993 2279 τέλους

346 2314 456 2364 τῶι
509 2310 748 2384 πατέρων
805 2300 1084 2383 Ἀϐραὰμ,
1155 2304 1337 2362 Ἰσαὰκ
1392 2304 1483 2360 καὶ
1540 2298 1734 2360 Ἰακὼϐ
1795 2303 1987 2379 βίωσιν

325 2397 419 2453 καί
482 2396 790 2463 τελείωσιν,
859 2396 991 2458 τοὺς
1078 2392 1514 2471 χρηματισμοὺς
1595 2394 1686 2449 καὶ
1738 2393 1838 2462 τήν
1890 2395 1988 2448 τοῦ

318 2489 530 2565 Ἰωσὴφ
560 2487 612 2543 ἐν
644 2486 908 2562 Αίγύπτῳ
960 2484 1240 2561 βασιλείαν
1274 2485 1541 2559 περιέχει.
1578 2488 1643 2540 Ἡ
1674 2480 1732 2538 δὲ
1758 2480 1987 2556 ’Έξοδος

312 2579 421 2647 τήν
473 2580 575 2632 τοῦ
629 2575 853 2649 Ἰσραὴλ
935 2572 1184 2649 περιέχει
1262 2574 1526 2642 κάκωσιν,
1600 2571 1692 2627 καὶ
1736 2573 1838 2642 τὴν
1898 2568 1986 2626 διὰ

313 2665 602 2727 Ηωϋσὲως
661 2664 748 2721 ἐπὶ
824 2670 925 2734 τῆς
979 2664 1246 2738 Ἐρυθρᾶς
1292 2657 1563 2733 διάϐασιν,
1622 2661 1710 2716 καὶ
1771 2661 1871 2731 τήν
1932 2660 1984 2716 ἐν

311 2755 508 2831 ὲρέμῳ
554 2749 866 2831 διατριϐήν,
920 2752 1011 2808 καὶ
1066 2753 1167 2807 ’ὀσα
1217 2751 1684 2826 νομοθετούμενος
1736 2750 1988 2826 ἐπείρασε

314 2847 415 2902 τὸν
447 2845 604 2915 Θεὸν,
635 2844 727 2900 καὶ
754 2844 854 2913 τὴν
894 2843 995 2905 τὰς
1027 2844 1233 2913 σκηνῆς
1285 2843 1642 2912 κατασκευήν.
1701 2842 1773 2897 Τὸ
1824 2849 1986 2897 Λευῖ-

308 2936 471 2991 τικὸν
502 2936 606 3003 τὴν
632 2939 744 2990 τῶν
784 2937 985 2998 ουσιῶν
1046 2932 1309 3002 ποικίλην
1383 2928 1682 3007 παράδοσιν
1739 2932 1833 2987 καὶ
1888 2933 1986 3002 τήν

306 3030 425 3081 τῶν
481 3024 678 3099 ἱερέων
737 3020 1145 3096 διακόσμησιν.
1200 3022 1265 3076 Di
1327 3019 1580 3096 ’Δριθμοὶ
1637 3022 1738 3091 τήν
1798 3018 1986 3092 διττὴν

304 3114 603 3190 ἐπίσκεψιν
652 3111 749 3169 εἴτ’
817 3114 909 3169 οὗν
970 3111 1344 3188 ἀπαρίθμησιν
1402 3116 1511 3167 τῶν
1568 3112 1702 3166 υἱῶν
1760 3111 1982 3185 Ἰσραὴλ

305 3208 590 3281 περιεχει,
617 3204 717 3273 τὴν
754 3203 849 3277 μὶν
878 3202 1105 3277 πρώτην
1134 3201 1229 3256 ὺπὶ
1285 3205 1564 3264 Μωΰσὲως
1622 3202 1710 3257 καὶ
1766 3201 1979 3279 Ἀαρὼν

309 3293 455 3366 μετά
484 3293 586 3362 τήε
611 3286 794 3362 ἔξοδον
847 3288 1003 3354 εὐθὺς
1059 3287 1114 3345 ἐν
1160 3292 1240 3360 τῷ
1293 3282 1407 3364 ὄρει
1475 3291 1606 3359 Σινᾷ
1660 3290 1980 3365 γενομίνην,

302 3384 412 3452 τῆν
464 3380 523 3437 δὲ
584 3378 838 3455 δευτέραν
887 3379 977 3434 ἐπὶ
1036 3377 1314 3441 Μωϋσέως
1371 3377 1461 3433 καὶ
1513 3376 1799 3454 Ἐλεάζαρ,
1847 3378 1983 3452 μετὰ

309 3471 416 3539 τήν
448 3469 505 3525 ἐν
547 3467 949 3543 τεσσαράκοντα
998 3462 1170 3523 ἔτεσιν
1217 3464 1593 3540 πανωλεθρίαν
1654 3470 1763 3521 τῶν
1821 3468 1981 3542 πρώ-

309 3581 427 3614 των
458 3556 553 3615 διὰ
582 3559 682 3627 τὴν
710 3556 965 3612 ἀπιστίαν
998 3555 1195 3623 αὐτῶν,
1230 3553 1529 3632 γενομένην
1586 3552 1640 3609 ἐν
1691 3550 1979 3631 Ἀραϐαὼθ

313 3643 497 3706 Πωάϐ
536 3641 628 3702 ἕπὶ
686 3650 784 3702 τοῦ
823 3642 1100 3721 Ἰορδάνου
1155 3644 1291 3699 κατᾶ
1346 3645 1446 3713 τὴν
1507 3643 1745 3719 Ἰεριχώ.
1799 3646 1870 3700 Τὸ
1920 3640 1978 3699 δὲ

320 3748 755 3811 Δευτερονομιον
808 3735 982 3796 πάσας
1059 3733 1153 3795 τὰς
1207 3732 1259 3803 ἰξ
1318 3733 1497 3808 ἀρχῆς
1570 3732 1977 3812 μεγαλουργίας

311 3832 415 3883 τοῦ
475 3829 614 3883 θεοῦ
688 3824 854 3901 μέχρι
911 3823 1002 3879 καὶ
1081 3829 1181 3893 τῆς
1234 3826 1331 3878 τοῦ
1383 3820 1662 3884 Μωῦσέως
1716 3821 1976 3895 τελευτῆς

2100 1870 2133 1910 a
2173 1854 2547 1927 septuaginta
2589 1857 2736 1911 141
2801 1856 3231 1928 Interpretibus
3275 1856 3384 1912 sub
3430 1857 3752 1912 Ptolemaeo

2098 1942 2510 2014 Philadelpho.
2553 1946 2621 2000 Et
2649 1944 2804 2000 liber
2829 1944 3069 2018 quidem
3095 1947 3388 2001 Gencseos
3406 1945 3752 2017 complecti-

2100 2037 2195 2087 tur
2224 2031 2483 2088 abinitio
2514 2035 2830 2105 repetitam
2862 2035 3069 2090 mundi
3096 2034 3754 2103 creationem,hominis

2098 2121 2484 2191 efﬁctionem,
2516 2122 2828 2190 diluvium,
2891 2123 3337 2181 Sodommorum
3398 2124 3752 2189 interitum;

2098 2216 2226 2267 tum
2253 2212 2689 2279 natales,vitam
2716 2219 2895 2285 atque
2926 2213 3155 2269 obitum
3178 2214 3523 2282 Abrahami,
3548 2213 3752 2278 lsaaci,

2092 2302 2587 2373 Jacobi,oracula,
2621 2320 2869 2377 regnum
2898 2305 3138 2376 Iosephi
3163 2306 3225 2361 in
3278 2306 3543 2378 Egypto.
3601 2306 3753 2359 Exo-

2097 2390 2210 2447 dus
2230 2390 2675 2448 habetlsraelici
2718 2394 2921 2466 pepuli
2967 2393 3374 2463 afﬂictionem,
3403 2398 3461 2449 et
3483 2392 3753 2467 ejusdem

2096 2482 2252 2536 Mose
2272 2481 2421 2537 duce
2448 2498 2555 2554 per
2577 2482 2838 2539 Rubrum
2886 2499 3049 2539 mare
3102 2484 3439 2551 transitum,
3471 2484 3653 2539 vitam
3686 2483 3751 2540 in

2094 2569 2419 2625 solitudine
2439 2575 2654 2639 actam,
2674 2577 2860 2642 utque
2882 2572 3137 2649 populus
3155 2573 3282 2646 lege
3301 2579 3543 2645 accepta
3562 2572 3753 2628 Deum

2094 2660 2360 2727 tentarit,
2394 2677 2504 2715 nec
2534 2676 2653 2716 non
2688 2660 3053 2717 tabernaculi
3086 2666 3458 2733 apparatum.
3496 2660 3746 2716 Levitico
3792 2660 3803 2671 ’

2094 2750 2300 2807 insunt
2320 2753 2495 2808 variae
2520 2751 2591 2807 de
2643 2752 2952 2808 sacriﬁciis
2974 2753 3406 2825 praeceptiones
3436 2759 3495 2809 et
3550 2769 3750 2809 sacer-

2093 2840 2298 2896 dotum
2330 2841 2793 2898 administratio.
2827 2842 3065 2898 Numeri
3097 2842 3396 2915 duplicem
3426 2843 3629 2915 populi
3654 2859 3750 2899 re-

2091 2930 2493 3003 cognitionem
2526 2931 2645 2986 sive
2671 2932 3085 2988 recensioncm
3130 2933 3461 3001 continent,
3496 2949 3749 3004 quarum

2088 3020 2252 3092 prior
2274 3022 2471 3075 statim
2498 3020 2569 3076 ab
2604 3022 2766 3078 exitu
2796 3021 2953 3094 apud
2978 3022 3201 3079 Sinaim
3225 3028 3489 3079 montem
3548 3022 3751 3079 habita

2094 3108 2209 3165 fuit
2239 3128 2272 3165 a
2303 3112 2456 3165 Mose
2481 3116 2538 3165 et
2569 3113 2835 3180 Aarone;
2880 3113 3270 3185 posteriorem
3301 3128 3568 3181 censum,
3593 3113 3754 3185 prio-

2095 3197 2260 3254 ribus
2292 3215 2397 3272 per
2442 3199 2836 3273 quadraginta
2893 3218 3083 3257 annos
3138 3219 3258 3258 sua)
3318 3200 3756 3258 incredulitatis

2094 3287 2269 3361 culpa
2299 3305 2332 3343 a
2368 3294 2481 3344 Uco
2507 3288 2817 3346 occidione
2866 3288 3098 3354 deletis,
3123 3290 3298 3361 juxta
3354 3290 3756 3346 Arabaotham

2091 3377 2367 3433 Moabicm
2402 3378 2663 3451 regionis
2694 3379 2763 3433 ad
2793 3377 3109 3435 Jordanem
3135 3396 3322 3451 prope
3344 3379 3752 3438 Jerichuntem

2090 3469 2278 3523 Moses
2311 3473 2369 3523 ct
2399 3467 2712 3523 Eleazarus
2748 3473 3014 3541 egerunt.
3042 3468 3573 3525 Deutcronomium
3632 3485 3755 3524 om-

2089 3557 2190 3612 nia
2221 3557 2536 3631 magniﬁca
2560 3558 2659 3613 Dei
2687 3558 2843 3613 facta
2869 3564 2927 3613 et
2957 3558 3018 3613 in
3043 3558 3317 3614 Hebraeos
3357 3557 3651 3615 beneficia
3671 3555 3745 3614 ab

2089 3646 2260 3701 initio
2287 3662 2475 3718 usque
2510 3645 2584 3702 ad
2617 3652 2870 3702 mortem
2926 3646 3102 3703 Mosis
3155 3653 3450 3714 recenset,
3476 3648 3742 3719 itemque

2089 3739 2274 3791 totum
2308 3735 2636 3792 secundum
2660 3736 2976 3805 canticum,
3009 3753 3077 3793 ac
3119 3737 3381 3793 tribuum
3412 3737 3740 3810 principes,

2086 3829 2188 3900 qui
2213 3833 2428 3885 terram
2460 3828 2816 3900 promissam
2850 3834 3020 3886 erant
3051 3829 3450 3888 distributuri.

314 3916 620 3995 γενομένας
689 3913 765 3976 εἷς
822 3912 1022 3975 αὐτοὺς
1082 3911 1352 3988 περιέχει,
1405 3909 1551 3968 ἀλλὰ
1606 3913 1715 3986 μήν
1770 3912 1860 3968 καὶ
1916 3916 2016 3984 τήν
2078 3912 2325 3992 δευτέραν
2387 3914 2537 3989 ᾠδήν
2585 3922 2776 3988 πᾶσαν,
2835 3916 2926 3973 καὶ
2982 3916 3111 3980 τοὺς
3164 3917 3485 3995 φυλάρχους
3541 3919 3594 3973 οἳ
3652 3918 3745 3974 καὶ

312 4002 563 4079 ἔμελλον
588 4001 1101 4078 κατακληρονομεῖν
1129 4001 1231 4070 τήν
1260 4006 1362 4071 τῆς
1389 3998 1721 4077 ἐπαγγελίας
1747 4008 1871 4078 γῆν.

386 4093 718 4158 Διελθόντος
768 4089 827 4147 δὶ
882 4095 980 4147 τοῦ
1038 4086 1261 4165 Ἰσραὴλ
1320 4089 1412 4146 τὸν
1473 4086 1771 4166 Ἰορδάνην,
1829 4111 1982 4169 περι-

313 4183 563 4258 ετεμενὸ
604 4184 816 4253 Ἰησοῦς
871 4180 1048 4237 πάντα
1104 4182 1196 4235 τὸν
1256 4179 1388 4237 λαὸν
1444 4178 1745 4259 μαχαίραις
1794 4181 1985 4256 πετρι-

309 4294 455 4335 ναιςο
482 4274 559 4329 τά
593 4273 701 4348 γάρ
729 4270 782 4327 ἐν
811 4274 881 4346 τῇ
941 4269 1136 4346 ἐρήμῳ
1193 4270 1594 4346 τεσσαράκοντα
1648 4266 1742 4341 ἔτη
1805 4269 1981 4334 οὖδεῖς

309 4365 692 4440 περιετμήθη,
748 4364 839 4418 καὶ
896 4362 954 4416 οἱ
1007 4362 1260 4417 πλεῖστοι
1314 4364 1425 4416 τῶν
1488 4359 1752 4437 μαχίμων
1794 4361 1986 4439 ἀπερί-

310 4475 527 4528 τμητοι
558 4453 719 4523 ἦσαν·
765 4452 833 4508 τὸ
889 4448 947 4508 δὲ
998 4450 1195 4521 αἴτιον,
1253 4449 1339 4507 ὅτι
1396 4451 1594 4514 παντὸς
1651 4448 1986 4528 ἄλλο’(ενοῦς

317 4544 674 4621 χωρισμένοι
707 4540 899 4617 χρείαν
936 4543 1037 4608 τῆς
1064 4546 1371 4617 περιτομῆς
1402 4540 1501 4596 οὐκ
1558 4541 1729 4617 εἶχον.
1793 4539 1987 4604 Καλῶς

320 4636 428 4708 ἆρα
456 4632 677 4709 εἴρηται
709 4635 788 4703 τῷ
816 4630 948 4703 θείῳ
980 4627 1308 4703 Ἀποστόλῳ
1339 4629 1424 4685 ὅτι
1464 4627 1587 4686 οὔτε
1627 4632 1899 4704 περιτομή
1933 4651 1985 4686 τι

320 4723 506 4799 ἰσχύει
540 4721 668 4778 οὕτε
696 4715 1054 4795 ἀκροϐυστία,
1086 4718 1236 4775 ἀλλά
1270 4721 1506 4792 τήρησις
1566 4718 1825 4777 ἐντολῶν.
1889 4720 1987 4775 Καὶ

324 4819 594 4894 φαγόντος
624 4815 686 4871 ἐκ
723 4819 823 4870 τοῦ
875 4812 1000 4868 νέου
1030 4812 1181 4868 σίτου
1209 4815 1310 4867 τοῦ
1341 4810 1481 4868 λαοῦ
1511 4816 1580 4887 τῇ
1635 4810 1773 4885 αὐτῇ
1804 4807 1989 4885 ἡμέρᾳ

319 4903 529 4975 ἐξέλιπε
569 4904 635 4959 τὸ
670 4902 869 4977 μάννα.
904 4898 1043 4957 Τότε
1099 4901 1186 4954 καὶ
1247 4898 1339 4953 τὸν
1399 4897 1839 4974 ἀρχιστράτηγον
1881 4904 1990 4955 Μι-

326 4992 472 5071 χαὴλ
498 4991 636 5051 εἶδεν
672 4994 891 5063 Ἰησοῦς
923 4990 953 5045 6
979 4992 1080 5044 τοῦ
1111 4995 1264 5059 Ναυῆ
1301 4986 1378 5051 εἷς
1410 4989 1655 5063 Ἰεριχὼ.
1695 4984 1768 5042 δι’
1801 4985 1865 5043 οὗ
1896 4987 1987 5045 καὶ

326 5084 591 5162 παρεδόθη
665 5082 827 5153 αὖτῷ
884 5081 922 5150 ἡ
980 5077 1222 5157 Ἰεριχώ·
1302 5078 1438 5151 μετά
1490 5078 1603 5162 γάρ,
1677 5078 1892 5154 ἡμέρας
1945 5078 1993 5143 ς’

323 5160 856 5254 περιστοιχισάντων
918 5167 1089 5238 αὐτὴν
1180 5166 1315 5240 μετὰ
1368 5172 1468 5235 τῆς
1515 5160 1800 5233 κιϐωτοῦ,
1871 5165 1986 5222 ἐπεὶ

309 5249 597 5329 ἐσάλπισαν
644 5263 746 5322 καί
816 5253 1060 5327 ἐϐόησαν
1094 5257 1123 5311 6
1153 5255 1312 5324 λαὸς,
1360 5249 1551 5311 ἔπεσον
1611 5255 1894 5329 αὐτόματα
1922 5254 1992 5312 τὰ

2162 4097 2307 4151 Cum
2331 4096 2585 4168 populus
2610 4098 2925 4153 Israelicus
2944 4097 3262 4154 Iordanem
3286 4098 3531 4155 fluvium
3552 4103 3751 4155 trans-

2092 4185 2316 4251 ivisset,
2357 4186 2536 4241 Josua
2560 4202 2695 4241 cum
2713 4186 2920 4242 cultris
2942 4186 3135 4242 saxeis
3178 4187 3573 4243 circumcidit.
3604 4187 3752 4243 Nam

2095 4292 2202 4347 per
2227 4274 2619 4347 quadraginta
2652 4292 2865 4342 annos,
2898 4292 3047 4347 quos
3078 4275 3137 4330 in
3171 4275 3490 4332 solitudine
3550 4290 3754 4348 exegeo

2095 4369 2256 4433 runt,
2274 4381 2451 4419 nemo
2474 4364 2864 4421 circumcisus
2886 4364 3079 4421 fuerat
3103 4381 3117 4432 ;
3149 4382 3217 4422 ac
3244 4364 3518 4437 plerique
3549 4378 3757 4421 eorum

2097 4451 2199 4526 qui
2230 4453 2301 4510 ad
2334 4454 2486 4510 I42
2536 4453 2761 4510 bellum
2785 4454 2906 4527 apti
2928 4459 3118 4523 erant,
3153 4455 3556 4510 incircumcisi
3582 4470 3757 4511 man-

2096 4549 2314 4600 serant.
2351 4544 2539 4601 Causa
2580 4543 2689 4600 fuit
2722 4543 2879 4615 quod
2939 4545 3011 4600 ab
3072 4545 3351 4600 omnibus
3403 4543 3758 4616 alienigenis

2098 4633 2353 4705 separati
2386 4633 2538 4688 nihil
2559 4634 3016 4690 circumcisione
3067 4633 3434 4706 indigebant.
3468 4634 3761 4691 Praeclare

2097 4724 2297 4795 itaque
2315 4740 2346 4778 a
2377 4723 2577 4779 divino
2593 4723 2874 4796 Apostolo
2888 4725 2930 4759 ⁸³
2959 4723 3183 4780 dictum
3200 4731 3492 4796 estneque
3507 4725 3759 4781 circum-

2099 4813 2390 4868 cisionem
2423 4812 2731 4885 quidpiam
2764 4814 2959 4870 valere
3000 4831 3196 4884 neque
3243 4814 3626 4886 prmputium,
3658 4811 3764 4869 sed

2099 4906 2533 4973 praeceptorum
2562 4901 2662 4957 Dei
2685 4901 3314 4967 observationem.Quo
3344 4900 3439 4956 die
3453 4901 3619 4956 novis
3636 4900 3762 4955 fru-

2102 4991 2297 5046 ctibus
2314 4991 2571 5064 populus
2594 4993 2747 5047 vesci
2765 4993 2911 5064 ccepi
2924 4999 3037 5056 ι,ρο
3053 5008 3273 5047 manna
3288 4990 3689 5046 defecit.Tunc
3708 4992 3768 5044 et

2106 5079 2288 5136 divini
2324 5082 2618 5137 exercitus
2640 5081 2972 5154 principem
3017 5080 3367 5137 Michaclum
3389 5080 3569 5135 Josua
3610 5077 3764 5134 Jeri-

2103 5171 2322 5226 chunte
2353 5171 2516 5239 vidit,
2548 5171 2810 5243 urbsque
2854 5171 2964 5243 ipsi
2997 5169 3070 5226 ab
3104 5187 3170 5225 eo
3205 5169 3418 5224 tradita
3475 5173 3582 5223 est.
3619 5168 3766 5221 Cum

2105 5261 2266 5316 enim
2290 5260 2544 5333 populus
2575 5278 2704 5317 eam
2740 5278 2846 5333 per
2886 5277 2987 5315 sex
3046 5259 3173 5315 dies
3193 5257 3649 5325 circumivisset,
3683 5255 3767 5311 si-

2101 5350 2225 5406 mul
2249 5356 2476 5424 gestata
2498 5349 2736 5406 foederis
2759 5367 2918 5417 arca,
2959 5355 3347 5420 posteaquam
3404 5345 3563 5402 tubis
3620 5345 3770 5402 ceci-

291 5364 464 5446 τείχη,
525 5359 625 5418 καὶ
692 5347 976 5420 εἰσῆλθεν
1031 5344 1087 5446 εν
1128 5344 1265 5446 αότῇ
1290 5343 1574 5446 -Ἶσραήλ,
1631 5344 1729 5446 καὶ·
1781 5346 1987 5446 ὲσιράγη

2105 5441 2196 5497 nit
2216 5457 2284 5498 ac
2309 5440 2634 5499 clamorem
2666 5440 2929 5510 sustulit,
2956 5440 3179 5497 muenia
3200 5438 3365 5496 urbis
3412 5442 3770 5495 corruerunt

276 5430 609 5529 zicbdrlaéc
636 5452 761 5518 τῆς
826 5435 1064 5513 Ἰεριχὼ
1094 5436 1184 5491 καὶ
1242 5439 1345 5491 πᾶν
1402 5439 1564 5517 ζῶον,
1623 5433 1771 5506 πλὴν
1828 5430 1989 5493 Ῥάαϐ

313 5653 359 5691 ω
381 5650 413 5708 ι
440 5647 600 5707 σοι..
628 5648 750 5701 νη,
800 5624 903 5679 19.
