4142 6426
469 381 586 443 17:5
622 460 625 463 _

1792 367 2105 431 GEORGII
2154 367 2509 430 CEDRENI

3755 374 3866 432 176

464 515 842 590 populusque
857 511 920 569 in
942 527 1073 569 eam
1101 508 1362 567 intravit.
1397 505 1687 581 Oppidani
1711 503 2124 562 internecione

2240 506 2345 590 τῆς
2382 501 2594 590 πόρνης
2637 500 2729 557 καὶ
2780 502 2883 556 τοῦ
2930 496 3085 556 οἷ’κου
3146 500 3341 568 αὐτῆς.
3397 500 3540 557 Ἐκεῖ
3587 504 3675 558 καὶ
3730 506 3866 583 Ἀχα

469 606 651 664 deleti
672 609 811 661 sunt
826 621 963 661 cum
1002 601 1211 659 bestiis
1230 600 1372 667 suis,
1386 599 1516 655 sola
1534 596 1779 655 Rahaba
1808 594 2123 652 meretrice

470 701 531 753 et
549 695 680 768 ejus
699 693 926 750 familia
973 690 1312 764 superstite.
1346 690 1510 745 Tunc
1526 693 1586 743 et
1612 686 1892 742 Achanus
1909 682 2123 755 lapidi-

469 787 582 844 bus
594 803 730 843 cum
745 783 973 842 familia
991 798 1099 838 sua
1109 784 1423 853 coopertus
1444 776 1721 849 est,quod
1734 776 1805 833 de
1824 773 2025 847 praeda
2042 788 2130 830 es-

474 884 567 935 set
584 876 913 950 peculatus.
946 875 1106 928 Tunc
1128 870 1305 926 etiam
1328 867 1691 925 Gabaonitaa.
1724 865 1879 921 Evmi
1901 860 2124 936 posteri

475 984 545 1025 ac
566 964 1092 1038 reliqui,simulato
1116 978 1178 1017 se
1200 959 1587 1033 longinquam
1602 964 1823 1013 terram
1838 952 2124 1017 incolere,

473 1073 611 1115 cum
629 1058 806 1113 Josua
816 1049 1554 1124 fmduspepigeruntﬂuos
1567 1063 1703 1103 cum
1721 1043 2128 1101 deindeJosua

471 1145 864 1203 intellexisset
901 1141 1189 1199 finitimos
1238 1154 1388 1206 esse,
1423 1136 1716 1208 capitibus
1733 1133 1976 1206 quidem
2027 1147 2129 1188 eo-

468 1253 603 1293 rum
615 1230 1110 1308 pepercit,populi
1123 1236 1319 1287 tamen
1336 1225 1598 1283 lsraelici
1610 1225 1758 1281 lixas
1770 1222 2129 1291 calonesque

471 1342 601 1382 esse
606 1320 1286 1398 jussit.CumAmorrteis
1299 1334 1473 1390 porro
1488 1332 1756 1389 pugnans
1772 1313 1959 1370 solem
1972 1310 2130 1383 apud

470 1415 809 1472 Gabaonem
824 1412 1151 1483 lunamque
1172 1408 1247 1465 ad
1260 1407 1473 1463 vallem
1505 1405 1770 1461 Elomam
1805 1402 2130 1459 subsistere

460 1505 667 1579 jussit,
706 1504 848 1559 dum
896 1502 1100 1557 hostes
1158 1497 1554 1555 exscinderet.
1589 1497 1790 1567 Regna
1846 1494 1910 1548 in
1958 1506 2129 1547 suam

469 1598 827 1668 potestatem
843 1591 1071 1662 redegit
1088 1590 1268 1645 Josua
1296 1600 1547 1642 numero
1570 1586 1659 1649 29,
1681 1581 2052 1655 principatus
2074 1583 2128 1648 7,

473 1681 1081 1756 exceptaJerichunte
1113 1684 1171 1734 et
1199 1676 1401 1733 Getha.
1449 1673 1665 1730 Urbem
1723 1671 2130 1727 Jerichuntem

473 1775 653 1831 etiam
686 1771 1033 1828 Phoenicum
1062 1768 1273 1825 urbem
1303 1763 1858 1838 appellat,Cinnasos
1874 1758 2128 1833 posteri-

2231 586 2611 662 ἰλιθοϐοληθη
2649 591 2752 647 ὑπὸ
2800 593 2898 645 τοῦ
2952 587 3175 665 Ἰσραῆλ
3213 588 3306 651 ςὺν
3360 593 3487 646 πᾶσι
3546 597 3659 654 τοῖς
3712 595 3868 652 αὐτοῦ

2232 676 2324 734 διὰ
2371 680 2434 735 τὸ
2495 680 2809 756 ἀποκρύψαι
2865 681 3151 755 χρήματα.
3206 677 3346 735 Τότε
3395 678 3485 734 καὶ
3542 676 3867 740 Γαϐαωνῖτοι

2229 768 2321 824 καὶ
2353 769 2406 824 οἱ
2434 772 2530 823 τοῦ
2580 768 2779 826 Εὐαίου
2830 768 3006 823 καὶοὶ
3065 767 3279 839 λοιποὶ,
3338 769 3414 830 ὡς
3476 771 3732 843 μακρόθεν
3791 773 3869 827 οἱ·

2229 861 2469 928 κοῦντες,
2498 857 2639 933 πρὸς
2669 858 2880 928 Ἰησοῦν
2908 854 3143 920 σπονδὰς
3172 862 3481 913 ποιοῦνται·
3515 859 3608 922 οὓς
3634 856 3868 937 ἕπιγνοὺς

2232 946 2451 1023 ὕστερον
2507 943 2946 1026 πλησιοχώρους
3027 946 3293 1024 ὑπάρχειν
3348 954 3451 1017 τῆς
3516 949 3609 1020 μὲν
3668 951 3865 1025 αἰχμα-

2233 1034 2437 1099 λωσίας
2467 1037 2840 1112 συνεχώρησε,
2882 1034 3150 1093 διακονεῖν
3184 1036 3241 1092 δὲ
3269 1038 3361 1094 καὶ
3399 1040 3481 1112 [Ρ.
3522 1039 3611 1106 81]
3650 1038 3867 1116 ξυλοφο-

2236 1133 2344 1204 ρεῖν
2377 1133 2456 1202 τῷ
2487 1128 2607 1202 λαῷ
2643 1130 2958 1203 προσέταξε.
3012 1129 3156 1193 Τοὺς
3189 1126 3247 1185 δὲ
3304 1131 3670 1204 ’Δμορραίους
3714 1131 3873 1189 πολε-

2239 1222 2354 1293 μῶν
2382 1212 2572 1289 ἔστησε
2617 1219 2709 1274 τὸν
2766 1218 2928 1289 ἥλιον
2982 1220 3120 1275 κατὰ
3176 1216 3371 1275 Γαϐαὼ
3448 1220 3539 1275 καὶ
3594 1221 3726 1277 κατά
3780 1225 3870 1301 φά-

2234 1328 2408 1385 ραγγα
2453 1306 2649 1382 Ἐλὼμ
2701 1310 2802 1379 τὴν
2861 1308 3118 1381 σελήνην,
3176 1308 3283 1373 ἓως
3341 1308 3707 1383 ἐξεπολὲμησε
3755 1311 3873 1378 τοὺς

2236 1397 2491 1475 ἐχθροὺς.
2529 1402 2698 1453 Πᾶσαι
2748 1396 2806 1454 δὲ
2862 1397 2923 1463 ἃς
2972 1396 3277 1475 παρέλαϐεν
3313 1402 3522 1471 Ἰησοῦς
3579 1406 3675 1457 τοῦ
3732 1409 3870 1473 Ναυῆ

2236 1486 2516 1562 βασιλείας
2573 1488 2901 1545 εἷκοσιεννέα
2950 1490 3110 1561 ἦσαν,
3162 1491 3426 1566 ἐπαρχίαι
3487 1489 3544 1545 δὲ
3594 1491 3747 1563 ἔπτὰ,
3778 1494 3871 1549 πά-

2238 1576 2323 1652 ρεξ
2354 1580 2461 1631 τῶν
2504 1583 2605 1646 τῆς
2658 1578 2879 1654 Ἱεριχὼ
2936 1579 3161 1650 καὶτῆς
3221 1580 3339 1636 Γέθ.
3396 1582 3512 1650 Τὴν
3573 1577 3630 1635 δὲ
3668 1582 3873 1657 Ἱεριχὼ

2234 1662 2400 1719 πόλιν
2459 1665 2548 1721 καὶ
2615 1665 2891 1721 Φοινίκων
2949 1665 3115 1723 πόλιν
3166 1667 3444 1741 ὀνομάζει,
3498 1668 3770 1731 Κινναίους
3821 1668 3873 1725 δὲ

2235 1754 2363 1817 τοὺς
2394 1753 2695 1831 ἀπογόνους
2738 1757 2933 1831 Ἰοθόρ.
2996 1758 3169 1820 Οὗτος
3205 1758 3305 1826 τὴν
3366 1764 3467 1831 γῆν
3524 1766 3623 1825 τῆς
3662 1757 3874 1835 ἐπαγγε-

471 1868 657 1921 tatem
678 1861 953 1917 Iothoris.
980 1860 1159 1915 Josua
1189 1871 1327 1930 ergo
1359 1861 1581 1911 terram
1634 1851 1993 1924 promissam
2022 1849 2124 1903 Ju-

2238 1842 2362 1941 λίας
2392 1849 2511 1941 τῶν
2532 1841 2812 1901 Ἰουδαίων
2864 1840 3000 1901 ἔθνει
3060 1844 3304 1920 διανέμει
3363 1847 3439 1909 εἰς
3498 1846 3727 1923 κλῆρον.
3782 1856 3874 1906 Τε-

473 1954 641 2010 daico
673 1950 895 2024 populo
928 1948 1196 2005 tributim
1246 1944 1567 2002 distribuit.
1613 1943 1875 1997 Mortuus
1906 1944 1995 1995 est
2023 1955 2127 1994 an-

471 2060 581 2100 nos
634 2048 811 2098 natus
873 2042 994 2100 H0.
1043 2054 1179 2095 cum
1228 2037 1383 2092 148
1435 2034 1782 2090 Israelicum
1840 2028 2131 2101 populum

470 2148 662 2188 annos
691 2133 759 2185 27
790 2127 1062 2184 rexisset.
1099 2127 1388 2181 Humatus
1422 2128 1511 2178 est
1552 2117 2130 2177 Thamnathsarache

470 2221 533 2275 in
564 2214 1563 2289 montibusEphraimicis,cumque
1587 2227 1656 2266 eo
1678 2207 1898 2281 lapidei
1930 2204 2127 2261 cultri.

542 2309 608 2364 In
625 2307 865 2380 Argivos
887 2310 1019 2378 post
1041 2304 1329 2359 Inachum
1372 2301 1723 2356 Phoroneus
1746 2311 1993 2369 regnum
2025 2293 2130 2361 ob-

470 2399 673 2464 tinuit,
698 2414 765 2453 ac
794 2401 930 2469 post
949 2396 1106 2451 hunc
1136 2394 1339 2466 plures
1357 2392 1460 2448 alii
1481 2406 1672 2462 usque
1705 2388 1779 2444 ad
1812 2389 2127 2460 Lynceum,

473 2489 575 2561 qui
595 2490 796 2543 Danao
822 2485 947 2558 regi
975 2484 1202 2541 bellum
1229 2482 1452 2549 intulit,
1490 2496 1625 2537 eum
1649 2477 1885 2546 occidit,
1919 2491 2126 2548 regno-

474 2592 589 2648 que
621 2575 817 2647 potius
876 2573 1062 2631 ﬁliam
1124 2572 1254 2643 ejus
1308 2570 1822 2641 Clytaemnestram
1877 2579 2127 2619 uxorem

473 2664 660 2720 duxit.
693 2665 835 2719 Post
891 2663 1048 2717 hunc
1092 2660 1381 2732 Meriopas
1421 2673 1558 2713 cum
1613 2655 1879 2727 quinque
1937 2668 2128 2708 annos

475 2758 707 2810 tantum
737 2756 1066 2824 regnasset,
1092 2748 1346 2821 imperio
1388 2747 1642 2804 excidit:
1676 2750 1855 2816 atque
1912 2742 1998 2798 sic
2040 2758 2129 2797 re-

471 2860 655 2918 gnum
710 2842 1085 2915 Argivorum,
1143 2855 1279 2897 cum
1342 2840 1446 2892 549
1505 2852 1697 2893 annos
1726 2835 2020 2904 durasset,
2052 2830 2129 2886 ad

472 2934 778 3007 Sicyonios
810 2934 1043 2990 Graecos
1075 2930 1429 2988 translatum
1461 2932 1570 2984 est.

542 3125 719 3181 Mosis
751 3129 922 3181 aetate
954 3123 1197 3197 quidam
1220 3139 1468 3197 magnus
1526 3120 1613 3176 vir
1642 3122 1829 3193 Gyges
1858 3116 2124 3187 nomine,

472 3215 544 3271 de
569 3216 759 3287 Japeti
791 3215 996 3287 stirpe,
1029 3215 1281 3270 Atticam
1324 3213 1603 3285 indigena
1632 3211 1756 3284 ipse
1816 3229 1998 3286 regno
2036 3221 2128 3271 te-

469 3305 604 3361 nuit
632 3321 740 3377 per
766 3322 958 3361 annos
990 3306 1078 3360 32.
1112 3306 1193 3359 Eo
1224 3308 1513 3376 regnante
1567 3302 1852 3358 diluvium
1886 3304 1948 3359 in
1999 3304 2127 3360 sola

471 3396 666 3451 Attica
696 3395 943 3461 exstitit,
977 3410 1094 3466 quo
1118 3399 1177 3448 et
1206 3410 1308 3449 rex
1349 3393 1528 3465 periit
1559 3396 1617 3446 et
1647 3397 1771 3449 tota
1823 3410 1893 3448 ea
1939 3394 2124 3467 regio,

473 3501 605 3557 qum
636 3484 815 3541 etiam
847 3501 955 3556 per
981 3486 1087 3538 200
1118 3482 1398 3555 deinceps
1428 3499 1619 3539 annos
1650 3482 1876 3538 inculta
1914 3483 2125 3555 jacuit.

553 3655 676 3720 Quo
706 3658 975 3726 tempore
1005 3652 1318 3709 Israelicus
1348 3651 1606 3725 pepulus
1654 3668 1724 3707 ex
1768 3654 2008 3726 Egypto
2040 3658 2132 3710 est

482 3759 774 3816 egressus,
808 3742 1082 3798 Molossis
1103 3742 1383 3815 indigena
1403 3741 1668 3813 quidam,
1689 3741 1865 3797 Aides
1886 3743 2129 3799 nomine

479 3834 819 3907 (Plutonem
842 3832 1033 3888 Latini
1064 3834 1293 3903 vocant)
1322 3848 1456 3888 cum
1488 3848 1670 3887 uxore
1715 3848 1822 3887 sua
1849 3831 2133 3890 Melindia

477 3923 815 3994 imperavit.
846 3921 911 3977 Ei
944 3921 1065 3994 regi
1098 3921 1217 3977 ﬁlia
1267 3920 1396 3988 fuit,
1456 3920 1702 3975 nomine
1750 3921 2127 3994 Proserpina.

477 4014 662 4078 Quam
696 4029 833 4068 cum
872 4012 1173 4068 Pirithous
1203 4011 1358 4083 regis
1388 4009 1764 4066 consiliarius
1790 4016 2037 4078 amaret,
2071 4018 2132 4068 et

470 4118 610 4157 cum
638 4101 862 4174 virgine
892 4100 1222 4173 composita
1247 4104 1427 4155 noctu
1450 4115 1576 4155 eam
1600 4115 1808 4171 rapere
1848 4100 2125 4156 instituit.

465 4190 850 4263 Deprehenso
881 4189 995 4245 hoc
1027 4194 1245 4245 conatu
1264 4188 1437 4245 Pluto
1483 4204 1714 4258 canem,
1748 4206 1928 4260 quem
1962 4195 2126 4246 vasto

461 4297 710 4352 corpore
743 4284 803 4335 et
834 4295 1056 4335 smvum
1112 4278 1388 4343 habebat,
1416 4278 1825 4334 Tricerberum
1857 4280 2124 4347 nomine,

462 4370 609 4425 foris
643 4369 716 4424 ad
738 4369 993 4441 januam
1017 4367 1391 4439 Proserpina)
1421 4367 1553 4439 ipsa
1599 4368 1688 4422 rei
1746 4368 2126 4439 imprudente

462 4459 798 4515 constituit.
823 4460 910 4514 lta
948 4457 1279 4513 Pirithoum
1302 4461 1484 4513 noctu
1510 4472 1572 4511 se
1617 4456 1691 4512 ad
1733 4456 1899 4512 illam
1932 4458 2127 4515 confe-

460 4553 697 4604 rentem
729 4547 972 4604 adortus
995 4548 1163 4603 canis
1181 4545 1481 4602 interfecit
1504 4560 1518 4611 ;
1542 4550 1729 4617 atque
1763 4547 1955 4617 ipsam
1978 4564 2124 4619 quo-

2238 1933 2402 2005 λευτᾷ
2488 1932 2545 1989 δὲ
2601 1937 2765 2005 ζήσας
2823 1933 2915 2007 ἔτη
2978 1936 3163 1992 ἑκατὸν
3248 1934 3399 2001 δέκα,
3456 1939 3725 2012 κρατήσας
3785 1941 3873 1993 τοῦ

2237 2022 2459 2098 Ἰσραὴλ
2492 2017 2585 2095 ἕτη
2631 2023 2801 2081 εἶ’κοσι
2862 2024 3014 2084 ἑπτά.
3078 2025 3175 2081 Καὶ
3226 2021 3426 2100 ἔθαψαν
3472 2027 3636 2082 αὐτὸν
3691 2025 3740 2082 ἐν
3779 2035 3871 2084 Θα-

2238 2113 2584 2189 μναθσαράχ,
2617 2113 2669 2169 ἐν
2697 2119 2776 2187 τῷ
2830 2110 2945 2190 ὄρει
3004 2116 3264 2195 Ἐφραίμ,
3324 2116 3684 2191 συνθάψαντες
3734 2117 3872 2191 αὐτῷ

2233 2202 2323 2258 καὶ
2354 2204 2448 2265 τὰς
2474 2205 2728 2280 πετρίνας
2755 2206 3054 2281 μαχαίρας.

2305 2293 2427 2350 ’Ὁτι
2482 2297 2591 2348 τῶν
2631 2294 2891 2372 ’Λργείων
2933 2295 3069 2368 μετά
3128 2299 3348 2372 Ἴναχον
3398 2292 3715 2353 ἐϐασίλευσε
3770 2303 3868 2353 dm-

2233 2382 2458 2456 ρωνεὺς,
2489 2384 2577 2439 καὶ
2631 2382 2793 2439 ἄλλοι
2853 2381 2910 2439 δὲ
2965 2383 3189 2448 πλείους
3252 2388 3365 2459 μετ’
3427 2387 3586 2443 αὐτὸν
3636 2387 3738 2449 ἓως
3784 2392 3870 2443 τοῦ

2233 2471 2514 2546 Λυγκέως,
2546 2472 2606 2535 ὃς
2639 2478 2827 2544 Δαναῷ
2854 2473 3179 2549 πολεμήσας
3208 2481 3287 2549 τῷ
3330 2476 3569 2553 βασιλεῖ,
3622 2479 3709 2532 καὶ
3761 2483 3870 2533 τοῦ-

2231 2580 2323 2615 τον
2381 2559 2722 2634 ἀποκτείνας,
2795 2565 2895 2634 τήν
2968 2584 3026 2620 τε
3084 2564 3364 2640 βασιλείαν
3425 2567 3591 2623 αὐτοῦ
3639 2569 3726 2623 καὶ
3777 2570 3868 2638 τὴν

2233 2651 2502 2725 θυγατέρα
2551 2650 3039 2727 Κλυταιμνήστραν
3128 2658 3237 2726 (76)
3280 2649 3289 2661 ’
3332 2654 3409 2718 εἷς
3468 2662 3695 2734 γυναῖκα
3740 2678 3870 2733 παρ·

2232 2735 2414 2797 ἔλαϐε.
2451 2740 2603 2799 Μετά
2631 2745 2821 2797 τοῦτον
2857 2743 3141 2819 Μεριόπας
3188 2742 3349 2801 πέντε
3409 2745 3613 2818 μόνους
3653 2748 3873 2822 χρόνους

2235 2823 2642 2904 βεϐασιλευκὼς
2708 2830 2870 2895 αὐτὸς
2958 2832 3328 2904 καταλύεται,
3392 2837 3486 2891 καὶ
3544 2839 3578 2908 ἡ
3641 2836 3873 2912 βασιλεία

2229 2921 2336 2973 τῶν
2372 2918 2760 2994 Ἀργείωνέπί
2813 2927 2943 2999 φμθ¹
3002 2918 3095 2993 ἔτη
3157 2920 3487 3000 ὃιαρκέσασα
3540 2927 3615 2990 εἰς
3674 2933 3875 2982 Σικυω-

2230 3007 2377 3072 νίτας
2404 3007 2532 3071 τοὺς
2562 3006 2925 3074 Ἐλλαδικοὺς
2952 3014 3380 3085 μεταπεπτώκει.

2280 3098 2395 3192 “'Ev
2457 3095 2514 3192 es
2578 3106 2698 3165 τοῖς
2748 3100 2969 3192 χρόνοις
3028 3104 3305 3166 Μωῦσέως
3368 3104 3562 3183 γέγονέ
3614 3129 3697 3172 τις
3751 3108 3873 3183 dmi?

2234 3182 2424 3263 μέγας,
2458 3187 2519 3243 ἐκ
2543 3195 2643 3258 τῆς
2699 3188 2880 3267 φυλῆς
2947 3191 3147 3267 Ἰἀφεθ,
3200 3193 3259 3255 ὃς
3297 3182 3591 3271 αὐτόχθων
3649 3194 3720 3251 ὢν
3760 3182 3874 3251 ἐϐαέ-

2233 3278 2449 3333 σίλευσε
2475 3285 2574 3349 τῆς
2610 3280 2861 3350 Ἀττικῆς
2902 3275 2994 3351 ἔτη
3051 3279 3162 3356 λβ“.
3221 3284 3442 3357 Ὀνομα
3501 3291 3580 3358 τῷ
3612 3285 3754 3362 ἀνδρὶ
3783 3292 3873 3341 Γυ-

2231 3388 2353 3442 γης.
2410 3369 2530 3424 Ἐπ’
2588 3367 2753 3423 αύτοῦ
2803 3367 2997 3444 γὲγονε
3060 3374 3415 3447 κατακυσμὸς
3477 3375 3530 3430 ὲν
3562 3380 3632 3449 τῇ
3667 3377 3872 3448 Ἀττικῇ

2239 3458 2401 3533 μόνῃ·
2464 3459 2625 3521 αὐτός
2682 3479 2742 3514 τε
2798 3458 3052 3515 ἀπώλετο
3108 3462 3198 3516 καὶ
3263 3465 3296 3532 ἡ
3357 3465 3524 3541 χώρα
3581 3470 3744 3534 πᾶσα,
3793 3463 3874 3519 καὶ

2233 3542 2338 3609 ἕως
2370 3546 2504 3602 ἐτῶν
2532 3545 2824 3603 διακοσίων
2847 3541 3055 3623 ἔρημος
3084 3545 3310 3623 ἔμεινεν.

2309 3637 2395 3694 Ἐν
2423 3633 2480 3691 δὲ
2508 3641 2627 3699 τοῖς
2656 3642 2870 3712 καιροῖς
2927 3646 3027 3708 τῆς
3084 3638 3271 3710 ἐξόδου
3324 3646 3439 3699 τῶν
3488 3645 3621 3700 υἱῶν
3668 3641 3876 3719 Ἰσραὴλ

2235 3732 2334 3795 τῆς
2391 3727 2500 3781 τῶν
2573 3724 2877 3784 Μολοσσῶν
2940 3728 3128 3803 χώρας
3197 3730 3489 3805 αὐτόχθων
3540 3755 3643 3802 τις,
3703 3731 3879 3801 Ἀίδης

2238 3812 2431 3891 ὄνομα,
2494 3811 2899 3891 βεϐασιλευκὼς
2990 3821 3126 3891 μετά
3200 3819 3501 3887 Μελινδίας
3581 3831 3682 3894 τῆς
3735 3823 3887 3878 αὐτοῦ

2233 3907 2485 3983 γυναικὸς
2517 3904 2646 3982 ἔσχε
2687 3909 2952 3982 θυγατέρα
3013 3911 3113 3979 τήν
3165 3913 3536 3989 Περσεφόνην,
3590 3916 3657 3981 ἦς
3710 3909 3881 3984 Πειρί-

2235 3999 2360 4058 θους
2419 3997 2447 4051 ὁ
2498 3996 2664 4052 αὐτοῦ
2720 3995 3086 4071 συγκλητικὸς
3156 3997 3398 4074 ἐρασθεὶς
3458 4005 3598 4057 κατά
3649 4001 3879 4071 σύνταξιν

2234 4088 2403 4157 αὐτῆς
2487 4087 2720 4161 ἁρπάσαι
2814 4087 3016 4158 ταύτην
3073 4090 3266 4153 νυκτὸς
3320 4085 3635 4165 ἐϐουλήθη,
3716 4096 3874 4147 Τοῦτο

2234 4174 2397 4254 γνοὺς
2442 4173 2652 4247 Ἀἴδης,
2711 4175 2771 4230 ὃν
2831 4178 2952 4252 εἶχε
3005 4178 3140 4233 κύνα
3208 4178 3467 4256 μέγιστον
3531 4182 3621 4239 καὶ
3678 4179 3877 4259 ἄγριον,

2233 4259 2594 4341 Τρικὲρϐερον
2625 4262 3124 4339 ἐπονομαζόμενον,
3153 4265 3258 4338 ἔξω
3313 4269 3414 4335 τῆς
3471 4272 3641 4347 θύρας
3699 4268 3881 4342 ἔστησε

2234 4356 2574 4435 Περσεφόνης
2603 4352 2927 4429 ἀγνοούσης.
2962 4359 3074 4413 Τοῦ
3107 4355 3164 4412 δὲ
3210 4359 3467 4434 Πειρίθου
3525 4362 3664 4439 πρὸς
3722 4361 3878 4429 αὑτήν

2230 4445 2676 4523 παραγενομένου
2730 4445 2945 4516 νυκτὸς,
3005 4445 3322 4525 ἐφορμήσας
3372 4450 3402 4504 ὁ
3465 4450 3615 4507 κύων
3675 4449 3875 4506 ἀνεῖλεν

2232 4536 2420 4591 αὐτόν.
2448 4533 2777 4604 Ἐξελθοῦσα
2809 4531 2866 4589 δὲ
2895 4536 3034 4610 πρὸς
3062 4538 3162 4607 τήν
3220 4541 3475 4615 ταραχὴν
3519 4544 3554 4611 ἡ
3588 4542 3724 4617 κόρη
3798 4537 3878 4593 δι-

462 4655 577 4711 que
599 4639 1041 4711 Proserpinam,
1074 4640 1231 4694 144
1259 4653 1397 4693 eum
1442 4635 1516 4692 ad
1540 4636 1861 4692 tumultum
1911 4654 2113 4693 excur-

2237 4623 2552 4701 εσπᾶραιιται
2627 4623 2719 4679 καὶ
2795 4623 2929 4696 αὗτή
3002 4630 3084 4699 τῷ
3149 4627 3289 4686 κυνί.
3350 4630 3625 4687 Ἐντεῦθεν
3683 4631 3875 4706 ἐρῥηθη

456 4735 636 4799 reret,
674 4729 1006 4802 discerpsit.
1043 4728 1185 4785 Inde
1217 4732 1359 4785 nata
1384 4732 1477 4784 est
1503 4725 1724 4794 fabula,
1755 4728 1914 4799 quod
1937 4729 2109 4785 Pluto

457 4823 549 4887 (ea
576 4838 687 4877 vox
730 4820 963 4877 divitias
1004 4819 1113 4874 viri
1145 4819 1274 4892 ejus
1296 4818 1589 4890 designat)
1613 4817 1837 4890 virgine
1869 4819 2111 4875 Proser-

452 4909 596 4983 pina
619 4916 788 4983 rapta
806 4910 880 4967 ad
900 4910 1125 4967 inferos
1148 4908 1232 4981 (id
1249 4914 1340 4964 est
1360 4906 1433 4963 ad
1455 4906 1688 4979 Aidem)
1718 4910 2106 4965 concesserit.

522 5000 818 5074 IEgialeus
873 4999 1105 5072 primus
1146 4996 1397 5071 regnum
1454 4996 1515 5051 in
1564 4995 1871 5067 Sicyonios
1901 4999 2103 5070 gessit,

451 5109 641 5150 annos
671 5092 918 5146 52.Post
947 5090 1107 5144 hunc
1129 5086 1226 5143 alii
1270 5103 1440 5159 reges
1478 5086 1683 5156 viginti
1715 5102 1817 5141 sex
1866 5086 2108 5143 fuerunt

2223 4710 2678 4785 ὅτιὸΠλούτων,
2736 4714 2799 4768 τὸ
2852 4718 2949 4770 τοῦ
3008 4712 3200 4792 ἀνδρὸς
3259 4718 3492 4797 εὔπορον
3566 4719 3870 4796 σημαίνων,

2221 4805 2322 4875 τὴν
2349 4803 2520 4879 κόρην
2546 4803 2887 4882 Περσεφόνην
2919 4805 3164 4883 ἁρπάσας
3203 4806 3255 4870 ἐς
3288 4807 3427 4882 ᾅδην
3460 4811 3668 4888 ᾤχετο.

2289 4984 2409 5042 Ὃτι
2442 4983 2470 5039 ὁ
2506 4984 2801 5062 Αἰγιαλεὺς
2859 4992 3079 5062 πρῶτος
3134 4993 3485 5045 Σικυωνιτῶν
3545 4990 3879 5059 πεντήκοντα

2220 5070 2315 5128 δύο
2347 5070 2439 5145 ἔτη
2471 5075 2619 5149 ἦρξε·
2657 5078 2775 5151 μεθ’
2834 5077 2892 5133 ὅν
2935 5074 3100 5133 ἄλλοι
3154 5079 3235 5142 κς¹
3276 5075 3382 5143 ἕως
3441 5085 3542 5135 τοῦ
3603 5077 3878 5149 καλουμέ-

449 5199 639 5255 usque
669 5181 743 5239 ad
773 5181 1160 5252 Zeuxippum.
1198 5178 1301 5233 Hic
1322 5176 1611 5248 Sicyoniis
1640 5192 1830 5232 annos
1864 5177 2107 5250 triginta

2237 5184 2308 5219 νου
2339 5164 2659 5236 Ζευξίππου,
2692 5167 2752 5229 ὃς
2801 5160 2920 5230 ἕτὸς
2976 5161 3029 5222 ἕν
3088 5167 3178 5223 καὶ
3231 5169 3529 5243 τριάκοντα
3600 5164 3879 5225 ἐϐασίλευ-

448 5285 637 5328 unum
668 5266 1002 5342 imperavit.
1057 5264 1295 5321 Duravit
1321 5265 1433 5319 hoc
1470 5279 1720 5337 regnum
1754 5279 1943 5320 annos
1974 5266 2101 5322 980.

2216 5274 2301 5309 σεν
2335 5254 2387 5310 ἐν
2441 5255 2650 5320 αὐτοῖς.
2710 5257 2809 5312 Καὶ
2862 5255 3124 5334 κατέσχεν
3174 5258 3351 5316 αὐτῶν
3409 5261 3446 5330 ἡ
3496 5258 3748 5335 βασιλεία
3803 5252 3876 5311 ἔτι

2213 5342 2494 5401 ἒννακόσία
2532 5343 2887 5423 ὀγδοήκοντα.

1649 5486 2019 5545 XYLANDRI
2056 5489 2145 5544 ET
2184 5490 2403 5547 GOARI
2441 5492 2666 5548 ΝΟΤᾹΞ.

520 5619 633 5703 (76)
664 5618 862 5703 malim
881 5620 1428 5703 Hypermnes't‘ram.
1454 5613 1567 5703 sed
1588 5615 1716 5703 haec
1737 5613 2107 5703 omni‘aper-

453 5686 624 5764 sequi
654 5690 815 5762 nolo,
831 5707 901 5748 ex
916 5686 1107 5764 pdetis
1132 5695 1193 5747 et
1218 5689 1392 5746 libris
1419 5686 1495 5745 ad
1524 5702 1735 5744 eorum
1767 5686 2105 5762 intelligen-

2216 5618 2361 5701 tiam
2383 5618 2714 5701 parandam
2746 5618 2983 5693 scriptis
3034 5620 3361 5694 repetenda
3417 5620 3603 5693 inque
3655 5619 3876 5677 scholis

2216 5689 2351 5747 ideo
2377 5689 2540 5749 nota.
2571 5690 2715 5750 XrL.
