4142 6420
292 400 391 461 1Π

1338 482 1341 485 _
1445 404 2005 469 HISTORIARUM
2049 400 2569 466 COMPENDIUM

3620 405 3739 466 178

366 537 446 594 Τὰ
478 534 536 593 δὲ
565 533 764 594 δυτικᾶ
794 539 891 595 καὶ
922 540 993 598 τὰ
1015 541 1150 599 κατᾶ
1216 541 1452 601 Ἰτολίαν
1511 543 1650 619 μέρη
1708 543 1809 599 ὑπὸ
1853 546 1947 598 τῶι

2153 539 2513 614 Regionibus
2544 544 2750 597 autum
2782 538 2858 597 ad
2890 539 3035 597 solis
3062 556 3341 597 occasum
3360 540 3736 616 vergentibus

301 628 432 683 υἱῶν
458 628 628 684 Πίκου
660 634 764 684 τοῦ
792 631 887 685 καὶ
950 633 1074 696 Διὸς
1130 633 1562 711 ἐτοπαρχοῦντο.
1607 636 1694 691 Ἐν
1745 631 1802 689 δὶ
1847 639 1967 698 τοῖς

299 716 568 787 Ἕλλησιν
629 719 659 774 6
722 721 1056 797 Προμηθεὺς
1122 724 1209 798 [Ρ.
1297 726 1387 800 82)
1474 725 1562 780 καὶ
1629 722 1965 797 Ἐπιμηθεὺς

300 805 506 870 Ἀτλας
544 828 604 864 τε
633 808 719 864 καί
784 811 813 865 6
872 812 1158 884 πανόπτης
1215 814 1420 891 Ἀργος
1477 811 1859 889 ἐγνωρίζοντο,
1903 812 1962 869 δν

293 896 381 952 καὶ
410 896 931 977 ἐκατοντόφθαλμον
962 898 1053 956 διὰ
1104 902 1168 957 τὸ
1217 901 1622 972 ὀξυωπέστατον
1670 902 1758 959 καὶ
1807 901 1963 979 πὲρί-

294 982 533 1042 ϐλεπτον
568 988 706 1043 εἶναι
755 989 856 1058 τήν
917 986 1157 1045 διάνοιαν
1216 990 1469 1052 ἐκάλουν.
1533 994 1636 1051 Καὶ
1667 994 1695 1049 6
1731 995 1825 1069 μὲν
1857 996 1961 1051 Ἀ·-

290 1075 425 1139 τλας
476 1077 891 1153 ἀπρονομικὴν
958 1084 1146 1153 μετῄει
1206 1080 1540 1155 ἐπιστήμην,
1600 1080 1684 1139 διὸ
1739 1083 1962 1139 καὶτὸν

292 1167 521 1239 οὐρανὸν
583 1168 867 1243 βαστάζειν
928 1167 1088 1226 αὐτὸν
1177 1170 1566 1246 ἐμυθεύσαντο,
1631 1172 1962 1249 Προμηθεὺς

293 1254 351 1313 δὲ
390 1260 814 1334 γραμματικὴν,
847 1255 926 1322 ὥς
967 1280 1152 1337 φασιν,
1212 1259 1440 1337 ἐξεῧρεν.
1505 1263 1571 1321 Οἱ
1627 1260 1685 1318 δὲ
1737 1264 1959 1336 Ἀναξα-

291 1341 506 1423 γόρειοι
548 1346 916 1422 ἐρμηνεύουσι
944 1353 1070 1405 νοῦν
1104 1351 1197 1424 μὲν
1226 1349 1318 1406 τὸν
1358 1349 1476 1422 Δία,
1523 1353 1625 1423 τήν
1683 1348 1740 1409 δὶ
1792 1354 1957 1424 Ἀθη-

289 1442 383 1491 νᾶν
421 1438 654 1511 τέχνην.
688 1438 852 1496 ’Ὁθεν
883 1440 973 1495 καὶ
1005 1440 1090 1500 τὸ.

287 1557 511 1628 Χειρῶν
554 1551 882 1629 ὀλλυμένων
946 1555 1060 1632 (77)
1118 1551 1263 1634 ἔῤῥει
1320 1556 1636 1631 πολύμητιν
1695 1560 1954 1632 Ἀθήνηνο

281 1699 374 1754 τὸν
407 1697 469 1754 δὲ
509 1698 807 1776 Προμηθέα
870 1704 993 1756 νοῦν
1042 1696 1255 1779 ἔλεγον·
1297 1704 1611 1780 προμήθεια
1654 1702 1758 1782 γὰρ
1809 1705 1953 1761 ἐστιν

282 1789 603 1867 ἀνθρώποις
633 1791 661 1845 6
688 1795 835 1854 νοῦς.
872 1791 968 1850 Διὸ
996 1792 1087 1848 καὶ
1123 1794 1446 1867 μυθεύονται
1476 1794 1604 1859 τοὺς
1634 1796 1953 1872 ἀνθρώπους

290 1877 1076 1986 μεταπεπλάσῗαι,.δηλονότι
1119 1882 1225 1939 ἀπὸ
1284 1879 1553 1946 ἰδιωτείας
1601 1884 1678 1947 εἷς
1728 1890 1951 1961 γνῶσιν.
1984 1876 2039 1986 Β’

286 1968 632 2043 Ἐπιμηθεὺς
662 1966 722 2024 δὲ
749 1971 852 2039 τήν
886 1973 1156 2045 μουσικὴν
1190 1972 1390 2048 ἐξεῦρε,
1423 1978 1514 2029 καὶ
1549 1972 1857 2030 Δευκαλίων
1884 1975 1954 2030 τὰ

294 2059 417 2132 περὶ
445 2063 544 2114 τοῦ
573 2058 970 2133 κατακλυσμοῦ
1001 2067 1102 2130 τῆς
1131 2062 1383 2133 Ἀττικῆς
1412 2062 1723 2135 ἀνετάξατο.
1757 2066 1818 2123 Ὀ
1850 2065 1950 2123 Κέο

304 2153 443 2223 apud;
474 2146 531 2204 δὶ
556 2146 756 2227 διφυὴς
786 2150 1086 2225 ὠνομάσθη
1096 2197 1111 2223 ,
1143 2153 1179 2224 ἢ
1212 2149 1301 2208 διὰ
1325 2156 1500 2227 μῆκος
1521 2155 1841 2228 σώματοςίῖ
1864 2155 1946 2211 ὅτι

311 2238 600 2311 Αἰγύπτιος
653 2238 731 2294 ὥν
791 2241 888 2303 τὰς
943 2238 1040 2296 δύο
1121 2241 1372 2319 γλώσσας
1427 2244 1718 2315 ἠπίστατο.
1774 2245 1947 2309 Οὗτος

304 2328 435 2401 μετα
471 2329 555 2382 τὸν
614 2329 1007 2404 κατακλυσμὸν
1063 2338 1163 2402 τῆς
1215 2333 1471 2404 Ἀττικῆς
1532 2336 1773 2407 Ἀθηνῶν
1816 2332 1948 2392 ἐϐα-

292 2417 502 2473 σίλευσε
534 2419 774 2493 χρόνους
812 2421 873 2490 ν’,
923 2421 1016 2476 καὶ
1073 2423 1179 2477 ἀπὸ
1235 2431 1337 2493 τῆς
1402 2425 1629 2496 Ἀθηνᾶς
1686 2428 1785 2497 τὴν
1844 2428 1946 2482 πό-

286 2506 368 2563 λιν
427 2510 669 2580 Ἀθήνας
729 2510 1035 2585 ὠνόμασεν.
1098 2512 1220 2571 Ἐπὶ
1306 2516 1474 2572 αὐτοῦ
1531 2514 1584 2571 ἐν
1646 2521 1717 2591 τῇ
1778 2518 1948 2595 ἀκρο-

280 2597 445 2653 πόλει
488 2598 649 2655 ἐλαία
704 2602 943 2676 πρώτως
1002 2601 1159 2682 ἐφύη.
1220 2605 1359 2661 Ἀπὸ
1416 2606 1612 2662 τούτου
1670 2608 1948 2684 Κεκροπία

282 2692 316 2758 ἡ
347 2693 517 2768 χώρα
545 2694 768 2765 πρῶτον
810 2690 1048 2764 ἐκλήθη.
1099 2695 1271 2759 Οὗτος
1328 2701 1547 2772 πρῶτος
1600 2698 1727 2773 βοῦν
1786 2697 1949 2754 ἐθαύ-

283 2798 423 2850 μασε
472 2778 565 2833 καὶ
626 2782 768 2843 Ζῆνα
827 2783 1282 2858 προσηγόρευσεν.
1343 2785 1463 2841 Ἐπὶ
1517 2787 1714 2843 τούτου
1769 2788 1833 2843 τὸ
1891 2787 1942 2855 ἐν

283 2865 451 2940 Δήλῳ
511 2869 657 2943 ἱερὸν
716 2869 1074 2937 Ἀπόλλωνος
1129 2872 1336 2944 Δηλίου
1408 2876 1512 2932 ὑπὸ
1590 2877 1945 2953 Ἐριχθονίου

282 2957 406 3012 υῑοῦ
442 2957 728 3033 Κέκροπος
762 2956 1013 3036 ἱδρύνθη.
1054 2962 1229 3028 Οὗτος
1276 2967 1566 3040 νομοθετεῖ
1616 2968 1712 3030 τὰς
1765 2972 1947 3043 γυναῖ-

279 3066 379 3111 κας
405 3040 489 3102 ἔτι
542 3048 848 3123 παρθένους
907 3045 1070 3113 οὔσας
1128 3051 1204 3108 ἐνὶ
1262 3051 1417 3129 ἀνδρὶ
1473 3060 1553 3128 τῷ
1614 3040 1944 3131 βουλομένῳ

278 3141 597 3216 γαμεῖσθαι,
653 3140 747 3195 καὶ
808 3139 1001 3215 μηδενῖ
1062 3142 1221 3219 ἄλλῳ
1303 3143 1408 3209 ἕως
1465 3148 1693 3203 θανάτου
1768 3168 1937 3226 προσ-

280 3226 521 3305 ανὲχεινε
553 3226 659 3293 ἕως
687 3231 791 3308 γὰρ
842 3231 1008 3289 αὐτοῦ
1056 3230 1370 3314 ἀδιαφόρως
1429 3232 1588 3309 ἔζων,
1638 3240 1778 3315 πρὸς
1820 3261 1940 3296 και-

280 3316 372 3393 ρὸν
400 3320 727 3393 μιγνύμενοι
757 3322 849 3376 καὶ
889 3322 1042 3387 αὖθις
1099 3323 1190 3379 ’ὀτε
1249 3324 1546 3401 βούλονται
1603 3325 1938 3405 διαχωριζό-

282 3427 461 3481 μενοι,
494 3409 570 3471 ὡς
610 3407 822 3481 ἄδηλον
878 3412 1008 3467 εἶναι
1067 3414 1150 3477 τίς
1208 3413 1271 3471 ἂν
1331 3412 1418 3487 εἴη
1477 3414 1673 3473 τούτου
1729 3421 1935 3495 πατὴρ,

278 3501 499 3567 κτηνῶν
523 3499 730 3574 τρόπον
761 3500 1120 3577 νοθευομὲνου
1159 3508 1256 3559 τοῦ
1313 3504 1503 3581 γένους
1550 3510 1619 3582 τῇ
1670 3506 1938 3582 ἐπιμιξίᾳ.

279 3586 479 3665 Ἔλεγε
509 3587 613 3665 γὰρ
643 3589 781 3645 αὐτὸ
809 3588 987 3647 αἴτιον
1013 3594 1153 3648 εἶναι
1208 3598 1307 3649 τοῦ
1363 3595 1775 3670 κατακλυσμοῦ.
1837 3598 1941 3655 Καὶ

283 3678 399 3748 μετ’
430 3675 595 3732 αὐτὸν
640 3678 888 3753 Κραναὸς
944 3676 1289 3739 ἐϐασίλευσεν
1343 3678 1437 3757 ἔτη
1496 3684 1664 3745 ἐννέα.
1708 3687 1791 3743 ὅτι
1850 3688 1941 3743 καὶ

286 3768 497 3853 Σαπνρὼ
528 3765 565 3835 ἤ
595 3768 688 3823 καὶ
718 3770 913 3844 πρώτη
944 3777 1175 3829 Μουσῶν
1208 3772 1560 3849 ἆνηγόρευτο.
1602 3779 1738 3833 Εἶτα
1794 3783 1943 3853 Φορ-

279 3852 399 3918 νεέις
437 3857 531 3911 καί
570 3855 738 3913 ἄλλοι
773 3860 891 3934 μετ’
936 3861 1098 3917 αὐτὸν
1146 3860 1251 3926 ἓως
1312 3860 1527 3939 Κόδρου
1588 3852 1944 3941 βασιλεύσαν-

281 3958 381 4007 τος
438 3945 622 4001 αύτῶν
680 3941 775 4020 ἔτη
856 3949 959 4007 κα“.
1057 3951 1304 4026 Ἐκράτει
1390 3953 1488 4009 οὖν
1545 3956 1581 4024 ἡ
1640 3956 1944 4026 Ἀθηναίων

284 4034 542 4123 βασιλεία
570 4030 666 4108 ἔτη
693 4037 840 4116 υίιβζ
882 4037 1174 4097 Κάντεῦθεν
1219 4041 1495 4123 ἄρχοντας
1545 4040 1758 4101 δώδεκα
1805 4066 1945 4121 προ-

278 4120 612 4193 εϐάλλοντο,
646 4123 719 4181 δι’
748 4128 824 4182 ὧν
855 4129 893 4199 ἠ
923 4130 1042 4185 κατ’
1083 4120 1733 4208 αύτοὺςγνδιῳκονομεῖτο
1779 4120 1943 4191 πολι-

274 4213 415 4274 τεία.
476 4218 565 4273 Ἑν
622 4216 838 4280 τούτοις
894 4225 1013 4284 τοῖς
1068 4221 1333 4297 ἄρχουσιν
1410 4223 1721 4298 ἐνομοθέτει
1776 4226 1945 4297 Ἀθη-

276 4305 447 4360 ναίων
478 4310 701 4380 πρῶτος
742 4308 967 4384 Δράκων
1026 4309 1274 4384 ὀνόματι.
1333 4313 1469 4370 Μετ’
1521 4311 1682 4371 αὐτὸν
1745 4311 1802 4371 δὶ
1847 4316 1947 4372 Σό-

275 4393 512 4451 λωντοῦ
540 4398 847 4470 Δράκοντος
877 4397 1005 4461 τοὺς
1065 4400 1270 4475 νόμους
1317 4402 1523 4473 ηθὲτει.
1574 4406 1712 4461 Εἶτα
1760 4405 1948 4477 Θάλης

276 4485 306 4540 6
338 4485 629 4556 Μιλήσιος
662 4486 1025 4562 ἐθεσμοθέτει,
1057 4490 1149 4546 καὶ
1179 4489 1350 4549 πάλιν
1406 4492 1692 4570 Αἰσχύλος
1739 4516 1944 4571 τυραν-

271 4578 448 4647 νήσας
486 4571 611 4640 ἔτος
657 4574 713 4632 ἓν
772 4579 865 4635 καὶ
926 4586 1103 4653 μῆνας
1160 4583 1222 4653 ζ’.
1278 4585 1412 4640 Μεθ’
1467 4583 1526 4640 ὅν
1586 4581 1944 4659 Ἀλκιϐιάδης

2082 637 2141 688 et
2169 632 2354 687 Italiae
2378 631 2696 704 posteritas
2745 631 2867 687 Pici
2894 631 3051 687 Jovis
3084 648 3191 704 per
3219 631 3553 704 provincias
3581 651 3739 705 pras-

2072 721 2201 777 l'uit.
2226 722 2632 777 InterGrmcos
2660 726 2855 777 autem
2888 721 3282 777 innotuerunt
3320 723 3729 792 Prometheus,

2072 811 2479 883 Epimetbeus,
2512 810 2677 867 Atlas
2708 816 2769 865 et
2796 811 3140 867 acutissimo
3160 811 3292 867 visu
3312 811 3598 883 praeditus
3630 818 3735 868 Ar-

2073 918 2201 973 gus,
2226 900 2326 972 qui
2368 900 2441 955 ob
2498 899 3014 973 perspicacitatem
3069 900 3380 956 oculorum
3428 906 3606 973 atque
3638 901 3734 957 in-

2070 990 2227 1063 genii
2259 989 2711 1046 centumoculus
2743 995 2835 1045 est
2871 990 3224 1061 perhibitus.
3261 990 3422 1046 Atlas
3453 995 3729 1046 astrono-

2070 1080 2288 1136 micam
2322 1078 2593 1135 tractavit
2613 1079 2925 1135 scientiam
2950 1094 2964 1135 :
2991 1079 3191 1150 itaque
3214 1078 3462 1135 fabulati
3495 1084 3639 1136 sunt
3655 1079 3730 1136 ab

2071 1185 2140 1225 eo
2163 1169 2375 1225 caelum
2403 1168 3069 1239 gestari.Prometheum
3092 1169 3497 1242 grammaticas
3528 1169 3732 1227 inven-

2066 1266 2259 1319 torem
2289 1260 2472 1317 fuisse
2502 1259 2759 1317 tradunt.
2790 1260 3155 1334 Anaxagorei
3187 1278 3365 1334 porro
3383 1261 3726 1335 phi1030phi

2065 1352 2222 1409 Iovis
2252 1352 2495 1408 nomine
2536 1356 2823 1417 mentem,
2873 1352 3148 1408 Minervas
3196 1351 3477 1408 vocabulo
3534 1358 3726 1409 artem

2065 1442 2429 1515 intelligunt.
2465 1441 2627 1498 Unde
2659 1445 2749 1497 est
2777 1439 2968 1498 illud:

2192 1568 2258 1623 Et
2284 1567 2539 1623 manibus
2564 1582 2743 1623 cassus
2773 1569 3074 1638 sapientem
3104 1566 3339 1623 Pallada
3371 1568 3590 1639 quwrit.

2060 1710 2484 1766 Prometheum
2514 1714 2714 1765 autem
2756 1713 3021 1765 mentem
3052 1709 3571 1782 interpretantur:
3631 1713 3727 1765 est

2062 1799 2222 1856 enim
2244 1798 2588 1855 hominibus
2619 1814 2654 1855 a
2683 1804 2882 1855 mente
2903 1798 3244 1871 prudentia,
3271 1814 3451 1871 quam
3481 1816 3725 1872 prome-

2062 1889 2284 1947 theiam
2303 1888 2762 1945 dicunt.ldcirco
2780 1888 2961 1943 etiam
2982 1887 3328 1945 fabulantur
3347 1888 3421 1944 ab
3440 1904 3508 1944 eo
3531 1889 3723 1944 homi-

2061 1996 2169 2036 nes
2190 1978 2372 2035 fuisse
2394 1978 2865 2051 transfiguratos,
2896 1977 3183 2033 nimirum
3209 1977 3370 2049 quod
3416 1977 3597 2033 rudes
3645 1977 3724 2033 ad

2061 2068 2370 2125 scientiam
2400 2066 2731 2123 adduxerit.
2765 2068 3045 2124 Musicam
3069 2066 3721 2139 invenitEpimetheus:

2060 2157 2382 2215 Deucalion
2404 2156 2719 2213 historiam
2750 2155 2953 2211 diluvii
2999 2155 3176 2211 Attici
3206 2155 3582 2227 conscripsit.
3611 2156 3721 2210 Ce-

2060 2264 2301 2320 cropem
2332 2247 2633 2320 duplicem
2666 2262 2771 2302 seu
2801 2243 3031 2302 duabus
3060 2244 3292 2301 naturis
3344 2249 3717 2301 constantem

2059 2341 2211 2397 145
2239 2339 2537 2406 dixerunt,
2558 2337 2677 2393 sive
2708 2336 2782 2392 ob
2813 2335 3079 2408 corporis
3112 2335 3562 2407 proceritatem,
3596 2334 3719 2390 sive

2059 2428 2218 2500 quod
2235 2427 2533 2501 Egyptius
2566 2426 2757 2499 patria
2774 2432 3089 2497 utramque
3112 2427 3373 2499 linguam
3391 2425 3717 2481 calleret.Is

2058 2524 2193 2591 post
2216 2517 2505 2573 diluvium
2530 2517 2790 2571 Atticum
2811 2515 3060 2572 Athenis
3110 2517 3375 2588 regnavit
3403 2531 3592 2571 annos
3621 2518 3716 2583 50,

2057 2608 2391 2679 urbemque
2422 2607 2685 2661 Athenas
2706 2621 2741 2661 a
2768 2606 3039 2661 Minerva)
3062 2606 3263 2661 Grmco
3294 2605 3539 2661 nomine
3559 2621 3714 2660 nun-

2058 2698 2311 2771 cupavit.
2354 2698 2434 2752 Eo
2465 2700 2750 2769 regnante
2806 2694 3068 2767 primum
3126 2695 3187 2749 in
3245 2710 3379 2750 arce
3435 2694 3569 2750 olea
3622 2699 3716 2749 est

2059 2793 2253 2845 enata.
2287 2786 2370 2841 Ab
2413 2786 2543 2858 ipso
2602 2785 2762 2858 regio
2822 2783 3107 2856 Cecropia
3162 2788 3255 2839 est
3309 2782 3627 2856 appellata.
3659 2784 3715 2839 Is

2055 2879 2286 2952 primus
2315 2877 2525 2933 bovem
2557 2874 2885 2931 admiratus
2907 2879 2997 2929 est
3026 2881 3083 2929 et
3111 2875 3311 2929 Jovem
3334 2873 3715 2947 cognomina-

2054 2970 2156 3024 vit.
2205 2967 2348 3040 Ejus
2399 2969 2753 3037 tempestate
2804 2965 3009 3021 fanum
3068 2963 3371 3036 IApollinis
3430 2963 3580 3019 Delii
3653 2962 3718 3019 in

2056 3056 2252 3114 insula
2281 3054 2419 3111 Delo
2450 3054 2711 3128 positum
2771 3058 2863 3109 est
2904 3053 2977 3110 ab
3022 3053 3405 3109 Erichthonio
3436 3053 3720 3126 Cecropis

2055 3147 2200 3203 tilio.
2234 3147 2289 3200 Is
2318 3145 2509 3218 legem
2544 3142 2683 3200 tulit
2731 3143 2817 3200 uti
2876 3143 3133 3216 virgines
3190 3143 3292 3198 uni
3351 3142 3529 3198 alicui
3584 3143 3711 3198 viro

2052 3237 2275 3293 volenti
2306 3234 2827 3305 nuberent,neque
2858 3249 2929 3288 eo
2959 3232 3085 3288 vivo
3116 3248 3243 3288 rem
3274 3248 3411 3288 cum
3442 3230 3566 3287 ullo
3589 3232 3708 3288 alio

2066 3285 2275 3293 .--υ-η
2307 3285 2821 3305 -πμ---π---τη
2868 3285 2919 3288 _-
3283 3285 3409 3288 mh,
3453 3285 3557 3287 ν--
3594 3285 3697 3288 ψη

1973 3285 2018 3353 c
2046 3326 2355 3385 haberent.
2389 3326 2684 3380 Hactenus
2716 3322 2878 3378 enim
2909 3322 3251 3393 promiscuo
3273 3320 3595 3377 concubitu
3613 3322 3708 3377 usi

2046 3418 2304 3485 fuerant,
2332 3413 2578 3470 arbitrio
2632 3428 2741 3468 suo
2799 3412 2958 3467 inter
3014 3427 3075 3467 se
3121 3410 3316 3482 juncti
3374 3425 3702 3482 rursusque

2049 3506 2307 3579 separati
2336 3525 2352 3573 ;
2381 3521 2497 3576 quo
2515 3505 2737 3559 factum
2769 3507 2860 3559 est
2886 3507 2954 3557 ut
2997 3517 3175 3558 nemo
3232 3506 3464 3574 patrem
3522 3516 3699 3558 suum

2049 3597 2202 3655 scire
2231 3600 2453 3669 posset,
2484 3593 2716 3667 pecoris
2752 3592 2942 3647 instar
2986 3590 3221 3663 spurios
3249 3591 3701 3663 procreantibus

2050 3686 2565 3745 hominibus.Eam
2598 3699 2724 3739 rem
2755 3681 2854 3738 ille
2877 3696 3116 3737 causam
3134 3679 3354 3736 diluvio
3376 3680 3704 3753 przebuisse

2050 3776 2305 3834 dicebat.
2343 3774 2657 3830 Posthunc
2680 3773 2942 3828 Cranaus
2973 3770 3239 3843 regnavit
3277 3786 3467 3826 annos
3492 3773 3555 3836 9;
3587 3786 3705 3842 quo

2051 3873 2319 3941 tempore
2337 3865 2571 3937 Sappho
2602 3862 2768 3930 vixit,
2801 3878 2933 3933 qua:
2956 3862 3151 3933 prima
3199 3861 3500 3917 Musarum
3547 3860 3709 3917 dicta

2050 3957 2183 4014 fuit.
2210 3954 2510 4012 Successit
2555 3955 2779 4009 Cranao
2811 3952 3141 4019 Phorneus,
3174 3949 3393 4022 aliique
3424 3950 3708 4023 deinceps

2050 4062 2242 4118 usque
2274 4044 2350 4101 ad
2378 4041 2764 4114 Codrum,qui
2786 4057 3034 4114 regnum
3063 4056 3173 4112 per
3199 4056 3390 4096 annos
3418 4042 3479 4094 21
3505 4040 3708 4112 gessit.

2051 4137 2295 4195 Duravit
2322 4150 2572 4208 regnum
2621 4132 2985 4189 Atheniense
3041 4147 3234 4186 annos
3254 4133 3380 4186 492.
3403 4130 3548 4186 Inde
3579 4146 3708 4187 rem

2051 4228 2356 4303 publicam
2388 4241 2555 4283 suam
2580 4223 2869 4280 duodenis
2892 4221 3262 4295 principibus
3284 4221 3708 4278 administran-

2054 4319 2190 4375 dam
2247 4316 2644 4374 tradiderunt.
2694 4316 2777 4369 Ex
2835 4314 2929 4369 his
2993 4312 3224 4385 primus
3299 4311 3486 4367 Draco
3545 4309 3705 4385 leges

2053 4406 2517 4464 Atheniensibus
2547 4404 2763 4478 posuit,
2793 4420 2941 4476 quas
2972 4402 3101 4475 ejus
3157 4415 3469 4458 successor
3522 4400 3705 4458 Solon

2053 4498 2376 4572 abrogavit.
2407 4498 2547 4552 Post
2576 4496 2733 4551 hunc
2790 4494 2940 4551 alias
2970 4492 3182 4549 Thales
3228 4491 3490 4548 Milesius
3522 4491 3662 4547 tulit
3688 4507 3702 4559 ;

2053 4604 2415 4660 rursumque
2445 4585 2772 4658 AEIschylus,
2807 4599 2944 4640 cum
2980 4582 3042 4637 in
3072 4598 3200 4639 rem
3251 4580 3556 4655 publicam
3613 4587 3710 4655 ty-

273 4663 372 4737 ἔτη
406 4664 530 4737 δύο,
583 4669 708 4723 εἶτα
748 4667 915 4726 ἄλλοι
970 4672 1060 4742 ιη’,
1107 4671 1199 4728 καὶ
1254 4673 1406 4736 αὖθις
1464 4676 1500 4744 ἡ
1550 4674 1759 4732 τούτων
1811 4697 1943 4734 κατ-

2058 4678 2371 4735 rannidem
2404 4677 2702 4733 obtineret
2729 4690 2837 4747 per
2867 4689 3092 4729 annum
3124 4689 3193 4728 ac
3222 4676 3255 4727 7
3285 4688 3547 4728 menses.
3566 4673 3710 4728 Post

272 4753 450 4827 ελύθη
488 4757 766 4832 βασιλεία.
800 4760 888 4816 Ἐν
919 4759 1143 4825 ἐκείνοις
1171 4766 1290 4826 τοῖς
1319 4768 1533 4841 καιροῖς
1583 4764 1672 4821 καὶ
1725 4766 1776 4822 οἱ
1820 4786 1940 4842 κρι-

269 4847 365 4901 ταὶ
391 4848 578 4927 ἦρχον
609 4846 661 4902 ἐν
691 4848 832 4911 υἱοῖς
866 4849 1109 4924 Ἰσραήλ.

2054 4769 2213 4825 hunc
2243 4766 2581 4824 Alcibiades
2611 4764 2945 4830 biennium,
2977 4761 3192 4818 deinde
3214 4762 3313 4818 alii
3351 4762 3436 4833 l8,
3468 4777 3709 4819 rursus-

2055 4875 2170 4931 que
2192 4859 2402 4914 horam
2422 4872 2672 4929 regnum
2695 4852 2981 4911 abolitum
3002 4852 3158 4908 140
3185 4856 3294 4907 est.
3327 4853 3408 4907 Eo
3441 4856 3708 4925 tempore

263 4938 511 5010 judices
532 4939 755 5013 populo
784 4941 1060 5000 Israelico
1081 4944 1469 5016 prmfuerunt,
1502 4964 1651 5020 quos
1680 4953 1925 5022 propter
1943 4950 2282 5006 Grzecorum
2348 4945 2628 5003 historias
2676 4944 2875 4999 denuo
2931 4956 3401 4999 commemorare
3457 4941 3704 5013 placuit.

346 5029 476 5084 Τῶν
506 5031 714 5103 κριτῶν
744 5032 843 5084 τοῦ
892 5030 1116 5105 Ἰσραὴλ
1174 5030 1513 5108 ἐπανᾶληψις
1551 5031 1642 5090 διὰ
1691 5036 1789 5098 τὰς
1828 5039 1939 5091 τῶν

266 5115 563 5189 Ἑλλήνων
596 5116 863 5192 ἱστορίας.
897 5120 1050 5176 Μετὰ
1103 5119 1313 5193 Ἰησοῦν
1360 5127 1456 5179 τοῦ
1509 5125 1663 5193 Ναυῆ
1725 5124 1785 5180 ἐκ
1837 5132 1939 5196 τῆς

265 5205 451 5263 Ἰούδα
482 5209 574 5263 καὶ
606 5208 838 5282 Συμεὼν
867 5209 1048 5287 φυλῆς
1080 5214 1165 5286 [Ρ.
1202 5214 1294 5287 83]
1328 5218 1448 5278 τοῖς
1476 5212 1746 5285 ἀλλήλων
1779 5235 1938 5291 σχοι-

264 5298 524 5371 νίσμασιν
575 5298 678 5355 ἀνὰ
739 5298 907 5374 μέρος
967 5300 1316 5372 βοηθούντων
1355 5310 1577 5379 πρῶτος
1630 5303 1785 5378 ἄρξαι
1841 5310 1938 5362 τοῦ

268 5384 410 5443 λαοῦ
442 5386 662 5465 λέγεται
692 5383 882 5447 Χάλεϐ
911 5382 1008 5460 ἔτη
1042 5388 1109 5449 λ’.
1141 5392 1292 5448 Μετά
1335 5397 1498 5449 τοῦτο
1530 5394 1558 5449 6
1588 5391 1722 5457 λαὸς
1777 5391 1937 5450 εἰδώς

268 5472 396 5541 λοις
424 5478 728 5557 λατρεύσας
786 5474 1066 5534 ἐκδίδοται
1124 5476 1405 5538 δουλεύειν
1454 5487 1535 5557 τῷ
1582 5484 1939 5559 Χουσαρθὼμ

2120 5036 2784 5094 JudicumHebraiorum
2798 5039 3067 5105 tempora
3086 5047 3221 5088 cum
3234 5030 3449 5089 Graicis
3465 5029 3704 5087 collata.

2052 5127 2283 5183 Mortuo
2299 5125 2651 5182 Josualudai
2692 5123 3056 5180 etSimeonis
3089 5120 3499 5178 tribusmutua
3534 5118 3706 5175 auxi-

2049 5217 2133 5273 lia
2145 5216 2498 5290 junxerunt.
2532 5214 2769 5270 Primus
2815 5212 3033 5286 populo
3077 5211 3195 5267 dux
3215 5210 3397 5266 fuisse
3426 5214 3707 5267 narratur

2050 5306 2322 5372 Calebus,
2365 5322 2554 5363 annos
2586 5307 2673 5361 30.
2707 5302 2849 5359 Inde
2885 5300 3142 5374 populus
3190 5299 3525 5355 simulacris
3554 5299 3708 5357 divi-

2049 5414 2197 5453 num
2227 5394 2566 5452 exhibendo
2597 5394 2825 5451 cultum
2867 5389 3107 5458 meruit,
3155 5393 3222 5445 ut
3271 5388 3706 5447 Chusarthomo

2047 5485 2390 5558 Syria),qua3
2423 5489 2513 5541 est
2550 5480 2989 5555 Mesopotamia,
3034 5478 3157 5552 regi
3211 5478 3557 5536 servitutem
3585 5496 3706 5536 ser-

1459 5612 1820 5672 XYLANDRI
1874 5612 1964 5669 ΕΤ
2014 5610 2232 5667 GOARI
2286 5610 2510 5667 ΝΟΤᾸΞ.

343 5728 450 5801 (77)
479 5728 635 5787 Nihil
663 5725 891 5798 habeo,
924 5727 997 5781 ut
1019 5739 1209 5801 neque
1242 5728 1315 5787 de
1334 5728 1505 5803 bove,
1529 5730 1688 5799 Jove,
1716 5730 1818 5803 qui
1844 5728 2133 5803 sequitur.
2165 5727 2301 5785 XvL.
