4142 6426
386 493 502 553 179

1709 470 2027 537 GEORGII
2071 468 2414 531 CEDRENI

3688 473 3809 535 180

384 627 535 685 viret
563 641 753 681 annos
812 620 1162 679 octodecim.
1213 619 1357 675 Cum
1415 619 1613 672 autem
1654 628 1715 668 se
1745 611 1821 667 ad
1851 610 2038 665 Deum

2155 602 2373 680 βασιλεῖ
2430 602 2631 680 Συρίας
2684 609 2785 674 τῆς
2845 603 3276 675 Μεσοποταμίας
3331 596 3427 676 ἔτη
3500 605 3590 676 ιη’.
3649 608 3809 665 Ἐπι-

385 715 645 791 populus
667 710 1135 778 convertisset,is
1159 709 1243 764 eis
1274 708 1534 780 primum
1558 703 1825 777 judicem
1879 698 2038 755 exci-

386 805 536 862 tavit
563 801 996 868 Gothonielem,
1030 798 1224 854 Calebi
1258 797 1525 863 fratrem,
1558 798 1702 850 natu
1720 791 2033 847 minorem.

388 897 445 951 Is
476 894 758 967 populum
787 894 855 945 40
885 905 1073 946 annos
1103 886 1467 960 gubernavit.
1525 884 1713 957 Hujus
1770 887 2037 951 tempore

391 984 679 1040 diluvium
733 978 1192 1036 Deucalioneum
1242 976 1303 1031 in
1336 974 1556 1030 Graecia
1604 973 1735 1029 fuit.
1783 973 2037 1027 Rursum

390 1073 651 1147 peccatis
681 1068 935 1142 populus
968 1068 1151 1122 Deum
1186 1063 1512 1120 irritansab
1554 1079 1622 1118 eo
1657 1062 1717 1116 in
1776 1064 2038 1132 potesta-

389 1168 509 1217 tem
526 1160 733 1233 Egloni
754 1157 1017 1213 Moabico
1048 1156 1171 1228 regi
1222 1154 1475 1209 traditus
1507 1158 1615 1216 est,
1644 1167 1802 1207 anno
1829 1147 2036 1205 mundi

386 1251 746 1321 3942,.eique
776 1247 1012 1304 servivit
1069 1261 1258 1300 annos
1312 1243 1399 1298 48.
1434 1241 1901 1313 Resipiscentem
1934 1254 2037 1310 po-

386 1341 596 1414 pulum
619 1341 774 1394 Deus
806 1336 1091 1410 posteain
1111 1332 1445 1399 libertatem
1468 1329 1722 1388 asseruit
1742 1327 2041 1386 ambidex-

387 1431 463 1487 tri
493 1429 643 1486 Aodi
673 1443 874 1500 opera.
910 1427 963 1481 ls
992 1427 1062 1480 80
1093 1440 1282 1481 annos
1325 1421 1614 1495 p0pulum
1671 1416 2036 1492 gubernavit.

388 1522 560 1576 Anno
594 1517 725 1589 ejus
751 1519 818 1571 27
852 1515 1057 1571 Atticm
1097 1528 1200 1568 rex
1264 1512 1517 1582 Cecrops
1575 1508 1816 1564 exstitit.
1868 1508 2039 1562 Anno

391 1605 827 1680 septuagesimo
858 1602 1108 1674 septimo
1127 1599 1415 1657 diluvium
1435 1598 1546 1654 fuit
1568 1598 1630 1654 in
1660 1595 1963 1653 Thessalia
1984 1599 2041 1649 et

393 1696 704 1768 EthioPia.
741 1696 966 1749 Rursus
997 1690 1339 1747 ﬁctitiorum
1399 1688 1646 1744 deorum
1688 1685 1852 1741 cultu
1883 1684 2039 1740 insa-

392 1787 596 1842 niente
617 1783 862 1856 populo,
895 1779 1190 1836 concessit
1214 1780 1368 1834 Deus
1398 1784 1465 1833 ut
1494 1778 1544 1831 is
1566 1792 1672 1849 per
1692 1775 1897 1848 viginti
1933 1790 2037 1829 an-

390 1891 498 1931 nos
530 1891 565 1931 a
591 1873 824 1929 Jabimo
851 1886 986 1943 rege
1017 1868 1393 1924 Chanaanico
1425 1866 1879 1938 opprimeretur.
1905 1865 2042 1917 Post

2144 693 2437 769 στέψαντος
2468 694 2643 749 τοίνυν
2686 698 2783 749 τοῦ
2841 692 2980 749 λαοῦ
3036 695 3173 770 πρὸς
3225 694 3355 750 Θεὸν
3415 694 3665 766 ἀνίστησι
3715 697 3809 753 τὸν

2142 783 2416 852 Γοθονιὴλ
2471 788 2689 859 πρῶτον
2778 786 2996 860 κριτὴν,
3065 782 3300 863 ἀδελφὸν
3384 787 3648 863 νεώτερον
3707 792 3808 844 τοῦ

2142 868 2347 939 Χάλεϐ,
2378 875 2437 936 ὅς
2469 871 2642 949 ἔκρινε
2672 875 2763 930 τὸν
2814 873 2945 930 λαὸν
2992 869 3087 946 ἔτη
3141 876 3213 948 μ’.
3265 875 3354 931 ἐπὶ
3401 876 3602 933 τούτου
3639 877 3805 954 γὲγο-

2142 984 2229 1018 νεν
2270 965 2299 1018 6
2330 962 2417 1019 ἐπὶ
2450 963 2818 1027 Δευκαλίωνος
2878 964 3263 1039 κατακλυσμὸς
3321 966 3372 1022 ἐν
3418 972 3489 1041 τῇ
3547 966 3806 1026 ιΕλλάδι.

2144 1052 2243 1149 lteri
2276 1051 2440 1109 πάλιν
2467 1055 2529 1109 τὸ
2577 1055 2817 1129 πονηρὸν
2878 1058 3110 1126 ποιήσας
3161 1056 3189 1111 ὁ
3249 1057 3471 1130 Ἰσραὴλ
3521 1057 3802 1132 παρεδόθη

2162 1141 2354 1218 Εγλὼν
2400 1141 2617 1219 βασιλεῖ
2642 1139 2950 1201 Μωαϐιτῶν
2997 1143 3050 1200 ἐν
3104 1150 3183 1217 τῷ
3240 1146 3469 1223 ’γ79μβ’
3524 1146 3655 1217 ἓτει,
3712 1151 3811 1204 καὶ

2145 1229 2459 1289 ἐδούλευσεν
2492 1229 2585 1303 ἔτη
2637 1240 2725 1303 ιη’.
2785 1233 2956 1289 Πάλιν
3007 1231 3065 1290 δὲ
3124 1235 3319 1298 αὐτοὺς
3376 1235 3810 1313 ἐπιστρέψαντας

2146 1320 2433 1397 ἐξαιρεῖται
2462 1320 2551 1377 διὰ
2578 1327 2676 1379 τοῦ
2716 1321 3177 1402 ἀμεοτεροδεξιοῦ
3236 1323 3402 1395 Ἀὼδ,
3456 1325 3515 1389 ὅς
3574 1325 3704 1403 ἔσχε
3743 1329 3810 1383 τὸ

2145 1412 2434 1487 ἐπώνυμον
2463 1418 2624 1469 τοῦτο
2677 1411 2767 1469 διὰ
2803 1416 2865 1470 τὸ
2919 1413 3131 1488 ὁμοίως
3186 1414 3240 1471 ἐν
3300 1419 3461 1472 παντὶ
3513 1419 3810 1496 πράγματι

2146 1507 2215 1577 τῇ
2244 1502 2511 1578 εὐωνύμῳ
2562 1510 2801 1579 χρῆσθαι
2857 1504 3006 1579 χειρὶ
3069 1505 3310 1578 καθάπερ
3366 1506 3455 1560 καὶ
3509 1510 3578 1582 τῇ
3636 1504 3812 1581 δεξιᾷ.

2145 1593 2316 1655 Οὗτος
2372 1594 2623 1670 ἡγήσατο
2679 1597 2776 1648 τοῦ
2835 1591 2974 1649 λαοῦ
3028 1588 3121 1666 ἔτη
3180 1596 3252 1651 π’.
3317 1595 3533 1654 Τούτου
3588 1601 3668 1670 τῷ
3727 1585 3816 1668 κζ’

2144 1677 2252 1739 ἔτει
2308 1677 2624 1738 ἐϐασίλευσε
2680 1687 2780 1748 τῆς
2864 1684 3114 1755 Ἀττικῆς
3197 1686 3226 1741 6
3309 1684 3550 1761 Κέκροψ·
3636 1685 3690 1742 ἐν
3751 1684 3817 1742 δὶ

2142 1778 2223 1846 τῷ
2281 1774 2356 1841 οζ“
2414 1768 2520 1828 ἔτει
2578 1773 2765 1848 γὲγονε
2821 1771 3206 1849 κατακλυσμὸς
3264 1773 3316 1829 ἐν
3388 1774 3658 1849 Θεσσαλίᾳ
3712 1778 3812 1833 καὶ

2146 1860 2427 1934 Αἰθιοπίᾳ.
2470 1859 2639 1917 Πάλίν
2700 1859 3179 1936 εἰδωλομανοῦντα
3229 1865 3321 1920 τὸν
3378 1862 3600 1941 Ἰσραὴλ
3665 1886 3814 1941 παρ-

388 1964 619 2022 Debora
648 1961 890 2017 fatidica
916 1958 1157 2025 mulier,
1210 1974 1357 2012 uxor
1386 1954 1741 2028 Apheidothi
1779 1952 1850 2007 de
1883 1951 2039 2007 tribu

2150 1949 2329 2055 ἐδωκε
2375 1954 2576 2055 I‘Kppt‘oc
2636 1949 2687 2006 ἐν
2747 1952 2897 2055 χειρὶ
2979 1947 3189 2025 Ἰαϐεὶμ
3251 1952 3524 2028 βασιλεως
3591 1956 3818 2013 Χαναὰν

386 2053 782 2126 Ephraimica,
820 2049 1099 2105 Israelico
1144 2047 1360 2121 populo
1422 2046 1676 2118 praefuit.
1718 2045 1836 2099 Hac
1890 2043 2039 2097 duce

385 2143 681 2200 Barachus
706 2141 1021 2196 Abinoemi
1036 2139 1195 2194 filius
1209 2137 1367 2193 tribu
1383 2133 1891 2206 Nephthalimicus
1905 2148 2039 2186 cum

386 2233 534 2287 I47
569 2231 764 2285 Sisera
790 2228 1097 2301 copiarum
1126 2226 1340 2282 Jabimi
1373 2225 1730 2295 imperatore
1778 2237 2039 2293 pugnam

385 2319 705 2389 commisit,
738 2321 1047 2387 totumque
1108 2316 1237 2387 ejus
1296 2314 1618 2370 exercitum
1677 2310 1848 2367 fudit.
1910 2311 2040 2380 Ipse

383 2409 582 2465 Siscra
610 2407 791 2480 pedes
819 2406 1053 2479 fugiens
1110 2422 1145 2461 a
1195 2404 1359 2460 Jaela
1415 2418 1599 2457 uxore
1662 2398 2039 2456 Coschameri

385 2498 610 2554 Cinnaai
642 2497 989 2553 interfectus
1023 2501 1133 2561 est,
1166 2495 1321 2550 mala
1350 2494 1512 2549 clavo
1547 2489 1940 2547 transadacta.
1962 2491 2042 2544 Ea

385 2593 738 2660 tempestate
769 2586 1035 2657 Cadmus
1088 2584 1302 2639 Thebis
1359 2582 1642 2654 regnavit.
1703 2578 2041 2635 Secundum

386 2677 627 2733 Deborze
670 2681 924 2732 mortem
954 2691 1162 2730 rursus
1194 2672 1450 2744 deliquit
1489 2669 1765 2743 populus,
1824 2666 2038 2722 Madia-

385 2767 646 2839 nitisque
676 2765 977 2822 vexandus
1007 2781 1114 2836 per
1144 2768 1371 2835 septem
1401 2777 1594 2817 annos
1638 2758 1920 2814 divinitus
1952 2763 2039 2811 est

386 2856 702 2913 exhibitus.
727 2857 840 2910 Eos
881 2854 1114 2910 Gedeon
1164 2852 1321 2907 tribu
1374 2847 2040 2917 Manassmus,victoria3

386 2946 604 3002 fiducia
630 2945 814 3018 signis
845 2961 880 3000 a
904 2945 1023 2999 Deo
1053 2942 1208 2997 datis
1254 2941 1628 3006 confirmata,
1688 2956 1824 2994 cum
1859 2954 2041 2992 manu

381 3036 643 3091 virorum
670 3034 769 3107 qui
798 3050 1016 3089 canum
1035 3048 1198 3088 more
1232 3048 1447 3103 aquam
1469 3027 1787 3085 lambendo
1808 3026 2041 3083 hausis-

382 3128 516 3181 sent
544 3122 788 3180 adortus
819 3127 928 3188 est,
955 3138 1022 3178 ac
1052 3122 1359 3177 exstinctis
1391 3136 1596 3176 eorum
1618 3122 1717 3173 120
1749 3116 2038 3178 millibus,

377 3213 580 3286 populi
613 3230 721 3285 per
751 3211 1150 3284 quadraginta
1180 3226 1367 3266 annos
1399 3208 1516 3264 dux
1547 3207 1677 3263 fuit.
1713 3209 1853 3263 Post
1882 3206 2042 3261 hunc

375 3303 739 3360 Abimelicus
765 3302 923 3357 illius
957 3303 1106 3374 ejus,
1140 3317 1330 3357 annos
1363 3302 1415 3367 3,
1452 3299 1661 3355 Tbolas
1700 3299 1790 3368 23,
1843 3297 2035 3352 Jairus

381 3394 716 3451 Galaadites
745 3397 834 3447 22.
860 3391 1001 3448 Inde
1034 3391 1108 3447 ob
1140 3407 1245 3447 sua
1301 3394 1545 3463 peccata
1601 3387 1858 3461 populus
1892 3388 2034 3440 Am-

384 3484 629 3540 monitis
661 3482 897 3539 deditus
928 3480 1116 3549 est,ab
1149 3496 1338 3551 eoque
1372 3481 1437 3534 l8
1468 3495 1659 3535 annos
1709 3478 2034 3533 divexatus.

384 3577 533 3631 Cum
555 3576 754 3628 autem
786 3570 861 3627 ad
892 3572 1077 3626 Deum
1137 3569 1494 3636 revertisset,
1554 3584 1661 3640 per
1721 3565 2036 3637 Jephtham

388 3661 754 3719 Galaaditam
786 3660 834 3715 is
866 3677 967 3715 eos
997 3659 1289 3715 liberavit.
1341 3658 1623 3730 Princeps
1680 3657 1885 3728 populi
1924 3655 2039 3710 fuit

388 3752 486 3808 hic
518 3767 705 3807 annos
734 3752 786 3804 6.
819 3752 962 3805 Post
979 3749 1139 3806 hunc
1173 3747 1429 3804 Essebon
1479 3751 1532 3804 7.
1595 3748 1673 3803 Eo
1718 3744 1839 3801 fere
1890 3751 2035 3800 tem-

386 3859 531 3915 pore
561 3841 736 3911 Troja
766 3845 823 3895 et
860 3840 1033 3894 Ilium
1064 3838 1419 3903 conduntur,
1454 3841 1513 3891 et
1540 3835 1907 3907 Esculapius
1947 3851 2037 3890 ar-

390 3937 512 3987 tem
527 3930 818 3986 medicam
837 3928 1351 4000 constituit.Eglon
1366 3925 1724 3982 Zabulonius
1740 3941 1928 3981 aunos
1949 3928 2034 3979 10.

387 4019 598 4076 Abdon
617 4019 829 4075 Selemi
855 4018 1010 4074 filius
1031 4016 1507 4082 Pharathonites,
1532 4014 1625 4069 cui
1649 4014 2040 4087 quadraginta

386 4111 629 4166 fuerunt
658 4109 1048 4180 ﬁlii,nepotes
1078 4107 1344 4179 triginta,
1378 4105 1718 4160 lsraelicum
1751 4105 2037 4177 populum

387 4200 539 4256 rexit
563 4215 752 4254 annos
781 4201 831 4253 8.
870 4199 988 4253 Hoc
1018 4202 1285 4269 tempore
1312 4194 1470 4267 apud
1493 4195 1724 4250 Graecos
1778 4194 2040 4250 innotuit

386 4290 655 4361 Orpheus
685 4291 891 4357 Tarax,
921 4287 1141 4358 lyricus
1174 4286 1562 4356 omniumque
1597 4291 1908 4356 poetarum
1940 4300 2039 4339 ce-

388 4379 762 4438 leberrimus.
802 4380 850 4433 is
882 4378 942 4432 in
962 4376 1334 4449 poematibus
1365 4376 1486 4431 suis
1518 4375 1807 4447 plurimos
1836 4391 2039 4430 versus
2070 4443 2075 4447 υ

388 4467 589 4540 posuit
619 4467 690 4521 de
716 4466 1147 4522 elementorum
1179 4470 1313 4521 ortu
1335 4466 1598 4536 itemque
1616 4463 1879 4519 hominis
1893 4462 2039 4517 nati-

388 4558 588 4622 vitate,
620 4557 770 4612 lucis
802 4572 870 4611 ex
901 4557 1121 4613 mthere
1162 4555 1473 4612 effulsione
1532 4553 1987 4626 philosophatus
2021 4571 2034 4607 :

392 4646 544 4702 148
577 4647 719 4702 item
752 4645 824 4701 de
856 4644 1166 4718 principiis
1198 4642 1587 4716 incorporeis,
1621 4641 1692 4698 de
1725 4642 2033 4715 potestati-

2068 3349 2109 3417 C

2148 2038 2242 2107 ἔτη
2283 2043 2349 2097 κ’.
2383 2040 2534 2097 Μετὰ
2559 2044 2728 2096 ταῦτα
2786 2036 3031 2117 Δεϐόρῥα
3082 2049 3378 2120 προφῆτις,
3434 2045 3570 2118 γυνή
3629 2048 3816 2122 Ἀφειο

2151 2126 2259 2185 δὼθ
2289 2127 2468 2210 φυλῆς
2508 2131 2769 2207 Ἐφραῗμ,
2828 2128 3007 2205 ἔκρινε
3058 2132 3151 2187 τὸν
3213 2132 3457 2206 Ἰσραήλ.
3522 2133 3619 2190 Διὰ
3670 2134 3809 2190 ταΰ-

2149 2242 2249 2292 της
2278 2224 2522 2297 ἡγήσατο
2574 2222 2778 2297 Βαρᾶκ,
2836 2223 2956 2285 υἱὸς
3014 2219 3298 2300 Ἀϐινοεῖμ
3354 2225 3413 2281 ἐκ
3463 2224 3644 2304 φυλῆς
3699 2228 3814 2283 Νι-

2151 2309 2415 2388 ιρθαλεὶμ,
2446 2318 2548 2381 τῆς
2606 2312 2744 2366 κατὰ
2800 2310 3039 2389 Σισάῤῥα
3102 2314 3289 2390 μάχης
3328 2318 3427 2370 τοῦ
3480 2316 3819 2391 ἀρχιστρατ-

2152 2404 2289 2475 ήγου
2321 2395 2552 2475 Ἰαϐεἱμ,
2584 2401 2676 2455 καὶ
2708 2400 2971 2473 ἐκράτησε
2997 2400 3175 2474 πάσης
3211 2410 3313 2473 τῆς
3370 2402 3652 2477 δυνάμεως
3709 2406 3813 2461 αὖ·

2149 2496 2268 2547 τοῦ.
2297 2490 2469 2550 Αὐτὸς
2497 2488 2556 2545 δέ
2613 2492 2641 2544 ὁ
2697 2490 2939 2568 Σισάῤῥα
2993 2497 3114 2556 τοῖς
3172 2493 3301 2550 ποσὶ
3362 2491 3638 2575 διαφυγὼν
3700 2497 3817 2551 ὑπὸ

2151 2578 2303 2650 Ἰαὴλ
2362 2582 2619 2656 γυναικὸς
2710 2580 2900 2657 Χάμερ
2985 2586 3082 2638 τοῦ
3169 2583 3420 2640 Κινναίου
3485 2584 3814 2659 ἀναιρεῖται,

2150 2669 2419 2744 πασσάλῳ
2484 2670 2625 2725 κατὰ
2680 2678 2778 2741 τῆς
2831 2670 3028 2747 γνάθου
3114 2670 3416 2743 διαπαρείς.
3480 2675 3628 2731 Κατὰ
3684 2674 3820 2731 τού-

2148 2781 2277 2822 τους
2332 2759 2460 2822 τοὸς
2520 2760 2752 2835 χρόνους
2805 2758 3030 2835 Κάδμος
3087 2761 3142 2817 ἐν
3201 2757 3410 2833 Θήϐαις
3469 2758 3811 2823 ἐϐασίλευσε.

2152 2849 2307 2908 Μετᾶ
2333 2847 2390 2905 δὲ
2443 2852 2543 2920 τήν
2604 2845 2875 2927 Δεϐόῤῥας
2930 2850 3190 2922 τελευτὴν
3250 2851 3521 2925 ἐξήμαρτε
3576 2852 3744 2910 πάλιν
3781 2856 3813 2909 6

2152 2937 2307 3007 λαὸς,
2340 2938 2429 2994 καὶ
2461 2936 2734 3015 παρεδόθη
2765 2940 2883 3002 τοῖς
2935 2937 3293 3011 Μαδιηναίοις
3339 2936 3432 3013 ἔτη
3488 2944 3551 3012 ζ’.
3598 2941 3810 2999 Γεδεὼν

2152 3026 2209 3084 δὶ
2254 3028 2437 3094 αὐτοῖς
2494 3028 2556 3084 ἐκ
2612 3028 2791 3106 φυλῆς
2841 3034 3124 3101 Μανασσῆ,
3186 3030 3353 3095 θείοις
3406 3032 3655 3108 σημείεις
3706 3041 3815 3103 τῆς

2150 3119 2307 3191 νίκης
2337 3120 2706 3193 κομισάμενος
2763 3120 2863 3189 τὴν
2922 3118 3123 3188 πίστιν,
3179 3119 3544 3194 ἐπανίσταται,
3602 3123 3693 3178 καὶ
3754 3123 3810 3179 ἐν

2148 3213 2267 3271 τοῖς
2298 3206 2522 3282 ἀνδράσι
2561 3214 2678 3272 τοῖς
2710 3208 2911 3283 λάψασι
2942 3208 3125 3272 καθὼς
3138 3209 3283 3266 κύων
3305 3215 3414 3266 τῶν
3443 3214 3513 3288 ιβ’
3536 3209 3814 3287 μυριάδας

2150 3297 2627 3376 διαχειρισάμενος
2672 3302 2801 3377 ἦρξε
2858 3305 2955 3356 τοῦ
3016 3299 3154 3357 λαοῦ
3210 3298 3303 3373 ἔτη
3366 3303 3439 3376 μ’.
3502 3298 3815 3380 Ἀϐομέλεχ

2147 3389 2344 3445 τοῦτου
2375 3389 2492 3451 υἱὸς
2552 3387 2644 3460 ἔτη
2703 3390 2771 3465 γ’,
2832 3389 2977 3445 Θόλα
3014 3384 3109 3461 ἔτη
3168 3391 3270 3467 κγ’,
3329 3391 3493 3465 Ἰαεὶρ
3533 3390 3809 3447 ὁΓαλαα-

2150 3475 2302 3549 δίτης
2333 3471 2426 3548 ἔτη
2485 3478 2595 3553 κβ⁹.
2658 3477 2811 3535 Μετὰ
2863 3482 3026 3534 τοῦτο
3082 3478 3380 3555 ἐξήμαρτεν
3421 3480 3450 3535 6
3501 3479 3656 3549 λαὸς,
3717 3481 3809 3537 καὶ

2146 3563 2424 3643 παρεδόθη
2456 3571 2573 3629 τοῖς
2605 3567 2927 3643 Ἀμανίτρις
2959 3564 3051 3638 ἔτη
3083 3574 3173 3639 ιη’.
3233 3570 3460 3625 Ἔπειτα
3510 3570 3609 3639 τήν
3668 3572 3813 3644 πρὸς

2147 3657 2273 3712 Θεὸν
2309 3656 2683 3729 ποιησάμενος
2716 3654 2978 3712 ἐπάνοδον
3005 3657 3270 3727 σώζονται
3313 3654 3404 3713 διὰ
3448 3663 3546 3713 τοῦ
3604 3659 3822 3736 Ἰεφθάε

2144 3750 2241 3802 τοῦ
2282 3742 2621 3801 Γαλααδίτου
2652 3743 2745 3816 ἔτη
2777 3747 2841 3809 ς’.
2872 3747 3022 3805 Μετὰ
3042 3751 3233 3803 τοῦτον
3278 3744 3546 3805 Ἐσσεϐὼν
3594 3746 3690 3820 ἔτη
3748 3752 3817 3821 ζ’,

2146 3836 2297 3893 Κατᾶ
2320 3834 2546 3898 τούτους
2576 3834 2704 3899 τοὺς
2740 3835 2973 3911 χρόνους
3017 3838 3080 3891 τὸ
3137 3836 3314 3893 Ἴλιον
3374 3836 3593 3911 ἐκτίσθη
3648 3840 3744 3895 καὶ
3778 3843 3819 3912 ἡ

2146 3924 2333 4001 Τροία,
2365 3927 2456 3981 καὶ
2488 3924 2829 3996 Ἀσκληπιὸς
2862 3927 2960 3994 τήν
2986 3924 3233 4002 ἰατρικὴν
3255 3926 3565 4001 ἐπιστήμην
3591 3929 3818 4003 μετῄει.

2165 4013 2360 4092 Εγλὼν
2395 4018 2505 4090 (78)
2534 4017 2560 4071 6
2594 4010 2984 4086 Βαϐυλωνίτης
3017 4010 3110 4085 ἔτη
3146 4017 3195 4074 ι’.
3230 4012 3439 4073 Ἀϐδὼν
3460 4019 3574 4080 υἱὸς
3599 4016 3825 4095 Σελεὶμ

2148 4104 2176 4158 6
2209 4104 2627 4176 Μαραθωνίτης,
2661 4105 2719 4167 ’ὁς
2766 4105 2831 4175 ἧν
2893 4107 3075 4181 πατὴρ
3134 4103 3342 4161 παίδων
3406 4108 3459 4181 μ’
3514 4107 3604 4163 καὶ
3658 4108 3828 4186 ἐκγὸ-

2144 4216 2250 4249 νων
2292 4192 2363 4261 λ’,
2423 4188 2603 4266 ἔκρινε
2658 4194 2751 4249 τὸν
2811 4193 3040 4271 Ἰφραήλ
3099 4190 3193 4266 ἔτη
3250 4197 3321 4265 η’.
3383 4196 3526 4253 Κατὰ
3581 4196 3820 4262 τούτους

2147 4281 2275 4345 τοὺς
2307 4282 2543 4357 χρόνους
2577 4280 2806 4356 Ὀρφεὺς
2854 4282 2882 4337 6
2936 4281 3072 4357 Θρᾲξ
3135 4283 3162 4338 6
3222 4283 3447 4359 λυρικὸς
3497 4286 3586 4340 καὶ
3641 4307 3821 4358 ποιη-

2145 4378 2255 4428 τῶν
2310 4372 2563 4427 ἁπάντων
2620 4371 3030 4445 ἐπισημότατος
3086 4375 3209 4445 παρ’
3267 4371 3538 4445 Ἕλλησιν
3580 4375 3822 4453 ἐγοωρί-

2152 4468 2292 4533 ζετο,
2327 4464 2408 4537 [Ρ.
2442 4463 2535 4536 Si]
2568 4460 2626 4523 ὅς
2658 4461 2710 4515 ἐν
2744 4467 3059 4531 ποιητικοῖς
3091 4461 3302 4539 στίχοις
3333 4463 3457 4537 περὶ
3515 4464 3821 4540 στοιχείων

2148 4552 2426 4623 ποιήσεως
2496 4551 2583 4605 καὶ
2645 4550 2935 4626 ἀνθρώπου
2990 4550 3265 4627 γενέσεως,
3353 4552 3443 4608 καὶ
3497 4556 3676 4631 φωτός
3760 4555 3823 4627 ἐξ

2149 4641 2364 4716 αἰθέρος
2406 4638 2682 4714 ἔλλαμψιν
2735 4638 3073 4719 φιλοσοφῶν,
3134 4641 3310 4717 ἀρχὰς
3363 4662 3420 4698 τε
3478 4643 3820 4717 ἀσωμάτους

390 4736 524 4804 bus,
559 4735 629 4792 de
654 4734 778 4791 sole
809 4740 868 4789 et
896 4735 1039 4791 luna
1067 4733 1481 4804 sideribusque
1531 4732 1840 4797 universis,
1875 4737 2033 4787 terra

2149 4730 2232 4785 καὶ
2255 4729 2517 4801 ἐξουσίας,
2549 4727 2711 4801 ἣλιον
2749 4730 2835 4784 καὶ
2871 4727 3112 4801 σελήνην
3142 4731 3233 4785 καὶ
3266 4728 3433 4807 ἄστρα
3478 4731 3672 4801 πάντα,
3703 4742 3822 4808 γῆν

390 4825 540 4883 mari
570 4830 747 4897 atque
780 4825 1057 4881 omnibus
1089 4840 1221 4896 quaa
1248 4824 1307 4877 in
1347 4824 1419 4878 iis
1454 4826 1613 4889 sunt,
1647 4822 1795 4878 sivet
1852 4822 2037 4878 videri

389 4933 458 4974 ea
489 4921 709 4987 queant
742 4931 845 4971 seu
877 4915 1066 4970 visum
1096 4913 1345 4985 fugiant,
1379 4912 1581 4967 omnia
1616 4911 1741 4967 haec
1801 4912 1872 4966 ab
1904 4912 2036 4967 uni-

389 5007 539 5063 versi
573 5004 887 5062 Conditore
904 5003 963 5059 el‘
966 5005 1102 5060 ﬁcta
1128 5001 1462 5058 docen:-;.Ab
1487 5001 1696 5057 eodem
1728 5001 2040 5057 hominum

387 5113 574 5170 genus
602 5113 671 5150 ex
706 5100 863 5150 terra
877 5092 1141 5147 efﬁctum
1159 5092 1480 5162 animaque
1497 5091 1745 5146 rationis
1769 5096 2041 5162 compote

385 5185 752 5259 prmditum;
798 5189 923 5238 tum
986 5182 1184 5237 omnia
1238 5181 1310 5236 ad
1342 5197 1526 5236 unum
1576 5180 1787 5235 divinae
1818 5186 2043 5235 natura;

387 5276 705 5347 imperium
745 5280 922 5344 atque
972 5271 1089 5326 vim
1157 5270 1386 5337 referri,
1446 5285 1661 5342 nempe
1709 5271 1786 5326 ad
1843 5285 2043 5324 verum

388 5367 597 5432 Deum,
628 5381 806 5437 quem
839 5380 1011 5419 nemo
1045 5361 1201 5417 videt
1229 5378 1241 5415 :
1275 5361 1369 5416 cui
1421 5361 1531 5417 tria
1582 5365 1720 5416 sunt
1776 5359 2044 5423 nomina,

390 5454 935 5521 consilium,lumen
961 5457 1021 5509 et
1052 5452 1249 5507 vitain
1270 5452 1416 5523 ipso.
1453 5453 1539 5507 Ita
1566 5450 2061 5523 sapientissimus

390 5542 655 5615 Orpheus
683 5542 1113 5615 propemodum
1145 5541 1398 5610 veritati,
1439 5557 1618 5612 quam
1651 5557 1758 5596 nos
1808 5540 2061 5611 proﬁte;

2152 4818 2239 4875 καὶ
2273 4818 2543 4883 θάλασσαν
2574 4818 2665 4873 καὶ
2694 4817 2759 4873 τά
2784 4819 2841 4872 ἴεν
2882 4816 3065 4882 αὐτοῖς
3123 4819 3294 4894 ὁρατὰ
3350 4840 3411 4876 τε
3462 4822 3552 4876 καὶ
3605 4822 3828 4899 ἀόρατα

2150 4909 2320 4966 πάντα
2354 4909 2458 4964 ὑπὸ
2486 4912 2582 4964 τοῦ
2633 4911 2989 4983 Δημιουργοῦ
3037 4914 3145 4964 τῶν
3196 4908 3344 4966 ὅλων
3395 4909 3667 4986 γενέσθαι,
3718 4915 3824 4969 καὶ

2152 4999 2214 5054 τὸ
2243 5002 2350 5053 τῶν
2383 4998 2683 5074 ἀνθρώπων
2716 4996 2872 5074 γένος
2908 4998 2993 5053 ὑπ’
3026 4997 3192 5053 αὐτοῦ
3224 5004 3322 5055 τοῦ
3353 5005 3490 5056 Θεοῦ
3549 4999 3814 5072 πλασθῆ-

2151 5110 2239 5144 ναι
2267 5086 2327 5143 ἐκ
2376 5094 2480 5163 γῆς
2541 5089 2631 5143 καὶ
2689 5089 2877 5167 ψυχὴν
2933 5088 3023 5143 ὑπ’
3080 5088 3245 5143 αὐτοῦ
3302 5091 3536 5166 λογικήν
3594 5086 3824 5166 λαϐεῖν,

2154 5179 2228 5240 εἰς
2264 5177 2391 5253 μίαν
2422 5174 2479 5233 δὲ
2532 5174 2761 5251 δύναμιν
2812 5176 2902 5232 καὶ
2939 5173 2995 5233 ἓν
3049 5178 3247 5252 κράτος
3301 5180 3561 5250 θεότητος
3615 5180 3824 5257 ἀνάγε-

2155 5270 2274 5323 σθαι
2303 5270 2370 5323 τά
2401 5270 2570 5323 πάντα
2612 5266 2916 5343 θεολογεῖν,
2949 5268 3008 5330 ὃς
3039 5266 3184 5323 ἐστιν
3217 5269 3245 5324 ὁ
3276 5266 3351 5323 ὥν
3404 5269 3556 5341 Θεὸς,
3617 5270 3675 5326 6'v
3706 5272 3823 5328 οὖ·-

2157 5356 2270 5422 δεῖς
2300 5359 2419 5433 ὁρᾷ,
2455 5358 2593 5433 Τρία
2624 5354 2701 5425 δὲ,
2743 5357 2931 5436 φησὶν,
2964 5357 3229 5430 ὀνόματα,
3265 5355 3468 5434 βουλὴ,
3502 5364 3641 5440 φῶς,
3664 5362 3820 5434 ζωὴ,

2157 5446 2210 5502 ἐν
2252 5446 2420 5520 αὐτῷ,
2454 5445 2649 5521 ὀλίγου
2683 5445 2789 5501 δεῖν
2825 5447 3135 5524 συμῖώνως
3171 5451 3241 5522 τῇ
3280 5446 3514 5521 ἀληθείᾳ
3561 5454 3627 5524 τῇ
3689 5452 3824 5507 καθ’

2158 5539 2306 5611 ἡμᾶς
2364 5538 2487 5611 περὶ
2548 5558 2608 5592 τ-
2664 5540 2800 5591 Θεοῦ
2877 5537 2964 5591 καὶ
3053 5535 3352 5611 ἀνθρώπωι
3404 5539 3432 5593 6
3492 5538 3821 5619 σοφώτατος

1564 5648 1941 5704 XYLANDRI
1997 5648 2083 5702 ET
2141 5648 2355 5703 GOARI
2405 5648 2630 5715 NOTAE,

461 5749 573 5820 (‘78)
612 5749 777 5820 Ειοηι
802 5746 1115 5804 Emendavi
1147 5748 1207 5803 in
1243 5748 1753 5820 interpretatione,
1788 5753 1847 5801 et
1892 5745 2159 5819 supplevi
2214 5745 2340 5801 haec
2398 5761 2470 5801 ex
2530 5744 2821 5817 superiori
2866 5744 2940 5801 de
2987 5744 3291 5804 Iudicibus
3336 5747 3701 5818 narratione,
3752 5753 3829 5804 et

382 5818 571 5876 Judic
609 5836 705 5874 xu.
739 5819 876 5875 XvL.
