4142 6436
317 475 428 537 181

1468 471 2007 539 HISTORIARUM
2055 467 2611 534 COMPENDIUM.

3632 471 3752 534 182

323 607 800 690 ἀποφθεγγόμενος
834 609 1092 688 Ὀρφεύς.
1126 606 1387 684 Λυρῳδὸς
1418 608 1479 667 δὶ
1531 610 1623 667 καὶ
1675 605 1980 684 κιθαρῳδὸς

2093 622 2251 672 mur,
2284 612 2687 664 consentanea
2715 605 2789 662 de
2811 607 2930 663 Deo
2953 609 3013 661 et
3030 600 3377 661 hominibus
3399 607 3750 678 pronuntia-

321 702 586 776 ὑμνεῖται,
618 705 794 757 πᾶσαν
824 698 1156 772 κατακηλῶν
1198 700 1290 757 καὶ
1349 698 1556 777 θέλγῶν
1611 703 1822 777 ψυχήν.
1879 698 1983 756 Καὶ

320 793 389 848 τά
413 791 582 848 λοιπά
608 791 1058 869 προεγράφησαν.

394 971 543 1027 Κατὰ
569 972 799 1034 τούτους
827 970 960 1034 τοὺς
1003 969 1241 1046 χρόνους
1297 970 1389 1026 καὶ
1447 969 1703 1047 Μαρσύαν
1752 967 1984 1049 φιλόσο-

322 1082 420 1141 φον
448 1060 680 1136 λὲγουσι
720 1061 994 1135 γενέσθαι,
1052 1060 1111 1120 ’ὀς
1164 1058 1343 1136 ἐξεῦρε
1396 1057 1485 1115 διὰ
1546 1066 1815 1134 μουσικῆς
1873 1058 1975 1113 αὖ·

318 1149 453 1213 λοὺς
487 1150 595 1205 ἀπὸ
626 1148 921 1225 καλάμων,
953 1147 1044 1205 καὶ
1086 1148 1369 1205 ἀπενοεῖτο
1426 1149 1535 1205 ἀπὸ
1594 1151 1733 1204 θεῶν
1790 1147 1979 1203 ἑαυτὸν

317 1239 412 1296 καὶ
442 1239 627 1316 λέγων
659 1239 968 1313 ἀνθρώποις
1000 1238 1280 1312 ιύρηκέναι
1340 1237 1431 1294 διὸ.
1482 1242 1579 1294 τοῦ
1640 1236 1840 1312 μέλους
1870 1242 1979 1292 τῶν

316 1329 590 1403 καλάμων
620 1330 854 1404 τροφήν.
903 1332 1105 1387 Τοῦτον
1162 1331 1656 1408 παραφρονήσαντα
1682 1327 1836 1403 ῥῖψαι
1890 1324 1981 1382 λέ-

316 1441 475 1496 γιται
508 1420 704 1476 ἑαυτὸν
747 1418 823 1481 εἷς
878 1419 972 1476 τὸν
1033 1418 1310 1493 ποταμόν,
1367 1419 1486 1484 ’ὅθεν
1547 1419 1640 1475 καὶ
1672 1419 1700 1474 6
1729 1418 1981 1491 ποταμὸς

318 1509 585 1583 Μαρσύας
616 1508 937 1582 ὦνομάσθη’
969 1510 1077 1565 ἀπὸ
1108 1505 1389 1584 Κολχίδος
1430 1505 1487 1564 δὲ
1517 1508 1673 1570 οὗτος
1726 1507 1980 1583 ὥρμητο.

388 1598 625 1655 Πάλινὸ
686 1597 817 1661 λαὸς
872 1596 1248 1673 προσπταίσας
1304 1594 1579 1655 ἰκδὲδοται
1639 1595 1984 1677 ἀλλοφύλοις

312 1684 411 1759 ἔτη
498 1694 572 1761 μ’.
650 1689 1105 1763 Ἐπιστρὲψσγτος
1164 1685 1222 1744 δὶ
1277 1689 1446 1744 αὐτοῦ
1498 1687 1635 1763 πρὸς
1707 1687 1836 1742 Θεὸν
1896 1687 1981 1740 ἆν-

319 1777 509 1848 ίστησι
534 1777 630 1833 τὸν
658 1777 907 1852 Σαμψὼν
946 1778 1040 1833 τὸν
1093 1781 1190 1833 τοῦ
1239 1777 1437 1835 Μανωὶ
1488 1777 1629 1847 υἱὸν,
1683 1774 1744 1831 ἐκ
1799 1772 1979 1853 φυλῆς

314 1868 443 1937 Δᾶν,
485 1870 642 1929 ὅστις
688 1868 1153 1940 καταπολεμήσας
1216 1865 1344 1930 τοὺς
1401 1864 1760 1944 ἀλλοφύλους
1815 1863 1979 1943 ἄρχει

312 1953 410 2028 ἶτη
435 1958 505 2013 κ’.
542 1956 688 2011 Κατὰ
725 1954 956 2020 τούτους
1009 1957 1137 2020 τοὺς
1194 1955 1431 2031 χρόνους
1464 1953 1742 2030 Ἡρακλῆς
1809 1952 1974 2029 ἐγνω-
2007 1987 2054 2052 Β

321 2049 502 2123 ρίζετο
590 2045 621 2101 ὅ
684 2046 817 2108 τοὺς
868 2042 1100 2101 δεκαδύο
1158 2042 1361 2110 ἄθλους
1420 2042 1691 2106 διανύσας.
1751 2049 1970 2117 Σαμανῆ

326 2138 565 2210 ἡγήσατο
648 2138 745 2190 τού
828 2132 967 2190 λαοῦ
1048 2132 1168 2198 ἔτος
1231 2136 1297 2193 α’.
1356 2135 1649 2210 Ἀναρχίας
1696 2133 1978 2209 γεγονυίας

330 2226 468 2280 κατὰ
512 2225 598 2286 τὰς
654 2221 950 2299 Ἐϐραϊκᾶς
1004 2222 1355 2299 παραδόσεις,
1409 2223 1500 2280 καὶ
1548 2217 1803 2299 ἔπραττεν
1853 2218 1978 2277 ἕκα-

334 2334 459 2376 στος
485 2313 611 2387 ὅπερ
644 2308 946 2384 ἠϐούλετο,
982 2315 1073 2369 οἶα
1100 2314 1242 2377 εἰκὸς
1303 2313 1355 2368 ἐν
1414 2313 1655 2393 ἀναρχίᾳ
1714 2311 1977 2390 γίνεσθαι,

326 2401 417 2475 ἔτη
452 2405 525 2476 μ’,
560 2404 785 2480 εἰρήνην
815 2402 975 2479 ἔσχεν
1005 2404 1035 2459 ὁ
1066 2401 1201 2467 λαὸς
1248 2404 1387 2479 πρὸς
1437 2402 1565 2465 τοὺς
1622 2400 1979 2476 ἀλλοφύλους

320 2490 411 2565 ἔτη
448 2495 499 2549 λ’
532 2500 758 2567 Σαμανῆ
815 2491 1152 2566 ἡγουμένου.
1207 2494 1312 2551 Καὶ
1365 2492 1520 2550 Ἠλεὶ
1568 2493 1597 2548 6
1626 2493 1801 2568 ἱερεὺς
1851 2495 1980 2567 ἦρξε

317 2589 415 2641 τοῦ
448 2584 590 2640 λαοῦ
609 2580 704 2654 ἔτη
739 2586 806 2642 κ’.
842 2586 993 2642 Κατὰ
1022 2583 1247 2647 τούτους
1285 2584 1422 2647 τοὺς
1476 2583 1713 2660 χρόνους
1746 2585 1775 2639 6
1804 2582 1978 2641 Ἰλια-

319 2676 415 2736 κὸς
445 2671 700 2745 πόλεμος
730 2672 942 2749 ἐγένετο
972 2669 1067 2745 ἔτη
1096 2672 1243 2745 δέκα,
1273 2675 1365 2729 καὶ
1402 2675 1466 2730 τὸ
1497 2673 1670 2731 Ἰλιον
1700 2671 1848 2743 ἥλω.
1881 2680 1983 2728 Σα-

324 2762 513 2840 μουὴλ
549 2760 935 2836 διαδεξάμενος
964 2766 1064 2818 τοῦ
1092 2761 1245 2821 Ἠλεὶ
1292 2765 1393 2834 τὴν
1434 2762 1701 2840 ἱερατείαν
1758 2762 1847 2817 καί
1877 2763 1977 2831 τὴν

316 2853 621 2930 ἡγεμονίαν
659 2859 848 2927 κρατεῖ
873 2857 971 2909 τοῦ
1004 2858 1162 2909 Λαοῢ.
1223 2854 1365 2910 Φασί
1415 2850 1473 2908 δὲ
1524 2853 1686 2908 αὐτὸν
1748 2848 1980 2907 δεκαδύο

318 2944 453 3001 ἐτῶν
484 2945 646 2999 εἶναι·
680 2943 771 2998 ὅτε
799 2948 1019 3017 πρῶτον
1050 2943 1200 3016 αύτῷ
1256 2942 1425 3022 ἐφάνη
1482 2939 1732 3014 λαλήσας
1762 2943 1790 2998 ὁ
1823 2948 1979 3004 Θεος·

316 3037 402 3096 οἷς
432 3035 469 3097 ἡ
501 3028 744 3095 κιϐωτὸς
775 3036 890 3107 (79)
916 3031 969 3088 ἐν
1013 3038 1096 3107 τῷ
1150 3029 1467 3107 Ἀμιναδᾶμ
1522 3030 1658 3106 οἴκῳ
1717 3029 1979 3109 διέτριψε.

316 3123 420 3181 Καὶ
488 3120 766 3198 βασιλέως
824 3122 1149 3202 χρισθέντος
1227 3122 1296 3192 ἦν
1350 3116 1896 3195 ἀντιλαμϐανόμενος
1953 3120 1981 3176 6

313 3213 470 3269 Ἠλεὶ
504 3210 598 3281 ἔτη
634 3217 694 3267 ο’.
726 3212 939 3267 Γίνεται
966 3209 1145 3267 τοίνυν
1193 3211 1302 3267 ἀπὸ
1352 3218 1453 3281 τῆς
1509 3209 1771 3281 τελευτῆς
1802 3212 1983 3281 Ἰησοῦ

315 3301 404 3359 ἰπὶ
432 3305 537 3371 τὴν
568 3300 833 3372 τελευτὴν
856 3300 1125 3376 Σαμουὴλ
1158 3300 1252 3373 ἐτη
1288 3308 1361 3379 χ’.
1393 3301 1500 3357 ἀπὸ
1533 3299 1591 3358 δὲ
1620 3306 1745 3358 Νῶε
1774 3301 1980 3357 καὶτοῦ

313 3390 711 3465 κατακλυσμοῦ
741 3389 835 3464 ἔτη
889 3394 1027 3467 βρκ’,
1060 3392 1165 3448 ἀπὸ
1189 3388 1369 3464 ’Δδὰμ
1399 3387 1492 3462 ἔτη
1550 3388 1748 3467 ,δτπβπ
1786 3391 1849 3449 Ὁ
1883 3393 1977 3465 μὶν

321 3479 594 3554 Σαμουὴλ
626 3479 737 3551 ἤδη
771 3482 1091 3558 γεγηρακὼς
1121 3481 1211 3537 καὶ
1257 3485 1356 3537 τοῦ
1409 3480 1547 3537 λαοῦ
1603 3480 1976 3556 ὀκνηροτέρως

324 3572 655 3644 ποιούμενος
688 3572 788 3638 τὴν
818 3572 904 3645 [Ρ.
937 3574 1027 3644 851]
1059 3569 1307 3645 ἐποψίαν,
1341 3574 1450 3625 τῶν
1475 3591 1534 3625 τε
1561 3567 1771 3626 παίδων
1813 3569 1977 3624 αὐτοῦ

324 3656 529 3734 δώροις
560 3659 643 3716 ἀεὶ
674 3660 738 3714 τὸ
770 3656 979 3715 δίκαιον
1009 3666 1371 3735 προϊεμενων,
1403 3659 1551 3738 χρίει
1587 3657 1837 3734 βασιλέα,
1879 3662 1978 3714 τοῦ

327 3747 464 3805 λαοῦ
499 3748 597 3823 μὲν
629 3748 1149 3824 καταναγκάζοντος,
1179 3753 1277 3804 τοῦ
1307 3746 1442 3805 Θεοῦ
1481 3746 1540 3805 δὲ
1576 3750 1981 3826 συγχωρήσαν-

323 3860 435 3907 τος,
464 3839 559 3894 τὸν
594 3837 777 3895 Σαοὺλ
809 3839 926 3895 υἱὸν
955 3838 1078 3908 Κὶς,
1118 3837 1178 3894 ἐκ
1224 3837 1403 3915 φυλῆς
1472 3839 1775 3913 [Βενιαμίν.
1808 3835 1977 3901 Οὗτος

324 3926 785 4001 συνεπισχύοντος
824 3927 946 4000 τοῦ]
1006 3923 1274 3999 Σαμουὴλ
1338 3924 1613 4000 βασιλεύει
1672 3923 1765 3996 ἔτη
1799 3926 1864 3991 κ’,
1899 3925 1981 4005 ἐφ’

322 4014 520 4071 ἑαυτοῦ
549 4012 610 4070 δὲ
637 4011 731 4086 ἔτη
758 4016 828 4071 κ’.
888 4016 1264 4092 Προεφήτευσι
1302 4011 1359 4070 δὲ
1388 4012 1471 4071 ἐπ’
1530 4014 1695 4071 αὐτοῦ
1744 4016 1858 4090 ἅμα
1887 4014 1980 4071 καὶ

320 4106 605 4178 ἱεράτευσε
635 4101 931 4177 Σαμουὴλ.
964 4099 1224 4178 Ἀὄεννὴρ
1256 4100 1316 4160 δὶ
1345 4104 1375 4160 6
1401 4108 1500 4160 τοῦ
1530 4105 1652 4180 Νὴρ
1684 4112 1784 4176 τῆς
1816 4124 1980 4179 στρα-

318 4195 441 4258 τιὰς
472 4194 768 4272 ἀφηγεῖτο.
792 4196 908 4251 Τοῦ
940 4191 999 4248 δὲ
1030 4192 1213 4249 Σαοὺλ
1243 4192 1717 4270 προσπταίσαντα
1744 4198 1823 4266 τῷ
1864 4198 1982 4266 Θεῷ

321 4283 624 4353 πολλάκις,
659 4283 924 4357 μειζόνως
954 4281 1012 4339 δὶ
1041 4281 1131 4339 διὰ
1156 4285 1258 4353 τὴν
1297 4278 1602 4359 παράϐασιν
1652 4291 1753 4354 τῆς
1810 4284 1984 4340 αὐτοῦ

320 4373 693 4451 προστάξεως,
724 4374 1226 4448 περιποιησαμένου
1262 4372 1354 4429 τὸν
1391 4375 1570 4451 Ἀγαγ
1604 4373 1832 4450 βασιλέα
1889 4374 1985 4431 Ἀ·-

323 4462 678 4537 μαληκιτῶν,
711 4462 916 4533 ἤκουσε
943 4464 1090 4540 παρὰ
1111 4468 1211 4520 τοῦ
1241 4465 1549 4541 προφήτου·
1593 4487 1622 4516 ς(
1654 4464 1987 4537 Μεματαίω·

320 4553 412 4608 ταί
442 4574 558 4622 σοι,
601 4551 685 4607 ὅτι
718 4553 818 4607 ούκ
845 4550 1114 4629 ὲφύλαξας
1143 4554 1247 4623 τὴν
1281 4551 1508 4624 ἒντολὴν
1568 4551 1634 4622 ἢν
1680 4552 1985 4610 ἐνετείλατό

322 4662 411 4697 σοι
470 4642 702 4714 Κύριος·
763 4643 1064 4715 Ἤτοίμασε
1111 4643 1219 4718 γὰρ
1285 4639 1347 4698 ἂν
1398 4643 1501 4713 τὴν
1556 4640 1835 4720 βασιλείαν
1888 4664 1986 4698 σου

2091 698 2194 754 vit.
2231 699 2472 771 Lyricus
2500 704 2558 755 et
2588 698 2949 756 citharcedus
2978 698 3164 755 fuisse
3212 697 3591 771 prmdicatur,
3641 698 3745 769 qui

2093 788 2379 844 suavitate
2411 789 2706 844 sermonis
2738 788 2987 860 quanvis
3018 788 3279 845 oblectet
3306 790 3484 859 atque
3514 786 3742 842 demul-

2090 884 2222 935 ceat
2249 880 2533 935 animam.
2558 879 2808 951 Reliqua
2833 895 3015 952 supra
3043 878 3381 935 retulimus.

2160 967 2383 1024 Eodem
2416 973 2682 1041 tempore
2713 970 2997 1040 Marsyam
3032 984 3269 1040 quoque
3314 966 3739 1039 philosophum

2090 1056 2274 1113 fuisse
2306 1062 2574 1125 narrant,
2607 1057 2707 1129 qui
2740 1063 2864 1113 arte
2895 1057 3368 1113 musicainvenit
3406 1057 3746 1113 ﬁstularum

2091 1163 2164 1203 ex
2196 1148 2441 1203 calamis
2472 1147 2932 1210 confectionem,
2975 1152 3153 1218 atque
3183 1147 3259 1203 ad
3292 1147 3589 1203 insaniam
3616 1163 3749 1218 pro-

2089 1236 2291 1310 lapsus
2322 1238 2424 1295 Dei
2444 1238 2556 1294 sibi
2579 1255 2797 1293 nomen
2820 1238 3132 1310 arrogavit,
3157 1238 3360 1293 dicens
3378 1254 3441 1293 se
3461 1238 3750 1293 alimenta

2090 1320 2434 1384 hominibus
2465 1328 2730 1383 carmine
2780 1326 3113 1383 ﬁstularum
3144 1327 3480 1398 reperisse;
3531 1328 3746 1382 fertur-

2090 1436 2205 1493 que
2236 1423 2436 1474 mente
2467 1423 2676 1489 captus
2706 1433 2836 1472 sese
2885 1417 2946 1472 in
3004 1417 3247 1473 fluvium
3308 1416 3619 1488 abjecisse,
3652 1417 3747 1472 cui

2090 1510 2333 1579 Marsyae
2357 1523 2578 1563 nomen
2615 1506 2753 1562 inde
2782 1506 3003 1562 factum
3026 1522 3039 1561 :
3059 1506 3110 1561 is
3136 1521 3210 1561 ex
3242 1505 3521 1561 Colchide
3565 1506 3743 1564 venit.

2162 1597 2455 1653 Caeterum
2487 1595 2743 1668 populus
2775 1611 2912 1651 cum
2942 1611 3151 1651 rursus
3171 1596 3359 1651 Deum
3376 1594 3745 1664 offendisset,

2089 1686 2162 1743 ab
2196 1702 2264 1742 eo
2294 1684 2570 1741 Barbaris
2600 1701 2707 1756 per
2736 1687 2805 1739 40
2827 1701 3018 1741 annos
3046 1684 3281 1741 deditus
3305 1690 3412 1742 est.
3437 1686 3747 1741 Conversis

2089 1776 2164 1834 ad
2194 1793 2257 1833 se
2288 1777 2441 1832 Deus
2474 1776 2802 1832 Sansonem
2824 1777 3049 1831 Manoaa
3072 1776 3259 1831 ﬁlium
3293 1775 3743 1847 praefecit,tribu

2088 1865 2398 1922 Danicum.
2434 1866 2488 1920 ls
2518 1863 2762 1919 devictis
2812 1864 3086 1920 Barbaris
3143 1865 3364 1936 populo
3423 1881 3613 1920 annos
3672 1868 3741 1919 20

2087 1954 2483 2027 prmfuit.Eal
2496 1954 2595 2008 49
2616 1957 2968 2025 tempestate
2981 1952 3263 2009 Hercules
3275 1953 3615 2023 innotuit,is
3634 1954 3739 2024 qui

2083 2045 2399 2103 duodecim
2430 2062 2731 2102 ierumnas
2769 2045 3057 2101 toleravit.
3116 2045 3402 2102 Samanes
3449 2046 3738 2118 populum

2083 2137 2237 2193 rexit
2266 2152 2491 2193 annum
2516 2152 2727 2192 unum.
2761 2138 2925 2202 Cum,
2949 2141 3014 2191 nt
3047 2140 3135 2191 est
3158 2135 3231 2192 ab
3265 2135 3525 2191 Hebraeis
3556 2136 3742 2192 tradi-

2082 2232 2235 2295 tum,
2269 2226 2618 2299 magistratu
2649 2226 2902 2298 pOpulus
2924 2231 3175 2293 vacaret,
3200 2242 3269 2281 ac
3301 2242 3408 2281 suo
3432 2226 3622 2297 quivis
3652 2242 3741 2282 ar-

2081 2316 2260 2372 bitrio
2291 2321 2509 2389 ageret,
2544 2316 2698 2372 sicut
2725 2316 2788 2370 in
2810 2315 3151 2389 interregno
3189 2315 3319 2371 fieri
3358 2315 3599 2381 assolet,
3632 2332 3740 2388 per

2083 2423 2271 2464 annos
2307 2409 2400 2472 40,
2453 2405 3022 2479 pacataaBarbaris
3081 2407 3300 2479 populo
3359 2407 3564 2462 omnia
3610 2407 3739 2462 fue-

2083 2501 2228 2551 runt
2257 2510 2364 2567 per
2383 2510 2575 2550 annos
2605 2495 2694 2560 30,
2728 2493 2981 2549 Samane
3015 2493 3183 2549 duce.
3218 2493 3339 2549 Elis
3368 2494 3645 2550 sacerdos
3675 2497 3744 2550 20

2084 2600 2276 2640 annos
2309 2583 2597 2657 populum
2629 2582 3001 2656 gubernavit.
3047 2584 3234 2656 Hujus
3291 2591 3462 2640 aatate
3515 2585 3741 2640 bellum

2082 2675 2406 2747 Trojanum
2436 2673 2766 2729 decennale
2800 2674 3031 2746 gestum
3066 2678 3157 2729 est
3185 2691 3252 2729 ac
3276 2674 3447 2730 Ilium
3479 2680 3740 2746 captum.

2083 2764 2172 2821 Eli
2204 2763 2516 2820 Samuelus
2547 2763 2835 2818 successit
2864 2762 2927 2817 in
2973 2763 3233 2820 sardotio
3292 2768 3351 2818 et
3400 2762 3604 2835 pOpuli
3635 2779 3745 2836 gu-

2081 2853 2628 2910 bernatione.Hunc
2650 2852 2893 2908 tradunt
2910 2851 3224 2910 duodecim
3246 2869 3539 2909 annorum
3558 2853 3740 2908 fuisse

2084 2961 2219 3001 cum
2241 2943 2503 3016 primum
2526 2943 2579 2998 ei
2601 2943 2757 2998 Deus
2777 2943 3051 3014 apparuit
3087 2948 3265 3014 atque
3288 2943 3485 3015 ipsum
3524 2943 3739 2999 affatus

2085 3040 2210 3091 est:
2246 3033 2462 3106 quibus
2493 3049 2631 3089 arca
2662 3033 2722 3087 in
2755 3033 2932 3089 domo
2966 3033 3345 3089 Aminadami
3372 3038 3740 3089 commorata

2083 3124 2215 3181 fuit.
2249 3124 2319 3178 Et
2346 3138 2482 3196 rege
2515 3127 2695 3177 uncto
2744 3122 3233 3194 apprehendebat
3259 3122 3380 3177 Elis
3431 3139 3622 3178 annos
3647 3124 3736 3178 ’70.

2084 3212 2342 3269 Proinde
2358 3211 2663 3267 ﬂuxerunt
2680 3212 2755 3267 ab
2770 3212 2935 3268 obitu
2955 3213 3148 3268 Josuae
3172 3229 3361 3284 usque
3386 3212 3459 3268 ad
3483 3212 3739 3268 Samueli

2086 3307 2339 3359 mortem
2372 3301 2656 3367 anniﬁtO,
2680 3303 2851 3357 aNoa
2881 3306 2940 3356 et
2965 3301 3185 3357 diluvio
3215 3305 3276 3355 21
3304 3301 3482 3367 20,ab
3513 3301 3740 3357 Adamo

2082 3394 2244 3448 4382.
2278 3391 2451 3446 Enim
2482 3407 2617 3446 vero
2650 3389 2983 3456 Samuelus,
3007 3407 3142 3446 cum
3168 3390 3294 3462 ipse
3330 3390 3405 3445 ob
3440 3394 3741 3446 senectam

2083 3487 2315 3538 aetatem
2347 3480 2587 3552 segnius
2611 3480 2816 3552 populi
2849 3479 3084 3552 negotia
3104 3480 3316 3545 obiret,
3350 3486 3409 3535 et
3454 3480 3562 3535 filii
3611 3480 3742 3552 ejus

2083 3571 2259 3628 donis
2289 3587 2352 3626 se
2384 3570 2682 3641 corrumpi
2712 3570 2870 3641 passi
2901 3570 2974 3625 ab
2998 3569 3620 3641 mquitateidentidem
3644 3569 3743 3625 de-

2084 3661 2414 3724 ﬂecterent,
2446 3659 2667 3733 populo
2699 3664 2946 3731 cogente
2977 3675 3045 3714 ac
3075 3660 3371 3732 permissu
3404 3659 3505 3714 Dei
3538 3675 3739 3733 regem

2083 3749 2304 3823 populo
2334 3749 2619 3804 unctione
2651 3747 2920 3817 designat
2943 3748 3190 3803 Saulum
3211 3748 3335 3803 Kisi
3359 3747 3550 3803 ﬁlium
3581 3748 3736 3804 tribu

2083 3838 2579 3911 Benjaminicum.
2614 3838 2668 3891 Is
2698 3838 2974 3893 Samuelo
2996 3837 3320 3893 auxiliante
3350 3853 3601 3911 regnum
3632 3854 3741 3910 per

2085 3928 2290 4001 viginti
2313 3943 2501 3983 annos
2524 3926 2890 3998 totidemque
2908 3926 3070 3981 solus
3100 3926 3302 3999 gessit.
3337 3926 3648 3983 Samuelus
3664 3943 3734 3983 eo

2084 4020 2370 4091 regnante
2400 4022 2459 4072 et
2488 4017 2839 4071 vaticinatus
2871 4020 2962 4070 est
3018 4021 3075 4071 et
3105 4015 3436 4071 sacerdotio
3471 4016 3733 4072 functus.

2084 4105 2493 4163 AbnerusNeri
2514 4105 2672 4160 ﬁlius
2685 4105 2966 4160 exercitui
2987 4106 3392 4176 praefuitﬂum
3406 4112 3605 4162 autem
3623 4106 3739 4162 Sau

2085 4197 2180 4252 lus
2196 4198 2382 4253 Deum
2397 4212 2806 4268 saepenumero
2828 4194 3196 4263 offendisset,
3220 4211 3288 4250 ac
3307 4195 3563 4251 maxime
3582 4195 3743 4266 quod

2089 4291 2299 4344 contra
2328 4285 2459 4357 ejus
2492 4288 2854 4357 praeceptum
2880 4284 3333 4339 Amalecitaram
3365 4284 3522 4341 150
3543 4300 3744 4354 regem

2088 4377 2352 4449 Agagum
2383 4375 2747 4431 incolumem
2780 4379 3093 4442 servasset,
3127 4374 3211 4429 ita
3240 4378 3331 4429 est
3358 4390 3393 4430 a
3422 4378 3549 4429 vate
3590 4390 3748 4429 com-

2088 4466 2346 4539 pellatus
2365 4467 2448 4520 “z
2496 4488 2522 4516 «
2558 4468 2769 4521 Actum
2800 4470 2893 4520 est
2947 4463 3019 4519 de
3075 4469 3156 4532 te,
3215 4470 3533 4536 prapterea
3588 4464 3748 4535 quod

2090 4554 2442 4612 mandatum
2475 4555 2578 4611 Dei
2609 4554 2865 4610 violasti.
2900 4554 3140 4626 Absque
3174 4554 3338 4609 enim
3396 4555 3509 4611 hoc
3566 4559 3743 4617 esset.

2089 4660 2340 4717 regnum
2370 4647 2539 4699 tuum
2572 4642 2635 4697 in
2667 4641 3008 4699 lsraelicam
3066 4646 3307 4714 gentem
3352 4642 3547 4698 fuerat
3588 4643 3746 4699 Deus

318 4730 426 4794 ἓως
483 4732 686 4806 αἷῷνος
742 4731 830 4787 ἐπὶ
918 4731 1160 4807 Ἰσραὴλ.
1233 4733 1338 4790 Καὶ
1393 4736 1485 4788 νῦν
1543 4731 1605 4789 ού
1658 4734 1911 4805 στήσεται
1940 4736 1976 4804 ἡ

2089 4751 2355 4810 perenne
2400 4735 2684 4791 facturus.
2740 4736 2904 4789 Nunc
2963 4734 3022 4789 id
3075 4750 3196 4790 non
3254 4734 3587 4791 consistet:
3640 4733 3746 4789 sed

323 4820 584 4897 βασιλεία
614 4842 731 4889 σοτ,
756 4819 904 4878 ἀλλά
956 4823 1181 4893 ζητήσει
1245 4821 1447 4897 Κύριος
1510 4823 1794 4898 ἄνθρωπον
1848 4824 1980 4878 κατᾶ

2093 4830 2321 4899 quaeret
2366 4826 2523 4881 Deus
2567 4824 2873 4879 hominem
2930 4839 3000 4879 ex
3059 4824 3245 4879 animi
3303 4825 3395 4880 sui
3449 4824 3744 4879 sententia

317 4913 422 4980 τὴν
453 4907 682 4985 καρδίαν
713 4909 880 4967 αύτοῦ
905 4911 982 4975 εἰς
1010 4910 1251 4987 ἄρχοντα
1299 4910 1388 4967 ἐπὶ
1416 4911 1510 4967 τὸν
1543 4910 1673 4969 λαὸν
1729 4911 1916 4968 αὐτοῦ.
1954 4936 1980 4965 η

2091 4916 2335 4984 factum,
2369 4931 2545 4986 quem
2576 4930 2682 4970 suo
2714 4914 2934 4985 populo
2958 4919 3288 4984 prceponat.
3324 4936 3352 4964 ››
3403 4913 3739 4970 Secundum

323 5001 481 5057 Μετὰ
514 4997 572 5056 δὲ
607 5005 775 5055 ταῦτα
822 5000 1120 5076 γρίσαντος
1174 5002 1268 5057 τὸν
1330 4997 1496 5058 Δαϐὶδ
1537 5006 1634 5057 τοῦ
1692 5002 1980 5076 Σαμουὴλ,

2090 5006 2219 5061 haec
2248 5020 2383 5060 cum
2427 5002 2737 5059 Samuelus
2779 5002 3063 5059 unctione
3091 5002 3376 5059 Davidum
3424 5018 3605 5076 regno
3634 5003 3741 5058 de-

320 5090 441 5146 εἴτα
466 5090 811 5166 γηράσαντος
874 5092 965 5145 καὶ
1012 5092 1465 5163 τελευτήσαντος,
1523 5093 1816 5168 προσέθετο
1851 5091 1980 5165 μᾶλ-

2097 5095 2379 5151 stinasset
2408 5093 2695 5164 senioque
2726 5091 3032 5147 confectus
3052 5091 3212 5147 diem
3237 5108 3409 5147 suum
3441 5091 3744 5157 obivisset,

320 5177 421 5236 λον
476 5182 507 5235 ὁ
564 5179 748 5236 Σαοὺλ
822 5181 1173 5256 παροργίζειν
1255 5181 1349 5237 τὸν
1397 5180 1617 5258 Κύριον.
1683 5184 1842 5246 Ὅθεν
1896 5180 1980 5237 καί

2098 5183 2361 5257 perrexit
2372 5182 2586 5239 Saulus
2604 5182 2781 5237 etiam
2796 5181 3055 5252 amplus
3068 5182 3253 5237 Deum
3266 5181 3521 5236 irritare.
3545 5182 3751 5251 Itaque

316 5274 546 5342 Πνεῦμα
580 5268 784 5345 Κυρίου
841 5270 1048 5339 ἀπέστη
1103 5270 1194 5325 ἀπ’
1250 5269 1438 5340 αὐτοῦ,
1496 5271 1587 5325 καὶ
1643 5265 1853 5345 ἔπνιγεν
1886 5270 1980 5326 αὖ·

2105 5272 2333 5329 etaDei
2356 5272 2577 5345 Spiritu
2600 5271 2872 5328 desertus
2926 5276 3018 5327 est
3068 5276 3186 5327 eta
3223 5269 3484 5342 maligno
3541 5270 3755 5342 spiritu

315 5361 416 5415 τὸν
444 5363 666 5432 πνεῦμα
696 5359 967 5436 πονηρόν.
1025 5357 1104 5417 Οὖ
1164 5361 1329 5439 χάριν
1378 5360 1531 5416 καὶὸ
1569 5357 1738 5416 Δαϐἰδ
1796 5356 1980 5438 ἄγεται

2103 5364 2296 5437 premi
2329 5364 2523 5435 coepit.
2566 5366 2708 5421 Eam
2741 5361 2815 5419 ob
2869 5378 2996 5418 rem
3027 5360 3279 5418 Davidus
3302 5360 3375 5415 ad
3406 5376 3543 5416 eum
3565 5359 3754 5417 addu-

315 5451 459 5525 πρὸς
492 5450 684 5521 αὐτόν,
716 5448 793 5511 εἰς
834 5447 1183 5524 παρηγορίαν
1240 5446 1471 5524 ψάλλων
1532 5447 1623 5506 διὰ
1670 5457 1771 5520 τῆς
1804 5451 1980 5505 κιννύ-

2101 5459 2196 5509 tus
2228 5457 2336 5522 est,
2370 5454 2473 5525 qui
2510 5453 2728 5509 fidibus
2760 5451 2976 5508 ludens
3006 5452 3078 5508 ab
3119 5468 3187 5507 eo
3246 5449 3472 5507 malum
3510 5450 3752 5524 genium

386 5595 434 5633 ⁶⁴
462 5598 489 5653 I
516 5599 660 5655 Rea.
690 5614 783 5654 xv.

605 5612 660 5671 ε.
690 5614 783 5654 xv.

1525 5696 1888 5754 XYLANDRI
1933 5699 1976 5753 E

2089 5698 2279 5755 lOAHI
2319 5698 2540 5755 ΝΟΤιΕ.

389 5809 501 5884 (79)
533 5808 719 5869 Locus
750 5806 1268 5881 corruptissimus.
1302 5806 1559 5863 Historia
1579 5809 1772 5863 exstat
1798 5806 1820 5862 Ι
1852 5809 2073 5881 Regum
2112 5806 2249 5864 libri
2281 5806 2490 5879 primis
2522 5822 2598 5864 vn
2620 5805 2933 5880 capitibus.
2956 5809 3095 5865 XYL.
