4142 6412
396 333 515 393 183

393 466 657 541 abigeret
714 464 1033 536 ipsumque
1113 463 1430 517 recrearet.

395 554 735 612 Goliatbum
795 552 1118 608 barbarum
1197 547 1515 616 interfecit,
1576 546 1762 602 altum
1819 545 2052 601 cubitos

393 651 650 718 quatuor
683 661 753 700 ac
786 643 1165 715 spithamam,
1215 637 1445 694 casside
1504 641 1685 708 caput
1728 639 2050 698 armatum,

394 754 612 809 corpus
644 736 830 791 lorica
868 735 1125 801 hamata,
1166 732 1336 803 cujus
1368 747 1447 784 ms
1479 734 1538 785 et
1564 728 1790 784 ferrum
1823 742 2054 799 appen-

395 827 635 881 debat2
675 843 722 880 s.
784 824 1096 879 unciarum
1146 820 1355 887 millia,
1412 835 1586 874 crura
1635 817 1827 872 ocreis
1879 816 2054 871 wreis

398 922 641 983 tectum,
666 918 995 987 gestantem
1028 910 1240 966 hastile
1274 910 1464 963 instar
1494 905 1773 963 liciatorii
1803 904 2052 961 textoris

399 1005 573 1077 cujus
599 1004 796 1074 cuspis
823 1002 1133 1056 unciarum
1168 1003 1569 1054 trecentarum
1602 997 1815 1063 ferrea,
1850 996 2055 1050 hume-

403 1096 610 1164 risque
665 1108 880 1147 mream
914 1090 1180 1162 aspidem
1232 1088 1544 1144 ferentem.
1596 1086 1678 1142 0b
1728 1085 1787 1139 id
1829 1084 2060 1139 facinus

394 1201 428 1239 a
485 1182 657 1238 Saulo
709 1197 890 1253 gener
944 1179 1226 1247 adscitus,
1283 1177 1490 1232 oborta
1564 1179 1855 1248 praetextu
1916 1174 2054 1229 cho-

392 1290 527 1329 reas
557 1271 906 1327 ducentium
930 1267 1418 1324 muliercularum
1450 1265 1765 1322 cantilena)
1813 1262 2053 1325 invidia.

392 1379 427 1417 a
461 1378 665 1418 socero
698 1360 976 1431 profugit.
1012 1360 1092 1413 Ea
1121 1361 1472 1428 tempestate
1522 1361 1579 1410 et
1634 1371 1818 1426 panes
1858 1369 2056 1410 sacros

395 1450 656 1507 comedit
688 1456 747 1505 et
775 1452 877 1504 338
938 1446 1278 1503 sacerdotes
1333 1444 1546 1502 Saulus
1596 1443 1932 1512 trucidavit,
1965 1459 2061 1497 ur-

398 1540 655 1610 bemque
676 1538 902 1593 Nobam
934 1537 1091 1591 ferro
1114 1534 1382 1604 vastavit,
1418 1533 1700 1589 omnibus
1722 1537 1782 1587 et
1808 1530 2061 1587 homini-

400 1629 511 1683 bus
541 1635 599 1683 et
616 1627 941 1699 pecudibus
966 1625 1319 1691 interfectis,
1345 1623 1472 1678 solo
1504 1622 1783 1677 Abiatare
1815 1620 2055 1676 Abime-

397 1718 556 1775 lechi
589 1718 712 1772 filio
744 1717 891 1774 151
953 1714 1291 1786 superstite,
1326 1713 1427 1784 qui
1469 1711 1607 1784 fuga
1663 1711 1736 1767 ad
1771 1710 2056 1765 Davidum

1760 319 2087 384 GEORGII
2130 321 2494 387 CEDRENI

1541 457 1709 513 Idem
1792 454 2045 511 Davidus

2173 474 2282 523 σας,
2324 458 2414 511 καὶ
2464 456 2756 536 ἀφίσταται
2797 456 2891 511 ἀπ’
2944 456 3112 511 αὐτοῦ
3171 456 3234 511 τὸ
3292 455 3533 531 πονηρὸν
3586 461 3823 530 πνεῦμα,

3707 326 3824 387 184

2161 541 2327 601 ’Ἀλλ’
2384 547 2476 601 οὗν
2536 568 2600 622 γε
2643 544 2881 616 πατάξας
2914 539 3139 601 ὁΔαϐίδ
3202 542 3297 600 τόν
3355 542 3687 623 ἀλλόφυλον
3720 549 3824 604 L0-

2164 631 2313 702 λιάθ,
2344 635 2404 696 ’ὀς
2434 634 2500 704 ἦν
2548 634 2741 706 ἡλικίᾳ
2798 639 3002 710 πηχῶν
3059 635 3333 710 τεσσάρων
3385 633 3479 690 καὶ
3542 637 3824 707 σπιθαμῆς

2164 723 2226 779 τὸ
2256 723 2418 797 ὕψος,
2448 725 2538 779 καί
2587 723 3012 800 περικεφαλαίαν
3067 718 3212 799 ἔχων
3277 723 3365 779 ἐπὶ
3418 730 3518 793 τῆς
3576 723 3825 802 κεφαλῆς

2164 810 2349 881 αύτοῦ,
2392 814 2479 868 καὶ
2544 817 2764 889 θωρακα
2820 810 3158 868 ἁλυσιδωτὸν
3210 809 3370 868 πέντε
3398 811 3673 888 χιλιάδων
3740 816 3826 869 σίι-

2163 900 2312 957 κλων
2351 902 2569 977 χαλκοῦ
2597 904 2687 959 καὶ
2720 900 2972 977 σιδήροῦ,
3005 903 3095 957 καὶ
3144 899 3418 977 κνημῖδας
3467 902 3681 983 χαλκᾶς
3733 902 3827 960 ἐπὶ

2163 994 2230 1049 τὰ
2259 994 2426 1067 σκέλη
2460 995 2647 1065 αὐτοῦ,
2678 996 2767 1050 καὶ
2799 996 2861 1050 τὸ
2904 992 3065 1066 ξύλον
3110 999 3208 1050 τοῦ
3262 992 3489 1071 δόρατος
3548 997 3717 1051 αὐτοῦ
3748 998 3826 1058 ὡς

2166 1082 2343 1142 ἀντίον
2375 1086 2728 1166 ύφαινόντων,
2760 1086 2850 1141 καὶ
2881 1088 2917 1157 ἡ
2952 1086 3032 1141 ἐπ’
3064 1085 3229 1143 αὐτοῦ
3279 1084 3468 1163 λόγχη
3528 1087 3826 1159 ἑξακοσίων

2169 1173 2372 1230 σίκλων
2425 1173 2677 1251 σιδήρου,
2744 1177 2834 1231 καὶ
2889 1175 3051 1238 ἀσπὶς
3115 1175 3301 1252 χαλκῆ
3362 1177 3462 1232 ἀνά
3522 1175 3682 1250 μέσον
3715 1182 3827 1233 τῶν

2662 1266 2765 1324 Καὶ
2848 1265 2937 1322 διὰ
3019 1270 3182 1322 τοῦτο
3239 1263 3690 1343 ἐπιγαμϐρευθεὶς
3746 1272 3832 1342 τῷ

2171 1353 2376 1424 Σαοὺλ,
2431 1356 2523 1411 καὶ
2607 1356 2895 1435 φθονηθεὶς
2970 1356 3239 1437 προφάσει
3294 1361 3402 1411 τῶν
3462 1362 3830 1437 χορευτριῶν,

2169 1442 2557 1520 ἀποδιδράσκει
2597 1446 2689 1501 ἀπ’
2719 1445 2908 1517 αὐτοῦ,
2959 1443 3049 1501 ὅτε
3095 1445 3186 1501 καὶ
3254 1447 3383 1508 τούς
3454 1449 3650 1522 ἄρτους
3723 1454 3833 1517 τῆς

2169 1535 2514 1610 προσθέσεως
2546 1533 2727 1615 ἔφαγε,
2767 1536 2857 1591 καὶ
2904 1534 3033 1597 τοὺς
3087 1535 3436 1611 τριακοσίους
3491 1539 3837 1607 πεντήκοντα

2169 1624 2334 1698 ἱερεῖς
2364 1625 2543 1680 ἀνεῖλε
2576 1623 2782 1699 Σαοὺλ,
2828 1624 2919 1680 καὶ
2968 1630 3140 1680 πᾶσαν
3198 1625 3299 1694 τήν
3372 1625 3536 1681 πόλιν
3602 1623 3837 1698 ἐπάταξε

2169 1708 2398 1787 Νομϐἆν
2452 1713 2504 1768 ἐν
2582 1711 2835 1788 ῥομφαίᾳ
2898 1714 3006 1769 ἀπὸ
3063 1712 3355 1789 ἀνθρώπου
3413 1708 3516 1777 ἔως
3568 1718 3834 1787 κτήνους,

2169 1260 2337 1339 ὤμων
2362 1329 2367 1333 ι
2393 1267 2579 1326 αὐτοῦ.

400 1813 681 1864 evaserat.
707 1806 771 1860 1d
794 1804 1178 1878 parricidium
1201 1802 1361 1859 Sauli
1382 1802 1585 1857 omnia
1608 1800 1832 1874 ﬂagitia
1853 1799 2051 1871 impie-

2173 1808 2267 1902 καὶ
2300 1802 2408 1902 οὐχ
2449 1802 2747 1880 ὑπελείφθη
2800 1802 2852 1874 ἐξ
2893 1801 3090 1902 αὐτιῖν,
3132 1801 3178 1858 εί
3223 1804 3300 1877 μὴ
3368 1798 3649 1879 Ἀϐιάθαρ,
3709 1806 3836 1866 υἱὸς

400 1904 515 1953 tate
551 1896 866 1968 superavit.
896 1894 1122 1966 Quippe
1146 1892 1247 1964 qui
1270 1895 1463 1965 Agago
1487 1897 1546 1947 et
1569 1891 1748 1946 rebus
1773 1889 2053 1945 omnibus

396 1985 672 2059 pretiosis
690 1985 1075 2057 pepercisset,
1097 1983 1145 2036 is
1168 1983 1256 2037 ira
1278 1986 1580 2054 permotos
1596 1984 1699 2035 330
1718 1979 2055 2037 sacerdotes

390 2076 722 2146 urbemque
746 2091 951 2130 eorum
975 2089 1110 2128 cum
1143 2071 1419 2127 omnibus
1450 2070 1802 2126 mortalibus
1820 2069 2053 2125 delevit.

398 2166 710 2221 Enimvero
744 2161 1286 2218 inhumanissimus
1303 2160 1519 2216 Saulus
1552 2159 1929 2215 lenissimum
1958 2160 2057 2214 Da-

394 2256 594 2311 vidum
627 2253 834 2310 crebro
861 2268 1226 2325 persequens
1259 2251 1444 2306 semel
1507 2254 1687 2321 atque
1747 2250 1962 2305 iterum
1995 2249 2056 2304 in

396 2344 528 2416 ejus
560 2359 774 2399 manus
823 2342 1052 2397 incidit.
1088 2343 1338 2396 Tantum
1396 2345 1596 2395 autem
1647 2356 1682 2394 a
1710 2337 2055 2411 reponendo

404 2434 701 2490 maleﬁcio
734 2432 923 2489 abfuit
951 2430 1225 2498 Davidus,
1253 2436 1318 2484 ut
1346 2446 1543 2502 regem
1566 2429 1763 2500 potius
1794 2429 1875 2483 ita
1905 2428 2052 2484 allo-

397 2528 717 2595 queretur:
752 2544 779 2571 «
814 2523 948 2587 Cur,
984 2538 1017 2575 o
1048 2536 1149 2575 rex
1177 2525 1310 2574 vntaa
1343 2535 1490 2574 mem
1525 2518 1826 2573 insidiaris
1856 2518 1883 2572 ‘?
1925 2516 2052 2572 dis-

390 2617 588 2684 ceptet
618 2614 771 2667 Deus
806 2626 1047 2666 causam
1080 2614 1347 2664 nostram
1371 2607 1436 2663 ‘5.
1463 2630 1491 2657 »
1526 2609 1607 2662 Ac
1661 2606 1863 2662 Davidi
1917 2608 2053 2678 qui-

390 2702 524 2757 dem
547 2702 762 2757 domus
788 2699 1076 2773 paulatim
1103 2697 1308 2764 crevit,
1342 2698 1499 2753 Sauli
1553 2696 1781 2752 familia
1823 2713 2052 2752 mares-

399 2796 592 2848 cente.
625 2790 885 2845 Tandem
907 2789 1117 2845 Saulus
1141 2788 1200 2842 in
1220 2787 1345 2843 suis
1371 2786 1786 2858 iniquitatibus
1808 2786 2057 2841 immor-

395 2890 532 2940 tuus
560 2889 669 2948 est,
703 2900 737 2938 a
769 2880 1042 2937 Barbaris
1075 2879 1287 2952 sagitta
1309 2880 1371 2933 in
1401 2878 1507 2934 ilia
1537 2879 1847 2946 conﬁxus;
1896 2877 2054 2949 quod

2165 1887 2496 1969 Ἀϐιμέλεχ,
2529 1892 2717 1970 φυγὼν
2754 1893 2893 1967 πρὸς
2946 1885 3137 1950 Δαϐὶδ.
3198 1892 3348 1964 Αὕτη
3417 1898 3515 1950 τοῦ
3573 1893 3759 1950 Σαοὺλ
3792 1897 3835 1965 ἢ

2176 1982 2458 2061 μιαιφονία
2487 1982 2704 2038 πάντων
2736 1987 2845 2037 τῶν
2878 1979 3065 2038 ἄλλων
3126 1982 3546 2058 ἁμαρτημάτων
3580 1979 3838 2040 δυσσεϐε-

2172 2071 2350 2147 στέρα.
2394 2072 2499 2128 Καὶ
2529 2071 2621 2127 τὸν
2657 2073 2750 2144 μὶν
2783 2072 2962 2149 Ἀγαγ
2996 2067 3242 2142 διέσωσε,
3284 2073 3373 2128 καὶ
3421 2073 3597 2128 πάντα
3627 2073 3728 2129 ὅσα
3757 2072 3831 2149 ᾖν

2169 2160 2481 2232 ἀξιόκτητα·
2513 2164 2611 2215 τοῦ
2642 2157 2700 2215 δὲ
2728 2163 2905 2233 θυμοῦ
2935 2161 3287 2231 κεκινηκότος
3314 2160 3444 2224 τοὺς
3481 2162 3833 2238 τριακοσίους

2170 2251 2511 2319 πεντήκοντα
2556 2250 2721 2323 ἱερεῖς
2778 2248 2869 2303 καὶ
2928 2253 3101 2304 πᾶσαν
3151 2251 3252 2317 τὴν
3304 2248 3472 2306 πόλιν
3524 2248 3832 2327 αὔτανδρον

2171 2337 2461 2416 δεέφθειρε.
2523 2337 2804 2401 Πολλάκις
2865 2337 2923 2395 δὲ
2970 2337 3322 2396 καταδιώκων
3379 2343 3474 2397 τὸν
3522 2342 3832 2417 πραότατου

2170 2424 2931 2504 Δαόὶδὸἀπανθρωπότατος
3000 2428 3185 2487 Σαοὺλ
3253 2429 3329 2492 εἷς
3402 2436 3593 2508 χεῖρας
3653 2428 3827 2488 Δαὸὶδ

2168 2520 2305 2591 ἅπαξ
2348 2519 2440 2575 καὶ
2494 2516 2577 2583 δὶς
2627 2521 2969 2595 ἐμπέπτωκε.
3003 2523 3094 2592 Μὴ
3131 2520 3524 2579 ἀνταποδιδοὺς
3566 2520 3623 2579 δέ
3655 2524 3683 2579 ὁ
3720 2532 3834 2579 Δα-

2172 2605 2263 2665 ϐὶδ
2293 2608 2444 2682 αὐτῷ
2472 2608 2640 2665 κακὸν
2671 2609 2786 2664 ἀντὶ
2815 2615 3008 2677 κακοῦ,
3043 2608 3260 2684 μᾶλλον
3290 2609 3447 2686 ἔλεγε
3476 2613 3615 2687 πρὸς
3643 2612 3834 2674 αὐτόν.

2173 2697 2327 2753 «Ἵνα
2348 2695 2402 2751 τί
2423 2693 2803 2766 καταδιώκεις,
2831 2695 3079 2773 βασιλεῦ,
3107 2693 3317 2767 λαϐεῖν,
3342 2700 3443 2769 τὴν
3468 2701 3655 2779 ψυχήν
3678 2720 3788 2773 μου
3816 2721 3833 2771 ;

2170 2788 2393 2841 Δικάσαι
2424 2785 2623 2860 Κύριος
2668 2783 2829 2858 μέσον
2867 2788 3051 2860 ἡμῶν.
3090 2810 3119 2840 ››
3179 2790 3259 2862 [Ρ.
3297 2791 3390 2863 86]
3423 2790 3523 2845 Καὶ
3570 2791 3598 2846 ὁ
3632 2789 3726 2863 μὶν
3756 2790 3841 2845 οἶ-

2169 2893 2263 2935 κος
2322 2869 2503 2930 Δαϐἱδ
2568 2873 2862 2949 ἐπορεύετο
2917 2877 3011 2932 καὶ
3077 2875 3430 2953 ἐκραταοῦτο,
3480 2879 3509 2935 ὁ
3567 2876 3624 2935 δὲ
3680 2880 3835 2943 οἶκος

393 2974 608 3029 vulnus
638 2989 774 3027 cum
805 2977 1059 3026 mortem
1103 2986 1224 3025 non
1283 2967 1693 3035 accelerasset,
1758 2966 1883 3038 ipse
1942 2967 2052 3021 sibi

2173 2963 2351 3021 Σαοὺλ
2410 2964 2705 3040 ἐπορεύετο
2762 2966 2854 3021 καὶ
2912 2966 3146 3037 ἠσθένει.
3204 2967 3301 3024 Καὶ
3352 2967 3584 3025 ἀπέθανε
3647 2968 3835 3026 Σαούλ

396 3078 606 3117 necem
640 3060 921 3116 conscivit
951 3058 1145 3131 gladio
1185 3075 1291 3113 suo
1342 3056 1718 3125 incumbens,
1742 3073 1817 3112 ne
1849 3073 1883 3112 a
1912 3057 2053 3110 Bar-

398 3152 561 3207 baris
593 3168 700 3222 per
721 3149 1045 3205 ludibrium
1080 3148 1417 3203 haberetur.

2181 3053 2233 3110 ἐν
2263 3059 2383 3117 ταῖς
2438 3053 2689 3128 ἆνομίαις
2752 3054 2939 3124 αὐτοῦ,
2993 3056 3260 3128 τοξευθεὶς
3312 3054 3419 3113 ’ὑπὸ
3475 3063 3583 3115 τῶν
3652 3056 3839 3115 ἀλλο-

2181 3142 2368 3222 φύλων
2407 3142 2484 3208 είς
2528 3143 2596 3199 τὰ
2645 3141 3009 3221 ὑποχόνδρια·
3041 3144 3129 3200 καί
3163 3147 3240 3221 μή
3275 3147 3632 3220 ἀποθνήσκων
3672 3147 3838 3213 αὐτὸς

398 3238 609 3314 γέγννεν
641 3237 1062 3317 αὐτοφονευτὴς,
1098 3235 1366 3290 ἐπιπεσὼν
1395 3232 1481 3289 ἐπὶ
1514 3236 1612 3302 τήν
1640 3234 1912 3309 ῥομφαίαν
1939 3232 2123 3305 αὐτοῦ,
2170 3235 2245 3307 μή
2279 3255 2396 3297 πως
2428 3233 2761 3307 ἐμπαίξωσιν
2791 3235 2955 3290 αὐτὸν
2989 3235 3039 3290 c't
3073 3234 3407 3315 ἀλλόφυλοι.

472 3330 871 3385 PostSaulum
903 3328 1159 3385 Davidus
1192 3343 1373 3400 regno
1399 3343 1504 3398 per
1528 3327 1597 3380 40
1619 3343 1809 3381 annos
1828 3325 2065 3380 functus

407 3426 517 3489 est,
541 3421 671 3475 etin
692 3419 972 3474 omnibus
1003 3418 1175 3473 factis
1208 3417 1307 3471 Dei
1339 3416 1624 3471 voluntati
1657 3415 1870 3487 paruit,
1893 3415 2065 3470 sicuti

397 3509 689 3581 scriptum
720 3514 842 3563 est:
878 3530 905 3557 ‹‹
943 3507 1141 3562 Inveni
1179 3505 1368 3560 ﬁlium
1396 3505 1510 3560 [sai
1536 3505 1846 3570 Davidum,
1874 3505 2061 3560 virum

409 3615 481 3653 ex
511 3598 694 3653 animi
727 3598 842 3653 mei
872 3596 1169 3652 sententia
1198 3612 1209 3649 :
1242 3595 1291 3651 is
1328 3595 1696 3650 voluntatem
1757 3611 1952 3649 meam
2006 3594 2067 3649 in

411 3688 689 3745 omnibus
750 3692 1120 3759 exsequetur.
1159 3707 1187 3737 »
1264 3685 1446 3741 Aﬂ‘uit
1502 3701 1637 3758 ergo
1688 3685 2066 3755 omnipotens

412 3777 656 3843 Davido,
690 3777 858 3848 isque
890 3776 1069 3833 rebus
1101 3774 1379 3830 secundis
1437 3780 1647 3830 auctus
1706 3780 1814 3829 est.
1852 3774 2069 3829 Habuit

410 3871 683 3938 potentes
716 3867 870 3921 viros
903 3865 1144 3937 triginta
1196 3870 1443 3935 septem,
1477 3880 1731 3934 quorum
1779 3864 2066 3920 minimus

410 3962 647 4011 centum
690 3956 848 4023 viris,
884 3955 1177 4010 maximus
1230 3952 1390 4009 mille
1421 3954 1562 4008 viris
1595 3958 2064 4025 compararetur.

411 4048 490 4099 Ex
524 4045 614 4099 his
640 4046 752 4100 fuit
785 4045 1105 4112 Sebochas,
1138 4044 1239 4115 qui
1274 4044 1534 4115 Sephum
1595 4043 1815 4115 Raphaa
1875 4042 2065 4097 filium

408 4137 703 4207 percussit
732 4136 803 4190 de
837 4134 1169 4206 gigantibus
1202 4139 1595 4206 prognatum;
1629 4133 1901 4201 Eleanas,
1962 4132 2063 4203 qui

409 4230 733 4283 Chettmum
766 4230 955 4282 virum
982 4226 1292 4281 robustum
1341 4224 1568 4293 stravit,
1621 4225 1792 4297 cujus
1850 4224 2065 4279 hastile

410 4324 538 4376 erat
566 4317 842 4373 liciatorii
868 4317 1021 4372 152
1043 4316 1293 4372 textoris
1324 4314 1554 4386 aequale
1584 4331 1597 4382 ;
1626 4314 1925 4380 Jonathas,
1965 4313 2065 4385 qui

409 4409 599 4463 virum
623 4408 848 4479 ingenti
863 4407 1076 4463 robore
1095 4423 1162 4462 ac
1180 4406 1338 4461 mole
1361 4405 1629 4476 corporis
1654 4404 1889 4476 dejecit,
1907 4404 2066 4459 senis

408 4497 627 4569 pedum
652 4514 720 4551 ac
754 4512 1037 4551 manuum
1070 4496 1269 4568 digitis
1293 4494 1647 4567 praeditum;
1681 4493 1940 4563 Adinon,
1965 4496 2066 4564 qui

408 4603 527 4641 uno
585 4586 787 4657 prailio
875 4585 1139 4657 gladium
1220 4591 1429 4640 contra
1485 4584 1855 4655 octingentos
1912 4586 2065 4639 viros

411 4675 690 4742 strinxit;
724 4674 1059 4741 Jesebadas,
1088 4674 1189 4745 qui
1220 4691 1341 4729 una
1370 4689 1568 4745 pugna
1601 4679 1898 4728 trecentos
1930 4690 2068 4729 sau-

409 4764 603 4831 ciavit,
624 4765 809 4819 Maras
838 4764 939 4835 qui
966 4764 1237 4819 barbaris
1273 4762 1639 4817 irruentibus
1675 4763 1916 4834 agrique
1941 4780 2071 4833 por-

411 4855 635 4909 tionem
670 4854 828 4909 lente
863 4853 1153 4908 consitam
1201 4852 1458 4923 diripe're
1518 4851 1899 4921 conantibus,
1934 4869 2068 4905 cum

407 4943 634 5016 fugeret
668 4942 944 5015 populus,
979 4941 1142 4996 solus
1174 4942 1299 5013 ipse
1355 4940 1619 4996 substitit
1676 4940 2067 5012 Barbarisque

409 5034 471 5088 in
527 5034 725 5106 fugam
781 5032 928 5087 actis
978 5048 1188 5104 agrum
1247 5030 1550 5097 defendit;
1601 5029 1931 5097 Eleazarus,
1966 5032 2067 5102 qui

408 5140 600 5179 messe
618 5122 822 5178 hordei
845 5121 1015 5175 initia
1028 5136 1163 5175 cum
1191 5120 1581 5175 Barbarorum
1606 5119 1863 5174 adventu
1879 5136 2067 5191 popu-

403 5213 499 5266 lus
529 5213 798 5284 fugisset,
821 5212 1035 5266 unicus
1054 5209 1316 5265 substitit
1338 5215 1395 5264 et
1416 5209 1706 5265 hordeum
1732 5214 1958 5264 tutatus
1977 5214 2067 5265 est

405 5301 734 5372 profligatis
759 5300 1052 5363 Barbaris.
1078 5316 1331 5371 quorum
1353 5305 1578 5355 tantam
1598 5299 1785 5354 edidit
1806 5304 2062 5371 stragem

406 5393 472 5443 ut
500 5407 711 5444 manus
736 5390 863 5459 ejus
889 5390 1207 5462 defatigata
1235 5390 1428 5462 gladio
1479 5390 1817 5457 adhaescrit,
1865 5406 2059 5445 rever-

409 5496 626 5549 susque
667 5486 754 5535 est
798 5480 1049 5551 populus
1081 5479 1153 5536 ad
1203 5479 1454 5553 legenda
1501 5480 1725 5553 spolia;
1783 5480 2058 5549 Banaias,

412 5568 582 5638 cujus
612 5568 799 5623 multa
820 5569 1358 5626 fueruntfacinora.
1409 5570 1589 5627 Filios
1639 5569 1853 5627 Arielis
1904 5571 2056 5626 Moa-

484 5683 531 5719 ⁸⁸
560 5686 583 5738 l
617 5687 752 5757 Reg.
780 5703 927 5755 xxnv,
958 5690 1040 5741 16.

2249 3324 2401 3380 Μετὰ
2456 3320 2514 3379 δὲ
2579 3322 2759 3380 Σαοὺλ
2820 3320 3139 3381 ἐϐασίλευσε
3189 3322 3358 3381 Δαὸἶδ
3426 3325 3522 3399 ἔτη
3561 3330 3829 3405 τεσσαράο

2174 3437 2360 3486 κοντα,
2394 3437 2453 3478 ος
2481 3416 2707 3487 ἐποίησε
2736 3417 2802 3473 τὰ
2832 3415 3118 3491 θελήματα
3154 3423 3256 3474 τοῖ’)
3295 3423 3429 3475 Θεοῦ
3473 3420 3665 3487 πάντα,
3695 3422 3839 3478 κατά

2173 3506 2237 3562 τὸ
2269 3506 2581 3582 εἰρημένον·
2618 3531 2644 3558 ι(
2690 3506 2860 3581 Εὗρον
2895 3508 2984 3563 τὸν
3033 3512 3131 3563 τοῦ
3187 3508 3377 3563 Ἰεσσαί
3441 3503 3609 3564 Δαόἲδ
3661 3508 3840 3573 ἄνδρα

2173 3597 2433 3666 κατάτὴν
2463 3591 2688 3671 καρδίαν
2719 3616 2846 3669 μου,
2907 3597 2966 3657 ὃς
3021 3598 3241 3668 ποιήσει
3306 3597 3482 3653 πάντα
3535 3598 3601 3653 τὰ
3668 3598 3839 3671 θελή-

2179 3683 2323 3758 ματά
2354 3705 2481 3758 μου.
2510 3708 2539 3737 ››
2582 3686 2683 3742 Καὶ
2745 3683 3035 3761 ἐπορεύετο
3102 3682 3270 3743 Δαϐἰδ
3321 3687 3693 3763 πορευόμενος
3739 3689 3837 3744 καὶ

2180 3769 2643 3849 μεγαλυνόμενος,
2675 3775 2767 3829 καὶ
2803 3774 2995 3850 Κύριος
3025 3777 3413 3852 παντοκράτωρ
3468 3778 3581 3851 μετ’
3639 3778 3833 3837 αὐτοῦ.

2180 3864 2319 3943 Εἶχε
2359 3860 2416 3918 δὲ
2471 3863 2562 3918 καὶ
2605 3861 2864 3928 δυνατοὺς
2928 3861 3119 3939 ἄνδρες
3169 3865 3596 3939 τριακονταεπτά
3643 3868 3831 3922 τοιού-

2173 3975 2302 4017 τους
2358 3952 2498 4010 ὥστε
2567 3955 2658 4009 τὸν
2723 3956 2916 4030 μικρὸν
2974 3956 3151 4011 αὐτῶν
3206 3961 3383 4012 ποιεῖν
3432 3957 3569 4034 πρὸς
3619 3958 3834 4028 ἑκατὸν,

2172 4045 2263 4100 τὸν
2299 4042 2355 4100 δὲ
2389 4044 2555 4122 μέγαν
2588 4045 2725 4121 πρὸς
2758 4044 3002 4119 χιλίους.
3039 4046 3125 4119 Ἐξ
3185 4048 3261 4100 ὧν
3312 4046 3422 4102 ἐστί
3489 4049 3557 4103 τά
3586 4047 3837 4121 ὀνόματα

2172 4138 2359 4190 ταῦτα’
2392 4128 2631 4211 Σεϐοχᾶ·
2679 4133 2836 4197 οὗτος
2867 4132 3095 4207 ἐπάταξε
3122 4136 3214 4191 τὸν
3246 4139 3354 4217 Σὶφ
3382 4138 3474 4193 τὸν
3514 4142 3610 4193 τοῦ
3638 4144 3832 4218 Ῥαφᾶ,

2175 4223 2445 4299 ἀπόγονον
2506 4229 2612 4279 τῶν
2701 4226 2990 4302 γιγάντων.
3072 4223 3348 4283 Ἐλεανῖιν.
3410 4226 3568 4291 οὗτος
3617 4228 3832 4284 ἀνεῖλεν

2176 4311 2309 4369 ἅνδα
2342 4309 2563 4369 δυνατὸν
2598 4315 2882 4384 Χετταῖον,
2933 4314 3000 4369 οὗ
3026 4316 3091 4387 ἦν
3125 4317 3188 4372 τὸ
3242 4315 3406 4387 ξύλον
3457 4321 3556 4373 τοῦ
3597 4314 3833 4393 δόρατος

2175 4403 2249 4466 ὡς
2316 4402 2495 4458 ἀντίον
2567 4402 2922 4479 ὑφαινόντων,
2982 4404 3258 4463 Ἰωνάθαν·
3330 4404 3487 4469 οὗτος
3546 4405 3831 4487 ἐφόνευσεν

2176 4489 2344 4567 ἄνδρα
2374 4490 2598 4548 δυνατὸν
2640 4494 2729 4548 καί
2758 4496 3108 4571 παμμεγέθη,
3139 4492 3340 4571 ἔχοντα
3384 4494 3437 4551 ἐν
3494 4503 3615 4561 ταῖς
3671 4498 3832 4573 χερσὶ

2102 4580 2264 4682 Diui
2306 4587 2424 4645 τοῖς
2479 4583 2640 4637 ποσὶν
2702 4583 2802 4639 ἀνά
2853 4583 3153 4648 δακτύλους
3355 4582 3602 4642 ’Δδίνωψ
3668 4585 3834 4652 οὗτος

2179 4670 2448 4727 ἐσπάσατο
2477 4673 2576 4742 τήν
2621 4672 2891 4752 ῥομφαίαν
2942 4673 3109 4730 αὐτοῦ
3169 4672 3257 4730 ἐπί
3299 4674 3633 4731 ὀκτακοσίων
3667 4696 3835 4752 στρα-

2179 4766 2391 4816 τιωτῶν
2425 4761 2501 4824 εἷς
2538 4762 2667 4836 μίαν
2699 4759 3086 4838 παρεμϐολήν.
3120 4760 3414 4822 Ἰεσεόαδᾶ·
3450 4766 3608 4829 οὗτος
3662 4765 3835 4821 iami-

2182 4872 2309 4907 σατο
2340 4854 2438 4923 τὴν
2475 4853 2749 4928 μάχαιραν
2810 4854 2978 4909 αὐτοῦ
3010 4854 3063 4910 ἐν
3089 4860 3265 4930 καιρῷ
3330 4853 3404 4911 ἐνὶ
3461 4854 3549 4911 ἐπὶ
3590 4876 3839 4931 τραυμα-

2176 4945 2309 4996 τιῶν
2340 4943 2689 5018 τριακοσίων.
2725 4944 2905 5019 Μαραο
2956 4944 3118 5006 οὗτος
3144 4949 3248 5000 τῶῖ
3294 4942 3628 5024 ἀλλοφύλων
3670 4940 3836 5001 ἔπελ-

2177 5029 2377 5084 θόντιυν
2448 5029 2537 5085 καὶ
2600 5027 2955 5105 βουλομένων
3000 5030 3262 5106 ’ἁρπάσαι
3315 5033 3414 5102 τήν
3476 5028 3672 5107 μερίδα
3735 5036 3837 5087 τοῦ

2178 5115 2347 5193 ἅγροῦ
2395 5118 2586 5190 πλήση
2634 5120 2795 5175 οὖσαν
2841 5127 3041 5200 φακῆς,
3081 5121 3299 5178 καὶτοῦ
3355 5119 3493 5178 λαοῦ
3546 5122 3835 5198 φυγόντος,

2178 5208 2345 5281 μόνος
2377 5203 2530 5279 ἔστη,
2561 5210 2653 5265 καὶ
2682 5209 2808 5274 τοὺς
2838 5210 2933 5285 μὶν
2982 5209 3343 5285 ἀλλοφύλους
3401 5207 3609 5281 ἐδίωξε,
3640 5212 3741 5282 τήν
3776 5209 3837 5268 δὲ

2177 5294 2376 5372 μερίδα
2406 5302 2502 5353 τοῦ
2554 5298 2729 5374 ἀγροῦ
2786 5298 3067 5376 ἐφύλαξεν.
3124 5298 3409 5376 Ἐλεάζαρ
3471 5301 3627 5364 οὗτος
3684 5302 3839 5377 μερί-

2172 5383 2265 5449 δος
2297 5383 2465 5459 οὔσης
2495 5392 2723 5463 κριθῶν,
2769 5389 2859 5442 καὶ
2894 5389 3007 5444 τῶν
3069 5387 3399 5468 ἀλκοφύλων
3462 5388 3837 5464 ἐπελθόντων,

2170 5477 2395 5533 καὶτοῦ
2428 5477 2564 5533 λαοῦ
2618 5478 2910 5556 φυγόντος,
2974 5479 3134 5553 μόνος
3186 5480 3502 5553 ἐστηλώθη,
3555 5482 3645 5537 καὶ
3703 5482 3836 5546 τοὺς

2184 5568 2283 5641 μὲν
2342 5566 2703 5649 ἀλλοφύλους
2784 5565 2994 5645 ἔτρεψε,
3060 5572 3160 5640 τήν
3215 5569 3272 5627 δὲ
3329 5574 3523 5648 κριθὴν
3583 5569 3832 5630 διέσωσε
