4142 6426
329 363 442 428 185

1486 366 2027 432 HISTORIARUM
2076 367 2611 433 COMPENDIUM

3646 385 3789 455 186¹

322 498 620 562 τοσούτους
647 500 756 577 γὰρ
785 497 1049 575 Ξπάταξεν
1106 502 1159 560 ἓν
1219 508 1336 567 τοῖς
1392 501 1771 586 ἀλλοφύλοις,
1809 499 1914 566 ἕως
1957 504 1987 573 ἡ

2109 504 2226 561 bici
2257 505 2370 562 iste
2398 507 2787 581 percussit,et
2807 510 3063 582 quadam
3098 510 3193 568 die
3226 530 3360 570 cum
3389 516 3493 572 nix
3509 517 3768 589 jaceret,

333 590 464 671 χεὶρ
493 590 662 646 αὐτοῦ
735 593 1054 649 κοπιάσασα
1110 592 1542 670 προσεκολλήθη
1602 597 1674 668 τῇ
1733 590 2000 670 μαχαίρᾳ,

324 681 421 735 καὶ
454 682 481 736 6
512 679 648 743 λαός
681 680 1010 759 ἐπέστρεψεν
1042 684 1221 740 ὀπίσω
1255 684 1424 741 αὗτοῦ
1475 684 1553 747 εἰς
1602 684 1666 740 τὸ
1699 682 2003 746 σκυλεύειν.

329 769 1460 829 υξιι.γ-λλκεέί
1646 770 1672 794 ν
1861 771 1958 793 λ’

386 791 569 834 ανα.ας
728 792 890 835 ουτος
948 794 1021 828 πο
1108 795 1140 829 α
1192 793 1289 848 μεν
1367 795 1437 830 πο
1468 795 1594 846 ησεν
1645 794 1800 852 εργα,
1861 794 2001 828 επα-

327 859 456 929 ταξε
485 856 543 915 δὲ
570 860 663 914 καὶ
690 863 822 924 τοὺς
883 862 1036 927 υἱοὺς
1099 863 1296 938 Ἀριὴλ
1344 868 1443 919 τοῦ
1500 862 1698 934 Μωαὸ,
1765 863 1855 919 καὶ
1910 882 2002 918 κα-

325 943 502 1012 ταϐὰς
524 946 579 1003 ἐν
610 949 853 1025 ἡμέραις
878 952 1075 1028 χιόνος
1106 953 1181 1016 εἰς
1241 952 1443 1009 λάκκον
1503 952 1754 1032 ἐφόνευσε
1784 951 1999 1010 λέοντα.

329 1037 541 1095 Ἀνεῖλε
572 1036 631 1094 δὲ
659 1041 754 1095 καὶ
810 1038 979 1116 ἄνδρα
1043 1040 1343 1120 Αίγύπτιον
1399 1043 1748 1119 ἑπτάπηχυν,
1800 1037 2002 1123 ἔχοντα

328 1125 494 1201 εὔλον
519 1123 822 1203 διαϐάθρας
879 1130 958 1194 ὡς
1013 1128 1163 1207 δόρυ·
1234 1133 1481 1209 ἁρπάσας
1536 1134 1641 1208 γὰρ
1699 1132 1791 1188 ἀπ’
1834 1133 2002 1189 αὐτοῦ

321 1216 388 1273 τὸ
415 1216 579 1291 εὔλον
609 1214 665 1275 ἕν
698 1218 845 1292 αὖτῷ
875 1220 1184 1278 ἀπέκτεινεν
1244 1221 1425 1279 αὐτόν.
1492 1217 1698 1280 Ἀϐεσᾶ
1752 1223 1781 1278 6
1837 1218 2003 1277 ἀδελ-

322 1308 431 1387 φὸς
484 1302 671 1365 Ἰωάῦί
732 1306 894 1371 οὗτος
948 1308 1206 1382 ἐπάταξεν
1267 1308 1466 1388 ἄνδρας
1523 1312 1837 1383 ἑξακοσίους
1908 1309 1999 1368 καί

320 1396 419 1451 τὸν
477 1392 684 1453 Ἰεσϐἆν
728 1397 958 1456 Θέλοντα
1008 1405 1263 1477 φονεῦσαι
1318 1402 1411 1456 τὸν
1476 1396 1640 1457 Δαϐἰδ
1701 1401 1790 1476 (ἦν
1853 1398 1910 1456 δὲ
1965 1401 1995 1457 6

322 1480 534 1542 Ἰεσϐἆν
568 1485 787 1562 ἔκγονος
845 1488 944 1543 τοῦ
1001 1489 1251 1568 Ῥαφᾶν),
1307 1487 1440 1567 δόρυ
1498 1490 1697 1567 ἔχοντα
1750 1494 1995 1565 σταθμοῦ

321 1573 540 1630 σίκλων
601 1577 955 1653 τριακοσίων.
1015 1578 1201 1637 ἰίνίκα
1254 1576 1311 1635 δὲ
1381 1575 1598 1657 ἔτρεχεν
1659 1581 1687 1636 ὁ
1771 1577 1991 1648 Ἀὅεσᾶ,

319 1666 392 1733 ἦν
426 1666 504 1725 ὼς
539 1661 738 1740 ὂορκὲις
777 1663 829 1720 ἒν
887 1671 1007 1730 τοῖς
1056 1666 1225 1743 ὄρεσι.
1285 1672 1444 1745 Τρεῖς
1505 1665 1562 1725 δὲ
1592 1668 1697 1724 ἀπὸ
1726 1673 1834 1724 τῶν
1868 1666 1992 1725 λοι-

315 1758 446 1811 πῶν
477 1750 721 1827 δυνατοὶ,
752 1753 1282 1830 περικυκλωσάντων
1314 1758 1448 1814 ποτε
1506 1762 1615 1812 τῶν
1648 1755 1993 1838 ἀλλοφύλων

314 1844 423 1912 τήν
446 1840 708 1917 Βηθλεὲμ
735 1847 826 1898 καὶ
884 1849 983 1900 τοῦ
1034 1839 1201 1900 Δαϐὶό
1245 1842 1684 1919 ἐπιθυμήσαντος
1732 1849 1874 1902 πιεῖν
1932 1843 1991 1901 ἐκ

315 1938 419 1991 τοῦ
448 1934 503 1989 ἐν
541 1932 797 2008 Βηθλεὲμ
823 1932 1078 2014 φρέατος,
1113 1932 1396 2013 διέρρηξαν
1430 1936 1484 1993 οἱ
1512 1942 1662 2011 τρεῖς
1719 1937 1820 2006 τὴν
1850 1955 1991 2012 παρ-

323 2018 578 2098 ιμὸολῆν
609 2028 719 2080 τῶν
760 2022 1098 2105 ἀλλοφύλων
1155 2028 1242 2101 [Ρ.
1301 2027 1396 2101 87]
1445 2026 1537 2082 καὶ
1596 2023 1832 2102 ἤνεγκαν
1911 2030 1991 2098 τῷ

336 2114 497 2174 Δαῦιό
548 2116 696 2195 ὕδωρ
743 2118 852 2174 ἀπὸ
903 2122 1000 2174 τοῦ
1057 2119 1307 2200 φρέατος.
1359 2121 1422 2178 Ὁ
1455 2116 1513 2174 δὲ
1553 2121 1834 2193 θαυμάσας
1887 2120 1987 2189 τήν

340 2207 554 2284 ἆνέρέαν
580 2210 754 2265 αὐτῶν
788 2209 889 2265 οὐκ
908 2207 1029 2266 ἔπιε
1056 2212 1117 2266 τὸ
1175 2206 1347 2288 ὕδωρ,
1396 2209 1528 2268 ἀλλ’
1586 2207 1827 2267 ἔσπεισεν
1855 2209 1990 2265 αὐτὸ

340 2300 421 2369 τῷ
451 2299 651 2373 Κυρίῳ,
682 2296 882 2373 λέγων·
928 2323 956 2352 α
987 2297 1182 2363 Ἵλεώς
1217 2321 1334 2375 μοι,
1378 2300 1567 2377 Κύριε,
1599 2300 1643 2356 εί
1689 2301 1829 2375 αἷμα
1887 2300 1988 2355 ἆν-

336 2388 566 2464 θρώπιον
589 2389 963 2463 πορευθέντων
998 2387 1049 2444 ἐν
1079 2394 1197 2454 ταῖς
1227 2394 1434 2466 ψυχαῖς
1482 2389 1658 2446 αὐτῶν
1685 2390 1923 2464 πίωμαι.
1957 2414 1986 2442 ››

323 2476 571 2551 Ὁμοίως
631 2475 690 2533 δὲ
755 2477 845 2533 καὶ
890 2479 943 2533 οἳ
1000 2476 1190 2534 λοιποὶ
1248 2478 1427 2535 αὐτῶν
1483 2479 1733 2556 ὑπῆρχον
1798 2476 1987 2554 ἄνδρες

321 2565 763 2644 ἆκαταγώνιστοι
794 2567 885 2622 καὶ
939 2563 1320 2648 φοϐερώτατοι
1374 2573 1489 2631 τοῖς
1547 2568 1833 2638 ἐναντίοις,
1893 2570 1985 2624 θυ-

320 2656 484 2731 ρεοὺς
544 2654 766 2732 ἔχοντες
821 2657 915 2712 καὶ
976 2653 1178 2734 δόρατα
1210 2656 1462 2737 μέγιστα,
1503 2658 1593 2714 καὶ
1643 2663 1986 2738 κοῦφοιτοῖς

318 2744 488 2801 ποσὶν
520 2745 598 2808 ὡς
630 2743 889 2821 δορκάδες
924 2743 1149 2802 ἐπὶτῶν
1200 2746 1392 2822 ὀρέων,
1450 2746 1543 2803 καὶ
1598 2749 1665 2804 τὰ
1716 2747 1987 2823 πρόσωπα

320 2835 508 2890 αὐτῶν
533 2836 611 2897 ὡς
641 2835 910 2910 πρόσωπα
940 2833 1195 2892 λεόντων.
1228 2840 1349 2892 Τῶν
1401 2833 1459 2892 δέ.
1513 2858 1577 2912 γε
1631 2835 1986 2911 πολεμιστῶν

314 2929 420 2980 τοῦ
449 2928 641 2980 κοινοῦ
673 2922 813 2979 λαοῦ
843 2922 937 2987 οὕς
965 2923 1113 3001 εἶχεν
1148 2925 1175 2980 ὁ
1219 2919 1410 2995 Δαὸὶδ,
1466 2928 1533 2995 ἦν
1587 2926 1818 3002 ἀριθμὸς
1881 2948 1984 2999 μυ-

318 3010 509 3089 ριᾶδες
543 3010 663 3069 σλδ“
693 3015 828 3088 (80),
860 3013 1040 3079 καθὼς
1100 3015 1488 3090 ἠριθμήθησαν
1525 3015 1629 3070 ὑπὸ
1661 3009 1825 3073 ’Ῑιυὰό
1885 3019 1983 3072 τοῦ

312 3103 790 3182 ἆρΖιστρατήγου.
827 3104 974 3174 Φησὶ
1006 3103 1132 3181 γάρ’
1158 3128 1185 3155 ι(
1221 3104 1323 3161 Καὶ
1369 3103 1663 3177 προσέθετο
1712 3106 1848 3180 ὀργῇ
1882 3104 1985 3163 K5-

316 3213 437 3269 ριος
479 3193 741 3264 ἐκκαῆναι
804 3193 857 3249 ἒν
913 3192 1161 3268 Ἰσραήλ,
1218 3195 1306 3249 καὶ
1367 3193 1608 3251 ἐπὲσεισε
1662 3195 1755 3250 τὸν
1813 3192 1982 3251 Δαόἶδ

315 3265 368 3341 6v
404 3284 594 3348 αὐτοῖς
623 3282 822 3362 λέγων·
856 3265 1166 3359 Πορεύθητι
1192 3285 1280 3341 καὶ
1299 3284 1605 3359 ἀρίθμησον
1628 3285 1722 3340 τὸν
1754 3284 1980 3360 Ἰσραὴλ
2021 3265 2065 3333 C

316 3377 413 3431 καὶ
442 3374 537 3429 τὸν
571 3370 804 3431 Ἰούδαν.
861 3374 966 3430 Καὶ
1026 3374 1173 3430 εἶπεν
1235 3374 1264 3429 6
1327 3371 1585 3451 βασιλεὺς
1626 3375 1763 3450 πρὸς
1822 3369 1988 3432 Ἰωᾶὄ

319 3464 414 3521 τὸν
450 3462 697 3539 ἄρχοντα
734 3470 835 3532 τῆς
888 3462 1083 3543 ἰσχύος
1115 3464 1208 3520 τὸν
1271 3464 1388 3538 μετ’
1416 3463 1603 3522 αὐτοῦ.
1663 3463 1986 3540 Ἶῧπίσκεψαι

319 3555 417 3611 τὸν
475 3553 633 3623 λαὸν,
692 3553 782 3609 καὶ
831 3555 1109 3629 γνώσομαι
1165 3554 1258 3611 τὸν
1324 3553 1554 3629 ἀριθμὸν
1614 3553 1799 3610 αὐτοῦ.
1884 3554 1985 3611 Καὶ

325 3644 471 3701 εἶπεν
508 3639 692 3701 ’[ωάϐ·
727 3642 998 3719 [lpos-05M
1034 3642 1239 3718 Κύριος
1297 3644 1325 3699 ὁ
1384 3644 1515 3705 Θεὸς
1557 3644 1695 3719 πρὸς
1726 3643 1817 3699 τὸν
1849 3640 1982 3699 λαόν

325 3753 444 3789 σου·
477 3734 570 3788 καὶ
598 3732 685 3789 ἳνα
714 3734 768 3788 τί
799 3735 828 3789 6
864 3733 1058 3808 Κύριος
1103 3754 1208 3805 μου
1271 3730 1528 3808 βούλεται
1588 3731 1639 3788 ἐν
1692 3736 1772 3805 τῷ
1833 3731 1986 3810 λόγῳ

321 3826 506 3896 τούτῳ
537 3843 552 3890 ;
588 3823 684 3878 Καὶ
718 3823 1078 3897 ὑπερίσχυσεν
1111 3825 1138 3878 6
1170 3823 1338 3899 λόγος
1393 3827 1491 3878 τοῦ
1545 3822 1835 3893 βασιλέως,
1894 3823 1985 3878 καὶ

322 3912 571 3983 ἀπῆλθεν
626 3908 792 3969 Ἰωᾶϐ
852 3913 943 3968 καὶ
1005 3913 1342 3987 ἐπεσκέψατο
1394 3914 1488 3969 τὸν
1544 3911 1699 3969 λαόν.
1762 3913 1866 3970 Καὶ
1919 3915 1986 3983 ἦν

320 4008 427 4065 πΞς
480 4002 709 4078 Ἰσραὴλ
761 3999 948 4059 χίλιαι
1008 4000 1263 4078 χιλιάδες
1320 4002 1410 4057 καὶ
1479 4002 1668 4058 ἑκατὸν
1732 3999 1983 4079 χιλιάδες

320 4091 538 4169 ἀνδρῶν
573 4090 925 4166 ἐσπασμένων
958 4090 1254 4171 ῥομφαίαν,
1315 4093 1404 4147 καὶ
1463 4090 1677 4155 Ἰούδας
1728 4089 1982 4169 χιλιάδες

320 4184 671 4258 τετρακόσιαι
758 4178 1103 4260 ὀγδοήκοντα
1173 4178 1379 4257 ἀνδρῶν
1462 4179 1815 4257 ἐσπασμένων
1886 4182 1985 4256 μά-

320 4294 547 4351 χαιραν.
577 4274 677 4328 Τὸν
712 4270 771 4328 δὲ
800 4273 933 4328 Λευῗ
980 4273 1070 4328 καὶ
1099 4273 1191 4329 τὸν
1231 4271 1488 4347 Βενιαμὶν
1519 4274 1621 4329 ὸῦκ
1652 4273 1980 4348 ἠρίθμησεν,

319 4363 878 4439 δτιπροσώχθισενὸ
940 4360 1111 4441 λόγος
1169 4366 1268 4418 τοῦ
1330 4362 1600 4439 βασιλέως
1643 4364 1737 4420 τὸν
1796 4358 1980 4437 Ἰωᾶϐ,

319 4453 409 4510 καί
452 4452 694 4527 πονηρὸν
728 4452 898 4527 ἒφάνη
934 4450 1173 4509 ἐναντίον
1232 4456 1330 4508 τοῦ
1386 4456 1540 4509 Θεοῦ.
1601 4451 1700 4508 Καὶ
1757 4453 1983 4526 ἐπάταξε

318 4540 518 4618 καρδία
556 4536 724 4599 Δαϐὶδ
756 4539 919 4598 αότὸν
948 4540 1003 4597 ἐν
1059 4547 1140 4615 τῷ
1197 4541 1503 4618 ἀριθμῆσαι
1534 4542 1627 4597 τὸν
1680 4541 1834 4598 λαὸψ
1889 4542 1978 4597 καὶ

2113 594 2174 650 in
2201 595 2427 651 foveam
2459 596 2788 668 descendit,
2821 599 3002 670 inque
3050 617 3120 657 ea
3177 601 3415 660 leonem
3446 606 3764 680 jugulavit.

2113 684 2276 740 Idem
2305 687 2636 759 Egyptium
2659 688 2978 758 quemdam
2992 694 3217 762 septem
3241 693 3473 750 cubitos
3496 695 3763 769 longum,

2111 774 2212 845 qui
2246 774 2405 848 ligno
2442 778 2680 832 nautico
2712 777 2895 833 hastas
2935 779 3065 835 loco
3123 781 3402 838 utebatur
3430 800 3764 858 aggressus,

2108 863 2337 936 lignum
2370 864 2429 920 id
2452 865 2505 920 ei
2529 867 3090 941 eripuit,ipsumque
3122 887 3190 925 eo
3209 872 3763 945 necavitAbisaius,

2107 953 2272 1009 Joabi
2302 954 2504 1022 frater,
2539 956 2644 1011 600
2675 958 2827 1012 viros
2868 960 3181 1030 percussit,
3243 967 3301 1016 et
3343 962 3601 1031 Jesbam,
3664 965 3768 1037 qui

2107 1042 2330 1101 Davido
2355 1045 2578 1100 caedem
2611 1045 2962 1103 intentabat.
2998 1049 3130 1103 Fuit
3159 1049 3209 1104 is
3238 1052 3444 1107 Jesbas
3476 1070 3544 1107 ex
3566 1060 3765 1125 poste-

2103 1131 2188 1187 ris
2219 1132 2458 1204 Raphm,
2494 1134 2666 1207 cujus
2722 1136 2923 1208 cuspis
2977 1139 3075 1192 150
3123 1140 3331 1195 uncias
3368 1142 3762 1213 appendebat.

2097 1222 2243 1278 Cum
2273 1222 2552 1280 Abisaius
2578 1231 2865 1296 curreret,
2902 1226 3114 1283 similis
3152 1233 3279 1284 erat
3322 1246 3551 1301 capreae
3582 1249 3761 1287 mon-

2097 1316 2272 1368 tanae.
2290 1312 2435 1369 Cum
2467 1320 2665 1369 autem
2698 1316 2956 1387 quodam
2974 1322 3241 1389 tempore
3265 1320 3762 1377 BarbariBetlile-

2103 1402 2341 1459 bemam
2365 1401 2675 1459 obsidione
2693 1404 3115 1475 cinxissent,ac
3132 1409 3169 1462 Ι
3183 1408 3542 1464 53Davidus
3554 1416 3761 1482 potum

2101 1508 2270 1565 aquaa
2286 1491 2356 1547 de
2369 1491 2527 1548 fonte
2542 1493 3024 1551 Bethlehemensi
3043 1496 3558 1565 desideraret,tres
3570 1500 3676 1554 viri
3693 1501 3764 1555 de

2100 1580 2349 1652 reliquis
2360 1582 2704 1654 potentibus
2716 1588 2913 1640 castra
2928 1586 3322 1641 Barbarorum
3337 1594 3767 1660 perruperunt,

2100 1669 2344 1742 regique
2368 1686 2473 1725 suo
2497 1688 2712 1744 aquam
2736 1672 2809 1729 de
2840 1672 2944 1728 illo
2968 1674 3128 1729 fonte
3145 1675 3760 1734 attulerunt.Davidns

2101 1777 2306 1817 eorum
2338 1760 2749 1819 fortitudinem
2782 1763 3110 1820 admiratus
3163 1782 3285 1821 non
3334 1766 3485 1822 bibit
3513 1784 3753 1839 aquam,

2022 1892 2066 1953 Β
2103 1851 2206 1906 sed
2226 1851 2479 1906 Domino
2504 1867 2635 1908 eam
2666 1852 2979 1917 libavit,ita
3012 1853 3167 1909 fatus
3190 1853 3258 1910 ‘6:
3280 1856 3577 1928 Proliitius
3607 1858 3757 1912 mihi

2101 1939 2494 2007 sis,Domine:
2528 1957 2652 1997 non
2681 1941 2883 1997 bibam
2932 1943 3283 2015 sanguinem
3339 1946 3621 2014 virorum,
3651 1948 3756 2018 qui

2098 2028 2229 2085 vitm
2257 2047 2378 2086 suae
2409 2031 2676 2102 periculo
2699 2048 2830 2087 eam
2860 2032 3112 2088 attulere
3131 2049 3367 2105 aquam.
3398 2055 3423 2084 ιο
3452 2034 3664 2090 Itidem
3700 2040 3758 2091 et

2098 2119 2539 2193 reliquieorum
2576 2121 3013 2193 insuperabiles
3048 2129 3239 2192 erant,
3273 2141 3627 2197 summoque
3645 2126 3754 2181 ho-

2099 2208 2289 2265 stibus
2331 2211 2568 2278 terrori,
2598 2211 2782 2268 scutis
2813 2212 3025 2267 armati
3058 2216 3118 2267 et
3156 2213 3341 2269 hastis
3399 2214 3758 2286 praegrandi-

2097 2297 2232 2367 bus,
2264 2315 2561 2371 cursuque
2603 2301 2794 2356 instar
2848 2307 3263 2357 montanarum
3301 2320 3613 2376 caprarum
3658 2320 3757 2359 ve-

2098 2387 2280 2457 loces,
2313 2405 2382 2445 ac
2408 2390 2569 2445 vultu
2603 2390 2844 2446 leonino
2867 2391 3121 2462 prmditi.
3150 2397 3442 2449 Caeterum
3468 2411 3757 2451 numerus

2098 2478 2358 2534 militum
2382 2496 2531 2551 quos
2555 2480 2627 2535 de
2660 2480 2881 2553 populo
2907 2481 3162 2539 Davidus
3184 2482 3460 2550 habebat,
3484 2482 3755 2539 fuit2340

2096 2567 2309 2633 millia,
2353 2585 2531 2640 quem
2572 2569 2816 2640 quidem
2873 2570 3090 2625 Joabus
3150 2572 3447 2627 exercitus
3477 2574 3756 2645 princeps

2097 2658 2388 2729 concepit.
2421 2659 2506 2713 Ita
2521 2659 2679 2714 enim
2696 2658 2982 2730 scriptum
3007 2665 3097 2716 est
3111 2658 3158 2694 ⁴⁷
3187 2677 3200 2715 :
3225 2664 3408 2716 Porro
3431 2668 3630 2717 autem
3659 2663 3753 2718 ira

2095 2745 2331 2803 Domini
2355 2746 2635 2802 adversus
2666 2747 3011 2803 Israelicum
3043 2749 3333 2821 populum
3372 2751 3594 2806 exarsit
3622 2768 3635 2819 ;
3667 2752 3754 2806 is-

2096 2851 2211 2908 que
2243 2835 2529 2892 Davidum
2552 2836 2895 2892 incitavitut
2921 2838 3298 2912 mitteretqui
3315 2840 3660 2896 Israelicum
3684 2859 3754 2898 ac

2094 2925 2402 2982 Iudaicum
2434 2924 2723 2998 populum
2739 2928 3451 2984 numerarent.Mandavit
3480 2946 3617 3003 ergo
3647 2948 3752 2986 rex

2093 3014 2272 3072 Joabo
2297 3031 2538 3071 suarum
2569 3016 2876 3088 copiarum
2908 3033 3142 3072 summo
3176 3017 3333 3086 duci,
3370 3024 3433 3073 ut
3464 3020 3753 3091 populum

2094 3105 2484 3177 perlustraret
2513 3105 2745 3176 sibique
2777 3106 2906 3179 ejus
2930 3124 3246 3163 numerum
3276 3108 3588 3165 indicaret.
3621 3110 3755 3168 Joa-

2094 3195 2204 3251 bus
2218 3194 2918 3263 tametsi,incrementum
2933 3196 3270 3270 populiregi
3295 3205 3590 3269 precatus,
3609 3217 3751 3256 cau-

2095 3290 2329 3341 saretur
2354 3285 2465 3342 sibi
2495 3286 2715 3342 mirum
2738 3286 2922 3342 videri
2955 3304 3062 3342 cur
3090 3303 3193 3343 rex
3237 3288 3347 3343 hoc
3384 3290 3511 3344 ﬁeri
3549 3290 3746 3356 vellet,

2096 3380 2297 3431 tamen
2322 3376 2476 3448 regis
2496 3376 2775 3432 mandato
2799 3376 3154 3448 praevalente
3178 3376 3323 3433 abiit
3339 3378 3749 3450 populumque

2095 3465 2477 3537 perlustravit
2528 3466 2774 3521 Inventa
2830 3472 2969 3521 sunt
3026 3466 3288 3522 Israelici
3346 3468 3549 3540 pOpuli
3611 3471 3749 3524 1100

2094 3553 2285 3609 millia
2315 3554 2570 3610 virorum
2604 3553 2865 3627 gladium
2917 3555 3359 3629 stringentium,
3413 3563 3472 3612 et
3520 3557 3749 3614 Judair-i

2092 3645 2198 3699 480
2229 3643 2438 3699 millia.
2474 3644 2636 3699 Levis
2664 3650 2723 3699 et
2752 3644 3086 3716 Benjamini
3116 3645 3305 3701 tribus
3326 3662 3590 3702 recensm
3624 3664 3745 3702 non

2094 3739 2270 3790 sunt:
2303 3735 2633 3789 offenderat
2655 3734 2813 3790 enim
2842 3735 3203 3808 regissermo
3223 3735 3492 3792 Joabum.
3527 3736 3740 3808 Displi-

2093 3824 2422 3879 cuitautem
2459 3825 2539 3882 l5
2553 3828 2600 3880 4
2616 3825 2733 3880 Deo
2748 3824 2807 3880 id
2820 3824 3065 3892 factum,
3099 3831 3272 3882 etcor
3286 3826 3747 3882 Daviditremuit

2093 3912 2368 3968 instituta
2417 3929 2487 3968 ea
2519 3913 3022 3969 dinumeratione.
3058 3914 3346 3971 Dominus
3387 3931 3522 3987 ergo
3555 3920 3747 3971 vatem

2094 4001 2319 4057 Gadum
2351 4002 2426 4057 ad
2459 4002 2741 4057 Davidum
2774 4003 2957 4070 misit,
2993 4004 3093 4075 qui
3126 4004 3177 4058 ei
3211 4003 3336 4059 suis
3364 4004 3559 4059 verbis
3589 4004 3750 4059 indi-

2092 4097 2254 4148 caret
2281 4091 2581 4162 cptionem
2615 4091 2727 4163 ipsi
2785 4091 2912 4147 dari
2971 4092 3263 4149 liberam:
3297 4094 3387 4149 vel
3435 4094 3748 4165 penuriam

2095 4179 2450 4235 triennalem
2481 4180 2669 4252 regni,
2701 4180 2791 4236 vel
2823 4180 3001 4236 trium
3033 4181 3332 4237 mensium
3356 4182 3556 4254 fugam
3577 4183 3749 4239 inse-

2092 4269 2416 4342 quentibus
2447 4269 2742 4338 hostibus,
2776 4270 2866 4325 vel
2897 4276 3124 4342 pestem
3185 4270 3366 4327 trium
3417 4270 3650 4326 dierum
3687 4272 3749 4327 in

2094 4377 2272 4430 regno
2306 4377 2412 4416 suo
2444 4358 2751 4433 deligeret.
2811 4360 3139 4432 Respondit
3192 4377 3296 4416 rex
3354 4377 3417 4416 se
3475 4360 3538 4415 in
3571 4361 3751 4417 tantis

2091 4450 2383 4524 angustiis
2412 4456 2750 4507 versantem
2774 4450 2952 4507 malle
2984 4451 3046 4505 in
3077 4451 3204 4517 Dei,
3237 4450 3408 4523 cujus
3436 4450 3749 4523 multiplex

2091 4549 2251 4600 esset
2281 4544 2903 4616 misericordia,quam
2936 4544 2999 4600 in
3032 4544 3345 4600 hominum
3370 4544 3749 4601 manusinci-

322 4630 612 4689 ἀπέστειλε
645 4630 842 4706 Κύριος
872 4629 981 4687 Γὰδ
1039 4633 1135 4686 τὸν
1192 4634 1482 4710 προφήτην
1504 4631 1639 4708 πρὸς
1672 4627 1862 4703 Δαϐὶδ,
1894 4632 1984 4688 καὶ

2097 4633 2270 4690 dere:
2304 4634 2553 4706 proinde
2595 4634 3001 4707 pestilentiam
3051 4634 3355 4706 prmferre.
3404 4636 3555 4705 Ergo
3612 4652 3748 4691 cum

320 4723 461 4777 εἶπε·
481 4719 626 4779 Τάδε
651 4720 798 4796 λέγει
829 4720 1051 4795 Κύριος·
1083 4719 1342 4792 Ἔκλεξαι
1374 4721 1582 4795 σεαυτῷ
1612 4722 1858 4797 γενέσθαι
1891 4742 1982 4777 σοι

317 4809 354 4881 ἤ
385 4817 515 4888 τρία
545 4810 640 4880 ἔτη
673 4810 842 4885 λιμὸν
877 4811 929 4866 ἐν
959 4814 1028 4886 τῇ
1171 4831 1290 4880 σου,
1347 4811 1381 4880 ἢ
1442 4818 1618 4885 μῆνας
1673 4816 1820 4887 τρεῖς
1852 4812 1981 4889 φεύ-

319 4923 436 4979 γειν
472 4922 532 4957 σε
560 4899 621 4957 ἐκ
648 4907 755 4956 τῶν
785 4899 1001 4977 ἐχθρῶν
1062 4921 1159 4956 σου
1220 4897 1548 4976 ἔμπροσθεν,
1581 4900 1616 4971 ἢ
1658 4907 1803 4976 τρεῖς
1831 4901 1981 4974 ἡμέ-

318 5013 418 5066 ρας
476 4993 702 5057 θάνατον
762 4990 816 5047 ἓν
874 4995 942 5065 τῇ
993 4995 1067 5066 γῇ
1128 5012 1247 5048 σου.
1306 4991 1408 5049 Καὶ
1464 4993 1579 5048 εἶπε
1629 4985 1794 5047 Δαϐἰδ
1844 4993 1981 5067 πρὸς

318 5081 427 5138 Γὰδ
485 5082 659 5138 Στενά
683 5103 777 5157 μοι
827 5078 1035 5159 σφόδρα
1092 5081 1356 5138 πάντοθὲν
1418 5082 1553 5138 ἐστι·
1613 5079 1762 5153 πλὴν
1819 5080 1984 5158 ἐμπε-

387 5183 437 5233 ίδ
466 5185 516 5239 II
546 5186 685 5257 Reg.
719 5199 885 5249 nm,
918 5186 1003 5239 l7.
1035 5181 1080 5217 ⁸⁷
1114 5182 1163 5238 Il
1194 5184 1333 5257 Reg.
1367 5200 1520 5239 xxxv.

2096 4723 2330 4780 triticea
2381 4724 2597 4780 messis
2647 4729 2823 4789 esset,
2881 4724 3037 4780 luem
3089 4725 3242 4780 Deus
3312 4724 3593 4781 lsraelico
3651 4742 3751 4797 po-

2094 4812 2233 4886 pulo
2266 4813 2548 4880 immisit;
2609 4830 2676 4869 ac
2707 4815 3015 4885 perierunt
3073 4813 3146 4870 ab
3205 4831 3421 4870 aurora
3448 4831 3640 4886 usque
3671 4814 3748 4871 ad

2094 4903 2331 4975 prandii
2363 4903 2571 4958 horam
2599 4904 2671 4958 70
2701 4903 3013 4959 hominum
3046 4903 3255 4961 millia.
3296 4906 3544 4976 Jamque
3566 4905 3745 4960 etiam

2094 4993 2169 5049 ad
2199 4993 2528 5049 Jerusalem
2560 4993 2807 5067 angelus
2837 5011 3081 5051 manum
3129 4995 3507 5063 extendebat,
3561 5000 3628 5049 ut
3684 4994 3746 5049 in

2095 5098 2165 5140 ea
2189 5088 2445 5158 stragem
2477 5084 2698 5142 ederet.
2731 5084 2817 5140 lbi
2875 5084 3128 5140 Davidus
3186 5085 3502 5140 Dominum
3559 5083 3749 5139 inter-

1593 5274 1961 5331 XYLANDBI
1999 5276 2087 5330 ET
2127 5274 2341 5331 GOARI
2385 5274 2609 5331 NOTAE.

391 5376 507 5447 (80)
533 5373 639 5447 Hic
669 5388 960 5428 numerus
990 5389 1185 5447 neque
1206 5390 1341 5447 cum
1373 5374 1449 5447 iis
1470 5391 1602 5446 quae
1634 5375 1979 5442 statim,ne-

315 5444 431 5521 que
445 5444 583 5521 cum
606 5446 677 5500 iis
693 5460 827 5516 qua)
858 5459 979 5521 non
1011 5444 1199 5501 multo
1217 5445 1462 5521 inferius
1476 5444 1979 5521 dicuntur,neque

317 5516 735 5599 omnino‘cum
765 5516 1015 5599 veritate
1044 5517 1861 5599 congruit.Josepbus,Antiq.
1881 5516 1976 5599 vn,

321 5591 951 5680 {Omab'etnnpmerujm
978 5587 1435 5678 Israeliticorum
1457 5587 1773 5659 ἐνενήκοντα
1789 5587 1980 5680 μυριά-

321 5659 438 5731 ὂεις,
486 5663 722 5728 900000,
782 5657 1127 5734 Iudaeorum
1199 5657 1600 5734 τεσσαράκοντα
1685 5657 1977 5734 μυριάδας,

317 5728 528 5793 ιοοοοο
592 5736 863 5791 Zonaras
915 5728 1127 5788 horum
1185 5728 1418 5803 500000,
1471 5728 1712 5792 illorum
1763 5728 1977 5793 800000

2090 5390 2410 5429 numerum
2440 5373 2701 5444 concipit
2728 5390 2740 5440 ;
2777 5390 2909 5443 qua;
2939 5378 3031 5428 est
3061 5372 3321 5429 Bibliaca
3351 5388 3604 5429 summa.
3637 5372 3748 5428 Ce-

2093 5444 2313 5527 grenus
2338 5463 2494 5517 saepe
2526 5445 2730 5527 variat,
2765 5444 3017 5510 librarii,
3057 5450 3242 5527 _put9,
3303 5445 3498 5527 culpa.
3523 5515 3536 5527 ‘
3560 5447 3744 5527 P‘orro

2089 5515 2501 5573 Hebraismum
2517 5533 2636 5572 non
2651 5517 2965 5571 obscurum
2984 5515 3350 5588 retinui,quo
3364 5515 3468 5571 viri
3486 5515 3747 5588 gladium

2090 5588 2802 5663 stringentesidentidem
2838 5588 2899 5663 in
2932 5588 3237 5663 Scriptura
3288 5589 3588 5660 dicuntur,
3643 5590 3746 5661 qui

2089 5659 2272 5720 atate
2290 5667 2350 5719 et
2367 5660 2578 5718 robore
2611 5664 2751 5716 sunt
2775 5659 3043 5715 militari.
3078 5661 3217 5716 XvL.
