4142 6424
417 410 535 472 18³7

1778 397 2094 461 GEORGII
2137 397 2481 464 OEDBENI

3718 408 3825 481 188

419 545 682 619 pellavit,
725 559 894 600 suam
940 558 1071 600 esse
1129 538 1388 611 culpam,
1422 554 1486 593 se
1516 540 1816 626 pastorem
1866 533 2073 607 populi

2188 538 2390 626 σοῦμαι
2421 534 2497 626 εἰς
2526 542 2718 626 χεῖρας
2775 537 2994 613 Κυρίου,
3055 537 3141 594 ὅτι
3188 536 3396 597 πολλοὶ
3449 544 3500 599 ol
3559 543 3824 626 οἶκτιρμοὶ

420 634 767 707 deliquisse,
802 631 1037 689 nullum
1062 644 1190 685 esse
1214 628 1408 685 ovium
1429 624 1823 682 maleﬁcium:
1845 640 1906 679 se
1940 638 2078 695 ergo

420 728 576 782 Deus
598 730 655 781 et
683 730 995 797 paternam
1016 719 1217 778 Davidi
1240 719 1529 774 familiam
1561 717 1757 790 potius
1769 714 2082 788 afﬂigeret.

418 818 709 871 Exoratus
741 816 894 870 Deus
922 812 1131 884 angelo
1156 808 1540 866 mandavitut
1554 823 1793 862 manum
1815 818 1983 860 suam
1997 822 2082 860 re-

423 905 915 976 traheret.lbique
942 902 1195 959 Davidus
1228 917 1395 956 aram
1430 898 1725 955 exstruxit
1747 904 1806 953 et
1827 896 2082 952 solidum

428 997 545 1052 Deo
578 994 937 1051 sacriﬁcium
993 990 1249 1057 obtulit;
1285 994 1464 1060 atque
1497 990 1616 1043 Deo
1665 985 1942 1058 precibus
1974 1001 2080 1040 an-

425 1090 649 1142 nuente
677 1083 927 1140 cessavit
953 1080 1151 1137 clades
1174 1078 1399 1151 populi.
1461 1079 1614 1145 Haec,
1667 1076 1863 1147 inquit
1888 1075 2082 1131 Theo-

426 1174 813 1243 doretus,non
844 1172 948 1228 abs
982 1188 1042 1226 re
1074 1171 1158 1225 ita
1189 1174 1551 1224 evenerunt:
1586 1183 1789 1221 verum
1822 1181 1891 1221 ea
1912 1182 2084 1221 occa-

425 1266 590 1322 sione
651 1264 906 1337 populus
963 1262 1052 1317 sui
1111 1261 1338 1333 peccati
1387 1276 1591 1331 pwnas
1658 1257 1842 1326 dedit,
1901 1256 2082 1328 quod,

419 1357 518 1430 pio
550 1372 617 1411 ac
648 1354 932 1410 divinitus
964 1351 1288 1407 constituto
1339 1366 1475 1422 rege
1536 1347 1843 1415 derelicto,
1891 1352 2085 1404 castra

417 1444 653 1517 tyranni
685 1460 753 1500 ac
781 1442 937 1516 patri
964 1459 1069 1498 suo
1101 1456 1310 1496 necem
1345 1438 1629 1494 struentis
1664 1442 1901 1492 secutus
1933 1443 2079 1492 erat.

420 1537 516 1593 Sic
546 1536 726 1592 etiam
756 1551 792 1590 a
829 1538 1021 1590 morte
1053 1532 1213 1588 Sauli
1266 1531 1452 1586 fames
1508 1546 1609 1584 eos
1660 1528 1961 1601 castigavit
2006 1527 2080 1583 ob

421 1624 822 1681 interfectosa
855 1622 1029 1679 Saulo
1062 1620 1439 1677 Gabaonitas.
1500 1617 1735 1673 Etenim
1793 1621 1852 1672 et
1903 1618 2081 1673 Josua

424 1721 483 1771 et
536 1715 852 1771 universus
899 1712 1158 1785 populus
1209 1714 1449 1782 pactum
1506 1708 1727 1763 iterant
1757 1723 1892 1762 cum
1925 1707 2073 1764 I55

424 1804 812 1872 Gabaonitis,
872 1802 1042 1873 cujus
1106 1798 1435 1870 juramenti
1524 1796 1706 1852 etiam
1778 1796 2077 1869 particeps

2191 623 2381 680 αὐτοῦ.
2426 625 2520 688 Εἰς
2556 622 2612 681 δὲ
2642 632 2834 703 χεῖρας
2866 629 3166 704 ἀνθρώπων
3203 630 3266 685 οὗ
3320 632 3397 704 μή
3442 631 3676 706 ἐμπέσω,
3703 622 3824 696 'Kal

2192 711 2468 787 Εελέξατο
2523 710 2689 803 Δαϐίδ
2745 717 2837 772 τὸν
2922 719 3166 781 θάνατον.
3254 721 3356 778 Καὶ
3418 722 3596 795 ἡμέρα
3647 726 3823 803 θέρους

2189 808 2398 878 πυρῶν,
2454 803 2545 860 καὶ
2605 802 2773 861 ἔδωκε
2829 807 3025 882 Κύριος
3087 808 3311 872 θάνατον
3363 808 3413 865 ἐν
3458 812 3676 889 Ἰσραὴλ
3710 802 3826 874 ίάπὸ

2189 893 2430 967 πρωῗθεν
2484 890 2589 956 ἕως
2643 895 2887 969 ἀρίστου,
2947 897 3036 952 καὶ
3096 897 3360 963 ἀπέθανον
3421 899 3481 956 ὲκ
3551 908 3645 958 τοῦ
3699 903 3827 962 λαοῦ

2190 980 2444 1058 χιλιάδες
2476 978 2878 1056 ἑϐδομήκοντα.
2912 987 3015 1043 Καὶ
3050 986 3301 1058 ἐξέτεινεν
3336 990 3364 1044 6
3413 988 3646 1069 ἄγγελος
3704 1001 3827 1051 Θεοῦ

2188 1071 2287 1139 τὴν
2321 1077 2484 1148 χεῖρα
2523 1073 2689 1129 αὑτοῦ
2740 1073 2816 1137 εἷς
2867 1074 3238 1151 Ἰερουσαλὴμ
3283 1083 3384 1133 τοῦ
3428 1077 3724 1160 διαφθεῖραι
3779 1085 3826 1140 ὲν

2190 1160 2350 1234 αὐτῇ.
2376 1161 2481 1217 Καὶ
2513 1162 2662 1218 εἶπεν
2696 1160 2863 1219 Δαϐὶδ
2895 1168 3031 1240 πρὸς
3060 1167 3150 1221 τὸν
3177 1168 3325 1222 Θεόν’
3360 1166 3499 1225 Ἰδοὺ
3531 1169 3827 1249 ἐγὼ-ἡμάρ-

2185 1271 2348 1321 τηκα,
2379 1250 2468 1306 καὶ
2503 1252 2609 1328 ἐγώ
2638 1254 2751 1328 εἰμι
2785 1256 2811 1309 6
2857 1257 3067 1329 ποιμὴν
3124 1258 3152 1313 6
3191 1260 3583 1330 κακοποιῆσας,
3640 1262 3726 1319 καὶ
3770 1265 3832 1319 τὰ

2186 1334 2433 1415 πρόϐατα
2462 1340 2517 1396 τί
2546 1340 2804 1414 ἐποίησαν
2839 1363 2851 1414 ;
2885 1344 3122 1419 γενέσθω
3153 1343 3212 1401 δὲ
3241 1349 3276 1417 ἡ
3313 1348 3436 1423 χείρ
3470 1370 3564 1403 σου
3595 1349 3645 1405 ἐν
3689 1350 3828 1424 ἐμοὶ,

2186 1430 2376 1503 Κύριε,
2407 1431 2495 1486 καὶ
2527 1431 2579 1486 ἐν
2608 1437 2688 1506 τῷ
2720 1434 2857 1507 οἳκῳ
2883 1439 2982 1490 τοῦ
3015 1436 3218 1510 πατρός
3262 1459 3390 1510 μου.
3425 1439 3522 1493 Καὶ
3554 1441 3831 1517 παρακλη-

2188 1519 2297 1583 θεὶς
2330 1521 2359 1575 6
2392 1522 2606 1609 Κύριος
2626 1523 2743 1577 εἷπε
2774 1524 2907 1598 πρὸς
2938 1525 3030 1579 τὸν
3070 1523 3327 1601 ἂγγελον.
3362 1528 3522 1590 Ἀνες
3548 1533 3646 1598 τῆν
3679 1532 3830 1609 χεῖρά

2187 1629 2303 1666 σου.
2338 1607 2440 1665 Καὶ
2471 1607 2830 1685 ᾠκοδόμησεν
2889 1610 3000 1667 ἐκεῖ
3058 1608 3227 1668 Δαϐὶδ
3284 1607 3717 1691 θυσιαστήριονξ
3747 1620 3831 1673 καὶ

2186 1698 2449 1774 ἀνήγαγεν
2484 1697 2642 1763 εὐθὺς
2673 1696 3101 1764 ὁλοκαυτώσεις.
3153 1702 3255 1758 Καὶ
3316 1702 3622 1774 ἐπήκουσεν
3681 1706 3831 1761 αὐτοῦ

2186 1786 2404 1860 Κύριος,
2434 1786 2523 1841 καὶ
2546 1788 2845 1864 συνεσχέθη
2879 1792 2913 1859 ἡ
2946 1792 3167 1866 θραῦσις
3222 1797 3322 1847 τοῦ
3389 1791 3548 1852 λαοῦ.
3585 1819 3611 1846 ››
3635 1797 3714 1869 [Ρ.
3747 1799 3831 1869 88]

420 1894 534 1949 fuit
563 1893 871 1949 Eleazarus
902 1890 1184 1963 pontifex.
1221 1890 1347 1944 Non
1378 1886 1715 1943 debuerunt
1769 1902 1906 1959 ergo
1938 1903 2072 1958 pos-

2181 1875 2633 1973 ΙῬιιῦταᾳδὶηιρησὶ
2665 1876 3044 1973 Θεοδώρητος,
3078 1881 3178 1937 οὐκ
3207 1883 3437 1948 ἀπεικὸς
3470 1880 3827 1959 συμϐέϐηκεν,

421 1982 535 2039 teri
568 1999 773 2038 eorum
806 1981 906 2053 qui
930 1980 1299 2051 juraverant,
1342 1976 1771 2049 jusjurandum
1831 1974 2071 2031 violare.

425 2072 566 2128 Post
596 2072 886 2127 detectam
921 2069 1084 2126 enim
1114 2068 1385 2123 fraudem
1400 2064 2076 2133 Gabaonitarum,itaJo-

425 2181 532 2221 sua
561 2180 662 2219 eos
690 2164 904 2219 affatus
926 2158 1103 2215 fuit“3
1128 2159 1500 2214 :«Jamnunc
1530 2172 1666 2228 ergo
1685 2154 2076 2211 exsecrationi

425 2252 665 2309 obnoxii
692 2252 854 2308 estis.
889 2252 1203 2320 Nunquam
1227 2247 1340 2303 erit
1368 2250 1437 2301 ut
1492 2262 1615 2300 non
1665 2243 1736 2299 de
1780 2243 1945 2299 vobis
2002 2245 2080 2300 sit

425 2359 650 2411 servus,
673 2341 973 2411 lignorum
1009 2343 1204 2394 sector
1259 2342 1318 2393 et
1374 2352 1543 2407 aquae
1600 2334 1920 2407 bajulator,
1975 2334 2077 2406 qui

424 2432 572 2488 mihi
603 2435 663 2486 et
692 2431 808 2486 Deo
841 2446 972 2485 meo
1006 2427 1238 2484 serviat.
1273 2428 1596 2497 Propterea
1624 2423 1905 2480 destinati
1940 2430 2080 2480 sunt

424 2521 497 2577 ad
525 2519 869 2575 ﬁndendum
902 2518 1065 2591 ligna
1095 2521 1152 2572 et
1181 2514 1540 2588 portandum
1572 2530 1789 2585 aquam
1804 2512 2075 2569 adaltare

424 2610 525 2665 Dei
560 2614 617 2664 et
647 2608 750 2664 toti
779 2607 954 2664 σα)ιυί
984 2621 1172 2677 usque
1205 2604 1265 2659 in
1297 2604 1467 2660 hunc
1508 2602 1685 2658 diem.
1722 2624 1750 2652 ››
1785 2602 2075 2668 Quoniam

424 2716 560 2770 ergo
591 2698 890 2755 calumnia
919 2696 979 2752 id
1008 2694 1201 2751 fmdus
1230 2692 1492 2749 Israelici
1517 2691 1906 2758 disciderunt,
1940 2692 2074 2748 ideo

424 2790 600 2846 etiam
632 2792 767 2860 post
797 2788 928 2860 ejus
959 2790 1213 2841 mortem
1243 2783 1399 2838 fame
1431 2782 1699 2854 castigati
1751 2786 1907 2837 sunt.
1942 2782 2076 2839 Hmc

419 2900 531 2939 nos
561 2879 749 2936 oratio
782 2879 1121 2947 docet,quae
1153 2873 1506 2945 interposito
1529 2872 1878 2944 juramento
1904 2879 2077 2943 pacta

422 2977 562 3029 sunt
592 2974 741 3025 teste
771 2970 889 3024 Deo
922 2966 1089 3035 inita,
1124 2962 1400 3019 violanda
1431 2978 1553 3017 non
1583 2978 1736 3031 esse,
1770 2966 2075 3033 utcunque

423 3078 494 3118 ea
520 3059 758 3116 violatio
793 3057 924 3114 aliis
959 3054 1251 3129 expediat.
1288 3051 1545 3109 Davidus
1575 3057 1775 3108 autem
1834 3068 2074 3108 causam

417 3150 701 3209 divinitus
724 3148 1009 3204 immissas
1039 3143 1306 3218 penuriae
1329 3142 1613 3216 ignorans
1636 3140 1825 3197 Deum
1861 3158 2076 3198 consu-

414 3244 564 3301 luit:
588 3240 660 3296 ab
694 3255 882 3311 eoque
916 3236 1160 3293 edoctus
1192 3232 1393 3306 puniri
1424 3230 1712 3304 populum
1743 3230 1817 3287 ob
1852 3232 2074 3304 injuste

412 3337 657 3390 necatos
692 3327 1069 3395 Gabaonitas,
1103 3341 1202 3380 eos
1235 3323 1396 3395 ipsos
1429 3321 1531 3392 qui
1575 3319 1797 3392 injuria
1837 3319 2075 3377 fuerant

411 3421 629 3488 affecti,
651 3418 906 3475 arbitros
936 3414 1267 3479 constituit,
1311 3428 1378 3467 ac
1430 3415 1816 3482 percontatus
1838 3415 1930 3465 est
1957 3427 2074 3482 qua

413 3530 475 3569 se
508 3510 729 3583 placari
761 3508 990 3563 ratione
1014 3499 2072 3574 vellent.ResponderuntGabaonitae

412 3619 475 3659 se
508 3617 701 3672 neque
733 3614 945 3653 aurum
977 3593 1133 3651 Sauli
1158 3610 1353 3664 neque
1384 3595 1695 3664 argentum
1722 3590 1851 3661 ejus
1876 3608 2072 3663 neque

411 3692 605 3748 ullum
637 3706 704 3745 ex
764 3686 1039 3743 Israelico
1098 3682 1317 3756 populo
1366 3681 1673 3737 hominem
1730 3680 1805 3736 ad
1861 3697 2070 3737 necem

410 3785 732 3855 deposcere
765 3797 777 3834 :
808 3779 937 3851 ejus
967 3775 1075 3831 viri
1109 3774 1211 3846 qui
1247 3774 1409 3846 ipsos
1467 3776 1816 3846 persecutus
1862 3772 2073 3830 fuisset

410 3890 479 3930 ac
502 3870 848 3927 exscindere
878 3867 1143 3935 molitus,
1190 3879 1405 3936 cupere
1463 3879 1525 3918 se
1587 3862 1936 3919 memoriam
1995 3880 2067 3918 ex

409 3962 692 4020 Israelica
717 3963 891 4033 gente
925 3957 1164 4021 delere;
1192 3956 1395 4028 itaque
1453 3960 1681 4026 septem
1723 3954 1852 4026 ejus
1885 3954 2067 4026 stirpe

411 4059 585 4110 natos
614 4069 677 4107 se
710 4046 1163 4121 deposcere,his
1187 4062 1249 4100 se
1280 4043 1572 4117 ﬂagitium
1603 4059 1803 4099 coram
1819 4043 2068 4101 Domino

413 4142 753 4214 expiaturos
785 4140 846 4194 in
878 4136 1029 4193 colle
1052 4133 1232 4191 Sauli.
1262 4135 1343 4188 Eo
1375 4132 1555 4205 igitur
1610 4132 1671 4187 in
1736 4132 1866 4187 loco
1912 4133 2068 4189 viros

414 4248 517 4287 eos
548 4231 610 4285 in
643 4244 883 4286 crucem
906 4229 1173 4299 egerunt,
1216 4223 1277 4278 in
1310 4238 1426 4294 quo
1460 4222 1712 4293 injustas
1743 4221 1844 4277 ille
1876 4223 2067 4279 caides

413 4337 591 4378 ausus
640 4318 853 4374 fuerat.
906 4317 1089 4372 Erant
1143 4317 1365 4379 autem,
1424 4310 1578 4368 156
1631 4310 1732 4382 qui
1791 4311 2068 4368 crucibus

413 4410 573 4467 afﬁxi
608 4413 767 4475 sunt,
800 4407 917 4462 duo
947 4404 1055 4460 filii
1097 4401 1260 4461 Sauli
1315 4401 1503 4473 spurii
1555 4404 1616 4455 et
1673 4399 1939 4472 quinque
1996 4417 2067 4457 ex

412 4496 841 4573 posterioribus
896 4492 1036 4549 ﬁliis
1104 4491 1253 4562 ejus.
1318 4492 1399 4545 Eo
1459 4489 1751 4560 supplicio
1827 4495 2065 4561 peracto

410 4588 681 4662 placatus
713 4589 802 4640 est
831 4581 1143 4647 Dominus,
1172 4597 1239 4636 ac
1262 4584 1419 4635 terra
1449 4577 1656 4633 solitas
1686 4576 1885 4651 fruges
1908 4579 2065 4635 exhi-

412 4676 562 4733 buit.

2186 1965 2314 2022 ἀλλ’
2344 1968 2546 2030 οἰκείας
2576 1971 2922 2045 παρανομίας
2954 1965 3099 2029 ἔτισε
3132 1970 3285 2038 δίκας
3317 1975 3345 2030 6
3379 1975 3512 2039 λαὸς
3571 1973 3658 2031 διὰ
3712 1998 3832 2053 προ-

2185 2056 2415 2135 φάσεως·
2447 2056 2775 2114 καταλιπὼν
2803 2059 2905 2136 γὰρ
2931 2062 3024 2116 τὸν
3055 2058 3251 2133 εὐσεϐῆ
3293 2065 3387 2119 καὶ
3444 2066 3585 2121 θεῖον
3618 2065 3830 2141 βασιλέα

2180 2149 2428 2222 τυράννῳ
2458 2151 2548 2204 καὶ
2594 2149 2908 2226 πατραλοίᾳ
2967 2150 3124 2208 παιδὶ
3188 2156 3651 2231 συνεστράτευσεν.
3686 2156 3834 2214 Οὕτω

2183 2234 2242 2293 δὲ
2271 2239 2360 2292 καὶ
2394 2236 2483 2294 διὰ
2512 2240 2612 2308 τήν
2638 2244 2735 2295 τοῦ
2769 2240 2955 2300 Σαοὺλ
2995 2242 3072 2305 εἷς
3132 2243 3269 2306 τοὺς
3328 2241 3676 2311 Γαϐαωνίτας
3707 2246 3842 2302 ἀναί-

2183 2350 2329 2405 ρεσιν
2361 2327 2757 2401 ἐπαιδεοόθησαν
2815 2329 2905 2387 διὰ
2959 2338 3132 2407 Λιμοῦ
3195 2336 3332 2409 μετὰ
3361 2338 3466 2407 τήν
3506 2336 3706 2394 ἐκείνου
3756 2359 3836 2394 τε-

2182 2419 2498 2490 λευτήν.⁹0
2560 2420 2654 2493 μὲν
2688 2420 2793 2496 γὰρ
2854 2420 2990 2485 λαὸς
3052 2423 3192 2487 ἅπας
3251 2425 3341 2480 καὶ
3402 2428 3613 2498 Ἰησοῦς
3665 2429 3692 2484 ὁ
3744 2432 3833 2483 τοῦ

2180 2511 2336 2579 Ναυῆ
2369 2507 2639 2578 πεποίηκε
2666 2510 2763 2574 τὰς
2793 2511 2930 2584 πρὸς
2971 2510 3099 2575 τοὺς
3132 2509 3484 2579 Γαϐαωνίτας
3552 2519 3828 2589 συνθήκαςν

2179 2599 2516 2670 έκοινώνησε
2547 2595 2605 2652 δὲ
2631 2602 2738 2653 τῶν
2771 2598 2948 2674 ὅρκων
2981 2601 3071 2656 καὶ
3122 2601 3389 2679 Ἐλεάζαρ
3445 2606 3472 2661 ό
3531 2606 3830 2682 ἀρχιερεύς.

2180 2687 2332 2747 Ἔδει
2363 2686 2543 2743 τοίνυν
2588 2686 2720 2749 τοὺς
2778 2686 3084 2764 ἄπογόνους
3139 2696 3246 2746 τῶν
3309 2693 3687 2768 ὀμωμοκότων
3754 2696 3824 2769 μὴ

2178 2772 2488 2854 παραϐῆναι
2520 2778 2612 2833 τὸν
2645 2777 2833 2853 ὅρκον.
2870 2780 3018 2850 Φησὶ
3060 2782 3163 2858 γὰρ
3202 2784 3339 2857 πρὸς
3397 2784 3597 2848 αὐτοὺς
3628 2786 3826 2856 Ἰησοῦς

2185 2868 2320 2941 μετᾶ
2347 2867 2447 2935 τὴν
2476 2868 2783 2943 φανέρωσιν
2813 2875 2915 2939 τῆς
2956 2871 3290 2948 πανουργίας
3332 2872 3529 2930 αὐτῶν·
3569 2898 3595 2930 α
3624 2874 3724 2930 Καὶ
3744 2877 3823 2927 νῦν

2180 2957 2564 3032 ἒπικατάρατοι
2596 2956 2735 3016 ἐστέ.
2770 2958 2848 3017 Οὐ
2884 2962 2959 3033 μή
3004 2960 3228 3037 ἐκλείψῃ
3286 2963 3335 3035 ἐξ
3402 2966 3556 3040 ὑμῶν
3616 2960 3825 3029 δοῦλος,

2180 3044 2307 3103 οὐδὲ
2335 3045 2640 3118 ξυλοκόπος
2673 3048 2763 3103 καὶ
2802 3046 3106 3127 ὑδροφόρος
3135 3050 3261 3125 ἐμοὶ
3311 3054 3399 3109 καὶ
3434 3059 3515 3127 τῷ
3562 3058 3674 3125 Θεῷ
3704 3073 3822 3125 μου.

2182 3136 2279 3193 Διὰ
2307 3141 2468 3193 τοῦτο
2499 3135 2748 3212 ἐγένοντο
2781 3136 3081 3208 ξυλοκόποι
3112 3142 3202 3196 καὶ
3262 3139 3562 3222 ὑδροφόροι
3619 3146 3696 3215 τῷ
3748 3142 3826 3195 θυ-

2182 3225 2485 3303 σιαστηρίῳ
2513 3226 2611 3281 τοῦ
2640 3231 2776 3283 Θεοῦ
2806 3228 2897 3282 καὶ
2928 3230 3075 3304 πάσῃ
3109 3234 3179 3304 τῇ
3236 3237 3531 3309 συναγωγῇ
3589 3229 3690 3296 ἕως
3732 3236 3825 3298 τῆς

2178 3316 2390 3391 ἡμέρας
2420 3316 2645 3387 ταύτης.
2683 3340 2710 3368 »
2741 3317 2896 3374 Ἐπεὶ
2929 3316 3021 3373 οῦν
3054 3324 3224 3376 ταῦτα
3263 3320 3713 3399 παρελογίσαντο,
3746 3316 3828 3373 διὰ

2178 3410 2344 3462 τοῦτο
2374 3404 2464 3461 καὶ
2507 3407 2644 3479 μετὰ
2667 3407 2765 3476 τὴν
2799 3408 3018 3464 ἐκείνου
3074 3410 3334 3482 τελευτὴν
3385 3413 3687 3484 ὑπέστησαν
3734 3410 3825 3479 τήν

2178 3493 2268 3552 διὰ
2290 3499 2388 3552 τοῦ
2419 3494 2590 3569 λιμοῦ
2641 3495 2907 3553 παιδείαν.
2970 3496 3221 3556 Διδάσκει
3252 3506 3385 3578 γοῦν
3434 3506 3580 3579 ἡμᾶς
3609 3503 3637 3557 6
3669 3498 3822 3574 λόγος

2180 3586 2257 3661 μή
2288 3581 2634 3661 παραϐαίνειν
2671 3585 2765 3649 τὰς
2808 3589 2927 3661 μεθ’
2985 3589 3160 3665 ὅρκων
3214 3595 3485 3665 συνθήκας
3554 3591 3643 3646 ἐπὶ
3697 3582 3822 3645 Θεοῦ

2174 3678 2489 3753 γινομένας,
2542 3675 2637 3732 κᾶν
2716 3677 2795 3740 εἰς
2855 3676 3041 3735 ἄλλων
3102 3681 3371 3760 ὠφέλειαν
3437 3687 3470 3755 ἡ
3539 3674 3828 3756 παράϐασις

2174 3767 2415 3844 γίνηται.
2452 3767 2694 3842 Ἀγνοῶν
2727 3764 2785 3822 δῖε
2813 3769 2912 3837 τήν
2941 3769 3118 3826 αἰτίαν
3162 3773 3189 3827 ὁ
3246 3769 3418 3830 Δαὸὶδ
3477 3776 3577 3839 τῆς
3632 3765 3823 3839 θεηλά-

2175 3880 2276 3914 του
2307 3858 2530 3933 πληγῆς
2558 3861 2657 3913 τοῦ
2718 3855 2890 3931 λιμοῦ
2946 3861 3041 3917 τὸν
3090 3863 3219 3918 Θεὸν
3253 3864 3534 3940 ἀνηρώτα.
3568 3858 3670 3920 Καὶ
3728 3876 3824 3929 μα-

2175 3947 2283 4003 θὼν
2316 3945 2391 4010 ὡς
2426 3941 2579 4002 ἕνεκα
2617 3949 2716 4013 τῆς
2772 3950 2883 4002 τῶν
2936 3943 3295 4007 Γαϐαωνιτῶν
3356 3950 3552 4009 ἀδίκου
3616 3942 3820 4019 ἀναιρέ-

2173 4057 2308 4098 σεως
2367 4033 2584 4098 εὐθύνας
2645 4035 3074 4110 εἰσπράττονται,
3133 4038 3319 4105 αὐτοῖς
3380 4040 3606 4101 ἐκείνοις
3658 4032 3821 4110 ἐχρή-

2172 4145 2302 4180 σατο
2330 4129 2543 4200 κριταῖς
2565 4129 2681 4187 τοῖς
2701 4120 3085 4199 ἠδικημένοις,
3103 4125 3299 4204 λέγων·
3323 4155 3341 4181 ι
3361 4132 3430 4188 Τί
3446 4130 3662 4199 ποιήσω
3678 4125 3819 4198 ὑμῖν,

2170 4215 2259 4271 καὶ
2296 4214 2347 4269 ἐν
2379 4213 2488 4269 τίνι
2519 4211 2880 4287 έξιλάσομαι;
2915 4238 2942 4268 ››
2977 4218 3084 4272 Καί
3115 4238 3292 4295 φασιν·
3333 4243 3354 4274 ι
3387 4220 3505 4280 Οὐκ
3536 4214 3675 4274 ἔστιν
3693 4216 3822 4287 ἡμῖν

2169 4304 2427 4381 ἀργύριον
2460 4300 2588 4359 οὐδὲ
2646 4303 2870 4380 χρυσίον
2927 4305 3065 4379 μετᾶ
3125 4306 3332 4379 Σαοὺλ,
3391 4312 3485 4368 καὶ
3536 4308 3637 4365 οὐκ
3692 4298 3825 4359 ἔστιν

2170 4398 2307 4469 ἡμῖν
2349 4397 2653 4459 θανατῶσαι
2713 4390 2880 4468 ἃνδρα
2939 4393 3000 4450 ἐκ
3052 4395 3253 4462 παντός
3313 4400 3562 4477 Ἰσραήλο
3624 4391 3747 4451 ἀλλ’
3799 4390 3824 4444 ὃ

2169 4485 2306 4559 ἀνὴρ
2361 4484 2389 4538 6
2450 4479 2644 4556 διώξας
2700 4482 2792 4539 καὶ
2852 4483 3174 4550 συντελέσας
3222 4488 3394 4561 ἡμᾶς,
3458 4488 3641 4562 ὥσπερ
3699 4480 3819 4539 έλο·

2167 4576 2359 4654 γίσατο
2412 4576 2561 4647 ἡμᾶς
2636 4571 3042 4652 ἐξολοθρεῦσαι,
3105 4578 3454 4655 ἀφανίσωμεν
3515 4579 3674 4636 αὐτὸν
3730 4574 3821 4629 τοῦ

2100 4653 2147 4718 D
2292 4662 2765 4729 ἀντικαθίστασθαι
2796 4667 2958 4723 παντὶ
3009 4653 3161 4743 ὀρίῳγ
3203 4653 3448 4747 Ἰσραήλ.
3510 4665 3607 4726 Καῖ
3661 4662 3820 4731 δοθῆ-

410 4784 590 4820 τωσαν
622 4764 757 4835 ἡμῖν
782 4757 970 4835 ἄνδρες
1013 4756 1147 4814 ἑπτὰ
1174 4754 1234 4812 ἐκ
1263 4759 1372 4810 τῶν
1404 4755 1539 4809 υἱῶν
1573 4755 1767 4824 αὐτοῦ,
1796 4756 1884 4811 καὶ
1919 4754 2280 4830 ἐξιλασόμεθα
2309 4753 2363 4810 ἐν
2393 4754 2581 4817 αὐτοῖς
2609 4756 2791 4830 Κυρίῳ
2820 4755 2874 4811 ἐν
2903 4761 2982 4830 τῷ
3017 4757 3197 4832 βουνῷ
3226 4760 3432 4819 Σαούλ.
3461 4785 3488 4813 υ
3523 4761 3608 4816 Ἐν
3646 4751 3823 4821 ἐκείνῳ

408 4854 592 4909 τοίνυν
623 4856 702 4923 τῷ
733 4848 927 4927 χωρίῳ
960 4845 1389 4904 ἀνεσκολόπισαν
1414 4842 1551 4906 ’τοὺς
1601 4841 1821 4919 ἄνδρας,
1853 4843 1906 4900 ἔν
1936 4846 1982 4918 ᾦ
2010 4848 2106 4909 τὰς
2136 4846 2492 4922 παρανόμους
2523 4839 2826 4917 ἐτόλμησεν
2884 4843 3090 4912 ἐκεῖνος
3151 4851 3489 4926 μιαιφονίας.
3547 4848 3709 4906 Οὗτοι
3768 4835 3821 4893 δὲ

405 4946 539 5015 ἦσαν
574 4946 670 4999 τοῦ
704 4939 888 4997 Σαοὺλ
920 4937 1016 4994 δύο
1051 4938 1145 5010 μὲν
1178 4935 1288 4991 υἱοὶ
1317 4935 1490 5000 νόθοι,
1522 4934 1681 4990 πέντε
1711 4932 1770 4989 δὲ
1798 4940 1906 4992 τῶν
1940 4934 2174 5012 ὑστέρων
2203 4936 2334 4991 υἱῶν
2364 4933 2548 4991 αὐτοῦ.
2584 4937 2699 5005 Τῆς
2730 4933 2821 4990 οῦν
2859 4935 3130 5013 τιμωρίας
3191 4941 3567 5017 γεγενημένης
3596 4935 3760 4991 ἳλεως
3789 4927 3815 4980 ὅ

409 5033 684 5105 Δεσπότης
718 5030 945 5109 ἐγένετο,
977 5028 1065 5084 καὶ
1096 5028 1132 5097 ἠ
1161 5024 1232 5102 γῆ
1262 5025 1354 5080 τὸν
1379 5023 1427 5094 ἐξ
1461 5018 1619 5087 ἔθους
1650 5020 1819 5081 ἔδωκε
1847 5024 2076 5100 καρπόν.

478 5125 817 5183 Secundum
837 5123 986 5185 haec,
1019 5117 1276 5191 quadam
1291 5131 1538 5187 vespera
1561 5116 1813 5173 Davidus
1828 5133 1963 5173 cum
1995 5117 2067 5173 de

404 5218 560 5273 lecto
592 5233 699 5272 suo
748 5211 1128 5276 surrexisset,
1166 5206 1571 5264 deambulavit
1591 5207 1652 5263 in
1684 5213 1840 5263 tecto
1865 5207 2064 5282 regiae,

405 5308 665 5378 indeque
698 5305 1013 5361 mulierem
1032 5301 1329 5358 lavantem
1352 5298 1660 5371 prospexit
1710 5297 1903 5353 forma
1924 5298 2065 5354 insi-

405 5397 526 5470 gni.
560 5396 761 5467 Neque
792 5410 928 5449 vero
958 5408 1019 5449 se
1050 5390 1124 5447 ab
1147 5405 1217 5446 eo
1252 5386 1593 5460 spectaculo
1614 5386 1929 5455 subtraxit,
1961 5388 2065 5445 sed

402 5486 611 5541 formae
672 5481 1119 5555 pulchritudine
1179 5480 1479 5535 inescatus
1533 5477 1778 5533 hamum
1838 5479 2066 5550 peccati

411 5574 441 5626 (ἲ
468 5573 733 5641 ~glutivit.
769 5571 935 5637 Quod
966 5570 1019 5625 ei
1051 5568 1323 5634 alterius,
1382 5566 1670 5621 nimirum
1728 5566 2064 5632 deterioris,

409 5666 659 5721 :xﬁ‘ectus
688 5662 802 5717 fuit
829 5659 1188 5726 remedium,
1217 5656 1498 5713 videlicet
1525 5657 1713 5715 animi
1765 5657 2063 5726 elationis,

412 5754 468 5809 id
500 5752 659 5826 quod
687 5751 815 5824 ipse
846 5749 1046 5806 innuit
1073 5748 1167 5804 his
1196 5746 1427 5803 verbis:
1462 5768 1491 5797 «
1522 5746 1640 5821 Ego
1671 5748 2064 5806 cumfuissem

479 5852 662 5912 “Jos.
697 5868 778 5923 ιι,
805 5852 895 5922 22,
926 5849 1018 5918 23,
1050 5849 1139 5903 27.

2250 5111 2497 5190 Ἐγένετο
2552 5111 2610 5170 δὶ
2677 5114 2812 5188 μετὰ
2885 5121 3072 5188 ταῦτα,
3133 5118 3227 5176 καὶ
3278 5118 3330 5176 ἐν
3387 5123 3564 5195 καιρῷ
3642 5108 3822 5175 δείλης

2178 5204 2372 5274 ἀνέστη
2407 5199 2576 5261 Δαϐἶδ
2605 5206 2711 5261 ἀπὸ
2739 5213 2840 5276 τῆς
2896 5206 3087 5279 κοίτης
3142 5209 3331 5281 αὐτοῦ,
3371 5213 3463 5269 καὶ
3520 5200 3825 5282 περιεπάτει

2180 5294 2269 5351 ἐπὶ
2299 5299 2397 5351 τοῦ
2428 5293 2689 5369 δώματος
2716 5301 2815 5352 τοῦ
2858 5297 3013 5354 οἲκου
3067 5304 3176 5356 τῶν
3236 5302 3525 5378 βασιλέων,
3578 5293 3669 5352 καὶ
3726 5283 3826 5343 εἶδε

2175 5389 2403 5462 γυναῖκα
2432 5385 2745 5461 λουομένην
2802 5386 2909 5442 ἀπὸ
2965 5393 3063 5444 τοῦ
3122 5376 3396 5465 δώματος,
3455 5388 3546 5447 καὶ
3603 5387 3637 5453 ἡ
3695 5376 3823 5455 γυνή

2172 5472 2320 5543 καλή
2350 5478 2421 5550 τῇ
2450 5470 2571 5550 ὄψει
2602 5472 2829 5555 σφόδρα.
2864 5477 2968 5534 Καὶ
3017 5475 3146 5535 ἰδὼν
3200 5480 3264 5537 τὸ
3320 5481 3536 5558 γύναιον
3596 5466 3827 5558 λουόμξο

2176 5584 2269 5620 νον
2297 5549 2403 5621 οὐκ
2431 5549 2596 5642 ἔφυγε
2622 5549 2725 5634 τὴν
2749 5549 2876 5623 ’θέαν
2907 5567 2983 5629 ὡς
3042 5549 3344 5646 ὀλεθρίαν,’
3369 5566 3518 5627 ἀλλὰ
3572 5549 3828 5618 καταϐελ-

2178 5655 2337 5735 χθεῖς
2365 5660 2446 5728 τῷ
2504 5662 2608 5725 τῆς
2666 5656 2813 5731 ὥρας
2872 5655 3086 5715 δελέατι
3127 5662 3192 5716 τὸ
3242 5669 3344 5733 τῆς
3399 5654 3668 5735 ἁμαρτίας
3716 5660 3835 5699 κατ·

2177 5746 2329 5804 ἐπιεν
2357 5744 2668 5824 ἄγκιστρον.
2702 5746 2807 5806 Καὶ
2866 5748 3052 5825 ἑτέρου
3104 5753 3252 5828 τάχα
3302 5754 3508 5811 πάθους
3569 5738 3833 5819 χείρονοςν
