4142 6458
338 514 467 582 ’189

1512 517 2052 581 HISTORIARUM
2097 516 2652 581 COMPENDIUM.

3674 517 3791 580 l90

352 664 456 729 τῆς
482 655 762 731 meum:
796 650 1090 726 δηλονότι,
1131 650 1353 732 γέγονεν
1410 650 1559 729 tam.
1592 656 1767 731 Ὅπερ
1807 656 1891 729 [Ρ.
1926 654 2012 728 δοῖ

2135 655 2347 723 elatus,
2408 655 2728 728 depressus
2778 666 2909 710 sum
2937 658 2996 709 et
3044 652 3104 709 in
3161 667 3426 711 summas
3484 654 3791 728 angustias

356 745 427 819 δὴ
452 745 544 803 καὶ
569 745 733 809 αὐτὸς
766 744 1088 825 ὑποφαίνων
1119 739 1326 819 ἔλεγεν·
1363 768 1392 796 «
1458 744 1721 819 Ὑψωθεὶς
1776 740 1833 799 δὲ
1900 741 2025 799 ἑτα-

352 835 633 903 πεινώθην
684 833 777 890 καὶ
827 832 1201 908 ἰξηπορήθην.
1264 832 1362 888 Καὶ
1431 830 1537 908 ἐγὼ
1595 832 1689 906 μὶν
1758 832 1911 888 εἶπον
1967 830 2020 886 ἐν

351 930 425 1000 τῇ
454 926 679 997 atomi;
713 942 839 998 μου’
876 924 957 982 Οὐ
993 923 1073 997 μή
1106 922 1354 979 σαλευθῶ
1401 923 1476 986 εἷς
1515 922 1611 978 τὸν
1658 922 1853 992 αἰῶνα,
1910 921 2023 977 άπ-

357 1019 624 1091 ισετρεψας
659 1012 718 1070 δὶ
760 1014 824 1069 τὸ
879 1013 1176 1090 πρόσωπόν
1217 1034 1336 1081 σου,
1404 1012 1495 1068 καὶ
1536 1011 1836 1089 ἐγεννήθην
1866 1031 2022 1068 τετα-

359 1108 657 1183 ραγμένος.
701 1102 864 1162 Ἀλλ’
923 1104 1124 1179 ἀγαθόν
1181 1124 1299 1178 μοι,
1361 1103 1443 1159 δτι
1503 1101 1869 1165 ἰταπείνωσάς
1932 1123 2019 1175 με,

358 1197 513 1260 ὅπως
543 1193 604 1250 ἄν
641 1195 801 1268 μάθω
828 1194 897 1249 τὰ
956 1190 1304 1266 δικαιώματά
1361 1213 1477 1249 σου.
1544 1217 1572 1244 η
1632 1193 1729 1249 Διὰ
1785 1192 1890 1268 γὰρ
1919 1199 2021 1262 τῆς

355 1290 455 1342 τοῦ
486 1287 611 1341 υἱοῦ
652 1282 1063 1345 ἐπαναστάσεως
1105 1281 1256 1345 δίκας
1314 1281 1567 1358 ἐναργεῖς
1623 1281 1765 1339 ἔτισε
1813 1286 1911 1339 τοῦ
1966 1301 2025 1337 τε

357 1376 532 1454 96mm
562 1376 787 1445 καὶτῆς
822 1376 1078 1455 μοιχείας
1133 1373 1273 1431 κατᾶ
1331 1375 1431 1444 τήν
1488 1374 1634 1438 θείαν
1693 1372 2019 1449 πρόρρησιν.

357 1469 511 1539 Φησὶ
694 1490 723 1518 ‹‹
752 1462 892 1522 Τάδε
923 1465 1067 1540 λέγει
1107 1466 1327 1541 Κύριος·
1359 1462 1498 1522 Ἰδοὺ
1530 1463 1640 1543 ἐγὼ
1670 1462 1864 1539 ἔγείρω
1885 1464 2024 1519 κακὰ

354 1556 447 1614 ἐπὶ
478 1558 540 1614 σὲ
570 1556 632 1613 ἐκ
660 1560 757 1612 τοῦ
806 1555 960 1612 οἴκου
991 1576 1111 1625 σου,
1137 1578 1164 1607 ››
1226 1556 1316 1611 καὶ
1371 1555 1440 1610 τὰ
1471 1554 1615 1626 ἑξῆς.
1646 1556 1809 1612 Ὅσον
1842 1554 2021 1610 τοίνυν

353 1648 549 1721 θλῐψις
604 1646 813 1716 ὀνίνησι
867 1646 956 1701 καὶ
1018 1645 1274 1726 συμφορά
1347 1644 1438 1700 καὶ
1499 1643 1754 1720 μέριμνα,
1816 1642 1907 1699 καί
1964 1642 2025 1699 ἐκ

351 1735 567 1806 ταύτης
616 1742 718 1804 τῆς
767 1733 1015 1809 ἱστορίας
1083 1732 1447 1806 μανθάνομεν.
1518 1731 1864 1806 Διωκόμενος
1919 1731 2024 1808 γὰρ

354 1824 461 1882 ὐπὸ
494 1830 598 1881 τοῦ
628 1823 817 1882 Σαοὺλ
874 1824 904 1879 ὁ
961 1822 1094 1884 Θεὸς
1150 1816 1318 1877 Δαϐἰδ
1376 1824 1547 1876 πᾶσαν
1591 1820 1875 1895 κατώρθου
1933 1842 2022 1898 φι-

353 1913 646 1992 λοσοῳίαν,
733 1913 823 1968 καὶ
898 1909 1373 1988 παραταττόμενος
1429 1910 1519 1966 καὶ
1597 1915 1720 1972 ταῖς
1773 1909 2020 1987 φροντίσι

2127 745 2426 801 redactus.
2460 748 2652 816 Atque
2687 761 2791 817 ego
2826 744 3070 815 quidem
3102 743 3281 800 rebus
3330 742 3480 798 meis
3509 744 3790 800 secundis

2126 835 2269 897 dixi,
2295 834 2462 890 nullo
2493 850 2764 907 unquam
2795 840 3070 906 tempore
3100 833 3542 890 labefactabor:
3575 837 3645 890 ut
3671 833 3789 904 pri-

2126 941 2291 982 mum
2329 941 2466 981 vero
2498 928 2660 979 tuam
2692 924 2907 980 faciem
2940 922 3227 991 avertisti,
3259 923 3648 979 conturbatus
3678 922 3785 978 fui.

2126 1015 2265 1070 Mihi
2297 1031 2433 1070 vero
2456 1013 2835 1071 conducibile
2867 1014 2978 1070 fuit
3016 1013 3121 1069 abs
3167 1019 3222 1070 te
3282 1013 3558 1085 deprimi,
3608 1019 3674 1068 ut
3703 1013 3788 1068 sic

2125 1110 2228 1162 tua
2250 1105 2391 1177 jura
2420 1105 2733 1160 discerem.
2767 1124 2796 1155 »
2828 1104 3061 1160 Etenim
3094 1104 3426 1159 rebellione
3455 1103 3561 1158 filii
3584 1108 3788 1176 aperte

2128 1214 2331 1269 paenas
2353 1213 2488 1253 cum
2521 1195 2800 1252 adulterii
2838 1201 2963 1252 tum
2993 1195 3298 1251 homicidii
3317 1194 3615 1267 persolvit,
3638 1211 3789 1266 quo-

2127 1287 2304 1343 modo
2328 1286 2377 1341 ei
2431 1286 2715 1341 divinitus
2767 1285 3118 1358 prmdictum
3149 1285 3378 1341 fuerat:
3414 1306 3441 1335 ‹‹
3501 1285 3647 1340 Ecce
3678 1299 3784 1356 ego

2126 1377 2232 1433 tibi
2263 1394 2332 1434 ex
2360 1376 2537 1433 domo
2558 1382 2660 1432 tua
2688 1376 3057 1432 calamitates
3083 1375 3461 1444 immittam,»
3477 1378 3782 1429 etcmtera.

2125 1469 2251 1525 Jam
2282 1468 2409 1523 hac
2439 1482 2675 1540 quoque
2705 1483 2816 1522 nos
2847 1465 3095 1521 historia
3139 1465 3311 1520 docet
3338 1481 3434 1519 res
3486 1462 3784 1531 adversas,

2125 1559 2497 1617 calamitates
2510 1563 2686 1630 atque
2700 1558 3136 1614 sollicitudines
3168 1555 3597 1628 expedire.Quo
3622 1554 3782 1609 enim

2128 1655 2396 1722 tempore
2426 1649 2634 1707 beatus
2677 1649 2931 1705 Davidus
2978 1647 3259 1704 infestum
3312 1645 3556 1703 Saulum
3613 1645 3782 1717 fugit,

2128 1757 2198 1798 eo
2233 1740 2294 1794 in
2326 1738 2606 1795 omnibus
2634 1738 2941 1810 sapientim
2974 1736 3190 1792 studiis
3220 1736 3506 1808 prmclare
3539 1751 3600 1789 se
3657 1750 3790 1806 ges-

2129 1830 2206 1887 sit
2231 1829 2534 1900 :interque
2566 1827 2706 1883 belli
2740 1827 3005 1899 pericula
3037 1830 3093 1881 et
3123 1825 3431 1881 hostilium
3464 1828 3785 1880 conatuum

2130 1917 2620 1990 occupationibus
2687 1917 2887 1972 animo
2972 1916 3225 1983 intento,
3288 1931 3358 1969 ex
3439 1912 3786 1985 praescripto

354 2010 464 2061 τῶν
527 2001 795 2077 πολέμων
852 2000 1169 2078 ἐνασχολῶν
1225 2000 1325 2070 τὴν
1386 1996 1631 2056 διάνοιαν
1692 2000 1829 2055 κατὰ
1893 2000 2012 2063 τοὺς

2138 2024 2439 2066 sacrarum
2474 2007 2668 2081 legum
2724 2006 2889 2062 vixit.
2922 2005 3083 2060 Idem
3140 2003 3466 2077 pauxillum
3500 2001 3786 2073 requietis

355 2096 540 2171 ἱεροῦς
594 2092 948 2151 δπολιτεύετο
1005 2093 1232 2166 νόμους.
1322 2092 1650 2167 Ἀνακωχῆς
1716 2087 1776 2146 δὲ
1828 2090 2017 2166 τυχὼν

370 2184 559 2261 ὀλίγης
580 2185 670 2240 τὸν
701 2181 929 2249 ὄλισθον
988 2182 1192 2239 ἐκεῖνον
1246 2182 1523 2257 ὑπέμεινε.
1568 2184 1676 2238 Τοῦ
1709 2178 1767 2236 δὶ
1796 2182 2014 2256 προφή-

371 2296 471 2331 του
500 2275 626 2349 πρὸς
648 2274 812 2331 αὑτὸν
854 2272 1213 2342 εἰσελθόντος,
1271 2271 1360 2328 καὶ
1408 2276 1502 2327 τὸν
1560 2264 1795 2346 ἔλεγχον
1852 2270 2018 2326 αὐτοῦ

370 2365 774 2439 ὑπομείναντος,
833 2363 925 2419 ναξ
1001 2365 1102 2433 τὴν
1176 2360 1597 2441 ἐξομολόγησιν.
1634 2360 2016 2435 ποιησαμένου

358 2456 472 2523 καί,
508 2480 535 2506 κ
566 2454 895 2531 Ἦμάρτηγα
922 2458 1002 2527 τῷ
1037 2452 1218 2528 Κυρίῳ
1253 2472 1382 2527 μου,
1414 2474 1443 2504 ››
1475 2452 1769 2530 φήσαντος,
1802 2449 1966 2530 φησὶν
1987 2451 2016 2505 6

353 2547 670 2623 προφήτης·
711 2568 738 2597 ιι
766 2543 845 2603 Οὖ
874 2544 952 2616 μὴ
984 2542 1286 2618 ἀποθάνῃς,
1317 2540 1466 2611 πλὴν
1500 2540 1849 2617 παροργίζων
1881 2561 2017 2610 παρ-

352 2633 600 2713 ώργισας
634 2635 687 2690 ἐν
736 2639 855 2697 τοῖς
891 2632 1230 2695 ὑπεναντίοις
1282 2632 1374 2687 τὸν
1427 2632 1686 2707 Κύριον.»
1718 2631 1821 2689 Καὶ
1850 2637 2016 2708 πρῶ-

348 2744 443 2780 τον
480 2724 664 2798 μέντοι
694 2724 757 2779 τὸ
792 2720 1153 2803 μοιχαλίδιον
1211 2718 1427 2777 παιδίον
1487 2720 1742 2792 ἐπάταξεν
1771 2721 1799 2776 6
1858 2722 2013 2789 Θεὸς,

348 2807 541 2869 ἔπειτα
586 2811 679 2868 καὶ
734 2815 837 2882 τήν
892 2815 992 2868 τοῦ
1048 2811 1169 2866 υἱοῦ
1227 2810 1396 2866 αὐτοῦ
1484 2809 1838 2866 ἐπανάστασιν
1899 2811 2014 2864 κατ’

352 2903 529 2959 αὐτοῦ
561 2898 901 2977 παραδηλῶν
942 2899 1098 2971 φησί’
1134 2924 1161 2952 ‹‹
1207 2900 1311 2958 Καὶ
1367 2903 1459 2953 νῦν
1515 2900 1617 2955 οὐκ
1664 2897 2014 2974 ὲξαρθήσεται

349 2993 601 3071 ῥομφαία
643 2992 703 3049 ἐκ
729 2997 830 3049 τοῦ
858 2990 1012 3048 οἷ’κου
1043 3011 1160 3049 σου.
1198 2990 1484 3055 »Εἰκότως
1518 2989 1612 3045 οὖν
1642 2983 1816 3067 ἴλεγε.
1835 2991 2017 3047 «Παι-

351 3082 528 3139 δεὸων
561 3079 849 3139 ἃπαίδευσέ
884 3103 952 3157 με
983 3082 1011 3138 6
1042 3081 1268 3157 Κύριος,
1296 3085 1376 3153 τῷ
1406 3077 1466 3135 δὲ
1494 3080 1710 3153 θανάτῳ
1749 3078 1811 3135 οὐ
1843 3079 2015 3153 παρέ-

349 3170 497 3229 δωκέ
529 3194 657 3247 ps.»
688 3170 1289 3249 Καὶγὰρπαντοδαπαῖς
1318 3169 1503 3241 αὐτὸν,
1534 3172 1625 3225 οἶα
1655 3166 1722 3238 δὴ
1738 3170 2016 3246 πάνσοφος

351 3263 570 3339 ἰατρὸς,
601 3258 877 3326 παιδείαις
927 3255 1195 3317 ὑπέϐαλεν
1228 3261 1257 3316 ὁ
1296 3260 1428 3322 Θεὸς
1489 3260 1624 3335 μετὰ
1671 3260 1771 3329 τήν
1801 3259 2012 3334 ὁμολο-

352 3354 477 3451 γίαν
515 3358 618 3422 τῆς
650 3350 950 3451 ἁμαρτίαςὶ
974 3350 1036 3451 :0
1063 3350 1180 3451 οὖν.
1207 3350 1502 3451 μακάριος.
1533 3345 1703 3405 Δαϐὶδ
1755 3350 1862 3425 πρὸ
1913 3358 2016 3421 τῆς
2046 3384 2089 3451 C

353 3441 620 3511 τελευτῆς
648 3440 817 3497 αὐτοῦ
854 3438 1091 3502 καλέσας
1128 3439 1219 3495 τὸν
1274 3439 1392 3495 υἱὸν
1445 3438 1610 3495 αὐτοῦ
1669 3439 2015 3513 Σολομῶντα

357 3531 501 3587 εἶπεν
531 3529 703 3601 αὐτῷ’
739 3553 766 3580 α
801 3527 1076 3603 Σολομῶν
1140 3527 1327 3583 τέκνον
1364 3548 1491 3601 μου,
1526 3527 1650 3600 ἐμοὶ
1686 3525 1895 3604 ἐγένετο
1925 3528 2012 3583 ἐπὶ

352 3621 542 3695 ψυχήν
572 3623 673 3675 τοῦ
706 3615 1072 3692 οἰκοδομῆσαι
1107 3620 1262 3673 οἶκον
1294 3618 1484 3693 Κυρίῳ
1514 3623 1592 3691 τῷ
1621 3622 1738 3691 Θεῷ
1770 3616 2011 3691 (81).Καί

355 3709 565 3785 ἐγένετο
591 3709 756 3784 λόγος
784 3708 987 3781 Κυρίου
1016 3707 1099 3765 ἐπ’
1130 3707 1278 3781 ἐμοὶ,
1311 3707 1507 3784 λέγων’
1529 3710 1678 3782 Αἷμα
1709 3707 1784 3770 εἷς
1798 3706 2014 3779 πλῆθος

353 3800 571 3874 ἐξέχεας
610 3799 698 3854 καὶ
731 3796 1014 3871 πολέμους
1044 3798 1309 3867 ἐποίησας
1367 3795 1665 3872 μεγάλους.
1712 3798 1827 3855 Οὐκ
1857 3797 2011 3854 οἰκο-

355 3886 621 3961 δοιιῆσεις
651 3890 804 3945 οἷκον
833 3894 914 3962 τῷ
953 3888 1183 3963 ὀνόματί
1246 3909 1373 3963 μου.
1416 3886 1558 3948 Ἰδοὺ
1615 3890 1731 3952 υίὸς
1773 3889 2011 3948 τίκτεται

355 4001 464 4053 σοι,
497 3980 587 4036 καὶ
642 3979 940 4035 ἀναπαύσω
991 3979 1149 4035 αὐτὸν
1198 3979 1304 4034 ἀπὸ
1363 3979 1576 4035 πάντων
1634 3983 1744 4035 τῶν
1796 3978 2008 4057 ἐχθρῶν

354 4069 543 4139 αὑτοῦ,
576 4067 664 4124 ὅτι
695 4064 974 4143 Σολομῶν
1005 4064 1176 4143 ὄνομα
1205 4069 1376 4141 αὐτῷ.
1430 4067 1604 4131 Οὗτος
1651 4065 2010 4144 οἰκοδομήσει

352 4163 509 4215 οἶκον
546 4163 628 4232 τῷ
656 4157 885 4232 ὀνόματί
918 4177 1043 4232 μου.
1102 4159 1201 4214 Καὶ
1260 4164 1350 4214 νῦν
1400 4155 1658 4237 ἁνδρίζου
1690 4160 1779 4215 καὶ
1827 4158 2007 4236 ἴσχυε.

352 4256 393 4305 Κ
435 4250 448 4265 ο
485 4247 537 4269 λλ
576 4249 589 4266 \
714 4249 728 4267 \
891 4249 904 4265 ἱ
1012 4248 1026 4264 ε
1219 4248 1233 4257 ⁵
1296 4248 1307 4267 Ι
1847 4250 1859 4270 Ι

400 4271 450 4304 αι
487 4264 606 4305 ιοου
639 4247 747 4325 ἐγω
776 4269 915 4303 κατα
966 4268 1068 4316 την
1098 4249 1374 4304 πτωᾸειαν
1431 4270 1542 4321 μου
1590 4251 1701 4323 (82)
1732 4251 2008 4323 ἡτοιμασα

351 4339 430 4402 εἷς
462 4342 616 4394 οἷκον
652 4337 856 4413 Κυρίου
902 4336 1135 4413 χρυσίου
1201 4338 1444 4395 τάλαντα
1495 4335 1761 4415 χιλιάδας
1817 4339 2008 4395 ἑκατὸν

351 4430 441 4485 καὶ
485 4427 749 4504 ἀργυρίου
776 4424 1013 4483 τάλαντα
1060 4426 1252 4503 χιλίας
1313 4424 1596 4503 χιλιάδας,
1649 4427 1738 4483 καὶ
1792 4426 2005 4504 χαλκὸν

348 4520 440 4575 καὶ
475 4517 706 4593 σίδηρον
735 4519 799 4574 οὗ
838 4516 940 4573 οὐκ
989 4511 1136 4573 ἔστιν
1192 4518 1444 4595 ὀιριθμός’
1504 4521 1595 4575 καὶ
1648 4520 1784 4595 πρὸς
1840 4523 2009 4575 ταῦτα

347 4608 585 4686 πρόσθες
646 4607 724 4671 εἷς
778 4603 1081 4680 οἶκοδομήν
1130 4611 1261 4664 ναοῦ
1318 4609 1543 4681 Κυρίου.
1608 4632 1637 4660 υ
1712 4608 1807 4666 Καὶ
1901 4618 2003 4666 Δα-

2128 2099 2278 2157 157
2318 2103 2528 2154 nactus
2587 2097 2649 2152 in
2698 2096 2871 2151 istam
2932 2100 3023 2151 est
3065 2093 3380 2166 prolapsus
3435 2091 3783 2148 fmditatem.

2125 2190 2398 2261 Ingresso
2429 2186 2503 2242 ad
2533 2202 2595 2242 se
2627 2190 2778 2251 vate,
2807 2189 2865 2240 et
2889 2183 3089 2240 delicti
3122 2181 3640 2254 exprobrationem
3655 2196 3787 2235 sus—

2127 2279 2308 2337 tinuit
2338 2284 2396 2334 et
2425 2277 2731 2333 confessus
2762 2275 3054 2348 ﬂagitium
3113 2278 3220 2342 est,
3254 2287 3532 2345 peccasse
3577 2275 3787 2325 contra

2125 2368 2447 2426 Dominum
2481 2382 2610 2422 sese
2641 2363 2986 2438 perhibens.
3023 2364 3228 2435 Itaque
3258 2366 3421 2416 vates
3447 2376 3581 2415 eum
3597 2365 3785 2415 morte

2126 2474 2247 2515 non
2269 2455 2652 2530 plectendum
2675 2453 2854 2526 hujus
2913 2453 3101 2526 culpae
3152 2468 3330 2507 causa
3360 2450 3781 2523 pronuntiavit,

2126 2562 2467 2620 quanquam
2526 2545 2912 2599 vehementer
2989 2544 3176 2598 Deum
3241 2544 3669 2612 exasperasset.
3731 2539 3786 2595 Is

2125 2639 2384 2711 primum
2419 2635 2647 2709 prolem
2693 2652 2760 2691 ex
2822 2651 2889 2688 eo
2926 2632 3242 2694 adulterio
3297 2638 3498 2687 natam
3530 2633 3783 2699 necavit,

2126 2730 2346 2787 deinde
2377 2730 2485 2785 ﬁlii
2545 2728 2939 2784 rebellionem
2979 2728 3041 2782 'ei
3103 2726 3475 2799 signiﬁcavit,
3527 2741 3661 2781 cum
3720 2725 3782 2779 in

2126 2819 2360 2877 familia
2387 2819 2576 2891 ipsius
2607 2833 2914 2888 nunquam
2947 2833 2980 2872 a
3008 2815 3222 2889 gladiis
3252 2815 3377 2871 fore
3411 2815 3779 2871 vacationem

2128 2909 2527 2966 denuntiaret.
2563 2908 2997 2963 Convenienter
3028 2922 3163 2977 ergo
3196 2904 3447 2961 Davidus
3473 2904 3627 2958 dixit
3655 2920 3716 2959 se
3749 2921 3784 2959 a

2127 3001 2246 3057 Deo
2278 3000 2662 3055 vehementer
2693 2997 2935 3070 quidem
2994 2996 3367 3069 castigatum,
3402 3011 3522 3050 non
3582 2999 3778 3049 tamen

2126 3089 2261 3146 neci
2295 3088 2579 3145 traditum
2610 3088 2815 3145 fuisse.
2849 3089 2993 3143 Nam
3026 3087 3199 3153 Deus,
3224 3082 3782 3156 utsapientissimus

2126 3180 2415 3248 medicus,
2449 3178 2646 3234 omnis
2674 3176 2908 3251 generis
2934 3173 3425 3250 castigationibus
3457 3189 3591 3229 eum
3613 3189 3782 3229 exer-

2127 3269 2268 3334 cuit,
2304 3273 2689 3341 posteaquam
2749 3270 3059 3338 peccatum
3099 3281 3272 3321 suum
3312 3263 3620 3320 confessus
3650 3262 3781 3318 fuit.

2126 3360 2181 3414 Is
2234 3374 2372 3432 ergo
2426 3356 2636 3413 beatus
2686 3356 2960 3423 Davidus,
3012 3360 3335 3425 antequam
3392 3369 3461 3407 ex
3506 3352 3614 3407 hac
3666 3351 3783 3405 vita

2126 3447 2569 3520 commigraret,
2601 3446 2947 3502 advocatum
2971 3444 3045 3500 ad
3075 3460 3135 3499 se
3169 3442 3360 3498 {ilium
3402 3441 3779 3497 Solomonem

2125 3537 2188 3593 in
2219 3537 2373 3592 hanc
2405 3534 2758 3593 sententiam
2794 3540 2883 3589 est
2910 3533 3244 3590 allocutus:
3281 3551 3302 3579 ι
3344 3530 3454 3587 Fili
3494 3529 3576 3586 mi
3617 3526 3781 3585 Solo-

2124 3643 2289 3696 mon,
2322 3626 2671 3682 induxeram
2707 3640 2810 3698 ego
2844 3623 2905 3678 in
2944 3623 3211 3679 animum
3268 3636 3467 3677 meum
3526 3619 3777 3674 Domino

2124 3716 2243 3773 Deo
2269 3715 2558 3787 templum
2592 3711 2888 3769 mdiﬁcare
2913 3730 2925 3769 :
2952 3712 3056 3767 sed
3087 3728 3182 3767 me
3210 3712 3363 3766 Deus
3409 3710 3491 3764 ita
3523 3708 3775 3773 monuit,

2121 3811 2189 3862 ut
2216 3805 2576 3879 significaret
2630 3820 2747 3871 me,
2780 3804 2922 3875 quia
2952 3803 3205 3858 multum
3238 3798 3545 3873 sanguinis
3591 3797 3779 3853 fudis-

2123 3912 2247 3952 sem
2308 3912 2377 3951 ac
2425 3910 2640 3967 magna
2704 3892 2865 3949 bella
2917 3892 3253 3966 gessissem,
3305 3890 3492 3963 ipsius
3544 3886 3774 3944 nomini

2121 3984 2309 4040 tndem
2344 3984 2727 4040 conditurum
2768 3998 2888 4038 non
2921 3998 3046 4037 esse
3073 3998 3086 4035 :
3120 3981 3310 4036 filium
3340 3978 3487 4035 mihi
3520 3978 3709 4044 nasci,
3742 3993 3776 4031 a

2121 4074 2334 4146 quo(id
2364 4073 2525 4145 quod
2557 4078 2614 4128 et
2644 4072 2980 4130 Solomonis
3000 4087 3223 4127 nomen
3249 4068 3513 4139 denotat)
3534 4082 3772 4123 omnem

2120 4163 2382 4220 hostium
2436 4162 2724 4235 impetum
2756 4167 2913 4217 esset
2969 4160 3094 4232 ipse
3154 4159 3599 4231 prohibiturus:
3636 4172 3772 4211 eum

2118 4251 2348 4309 nomini
2372 4253 2473 4308 Dei
2508 4250 2798 4324 templum
2831 4254 3290 4306 exstincturum.
3324 4251 3405 4303 Tu
3437 4244 3773 4318 itaque,ﬁli,

2118 4344 2207 4397 vir
2237 4347 2384 4399 esto.
2415 4349 2473 4397 et
2494 4342 2647 4397 vires
2677 4357 2864 4397 sume.
2890 4342 3081 4411 Atque
3113 4355 3248 4394 ecce
3296 4354 3422 4411 ego,
3478 4342 3768 4409 quantum

2116 4450 2254 4492 mea
2310 4438 2626 4506 paupertas
2684 4430 2838 4500 tulit,
2901 4430 2975 4486 ad
3059 4427 3472 4486 aediﬁcandam
3521 4427 3770 4483 Domino

2118 4522 2618 4590 domum,conl‘eci
2652 4521 2877 4577 talenta
2934 4520 3064 4575 auri
3118 4520 3347 4584 100000,
3408 4518 3634 4592 argenti
3683 4522 3769 4572 ta—

2116 4612 2278 4670 lenta
2309 4613 2574 4677 1000οΕ0,
2597 4616 2885 4685 prmterea
2914 4610 3049 4665 acris
3078 4614 3256 4681 atque
3297 4608 3440 4664 ferri
3490 4607 3771 4662 innume-

348 4695 440 4755 61‘8
471 4701 589 4773 (83)
620 4691 932 4772 πρεσϐύτης
988 4698 1079 4752 καὶ
1135 4696 1359 4770 πλήρης
1391 4700 1635 4774 ἡμερῶν,
1675 4698 1767 4754 καὶ
1841 4699 1998 4775 βασι-

2124 4702 2366 4760 rabilem
2398 4703 2535 4758 vim.
2569 4703 2651 4758 Tu
2708 4701 2781 4757 iis
2820 4698 2971 4756 adde
3029 4716 3160 4772 qua)
3219 4699 3294 4755 ad
3352 4686 3769 4754 mdiﬁcandum

350 4789 549 4852 λεῦσας
576 4787 670 4843 τὸν
702 4786 817 4841 υἱὸν
849 4786 1016 4843 αὐτοῦ
1056 4785 1399 4861 Σολομῶντα
1453 4785 1622 4844 πάλιν
1669 4790 1813 4844 εἶπεν
1846 4790 1999 4863 αὐτῷ

2124 4793 2230 4849 Deo
2258 4793 2550 4865 templum
2578 4791 2818 4848 facient.
2844 4810 2870 4842 ι
2910 4790 3064 4848 158
3095 4791 3232 4845 Erat
3269 4794 3469 4846 autem
3520 4788 3775 4845 Davidus

346 4877 590 4937 ἑνώπιον
618 4880 719 4932 τοῦ
746 4874 904 4931 λαοῦ·
941 4873 1084 4932 Ἰδοὺ
1113 4877 1393 4949 ἡτοίμασα
1422 4876 1500 4940 εἰς
1550 4877 1700 4933 οἶκον
1739 4881 1836 4933 τοῦ
1867 4882 2002 4934 Θεοῦ

352 4991 462 5043 μου
484 4967 743 5038 χρυσίον,
776 4967 1061 5043 ἀργυριον,
1092 4964 1326 5045 χαλκὸν,
1360 4970 1445 5041 [Ρ.
1496 4968 1588 5041 90]
1648 4963 1873 5040 σίδηρον
1913 4968 2002 5024 καὶ

348 5058 525 5114 πάντα
557 5055 714 5121 λίθον
740 5054 927 5127 τίμιον
956 5054 1045 5110 καὶ
1073 5052 1263 5117 λίθους
1291 5053 1511 5130 τιμίους
1559 5052 1885 5117 πολυτελεῖς
1915 5056 2006 5112 καὶ

2113 4881 2433 4940 admodum
2458 4887 2734 4956 provecta
2762 4885 2936 4937 aetate
2961 4885 3021 4937 et
3050 4886 3217 4936 satur
3246 4895 3561 4936 annorum.
3595 4883 3774 4936 Cum-

2117 4989 2232 5046 que
2267 4972 2453 5030 filium
2486 4989 2660 5029 suum
2712 4972 3091 5030 Solomonem
3122 4985 3304 5041 regno
3338 4970 3772 5042 inaugurasset,

2116 5076 2325 5118 rursus
2356 5078 2555 5117 coram
2588 5060 2809 5134 populo
2836 5060 2917 5116 ita
2940 5075 3076 5116 eum
3103 5064 3193 5115 est
3222 5058 3547 5117 allocutus:
3582 5082 3603 5111 ι
3626 5058 3773 5113 Ecce

1633 5156 1994 5214 XYLANDRI
2030 5160 2116 5215 ΕΤ
2155 5160 2369 5218 GOARI
2407 5162 2629 5219 NOTAE.

418 5258 530 5329 (81)
567 5258 629 5311 ln
658 5253 927 5329 margine
959 5258 1201 5329 notatur
1224 5253 1349 5329 alia
1377 5254 1576 5323 lectio,
1640 5257 1722 5326 τῷ
1774 5251 2005 5329 ὀνόματι

350 5326 553 5402 Κυρίου
584 5330 682 5402 τοῦ
712 5327 873 5392 Θεοῦ,
933 5326 1155 5402 nomint:
1209 5328 1432 5402 Dominj
1461 5330 1579 5402 Dei,
1612 5341 1761 5402 qua:
1794 5327 2006 5402 eodem

346 5398 581 5459 recidit.
616 5399 941 5469 Desumpta
971 5404 1114 5453 sunt
1140 5398 1268 5455 hac
1299 5415 1370 5455 ex
1401 5400 1424 5454 Ι
1456 5398 1644 5455 Paral.
1682 5415 1868 5454 xxvm.
1890 5401 2004 5455 Cm-

349 5480 541 5531 terum
564 5469 905 5545 Solomonis
935 5485 1154 5545 nomen
1193 5471 1336 5545 Paci
1351 5470 1683 5545 παρώνυμον
1717 5475 1827 5545 est.
1860 5471 2001 5545 _XYL.

417 5546 531 5618 (82)
578 5547 645 5599 In
677 5541 948 5618 margine
972 5541 1271 5618 _allevera_t
1320 5541 1625 5618 librarius,
1678 5542 1793 5618 nisi
1851 5541 2003 5618 forte

440 5582 509 5601 νε
578 5582 645 5599 ιι.
677 5582 800 5598 μη..
828 5582 948 5597 κων
989 5582 1271 5598 unum“...
1322 5582 1603 5600 ..νιαιιυιυ
1679 5582 1793 5597 ...ω
1851 5582 2003 5599 wn...

348 5582 647 5675 Cellrelnus
680 5582 937 5688 ιδωῗᾳξι
964 5612 1457 5688 ξειοειρδποιαύτη
1488 5585 1723 5685 καὶίμοί
1754 5613 2007 5688 πτωχεία

344 5689 575 5768 γένοιτο,
608 5690 721 5768 θεξε
745 5678 938 5768 Δαϐὶᾷ,
972 5678 1552 5768 lepideprofectoet
1576 5678 1841 5742 historia:
1861 5678 2004 5768 ("£59-

346 5756 651 5819 venienter
676 5756 1054 5832 tmen-ivnge.
1083 5756 1405 5832 Taliserat
1433 5760 1611 5832 etiam
1646 5773 1843 5830 supra,
1860 5757 2002 5814 folio

345 5835 431 5903 38,
453 5833 529 5893 ad
558 5828 855 5903 Manassis
886 5828 1749 5903 etEphraimibenedictionem
1761 5835 2003 5903 annota-

347 5897 667 5980 ῑίόεοῖμαι
711 5899 804 5957 διὰ
852 5897 1019 5955 τοῦτο
1072 5899 1161 5956 καὶ
1216 5897 1340 5974 ὶμοὶ
1386 5901 1460 5964 ῶς
1516 5902 1596 5975 τῷ
1646 5902 1908 5976 Μανασσῇ
1939 5900 2002 5958 τὸ

2120 5254 2408 5335 δυστυχεῖς
2441 5257 2933 5335 άποκεκλήρωταιε
2950 5262 3109 5335 _Suut
3129 5265 3187 5315 et
3200 5258 3334 5335 _alia
3361 5256 3582 5335 passim
3600 5254 3765 5324 talia,

2117 5349 2249 5404 qua:
2280 5327 2551 5390 consulto
2584 5327 2782 5404 omisi,
2815 5333 2967 5391 nihil
3026 5349 3170 5404 sane
3200 5327 3484 5404 lectorem
3516 5327 3769 5404 iisnprtpf

2119 5399 2310 5479 teritis
2356 5405 2718 5479 defraudans
2758 5399 2881 5479 qui,
2933 5405 2983 5461 si
3044 5403 3220 5473 volet,
3274 5401 3484 5458 utilius
3541 5399 3767 5472 aliquid

2114 5478 2369 5534 margini
2398 5478 2572 5534 facile
2606 5478 2815 5534 allinet
2868 5478 3003 5533 XrL.

2185 5540 2302 5620 (ΒΞ)
2324 5550 2389 5606 In
2423 5550 2709 5622 margine,
2733 5548 2958 5622 Ἒλιπεν
3002 5544 3061 5622 ἐκ
3094 5548 3225 5622 fro-1
3239 5540 3591 5622 ᾁντιγράιρου.
3627 5544 3766 5622 Mihi

2115 5616 2314 5677 autem
2346 5616 2609 5693 profecto
2639 5638 2762 5677 non
2789 5620 3018 5676 videtur
3049 5619 3143 5675 hic
3167 5616 3408 5693 aliquid
3434 5616 3662 5693 deesse,
3687 5617 3769 5671 ita

2113 5698 2179 5748 ut
2210 5687 2394 5749 mirer
2421 5693 2650 5750 librarii
2675 5693 3048 5764 religionem,
3081 5690 3205 5764 qui,
3238 5687 3357 5764 tam
3389 5689 3576 5745 multa
3636 5687 3767 5743 loca

2112 5765 2402 5838 mutilata
2415 5782 2520 5838 pro
2554 5762 2802 5838 integris
2810 5762 3182 5838 describens,
3194 5762 3288 5818 hic
3301 5762 3543 5819 demum
3559 5774 3766 5816 sense-

2113 5837 2192 5892 rit
2221 5835 2450 5908 aliquid
2481 5835 2793 5894 excidisse.
2826 5835 2962 5891 XvL.
