4142 6430
393 386 469 447 19
497 388 522 448 Ι,

1772 381 2090 447 GEORGII
2134 381 2454 444 CEDREN
2461 381 2485 442 Ι

3719 406 3830 468 192

389 523 603 598 paravi
638 523 713 579 ad
745 526 1111 579 structuram
1155 523 1300 580 aedis
1332 524 1452 579 Deo
1484 538 1617 578 meo
1650 516 2061 577 consecranda:

2184 512 2502 577 ποικίλους.
2535 515 2640 573 Καὶ
2672 515 2808 590 πρὸς
2839 514 3055 582 τούτοις
3087 516 3312 595 δίδωμι,
3346 520 3499 589 ἐκτὸς
3550 529 3626 584 ὧν
3680 537 3832 603 ἡτοί-

392 629 626 681 aurum,
660 611 1627 686 argentum,aas,ferrum,lapides,
1662 609 1863 667 omnis
1877 623 2056 680 gene-

394 703 478 757 ris
500 702 792 774 pretiosas
812 719 1077 776 gemmas
1102 719 1115 757 :
1138 703 1230 757 his
1248 702 1401 757 addo
1423 702 1551 757 auri
1574 699 1817 773 Ophirei
1835 698 2058 754 talenta

396 797 486 847 ter
512 791 776 856 mille,ac
807 797 1033 861 septem
1065 792 1255 847 millia
1275 791 1636 847 talentorum
1667 789 1897 862 argenti
1918 804 2054 859 pro-

396 882 517 939 bati
547 881 623 938 ad
659 898 860 938 muros
912 882 1116 954 templi
1175 881 1615 937 incrustandos.
1670 903 1698 930 »
1749 879 2057 950 Principes

396 978 597 1028 autem
628 970 825 1043 populi
857 970 1117 1026 Israelici
1159 970 1232 1025 ad
1287 969 1447 1026 idem
1507 987 1658 1043 opus
1713 968 2057 1025 faciendum

398 1061 780 1117 contulerunt
799 1061 1161 1115 talentorum
1193 1061 1321 1115 auri
1382 1060 1573 1115 millia
1604 1064 1657 1126 7,
1718 1063 2055 1131 argentum,

396 1150 626 1223 lapides
655 1150 949 1221 pretiosos
980 1156 1039 1205 et
1068 1149 1426 1205 immensam
1454 1150 1573 1205 vim
1612 1150 1768 1205 mris.
1804 1146 2056 1204 Davidus

401 1256 534 1295 cum
565 1239 1086 1311 populum,felicia
1116 1239 1395 1295 eiomnia
1425 1240 1590 1312 prius
1621 1242 2055 1310 comprecatus,

397 1327 743 1396 dimisisset,
775 1344 984 1384 rursus
1026 1328 1110 1384 ita
1167 1328 1360 1384 ﬁlium
1411 1345 1586 1384 suum
1632 1326 2054 1400 compellavit:

393 1441 422 1469 ‹‹
455 1417 735 1485 Proinde,
777 1435 810 1472 o
856 1417 1162 1485 Solomon,
1220 1419 1409 1473 Deum
1459 1418 1758 1491 majorum
1819 1424 2056 1473 tuorum

388 1525 665 1582 agnosce,
699 1524 956 1579 eumque
989 1513 1110 1564 toto
1133 1507 1311 1563 corde
1345 1514 1525 1580 atque
1565 1509 1766 1564 animo
1817 1507 2055 1562 volente

388 1598 538 1655 cole.
573 1597 786 1653 Omnia
806 1597 967 1652 enim
999 1597 1182 1653 corda
1203 1602 1505 1655 scrutatur
1535 1599 1895 1666 Deus,omne
1909 1612 2057 1667 sque

387 1687 778 1760 cogitationes
799 1686 973 1742 videt.
1018 1687 1074 1741 Si
1123 1704 1357 1759 quaeras
1416 1704 1575 1757 eum,
1635 1688 1945 1744 invenies:
2006 1687 2055 1742 si

387 1779 790 1850 derelinquas,
821 1795 1068 1850 prorsus
1104 1778 1391 1835 destituet
1421 1784 1500 1834 te.
1534 1798 1562 1831 ι
1626 1779 1802 1835 Dedit
1853 1783 2057 1835 autem

389 1867 643 1925 Davidus
676 1867 978 1923 Solomoni
1016 1867 1141 1922 ﬁlio
1170 1884 1276 1923 suo
1306 1868 1616 1940 exemplar
1646 1868 1830 1924 totius
1844 1867 2057 1939 templi

394 1964 454 2016 et
492 1957 987 2013 Cherubimorum
1022 1957 1124 2028 qui
1156 1958 1348 2029 passis
1401 1957 1514 2013 alis
1560 1973 1762 2013 arcam
1818 1956 2058 2014 fuaderis

392 2046 573 2104 divini
597 2046 984 2102 obumbrant.
1019 2045 1159 2111 Quae
1191 2047 1392 2102 omnia
1425 2062 1605 2102 manu
1667 2046 1768 2101 Dei
1825 2046 2063 2118 depicta

394 2136 647 2193 Davidus
677 2135 803 2190 ﬁlio
858 2135 1154 2206 praabens,
1187 2136 1458 2191 hortatus
1518 2140 1609 2191 est
1657 2141 1725 2191 ut
1781 2135 2061 2208 praesidio

395 2225 519 2293 Dei,
554 2241 731 2295 quem
764 2228 935 2296 pater
956 2224 1259 2293 coluisset,
1281 2224 1491 2289 fretus,
1524 2224 1715 2281 virum
1749 2241 1812 2281 se
1832 2224 2063 2296 prmbe-

397 2320 491 2370 ret
520 2331 587 2369 ac
616 2314 848 2369 fortiter
879 2330 1006 2369 rem
1033 2319 1288 2385 gereret.

471 2405 577 2459 Hic
606 2404 755 2459 actis
788 2402 1044 2459 Davidus
1076 2403 1325 2474 grandis
1359 2408 1525 2470 natu,
1575 2404 1817 2475 pietate,
1850 2403 2063 2475 opibus

397 2499 455 2550 et
488 2493 679 2566 gloria
734 2493 1009 2565 insignis,
1066 2492 1244 2548 ﬁnem
1300 2493 1481 2565 hujus
1533 2493 1665 2548 vitae
1705 2493 1867 2561 fecit,
1900 2499 2066 2549 satur

398 2600 721 2651 annorum,
757 2583 1267 2656 septuagenarius.
1316 2585 1403 2639 Ita
1460 2583 1620 2639 enim
1676 2583 1857 2639 habet
1893 2600 2064 2640 sacra

404 2673 762 2744 Scriptura“
782 2689 795 2727 :
812 2697 836 2722 «ι
856 2674 1082 2729 Mortuo
1101 2672 1276 2728 Saulo
1293 2672 1479 2729 Judaei
1499 2672 1873 2729 Chebronem
1885 2690 2060 2729 vene-

397 2770 561 2832 runt,
596 2780 664 2819 ac
707 2763 989 2819 Davidum
1016 2764 1168 2821 I59
1191 2780 1351 2819 anno
1392 2780 1512 2819 sum
1546 2763 1736 2819 mtatis
1759 2763 2060 2819 tricesimo

398 2852 581 2908 totius
611 2852 871 2908 Israelici
898 2851 1101 2925 p0puli
1134 2867 1334 2923 regem
1364 2853 1649 2908 unctione
1673 2852 2059 2925 inaugurave-

402 2946 563 2998 runt.
589 2941 779 2997 Cessit
799 2940 1083 3013 deinceps
1127 2957 1377 3014 regnum
1409 2957 1600 2997 annos
1630 2944 1719 2999 40.
1766 2963 1793 2992 ››
1819 2942 1889 2998 Et
1921 2958 2058 2998 vero

401 3047 586 3102 regno
644 3031 929 3086 unctione
989 3030 1383 3103 inauguratus
1436 3031 1632 3088 fuerat
1713 3030 1971 3087 Davidus
2027 3048 2063 3088 a

399 3120 676 3175 Samuolo
710 3136 722 3175 :
757 3119 916 3191 quod
947 3124 1146 3175 autem
1179 3119 1436 3192 populus
1468 3136 1603 3175 cum
1633 3136 1834 3192 regem
1869 3119 2063 3175 decla-

393 3210 570 3276 ravit,
616 3209 675 3264 id
724 3209 1030 3281 Scriptura
1085 3209 1427 3281 promiscua
1480 3209 1751 3265 vocabuli
1808 3225 2063 3280 usurpa-

2168 623 2316 701 μασα
2345 602 2424 668 εἰς
2453 604 2600 661 οἶκον
2622 606 2722 701 ’τὸν
2752 605 2905 701 ἅγιον
2918 653 2938 701 ,μ
2964 608 3331 701 χρυσίου-,τοῦ
3381 610 3434 684 ἐξ
3494 617 3680 696 Ὠφεὶρ
3713 626 3826 701 (84.)

2165 693 2408 749 τάλαντα
2443 694 2746 771 τρισχίλια,
2782 697 2872 751 καὶ
2925 698 3320 775 ἑπτακισχίλια
3372 702 3616 763 τάλαντα
3652 693 3831 789 -ἆργυξ

2167 782 2290 858 ρίου
2323 780 2578 857 δοκίμου,
2606 789 2707 840 τοῦ
2754 784 3130 866 ἐξαλειφθῆναι
3187 787 3239 844 ἐν
3299 790 3487 858 αὐτοῖς
3541 802 3658 860 τοῖς
3713 780 3833 857 τοί·-

2165 889 2294 962 χοις
2325 876 2421 928 τοῦ
2447 874 2617 947 ἱεροῦ.
2661 898 2694 962 ε.
2729 875 2797 932 Οἱ
2828 872 2887 930 δὲ
2934 876 3200 953 ἃρχοντες
3256 884 3364 935 τῶν
3425 883 3560 938 υἱῶν
3594 887 3815 962 Ἰσραὴλ

2165 957 2369 1016 ἔδωκαν
2416 962 2491 1024 εἰς
2546 963 2613 1018 τά
2668 958 2802 1038 ἔργα
2855 970 2952 1021 τοῦ
3005 964 3164 1022 οἷ’κου
3229 973 3326 1024 τοῦ
3383 975 3522 1027 Θεοῦ
3584 977 3813 1050 χρυσίου

2164 1049 2412 1107 τάλαντα
2441 1053 2831 1126 ἑπτακισχίλια
2884 1055 2974 1111 καὶ
3032 1058 3292 1135 ἀργύριον
3343 1061 3435 1115 καὶ
3497 1049 3686 1129 λίθους
3746 1089 3827 1124 τι-

2165 1140 2324 1215 μίους
2350 1142 2439 1198 καὶ
2494 1142 2702 1199 χαλκὸν
2759 1141 2999 1221 ἄπειρον.
3059 1149 3163 1204 Καὶ
3204 1147 3510 1226 εὐλογήσας
3551 1155 3648 1209 τὸν
3694 1155 3820 1212 λαὸν

2164 1231 2194 1286 6
2224 1226 2391 1286 Δαὸἰδ
2420 1233 2510 1287 καὶ
2552 1232 2883 1298 ἀποστείλας
2940 1237 3082 1292 εἶπεν
3143 1238 3294 1301 αὖθις
3348 1244 3429 1312 τῷ
3488 1243 3595 1315 υἱῴ
3627 1244 3813 1300 αὐτοῦ·

2158 1343 2188 1373 ‹‹
2223 1322 2322 1376 Καὶ
2350 1325 2466 1390 νῦν,
2499 1322 2792 1397 Σολομῶν,
2846 1329 3018 1400 γνῶθι
3061 1328 3154 1382 τὸν
3214 1329 3344 1384 Θεὸν
3397 1335 3509 1384 τῶν
3570 1333 3816 1410 πατέρων

2161 1431 2280 1478 σου,
2311 1412 2402 1465 καὶ
2434 1408 2727 1468 δούλευσον
2755 1414 2904 1487 αύτῷ
2935 1414 2986 1470 ἐν
3029 1414 3225 1492 καρδίᾳ
3279 1416 3469 1491 τελείᾳ
3525 1422 3621 1475 καὶ
3672 1408 3822 1498 ψυχῇ

2161 1497 2426 1575 θελούσῃ,
2457 1499 2542 1557 ὅτι
2574 1500 2801 1576 καρδίας
2855 1504 3033 1568 πάσας
3091 1506 3266 1576 ἐτάζει
3308 1507 3514 1583 Κύριος
3568 1512 3659 1564 καὶ
3719 1497 3818 1567 πᾶν

2160 1588 2456 1664 ἐνθύμημα
2485 1591 2763 1667 γινώσκει.
2823 1595 2928 1651 Καὶ
2981 1596 3069 1650 ἐὰν
3133 1600 3372 1669 ζητήσῃς
3415 1599 3600 1669 αὐτὸν,
3666 1605 3816 1675 εὑρε-

2160 1678 2383 1749 θήσεταί
2437 1699 2545 1735 σοι’
2603 1681 2693 1735 καὶ
2752 1681 2841 1737 ἐὰν
2897 1683 3229 1760 καταλείψῃς
3263 1688 3450 1758 αὐτὸν,
3500 1689 3812 1765 καταλείψει

2161 1789 2218 1824 σε
2248 1768 2323 1831 εἷς
2358 1768 2541 1832 τέλος.
2573 1794 2602 1822 ››
2636 1772 2739 1826 Καὶ
2768 1766 2941 1828 ἔδωκε
3000 1770 3167 1830 Δαϐὶδ
3210 1776 3544 1851 Σολομῶντι
3584 1783 3665 1854 τῷ
3720 1783 3817 1854 υίῷ

2091 1903 2135 1967 Β
2164 1859 2336 1914 αὐτοῦ
2363 1860 2426 1915 τὸ
2459 1857 2814 1936 παράδειγμα
2842 1868 2942 1918 τοῦ
2990 1869 3122 1919 ναοῦ
3161 1868 3361 1929 παντὸς
3414 1870 3507 1923 καὶ
3562 1875 3671 1924 τῶν
3726 1872 3818 1927 Χε-

2272 1942 2322 1967 P‘
2438 1952 2465 1964 -ι
2545 1947 2570 1967 δ
2930 1951 2940 1967 ι
3152 1960 3177 1967 ..
3336 1956 3348 1967 ι
3427 1960 3446 1967 ι
3603 1958 3615 1967 ι

2168 1942 2377 2023 ρουϐἶμ
2398 1952 2508 2004 τῶν
2542 1947 3054 2026 διαπεπετασμὲνων
3084 1960 3205 2017 ταῖς
3251 1956 3475 2029 πτέρυξι
3529 1958 3621 2013 καὶ
3674 1980 3821 2013 0m:-

2170 2036 2367 2107 ζόντων
2401 2036 2489 2093 ἐπὶ
2520 2045 2620 2108 τῆς
2645 2035 2888 2097 κιϐωτοῦ
2920 2039 3188 2115 διαθήκης
3238 2047 3469 2121 Κυρίου.
3531 2047 3713 2103 Πάντα
3769 2047 3819 2102 ἐν

2166 2131 2352 2204 γραφῇ
2395 2127 2582 2202 χειρὸς
2623 2131 2827 2205 Κυρίου
2883 2128 3086 2188 δέδωκε
3125 2130 3292 2191 Δαϐὶδ
3352 2136 3684 2209 Σολομῶντι
3745 2142 3821 2209 ’ιῷ

2167 2217 2270 2287 υἱῴ
2302 2216 2487 2284 αὐτοῦ,
2522 2216 2716 2293 λέγων.
2752 2244 2781 2273 ‹‹
2813 2221 3005 2301 Ἱσχυε
3034 2222 3124 2278 καὶ
3190 2223 3472 2301 ἀνδρίζου,
3503 2224 3587 2282 ὅτι
3615 2225 3812 2301 Κύριος

2168 2305 2197 2359 6
2222 2304 2353 2367 Θεός
2387 2326 2491 2379 μου
2527 2308 2663 2379 μετά
2694 2312 2811 2366 σοῦ.
2849 2333 2877 2362 ››

2238 2394 2343 2451 Καὶ
2402 2396 2537 2468 μετὰ
2609 2401 2781 2454 ταῦτα
2838 2397 3159 2473 ἐτελεύτησε
3215 2399 3384 2460 Δαϐἲδ
3443 2403 3674 2478 πλούτῳ
3728 2403 3813 2459 καὶ

2169 2479 2297 2558 δόξῃ
2330 2484 2421 2538 καὶ
2454 2480 2695 2558 εὐσεϐείᾳ
2724 2485 2775 2541 ἐν
2816 2490 2977 2563 γήρει
3032 2489 3190 2564 καλῷ
3245 2495 3335 2549 καὶ
3395 2492 3624 2568 πλήρης
3678 2494 3812 2565 ἡμε-

2168 2576 2300 2644 ρῶν,
2331 2571 2465 2629 ἐτῶν
2496 2581 2557 2630 0‘.
2591 2576 2736 2645 Φησῖ
2769 2576 2894 2653 γάρ·
2929 2601 2959 2633 (ι
3011 2579 3107 2635 Καὶ
3138 2579 3345 2657 ἐγένετο
3390 2584 3529 2656 μετᾶ
3595 2582 3656 2638 τὸ
3688 2581 3816 2636 ἀπο-

2168 2662 2345 2749 θανεῖν
2375 2663 2469 2718 τὸν
2528 2663 2730 2738 Σαοὺλ,
2792 2667 2882 2721 καὶ
2914 2663 3172 2744 ἔρχονται
3203 2672 3256 2725 οἱ
3300 2669 3496 2749 ἄνδρες
3526 2678 3627 2741 τῆς
3687 2672 3818 2727 Ἰου-

2168 2746 2321 2813 δαίας
2351 2752 2405 2807 ἐν
2461 2750 2716 2828 Χεϐρὼν,
2774 2757 2865 2811 καὶ
2924 2758 3178 2836 χρίουσιν
3238 2746 3418 2816 αὐτὸν*
3459 2762 3536 2824 εἷς
3599 2758 3819 2836 βασιλέα

2170 2837 2255 2895 ἐπὶ
2298 2840 2469 2896 πάντα
2525 2841 2763 2917 Ἰσραήλ.
2828 2845 3136 2919 Τριάκοντα
3194 2845 3328 2904 ἐτῶν
3393 2844 3564 2905 Δαϐὶδ
3635 2846 3686 2902 ἐν
3740 2848 3821 2916 τῷ

2169 2929 2478 3004 βασιλεύειν
2561 2933 2745 2991 αὐτόν.
2808 2935 2912 2991 Καὶ
2999 2931 3343 2994 ἐϐασίλευσεν
3425 2935 3520 3010 ἔτη
3574 2935 3821 3012 τεσσαρά-

2166 3040 2353 3078 κοντα.
2389 3044 2418 3073 ››
2451 3019 2629 3079 Ἀλλᾶ
2652 3027 2751 3089 τῆς
2786 3027 2881 3097 μὲν
2914 3027 3211 3099 βασιλικῆς
3262 3030 3506 3104 χρίσεως
3563 3025 3651 3083 διὰ
3707 3032 3810 3080 Σπι⁸

2171 3108 2356 3182 μουὴλ
2385 3110 2620 3182 ἠξιώθη,
2659 3113 2753 3175 τὰς
2811 3111 2869 3169 δέ
2921 3135 2981 3188 γε
3017 3120 3113 3171 τοῦ
3174 3116 3309 3174 λαοῦ
3360 3118 3736 3194 ἀναγορεύσεις
3781 3116 3814 3182 ἢ

2168 3198 2385 3274 ἱστορία
2417 3201 2629 3276 χρίσεις
2660 3199 2970 3280 ἀδιαφόρως
3011 3204 3284 3279 ὠνόμασε.
3338 3208 3689 3278 Τελευτήσας
3713 3199 3818 3258 τοί-

397 3300 562 3355 tione
612 3300 953 3356 unctionem
982 3299 1328 3356 nominavit.
1390 3299 1667 3372 Sepultus
1698 3304 1789 3355 est
1817 3301 2059 3356 Jerusa-

2172 3308 2260 3343 νυν
2291 3275 2460 3365 ἐτάφη
2492 3288 2546 3345 ἒν
2575 3294 2645 3365 τῇ
2675 3275 2837 3347 πόλει
2864 3275 3249 3369 Ἶερουσαλὴμ
3305 3297 3381 3360 είς
3442 3297 3506 3354 τὸ
3567 3275 3819 3370 μέγιστον

396 3389 569 3445 lemto
646 3391 707 3445 in
765 3391 1025 3446 maximo
1085 3390 1383 3463 sepulcro,
1463 3390 1623 3462 quod
1682 3393 2060 3446 exstruxerat

395 3478 875 3551 sapientissimus
906 3479 1066 3535 filius
1084 3479 1367 3535 Solomon
1383 3478 1457 3536 ad
1477 3479 2056 3552 Siloamam.Regna-

391 3570 474 3625 vit
530 3569 786 3624 Davidus
841 3585 1033 3625 annos
1092 3569 1268 3625 Saulo
1327 3568 1645 3641 superstite
1678 3573 1730 3633 7,
1793 3568 1866 3625 ab
1928 3569 2058 3640 ejus

401 3659 560 3715 exitu
589 3674 779 3714 annos
802 3658 890 3713 33.
920 3659 1287 3714 Vaticinatus
1317 3662 1407 3714 est
1436 3663 1496 3714 et
1533 3658 1683 3730 ipse,
1747 3662 1806 3714 et
1848 3657 2060 3715 eodem

402 3753 672 3819 tempore
707 3747 901 3804 Gadus
931 3748 1236 3804 Nathanus
1288 3747 1560 3819 Asaphus
1617 3753 1793 3819 atque
1834 3747 2061 3802 Idithu-

407 3854 561 3893 mus.
614 3836 953 3892 Exercitum
1012 3837 1169 3909 regis
1223 3836 1393 3893 duxit
1449 3836 1700 3903 Joabus;
1760 3838 1864 3908 qui
1924 3853 2061 3893 cum

396 3925 691 3999 populum
752 3925 1108 3993 censuisset,
1165 3925 1581 3983 Israelicorum
1630 3926 1869 3982 inventa
1925 3931 2067 3981 sunt

407 4017 545 4069 1000
585 4015 795 4083 millia,
851 4013 1067 4070 Judteaa
1118 4014 1308 4070 tribus
1363 4018 1468 4070 470
1527 4015 1733 4083 millia,
1790 4015 1950 4071 Levis
2007 4019 2065 4070 et

410 4104 744 4176 Benjamini
777 4120 989 4161 census
1021 4108 1189 4159 actus
1218 4120 1339 4159 non
1367 4108 1490 4161 est:
1554 4111 1612 4161 et
1643 4104 1884 4177 quidem
1914 4104 2064 4160 irato

410 4195 545 4262 Deo,
580 4195 763 4249 trium
795 4195 1076 4250 horarum
1101 4193 1290 4266 spatio
1324 4199 1561 4252 mortua
1590 4200 1731 4252 sunt
1750 4194 2065 4251 hominum

405 4287 473 4339 70
508 4284 702 4339 millia
734 4283 804 4340 de
838 4283 1080 4357 populo.

482 4374 818 4430 Notandum
843 4379 954 4443 est,
982 4391 1119 4431 cum
1150 4380 1495 4447 peccatores
1518 4379 1578 4430 et
1627 4378 2067 4446 contemptores

410 4464 514 4519 Dei
545 4464 737 4536 gravis
795 4464 1000 4535 aliqua
1043 4469 1104 4519 et
1150 4463 1419 4520 insolens
1475 4468 1680 4519 manet
1735 4463 2065 4532 calamitas,

410 4568 590 4623 quam
616 4552 818 4609 omnia
837 4569 1007 4624 {aqua
1040 4552 1579 4624 dispensanslance
1598 4552 2069 4609 Deusimmissu-

2174 3384 2383 3452 μνῆμα,
2418 3379 2448 3434 6'
2478 3376 2835 3453 ᾠκοδόμησεν
2866 3382 2894 3436 ὁ
2926 3384 3244 3459 σοφώτατος
3274 3385 3392 3449 υἱὸς
3437 3384 3603 3441 αὐτοῦ
3630 3379 3815 3437 Σολο-

2168 3471 2285 3541 μῶν
2312 3469 2461 3545 παρὰ
2487 3471 2585 3539 τὴν
2629 3469 2888 3545 Σιλωάμ.
2949 3474 3232 3529 Βασιλεύει
3293 3472 3350 3531 δὲ
3393 3479 3425 3533 ὁ
3482 3469 3649 3533 Δαῧὶδ
3682 3467 3818 3527 ἑπτὰ

2166 3557 2261 3630 μὲν
2291 3555 2385 3629 ἔτη
2417 3558 2700 3633 περιόντος
2732 3564 2827 3615 τοῦ
2862 3560 3066 3630 Σαοὺλ,
3104 3565 3238 3636 μετὰ
3288 3562 3343 3619 δὲ
3403 3567 3506 3635 τήν
3563 3558 3814 3624 τελευτὴν

2165 3644 2359 3703 τούτου
2393 3647 2493 3724 λγ“.
2538 3650 2913 3725 Προεφήτευσε
2945 3648 3003 3706 δὲ
3038 3652 3199 3715 αὐτός
3251 3674 3309 3708 τε
3341 3650 3514 3711 Δαϐὶδ
3574 3652 3663 3707 καὶ
3713 3655 3746 3703 Γ
3755 3643 3813 3701 ὰδ

2166 3738 2257 3793 καὶ
2296 3737 2472 3793 Νάθαν
2530 3738 2621 3794 καὶ
2679 3741 2853 3819 ’Δσὰφ
2911 3741 3003 3797 καὶ
3063 3739 3329 3817 Ἰδιθούμ.
3392 3738 3811 3820 Ἐστρατηλάτει

2169 3824 2227 3882 δὶ
2256 3824 2614 3899 αύτῷἸωὰϐ,
2673 3827 2731 3893 ὅς
2788 3829 3065 3906 ἠρίθμησε
3119 3833 3212 3888 τὸν
3276 3832 3438 3908 λαὸν,
3484 3832 3576 3889 καὶ
3633 3825 3812 3901 εὑρέθη

2168 3916 2351 3996 χίλιαι
2384 3918 2570 3973 ἑκατὸν
2603 3915 2879 3994 χιλιάδες,
2908 3924 3008 3975 τοῦ
3075 3918 3133 3977 δὲ
3190 3920 3372 3979 Ἰούδα
3416 3923 3495 3979 υο¹
3552 3914 3817 3977 χιλιάδες.

2169 4006 2276 4063 Τὸν
2311 4003 2369 4061 δὲ
2399 4006 2527 4062 Λευΐ
2552 4007 2642 4062 καὶ
2699 4009 2792 4063 τὸν
2850 4009 3108 4082 Βενιαμὶν
3165 4009 3264 4066 οὐκ
3317 4012 3659 4088 ἠρίθμησαν.
3723 4006 3824 4061 Hs-

2170 4095 2499 4152 πτώκασιδὲ
2538 4099 2651 4153 κατ’
2685 4099 2856 4176 ὀργὴν
2916 4104 3049 4155 Θεοῦ
3107 4099 3167 4156 ἐκ
3222 4106 3319 4159 τοῦ
3366 4102 3511 4160 λαοῦ
3539 4100 3591 4157 ἐν
3648 4091 3816 4172 τρισὶν

2174 4184 2340 4261 ὥραις
2373 4182 2629 4260 χιλιάδες
2655 4187 2723 4244 ο’.

2230 4368 2599 4441 «Σημειωτέον
2632 4369 2706 4430 ὡς
2734 4368 2899 4439 ἡνίκα
2940 4389 3023 4431 τις
3074 4367 3361 4427 ἀπόκειται
3420 4374 3540 4433 τοῖς
3569 4363 3822 4437 ἆνομοῦσι

2172 4457 2263 4513 καὶ
2322 4463 2745 4538 καταφρονοῦσιν
2805 4458 3009 4530 ἐξαισία
3065 4456 3256 4534 πληγή
3334 4459 3429 4516 καὶ
3487 4456 3628 4534 ὀργὴ
3686 4446 3824 4522 ποιρά

2171 4545 2252 4621 τῷ
2318 4544 2553 4610 δικαίοις
2600 4547 2669 4603 τὰ
2722 4546 2897 4603 πάντα
2945 4544 3308 4612 διευθετοῦντι
3346 4554 3554 4626 ζυγοῖς,
3611 4559 3824 4615 συγχω-

407 4658 510 4697 rus
542 4647 651 4708 est,
689 4647 812 4696 tum
842 4641 1045 4713 populi
1088 4641 1462 4714 principibus
1520 4642 1634 4698 hoc
1683 4642 1949 4714 permitti
1981 4640 2061 4697 uti

2178 4636 2349 4711 ρεῖταί
2377 4657 2462 4700 τις
2499 4637 2839 4713 ἐνεργεθῆναι
2896 4638 3310 4714 πονηροπραεία
3362 4644 3481 4701 τοῖς
3541 4637 3637 4690 τοῦ
3695 4628 3822 4685 λαοῦ

410 4730 656 4800 aliquod
679 4731 903 4789 malum
935 4731 1168 4788 facinus
1197 4736 1563 4804 perpetrant.
1606 4730 1671 4786 Id
1718 4748 1788 4788 eo
1847 4733 1932 4796 fit,
1994 4748 2069 4787 ne

407 4826 631 4877 temere
662 4829 762 4876 aut
792 4821 1171 4890 fortuito,sed
1198 4821 1364 4893 justo
1387 4820 1621 4893 judicio
1674 4820 1833 4877 mala
1880 4821 2069 4894 inﬂigi

2180 4729 2534 4802 ἡγουμένοις,
2567 4729 2640 4791 ὡς
2673 4729 2735 4784 ἅν
2769 4730 2845 4801 μὴ
2879 4727 3099 4803 ἀλόγως
3130 4727 3272 4803 μηδὲ
3301 4730 3377 4793 ὡς
3412 4730 3463 4801 ἐξ
3498 4721 3821 4795 αὐτομάτου,

2180 4815 2308 4873 ἀλλ’
2359 4816 2419 4872 ἐκ
2477 4814 2686 4881 δικαίας
2743 4817 2971 4893 κρίσεως
3026 4816 3314 4895 ἐπάγεσθαι
3397 4818 3707 4876 πιστεύοιτο
3760 4803 3823 4859 τὰ

408 4915 710 4983 putentur.
749 4913 949 4982 Neque
980 4910 1447 4967 existimandum
1508 4914 1601 4966 est
1646 4916 1888 4984 propter
1944 4910 2061 4968 sola

2180 4908 2337 4965 κακά.
2368 4908 2448 4965 Οὐ
2482 4904 2565 4963 δεῖ
2594 4905 2652 4963 δὲ
2682 4910 2792 4981 (85)
2827 4908 3034 4964 ο“ἶεσθαι
3082 4909 3156 4971 ὡς
3214 4906 3305 4964 διὰ
3339 4907 3513 4982 μόνην
3566 4907 3671 4959 τῶν
3729 4896 3823 4984 ἀΡΪ

410 4998 747 5070 principum
799 4999 1017 5055 delicta
1072 5003 1311 5071 pestes,
1375 4999 1649 5072 ingentes
1702 4999 2072 5057 calamitates

408 5105 879 5161 communesque
911 5088 1116 5162 populi
1147 5088 1592 5145 interneciones
1620 5089 1909 5146 accidere.
1944 5091 2070 5148 Imo

480 5190 524 5226 ⁸ο
554 5191 603 5247 II
637 5192 774 5263 Reg.
809 5207 867 5247 ιι.

2183 4998 2392 5074 χόντων
2421 4998 2521 5067 τὴν
2551 4995 2874 5072 ἀπροσεξίαν
2909 4995 3133 5067 ἐξαίσιοι
3193 4980 3409 5062 θάνατοι
3453 5001 3537 5071 [Ρ.
3590 4992 3677 5063 91]
3715 4980 3819 5074 ,καῖ

2183 5072 2477 5165 συμφορῶν
2511 5082 2814 5161 ὑπερϐολαὶ
2833 5092 2951 5148 τοῖς
2973 5085 3131 5149 λαοῖς
3161 5085 3252 5142 καὶ
3283 5086 3461 5143 κοιναὶ
3491 5086 3607 5142 τοῖς
3638 5072 3827 5151 ὃχλοις

1585 5280 1951 5337 XYLANDRI
1990 5280 2077 5336 ET
2116 5279 2329 5336 GOARI
2370 5279 2592 5336 NOT/E.

485 5383 707 5459 {8éfl‘Ex
734 5379 953 5456 Σωφείρ
968 5381 1252 5459 mendose
1284 5381 1492 5459 scripsi
1486 5386 1525 5459 _t
1549 5379 1731 5459 pronae
1752 5379 2072 5459 ’Qoelpﬁu-

413 5454 756 5527 plicilittera
779 5452 897 5511 non
917 5452 1074 5527 recte
1110 5453 1461 5525 discerpta,l
1486 5452 1744 5527 Paralip.
1770 5452 2072 5527 xilxj.XYL.

492 5524 604 5597 (85)
637 5526 724 5597 Ad
772 5526 1101 5594 marginem
1131 5524 1487 5597 apuotatum
1522 5530 1612 5597 est
1663 5542 1676 5580 :

421 5594 730 5671 θαυμαστὸν
778 5597 912 5671 πρὸς
946 5597 1071 5671 ’τὴν
1128 5594 1216 5650 νύν
1242 5667 1252 5671 _
1280 5595 1469 5671 μωρὰν
1502 5595 1616 5671 καὶ
1638 5594 1920 5671 ῌᾶνότπτον-
1952 5600 2075 5671 ’τῶν

419 5666 755 5754 κοινοτέρων¹
790 5666 1087 5754 ἀένθρώπῳν
1147 5666 1402 5744 γνώμης.
1459 5668 1571 5754 ξ(αέ
1631 5667 1747 5754 ὅρα.
1784 5667 1837 5724 τί
1906 5667 2073 5754 λέγει.

1733 5524 2074 5597 Σημείωσαι,

2182 5380 2444 5437 faciatad
2458 5381 2695 5437 rudium
2727 5380 3261 5450 imperitorumque
3274 5379 3576 5441 hominum,
3592 5377 3824 5450 (ιῄιιοτιιτη

2185 5453 2450 5509 maxima
2463 5442 2900 5526 estmultitudo,
2931 5442 3294 5526 sententiam
3315 5451 3386 5507 de
3399 5452 3518 5526 hac
3536 5442 3824 5526 relatan

2189 5531 2249 5581 et
2270 5525 2710 5597 imprudentem
2734 5522 3149 5579 refellendam.
3185 5524 3319 5579 Haec
3343 5520 3646 5597 annotatio
3678 5528 3709 5597 ξι
3736 5520 3825 5597 mf

2188 5588 2501 5671 praeterita
2519 5613 2639 5671 non
2671 5601 2781 5671 est,
2815 5597 3055 5671 cum_sit
3083 5611 3227 5650 vera
3253 5612 3264 5649 :
3298 5611 3436 5671 nam
3474 5588 3759 5671 profecto:
3778 5592 3823 5671 ξι

2188 5662 2334 5743 quid
2364 5685 2468 5741 ego
2479 5667 2910 5743 judic0,_locu_s
2942 5666 3156 5743 dignus
3183 5662 3821 5743 est_animadver§i31:e,

420 5727 645 5798 Sensus
673 5746 782 5809 est,
816 5727 978 5798 hunc
1028 5727 1227 5798 locu'm
1259 5727 1390 5799 esse
1421 5727 1880 5815 observandum,
1937 5727 2077 5818 quia
2185 5727 2502 5814 utcunque"
2522 5741 2649 5799 haec
2679 5727 3242 5799 aliundeCedrenus
3261 5727 3816 5812 desumpserit.XYL-
