4142 6426
290 336 396 397 193

1451 342 1999 407 HISTORIARUM
2042 328 2607 413 COMPENDIUM.

3622 352 3741 413 194

293 465 768 546 ἓπισυμϐαίνουσι
801 470 1202 551 πανωλεθρίαι,
1242 472 1436 539 πάντες
1486 472 1545 532 δὶ
1600 479 1681 551 τῷ
1733 476 1893 550 νόμῳ
1922 476 1959 549 ἢ

2101 486 2273 539 .utem
2290 500 2499 542 omnes
2518 484 2666 559 legis
2690 488 2794 541 aut
2813 483 3106 542 naturalis
3120 488 3224 542 aut
3247 486 3483 558 scriptae
3509 486 3739 543 violatae

304 584 383 637 τῳ
414 567 627 642 φυσικῷ
682 563 720 635 ἢ
792 569 875 638 τῷ
930 568 1153 641 γραπτῷ
1210 566 1247 636 ἢ
1300 566 1392 622 καὶ
1445 567 1653 646 ἀμφοῖν
1710 562 1967 623 ὑπόδικοι

309 652 695 728 καθιστάμενοι
749 658 875 719 τοῖς
945 653 1116 725 ἀξίοις
1171 655 1311 710 κατὰ
1358 656 1545 731 καιρὸν
1601 656 1968 735 τυγχάνουσιν

310 742 634 817 ἐπιτιμίοις.
668 744 958 819 dis-57mm:
989 740 1135 799 δὲτὸ
1175 744 1243 800 τὰ
1300 745 1418 800 καθ’
1476 741 1672 801 ἕκαστα
1725 749 1834 801 τῶν
1877 746 1973 801 ἀν-

306 834 540 909 θρώπων
602 833 978 908 ἁμαρτήματα
1035 831 1126 889 δια
1180 834 1246 889 τὸ
1293 832 1517 910 ἄπειρον
1572 835 1971 912 ἀπαριθμεῖν-η

308 921 493 1002 Γραφῂ
524 924 590 977 τὸ
614 927 712 976 τοῦ
749 921 1021 997 βασιλέως
1051 922 1317 998 ἀνόμημα
1366 925 1442 986 ὡς
1478 922 1652 981 αἶ’τιον
1704 924 1975 1001 τιμωρίας

305 1014 596 1088 γενόμενον
651 1016 769 1073 τοῖς
832 1011 1286 1087 βασιλευομένοις
1355 1014 1665 1093 ὑφηγεῖται,
1726 1014 1843 1070 οἷον
1904 1012 1972 1084 δὴ

311 1102 401 1157 καὶ
428 1100 520 1156 ἐπὶ
547 1105 649 1156 τοῦ
679 1095 847 1155 Δαδὶδ
886 1101 1106 1177 γεγονὸς
1139 1102 1342 1158 ὦπται.
1405 1101 1686 1160 Ἀπὲκειτο
1743 1103 1840 1176 μὲν
1868 1102 1972 1180 γὰρ

308 1188 443 1264 ὀργῆ
506 1189 715 1264 Κυρίου
775 1188 912 1243 κατὰ
970 1188 1196 1264 Ἰσραὴλ
1265 1188 1359 1245 διὰ
1435 1190 1535 1253 τὰς
1587 1190 1974 1266 πολυτρόπους

308 1279 487 1334 αὐτῶν
570 1279 855 1349 ἀθετήσεις
915 1275 1132 1349 δηλαδή
1197 1279 1438 1336 ἐπέσεισε
1495 1278 1554 1336 δὲ
1613 1285 1826 1355 πνεῦμα
1878 1281 1972 1336 τὸν

307 1366 479 1424 Δαῦὶδ
514 1369 821 1444 ἀριθμῆσαι
851 1368 944 1423 τὸν
980 1368 1225 1443 Ἰσραήλ.
1271 1370 1369 1426 Καὶ
1426 1368 1626 1425 τούτου
1682 1369 1976 1445 γενομένου

308 1458 555 1533 παρὲστη
588 1455 739 1531 αὐτῷ
764 1459 913 1533 πρωῒ
945 1456 1051 1513 Γὰδ
1096 1459 1125 1512 ὁ
1158 1461 1451 1539 προφήτης
1492 1459 1675 1523 θεόθεν
1731 1459 1979 1516 ἀποστα-

306 1546 427 1611 λεὶς
458 1547 550 1602 καὶ
582 1546 706 1622 νρία
745 1544 1063 1618 ἐκλέξασθαι
1126 1547 1275 1621 αὐτῷ
1328 1553 1668 1626 παρεγγυῶν,
1727 1549 1795 1606 Ἢ
1852 1548 1979 1626 τρία

308 1632 402 1707 ἔτη
442 1636 612 1709 λιμὸν
646 1635 736 1691 ἐπὶ
760 1636 859 1706 τὴν
892 1643 997 1712 γῆν
1027 1656 1144 1706 σου,
1194 1636 1230 1707 ἢ
1284 1642 1429 1713 τρεῖς
1496 1644 1674 1712 μῆνας
1705 1635 1980 1713 διωκόμε-

306 1749 399 1782 νον
428 1726 645 1804 φεύγειν
706 1724 767 1781 ἐκ
814 1727 1115 1801 προσώπου
1173 1728 1282 1783 τῶν
1339 1728 1553 1804 ἐχθρῶν
1615 1750 1732 1799 σου,
1765 1730 1801 1801 ἢ
1832 1734 1978 1804 τρεῖς

304 1818 519 1892 ἡμέρας
548 1818 779 1882 θάνατον
802 1818 1047 1891 γενέσθαι
1090 1815 1142 1871 ἐν
1172 1820 1241 1892 τῇ
1281 1820 1352 1893 γῇ
1394 1839 1512 1877 σου.
1565 1819 1627 1876 Ὀ
1667 1816 1745 1889 δὲ,
1786 1839 1807 1869 ι
1841 1825 1973 1874 Στε-

297 1906 505 1985 ναγμοί
536 1906 821 1971 πάντοθεν
869 1905 1020 1976 πλὴν
1053 1905 1399 1982 ἐμπεσοῦμαι
1459 1905 1527 1979 δὴ
1590 1907 1667 1970 εἷς
1724 1910 1819 1971 τὰς
1851 1912 1972 1984 χεῖ-

309 2017 403 2071 ρας
434 2001 535 2052 τοῦ
556 1994 793 2071 Κυρίου,
835 1994 924 2052 ὅτι
973 1995 1180 2054 πολλοὶ
1241 1998 1292 2052 οἱ
1351 1996 1635 2074 οἴκτιρμοὶ
1683 1996 1873 2066 αὐτοῦ,
1907 1997 1983 2061 εἰς

314 2083 372 2141 δὶ
391 2092 583 2163 χεῖρας
614 2087 919 2160 ἀνθρώπων
953 2088 1027 2159 μὴ
1062 2085 1382 2161 ἐμπέσοιμι,
1416 2087 1501 2142 ὅτι
1533 2086 1925 2160 ἀνελεήμονες.
1954 2110 1983 2138 υ

327 2177 437 2234 Καὶ
465 2175 730 2247 ξελέξατο
766 2177 945 2249 ἑαυτῷ
999 2177 1092 2234 τὸν
1154 2178 1405 2241 θάνατον.
1462 2179 1632 2233 Ἦσαν
1691 2175 1749 2233 δὲ
1779 2178 1984 2253 ἡμέραι

340 2269 591 2339 θερισμοῦ
632 2270 823 2341 πυρῶν
862 2308 877 2332 ,
935 2266 1026 2322 καὶ
1109 2262 1280 2323 ἔδωκε
1335 2266 1536 2343 Κύριος
1597 2267 1825 2333 θάνατον
1879 2265 1989 2322 ἀπὸ

331 2355 562 2429 πρωέθεν
615 2352 722 2419 ἓως
768 2354 1053 2431 ἀρίστου,
1137 2355 1229 2412 καὶ
1280 2356 1544 2412 ἀπέθανον
1604 2352 1993 2431 ἐϐδομήκοντα

326 2441 585 2521 χιλιάδες
622 2442 857 2519 ἀνδρῶν.
893 2447 996 2502 Ἢν
1029 2443 1087 2500 δὲ
1113 2446 1142 2500 ὁ
1174 2443 1403 2523 ἅγγελος
1450 2449 1549 2501 τοῦ
1581 2451 1716 2502 6εοῦ
1747 2444 1992 2517 ἑστηκὼς

321 2534 602 2608 πειρατὴν
662 2533 850 2589 ἅλωνα
893 2534 1054 2609 Ὀρνᾶ
1106 2539 1202 2590 τοῦ
1250 2530 1639 2595 Γεϐουσσαίου.
1706 2531 1876 2591 Δαὸὶδ
1939 2530 1997 2589 δὶ

2077 572 2163 627 rei
2196 589 2303 630 suo
2338 579 2605 647 tempore
2633 574 2830 648 dignis
2860 575 3212 632 afficiuntur
3264 576 3596 648 suppliciis.
3658 577 3743 634 Ac

2079 678 2249 718 sacra
2278 663 2599 736 Scriptura,
2633 682 2770 720 cum
2803 664 2877 720 ob
2910 665 3066 720 160
3112 664 3469 720 inﬁnitatem
3526 681 3743 737 pecca-

2078 756 2276 807 torum
2307 770 2439 824 quaa
2461 771 2495 809 a
2519 754 2770 827 singulis
2794 754 3140 811 hominibus
3163 755 3639 819 committuntur,
3666 754 3739 811 ab

2080 858 2288 897 eorum
2341 845 2797 900 enumeratione
2852 844 3169 911 abstineat,
3231 844 3389 917 regis
3455 843 3742 899 delictum

2080 936 2367 1004 tanquam
2418 951 2609 1005 pmnm
2668 950 2910 990 causam
2970 934 3224 989 subditis
3289 939 3738 989 commemorat.

2081 1019 2264 1093 Cujus
2293 1022 2379 1078 rei
2412 1023 2755 1094 exemplum
2812 1023 3067 1079 historia
3124 1022 3403 1078 Davidica
3458 1022 3740 1095 suggerit.

2080 1110 2374 1167 Nimirum
2407 1112 2569 1168 enim
2599 1112 2690 1168 ira
2745 1112 2849 1169 Dei
2908 1111 3129 1169 malum
3185 1112 3461 1167 Israelico
3522 1112 3741 1185 populo

2081 1201 2331 1272 parabat
2359 1209 2604 1274 propter
2641 1202 3005 1274 multiplices
3036 1201 3181 1275 legis
3213 1202 3585 1268 violationes,
3621 1200 3749 1273 spi-

2081 1290 2235 1345 ritus
2264 1297 2465 1346 autem
2495 1291 2783 1347 Davidum
2804 1292 2877 1347 ad
2898 1292 3305 1347 recensionem
3332 1291 3744 1363 populiimpu-

2081 1378 2167 1434 lit.
2204 1380 2328 1445 Qua
2361 1386 2600 1452 peracta
2628 1398 2804 1436 mane
2837 1380 3030 1436 Gadus
3067 1398 3102 1436 a
3131 1381 3250 1436 Deo
3310 1379 3527 1435 missus
3584 1384 3744 1434 vates

2086 1485 2222 1524 eum
2253 1470 2548 1540 convenit,
2583 1471 3009 1543 optionemque
3030 1470 3122 1526 vel
3144 1469 3459 1525 triennalis
3479 1469 3744 1541 penuria:

2084 1572 2191 1627 per
2248 1573 2497 1629 regnum
2556 1557 2648 1612 vel
2707 1558 3027 1613 trimestris
3088 1557 3241 1631 fugae
3291 1556 3747 1627 insequentibus

2084 1644 2355 1700 hostibus
2386 1645 2476 1701 vel
2506 1645 2799 1702 triduanze
2840 1664 2948 1718 per
2977 1663 3227 1719 regnum
3258 1646 3443 1718 pestis
3498 1645 3750 1700 liberam

2084 1735 2415 1807 proposuit.
2443 1735 2698 1791 Davidus
2738 1736 3199 1807 circumseptum
3227 1753 3290 1791 se
3333 1736 3589 1791 miseriis
3621 1733 3749 1791 fas-

2090 1839 2211 1890 sus,
2272 1824 2334 1879 in
2398 1824 2499 1878 Dei
2557 1824 2966 1897 multipliciter
3021 1825 3424 1880 misericordis
3474 1841 3653 1896 quam
3688 1824 3752 1880 in

2090 1913 2401 1968 hominum
2415 1913 2748 1970 crudelium
2764 1931 2975 1969 manus
2998 1930 3060 1969 se
3081 1914 3345 1969 incidere
3369 1914 3550 1970 malle
3574 1914 3746 1983 dixit,

2092 2000 2324 2072 sibique
2356 2008 2608 2058 mortem
2637 2002 2872 2076 delegit.
2915 2003 3242 2059 Metebatur
3275 2010 3399 2059 tum
3433 2004 3695 2058 triticum
3729 2017 3744 2070 ;

2094 2095 2153 2147 et
2182 2089 2464 2146 divinitus
2503 2092 2776 2148 immissa
2803 2098 2966 2164 peste
3018 2109 3053 2148 a
3110 2093 3370 2148 diluculo
3424 2109 3614 2163 usque
3672 2091 3747 2148 ad
3832 2124 3835 2125 ν

2094 2176 2332 2250 prandii
2372 2177 2579 2234 horam
2633 2179 2993 2235 interierunt
3048 2182 3115 2233 70
3171 2180 3483 2235 hominum
3538 2178 3751 2235 millia.

2099 2264 2300 2319 Stabat
2314 2264 2560 2337 angelus
2574 2267 2674 2321 Dei
2690 2266 2763 2321 ad
2776 2283 2975 2322 aream
2991 2268 3161 2323 Ornco
3187 2268 3213 2323 ,Ι
3222 2267 3461 2324 ebusaei.
3500 2266 3751 2322 Davidus

2101 2358 2300 2409 autem
2331 2353 2763 2410 vociferabatur
2795 2372 2808 2411 :
2839 2378 2866 2405 ‹‹
2898 2357 3045 2411 Ecce
3078 2372 3182 2428 ego
3207 2373 3337 2411 sum
3366 2356 3467 2427 qui
3492 2355 3753 2427 peccavi,

2103 2444 2167 2499 in
2197 2459 2292 2499 me
2325 2449 2384 2499 et
2411 2445 2598 2517 patris
2614 2446 2731 2501 mei
2752 2445 3042 2501 familiam
3069 2463 3280 2501 manus
3298 2453 3397 2501 tua
3417 2445 3615 2501 saeviat
3636 2445 3702 2500 5°.
3726 2467 3753 2495 ››

2105 2533 2251 2587 Tum
2284 2533 2553 2605 placatus
2579 2534 2753 2602 Deus,
2787 2534 2943 2590 cladi
2972 2535 3266 2590 Israelicaa
3306 2536 3487 2590 ﬁnem
3529 2534 3756 2590 statuit.

317 2620 472 2681 ἐϐόα·
518 2649 548 2676 ‹‹
583 2622 723 2683 Ἰδοὺ
758 2624 866 2701 ἐγὼ
896 2622 1155 2697 ἠδίκησα*
1186 2625 1479 2704 γετέσθωὴ
1508 2627 1633 2704 χείρ
1658 2647 1754 2683 σου
1786 2626 1838 2682 ἐν
1872 2623 1999 2700 ἐμυὶ
2029 2621 2121 2677 καὶ
2178 2620 2230 2676 ἐν
2279 2626 2359 2695 τῷ
2388 2620 2527 2696 οἷ’κῳ
2584 2627 2682 2678 τοῦ
2729 2621 2934 2698 πατρός
2997 2644 3123 2697 μου.
3160 2648 3189 2675 ››
3225 2622 3322 2678 Καὶ
3380 2621 3757 2698 παρακληθεὶς

314 2716 343 2770 ὁ
374 2714 574 2781 Κύριος
603 2714 828 2791 ωνέσχε
856 2716 960 2785 τὴν
990 2718 1211 2789 θραῦσιν
1236 2718 1337 2786 τὴν
1355 2717 1494 2773 κατὰ
1523 2714 1768 2792 Ἰσραὴλ.

386 2806 514 2862 ’Ότι
566 2799 902 2880 πεσϐὗτερος
959 2806 1252 2882 γενόμενος
1286 2801 1510 2862 ὁΔαϐὶδ
1569 2811 1686 2869 τοῖς
1745 2803 1990 2879 ἱματίοις

330 2894 435 2947 οὐκ
492 2892 846 2965 ἐθερμαίνετο
881 2936 895 2962 ,
980 2894 1071 2949 καὶ
1155 2891 1384 2970 ἤνεγκαν
1457 2890 1675 2950 νεάνιδα
1730 2891 1988 2968 παρθένον

324 2980 566 3042 Ἀϐισὲκ
592 2985 695 3056 τήν
724 2990 1059 3058 Σωμανῖτιν,
1090 2985 1180 3040 καὶ
1234 2987 1299 3056 ἦν
1359 2986 1520 3041 αὐτὸν
1581 2983 1993 3058 περιθάλπουσα

325 3077 416 3134 ἐπὶ
465 3085 573 3147 τῆς
626 3076 818 3148 κοίτης
855 3120 870 3146 ,
922 3075 1014 3131 καὶ
1063 3076 1090 3130 ὁ
1151 3073 1412 3151 βασιλεὺς
1470 3075 1570 3131 οὐκ
1625 3071 1762 3149 ἔγνω
1801 3073 1988 3147 αὐτήν.

323 3164 603 3230 Ἀδωνίας
666 3163 723 3223 δὲ
799 3167 918 3229 υἱός
979 3162 1146 3221 Δαὸίδ
1206 3166 1564 3239 ἐπαιρόμενος
1622 3164 1833 3241 ἐκράτει
1887 3170 1988 3234 τῆς

328 3255 643 3333 βασιλείας.
688 3255 792 3314 Καὶ
827 3253 1082 3333 εἶιρῆλθεν
1130 3250 1411 3331 Βηρσαϐεὲ
1456 3254 1593 3330 πρὸς
1654 3249 1844 3325 Δαϐὶδ,
1899 3252 1990 3309 καὶ

321 3348 751 3419 προσκυνήσασα
781 3345 920 3400 εἴπεο
962 3368 990 3395 α
1027 3344 1187 3419 Κύριε
1235 3341 1479 3418 βασιλεῦ,
1528 3338 1751 3417 ὤμοσας
1809 3364 1903 3415 μοι
1939 3341 1989 3398 ἐν

323 3435 520 3508 Κυρίῳ
554 3434 671 3506 Θεῷ
703 3455 799 3489 σου
833 3433 919 3489 ὅτι
974 3431 1244 3506 Σολομῶν
1287 3434 1315 3486 ὁ
1347 3434 1465 3496 υἱὸς
1526 3453 1630 3506 μου
1684 3431 1993 3508 βασιλεύσει

328 3526 445 3597 μετ’
480 3522 600 3595 ἐμὲ.
634 3524 737 3580 Καὶ
772 3520 893 3577 ἰδοὺ
941 3526 1035 3576 νῦν
1094 3518 1359 3583 Ἀδωνίας
1412 3516 1750 3589 ἐϐασίλευσε,
1780 3521 1868 3576 καὶ
1929 3518 1993 3575 σὺ

326 3616 428 3671 οὐκ
456 3609 653 3689 ἔγνως.
696 3638 726 3667 υ
758 3617 945 3671 Ταῦτα
1002 3611 1237 3675 ἀκούσας
1297 3608 1494 3681 Δαϐἶδ,
1553 3611 1809 3687 ἀθροίσας
1865 3610 1993 3674 τοὺς

326 3706 617 3784 προφήτας
659 3704 751 3758 καὶ
783 3704 970 3777 ἱερεῖς,
1032 3701 1179 3781 χρίει
1241 3699 1585 3774 Σολομῶντα
1643 3701 1731 3757 καὶ
1786 3701 1993 3771 καθίζει

329 3793 418 3849 ἐπὶ
447 3798 546 3848 τοῦ
584 3794 780 3867 θρόνου
810 3791 1001 3847 αὐτοῦ.
1043 3791 1392 3870 ’ῼκογόμησε
1452 3787 1511 3845 δὲ
1570 3786 1737 3845 Δαϐὶδ
1791 3788 1843 3846 ἐν
1877 3796 1993 3853 ταῖς

329 3885 568 3955 ἡμέραις
602 3880 766 3937 αὐτοῦ
818 3881 908 3936 ἐπὶ
964 3888 1065 3951 τῆς
1129 3881 1433 3956 ἀκρωρείας
1492 3878 1860 3954 Ἰερουσαλήμ
1896 3882 1996 3949 τήν

332 3977 505 4041 Σιὼν,
537 3972 739 4041 σκηνὴν
773 3969 825 4024 ἐν
879 3970 1019 4044 αὐτῇ
1051 3972 1133 4043 τῷ
1179 3974 1297 4041 Θεῷ
1350 3968 1688 4043 πηξάμενος,
1750 3967 1801 4024 ἒν
1829 3968 1867 4045 ᾖ
1892 3971 1992 4040 τήν

334 4056 579 4117 κιϐωτὸν
615 4057 869 4127 ἀπέθετο,
898 4059 1024 4118 Ἐπὶ
1066 4058 1268 4115 τούτου
1326 4060 1455 4137 παρ’
1514 4056 1776 4130 Ἓλλησιν
1809 4061 1995 4135 Ὅμη-

337 4171 433 4226 ρος
463 4153 554 4206 καὶ
580 4146 835 4215 Ἠσίοδος
862 4146 1242 4227 ἐγνωρίζοντοο

405 4334 498 4403 Τῷ
527 4327 734 4400 δὲβυο¹
792 4327 898 4384 ἔτει
961 4326 1232 4401 Σολομῶν
1280 4323 1598 4383 ἐϐασίλευσε
1655 4324 1996 4398 δωδεκαετὴς

331 4417 433 4486 ὢν,
466 4419 557 4474 καὶ
584 4423 772 4494 κρατεῖ
801 4413 894 4489 ἔτη
953 4423 1030 4491 μ’.
1096 4418 1233 4496 Εἶχε
1291 4414 1349 4472 δὶ
1406 4423 1665 4494 γυναῖκας
1720 4416 1999 4493 Ἰσραηλί-

2172 2804 2376 2875 Magno
2401 2802 2529 2875 jam
2562 2809 2707 2861 natu
2741 2803 3027 2860 Davidum
3073 2809 3264 2860 vestes
3323 2821 3445 2859 non
3498 2803 3757 2876 amplius

2101 2892 2548 2950 calefaciebant.
2578 2895 2780 2965 Itaque
2812 2893 3067 2951 adducta
3097 2898 3187 2950 est
3231 2894 3302 2949 ad
3362 2911 3501 2949 eum
3558 2892 3761 2965 puella

2100 2982 2260 3054 virgo
2290 2982 2544 3038 Abisaca
2573 2983 2920 3049 Sumanitis,
2949 3001 3081 3055 qua)
3116 3000 3250 3039 eum
3283 2983 3344 3038 in
3375 2982 3523 3038 lecto
3548 2999 3763 3039 conca-

2101 3072 2386 3129 lefaceret
2418 3089 2431 3127 :
2456 3090 2650 3145 neque
2671 3078 2872 3128 tamen
2894 3090 3022 3129 eam
3039 3091 3136 3129 rex
3155 3074 3443 3147 cognovit.
3468 3073 3759 3128 Caeterum

2102 3162 2365 3219 Adonias
2395 3162 2554 3218 filius
2586 3162 2935 3218 Davidisese
2961 3162 3553 3235 extulitregnumque
3592 3178 3763 3218 occu-

2103 3252 2281 3324 pavit.
2316 3253 2519 3322 Itaque
2550 3252 2842 3307 Bersabea
2873 3252 2946 3307 ad
2978 3251 3266 3308 Davidum
3308 3252 3454 3306 161
3496 3251 3755 3320 intravit,

2105 3343 2280 3414 eique
2312 3340 2559 3414 supplex
2592 3341 2675 3397 ita
2700 3342 2849 3397 dixit
2880 3358 2892 3396 :
2928 3364 2955 3391 «
2992 3343 3175 3397 Deum
3214 3341 3530 3396 Dominum
3565 3346 3760 3411 tuum,

2104 3450 2137 3488 o
2169 3432 2560 3505 rex,jurasti,
2608 3432 2671 3487 in
2727 3449 2908 3505 regno
2969 3432 3076 3486 tibi
3134 3431 3513 3487 Solomonem
3568 3430 3760 3485 ﬁlium

2103 3540 2305 3579 meum
2332 3538 2767 3578 successurum.
2801 3521 2977 3593 Atqui
3023 3538 3157 3578 ecce
3197 3521 3327 3589 tibi,
3387 3538 3547 3577 nunc
3602 3519 3759 3575 Ado-

2105 3612 2254 3678 nias,
2288 3617 2346 3665 te
2376 3611 2708 3685 ignorante,
2741 3627 2989 3684 regnum
3015 3608 3332 3681 occepit“.
3376 3609 3475 3663 liis
3533 3608 3755 3664 auditis

2104 3700 2380 3767 Davidus,
2409 3701 2745 3756 convocatis
2775 3701 3007 3755 vatibus
3035 3717 3102 3756 ac
3136 3698 3552 3756 sacerdotibus
3606 3698 3767 3754 Solo-

2106 3806 2342 3846 monem
2373 3790 2627 3860 inungit,
2653 3789 2850 3861 itaque
2870 3807 3050 3863 regno
3074 3790 3494 3861 inauguratum
3524 3788 3584 3843 in
3609 3787 3759 3842 solio

2105 3894 2210 3933 suo
2242 3877 2512 3933 collocat.
2537 3879 2686 3933 Dum
2719 3882 2876 3933 esset
2906 3878 2969 3932 in
3002 3877 3143 3932 vivis
3186 3877 3462 3946 Davidus,
3498 3877 3765 3945 Sionem,

2104 3984 2236 4039 qua)
2269 3971 2360 4022 est
2382 3983 2486 4021 arx
2518 3967 3084 4039 Hierosolymorum,
3119 3967 3452 4035 mdiﬁcavit,
3478 3966 3659 4037 inque
3692 3982 3764 4023 ea

2104 4055 2553 4112 tabernaculum
2589 4057 2705 4111 Deo
2741 4056 2885 4123 ﬁxit,
2918 4061 3097 4127 atque
3126 4056 3187 4110 in
3218 4056 3331 4111 hoc
3362 4073 3560 4112 aream
3588 4073 3766 4127 repo-

2107 4147 2244 4202 suit.
2278 4145 2482 4201 Davidi
2513 4150 2685 4201 aetate
2717 4144 2875 4217 apud
2905 4147 3137 4201 Grzecos
3161 4147 3450 4201 Homerus
3469 4151 3527 4200 et
3559 4145 3767 4200 Hesio-

2108 4234 2220 4291 dus
2251 4235 2664 4291 innatuerunt.

2168 4314 2349 4390 'Anno
2383 4350 2417 4389 a
2449 4333 2673 4389 mundo
2706 4333 2946 4389 condito
2977 4335 3140 4401 4470,
3202 4332 3485 4390 Solomon
3543 4348 3767 4388 annum

2107 4440 2287 4496 agens
2319 4423 2510 4479 astatis
2542 4423 2985 4493 duodecimum,
3037 4439 3286 4496 regnum
3344 4422 3526 4478 iniit:
3587 4421 3767 4491 idque

326 4505 486 4570 τιδας
521 4508 612 4563 καὶ
651 4507 869 4571 ἐθνικὰς
926 4505 1250 4567 ἑπτακοσίας
1307 4505 1397 4561 καὶ
1428 4504 1718 4568 παλλακὰς
1773 4526 1989 4581 τριακο-

2106 4530 2215 4585 per
2243 4529 2434 4568 annos
2459 4515 2527 4567 40
2550 4512 2759 4568 tenuit.
2787 4512 3003 4568 Habuit
3024 4528 3239 4568 uxores
3260 4511 3569 4567 Israelicas
3590 4515 3769 4582 atque

330 4598 478 4660 σίας.
512 4599 643 4654 Ἕνα
688 4594 745 4653 δὲ
769 4596 937 4671 μόνον
997 4595 1192 4673 ἅρῥενα
1249 4595 1364 4651 υἱὸν
1411 4593 1542 4671 ἔσχε
1602 4596 1695 4651 τὸν
1726 4591 1998 4669 Ῥοϐοάμ,

328 4687 423 4742 καὶ
455 4691 650 4743 τοῦτον
708 4686 761 4758 ἐξ
794 4684 1124 4756 ἀλλοοῦλης
1183 4679 1412 4746 Ναάϐας
1464 4692 1562 4756 τῆς
1627 4681 1999 4759 ³Λμανίτιδος,

328 4777 551 4849 ἀνάξιον
589 4780 672 4847 [Ρ.
723 4778 815 4849 92]
845 4782 948 4845 τῆς
978 4777 1182 4851 ἀρχῆς.
1245 4773 1421 4838 Αὐτὸς
1484 4773 1579 4829 τὸν
1634 4772 2004 4849 Ἰερουσαλὴμ

327 4868 461 4922 ναὸν
504 4863 891 4941 ᾠκοδόμησεν,
950 4863 1075 4920 ἔνθα
1132 4859 1302 4919 Δαϐὶδ
1354 4864 1382 4918 ὁ
1434 4864 1615 4939 πατὴρ
1672 4863 1839 4918 αὐτοῦ
1905 4866 2004 4934 τήν

334 4959 482 5012 Σιὼν
533 4955 799 5027 ἐπήξατο,
853 4953 1147 5030 ἀρξάμενος
1227 4953 1338 5009 ἀπὸ
1393 4956 1492 5008 τοῦ
1546 4948 1801 5029 δευτέρου
1848 4949 2003 5015 ἔτους

331 5054 435 5111 τῆς
482 5046 654 5101 αὐτοῦ
717 5042 1022 5121 βασιλείας.
1081 5044 1173 5100 ’Ev
1232 5037 1403 5099 ἔτεσιν
1464 5041 1559 5096 οὗν
1608 5041 1745 5098 ἔπτὰ
1800 5042 2007 5099 τελειοῖ

331 5136 520 5192 αὐτόν.
560 5135 719 5192 Ε’σὶν
753 5133 847 5191 οὖν
880 5134 990 5190 ἀπὸ
1032 5131 1217 5207 Ἀδὰμ
1243 5129 1348 5198 ἕως
1377 5132 1625 5188 εἰκοστοῦ
1667 5133 1873 5208 χρόνου
1904 5140 2006 5203 τῆς

336 5232 484 5296 ζωῆς
520 5224 898 5299 Σολομῶντος
948 5222 1047 5295 ’ἐτη
1079 5220 1221 5301 ,δφιζ
1254 5222 1437 5281 Οὗτοσ
1466 5222 1494 5277 ὁ
1523 5221 1794 5296 Σολομῶν
1826 5220 2008 5279 δεότε-

330 5334 423 5389 ρος
463 5317 583 5381 υἱὸς
611 5319 712 5371 τοῦ
768 5309 935 5370 Δαϐἱδ
977 5313 1038 5368 ἐκ
1064 5320 1167 5384 τῆς
1228 5307 1511 5388 Βηρσαϐεὶ
1562 5313 1805 5387 γέγονεν’
1843 5313 1871 5367 ὁ
1902 5313 2008 5389 γὰρ

335 5409 576 5480 πρῶτος,
612 5406 641 5460 ὁ
706 5404 812 5461 ἀπὸ
864 5401 1146 5482 μοιχείας,
1202 5404 1446 5473 τέθνηκε.
1493 5400 1599 5458 Καὶ
1657 5401 1762 5477 γὰρ
1815 5400 2007 5477 ἀρῥω-

327 5504 585 5560 στοῦντος
625 5495 796 5552 αὐτοῦ
855 5494 1184 5557 ἐκακοπάθει
1245 5488 1437 5548 Δαϐὶδ·
1474 5491 1530 5546 ἐν
1591 5492 1885 5567 ἀγρυπνίᾳ,
1915 5493 2007 5550 καὶ

330 5589 509 5664 σάκκῳ
571 5588 666 5645 καὶ
728 5581 925 5659 σποδῷ
985 5583 1427 5661 προσευχόμενος
1481 5583 1562 5655 τῷ
1618 5586 1734 5654 Θεῷ
1785 5582 1872 5639 ἐπὶ
1929 5589 2009 5659 τῷ

392 5691 441 5728 ⁵⁸
469 5693 519 5748 II
549 5693 700 5765 Reg.
734 5704 895 5758 xxxv,
928 5688 1021 5742 17.
1053 5683 1099 5722 ⁵1
1132 5686 1208 5744 lll
1239 5686 1381 5758 Reg.
1416 5701 1460 5755 ι,
1493 5684 1582 5740 13.

2111 4601 2479 4675 alienigenas
2511 4618 2761 4657 numero
2792 4606 2914 4668 700,
2949 4600 3195 4673 pellices
3232 4603 3356 4668 300,
3391 4618 3579 4657 unum
3639 4606 3770 4656 tan-

2112 4697 2238 4746 tum
2267 4692 2457 4747 filium
2488 4692 2879 4759 Roboamum,
2911 4708 3093 4765 regno
3127 4691 3460 4762 indignum,
3494 4698 3551 4746 et
3611 4691 3771 4747 hunc

2114 4797 2350 4853 quoque
2381 4797 2449 4835 ex
2479 4780 2815 4852 alienigena
2835 4796 3041 4844 uxore.
3072 4780 3270 4835 Naaba
3292 4780 3577 4834 nimirum
3602 4782 3778 4834 Ama-

2112 4869 2385 4925 nitide.Is
2400 4869 2681 4925 Solomon
2697 4869 2985 4941 templum
3003 4868 3426 4939 Hierosolymis
3437 4867 3773 4934 aedificavit,

2115 4976 2232 5030 quo
2265 4958 2394 5014 loco
2422 4958 2620 5023 David,
2657 4965 2825 5030 pater
2853 4959 2984 5030 ejus
3007 4958 3243 5013 Sionem
3266 4962 3524 5013 metatus
3554 4956 3774 5012 fuerat.

2114 5050 2295 5105 Orsus
2312 5053 2404 5104 est
2420 5054 2779 5103 structuram
2798 5065 2956 5103 anno
2976 5048 3137 5119 regni
3162 5047 3251 5102 sui
3276 5047 3486 5113 altero,
3519 5045 3773 5101 absolvit

2116 5143 2345 5210 septem
2383 5139 2578 5194 annis.
2640 5138 2727 5193 Ab
2783 5137 3010 5193 Adamo
3070 5152 3258 5208 usque
3288 5136 3364 5191 ad
3419 5135 3771 5190 vicesimum

2117 5244 2341 5284 annum
2369 5227 2560 5282 mtatis
2591 5226 2926 5282 Solomonis
2956 5225 3097 5281 anni
3130 5225 3427 5280 habentur
3445 5226 3604 5278 4510.
3635 5224 3772 5279 Fuit

2117 5317 2169 5372 is
2199 5317 2478 5372 Solomon
2511 5316 2809 5373 secundus
2842 5315 3043 5372 Davidi
3090 5334 3161 5371 ex
3218 5314 3508 5370 Bersabca
3566 5314 3724 5370 filius
3757 5331 3770 5370 :

2118 5408 2348 5480 primus
2379 5408 2562 5477 enim,
2597 5423 2774 5478 quem
2806 5423 2876 5462 ex
2896 5405 3191 5461 adulterio
3214 5411 3588 5478 conceperat,
3618 5421 3779 5461 mor-

2120 5502 2259 5553 tuus
2292 5502 2399 5553 est.
2434 5499 2513 5552 Eo
2546 5502 2871 5568 aegrotante
2902 5494 3157 5550 Davidus
3189 5495 3402 5565 vigiliis
3433 5510 3563 5550 sese
3613 5494 3777 5550 afﬂi-

2118 5587 2319 5655 ctavit,
2340 5602 2575 5644 sacrum
2598 5585 2842 5641 indutus
2872 5590 2929 5641 et
2943 5583 3141 5640 cinere
3172 5601 3435 5657 sparsus,
3460 5586 3644 5641 Deum
3660 5601 3776 5656 que
