4142 6452
413 285 526 343 195
1734 277 2049 339 GEORGK

2204 279 2528 342 IEDRENI
3717 284 3836 348 196

403 434 510 490 pro
547 419 663 473 vita
693 416 938 472 infantis
969 414 1320 486 deprecans.
1369 414 1521 479 Quin
1575 419 1632 467 et
1690 416 2039 484 praesentem

2189 413 2328 481 ζῆσαι
2357 413 2419 467 τὸ
2457 410 2698 470 παιδίον.
2750 415 2848 469 Καὶ
2907 413 3062 488 ῥῆμα
3089 411 3297 484 ἐξὲθενο
3349 415 3427 478 ὡς
3476 416 3530 471 εἴ
3552 437 3636 481 τις
3695 418 3825 495 εἷ’πῃ

405 514 658 563 mortem
692 507 745 561 ei
779 506 1249 570 deduntiaverat,
1283 504 1622 575 quicunque
1674 502 1745 556 de
1802 501 2041 557 infanti:

2191 504 2251 559 ἔτι
2320 501 2686 576 ἐτελεύτησεν,
2761 502 2917 569 εὐθὺς
2978 504 3327 569 ἀποθανεῖται
3387 505 3565 568 αὐτός.
3626 509 3827 580 Τεθνη-

402 596 566 651 obitu
598 596 920 650 retulisset.
955 596 1177 649 Mortuo
1200 592 1422 647 infante
1453 597 1834 647 accesserunt
1859 607 2038 664 regen

2195 592 2327 655 ,ότος
2359 592 2415 650 δὲ
2444 599 2539 650 τοῦ
2570 592 2765 659 παιδὸς
2798 594 3053 666 εῗσῆλθον
3088 596 3225 669 πρὸς
3284 591 3450 652 Δαϐὶδ
3484 599 3533 653 o't
3575 602 3831 671 συνήθεις

402 686 731 741 familiares
766 685 917 741 162
947 684 1103 739 tristi
1135 684 1321 738 vultu.
1356 681 1519 737 Unde
1543 697 1646 735 rex
1668 681 1809 751 quid
1832 679 2038 737 facturr

2188 686 2386 758 ιτυγνοί
2414 685 2503 739 καί
2534 691 2813 764 κατηφεῖς.
2835 687 2896 744 Ὀ
2929 682 2984 741 δὲ
3015 686 3182 764 γνοὺς
3222 685 3326 742 ἀπὸ
3373 691 3469 742 τοῦ
3526 691 3824 768 σχήματος

402 787 562 830 esset
592 774 880 845 colligens
909 790 923 827 :
961 796 987 823 ‹‹
1020 775 1280 827 Mortuus
1312 778 1420 837 est,
1454 770 1670 842 inquit,
1704 786 1871 842 puer.
1899 795 1917 819 ι
1944 772 2038 827 Ιῖθε

2186 773 2305 827 ηἴπε·
2335 798 2361 825 ‹‹
2394 774 2626 845 Τέθνηκε
2654 776 2718 831 τὸ
2741 772 2980 833 παιδίον.
3008 800 3035 827 ››
3059 776 3126 833 Οἱ
3145 773 3202 831 δὲ
3232 776 3403 831 εἶπον·
3435 798 3457 828 ι
3484 778 3558 831 Σὺ
3586 780 3763 842 εἶπας.
3791 804 3822 833 ››

402 863 771 934 sponderunt
803 878 816 917 :
851 884 878 913 «
912 863 994 916 Tu
1011 863 1123 917 hoc
1154 861 1377 916 dixisti.
1410 882 1437 909 ››
1470 863 1544 915 At
1572 876 1675 914 rex
1699 860 1898 915 statim
1920 876 2038 915 sur‘

2184 862 2265 917 ἰαὶ
2321 862 2477 927 εὐθὺς
2535 863 2810 920 κατελθὼν
2873 862 3141 920 ἐλουσατο
3198 864 3288 920 καὶ
3348 867 3665 943 ἡμφιάσατο
3722 868 3820 923 καὶ

399 969 557 1025 gere,
589 952 781 1007 lavare
814 968 1049 1023 corpus,
1082 950 1317 1019 vestire,
1349 950 1468 1005 Deo
1499 950 1720 1022 gratias
1751 965 1946 1021 agere,
1970 949 2035 1004 ci

2179 947 2543 1023 ῃύχαρίστησε
2571 954 2650 1021 τῷ
2690 955 2805 1021 Θεῷ
2828 950 2920 1005 καὶ
2954 944 3219 1023 μετέλαϐε
3272 957 3501 1029 τροφῆς.
3559 953 3815 1027 Ἐρωτῶ-

397 1041 540 1097 bum
572 1057 828 1097 sumere.
864 1042 1265 1113 Interrogatus
1296 1055 1535 1095 causam
1568 1039 1747 1111 hujus
1779 1039 2033 1093 mutatio

2186 1057 2325 1101 ιενος
2373 1036 2429 1093 δὲ
2481 1040 2581 1107 τὴν
2632 1039 2806 1094 αἰτίαν
2858 1046 2959 1110 τῆς
3020 1038 3325 1116 ἐναλλαγῆς
3371 1042 3524 1095 εἶπεν
3551 1041 3633 1096 ὅτι
3661 1040 3822 1108 ἀσθε-

395 1133 511 1197 nis,
545 1132 716 1201 Dum,
752 1130 968 1203 inquit,
1001 1130 1398 1186 decumbebat
1425 1130 1642 1197 infans,
1674 1146 1709 1185 a
1739 1131 1854 1185 Deo
1912 1146 2031 1201 pre‘

2174 1129 2381 1188 ροῦντος
2448 1127 2612 1183 αὐτοῦ
2674 1126 2939 1183 ἐδυσώπει
3025 1128 3117 1184 τὸν
3177 1128 3306 1184 Θεὸν
3357 1128 3650 1195 ἀναστῆναι
3717 1133 3810 1186 τὸν

394 1222 560 1278 cibus
592 1222 844 1279 salutem
878 1222 1008 1294 ejus
1038 1220 1293 1293 ﬂagitavi
1324 1238 1341 1274 -:
1378 1226 1608 1275 mortuo
1644 1236 1711 1275 eo
1761 1235 2030 1290 quorsum

2177 1212 2350 1287 παῖδα,
2401 1214 2515 1271 ἐπεὶ
2585 1214 2641 1272 δὲ
2700 1215 3074 1288 τετελεύτηκε,
3107 1216 3188 1279 τίς
3220 1220 3254 1285 ἡ
3290 1216 3453 1289 χρεία
3509 1217 3813 1273 κοποῦσθαί

393 1312 673 1367 attineret
729 1327 824 1366 me
880 1310 1176 1376 afflictari,
1236 1326 1548 1380 nunquam
1605 1309 1955 1364 effecturum
1982 1324 2029 1363 ut

2179 1324 2228 1359 ιε
2260 1321 2275 1374 ;
2310 1306 2399 1375 Μὴ
2432 1302 2646 1376 δυνηθῶ
2683 1303 3007 1382 ἀναστρέψαι
3036 1308 3134 1376 τὴν
3195 1307 3380 1381 ψυχήν
3435 1309 3534 1361 τοῦ
3590 1303 3815 1362 παιδίου

391 1401 594 1455 anima
622 1401 686 1454 in
717 1415 932 1471 corpus
967 1397 1173 1454 redeat
1194 1397 1221 1453 ?

798 1415 932 1471 rpus
967 1397 1173 1454 redeat
1194 1397 1221 1453 Ῡ
2156 1391 2208 1448 ἐν
2242 1392 2388 1467 αὐτῷ
2420 1413 2434 1464 ;

463 1490 844 1546 Solomonem
868 1489 1023 1543 Deus
1047 1487 1363 1560 prudentia
1384 1504 1451 1543 ac
1474 1486 1770 1559 sapientia
1786 1485 2046 1543 maxima

2225 1484 2349 1541 Ὅτι
2407 1478 2576 1540 ἔδωκε
2624 1482 2825 1560 Κΰρίος
2872 1488 2951 1556 τῷ
3015 1481 3343 1558 Σολομῶντι
3395 1485 3660 1562 φρόνησιν
3711 1485 3808 1541 καὶ

390 1578 649 1645 donavit,
684 1583 1010 1648 pectusque
1042 1581 1127 1632 tot
1145 1576 1588 1650 cognitionibus
1609 1593 1807 1632 rerum
1829 1575 2026 1647 imple-

2172 1573 2344 1652 τοφίαν
2393 1572 2610 1643 πολλὴν
2668 1570 2877 1650 σφόδρα
2949 1574 3041 1629 καὶ
3101 1572 3309 1637 πλάτος
3368 1572 3611 1649 καρδίας,
3673 1575 3808 1630 ὡσεὶ

387 1666 468 1720 vit
489 1673 634 1737 quot
662 1681 980 1720 numerum
1013 1681 1210 1721 arenae
1236 1665 1552 1719 maritimae
1584 1669 1912 1736 aequarent.
1932 1665 2023 1719 Ita

2170 1660 2338 1736 ίμμος
2396 1665 2431 1733 ἡ
2489 1663 2635 1738 παρὰ
2701 1665 2799 1733 τήν
2858 1661 3150 1727 θάλασσαν·
3211 1663 3310 1718 Καὶ
3378 1662 3686 1736 ἐπληθύνθη
3750 1663 3806 1720 ἐν

387 1773 501 1827 que
535 1756 826 1826 sapientia
857 1761 914 1810 et
943 1754 1169 1826 priscos
1203 1771 1409 1809 omnes
1445 1754 1745 1826 snperavit
1788 1759 1846 1809 et
1901 1753 2023 1809 uni-

2168 1752 2300 1825 ιύτῷ
2338 1754 2374 1822 ἡ
2435 1753 2699 1831 φρόνησις
2760 1753 2894 1829 ὑπὲρ
2948 1752 3150 1818 πάντας
3197 1753 3462 1831 ἀρχαίους
3521 1754 3609 1808 καὶ
3667 1754 3804 1830 ὑπὲρ

383 1846 567 1901 versis
598 1845 824 1917 Aﬂgypti
858 1844 1227 1916 sapientibus
1258 1843 1625 1899 antecelluit.
1663 1843 1921 1898 Veniunt
1963 1858 2019 1898 ac

2172 1843 2349 1904 πάντας
2391 1843 2693 1919 φρονίμους
2749 1841 3049 1919 Αἰγύπτου.
3105 1844 3405 1919 Ἔρχονται
3464 1844 3601 1919 πρὸς
3642 1844 3808 1898 αὐτὸν

382 1952 519 1991 eum
546 1935 675 1990 duae
706 1934 991 1990 mulieres
1023 1934 1426 2006 disceptandm
1462 1933 1581 1989 litis
1628 1950 1825 1989 causa.
1868 1932 2018 1988 Prior

2170 1937 2392 1994 ὐναῖκες
2424 1928 2520 1987 δύο
2554 1929 2893 2002 δικασθῆναι,
2933 1933 3023 1987 καὶ
3063 1932 3207 1988 εἶπεν
3239 1935 3274 2003 ἡ
3313 1933 3431 2006 μία·
3466 1956 3495 1985 ‹‹
3521 1932 3664 2011 Ἐγὼ
3707 1932 3806 1989 καὶ

378 2024 562 2080 refert
586 2043 671 2090 se,
706 2040 836 2080 cum
874 2025 933 2078 in
967 2041 1083 2080 una
1112 2024 1299 2080 ambae
1333 2024 1509 2079 domo
1569 2024 1873 2097 degerent,
1932 2040 2014 2096 pe‘

2171 2022 2352 2097 ιγυνή
2404 2020 2538 2093 αὕτη
2603 2020 2860 2096 οἰκοῦμεν
2921 2021 2975 2076 ἐν
3025 2021 3162 2095 ν’ἒκῳ
3218 2022 3318 2076 ἑνί.
3381 2023 3481 2077 Καὶ
3537 2020 3647 2097 ἐγὼ
3707 2023 3807 2096 μὲν

376 2115 623 2186 perisse,
659 2121 837 2185 atque
864 2114 1116 2170 alteram
1148 2114 1292 2169 item
1326 2113 1519 2169 triduo
1551 2120 1703 2185 post.
1737 2114 1878 2186 Ejus
1937 2114 2012 2168 in-

2174 2131 2350 2181 τεκον,
2380 2109 2472 2165 καὶ
2527 2111 2662 2184 μετᾶ
2714 2111 2904 2186 τρίτην
2963 2112 3124 2183 αὕτη.
3175 2111 3393 2184 Ταῦτης
3445 2111 3509 2167 τὸ
3583 2110 3809 2169 παιδίον

372 2206 620 2272 fantem,
656 2221 792 2259 cum
823 2221 931 2276 per
962 2209 1200 2261 noctem
1236 2220 1370 2260 cum
1397 2211 1587 2260 matre
1613 2220 1718 2260 sua
1739 2204 2008 2259 cubasset

2181 2200 2417 2270 ἑθνηκεν,
2480 2199 2594 2255 ἐπεὶ
2674 2200 2777 2269 τὴν
2847 2200 3013 2255 νύκτα
3068 2199 3409 2275 ἐπεκοιμήθη
3473 2200 3640 2275 αὐτῷ.
3701 2204 3814 2259 Καὶ

376 2297 735 2353 exstinctum
768 2296 954 2351 fuisse
987 2312 1000 2362 ;
1033 2300 1211 2367 atque
1235 2312 1368 2351 eam
1397 2295 1750 2362 surrexisse,
1804 2293 2012 2367 sibiqm

2171 2286 2275 2345 Boii
2306 2290 2577 2346 ἀναστᾶσα
2608 2285 2773 2345 ἔλαϐε
2823 2292 2886 2346 τὸ
2950 2290 3081 2365 ἐμὸν
3113 2289 3331 2347 παιδίον
3364 2291 3425 2347 ἐκ
3477 2298 3579 2362 τῆς
3634 2292 3807 2368 ἀγκά-

375 2385 699 2440 dormienti
726 2376 901 2440 suum
933 2385 1225 2441 infantem
1256 2385 1616 2457 surripuisse
1650 2401 1719 2440 ex
1751 2384 1929 2452 ulnis,
1976 2384 2011 2439 i1

2167 2378 2264 2450 λης
2300 2400 2405 2452 μου
2439 2379 2734 2450 ὑπνούσης,
2766 2379 2856 2435 καὶ
2896 2381 3102 2435 τέθεικε
3156 2380 3220 2435 τὸ
3269 2380 3464 2452 ἑαυτῆς
3512 2383 3803 2452 τεθνηκός·

377 2491 493 2545 que
524 2474 721 2529 locum
756 2475 884 2547 ejus
928 2481 1231 2530 mortuum
1272 2474 1677 2546 supposuisse.
1741 2475 1832 2539 Se,
1900 2490 2013 2528 cun

2165 2468 2290 2543 ἐμοῦ
2321 2464 2383 2522 δὶ
2434 2468 2496 2523 τὸ
2545 2480 2691 2544 πρωϊ
2745 2468 3050 2541 ἀναστάσης
3105 2469 3341 2541 θηλάσαι
3392 2471 3544 2542 αὐτὸ,
3606 2470 3801 2547 εὖρέθη

374 2579 550 2618 mane
583 2564 656 2619 ad
688 2563 1033 2619 lactandum
1065 2581 1240 2619 suum
1296 2564 1673 2631 surrexisset,
1734 2568 2010 2618 mortuun

2166 2560 2206 2612 τὸ
2235 2558 2515 2627 τεθνηκός.
2552 2557 2646 2614 Καὶ
2673 2563 3064 2633 καταμαθοῦσα
3124 2557 3269 2615 εἶδον
3311 2561 3386 2622 ὠς
3447 2560 3547 2616 οῦκ
3595 2555 3802 2618 ἔστιτὸ

368 2652 658 2708 infantem
689 2652 1029 2721 offendisse,
1066 2670 1134 2709 ac
1155 2670 1217 2708 re
1239 2654 1545 2725 explorata
1567 2652 1999 2725 deprehendiss

2172 2642 2362 2701 παιδίον
2396 2667 2521 2719 μου.
2550 2670 2576 2697 ››
2598 2646 2694 2702 Καὶ
2721 2649 2868 2703 εἶπεν
2891 2651 2926 2718 ἡ
2954 2648 3125 2720 ἔτερα·
3164 2671 3191 2700 ‹‹
3223 2649 3394 2724 Οὐχὶ,
3414 2648 3559 2705 ἀλλᾶ
3581 2651 3671 2705 σόν
3690 2650 3808 2706 ἐστι

369 2757 503 2796 eum
537 2758 711 2797 suum
741 2758 861 2797 non
895 2759 1044 2797 esse.
1081 2743 1225 2797 Cum
1259 2743 1449 2797 altera
1478 2743 1591 2797 hoc
1614 2747 1875 2815 negaret,
1902 2758 2005 2796 nor

2164 2736 2206 2791 τὸ
2235 2735 2517 2807 τεθνηκὸς,
2552 2733 2686 2808 ἐμὸν
2714 2733 2855 2791 δὲτὸ
2879 2741 2998 2807 ζῶν.
3021 2761 3049 2791 n
3076 2736 3175 2794 Καὶ
3210 2738 3324 2794 εἶπε
3340 2736 3633 2813 Σολομῶν·
3661 2764 3688 2792 ‹‹
3706 2748 3800 2795 Δι·

376 2848 550 2887 suum
588 2833 690 2887 sed
722 2831 885 2887 illius
908 2832 1200 2887 infantem
1233 2838 1490 2887 mortem
1525 2828 1742 2887 obiisse
1785 2836 2001 2886 conten

2163 2826 2496 2900 (οτομήσατε
2520 2824 2801 2903 ἀμφότερα
2840 2827 2905 2881 τὰ
2940 2827 3136 2905 βρέφη,
3167 2827 3257 2882 καὶ
3290 2825 3414 2884 δότε
3463 2829 3799 2906 ἀμφοτέραις

372 2919 543 2987 dens,
570 2919 851 2975 Solomon
882 2925 1206 2992 utrumque
1238 2920 1501 2976 medium
1535 2920 1723 2976 secari
1748 2920 2008 2976 infanten

2160 2921 2261 2977 ταῖς
2290 2915 2526 2991 γυναιξῖν
2575 2916 2681 2971 ἀπὸ
2740 2920 2849 2971 τῶν
2900 2913 2996 2971 δύο
3050 2914 3373 2973 παιδίων.»
3424 2917 3526 2974 Καὶ
3583 2918 3796 2988 εἶπεν-ἦ

371 3008 575 3081 jussit,
609 3026 677 3064 ac
708 3009 781 3064 de
812 3015 1066 3079 utroque
1098 3011 1433 3082 portionem
1463 3009 1753 3066 ambabus
1775 3010 1923 3066 dari.
1948 3009 2007 3064 Ib

2161 3006 2280 3080 γυνὴ
2305 3007 2339 3074 ἡ
2368 3006 2551 3079 μήτηρ
2572 3009 2668 3060 τοῦ
2697 3009 2919 3075 ζῶντος·
2952 3029 2973 3059 ι
3001 3006 3113 3075 Μὴ,
3139 3007 3312 3082 κύριε,
3336 3005 3485 3062 ἀλλᾶ
3514 3005 3638 3063 δότε
3657 3008 3797 3082 αὐτῇ

380 3106 574 3154 mater
598 3098 843 3154 infantis
872 3115 1071 3171 regem
1104 3105 1343 3171 precata
1372 3106 1460 3155 est
1490 3116 1563 3155 ne
1595 3100 1707 3156 hoc
1736 3105 2010 3172 ageretur

2160 3096 2204 3151 τὸ
2234 3090 2451 3150 παιδίον
2482 3094 2543 3149 τὸ
2578 3099 2702 3165 ζῶν,
2753 3094 2842 3150 καὶ
2879 3097 2956 3169 μή
3016 3095 3277 3171 ἀποθάνῃ.
3316 3118 3341 3149 ι
3400 3097 3461 3152 ἹΙ
3526 3093 3583 3152 δὲ
3639 3096 3796 3174 ἑτέρα

380 3145 563 3154 ⁵“⁸“’”“¹’
598 3145 842 3154 ’⁸“”“’“¹“’“’
875 3145 1071 3171 ’“”0“”⁵⁶
1106 3145 1343 3171 ι’·νν“““·
1373 3145 1460 3155 *⁸⁷
1491 3145 1562 3155 ⁵⁸ν
1596 3145 1706 3156 “vv
1737 3145 1999 3172 “τ“ν““¹“’“’

376 3191 691 3262 potiusque
723 3191 1148 3246 concederetur
1168 3191 1339 3247 alteri
1367 3192 1601 3247 mulieri
1633 3190 2007 3247 vivusinfans

2157 3184 2279 3240 tim“:
2315 3209 2341 3237 (ι
2394 3186 2547 3254 Μήτε
2576 3188 2734 3258 αυτῇ,
2773 3145 2916 3259 Mt:
2942 3185 3068 3258 ἐμοὶ
3100 3154 3257 3242 ἔσταλ-
3315 3184 3520 3243 διέλετε
3576 3145 3793 3243 utitor»

374 3286 439 3335 ut
470 3298 545 3337 ne
576 3281 1386 3352 periret,alteradivisionem
1410 3282 1584 3336 istam
1624 3281 1934 3353 probante,
1966 3296 2006 3335 u

2161 3274 2245 3332 ἰαὶ
2277 3274 2542 3349 ἀπεκρίθη
2573 3274 2600 3328 ὁ
2635 3272 2912 3350 βασιλεῦςο
2953 3298 2974 3327 ι
3012 3274 3141 3330 Ιδιότε
3155 3275 3218 3331 τὸ
3250 3274 3465 3332 παιδίον
3490 3277 3554 3332 τὸ
3586 3281 3692 3347 ζῶν

373 3387 568 3441 neque
602 3370 711 3425 sibi
747 3371 901 3426 163
942 3388 1139 3442 neque
1172 3370 1345 3425 alteri
1378 3371 1538 3425 vivus
1577 3371 1777 3427 infans
1832 3370 2009 3425 obtin-

2157 3364 2218 3432 .ιή
2255 3360 2532 3437 θελησάσῃ
2561 3362 2776 3436 γυναικὶ
2809 3363 3091 3417 ἀποθανεῖν
3122 3362 3275 3434 αὐτὸ,
3309 3365 3391 3419 ὅτι
3452 3363 3621 3434 αὐτῆς
3678 3363 3793 3420 ἐστι

371 3464 555 3530 geret.
591 3460 944 3515 Pronuntiat
975 3474 1112 3531 ergo
1145 3460 1425 3515 Solomon
1483 3460 1676 3515 vivum
1735 3459 2027 3515 infantem
2135 3449 2387 3510 τέκνον.»

375 3548 428 3602 ei
462 3564 592 3603 esse
623 3548 859 3604 mulieri
893 3549 1179 3613 dandum,
1207 3567 1337 3620 quae
1369 3566 1506 3605 eum
1538 3549 1689 3604 mori
1720 3550 2016 3605 noluisset
2046 3564 2059 3603 :
2094 3544 2250 3599 hanc
2282 3543 2444 3598 enim
2475 3559 2605 3598 esse
2635 3542 2765 3615 ejus
2797 3548 3069 3600 matrem.

441 3636 733 3691 Disseruit
763 3636 1042 3691 Solomon
1073 3636 1143 3692 de
1175 3637 1459 3709 stirpibus
1494 3654 1529 3692 a
1585 3637 1760 3693 cedro
1821 3635 2022 3692 Libani

2203 3630 2324 3687 Ὃτι
2352 3625 2590 3699 ἐλάλησε
2620 3627 2892 3703 Σολομῶν
2934 3630 3058 3707 περὶ
3106 3633 3214 3685 τῶν
3277 3628 3454 3700 ξύλων
3508 3635 3616 3686 τῶν
3677 3630 3787 3688 ἀπὸ

369 3742 559 3795 usque
592 3725 665 3780 ad
692 3726 1017 3797 hyssopum
1050 3743 1118 3781 ex
1143 3743 1310 3782 muro
1338 3732 1718 3783 enascentem
1744 3744 1757 3795 ;
1784 3727 1925 3782 item
1951 3725 2005 3781 dt

2154 3726 2231 3790 ,ἧς
2260 3716 2457 3793 κέδρου
2486 3721 2585 3775 τοῦ
2642 3713 2884 3774 Λιϐάνου
2941 3721 3032 3774 καὶ
3088 3718 3196 3781 ἓως
3251 3727 3351 3791 τῆς
3409 3722 3630 3776 ὑσωπου
3685 3729 3790 3793 τῆς

367 3815 714 3886 pecudibus,
749 3816 942 3887 iisque
975 3834 1106 3888 qum
1139 3817 1302 3872 humi
1331 3823 1566 3889 repunt,
1593 3817 1663 3872 de
1685 3817 2003 3872 volucribus

2158 3807 2563 3883 κπορευομένης
2592 3805 2680 3863 διὰ
2711 3812 2809 3862 τοῦ
2842 3808 3088 3883 τείχους,
3142 3810 3232 3864 καί
3299 3810 3425 3884 περῖ
3484 3815 3592 3866 τῶν
3649 3831 3791 3883 κτη-

367 3909 426 3958 et
455 3905 737 3976 piscibus,
770 3906 920 3961 vires
954 3923 1156 3961 eorum
1191 3912 1366 3978 atque
1397 3908 1662 3963 actiones
1693 3906 1995 3979 explicans

2152 3901 2231 3952 Iuv
2292 3896 2383 3952 καὶ
2443 3901 2549 3951 τῶν
2602 3897 2842 3973 ἑρπετῶν
2901 3896 2990 3952 καὶ
3056 3902 3164 3952 τῶν
3220 3903 3481 3954 πετεινῶν
3535 3900 3624 3954 καὶ
3671 3905 3788 3958 τῶν

363 3994 450 4049 uti
480 3995 770 4066 Josephus
801 3996 999 4051 refert.
1028 3996 1464 4052 Incantationes
1488 4014 1722 4069 quoque
1741 4003 1995 4053 etexcan

2149 3986 2327 4061 χθύω,
2385 3987 2481 4047 τὰς
2567 3984 2833 4060 δυηάμεις
2916 3987 3007 4041 καὶ
3091 3989 3188 4051 τὰς
3261 3987 3523 4065 ἐνεργείας
3580 3989 3782 4065 αὐτῶν⁹

364 4085 622 4139 tationes
654 4085 994 4141 daemonum
1025 4087 1273 4156 invenit,
1308 4087 1526 4158 quibus
1557 4087 1799 4159 quidam
1828 4087 2000 4143 Judze:

2142 4077 2304 4141 ιαοὼς
2344 4076 2615 4145 Ἰώσηπος
2675 4081 2958 4151 μαρτυρεῖ.
3024 4079 3100 4151 [Ρ.
3136 4078 3227 4153 93]
3286 4076 3467 4133 Ἀλλᾶ
3529 4080 3618 4135 καὶ
3679 4080 3778 4136 ἑπ-

362 4179 597 4229 utentes
630 4174 931 4230 darmonas
961 4176 1290 4248 exigebant.
1335 4177 1583 4233 Naribus
1632 4179 1762 4250 ejus
1819 4178 1920 4249 qui
1980 4194 1998 4234 ε

2145 4162 2265 4238 μδὰς
2295 4165 2385 4220 καὶ
2420 4164 2779 4241 ἐξορκισμοῦς
2809 4166 2944 4220 κατὰ
3003 4163 3283 4240 δαιμόνων
3341 4167 3655 4242 ἐπενόησεν,
3690 4171 3781 4233 αἶς

360 4260 652 4317 daemonio
675 4263 1061 4320 obsidebatur
1080 4266 1370 4321 annulum
1395 4267 1734 4338 quemdam,
1761 4267 1821 4322 in
1840 4268 1996 4339 cujus

2148 4254 2398 4332 [ρώμενοί
2430 4275 2570 4316 τινες
2632 4251 2888 4310 Ἰουδαῖοι
2947 4255 3175 4319 τούτους
3233 4256 3550 4328 ἐξήλαυνον·
3586 4257 3784 4315 δακτύ-

358 4351 483 4421 pila
511 4351 679 4406 radix
716 4358 844 4408 erat
873 4370 907 4408 a
938 4353 1256 4410 Solomone
1293 4355 1368 4410 ad
1395 4355 1504 4411 hos
1561 4373 1707 4412 usus
1765 4355 1994 4411 demon-

2150 4366 2243 4400 ,ιον
2273 4344 2376 4421 γὰρ
2428 4340 2627 4419 ἔχοντά
2682 4363 2802 4399 τ;να
2863 4343 3135 4422 σφραγῖδα
3174 4348 3264 4401 καὶ
3298 4346 3446 4423 ῥίζαν
3480 4347 3531 4419 ἐξ
3572 4348 3647 4403 ὧν
3681 4350 3786 4405 ὑπ·-

361 4445 564 4506 strata,
600 4441 983 4512 adhibebant,
1017 4448 1081 4498 ut
1121 4443 1405 4499 olfaceret
1438 4461 1451 4498 :
1511 4446 1641 4517 ejus
1698 4446 1749 4500 vi
1812 4446 1997 4501 statim

2151 4429 2286 4504 δειξε
2320 4431 2615 4505 Σολομῶν,
2644 4429 2696 4486 ἐν
2758 4430 2868 4507 ῥινὶ
2930 4434 3218 4497 ὑποθέντες
3278 4435 3659 4513 ὀσφραίνεσθαι
3689 4440 3784 4494 τὸν

358 4528 596 4584 daemon
646 4532 1071 4602 expellebatur.
1134 4536 1495 4607 Argumento
1553 4541 1679 4590 erat
1732 4535 1994 4607 poculun

2143 4522 2401 4598 πάσχοντα
2459 4520 2882 4597 παρεσκεύαζον,
2955 4523 3029 4578 ὧν
3076 4528 3146 4599 τῇ
3222 4522 3450 4598 δυνάμει
3503 4526 3658 4589 εὐθὺς
3714 4528 3779 4584 τό

357 4622 460 4672 aut
495 4618 656 4673 aliud
689 4636 785 4676 vas
811 4638 967 4693 aqua
991 4623 1259 4694 plenum,
1294 4622 1452 4693 quod
1474 4624 1752 4696 fugiendo
1777 4625 1993 4681 dar-mor

2146 4609 2379 4684 ῖαιμὸνον
2410 4609 2740 4681 ἐξέλκεσθαι.
2776 4616 3020 4684 Σημεῖον
3078 4608 3135 4666 δὲ
3186 4612 3384 4669 τούτου
3414 4614 3481 4683 ἦν
3513 4616 3782 4689 ποτήριον

356 4709 817 4768 οοωωὶηῃθῂαι,
2123 4701 2314 4774 μεστὸν
2348 4697 2541 4763 ὕδατος
2596 4700 2633 4771 ἢ
2691 4699 2875 4777 ’ὲτερόν
2936 4722 2987 4757 τι
3047 4701 3284 4777 ἀγγεῖον,
3325 4704 3353 4758 ὃ
3385 4704 3602 4766 πάντως
3652 4725 3781 4760 συν-

1328 4863 1332 4868 ,
2118 4784 2299 4864 ἔτριϐε
2329 4794 2524 4867 φεῦγον
2557 4791 2620 4846 τὸ
2651 4788 2954 4864 δαιμόνιον.

429 4869 706 4926 Solomon
737 4874 1024 4944 templum
1053 4873 1155 4930 Dei
1189 4891 1325 4930 cum
1356 4876 1722 4946 absolvisset,
1765 4877 2006 4934 dedica-

2192 4879 2341 4937 Μετὰ
2368 4884 2498 4956 γοῦν
2526 4880 2587 4934 τὸ
2641 4879 2952 4936 συντελέσαι
2977 4882 3071 4937 τὸν
3130 4884 3278 4938 οἷκον
3341 4882 3543 4960 Κυρίου
3598 4883 3774 4940 Σολο-

354 4959 456 5025 vit,
489 4961 763 5017 mactatis
796 4961 871 5016 ad
903 4963 1193 5019 sacriﬁcia
1221 4965 1543 5021 vitulorum
1591 4967 1661 5020 22
1722 4966 1982 5023 millibus

2142 4973 2237 5023 ιῶν
2270 4968 2589 5025 ἐνεκαίνισεν
2620 4969 2804 5041 αὐτὸν,
2869 4971 3031 5035 θύσας
3098 4971 3344 5051 μόσχους
3380 4959 3638 5049 χιλιάδας
3687 4974 3778 5051 κβ¹

349 5049 547 5103 ovium
576 5049 846 5106 millibus
884 5055 995 5107 120.
1037 5052 1289 5124 Diesque
1321 5054 1503 5111 festos
1535 5062 1760 5128 septem
1802 5058 1985 5129 splen-

2136 5059 2205 5113 ιαὶ
2262 5053 2511 5133 πρόϐατα
2569 5056 2828 5135 χιλιάδας
2919 5063 3019 5135 ρκ’,
3087 5049 3464 5134 καὶτέποίησε
3526 5049 3772 5140 μεγάλην

348 5136 483 5193 dide
516 5139 635 5212 egit
662 5156 674 5194 :
710 5147 912 5196 octavo
946 5142 1229 5213 populum
1258 5144 1452 5199 fausta
1483 5152 1892 5218 comprecatus
1916 5146 1984 5202 di!

2145 5148 2312 5221 ορτήν
2343 5148 2552 5221 ἡμέρας
2585 5148 2739 5206 ἑπτά.
2775 5150 2859 5221 Τῇ
2894 5146 2951 5204 δὲ
3007 5145 3176 5225 ὀγδόῃ
3239 5149 3415 5227 ἡμέρᾳ
3469 5136 3777 5226 εὐλογήσας

345 5228 525 5282 misit.
544 5229 683 5283 Post
705 5236 974 5301 peractas
1008 5248 1114 5302 pro
1146 5233 1370 5306 templo
1403 5240 1461 5288 et
1488 5236 1704 5307 populo
1728 5237 1981 5307 depreca

2141 5236 2205 5291 ὸν
2267 5235 2399 5291 λαὸν
2462 5234 2782 5308 ἐξαπέστελε
2815 5281 2826 5293 .
2888 5238 2988 5294 Καὶ
3056 5239 3189 5312 μετὰ
3264 5241 3326 5294 τὸ
3382 5241 3777 5315 προσεύξασθαι

346 5315 559 5384 tiones,
581 5318 734 5374 Deus
756 5320 810 5374 ei
828 5322 1123 5392 apparuit,
1140 5322 1341 5394 itaque
1361 5329 1451 5379 est
1472 5323 1627 5379 fatus
1647 5324 1724 5380 52:
1751 5347 1780 5374 ‹‹
1813 5326 1982 5382 Exau-

2142 5324 2271 5380 ηῦτὸν
2308 5325 2442 5399 ὑπὲρ
2474 5329 2570 5380 τοῦ
2630 5329 2768 5380 λαοῦ
2828 5327 2917 5382 καὶ
2978 5331 3074 5382 τοῦ
3138 5331 3269 5383 ναοῦ
3320 5324 3477 5406 ὤφθη
3537 5329 3688 5399 αὐτῷ
3748 5332 3778 5386 ὁ

344 5402 461 5457 divi
483 5421 686 5463 vocem
710 5414 823 5465 tua;
845 5411 1225 5482 precationis,
1256 5414 1865 5486 templumque,quod
1901 5432 1980 5473 ex‘

2139 5415 2317 5491 (ύριος
2350 5414 2557 5494 λέγων’
2601 5440 2630 5469 ‹‹
2662 5417 2910 5474 Ἤκουσα
2946 5424 3046 5489 τῆς
3080 5425 3269 5498 φωνῆς
3297 5402 3400 5486 τῆς
3446 5427 3775 5495 προσευχῆς

424 5573 470 5608 ⁸³
497 5576 549 5631 ΙΙ
578 5579 717 5649 Reg.
750 5595 826 5634 ix.
