4142 6420
360 332 469 391 ΗΠ

1514 322 2057 387 ΗΙΒΤΟΒΙΑΒΟΜ
2102 324 2671 390 COMPENDIUM.

3687 335 3804 395 198

366 488 490 534 σου,
518 461 611 521 καί
640 463 857 541 ὴγίακα
910 461 1004 517 τὸν
1061 460 1210 516 οἷκον
1269 462 1463 516 τοῦτον
1525 456 1584 514 δν
1639 444 2024 532 ᾠκοδόμησας,

2149 459 2440 529 struxisti,
2474 462 2833 529 consecravi,
2866 468 2934 519 ut
2962 464 3026 520 in
3058 480 3127 520 eo
3158 481 3375 523 nomen
3436 483 3639 524 meum
3686 468 3813 524 col-

366 562 469 614 τοῦ
498 556 684 620 θίσθαι
718 554 786 610 τὸ
843 552 1026 626 ὖνομά
1083 572 1189 624 μου
1246 550 1358 606 ἰκεῖ
1413 549 1490 612 είς
1547 548 1639 605 τὸν
1694 548 1883 604 αίῶνα·
1943 546 2033 603 καὶ

366 644 578 704 ἔσονται
610 645 664 700 oi
695 640 979 720 ὀφθαλμοί
1017 662 1122 716 μου
1151 638 1264 695 ἐκεῖ
1319 639 1409 695 καὶ
1459 641 1495 709 ἡ
1539 635 1734 713 καρδία
1781 658 1884 711 μου
1935 636 2035 693 πά-

368 757 468 800 σας
504 737 604 797 τὰς
634 731 872 807 ἡμέρας.
906 731 1011 789 Καὶ
1052 731 1114 786 ab
1171 729 1261 785 ὲάν
1316 730 1585 805 πορευθῇς
1648 727 1878 784 ἐνώπιόν
1926 748 2031 802 μου

364 826 553 888 καθὼς
593 823 861 899 ἐπορευθη
895 814 1117 878 Δαϐἱδὸ
1148 821 1331 894 πατήρ
1390 840 1488 875 σου
1537 817 1591 874 ὲν
1641 817 1887 889 ὁσιότητι
1939 817 2031 873 καὶ

368 914 631 985 εὗθῦτητι
659 908 910 986 καρδίας,
969 915 1067 966 νοῦ
1141 914 1319 966 ποιεῖν
1374 909 1514 965 κατᾶ
1566 909 1738 964 πάντα
1769 905 2029 963 ἂᾶνετει-

368 1005 559 1078 λάμην
594 1002 765 1077 αὐτῷ,
789 1001 884 1057 καὶ
912 999 979 1056 τά
1008 998 1403 1076 προστάγματά
1436 1019 1541 1071 μου
1589 998 1681 1053 καὶ
1735 998 1831 1061 τάς
1880 996 2027 1053 ἐντος

368 1094 475 1156 λάς
520 1114 626 1169 μου
656 1090 1259 1172 φυλάξεις,ἀναστήσω
1310 1088 1403 1144 τὸν
1459 1087 1650 1163 θρόνον
1706 1096 1806 1158 τῆς
1872 1087 2030 1164 βασι-

371 1183 527 1247 λείας
565 1203 663 1239 σου
694 1180 784 1237 ἐπὶ
814 1178 1039 1254 Ἰσραὴλ
1069 1178 1146 1241 είς
1173 1179 1267 1234 τὸν
1307 1178 1501 1248 αἰῶνα,
1550 1177 1730 1241 καθὼς
1780 1173 2028 1247 ἐλάλησα

363 1280 450 1347 τῷ
489 1274 657 1349 πατρί
688 1293 785 1327 σου
818 1268 1022 1346 λέγων*
1056 1268 1170 1327 Οὐκ
1197 1267 1546 1344 ἰξαρθήσεται
1597 1267 1733 1339 ἀνὴρ
1782 1266 2026 1341 ἡγούμε-

361 1385 454 1427 νος
485 1365 540 1420 ἐν
575 1361 820 1439 Ἱσραὴλο
885 1380 914 1414 ι
969 1357 1090 1415 Ἐὰν
1151 1354 1210 1413 δὶ
1265 1354 1696 1435 ἀποστραφέντες
1749 1354 2025 1431 ἀποστρά-

361 1460 507 1533 φῆτε
536 1452 696 1525 ὑμεῖς
747 1451 838 1506 καὶ
894 1450 965 1504 τά
1017 1448 1174 1504 τέκνα
1231 1447 1387 1521 ὑμῶν
1444 1445 1539 1501 ἀπ’
1593 1443 1751 1520 ἐμοῦ,
1811 1447 1905 1533 καὶ,
1946 1445 2023 1519 μή

364 1532 651 1623 φυλάξητε
675 1542 771 1602 τὰς
801 1536 1026 1601 ἐντολάς
1080 1559 1207 1612 μου,
1262 1536 1354 1592 καὶ
1403 1539 1710 1611 πορευθῆτε
1756 1534 1846 1592 καί
1891 1532 2025 1591 δου-

362 1633 605 1704 126w,“
688 1632 833 1693 θεοῖς
920 1628 1122 1703 ἑτέροις
1193 1626 1283 1681 καὶ
1340 1626 1756 1702 προσκυνήσητε
1812 1625 2022 1698 αὐτοῖς,

360 1724 542 1801 ἰξαρῶ
598 1724 692 1778 τὸν
748 1719 973 1797 Ἰσραὴλ
1030 1719 1138 1774 ἀπὸ
1189 1724 1290 1788 τῆς
1345 1724 1448 1792 γῆς
1501 1716 1569 1786 ἧς
1618 1712 1796 1771 ἔδωκα
1850 1714 2021 1790 αὐτῷ,

355 1814 451 1870 καὶ
500 1814 598 1869 τὸν
653 1811 805 1866 οἶκον
862 1813 1056 1866 τοῦτον
1112 1807 1172 1862 δν
1228 1806 1426 1880 ἡγίασα
1464 1810 1562 1893 γτῷ
1621 1805 1849 1880 ὀνόματί
1918 1826 2023 1878 μου
2054 1827 2102 1893 Β

355 1903 659 1977 ἀπορρίψω
690 1900 750 1955 in
778 1898 1079 1974 προσώπου
1123 1916 1248 1971 μου·
1309 1895 1401 1951 καὶ
1459 1890 1610 1951 ἔσται
1664 1893 1889 1972 ’ίσραήλ
1949 1894 2026 1957 εἰς

356 1991 664 2071 ἀφανισμὸν
698 1989 790 2043 καὶ
823 1987 903 2051 sic
933 1984 1164 2060 λάλημα
1194 1984 1270 2047 είς
1329 1984 1398 2040 τὰ
1422 1977 1560 2071 Δἔθνη
1611 1983 1806 2041 πάντα.
1840 1983 1961 2071 Καὶ
1997 1983 2025 2038 6

366 2068 519 2144 οῖκος
549 2080 714 2142 οὗτος
745 2080 775 2134 6
807 2074 1024 2152 ὑψηλὸς
1053 2075 1144 2131 καὶ
1180 2074 1367 2150 μέγας,
1402 2068 1550 2129 ἔσται
1590 2077 1696 2136 πᾶς
1754 2074 1783 2127 ὁ
1832 2070 2027 2129 διαπο-

379 2170 657 2247 ρευόμενος
685 2165 758 2224 δι’
808 2165 979 2223 αὐτοῦ
1025 2163 1118 2220 καὶ
1178 2168 1372 2240 συριεῖ.
1433 2162 1534 2218 Καὶ
1592 2161 1825 2237 ἐροῦσιν.
1887 2162 2027 2226 Ἀνθ’

2147 547 2338 605 locem
2362 551 2423 607 in
2443 553 2875 625 sempiternum
2901 554 3123 626 ;ibique
3150 560 3435 627 perpetuo
3460 557 3803 615 eruntoculi

2146 639 2264 695 mei
2296 646 2356 695 et
2384 657 2486 698 cor
2516 658 2737 698 meum.
2770 645 2853 699 Tu
2885 661 3145 717 quoque,
3169 645 3217 700 si
3239 645 3313 700 ad
3336 647 3671 718 exemplum
3694 664 3803 720 pa-

2145 728 2252 785 tris
2285 730 2368 785 tui
2398 732 2603 788 Davidi
2636 737 2689 788 te
2716 733 2780 788 in
2812 740 3135 806 conspectu
3168 751 3299 790 meo
3322 752 3492 806 geras
3516 744 3719 794 sancte
3743 743 3804 793 et

2145 819 2376 878 sincero
2411 823 2566 878 164
2598 822 2795 891 corde,
2828 829 3006 896 atque
3049 824 3254 881 omnia
3300 832 3597 897 praecepta
3628 842 3803 882 mau-

2143 907 2283 966 data
2304 915 2361 964 et
2374 910 2546 982 jussa
2568 929 2699 968 mea
2722 912 2923 981 obeas,
2962 912 3178 969 solium
3212 914 3378 987 regni
3412 915 3495 969 tui
3521 915 3581 969 in
3611 916 3804 971 Israe-

2142 997 2291 1054 licos
2320 999 2712 1070 conﬁrmado,
2740 1007 2805 1058 ut
2830 1003 2908 1058 sit
2928 1008 3303 1075 perpetuum,
3329 1003 3627 1074 quomodo
3648 1005 3802 1077 patri

2144 1090 2243 1143 tuo
2271 1088 2392 1144 dixi
2425 1106 2733 1162 nunquam
2765 1090 2968 1147 defore
3000 1092 3101 1164 qui
3146 1092 3495 1148 Israelieum
3546 1109 3798 1166 regnum

2141 1188 2329 1255 gerut.
2358 1182 2458 1238 Sin
2482 1189 2680 1240 autem
2707 1202 2807 1241 vos
2830 1191 2890 1241 et
2910 1187 3084 1241 vestri
3106 1186 3326 1258 posteri
3352 1203 3385 1241 a
3408 1203 3503 1241 me
3536 1204 3636 1242 vos
3657 1204 3798 1259 pro-

2140 1271 2305 1328 tinus
2328 1275 2622 1343 avertetis,
2644 1275 2912 1347 meisque
2941 1276 3252 1347 praeceptis
3273 1275 3630 1347 posthabitis
3650 1277 3801 1332 alie—

2141 1376 2252 1416 nos
2273 1361 2415 1417 deos
2438 1363 2774 1432 sequemini
2797 1369 2974 1436 atque
2996 1364 3225 1434 coletis,
3252 1364 3592 1420 exscindam
3616 1366 3801 1422 Israe-

2138 1448 2323 1507 licum
2358 1452 2646 1524 populum
2678 1453 2749 1509 de
2784 1459 2939 1510 terra
2970 1470 3148 1526 quam
3184 1454 3237 1508 ei
3277 1453 3438 1523 dedi,
3489 1454 3798 1527 aedemque

2139 1538 2293 1596 hanc
2324 1557 2503 1612 quam
2535 1543 2763 1598 nomini
2798 1560 2928 1598 meo
2961 1543 3321 1613 consecravi,
3373 1560 3408 1599 a
3463 1543 3613 1599 facie
3664 1561 3800 1601 mea

2137 1630 2471 1703 projiciam.
2496 1635 2690 1704 Atque
2712 1632 2973 1688 Israelus
3004 1632 3246 1705 quidem
3270 1631 3802 1704 peribit,ludjbrio-

2137 1734 2250 1790 que
2283 1719 2397 1774 erit
2427 1724 2484 1774 et
2514 1720 2715 1777 fabula
2731 1721 3009 1776 omnibus
3031 1722 3404 1777 nationibus:
3430 1721 3799 1779 sedesautem

2133 1808 2261 1863 haec
2287 1807 2562 1864 sublimis
2585 1817 2644 1865 et
2660 1827 2876 1883 magna
2890 1810 2960 1867 ab
2976 1812 3254 1867 omnibus
3278 1813 3379 1883 qui
3409 1815 3802 1884 praeteribunt

2137 1896 2622 1954 subsannabitur.
2656 1900 2861 1971 Itaque
2914 1900 3115 1956 «licent
3144 1902 3429 1957 mortales
3459 1919 3471 1956 :
3509 1904 3656 1966 Quia
3684 1905 3803 1960 Do-

2136 1986 2370 2043 minum
2402 1988 2588 2044 Deum
2612 2006 2788 2045 suum
2816 1990 3212 2045 deseruerunt
3239 1991 3501 2047 Israelici
3525 1993 3799 2049 etalieno

2138 2073 2280 2131 deos
2310 2077 2646 2133 asciverunt
2675 2079 2809 2147 sibi,
2846 2078 2979 2135 ideo
3011 2079 3298 2135 Dominus
3323 2079 3474 2135 hanc
3497 2081 3799 2138 calamita-

2138 2170 2260 2219 tem
2292 2165 2436 2237 ipsis
2468 2166 2691 2222 intulit.
2732 2193 2752 2215 -

374 2262 454 2314 ῶν
510 2256 855 2336 ἐγκατέλιπον
914 2255 1115 2331 Κύριον
1178 2253 1269 2309 τὸν
1336 2253 1465 2309 Θεὸν
1534 2250 1709 2308 αὐτῶν
1768 2251 1858 2307 καὶ
1916 2246 2279 2308 ἀντελάϐοντο
2332 2254 2460 2309 Θεὸν
2520 2252 2841 2330 ἀλλότριον,
2902 2253 2992 2310 διά
3049 2261 3211 2312 τοῦτο
3279 2256 3521 2335 ἐπήγαγε
3605 2260 3806 2335 Κύριος

367 2351 467 2419 τῆν
494 2349 678 2404 κακίαν
703 2347 934 2417 ταύτην.
962 2369 992 2399 ››

431 2442 541 2510 Τήν
576 2434 636 2494 δὶ
661 2436 829 2494 πόλιν
868 2435 1133 2511 μεγίστην
1160 2435 1249 2490 καὶ
1304 2430 1617 2507 περίγαλλῆ
1670 2430 2020 2507 καταρτίσας,

354 2530 449 2585 καὶ
488 2528 552 2583 τὸ
602 2527 934 2601 περίμετρον
989 2524 1160 2592 αὐτῆς
1224 2526 1457 2596 ποιήσας
1518 2520 1709 2578 στάδια
1757 2520 2023 2594 τεσσαρά-

354 2640 548 2686 κοντα,
580 2616 848 2692 γινόμενα
882 2614 1041 2689 μίλια
1085 2610 1138 2685 ἓξ
1196 2614 1394 2688 ἥμισυ,
1450 2609 1764 2669 δυσάλωτον
1820 2612 2019 2666 πάντο-

360 2722 450 2776 θεν
518 2708 724 2780 ταύτην
810 2706 1191 2766 κατεσκεύασε.
1267 2704 1624 2781 Περικλείσας
1690 2702 1796 2780 γὰρ
1853 2699 2023 2770 αὐτὴν

358 2800 506 2872 τρισὶ
564 2799 777 2874 τείχεσι
832 2797 925 2852 καὶ
1012 2795 1272 2874 φάραγξιν
1336 2793 1757 2871 ἀπερῥωγυίαις,
1823 2789 2021 2867 κατάρ-

361 2889 522 2963 ῥυτον
554 2884 747 2942 ὕδασιν
778 2884 919 2956 ’ὀλην
951 2884 1225 2956 ἐποίησεν,
1278 2882 1419 2939 ὥστε
1465 2881 1526 2938 ἐκ
1570 2888 1672 2952 τῆς
1721 2878 2022 2957 ἀπορροίας

357 2980 493 3042 τοὺς
519 2978 734 3047 κήπους
762 2975 939 3031 αὐτῶν
980 2971 1315 3050 ἀρδεύεσθαι.
1378 2972 1483 3027 Σὺν
1530 2971 1747 3033 τούτοις
1797 2968 2024 3041 ἐποίησε

361 3065 593 3141 θυρεοὺς
622 3069 865 3141 χρυσοῦς
911 3062 1141 3125 ἐλκτοὺς
1197 3061 1552 3122 ὀκτακοσίους
1612 3057 1888 3137 μεγάλους
1931 3058 2022 3113 καὶ

363 3157 572 3231 δόρατα
626 3154 912 3230 τριακόσια
966 3153 1055 3207 καὶ
1114 3146 1268 3227 ἕτερα
1326 3149 1473 3206 ὅπλα
1523 3153 1705 3225 χρυσᾶ
1767 3147 2021 3203 πλεῖστα.

2203 2435 2387 2491 Porro
2418 2435 2627 2492 urbem
2648 2436 2927 2493 Solomon
2950 2438 3275 2494 maximam
3294 2438 3767 2511 pulcherrimam

2134 2539 2249 2594 que
2282 2524 2442 2591 fecit,
2478 2527 2558 2582 ita
2581 2532 2647 2581 ut
2676 2526 2934 2583 ambitus
2967 2528 3095 2599 ejus
3126 2534 3283 2584 esset
3332 2528 3665 2584 studiorum
3696 2532 3787 2595 40,

2134 2629 2266 2684 qum
2290 2614 2618 2671 conficiunt
2639 2616 2952 2673 miliaria‘6
2972 2634 3044 2685 s.,
3069 2617 3449 2689 reddiditque
3472 2634 3601 2673 eam
3614 2635 3783 2689 pror-

2134 2717 2234 2757 sus
2266 2702 2817 2777 inexpugnabilom.
2851 2708 2995 2761 Nam
3027 2713 3086 2762 et
3104 2706 3292 2762 tribus
3313 2706 3499 2762 muris
3522 2723 3653 2763 eam
3672 2708 3795 2763 cin-

2133 2791 2220 2844 xit
2249 2797 2307 2846 et
2336 2792 2512 2849 fossis
2537 2794 2826 2866 abruptis,
2858 2801 3161 2867 totamque
3188 2796 3361 2867 aquis
3382 2795 3594 2867 perllui
3625 2796 3790 2865 fecit,

2133 2897 2386 2952 quarum
2408 2882 2662 2939 decursu
2696 2884 2850 2940 horti
2882 2885 3236 2957 rigarentur.
3268 2885 3347 2940 Ad
3370 2886 3495 2941 hzec
3519 2890 3689 2941 senta
3717 2902 3791 2942 ex

2133 2986 2277 3025 auro
2304 2971 2509 3027 ductili
2541 2990 2757 3047 magna
2787 2976 2892 3029 800
2922 2975 3080 3039 fecit,
3114 2975 3318 3031 hastas
3348 2977 3471 3043 300,
3489 2975 3791 3046 aliamque

2132 3067 2497 3118 armaturam
2524 3079 2765 3120 auream
2798 3065 3120 3137 plurimam
3149 3084 3162 3121 :
3198 3067 3344 3137 quin
3372 3070 3428 3121 et
3446 3082 3582 3121 vasa
3603 3065 3792 3138 ipsius

2134 3154 2194 3204 et
2223 3150 2456 3208 lavacra
2485 3154 2687 3210 omnia
2717 3170 2897 3210 aurea
2924 3161 3112 3224 erant,
3146 3172 3342 3227 neque
3376 3155 3562 3227 ipsius
3619 3160 3793 3211 aetate

365 3247 470 3304 Καὶ
534 3246 723 3318 μέντοι
774 3244 867 3299 καὶ
925 3242 992 3299 τά
1049 3241 1211 3313 σκεύη
1264 3240 1426 3296 αὐτοῦ
1481 3240 1572 3295 καὶ
1639 3241 1691 3294 oi.
1750 3238 2018 3313 λουτῆρες

2137 3240 2199 3294 in
2228 3241 2418 3312 pretio
2445 3242 2643 3314 aliquo
2677 3250 2985 3316 argentum
3018 3216 3365 3300 habebatur.
3397 3216 3619 3300 i\'avem
3639 3260 3793 3315 quo-

364 3340 549 3414 χρυσᾶ
574 3334 755 3390 πάντα
795 3333 1070 3410 ὑπῆρχον,
1103 3331 1193 3386 καὶ
1222 3330 1322 3385 οὐκ
1359 3331 1426 3398 ἦν
1482 3328 1739 3404 ἀργύριον
1791 3325 2018 3402 λογιζό-

366 3445 528 3499 μενον
559 3423 615 3478 ἐν
643 3428 764 3483 ταῖς
804 3422 1042 3497 ἡμέραις
1095 3419 1281 3475 αὐτοῦ.
1333 3420 1458 3477 ’Ότι
1497 3422 1625 3479 ναῦς
1680 3417 1844 3474 αὐτοῦ
1888 3416 2022 3472 ἐπο-

364 3514 551 3588 ρεύετο
583 3512 659 3575 είς
706 3516 931 3584 Θαρσεῖς
989 3511 1078 3565 καὶ
1138 3507 1229 3565 διὰ
1284 3510 1501 3584 χρόνων
1559 3513 1727 3584 τριῶν
1784 3505 2020 3583 ἤρχετο,

361 3604 602 3682 φέρουσα
627 3600 856 3681 χρυσίον
888 3597 1151 3655 πολὺκαὶ
1222 3598 1480 3675 ἀργύριον
1532 3598 1622 3653 καὶ
1678 3596 1868 3661 λίθους
1925 3616 2022 3651 το·-

362 3694 582 3768 ρευτοῦς
612 3691 705 3747 καὶ
736 3689 960 3752 ὀδόντας
995 3688 1298 3767 ἐλεφάντων
1329 3688 1421 3743 κάὶ
1454 3691 1540 3760 [Ρ.
1591 3690 1683 3762 94]
1726 3688 2019 3758 πιθήκους.

363 3782 460 3840 Καὶ
491 3779 663 3837 ἔδωκε
693 3778 975 3853 Σολομῶν
1030 3780 1093 3834 τὸ
1148 3778 1381 3858 χρυσίον
1428 3776 1519 3833 καὶ
1555 3777 1619 3833 τὸ
1663 3774 1925 3852 ἀργύριον
1969 3773 2020 3830 ἐν

362 3872 732 3947 Ἰερουσαλήμ
760 3870 837 3931 ὡς
884 3867 1123 3939 λίθους,,
1155 3868 1246 3923 καὶ
1298 3868 1393 3929 τάς
1446 3864 1673 3941 κέδρους
1728 3866 1802 3929 ὡς
1861 3886 2022 3921 συκα-

369 3962 563 4035 μίνους
596 3959 673 4022 εἰς
703 3958 940 4029 πλῆθος.
973 3959 1051 4016 Τὸ
1082 3955 1140 4013 δὲ
1196 3978 1259 4034 γε
1306 3955 1521 4033 ἂριστον
1563 3955 1730 4012 αὐτοῦ
1785 3957 1850 4025 ἦν
1906 3956 2025 4020 καθ’

364 4052 578 4125 ἠμὲραν
608 4049 765 4125 κόροι
823 4044 1165 4121 σεμιδάλεως
1212 4047 1264 4102 λ’
1293 4047 1345 4121 (6
1377 4042 1436 4101 δὲ
1484 4044 1648 4121 κόρος
1697 4043 1870 4100 ἐποίει
1923 4041 2024 4118 μό-

364 4137 457 4194 δια
483 4138 554 4213 λ’)
583 4140 673 4196 καὶ
701 4138 866 4213 κόροι
896 4134 1139 4212 ἀλοῦρου
1195 4135 1658 4209 κεκοπανισμὲνου
1702 4134 1764 4205 ξ’,
1820 4132 2026 4212 μόσχοι

359 4227 617 4285 ὶκλεκτοὶ
646 4225 798 4295 δέκα,
833 4227 959 4304 βόες
997 4224 1230 4302 νομάδες
1278 4226 1424 4282 ὀκτὼ
1466 4246 1557 4281 και
1608 4219 1857 4301 πρόϐατα
1905 4224 2027 4280 ἒκα-
2082 4297 2088 4302 1

357 4320 477 4386 τὸν,
512 4318 671 4380 ἐκτὸς
704 4316 923 4394 ἐλάφων
966 4317 1055 4372 καὶ
1104 4317 1337 4392 ὀρνίθων
1390 4313 1660 4372 ἐκλεκτῶν
1705 4315 1794 4371 καὶ
1847 4334 2027 4369 σιτευ-

354 4413 488 4463 τῶν.
527 4409 656 4481 Περὶ
691 4405 749 4462 δέ
777 4427 842 4480 γε
899 4414 1000 4476 τῆς
1056 4404 1279 4477 πολλῆς
1340 4407 1659 4484 φρονήσεως
1716 4405 1885 4460 αὐτοῦ
1937 4403 2029 4458 καὶ

361 4497 583 4576 σοφίας,
613 4497 683 4566 ἧς
717 4496 915 4576 εἴληφε
943 4496 1089 4573 παρὰ
1126 4500 1262 4553 Θεοῦ
1292 4501 1392 4552 τοῦ
1418 4496 1679 4575 ὀφθέντος
1731 4492 1880 4566 αότῷ
1926 4490 2028 4562 δίς,

2129 3345 2243 3400 que
2274 3330 2550 3400 habebat,
2576 3350 2708 3404 qum
2741 3335 2948 3388 Tarses
2981 3332 3239 3404 petebat,
3261 3350 3329 3388 ac
3364 3332 3621 3387 triennio
3644 3349 3793 3403 quo-

2129 3435 2243 3489 que
2275 3436 2509 3477 reversa
2540 3423 2688 3479 165
2725 3421 2983 3477 multum
3013 3422 3143 3477 auri
3176 3422 3531 3495 argentique
3580 3438 3793 3493 appor-

2130 3508 2311 3575 tabat,
2343 3516 2402 3565 et
2433 3510 2661 3582 lapides
2692 3517 2979 3579 tornatos,
3011 3512 3158 3567 ebur
3181 3528 3248 3567 ac
3271 3510 3796 3583 simias.Reposuit

2130 3604 2329 3653 autem
2360 3599 2644 3656 Solomon
2666 3601 3046 3657 Jerusalemm
3072 3618 3285 3657 aurum
3314 3607 3372 3656 et
3395 3601 3793 3674 argentumin

2131 3695 2296 3745 tanta
2313 3691 2697 3747 multitudine
2714 3699 2934 3764 quanta
2954 3693 3106 3748 solet
3119 3708 3246 3749 esse
3265 3691 3792 3764 lapidum,cedros-

2133 3795 2247 3849 que
2278 3797 2349 3835 ea
2378 3782 2550 3852 c0pia
2569 3799 2700 3852 qum
2725 3788 2813 3837 est
2838 3788 2925 3838 est
2950 3783 3415 3854 sycaminorum.
3440 3780 3712 3847 Quotidie
3736 3780 3797 3835 in

2132 3870 2449 3939 prandium
2482 3872 2612 3943 ejus
2646 3872 3100 3927 insumebantur
3126 3872 3339 3927 simila:
3362 3871 3484 3926 cori
3508 3871 3575 3925 30
3599 3870 3797 3941 (corus

2133 3959 2201 4011 30
2232 3959 2463 4014 modios
2493 3961 2801 4033 continet),
2837 3961 3042 4016 farinae
3070 3961 3342 4016 cribratm
3370 3960 3491 4016 cori
3514 3962 3603 4026 60,
3627 3958 3796 4013 vituli

2135 4047 2307 4102 electi
2341 4050 2426 4117 l0,
2458 4048 2637 4105 boves
2668 4051 2768 4121 qui
2797 4051 2858 4105 in
2889 4051 3125 4121 pascuis
3147 4050 3391 4105 aluntur
3419 4052 3472 4117 8,
3507 4064 3645 4104 oves
3670 4048 3793 4115 100,

2135 4141 2351 4208 prmter
2382 4154 2584 4192 cervos
2615 4143 2793 4209 atque
2823 4155 2956 4194 aves
2988 4139 3209 4195 electas
3242 4145 3298 4194 et
3329 4138 3548 4194 altiles.
3584 4138 3672 4193 De
3703 4138 3796 4192 in-

2135 4226 2294 4298 genti
2326 4231 2526 4282 autem
2562 4228 2748 4299 ipsius
2779 4230 3092 4301 sapientia,
3124 4245 3304 4300 quam
3346 4244 3380 4283 a
3410 4229 3527 4283 Deo
3556 4227 3648 4282 bis
3679 4227 3793 4298 ipsi

2136 4316 2261 4371 viso
2294 4317 2541 4389 accepit,
2576 4317 2712 4373 audi
2755 4317 2897 4390 quid
2932 4335 3142 4374 rursus
3175 4317 3249 4374 ad
3279 4317 3477 4389 ipsum
3510 4315 3796 4371 Dominus

2138 4404 2294 4461 dical
2325 4423 2337 4460 :
2370 4430 2396 4455 ‹‹
2434 4409 2578 4463 Ecce
2610 4407 2745 4463 dedi
2768 4408 2873 4463 tibi
2898 4425 2999 4463 cor
3024 4408 3288 4480 prudens
3313 4423 3381 4463 ac
3406 4407 3643 4479 sapiens
3668 4421 3680 4460 :
3708 4404 3793 4460 tui

2139 4497 2353 4552 similis
2386 4515 2579 4570 neque
2611 4505 2748 4555 ante
2783 4507 2835 4555 te
2866 4500 2978 4555 fuit
3007 4516 3200 4571 neque
3234 4499 3346 4554 erit
3377 4503 3512 4571 post
3544 4497 3793 4554 te.Divi-

362 4587 596 4642 ἃκουσον
627 4586 683 4641 τί
711 4585 879 4642 πάλιν
908 4587 938 4641 ὁ
987 4587 1119 4648 Θεός
1166 4607 1301 4664 φησι
1348 4586 1486 4661 πρὸς
1537 4583 1721 4640 αὐτόν·
1783 4604 1806 4635 ι
1857 4580 2020 4657 Ἰδοὺ,

2137 4586 2243 4641 tias
2274 4602 2532 4658 quoque,
2564 4588 2816 4661 gloriam
2848 4593 2905 4645 et
2936 4607 3077 4661 opes
3113 4588 3222 4644 tibi
3264 4587 3417 4643 dabo
3451 4587 3515 4643 ⁸⁸.
3556 4611 3574 4636 ι
3612 4586 3797 4658 quue

359 4674 580 4733 δέδωκά
609 4696 697 4731 σοι
726 4673 951 4751 καρδίαν
993 4674 1270 4755 φρονίμην
1310 4674 1403 4729 καὶ
1460 4675 1651 4750 σοφήν·
1692 4673 1767 4736 ὡς
1817 4673 1901 4743 σὺ,
1956 4673 2021 4728 οὗ

360 4767 589 4841 γὲγονεν
649 4763 954 4839 ἔμπροσθέν
1010 4785 1127 4835 σου,
1185 4764 1278 4819 καὶ
1339 4764 1475 4838 μετὰ
1530 4764 1589 4817 σὲ
1639 4761 1739 4818 οὐκ
1796 4762 2025 4833 ἀναστή-

366 4877 519 4912 σεται
550 4854 749 4928 δμοιός
776 4874 883 4913 σοι.
917 4854 1024 4911 Καὶ
1072 4855 1316 4910 πλοῦτον
1372 4854 1463 4908 καὶ
1517 4850 1671 4924 δόξαν
1725 4852 1817 4908 καὶ
1877 4853 2024 4929 χρή·

367 4966 515 5019 ματα
578 4942 742 5000 δώσω
801 4964 908 5001 σοι.
966 4967 997 4996 ιο
1054 4944 1155 4999 Καὶ
1207 4946 1371 4999 τοῦτο
1443 4939 1690 5015 δηλοῦσα
1747 4943 1783 5013 ἡ
1839 4941 2024 5020 Γραφὴ

366 5031 560 5108 ἐπάγει
588 5031 844 5110 λέγουσα·
882 5057 910 5086 α
936 5029 1151 5092 Ἔδωκε
1180 5033 1383 5108 Κύριος
1414 5031 1674 5109 φρόνησιν
1704 5034 1782 5102 τῷ
1839 5028 2027 5086 Σολο-

365 5128 565 5196 μῶντι,
626 5122 716 5177 καὶ
804 5121 994 5202 σοφίαν
1078 5120 1299 5192 πολλὴν
1382 5117 1609 5200 σφόδρα,
1689 5120 1780 5177 καὶ
1867 5118 2025 5199 χύμα

357 5210 589 5288 καρδίας
621 5212 699 5273 ὡς
739 5213 774 5282 ἡ
808 5210 995 5286 ἅμμος
1028 5214 1063 5283 ἡ
1095 5212 1241 5287 παρά
1288 5212 1391 5281 τήν
1442 5209 1733 5267 Θάλασσαν.
1770 5234 1798 5262 ››
1859 5209 2022 5267 Εἰκό-

357 5323 469 5363 τως
501 5300 599 5357 οὖν
626 5304 692 5357 ἒκ
728 5298 1101 5377 παραλλήλου
1123 5301 1215 5356 καὶ
1263 5306 1371 5357 τῶν
1426 5300 1600 5357 πάλαι
1639 5300 2020 5376 γεγενημένων

356 5390 594 5465 ἀρίστων
624 5393 808 5469 σοφῶν
840 5388 1110 5463 ἐμνήσθη,
1147 5387 1240 5444 καὶ
1291 5387 1421 5450 τοὺς
1458 5386 1792 5465 Αἰγυπτίους
1842 5405 2017 5463 προσ-

352 5478 592 5544 τέθεικεν
620 5479 698 5542 ὡς
729 5477 1026 5540 δοκοῦντας
1074 5477 1220 5554 παρᾶ
1274 5481 1436 5532 πᾶσιν
1496 5478 1635 5532 εἶναι
1692 5476 1892 5553 σοφούς
1957 5496 2019 5533 τε

2133 4674 2444 4731 declarans
2473 4678 2775 4749 Scriptura
2805 4680 2888 4733 sic
2919 4679 3100 4733 infert
3152 4678 3238 4733 5‘:
3299 4701 3319 4726 ι
3380 4676 3551 4732 Dedit
3604 4675 3803 4731 Domi-

2138 4779 2252 4819 nus
2283 4764 2585 4821 Solomoni
2613 4765 3073 4840 intelligentiam
3132 4767 3608 4840 sapientiamque
3640 4782 3800 4821 sum-

2138 4868 2317 4917 mam,
2341 4871 2563 4926 corque
2582 4861 2668 4911 tot
2695 4874 2893 4913 rerum
2915 4858 3130 4929 peritia
3151 4857 3510 4913 instructum
3533 4860 3794 4927 quantus

2137 4949 2228 4999 est
2247 4961 2443 5000 arenae
2468 4945 2529 5000 in
2544 4945 2741 5002 littore
2759 4946 2938 5002 maris
2957 4963 3262 5003 numerus.
3276 4972 3300 4994 ››
3316 4948 3796 5001 Consentaneum

2138 5034 2343 5105 itaque
2376 5040 2485 5098 est,
2519 5035 2679 5106 quod
2709 5042 3090 5109 comparatur
3108 5042 3285 5108 atque
3308 5036 3623 5108 pra-fertur
3646 5039 3705 5089 et
3725 5033 3798 5087 iis

2137 5123 2236 5195 qui
2268 5123 2426 5196 apud
2458 5125 2685 5196 priscos
2716 5125 2952 5181 fuerant
2984 5125 3283 5198 sapientes
3316 5123 3503 5179 habiti
3533 5139 3601 5178 ac
3651 5139 3798 5193 pra:—

2136 5213 2513 5280 stantissimi,
2547 5220 2606 5269 et
2645 5214 2793 5286 ipsis
2823 5215 3127 5287 iEgyptiis,
3157 5215 3256 5286 qui
3277 5211 3432 5285 apud
3451 5228 3660 5267 omnes
3687 5227 3798 5265 no-

2132 5319 2271 5359 men
2292 5303 2630 5375 sapientum
2651 5304 2889 5360 habent.
2927 5306 3070 5359 Nam
3103 5303 3276 5360 sicuti
3310 5302 3493 5359 Graeci
3527 5305 3795 5357 narrant.

2128 5392 2500 5466 Pherecydes
2519 5393 2746 5466 Syrius,
2769 5393 3132 5466 Pythagoras
3150 5393 3500 5459 Samius,An
3510 5405 3797 5464 axagoras

2128 5481 2851 5554 Clazomenius,Platoque
2866 5481 3250 5538 Atheniensis
3263 5481 3338 5537 ad
3351 5482 3654 5556 Egyptios
3665 5496 3773 5553 pro

350 5570 443 5627 καὶ
474 5569 800 5648 φρονίμους.
834 5566 944 5627 Καὶ
973 5567 1075 5646 γὰρ
1130 5566 1208 5633 ὡς
1252 5563 1528 5640 ’Έλληνες
1573 5565 1878 5643 ἱστοροῦσι,
1922 5564 2014 5623 καὶ

2137 5571 2414 5632 ῖθοιὶεωιῑ
2424 5588 2528 5646 spe
2537 5589 2741 5632 rerum
2752 5572 3080 5631 divinarum
3089 5588 3159 5631 ac
3168 5575 3399 5631 natura
3409 5570 3804 5646 cOgnitionem

416 5697 568 5758 “III
598 5701 870 5777 1103.111,
906 5694 999 5755 16.
1072 5693 1120 5733 ⁸⁴
1146 5692 1227 5756 III
1254 5694 1391 5770 leg.
1422 5710 1478 5767 ν,
1514 5692 1620 5768 l2;
1652 5709 1729 5766 xv,
1764 5692 1858 5756 32.
