4142 6428
381 385 497 447 199

1741 372 1782 429 G
1797 370 2057 432 EORGII
2101 375 2192 433 OE
2205 377 2435 439 DllENl

3687 381 3812 443 200

381 537 453 576 ex
485 518 630 591 ipsis
654 511 1081 572 accuratiorem
1110 507 1393 566 discendi.
1424 508 1494 562 Et
1516 505 1757 578 quidem
1780 505 1850 563 de
1884 508 2040 565 Mose

2154 509 2466 585 Φερεκύδης
2499 514 2526 568 ὀ
2560 517 2759 591 Κύριος
2812 518 2925 591 (86)
2985 516 3075 571 καὶ
3134 516 3455 593 Πυθαγόρας
3511 517 3539 570 6
3599 516 3814 589 Σάμιος

385 627 568 666 sacrae
589 608 824 663 Litterae
846 600 1346 659 testantur.fuisse
1371 614 1507 653 eum
1528 597 1863 653 institutum
1896 614 2032 653 om-

381 699 559 755 nibus
587 695 986 768 A'Igyptiorum
1024 690 1305 746 scientiis.
1339 689 1556 742 Horum
1592 688 1745 742 I66
1765 704 1900 760 ergo
1921 704 2039 745 em-

382 790 575 851 nium,
612 786 808 857 inquit
839 783 1153 853 Scriptura,
1175 776 1503 833 luminibus
1527 775 1726 831 otl'ecit
1756 777 2036 833 Solomon

381 883 585 949 utpote
618 874 901 930 divinitus
921 869 1209 942 sapientia
1232 867 1504 923 donatus.
1527 867 1731 938 Itaque
1763 866 2035 922 additur:

385 990 412 1019 ‹‹
447 970 516 1021 Et
548 963 838 1036 sapientia
867 958 1265 1017 antecellebat
1293 974 1501 1012 omnes
1531 958 1805 1012 homines
1833 974 1844 1010 :
1882 956 2041 1011 Dixit

382 1057 497 1111 tria
530 1054 717 1109 millia
747 1049 1187 1124 parabolarum,
1234 1046 1502 1102 carmina
1546 1046 1882 1118 composuit
1912 1048 2035 1102 600.

380 1145 671 1201 Disseruit
701 1142 772 1198 de
801 1138 1112 1196 arboribus
1143 1154 1178 1194 a
1221 1135 1398 1192 cedro
1446 1136 1674 1205 Libani,
1724 1152 1913 1207 usque
1963 1133 2038 1191 ad

382 1235 705 1305 hyssopum
737 1230 839 1302 qui
864 1228 936 1284 de
958 1228 1184 1301 pariete
1213 1226 1532 1282 enascitur.
1560 1227 1814 1280 Locutus
1846 1230 1935 1280 est
1966 1223 2037 1279 de

384 1320 731 1395 pecudibus,
767 1320 838 1375 de
871 1317 1242 1390 repentibus,
1272 1315 1344 1370 de
1375 1314 1735 1381 volucribus,
1761 1313 1832 1369 de
1858 1314 2037 1385 pisci-

382 1413 494 1468 bus
512 1412 578 1466 ⁵⁵.
606 1433 634 1461 ››
658 1411 736 1465 Ex
758 1408 993 1479 scriptis
1011 1408 1141 1480 ejus
1162 1405 1343 1461 Graeci
1370 1404 1471 1476 qui
1494 1403 1928 1475 iatrosophistm
1946 1420 2039 1458 vo-

386 1507 619 1567 cantur,
649 1500 735 1555 rei
770 1498 1009 1553 medicm
1042 1496 1383 1567 scriptores,
1416 1494 1729 1549 materiam
1761 1498 1818 1549 et
1866 1509 2041 1566 argu-

383 1596 588 1648 menta
618 1587 890 1646 suffurati
918 1591 1075 1643 artes
1106 1602 1244 1641 suas
1275 1583 1782 1656 conscripserunt.
1837 1582 2040 1638 Libros

382 1680 718 1737 Solomonis
730 1695 835 1734 rex
856 1676 1132 1732 Ezechias
1147 1675 1219 1731 de
1240 1674 1437 1730 medio
1462 1673 1862 1742 sustulit,cum
1882 1689 2039 1728 mor-

382 1768 594 1825 borum
628 1767 894 1824 remedia
925 1783 993 1821 ex
1025 1765 1119 1821 his
1148 1764 1404 1836 populus
1431 1769 1642 1836 petens
1672 1779 1705 1818 a
1727 1763 1845 1819 Deo
1868 1778 2039 1818 sana-

2145 598 2235 653 καὶ
2267 600 2628 678 ’Δναξαγόρας
2661 605 2688 659 6
2731 602 3107 679 Κλαζομένιος
3175 604 3265 659 καὶ
3318 604 3550 660 Πλάτων
3581 605 3608 660 6
3638 605 3813 674 Ἃθησ

2144 693 2294 751 ναῖος
2333 690 2469 765 πρὸς
2526 691 2758 756 τούτους
2815 691 3178 767 έξεδήμησαν,
3236 692 3520 770 θεολογίαν
3560 693 3651 749 καὶ
3709 715 3818 767 φυ-

2146 775 2428 852 σιολογίαν
2460 776 2846 858 ἀκριϐεστέραν
2905 786 3240 856 μαθήσεσθαι
3299 783 3427 857 παρ’
3486 783 3664 839 αὐοῶν
3717 782 3818 839 ἐλ-

2146 867 2413 932 πίσαντες.
2447 873 2548 927 Καὶ
2585 869 2651 942 δὴ
2716 875 2808 929 καὶ
2865 875 2991 948 περὶ
3047 878 3146 930 τοῦ
3202 876 3477 934 Μωυσέως
3539 869 3815 944 διεξιὼνὸ

2148 963 2290 1022 θεῖος
2321 958 2487 1035 λόγος
2545 959 2647 1040 ἔφη
2718 963 2803 1018 ὅτι
2863 961 3153 1035 ἐπαιδεύθη
3183 962 3236 1019 ἐν
3278 965 3426 1039 πάσῃ
3485 964 3646 1042 σοφίᾳ
3703 963 3816 1021 Αἶ-

2144 1048 2406 1125 γυπτίων.
2468 1053 2741 1121 Τούτους,
2803 1055 2990 1131 φησὶν,
3046 1052 3278 1118 ἅπαντας
3311 1055 3338 1109 6
3388 1053 3663 1127 Σολομῶν
3709 1054 3815 1110 ἀπ·-

2147 1139 2372 1213 ἐκρυψεν
2407 1139 2497 1197 ὅτε
2522 1143 2705 1207 θεόθεν
2750 1150 2853 1213 τῆς
2913 1144 3104 1222 σοφίας
3155 1146 3218 1200 τὸ
3270 1141 3446 1218 δῶρον
3492 1140 3810 1218 δεξάμενος.

2147 1229 2306 1286 Ὅθεν
2365 1228 2630 1306 ἐπήγαγε⁵
2696 1233 2860 1289 «Καὶ
2918 1232 3207 1310 ἐσοφίσατο
3271 1234 3403 1309 ὑπὲρ
3459 1231 3659 1296 πάντας
3718 1234 3812 1289 ἆν-

2149 1317 2424 1389 θρώπους,
2483 1319 2573 1374 καὶ
2644 1320 2884 1390 ἐλάλησε
2940 1322 3256 1399 τρισχιλίας
3315 1316 3659 1399 παραϐολὰς,
3714 1321 3812 1379 καὶ

2147 1407 2281 1476 ἦσαν
2314 1408 2369 1462 αἱ
2401 1405 2537 1481 ᾠδαὶ
2572 1409 2739 1466 αὐτοῦ
2770 1412 3241 1492 πεντακισχίλιαι,
3267 1414 3357 1469 καὶ
3414 1411 3652 1483 ἐλάλησε
3682 1412 3815 1488 περὶ

2146 1500 2256 1551 τῶν
2282 1494 2460 1567 ξύλων
2488 1502 2597 1554 τῶν
2647 1499 2754 1556 ἀπὸ
2809 1508 2910 1573 τῆς
2968 1499 3163 1579 κέδρου
3210 1509 3310 1572 τῆς
3353 1500 3407 1557 ὲν
3452 1506 3534 1574 τῷ
3589 1497 3817 1575 Λιϐάνῳ

2147 1585 2235 1640 καὶ
2297 1584 2402 1649 ἓως
2460 1594 2561 1658 τῆς
2633 1588 2855 1646 ὑσώπου
2911 1597 3013 1661 τῆς
3072 1590 3507 1667 ἐκπορευομένης
3576 1587 3665 1646 διὰ
3712 1594 3819 1647 τοῦ

2147 1673 2368 1750 τοίχου,
2399 1676 2489 1731 καὶ
2522 1675 2763 1749 ὲλάλησε
2791 1680 2913 1756 περῖ
2942 1686 3050 1737 τῶν
3084 1685 3292 1752 κτηνῶν
3347 1680 3436 1737 καὶ
3485 1684 3593 1736 τῶν
3649 1682 3781 1756 έρπε
3804 1715 3818 1725 -

2147 1768 2256 1819 τῶν
2287 1765 2378 1821 καί
2407 1771 2516 1823 τῶν
2547 1775 2805 1825 πετεινῶν
2836 1770 2925 1826 καὶ
2983 1773 3107 1847 περὶ
3168 1776 3276 1827 τῶν
3336 1770 3570 1850 ἰχθύων.
3608 1795 3637 1823 ››
3686 1763 3820 1846 Ἀφ’

384 1863 609 1916 tionem
643 1859 908 1932 ﬂagitare
940 1856 1284 1930 negligeret.
1319 1854 1600 1910 Solomon
1632 1853 2040 1926 magnitudine

2156 1855 2323 1942 (Evcl
2372 1861 2482 1913 τῶν
2560 1858 2849 1932 Ἑλλήνων
2901 1859 3308 1941 ἷατροσοφισταὶ
3368 1862 3820 1940 σφετερισάμενοι

384 1951 725 2006 divitiarum
758 1966 826 2004 ac
867 1947 1174 2020 sapientiai
1205 1962 1387 2019 supra
1416 1962 1624 2001 omnes
1654 1960 1823 2017 reges
1867 1949 2042 2000 terrm

386 2040 574 2096 elatus
606 2040 753 2107 fuit;
791 2054 1117 2108 omnesque
1141 2052 1311 2109 reges
1340 2035 1553 2090 faciem
1587 2035 1714 2107 ejus
1745 2033 1941 2089 videre
1975 2050 2044 2089 ac

382 2146 589 2185 vocem
622 2129 827 2184 audire
891 2126 1249 2198 cupiebant;
1305 2124 1739 2195 veniebantque
1786 2123 2045 2178 ferentes

389 2219 608 2292 singuli
640 2218 963 2290 quotannis
994 2232 1246 2271 munera
1276 2232 1403 2281 sua,
1434 2231 1571 2270 vasa
1594 2219 2042 2283 aurea,vestem,

384 2315 672 2369 aromata.
704 2325 908 2378 equos,
934 2307 1149 2362 mulas.
1173 2305 1438 2360 Habebat
1466 2320 1674 2358 currus
1699 2306 2047 2374 t400,equas

384 2397 673 2453 fecundas
705 2398 903 2462 40000,
938 2411 1227 2467 equorum
1261 2394 1333 2450 ad
1380 2409 1589 2448 currus
1641 2394 1832 2447 12000,
1885 2393 2043 2446 Prae-

383 2493 510 2542 erat
532 2494 730 2542 autem
757 2485 1036 2543 omnibus
1050 2484 1289 2557 regibus
1303 2501 1334 2538 a
1351 2481 1528 2538 ﬂuvio
1547 2482 1844 2554 Euphrate
1858 2497 2046 2553 usque

384 2576 459 2631 ad
492 2582 713 2632 terram
743 2576 1139 2631 Barbarorum
1174 2579 1231 2629 et
1262 2574 1413 2628 ﬁnes
1445 2571 1695 2645 Egypti.

2154 1941 2243 1995 καὶ
2275 1941 2373 2003 τὰς
2402 1942 2656 2023 ἀφορμὰς
2686 1943 2975 2025 εἰληφότες
3004 1948 3099 2011 τὰς
3157 1948 3362 2013 οἰκείας
3414 1950 3816 2018 συνεστήσαντο

2150 2029 2369 2108 τέχνας.
2423 2035 2634 2099 Ταύτας
2692 2035 2908 2114 ἆξανεῖς
2959 2037 3211 2110 ἐποίησεν
3271 2037 3516 2110 ⁹1·.ζεκίας
3576 2038 3603 2092 ὁ
3646 2039 3814 2112 βασι-

2154 2120 2279 2185 λεὺς
2339 2121 2528 2195 ἐπειδὴ
2590 2128 2687 2189 τὰς
2748 2128 3031 2203 θεραπείας
3089 2134 3198 2185 τῶν
3280 2129 3604 2202 νοσημάτων
3666 2126 3817 2185 ἔνθεν

2154 2211 2525 2288 κομιζόμενος
2558 2215 2585 2269 6
2618 2213 2753 2280 λαὸς
2810 2217 3058 2294 περιώρα
3094 2218 3190 2280 τὰς
3228 2219 3399 2281 ἱάσεις
3445 2217 3611 2274 αἷτεῖν
3663 2218 3817 2292 παρὰ

2156 2305 2309 2358 Θεοῦ.
2345 2302 2447 2360 Καὶ
2505 2302 2846 2382 ἐμεγαλόνθη
2904 2306 3175 2381 Σολομῶν
3242 2310 3375 2385 ὑπὲρ
3424 2308 3625 2371 πάντας
3681 2308 3815 2371 τοὺς

2158 2390 2403 2468 βασιλεῖς
2435 2399 2536 2462 τῆς
2567 2401 2668 2470 γῆς
2713 2394 2942 2471 πλούτῳ
2992 2399 3081 2453 καὶ
3140 2401 3419 2477 φρονήσει·
3479 2398 3570 2454 καὶ
3618 2398 3820 2462 πάντες

2157 2481 2207 2535 οἱ
2254 2480 2497 2556 βασιλεῖς
2549 2480 2778 2556 ἒςήτουν
2850 2484 2983 2542 ἰδεῖν
3021 2488 3084 2542 τὸ
3148 2485 3446 2563 πρόσωπον
3508 2486 3670 2543 αὐτοῦ
3717 2487 3812 2543 καὶ

2155 2571 2389 2627 ἀποῦσαι
2418 2579 2519 2644 τῆς
2548 2581 2736 2652 φωνῆς
2767 2575 2954 2647 αὐτοῦ,
3011 2577 3102 2633 καὶ
3154 2578 3510 2654 παρεγίνοντο
3559 2579 3815 2657 φέροντες

381 2663 610 2726 ἕκαστος
652 2667 770 2720 κατ’
826 2663 1070 2719 ἐνιαυτὸν
1121 2661 1188 2717 τὰ
1233 2658 1384 2736 δῶρα
1440 2659 1637 2728 αὖνῶν,
1696 2659 2045 2736 σκεύηχρυσᾶ
2101 2660 2190 2715 καὶ
2250 2661 2551 2736 ἱματισμὸν
2618 2664 2709 2720 καὶ
2766 2662 3057 2740 ἡδύσματα
3113 2650 3465 2733 καὶνῖππους
3527 2650 3637 2723 καὶ·
3671 2669 3815 2741 ἡμι-

380 2753 562 2815 όνους.
624 2752 720 2810 Καὶ
777 2752 912 2823 ἦσαν
975 2751 1143 2806 αὐτοῦ
1203 2748 1363 2825 χίλια
1416 2748 1738 2823 τετρακόσιοι
1788 2750 2026 2823 ἅρματα,
2085 2748 2176 2804 καὶ
2235 2748 2396 2806 ἵπποι
2457 2752 2676 2824 θήλειαι
2735 2752 2961 2818 τοκάδες
3045 2753 3299 2837 χιλιάδες
3384 2757 3810 2833 τεσσαράκοντα,

377 2843 471 2897 καί
526 2843 693 2898 ἳπποι
753 2842 828 2904 εἷς
889 2842 1107 2917 ἅρματα
1167 2835 1419 2915 χιλιάδες
1477 2835 1709 2897 δώδεκα.
1764 2837 1861 2894 Καὶ
1919 2840 1986 2907 ἦν
2064 2838 2371 2914 ἡγούμενος
2449 2845 2557 2897 τῶν
2629 2842 2902 2920 βασιλέων
2955 2835 3174 2903 πάντων
3237 2846 3343 2903 ἀπὸ
3399 2851 3498 2903 τοῦ
3551 2845 3809 2920 ποταμοῦ

380 2934 464 3007 [Ρ.
499 2934 589 3006 95]
626 2930 911 3010 Εὗφράτου
948 2927 1054 2993 ἕως
1082 2936 1187 3006 γῆς
1216 2927 1554 3006 ἆλλοῳὺλων
1586 2927 1674 2982 καὶ
1702 2923 1807 2989 ἕως
1845 2930 1953 2981 τῶν
1989 2925 2156 3000 ὁρίων
2190 2927 2484 3004 Αἰγύπτου.

452 3025 534 3077 Ac
564 3022 770 3094 regina
802 3021 990 3090 Sabae,
1024 3038 1156 3092 qua)
1180 3037 1214 3074 a
1237 3020 1451 3075 Grmcis
1482 3018 1706 3091 Sibylla
1725 3018 1885 3073 dicta
1905 3017 2036 3083 fuit,

2223 3018 2327 3075 Καὶ
2362 3019 2653 3095 βασίλισσα
2689 3018 2862 3093 Σαϐᾶ,
2919 3025 3044 3095 ἣτις
3101 3023 3321 3104 ἐλέγετο
3379 3020 3632 3082 Σίϐυλλα
3672 3044 3807 3101 παρ’

387 3111 592 3168 audita
623 3111 754 3182 ejus
785 3110 944 3165 fama
973 3109 1383 3181 Hierosolyma
1414 3107 1672 3177 advenit,
1713 3112 1780 3163 ut
1824 3124 2043 3179 propo-

2155 3105 2445 3181 Ἓλλησιν,
2513 3109 2789 3168 ἀκούσασα
2853 3114 2917 3169 τὸ
2972 3114 3145 3189 ὄνομα
3229 3114 3414 3186 αὐτοῦ,
3506 3116 3672 3186 ἦλθεν
3731 3116 3811 3179 είς

387 3200 500 3255 sita
526 3201 855 3273 quaestione
887 3199 959 3255 de
982 3199 1278 3271 sapientia
1299 3198 1348 3269 ej
1360 3215 1427 3252 us
1442 3195 1773 3269 periculum
1800 3197 2043 3252 faceret.

384 3290 564 3346 Multa
585 3290 797 3345 cameli
824 3294 1089 3345 aromata
1106 3287 1423 3360 portabant
1444 3304 1511 3343 ac
1531 3286 1745 3342 eximia
1760 3286 2047 3342 multum-

386 3397 500 3452 que
534 3382 683 3436 167
722 3381 848 3436 auri
876 3387 934 3435 et
964 3395 1357 3453 gemmarum,
1385 3396 1454 3434 ac
1487 3393 1697 3451 magno
1722 3377 2043 3432 admodum

387 3487 523 3526 cum
556 3479 842 3543 apparatu
893 3470 1232 3526 accedebat.
1284 3472 1605 3541 Postquam
1656 3485 1855 3524 coram
1908 3484 2042 3523 cum

384 3560 699 3615 Solomone
719 3566 810 3616 est
835 3577 964 3630 qua:
989 3559 1405 3628 voluitlocuta,
1433 3559 1603 3630 isque
1628 3559 1677 3613 ei
1709 3557 1910 3615 omnia
1926 3574 2045 3613 ser-

382 3665 558 3705 mone
591 3649 920 3720 composito
955 3653 1012 3703 et
1059 3648 1503 3721 elegantissima
1550 3647 2042 3719 interpretatione

387 3735 679 3804 dissolvit,
713 3737 910 3791 denuo
942 3753 1078 3791 eum
1110 3737 1193 3791 sic
1226 3736 1488 3792 tentavit.
1521 3737 1836 3791 Formosos
1892 3751 2040 3806 pue-

383 3846 486 3887 ros
521 3834 577 3884 et
605 3829 894 3885 formosas
925 3828 1155 3901 puellas
1186 3827 1394 3883 eodem
1452 3827 1671 3883 vestitu
1721 3832 1779 3882 et
1828 3833 2042 3882 ornatu

386 3920 711 3975 instructos
742 3934 942 3973 coram
975 3935 1042 3973 eo
1077 3917 1404 3981 constituit,
1460 3917 1747 3988 petiitque
1779 3923 1844 3972 ut
1885 3917 2043 3971 inter

384 4025 593 4065 sexum
620 4009 1052 4063 internosceret
1073 4025 1085 4062 :
1102 4025 1240 4062 nam
1265 4014 1324 4061 et
1344 4006 1473 4078 ipsa
1492 4006 1712 4078 Sibylla
1725 4006 1799 4061 ob
1815 4006 2038 4079 ingenii

383 4115 489 4172 pro
500 4096 916 4169 mptitudinem
933 4097 1407 4169 sapientiamque
1431 4100 1484 4151 et
1503 4112 1700 4152 rerum
1716 4096 2040 4151 multarum

382 4189 658 4261 peritiam
691 4187 889 4260 magni
923 4193 1051 4243 erat
1079 4188 1363 4243 nominis.
1416 4189 1537 4242 Rex
1588 4204 1797 4243 omnes
1845 4186 2040 4242 lavare

378 4278 592 4335 faciem
615 4278 819 4350 jussit,
852 4278 1051 4349 itaque
1069 4277 1394 4333 discrimen
1420 4292 1593 4331 sexus
1625 4274 2037 4348 deprehendit,

2147 4094 2315 4147 τοῦσα
2372 4090 2554 4167 ἐκατέρ
2564 4113 2626 4147 ου
2681 4091 2873 4170 γένους

2147 4181 2248 4257 γὰρ
2278 4180 2370 4235 καὶ
2401 4180 2539 4249 αὐτὴ
2585 4183 2620 4250 ἡ
2656 4175 2906 4238 Σίϐυλλα
2961 4182 3097 4239 πάνυ
3151 4184 3235 4240 ἐπ’
3291 4185 3550 4263 ἀγχινοίᾳ
3604 4207 3663 4241 τε
3713 4185 3808 4241 καὶ

2154 3194 2524 3272 Ἰερουσαλὴμ
2570 3200 2825 3276 πειράσαι
2880 3202 3043 3259 αὐτὸν
3105 3203 3157 3259 ἐν
3213 3203 3521 3282 αἶ’νίγματι,
3579 3206 3669 3260 καὶ
3710 3205 3815 3260 κά-

2157 3283 2614 3361 μηλοιαῖρουσαι
2672 3286 2963 3363 ἡδύσματα
3016 3291 3204 3348 πολλὰ
3259 3295 3346 3350 καὶ
3407 3292 3652 3368 ἐξαίρετα
3717 3295 3813 3351 καὶ

2156 3376 2358 3450 χρυσὸν
2400 3375 2575 3433 πολὺν
2633 3379 2724 3433 καὶ
2784 3378 2974 3443 λίθους
3032 3382 3275 3456 τιμίους,
3325 3382 3418 3439 καὶ
3470 3382 3524 3439 έν
3584 3381 3813 3457 δυνάμει

2155 3463 2349 3540 βαρείᾳ
2414 3464 2639 3545 σφόδρα.
2703 3468 2806 3524 Καὶ
2866 3468 3190 3528 εἶ’σελοοῦσα
3282 3473 3419 3547 πρὸς
3477 3472 3657 3540 αὐτὸν,
3717 3474 3811 3529 καὶ

2154 3552 2442 3626 λαλήσασα
2474 3554 2621 3628 αὖτῷ
2661 3557 2836 3613 πάντα
2876 3558 2973 3614 ὅσα
3011 3562 3076 3630 ἦν
3134 3559 3187 3616 ἐν
3242 3565 3310 3636 τῇ
3369 3559 3563 3637 καρδίᾳ
3613 3562 3811 3632 αὐτῆς,

2150 3642 2241 3697 καὶ
2297 3645 2471 3699 πάντα
2528 3641 2771 3701 διέλυσεν
2832 3645 2969 3721 αὐτῇ
3027 3647 3079 3703 ἐν
3166 3649 3404 3721 συντάξει
3459 3649 3644 3728 λόγων
3714 3651 3810 3706 καὶ

2152 3732 2414 3807 ἑρμηνείᾳ
2465 3733 2770 3809 λεπτοτάτῃ
2834 3736 2901 3793 ²⁵.
2951 3737 3013 3794 Ἡ
3074 3735 3133 3793 δὲ
3188 3737 3484 3812 προσέθετο
3537 3743 3636 3795 τοῦ
3690 3760 3817 3794 πει-

2152 3823 2309 3898 ράσαι
2370 3821 2528 3877 αὐτὸν
2584 3823 2673 3880 καὶ
2729 3821 2784 3879 ἐν
2838 3825 3040 3898 τούτῳ.
3100 3825 3385 3889 Εὖόπτους
3452 3828 3553 3904 γὰρ
3610 3826 3816 3892 παῖδας

2151 3910 2373 3989 ἄῤῥενάς
2403 3933 2462 3967 τε
2492 3911 2581 3967 καὶ
2623 3912 2847 3984 θηλείας
2883 3915 3236 3991 ὁμοιοτρόπῳ
3268 3917 3439 3993 στολῇ
3496 3917 3586 3973 καὶ
3634 3924 3809 3994 κουρᾷ

2148 4005 2216 4077 τῇ
2278 4001 2412 4076 αὐτῇ
2472 4000 3000 4079 περικαλλωπίσατα
3057 4008 3389 4079 παρέστησεν
3473 4006 3640 4081 αὐτῷ,
3706 4014 3807 4078 ζη-

2957 4091 3224 4170 διάκρισιν
3305 4099 3657 4168 ποιήσασθαυ
3735 4099 3805 4167 ἦν

2151 4270 2312 4347 σοφίᾳ
2341 4270 2432 4325 καὶ
2488 4268 2823 4346 πολυπειρία
2879 4267 3196 4344 διαϐόητος.
3254 4275 3344 4338 Ὡς
3399 4271 3515 4330 δὲὸ
3549 4274 3808 4349 βασιλεὺς

379 4384 516 4424 cum
548 4384 742 4423 mares
772 4367 1007 4423 fortiter
1035 4373 1212 4438 atque
1246 4365 1437 4421 valide
1479 4365 1662 4421 facies
1717 4370 2036 4437 tergerent,

2153 4358 2407 4435 νίψασθαι
2435 4360 2651 4422 τούτοις
2682 4360 2976 4437 προσέταξε
3019 4362 3083 4418 τὸ
3135 4365 3452 4441 πρόσωπον,
3500 4365 3597 4435 τὴν
3652 4364 3813 4442 φύσιν

381 4455 639 4512 femella)
672 4456 960 4512 teneriter
988 4461 1046 4511 et
1077 4455 1305 4511 timide.
1340 4456 1544 4525 Itaque
1575 4454 1779 4527 regina
1802 4455 2046 4510 omnino

386 4545 716 4618 stupefacta
737 4551 978 4617 propter
1009 4562 1077 4601 ea
1105 4563 1236 4617 quae
1268 4544 1340 4601 ab
1382 4545 1510 4616 ipso
1539 4549 1598 4598 et
1651 4544 1778 4615 ejus
1821 4543 2049 4600 familia

386 4639 490 4691 eta
511 4635 707 4707 seipsa
728 4635 1270 4703 erantfacta,dixit:
1296 4659 1315 4681 κ
1347 4634 1529 4688 Verus
1550 4636 1639 4687 est
1657 4648 1852 4688 sermo
1869 4650 2044 4705 quem

383 4724 450 4778 in
480 4728 640 4779 terra
668 4741 803 4779 mea
832 4723 1053 4789 audivi,
1088 4722 1324 4779 tametsi
1358 4722 1506 4777 mihi
1539 4739 1613 4777 ne
1645 4722 1893 4779 dimidia
1923 4724 2048 4795 qui-

384 4813 520 4869 dem
553 4831 688 4885 pars
720 4816 1064 4870 renuntiata
1094 4813 1243 4868 fuit:
1288 4811 1475 4868 multo
1509 4812 1672 4867 enim
1723 4812 1896 4884 plura
1928 4812 2045 4868 vidi

456 4912 501 4947 εε
531 4913 606 4968 III
636 4914 775 4985 Reg.
808 4931 880 4982 ιν,
910 4914 999 4984 30,
1032 4915 1119 4980 32,
1155 4915 1242 4968 33.

2157 4449 2426 4526 ἑκατέρων
2486 4446 2767 4527 διέγνωκε,
2807 4456 2917 4507 τῶν
2979 4453 3074 4526 μὲν
3135 4453 3369 4531 ἆῤῥένων
3427 4455 3661 4518 εὐτόνως
3719 4455 3813 4512 καὶ

2158 4535 2425 4614 ἀνδρικῶς
2464 4538 2559 4601 τᾶς
2616 4538 2769 4614 ὄψεις
2813 4544 3268 4620 καταψυχόντων,
3317 4549 3426 4601 τῶν
3468 4542 3525 4601 δὲ
3572 4543 3814 4618 θηλειῶν

2158 4626 2382 4690 ἁπαλῶς
2422 4628 2510 4682 καὶ
2543 4627 2948 4703 ἀπειρημένως.
2977 4631 3065 4686 Ὠς
3122 4633 3222 4702 τήν
3276 4632 3598 4709 βασίλισσαν
3647 4655 3813 4689 κατα-

2155 4717 2457 4795 πλαγεῖσαν
2490 4717 2630 4772 πάνυ
2661 4711 2721 4773 ἔκ
2751 4739 2809 4774 τε
2837 4723 2947 4774 τῶν
2980 4719 3146 4776 αὐτοῦ
3175 4722 3266 4777 καὶ
3313 4727 3424 4777 τῶν
3473 4724 3594 4795 περὶ
3648 4724 3813 4779 αὐτὸν

2155 4807 2245 4863 καὶ
2281 4806 2330 4877 ἐξ
2362 4807 2556 4877 ἑαυτῆς
2625 4807 2934 4883 γενομένων
2994 4810 3186 4867 εἰπεῖν’
3233 4837 3261 4865 ‹‹
3299 4810 3543 4884 Ἀλῃοὴς
3577 4813 3603 4867 6
3637 4814 3814 4891 Λόγος

1592 4984 1957 5039 XYLANDBI
1995 4984 2082 5037 ET
2122 4980 2342 5037 GOARI
2381 4980 2604 5034 NOTAE.

460 5074 571 5146 (86)
605 5074 667 5131 '0
699 5073 901 5149 Τύριος
930 5073 1354 5149 mendoseprp
1388 5070 1415 5125 ὁ
1450 5069 1696 5149 Κρριοςγε
1720 5089 1862 5149 imm
1909 5073 2044 5149 sig:

388 5143 624 5218 phanus
657 5143 907 5203 testatur
935 5146 1164 5218 gentile
1187 5145 1261 5199 ab
1303 5144 1445 5215 Syro
1480 5143 1607 5199 fieri
1659 5143 1877 5218 Σόριος,
1929 5143 2047 5218 nisi

387 5215 571 5273 codex
606 5221 797 5285 fallit;
832 5215 991 5289 quod
1024 5217 1270 5271 minime
1302 5222 1465 5287 puto,
1500 5233 1633 5271 cum
1668 5216 1752 5289 sic
1782 5223 1840 5270 et
1890 5215 2049 5288 apud

388 5287 1035 5361 Diogenemlaertium
1069 5289 1316 5361 legatur.
1344 5295 1403 5342 et
1432 5289 1689 5344 insulam
1714 5287 2049 5361 SyronHo-

389 5359 591 5432 merus
618 5364 660 5417 Ο
692 5364 877 5432 Odyss.
913 5378 1084 5417 versu
1129 5359 1224 5414 401
1280 5360 1507 5429 Syriam
1557 5359 1838 5432 appellet,
1887 5360 2049 5432 Stra-

388 5430 962 5504 bonisropini'onem
1014 5432 1093 5486 ibi
1150 5432 1456 5486 Eustathio
1497 5438 1555 5485 et
1582 5432 1646 5504 in
1704 5430 2051 5504 Dionysium

391 5501 777 5572 approbante.
812 5504 1002 5561 Latini
1034 5505 1241 5575 Syrum
1282 5508 1495 5557 vocant
1532 5501 1955 5571 Pherecydem,
1988 5508 2054 5557 ut

389 5573 513 5647 Cic.
544 5591 561 5628 ι
598 5577 750 5633 Tusc.
784 5577 883 5632 ubi
917 5592 1051 5631 eum
1085 5580 1371 5647 regnante
1406 5574 1603 5629 Servio
1624 5574 1825 5647 Tullio
1869 5573 2052 5647 fuisse

392 5646 495 5718 ait,
525 5648 701 5702 annis
730 5649 1011 5704 nimirum
1044 5645 1179 5718 post
1207 5647 1590 5701 Solomonem
1623 5645 1781 5718 haud
1814 5646 2055 5718 paucioc

389 5716 555 5791 ribus
585 5719 709 5776 400.
742 5722 920 5791 Syrus
957 5716 1154 5791 insula
1184 5723 1272 5773 est
1326 5735 1453 5791 una
1494 5717 1836 5791 Cycladum,
1888 5717 2051 5791 Delo,

390 5788 651 5847 Rhenaaa
687 5796 744 5849 et
784 5788 1039 5865 Mycono
1088 5790 1305 5846 cincta.
1359 5790 1499 5846 Vide
1545 5788 1896 5848 Strabonem
1944 5788 2055 5846 sub

2158 5070 2334 5144 ﬁnem
2355 5068 2607 5144 decimi.
2644 5070 2731 5125 Ibi
2753 5070 3126 5144 Pherecydes
3145 5072 3172 5127 6
3201 5069 3400 5136 Βάϐιος
3424 5075 3734 5141 dicitur,ut
3757 5081 3821 5132 et

2158 5141 2317 5214 apud
2348 5140 2635 5215 Suidam_:
2662 5143 2822 5215 apud
2860 5140 3227 5201 Eustathium
3259 5148 3318 5201 in
3347 5148 3583 5203 Homeri
3618 5140 3818 5203 lecum

2159 5206 2403 5300 citatum
2448 5206 3011 5300 Ιξαϐυλώνίος,“ειρμ(ι
3041 5218 3394 5300 Laerlium_t
3434 5220 3656 5300 innVita
3687 5220 3820 5300 ejus

2160 5286 2389 5363 Βάὸυος,
2422 5290 2493 5363 ut
2515 5293 2799 5363 appareat
2829 5286 3028 5363 Badyn
3058 5298 3287 5361 patrem
3316 5292 3445 5363 ejus
3503 5286 3734 5355 fuisse;
3759 5297 3822 5346 et

2161 5356 2569 5435 emendandos
2601 5374 2671 5435 ei;
2704 5359 2821 5435 hoc
2844 5356 3128 5435 reliquos,
3165 5356 3639 5435 i’ulgo'obtinuit
3678 5378 3820 5417 eum

2162 5428 2423 5510 exSyria
2445 5428 2766 5510 oriundum
2797 5428 3001 5510 fuisse,
3031 5434 3216 5489 nobili
3246 5428 3819 5510 illa‘adEuphratem

2160 5501 2314 5583 Asiae
2337 5501 3407 5583 regione.Quambpinio‘nemauxitB.
3426 5501 3821 5583 Augustinus,

2162 5576 2473 5654 Assyrium
2488 5586 2622 5654 eum
2642 5576 3821 5654 nominans,3_a_d.Velusianum'epistola,

2164 5650 2234 5725 et_
2254 5643 2495 5725 quidem
2525 5644 2857 5725 Assyrium
2871 5646 3091 5725 Virgilii
3115 5665 3183 5704 ex
3204 5649 3472 5725 Pollione
3488 5643 3824 5718 am'omum,

2164 5714 2239 5794 ad
2269 5714 2399 5794 ejus
2430 5714 2502 5769 de
2536 5714 2999 5794 immortalitate
3017 5719 3484 5794 disputationem
3506 5714 3822 5794 torquens;

2161 5785 2313 5843 Nam
2335 5785 2373 5842 1.
2406 5802 2465 5842 ιιι
2494 5793 2689 5844 contra
2708 5788 2875 5846 Acad.
2909 5785 3187 5849 eumdem
3218 5792 3431 5868 Syrum
3455 5785 3642 5852 vocat'.
3675 5792 3824 5851 ΧΠ..
