4142 6440
295 342 395 408 tot
1450 327 1995 408 uisroauauii
2039 326 2587 406 communium.

3606 326 3725 405 202

299 481 355 535 ὃν
380 478 589 551 ἤκουσα
619 479 675 536 ἂν
712 483 786 555 τῇ
818 484 894 556 γῇ
928 502 1055 556 μου,
1095 481 1182 537 καὶ
1216 482 1320 536 οὐκ
1346 476 1460 536 ἔστι
1500 480 1563 536 τὸ
1615 479 1789 551 ἣμισυ
1831 477 1960 532 καθ-

2091 493 2256 550 Ῑιιειηι
2286 476 2715 535 inaudiveram.
2748 478 2973 534 Felices
3022 478 3286 551 profecto
3337 480 3616 535 mulieres
3672 482 3733 536 et

310 571 381 633 ὼς
437 567 723 646 ἀπηγγέλη
800 591 921 644 μοι’
1004 568 1227 627 πλείονα
1312 570 1418 647 γὰρ
1475 567 1691 645 ἑώρακα
1748 567 1881 633 ὑπὲρ
1932 563 1968 621 ἄ

310 659 532 732 ἤκουσα.
576 658 857 735 Μακάριαι
919 665 1050 736 γοῦν
1106 662 1161 716 αἱ
1210 666 1457 737 γυναῖκες
1516 659 1607 715 καὶ
1664 658 1721 713 οἱ
1777 653 1966 717 παῖδὲς

312 770 425 817 σο),
457 750 511 803 οἱ
540 748 949 825 παρεστηκότες
977 750 1127 805 οὗτοι
1177 748 1407 805 ἐνὼπιόν
1450 770 1546 804 σου
1593 747 1686 803 καί
1745 745 1969 802 ἀκούον-

309 859 395 901 τες
424 838 553 902 τοὺς
610 837 818 917 λόγους
873 846 974 909 τῆς
1030 840 1345 918 φρονήσεώς
1405 860 1522 896 σου.
1561 862 1589 890 »
1648 837 1746 894 Καὶ
1804 832 1968 890 δοῦσα

312 929 461 1003 αὖτῷ
491 928 727 1008 χρυσίου
756 928 999 985 τάλαντα
1055 930 1243 985 ἑκατὸν
1303 926 1476 984 ενκοσι
1530 927 1622 983 καὶ
1679 924 1969 999 ἡδύσματα

312 1017 501 1076 πολλὰ
528 1016 619 1073 καὶ
651 1017 844 1081 λίθους
883 1018 1105 1093 τιμίους
1153 1018 1245 1073 καὶ
1294 1016 1361 1089 δὴ
1393 1017 1484 1074 καὶ
1531 1018 1634 1086 τὴν
1679 1018 1776 1071 τοῦ
1832 1014 1969 1069 ὀπο-

310 1101 603 1180 6σλσᾶμου
636 1107 812 1182 ῥίζαν,
843 1107 937 1184 ἀφ’
978 1105 1043 1163 οὗ
1097 1109 1133 1177 ἡ
1187 1104 1527 1179 Παλαιστίνη
1575 1109 1738 1162 τοῦτο
1790 1104 1969 1181 γεώρ-

307 1218 427 1271 γιον
465 1191 649 1272 ἔσχεν,
681 1194 757 1260 ὥς
801 1217 967 1275 φησιν
1022 1198 1316 1267 Ἰώσηπος,
1367 1196 1694 1272 ὑπέστρεψεν
1741 1193 1818 1257 είς
1866 1195 1966 1262 τὴν

310 1292 414 1360 γῆν
465 1286 638 1351 αὐτῆς
696 1284 1254 1360 ὗπερεκπληττομένη
1297 1284 1444 1344 λίαν.
1505 1285 1636 1362 Περὶ
1689 1285 1759 1354 ἧς
1815 1283 1909 1339 καί
1939 1284 1968 1339 ὁ

314 1374 515 1450 Κύριος
545 1368 674 1452 ἔφη*
708 1401 734 1428 ιι
774 1374 1071 1433 Βασίλισσα
1098 1376 1280 1432 Νότου
1308 1374 1475 1445 ἦλθεν
1535 1374 1594 1430 ἐκ
1642 1379 1751 1429 τῶν
1802 1375 1967 1449 περᾱισ

308 1484 414 1520 των
440 1471 546 1534 τῆς
576 1471 686 1540 γῆς
716 1463 849 1521 ἰδεῖν
890 1466 991 1536 τήν
1061 1464 1254 1540 σοφίαν
1315 1464 1701 1537 Σολομῶντος.
1736 1490 1763 1516 ››
1823 1462 1969 1540 Πρὸς

308 1552 368 1608 δν
404 1552 597 1626 μέντοι
628 1554 717 1609 καὶ
754 1555 935 1630 Σιρᾶιχ
968 1552 998 1610 ὁ
1030 1554 1348 1629 σοφώτατος
1383 1547 1557 1629 ἔλεγε’
1610 1576 1639 1605 ‹‹
1671 1540 1969 1626 Σολομῶν,

306 1640 603 1720 ἰσοφίσθης
634 1641 688 1697 ἐν
716 1642 928 1714 νεότητί
963 1663 1082 1713 σου,
1108 1642 1199 1698 καὶ
1258 1641 1605 1714 ἑνεπλήσθης
1663 1641 1739 1704 ὦς
1798 1661 1972 1697 ποτα-

308 1731 410 1804 μὸς
472 1731 755 1797 συνέσεως.
815 1738 925 1802 Γῆν
1004 1730 1339 1807 ἐπεκάλυψεν
1394 1733 1430 1802 ἡ
1492 1731 1653 1811 σοφία
1703 1751 1822 1801 σου,
1880 1729 1970 1784 καὶ

308 1818 618 1890 ἰνέπλησας
675 1820 729 1875 ὲν
788 1817 1136 1897 παραϐολαῖς
1187 1820 1547 1897 αίνιγμάτων.
1607 1820 1704 1882 Είς
1770 1822 1971 1891 νήσους

305 1907 500 1985 πόῤῥω
529 1911 623 1965 καὶ
660 1912 871 1985 μακράς
918 1910 1108 1987 χώρας
1141 1909 1361 1967 ἀφίκετό
1420 1931 1518 1966 σου
1569 1910 1632 1966 τὸ
1688 1909 1975 1985 μνημόσυ-

308 2021 425 2069 νον,
456 2000 551 2055 καὶ
582 2002 881 2075 ἠγαπήθης
915 2000 971 2055 ἐν
999 2003 1068 2074 τῇ
1120 2000 1311 2077 sipisim
1368 2021 1487 2071 σου,
1533 2000 1600 2070 ἢν
1645 2000 1974 2056 κατέπαυσεν

323 2090 352 2144 ὃ
378 2089 511 2151 Θεὸς
539 2087 830 2154 κυκλόθεν.
865 2091 969 2146 Καὶ
1004 2086 1173 2163 ᾠδαῖς
1210 2090 1301 2145 καί
1357 2089 1680 2167 παροιμίαις
1726 2088 1815 2144 καὶ
1872 2108 1979 2144 πα-

341 2172 595 2253 ραϐολαῖς
638 2178 1094 2253 Ξθαυμαστώθης.
1154 2179 1253 2234 Καὶ
1312 2181 1613 2256 συνήγαγες
1667 2178 1742 2241 ὡς
1796 2177 1979 2235 κασσί-

337 2285 490 2341 τερον
513 2268 572 2322 τὸ
600 2270 849 2343 χρυσίον,
883 2267 971 2324 καὶ
1003 2268 1077 2331 ὡς
1128 2263 1396 2342 μόλιϐδον
1455 2267 1766 2341 ἑπλήθυνας
1815 2266 1976 2345 ἄργυ-

331 2373 442 2427 ρον.
505 2352 674 2411 Ἀλλὰ
721 2354 1054 2432 παρίκλινας
1109 2356 1206 2420 τὰς
1288 2354 1524 2430 λαγόνας
1596 2376 1693 2411 σου
1742 2355 1972 2430 γυναιξὶ,

332 2442 421 2498 διαὲ
472 2442 882 2516 ἂεξουσιᾶσθης
935 2445 991 2500 ἐν
1046 2448 1126 2517 τῷ
1183 2444 1397 2518 σώματί
1445 2467 1563 2516 σου,
1616 2446 1706 2501 καὶ
1764 2441 1975 2507 ἔδωκας

313 2541 513 2609 μῶμον
543 2536 600 2591 ἐν
627 2540 699 2611 τῇ
733 2535 864 2611 δόξῃ
927 2557 1049 2606 σου,
1090 2536 1181 2592 καὶ
1238 2531 1592 2607 ἐϐεϐήλωσας
1649 2534 1715 2591 τὸ
1762 2533 1978 2610 σπέρμα

316 2644 436 2695 σου,
470 2624 765 2701 ἐπαγαγεῖν
812 2624 980 2701 ὀργὴν
1035 2624 1125 2681 ἐπὶ
1171 2626 1239 2681 τὰ
1293 2624 1450 2680 τέκνα
1508 2645 1626 2681 σου.
1660 2648 1689 2677 ››
1730 2623 1806 2682 Οὐ
1867 2625 1977 2696 μὴν

318 2725 376 2783 δὶ
406 2722 559 2782 ἀλλὰ
587 2723 680 2779 καὶ
710 2722 873 2788 αὐτὸς
902 2719 973 2777 δι’
999 2722 1189 2778 ἑαυτοῦ
1247 2721 1548 2803 σαφὲστατα
1595 2720 1719 2798 περὶ
1767 2722 1854 2795 [Ρ.
1885 2720 1979 2792 96]

316 2823 419 2886 τῆς
460 2812 605 2875 ἰδίας
636 2812 829 2890 σοφίας
864 2811 956 2867 καὶ
987 2816 1084 2866 τοῦ
1114 2809 1360 2868 πλούτου
1400 2811 1587 2889 φησίν·
1649 2835 1677 2863 ‹‹
1710 2808 1873 2883 Ἐμοὶ
1923 2805 1981 2864 δὲ

318 2904 437 2980 δῴη
490 2904 519 2959 ὁ
576 2904 708 2964 Θεὸς
766 2904 906 2959 κατὰ
955 2901 1179 2978 γνώμην
1240 2900 1408 2957 εἰπεῖν
1460 2901 1552 2956 καὶ
1610 2898 1981 2973 ἐνθυμηθῆναι

314 2995 484 3066 ἀξίως
512 2998 623 3049 τῶν
658 2993 997 3067 λεγομὲνων,
1057 2990 1139 3046 ὅτι
1198 2990 1360 3053 αὐτὸς
1408 2991 1438 3046 ὁ
1475 2989 1674 3065 Κύριος
1732 2989 1821 3044 καὶ
1880 2995 1982 3059 τῆς

315 3083 512 3162 σοφίας
545 3078 747 3154 όδηγός
774 3079 891 3135 ἐστι
929 3078 1022 3135 καὶ
1078 3083 1188 3135 τῶν
1246 3082 1429 3156 σοφῶν
1498 3076 1829 3153 διορθωτής.
1889 3077 1981 3134 Ἐν

2078 572 2244 643 pueri
2278 572 2378 643 qui
2411 586 2611 627 coram
2641 575 2700 626 te
2733 576 2928 626 astant
2958 575 3206 641 tuosque
3259 570 3558 642 sapientes
3604 587 3735 627 sero

2078 676 2288 716 mones
2310 659 2642 717 audiunt“.
2667 681 2695 711 »
2720 659 2973 715 Proinde
2996 677 3129 716 cum
3145 659 3523 715 Salomonem
3542 664 3643 715 120
3657 665 3739 715 ta-

2080 749 2260 806 lentis
2289 751 2440 819 auri,
2474 749 2676 807 multis
2704 749 3071 805 aromatibus
3093 755 3270 821 atque
3300 750 3573 823 gemmis,
3596 765 3739 805 nec—

2080 856 2200 895 non
2215 826 2582 911 opobalsami
2603 840 2801 896 radice
2823 839 3128 905 donasset,
3155 839 3312 895 unde
3336 856 3467 896 eam
3488 840 3737 911 stirpem

2079 930 2143 987 in
2174 932 2493 988 Palaestina
2523 931 2834 1004 prepagari
2887 936 3138 1003 emptam
3185 930 3483 1003 Josephus
3526 928 3732 995 refert,

2082 1023 2309 1096 ingenti
2337 1022 2733 1079 admiratione
2756 1022 3031 1093 perculsa
3047 1022 3291 1077 domum
3316 1020 3603 1077 rediit.De
3624 1021 3738 1076 hac

2081 1114 2260 1168 etiam
2292 1111 2580 1168 Dominus
2610 1110 2758 1165 dixit
2782 1108 2832 1144 ⁵⁷
2861 1110 2933 1166 ab
2968 1111 3248 1166 extremis
3286 1117 3461 1165 terras
3516 1109 3738 1166 finibus

2081 1201 2412 1258 austrinam
2442 1200 2675 1256 venisse
2706 1200 2995 1273 reginam,
3040 1205 3107 1255 ut
3154 1200 3509 1272 sapientiam
3568 1199 3735 1254 Solo-

2081 1292 2279 1347 monis
2336 1294 2626 1346 cerneret.
2689 1291 2760 1345 Et
2820 1288 3094 1345 Sirachus
3150 1288 3599 1361 sapientissime
3654 1287 3739 1344 ita

2084 1397 2220 1437 eum
2247 1379 2575 1451 alloquitur
2602 1376 2688 1433 '3:
2725 1401 2752 1430 ιι
2784 1380 2828 1435 Ο
2862 1379 3164 1443 Solomon,
3198 1379 3260 1434 in
3292 1380 3603 1451 juventute
3635 1383 3740 1433 tua

2084 1470 2322 1542 sapiens
2353 1469 2542 1525 factus
2567 1485 2652 1537 es,
2684 1474 2860 1539 atque
2894 1468 3089 1524 amnis
3119 1469 3311 1524 instar
3349 1467 3598 1523 scientia
3625 1467 3741 1521 im-

2082 1559 2298 1631 pletus.
2331 1559 2634 1630 Sapientia
2657 1563 2759 1614 tua
2788 1564 3011 1614 terram
3042 1558 3467 1629 texit,eamque
3496 1556 3747 1629 parabo-

2084 1647 2159 1703 lis
2191 1648 2242 1703 ei
2272 1646 2594 1703 subtilibus
2627 1647 3057 1719 quaastionibus
3089 1647 3412 1718 replevisti.
3454 1643 3648 1719 Longe
3678 1647 3743 1701 in

2086 1738 2316 1794 insulas
2349 1742 2406 1793 et
2438 1743 2698 1793 remotas
2729 1743 2916 1793 terras
2943 1743 3045 1794 tua
3097 1738 3388 1794 memoria
3436 1736 3743 1809 pervenit:

2003 1820 2049 1886 Β
2083 1829 2418 1900 charusque
2450 1827 2613 1883 fuisti
2649 1828 2711 1883 in
2757 1828 2957 1899 quiete
3014 1833 3134 1895 tua,
3185 1827 3466 1883 divinitus
3518 1825 3744 1900 paratis

2085 1920 2309 1977 circum
2330 1923 2387 1974 te
2409 1917 2774 1991 regionibus.
2809 1918 3087 1974 Carmina
3118 1923 3235 1985 tua,
3273 1916 3523 1972 dicteria
3551 1920 3610 1971 et
3639 1931 3741 1987 pa-

2082 2008 2303 2065 rabolae
2334 2006 2791 2064 admirationem
2826 2008 2911 2062 tui
2939 2008 3291 2063 excitarunt.
3320 2008 3546 2061 Aurum
3573 2005 3739 2076 cupri

2086 2099 2274 2154 instar
2302 2096 2615 2170 collegisti,
2648 2112 2716 2151 ac
2749 2102 3058 2169 argentum
3085 2113 3155 2152 ea
3184 2096 3355 2168 copia
3383 2112 3451 2152 ac
3469 2095 3518 2150 si
3543 2094 3742 2167 plum-

2085 2188 2227 2244 bum
2259 2192 2436 2244 esset.
2468 2186 2778 2241 Enimvero
2810 2185 2999 2241 lumbi
3040 2186 3126 2241 tui
3168 2184 3524 2242 mulieribus
3556 2183 3741 2240 dediti

2085 2279 2346 2344 fuerunt,
2382 2283 2604 2349 tuoque
2638 2292 2700 2332 es
2731 2276 2951 2333 abusus
2980 2293 3249 2349 corpore.
3301 2277 3492 2343 Quare
3539 2272 3743 2349 gloriae

2086 2374 2201 2424 tuae
2233 2368 2526 2424 maculam
2563 2367 2899 2435 innussisti,
2930 2371 3214 2438 tuamque
3238 2365 3581 2439 progeniem
3605 2380 3742 2420 con-

2087 2457 2414 2525 taminasti,
2440 2456 2778 2528 iratumque
2809 2456 2963 2528 proli
2998 2462 3112 2511 tum
3145 2457 3330 2511 Deum
3353 2454 3688 2510 reddidisti.
3716 2476 3745 2503 n

2086 2550 2168 2602 Ac
2199 2547 2326 2618 ipse
2358 2545 2599 2617 quidem
2632 2546 2756 2601 suis
2776 2545 2968 2601 verbis
2991 2545 3364 2617 apertissime
3391 2543 3748 2616 sapientiam

2086 2635 2441 2706 divitiasque
2465 2650 2602 2691 suas
2628 2634 2931 2706 prmdicat.
2949 2656 2976 2683 «
2994 2634 3155 2699 Mihi,
3179 2634 3442 2701 ait,Deus
3459 2631 3746 2705 largiatur

2087 2731 2153 2781 ut
2182 2730 2342 2779 recte
2373 2724 2623 2797 cogitem
2651 2729 2830 2794 atque
2862 2722 3109 2793 eloquar
3138 2738 3270 2793 qum
3287 2719 3586 2777 dicuntur.
3615 2721 3748 2792 Ipse

2087 2814 2249 2869 enim
2283 2814 2567 2869 Dominus
2600 2818 2658 2868 et
2708 2812 3000 2868 saoientia
3041 2810 3163 2866 dux
3210 2816 3300 2867 est
3350 2817 3405 2866 st
3447 2810 3748 2882 sapientes

2087 2904 2326 2977 dirigit:
2356 2904 2574 2976 quippe
2602 2904 2665 2959 in
2698 2919 2879 2959 manu
2901 2903 3032 2975 ejus
3052 2907 3111 2958 et
3131 2919 3241 2959 nos
3265 2918 3471 2959 sumus
3495 2907 3549 2958 et
3570 2902 3746 2958 ratio-

2088 3010 2194 3049 nes
2226 2998 2465 3048 nostraz.
2499 2994 2631 3065 Ipse
2662 2992 2823 3048 enim
2857 2991 3000 3048 mihi
3025 3008 3222 3048 veram
3254 3008 3453 3048 rerum
3469 2991 3750 3065 cognitio-

2087 3099 2248 3151 nem,
2282 3080 2466 3149 dedit,
2496 3086 2561 3138 ut
2591 3083 2805 3137 scirem
2831 3081 3038 3138 mundi
3067 3081 3397 3151 exordium,
3420 3082 3751 3143 elemento-

309 3174 419 3250 γὰρ
446 3170 599 3248 χειρὶ
620 3170 789 3227 αὑτοῦ
818 3169 908 3225 καὶ
940 3174 1107 3242 ἡμεῖς
1134 3168 1225 3223 καὶ
1258 3168 1309 3223 οἱ
1341 3165 1499 3242 λόγοι
1557 3169 1742 3241 ἡμῶν.
1804 3166 1977 3228 Αὐτὸς

2092 3188 2226 3228 rum
2257 3173 2547 3237 actiones,
2578 3172 2963 3244 principium,
3008 3173 3190 3227 finem
3223 3177 3281 3227 et
3309 3170 3576 3226 medium
3602 3176 3752 3225 tem-

310 3263 418 3340 γάρ
469 3282 566 3336 μοι
626 3257 829 3316 δέδωκε
891 3262 1000 3314 τῶν
1066 3253 1236 3313 ὄντων
1295 3258 1394 3327 τὴν
1449 3260 1648 3333 γνῶσιν
1702 3252 1975 3331 ἀψευδῶς,

314 3350 517 3408 εἱδὲναι
577 3348 830 3405 σύστασιν
887 3352 990 3404 τοῦ
1044 3347 1259 3421 κόσμου
1334 3346 1426 3401 καὶ
1478 3345 1749 3421 ἐνεργείας
1833 3365 1979 3401 στοι-

316 3441 514 3518 χείων,
546 3439 729 3514 ἀρχήν
758 3437 851 3493 καὶ
882 3435 1042 3499 τέλος
1072 3433 1162 3491 καί
1196 3434 1469 3509 μεσότητα
1517 3434 1757 3510 χρόνων,
1802 3431 1975 3489 ἐνιαυ-

309 3536 423 3586 τῶν
455 3526 696 3590 κύκλους
744 3526 837 3582 καὶ
894 3524 1134 3600 ἀστέρων
1191 3524 1388 3591 θέσεις,
1446 3523 1633 3604 φύσεις
1671 3522 1825 3593 ζώων
1882 3522 1976 3577 καὶ

313 3619 526 3691 θυμοὺς
576 3619 805 3690 θηρίων,
859 3616 1183 3687 πνευμάτων
1249 3614 1375 3690 βίας
1428 3615 1517 3669 καὶ
1580 3610 1976 3689 διαλογισμοὺς

313 3707 642 3782 ἀνθρώπων,
674 3702 937 3783 διαφορὰς
960 3707 1141 3783 φυτῶν
1173 3703 1265 3757 καὶ
1325 3699 1584 3777 δυνάμεις
1634 3701 1820 3778 ῥιζῶν,
1877 3701 1977 3756 ’ὀσα

310 3797 375 3853 τί
404 3797 514 3853 ἰστι
548 3795 763 3871 κρυπτᾶ
809 3793 904 3849 καὶ
960 3790 1176 3872 ἐμφανῆ
1235 3785 1432 3870 ἔγνων.
1490 3792 1553 3849 Ὀ
1604 3792 1708 3865 γὰρ
1765 3792 1979 3846 πάντων

312 3886 580 3966 τεχνίτης
610 3880 821 3957 ἐδίδαξὲ
854 3903 921 3957 με
979 3881 1188 3956 σοφίαν.
1250 3884 1352 3938 Καὶ
1406 3880 1515 3957 ἐγὼ
1573 3880 1977 3951 ἓκκλησιαστής

313 3976 592 4054 ἐγενόμην
649 3971 911 4050 βασιλεὺς
969 3971 1193 4048 Ἰσραὴλ
1276 3969 1332 4027 ἐν
1416 3969 1807 4044 Ἰερουσαλὴμ,
1886 3969 1978 4025 καὶ

314 4064 503 4123 ἔδωκα
528 4065 629 4135 τὴν
659 4060 887 4141 καρδίαν
943 4082 1048 4136 μου
1092 4063 1189 4118 τοῦ
1235 4059 1532 4132 ἐκζητῆσαι
1580 4060 1670 4116 καὶ
1718 4058 1980 4116 κατασκέ-

313 4157 520 4232 ψασθαι
577 4153 631 4210 ιν
683 4158 754 4228 τῇ
812 4152 979 4229 σοφίᾳ
1034 4151 1156 4226 περῖ
1214 4155 1323 4206 τῶν
1381 4149 1687 4228 γενομένων
1759 4150 1980 4207 πάντων

317 4246 431 4301 ὑπὸ
465 4244 561 4300 τὸν
603 4242 857 4319 οὐρανόν.
915 4239 1017 4298 Καὶ
1081 4238 1201 4296 ἰδοὺ
1262 4238 1374 4317 ἐγὼ
1431 4238 1834 4318 ἑμεγαλύνθην,
1891 4240 1982 4294 καὶ

311 4332 637 4413 προσέθηκα
665 4330 857 4411 σοφίαν
908 4328 996 4385 ἐπὶ
1054 4335 1216 4385 πᾶσιν
1275 4328 1329 4384 οἳ
1383 4328 1633 4405 ἐγένοντο
1682 4323 1983 4405 ἔμπροσθέν

316 4446 433 4499 μου
463 4422 520 4479 ἓν
580 4417 969 4497 Ἰερουσαλὴμ,
1026 4420 1117 4475 καὶ
1191 4415 1388 4495 καρδία
1451 4440 1558 4493 μου
1605 4414 1717 4475 εἶδε
1772 4417 1980 4488 πολλὰ,

2087 3277 2323 3333 porum,
2376 3276 2671 3316 annorum
2721 3260 3125 3327 circuitiones,
3177 3260 3441 3315 siderum
3496 3260 3746 3332 positus,

2087 3356 2334 3407 naturas
2354 3349 3025 3419 animalium,saavitiem
3048 3350 3332 3419 ferarum,
3364 3350 3516 3404 vires
3545 3352 3752 3404 vento-

2086 3440 2559 3501 rum.hominum
2579 3437 3336 3512 cogitationes.plantarum
3354 3437 3744 3505 differentias,

2085 3529 2354 3585 radicum
2386 3528 2726 3585 facultates.
2758 3527 3012 3601 Cognovi
3045 3527 3247 3583 omnia
3294 3532 3352 3583 et
3404 3526 3640 3583 occulta
3698 3530 3758 3582 et

2088 3617 2407 3674 manifesta
2432 3634 2445 3672 :
2460 3633 2597 3673 nam
2613 3617 2810 3689 opifex
2823 3618 3092 3673 omnium
3108 3616 3389 3673 instruxit
3405 3633 3500 3672 me
3515 3617 3755 3688 sapien-

2088 3708 2187 3763 tia.
2210 3708 2322 3780 Ego
2341 3707 2727 3763 concionator
2742 3706 3169 3780 Hierosolymis
3184 3723 3430 3779 regnum
3448 3707 3509 3763 in
3524 3705 3755 3762 Israeli-

2089 3813 2190 3853 cos
2220 3796 2373 3870 gessi
2401 3813 2414 3863 ;
2444 3796 2772 3868 induxique
2803 3796 2863 3851 in
2886 3796 3155 3852 animum
3176 3812 3378 3852 meum
3402 3796 3750 3869 perquirere

2088 3887 2244 3943 169
2277 3886 2347 3942 de
2378 3885 2679 3951 omnibus,
2721 3902 2790 3941 ao
2829 3886 3131 3959 sapienter
3175 3886 3572 3958 pervestigare
3619 3901 3746 3941 om-

2090 3978 2193 4034 nia
2223 3994 2354 4049 qum
2373 3977 2483 4032 sub
2503 3976 2651 4033 cmlo
2676 3976 2847 4032 ﬁunt.
2875 3977 3022 4032 Ecce
3046 3976 3341 4049 sapientia
3360 3983 3567 4034 auctus
3588 3994 3741 4048 sum,

2092 4083 2279 4138 eaque
2310 4067 2580 4139 superavi
2613 4082 2822 4122 omnes
2853 4065 2954 4137 qui
2985 4071 3122 4121 ante
3151 4083 3246 4122 me
3274 4066 3518 4122 fuerunt
3538 4066 3748 4123 Hiero-

2093 4158 2362 4231 solymis,
2395 4156 2751 4227 animusque
2781 4171 2950 4211 meus
2981 4155 3306 4212 multarum
3330 4173 3531 4211 rerum
3552 4156 3750 4230 cogni-

2094 4248 2256 4303 tione
2288 4246 2401 4302 fuit
2430 4250 2489 4302 et
2518 4244 2813 4317 sapientia
2860 4243 3169 4317 prmditus,
3222 4244 3522 4317 parabolis
3572 4249 3750 4317 atque

2095 4335 2698 4409 scientiis.Magniﬂce
2721 4334 2923 4390 omnia
2944 4334 3054 4407 egi,
3072 4333 3281 4390 domos
3300 4333 3446 4389 mihi
3464 4335 3753 4403 exstruxi,

2096 4426 2301 4482 vineas
2333 4425 2593 4494 consevi,
2628 4424 2833 4479 hortos
2863 4428 2923 4478 et
2949 4423 3220 4496 pomaria
3273 4423 3526 4489 confeci,
3571 4422 3754 4495 inque

312 4510 515 4592 σοφίαν
548 4509 640 4567 καὶ
696 4513 916 4584 γνῶσιν,
975 4509 1065 4563 καί
1119 4506 1290 4583 ἔγνων
1343 4502 1663 4582 παραϐολὰς
1718 4508 1809 4564 καὶ
1865 4504 1979 4561 ἐπι-

2099 4517 2173 4572 iis
2203 4515 2400 4571 omnis
2430 4513 2665 4588 generis
2695 4512 3012 4586 frugiferas
3043 4512 3288 4568 arbores
3316 4510 3596 4585 plantavi.
3626 4511 3759 4569 Pis-

314 4603 563 4676 στῆμας,
595 4599 687 4655 καὶ
745 4596 1059 4674 ἐμεγάλυνα
1121 4598 1189 4653 τὰ
1246 4597 1535 4670 ποιήματά
1594 4618 1722 4671 μου,
1777 4593 1982 4671 ᾠκοδό·

316 4692 479 4768 μησὰ
514 4710 611 4763 μοι
646 4686 836 4751 οἷ’κους
874 4686 967 4743 καὶ
1018 4685 1283 4766 ἐφύτευσα
1345 4707 1440 4761 μοι
1498 4684 1839 4760 ἀμπελῶνας
1898 4688 1990 4742 καὶ

1100 4774 1189 4832 καὶ
1268 4772 1651 4852 παραδείσους,
1710 4775 1802 4831 καὶ
1862 4774 1993 4853 ἐφύ-

311 4889 490 4925 τευσα
550 4884 606 4923 εν
663 4865 849 4929 αὐτοῖς
908 4862 1070 4937 ξύλον
1148 4866 1498 4939 πάγκαρπον.
1569 4864 1841 4935 Ἐποίησά
1899 4887 1993 4938 μοι

315 4952 737 5031 κολυμϐήθρας
770 4953 981 5011 ὑδάτων
1019 4958 1118 5010 τοῦ
1149 4952 1370 5010 ποτίσαι
1403 4953 1497 5010 ἀπ’
1527 4952 1707 5009 αὐτῶν
1737 4951 1997 5029 δρυμῶνα

313 4777 562 4850 ἐποίησά
625 4798 721 4852 μοι
803 4776 1017 4848 κήπους

324 5043 648 5122 βλαστόντα
679 5042 834 5114 ξύλα.
869 5041 1223 5116 Ἐκτησάμην
1251 5038 1487 5106 δούλους
1541 5042 1631 5097 καί
1682 5039 1996 5113 παιδίσκας,

315 5135 418 5190 καὶ
450 5132 755 5210 οἰκογενεῖς
786 5129 1031 5208 ἐγένοντό
1084 5151 1201 5205 μοι,
1260 5131 1353 5186 καί
1408 5151 1473 5205 γε
1526 5133 1747 5202 κτήσεις
1807 5132 1998 5207 βουκο.

317 5223 458 5280 λίου
479 5223 573 5278 καὶ
605 5222 875 5295 ποιμνίου
903 5219 1140 5296 ἐγένοντό
1179 5241 1276 5294 μοι
1318 5216 1553 5290 πολλαὶ,
1615 5219 1748 5295 ὑπὲρ
1794 5221 1997 5284 πάντας

322 5314 459 5375 τοὺς
515 5312 848 5388 γενομὲνους
903 5306 1206 5382 ἳμπροσθὲν
1288 5330 1394 5382 μου
1478 5307 1532 5364 ἐν
1613 5311 2000 5386 Ἰερουσαλήμ.

326 5403 433 5458 Καί
463 5424 527 5477 γε
557 5401 719 5478 σοφία
752 5420 860 5474 μου
892 5397 1089 5470 ἐστάθη
1149 5418 1266 5472 μοι.
1326 5398 1425 5453 Καὶ
1484 5402 1588 5453 πᾶν
1622 5397 1652 5455 ὅ
1682 5399 1742 5454 ἂν
1796 5394 2004 5473 ᾔτησαν

327 5493 385 5548 οἱ
416 5490 710 5571 ὀφθαλμοί
743 5511 875 5564 μου,
926 5487 1030 5543 οὐκ
1086 5486 1312 5568 ἀφεῖλον
1351 5487 1443 5544 ἀπ’
1498 5489 1702 5561 αὐτῶν,
1754 5489 1847 5545 καὶ
1901 5491 2004 5547 οὐκ

326 5581 663 5638 ἔπεκώλυσα
712 5581 817 5650 τήν
887 5574 1117 5653 καρδίαν
1179 5598 1289 5651 μου
1346 5578 1454 5635 ἀπὸ
1508 5578 1689 5649 πάσης
1746 5578 2007 5657 εὐφροσύ-

331 5695 457 5746 νης.
510 5697 540 5727 ι)
591 5672 698 5732 Καὶ
760 5670 871 5746 γὰρ
942 5665 1169 5736 πολλῆς
1227 5667 1451 5743 εἰρήνης
1513 5668 1607 5724 καὶ
1657 5665 2004 5733 πολυολϐίας

2100 4607 2266 4661 cinas
2296 4604 2444 4659 mihi
2468 4604 2689 4677 paravi,
2712 4603 2874 4659 unde
2893 4602 3208 4659 viridantia
3230 4620 3479 4659 nemora
3493 4604 3761 4676 rigaren-

2101 4700 2218 4752 tur.
2250 4692 2550 4765 Acquisivi
2583 4709 2784 4749 servos
2843 4698 2902 4749 et
2949 4691 3220 4762 ancillas,
3273 4697 3331 4749 et
3370 4710 3562 4750 verum
3610 4692 3760 4749 mihi

2104 4785 2227 4841 nati
2261 4789 2422 4853 sunt,
2454 4783 2597 4839 item
2629 4788 2902 4838 armenta
2932 4799 3000 4839 ac
3028 4800 3234 4857 greges
3266 4784 3525 4857 copiose,
3568 4799 3761 4856 quan-

2105 4879 2229 4930 tum
2263 4878 2401 4930 ante
2430 4889 2526 4928 me
2548 4872 2976 4944 Hierosolymis
3006 4888 3183 4928 nemo
3210 4874 3496 4946 possedit.
3524 4873 3675 4929 Sane
3704 4877 3767 4929 et

2107 4962 2401 5035 sapientia
2430 4978 2564 5017 mea
2593 4962 2882 5027 constitit,
2902 4978 3096 5033 neque
3120 4962 3323 5018 oculos
3349 4978 3514 5019 meos
3541 4961 3613 5018 ab
3639 4961 3766 5018 ulla

2114 5070 2179 5110 re
2205 5052 2544 5109 desiderata
2566 5052 2711 5124 ipsis
2732 5052 3014 5112 abstinui.
3030 5052 3385 5125 nullumque
3402 5069 3588 5126 genus
3609 5052 3767 5107 laeti-

2110 5143 2205 5199 tiaa
2235 5142 2399 5200 cordi
2442 5159 2572 5198 meo
2606 5158 2726 5197 non
2747 5143 2992 5213 permisi
3015 5141 3081 5199 5°.
3112 5166 3133 5193 ι
3160 5144 3305 5198 Nam
3328 5158 3472 5198 sane
3494 5142 3545 5196 ei
3561 5141 3766 5197 datum

2108 5235 2240 5301 fuit,
2274 5240 2341 5291 ut
2369 5234 2490 5290 alta
2518 5249 2684 5306 pace,
2720 5249 2951 5289 summa
2982 5234 3395 5305 prosperitate,
3442 5232 3763 5288 securitate

2111 5339 2178 5378 ac
2210 5323 2341 5377 vitae
2372 5320 2773 5393 voluptatibus
2804 5320 3142 5375 frueretur:
3191 5336 3393 5375 verum
3438 5319 3611 5375 luxus
3658 5320 3772 5375 iste

2114 5417 2173 5466 et
2210 5409 2466 5467 delicata
2491 5410 2607 5465 vita
2635 5408 2711 5466 ad
2742 5415 3070 5465 extremum
3096 5409 3405 5465 acerbitati
3429 5409 3559 5475 fuit,
3592 5426 3660 5466 ac
3682 5409 3771 5466 in-

2114 5500 2524 5572 temperantia)
2558 5499 2857 5555 materies.
2893 5499 3096 5569 Itaque
3114 5497 3239 5554 haec
3260 5499 3406 5555 dicit
3428 5516 3483 5554 τα
3501 5497 3646 5555 Odio
3664 5499 3769 5555 ha-

2111 5588 2218 5645 bui
2249 5594 2434 5645 totam
2466 5604 2665 5644 meam
2690 5587 2868 5642 vitam
2890 5602 3221 5659 omnesque
3245 5604 3546 5647 mrumuas
3565 5604 3728 5645 meas
3754 5604 3770 5656 ;

2118 5677 2321 5735 omnia
2350 5677 2513 5733 enim
2551 5693 2701 5733 vana
2726 5681 2882 5732 sunt.
2911 5677 3202 5750 Expertus
3227 5679 3387 5735 enim
3411 5695 3544 5738 sum
3559 5677 3773 5735 mulie-

402 5764 450 5800 ⁵⁸
478 5766 555 5823 ΠΙ
580 5767 724 5842 Reg.
757 5779 820 5833 ι,
852 5760 976 5817 6-8.
1052 5758 1098 5794 ⁸⁷
1129 5760 1332 5818 Matth.
1369 5775 1469 5834 xu,
1500 5760 1593 5819 £2.
1669 5759 1719 5796 ⁸⁸
1743 5760 1922 5821 Eccli.
1954 5781 1979 5822 ι

2091 5783 2126 5824 ι.
2202 5767 2251 5804 ⁵³
2279 5766 2471 5829 Eoclc.
2502 5784 2543 5824 ιι
2571 5769 2737 5824 4-10.

598 5889 889 5950 Pyram“
935 5880 1052 5941 Gn.
1097 5876 1307 5943 CXXI.

3458 5892 3496 5947 7
