4142 6420
404 310 525 373 203

1773 307 2105 375 GEORGII
2145 306 2498 373 CEDRENI

3706 318 3830 381 αοι

398 465 528 506 rem
558 454 753 506 morte
785 465 913 506 esse
940 450 1319 515 amariorem,
1348 451 1491 522 quia
1517 454 1644 505 rete
1683 453 1773 505 est
1798 453 1857 503 et
1884 463 2047 504 nassa

2173 442 2355 506 ἀδείας
2384 464 2444 499 τε
2493 444 2585 499 καὶ
2640 451 2851 525 τρυφῆς
2909 444 3231 503 ἀπέλαυσεν·
3283 446 3411 506 ἀλλ’
3470 451 3695 529 ὕστερον
3746 453 3833 518 είς

400 539 783 612 illaqueando
814 540 1012 596 animo
1041 539 1107 595 ⁸ο.
1139 563 1167 589 ι»
1219 542 1297 595 De
1352 538 1464 596 hac
1507 557 1570 595 re
1619 540 1703 594 ita
1753 538 2057 610 Scriptura

400 635 606 685 narrat
634 646 647 684 :
680 651 710 680 «
742 631 1032 685 Cmterum
1063 646 1165 684 rex
1197 630 1475 685 Solomon
1505 628 1865 684 mulierosus
1905 632 2050 684 erat.

401 717 668 773 Fuerunt
706 717 759 773 ei
816 735 1030 775 uxores
1088 719 1387 790 principes
1446 721 1570 785 700,
1629 718 1871 789 pellices
1927 718 2052 772 300.

399 808 577 863 Duxit
603 807 761 863 enim
792 824 1008 863 uxores
1039 807 1408 874 Moabitidas,
1435 807 2053 879 Amanitidas,Syrias,

397 896 712 962 Idumaeas,
745 898 1056 964 Chettaeas,
1087 898 1485 965 Amorrhmas,
1520 896 1805 951 nimirum
1831 895 1951 951 illis
1983 895 2055 949 de

399 985 674 1054 gentibus
704 1001 957 1055 quarum
988 986 1280 1057 conjugiis
1311 986 1467 1041 Deus
1499 985 1775 1041 Israelico
1834 982 2053 1057 populo

396 1074 805 1131 interdixerat.
840 1078 878 1130 I
898 1077 995 1131 πο
1024 1076 1169 1130 Cum
1210 1081 1353 1132 mtas
1383 1076 1572 1148 ipsius
1593 1076 1723 1148 jam
1748 1080 1909 1130 eeset
1928 1089 2054 1142 gra-

397 1164 505 1230 vis,
536 1164 806 1220 animum
836 1181 957 1219 non
978 1165 1181 1237 gessit,
1204 1164 1477 1237 exemplo
1504 1164 1691 1236 patris
1717 1165 1807 1220 sui
1824 1162 2053 1230 Davidi,

396 1260 627 1309 rectum
658 1270 797 1327 erga
854 1255 1171 1310 Dominum
1234 1256 1416 1310 Deum
1477 1270 1696 1309 suum:
1756 1252 1860 1309 sed
1917 1267 2054 1307 eum

400 1343 754 1416 alienigenas
779 1360 994 1399 uxores
1015 1349 1378 1409 averterunt,
1407 1348 1469 1397 ut
1488 1344 1753 1414 ipsarum
1775 1342 1918 1399 deos
1930 1358 2055 1397 am-

396 1433 780 1504 plecteretur.
817 1432 1021 1504 Itaque
1047 1438 1189 1488 tunc
1210 1432 1490 1489 Solomon
1515 1432 1765 1487 delubra
1793 1430 2059 1487 condidit

398 1523 692 1578 Chamoso
723 1522 1012 1590 Moabico,
1060 1525 1311 1578 Astarte:
1361 1522 1760 1585 Sidoniorum,
1814 1526 1871 1575 et
1917 1520 2057 1575 Mel-

398 1612 612 1666 chomo
643 1612 1144 1678 Ammonitarum,
1179 1611 1601 1667 abominandis
1623 1628 1690 1667 ac
1715 1612 1833 1665 Deo
1852 1609 2056 1665 invisis

398 1700 653 1755 deastris
685 1699 751 1752 ⁶¹.
788 1722 816 1751 ››
843 1704 1076 1757 Astarte
1102 1707 1193 1756 est
1223 1718 1402 1771 quam
1435 1703 1719 1757 Venerem
1770 1716 1878 1754 nos
1911 1697 2050 1754 dici-

398 1806 571 1879 mus:
605 1790 962 1846 Chamosum
993 1808 1099 1862 pro
1134 1792 1250 1846 Deo
1284 1790 1439 1862 Tyrii
1489 1789 1806 1844 habebant.
1862 1788 2054 1859 quue
2085 1815 2131 1879 Β

402 1878 578 1933 modo
599 1879 742 1935 fecit
762 1880 820 1935 in
843 1880 1093 1953 gratiam
1116 1880 1384 1935 omnium
1408 1879 1877 1951 alienigenarum
1901 1894 2053 1932 uxo-

400 1984 563 2033 rum;
599 1985 804 2041 emque
835 1970 1135 2025 sufﬁtibus
1171 1976 1227 2025 et
1258 1969 1565 2025 sacriﬁciis
1601 1968 1920 2024 simulacra
1951 1984 2059 2025 sua

399 2058 854 2123 venerabantur.
897 2061 979 2114 Ea
1016 2076 1153 2132 ergo
1204 2059 1347 2113 fecit
1396 2058 1699 2124 Solomon,
1746 2074 1878 2128 quas
1938 2059 2055 2112 Deo

405 2148 816 2219 displicerent,
849 2165 1044 2218 neque
1076 2148 1138 2203 in
1169 2165 1237 2203 eo
1269 2147 1519 2203 colendo
1558 2147 1802 2218 vestigia
1854 2146 2057 2202 Davidi

401 2242 588 2311 patri:
616 2240 708 2296 sui
739 2248 979 2297 secutus
1010 2246 1118 2296 est.
1154 2240 1502 2296 Succensuit
1543 2240 1744 2310 itaque
1769 2239 2056 2294 Dominus

402 2328 728 2396 Salomoni,
790 2329 946 2400 quod
978 2346 1013 2385 a
1042 2346 1103 2385 se
1158 2329 1569 2384 Israelicorum
1619 2329 1737 2384 Deo
1787 2328 2055 2384 animum

397 2419 823 2487 abalienasset,
858 2418 947 2474 bis
969 2419 1083 2492 ipsi
1113 2420 1322 2486 viso,et
1350 2419 1737 2475 interminato
1770 2435 1844 2473 ne
1875 2434 2053 2490 quem

399 2510 645 2565 omnino
667 2509 1046 2581 peregrinum
1068 2508 1246 2565 deum
1269 2514 1615 2564 sectaretur.
1642 2507 2057 2563 Denuntiavit-

393 2615 509 2668 que
542 2599 595 2654 ei
621 2600 797 2668 Deus,
830 2599 1068 2669 quando
1090 2598 1261 2671 jussa
1294 2614 1363 2653 ac
1403 2597 1689 2653 mandata
1740 2614 1848 2653 sua
1892 2613 2055 2668 spre-

387 2688 588 2753 visset,
612 2705 674 2744 se
698 2705 943 2761 regnum
970 2688 1103 2745 ideo
1127 2705 1197 2744 ex
1227 2705 1410 2744 manu
1442 2688 1630 2760 ipsius
1661 2687 2048 2759 abrepturum

387 2793 674 2849 servoque
695 2778 825 2849 ejus
841 2777 1201 2833 traditurum
1225 2795 1238 2846 ;
1264 2783 1442 2849 atque
1468 2776 1528 2832 id
1550 2776 1792 2847 quidem
1807 2781 2051 2847 propter

388 2867 675 2922 Davidum
703 2868 892 2938 ipsius
922 2873 1175 2938 patrem,
1207 2883 1382 2922 suum
1412 2865 1727 2930 famulum,
1760 2865 1886 2920 vivo
1918 2866 2047 2937 ipso

386 2971 510 3010 non
539 2953 860 3024 facturum,
893 2956 1158 3025 itemque
1191 2960 1435 3027 propter
1472 2953 1905 3026 Hierosolyma,
1954 2970 2047 3007 ur-

386 3044 523 3099 bem
556 3061 591 3100 a
621 3062 682 3099 se
715 3044 1027 3099 delectam.
1077 3044 1487 3115 Excitavitque
1537 3044 1690 3098 Deus
1740 3042 2045 3097 Salomoni

386 3134 789 3190 adversarium
804 3134 1058 3191 Adarem
1074 3134 1397 3189 ldummum
1422 3138 1597 3203 atque
1617 3131 2042 3187 Hedraazarem

383 3239 582 3295 regem
598 3222 1056 3294 Subensem,qui
1074 3222 2042 3291 Israelicosinfestaveruntquam-

380 3311 481 3367 diu
512 3313 653 3368 vixit
683 3312 985 3368 Solomon.
1022 3314 1284 3367 Mortuus
1314 3317 1404 3367 est
1431 3327 1588 3366 anno
1612 3310 1804 3365 aetatis
1821 3312 1911 3377 73,
1947 3310 2041 3364 in-

2163 533 2384 608 πικρίαν
2419 536 2454 604 ἡ
2488 532 2741 605 σπατάλη
2803 535 2889 589 καὶ
2924 538 2959 606 ἡ
2994 532 3169 607 ἠδονή
3229 536 3444 615 γέγονεν
3500 540 3670 615 αὐτῷ,
3729 544 3828 599 καὶ

2166 623 2420 685 ὑπόθεσις
2450 623 2772 687 ἀκολασίας.
2804 626 2958 682 *Οθεν
2992 628 3180 702 φησίν*
3218 652 3247 680 α
3285 630 3557 702 Ἑμίσησα
3604 631 3827 708 σύμπα-

2165 732 2257 767 σαν
2289 715 2388 783 τήν
2423 716 2571 785 ζωήν
2602 734 2708 786 μου
2752 714 2843 769 καὶ
2901 714 3076 770 πάντα
3128 716 3223 771 τὸν
3285 717 3500 797 μόχθον
3566 741 3694 794 μου,
3735 721 3827 778 ὅτι

2162 802 2339 859 πάθτα
2373 804 2694 875 ματαιότης.
2758 802 2928 879 Εὗρον
2986 807 3090 883 γὰρ
3148 810 3471 883 πικρότερον
3536 812 3666 886 ὑπὲρ
3723 813 3824 868 τὸν

2163 892 2395 948 θάνατον
2429 894 2531 962 τήν
2560 898 2809 969 γυναῖκα,
2850 892 2973 963 ἤτις
3014 895 3124 951 ἐστὶ
3157 899 3404 974 θηρευμα
3460 900 3551 955 καὶ
3606 904 3820 977 σαγήνη

2161 978 2410 1054 καρδίας.
2446 1005 2474 1032 n
2504 981 2680 1035 Ταῦτά
2709 983 2796 1037 τοί
2829 1002 2983 1059 φησι·
3046 1007 3074 1036 (ι
3120 985 3225 1043 Καὶ
3274 986 3303 1041 6
3336 988 3595 1062 βασιλεὺς
3635 989 3826 1046 Σολο-

2166 1075 2284 1145 μῶν
2313 1072 2379 1141 ἧν
2410 1070 2785 1149 φιλογύναιος,
2814 1074 2906 1128 καὶ
2935 1074 3072 1143 ἦσαν
3122 1074 3268 1148 αὐτῷ
3316 1076 3588 1155 ἄρχουσαι
3642 1082 3822 1138 ἐπτα-

2161 1161 2366 1232 κόσιαι,
2397 1161 2489 1249 καὶ
2528 1161 2808 1249 παλλακαὶ
2856 1164 3186 1240 τριακόσιαι.
3247 1167 3349 1224 Καὶ
3407 1167 3571 1225 ἔλαϐε
3629 1178 3828 1249 γυναῖ-

2161 1271 2259 1313 κας
2291 1247 2642 1316 Μωαϐίτιδας
2682 1252 2773 1307 καὶ
2827 1252 3200 1326 Ἀμανίτιδας,
3259 1256 3437 1333 Σύρας
3493 1260 3584 1315 καὶ
3643 1247 3828 1318 Ἰδου-

2167 1340 2354 1413 μαίας,
2387 1341 2661 1403 Χετταίας
2719 1342 2806 1396 καί
2848 1341 3209 1419 Ἀμοῤῥαίας,
3266 1344 3327 1402 ἐκ
3382 1352 3488 1403 τῶν
3540 1349 3700 1407 ἐθνῶν
3749 1354 3833 1409 ὧν

2164 1429 2363 1485 ἀπεῖπε
2412 1430 2618 1506 Κύριος
2673 1435 2797 1493 τοῖς
2854 1433 2995 1496 υἱοῖς
3046 1434 3294 1511 Ἰσραήλ.
3345 1438 3448 1495 Καὶ
3507 1438 3715 1516 εγενετο
3768 1441 3827 1499 ἂν

2162 1524 2338 1594 καιρῷ
2369 1521 2559 1596 γήρως
2589 1520 2781 1591 αὐτοῦ,
2818 1521 2910 1577 καὶ
2979 1521 3079 1578 οὐκ
3124 1525 3189 1594 ἦν
3217 1525 3252 1595 ἡ
3284 1524 3484 1601 καρδία
3534 1531 3669 1601 μετὰ
3712 1533 3831 1588 Κυ-

2164 1608 2283 1685 ρίου
2342 1614 2476 1665 Θεοῦ
2528 1611 2696 1667 αὐτοῦ
2751 1614 2929 1675 καθὼς
2979 1613 3068 1668 καὶ
3129 1617 3164 1684 ἠ
3222 1613 3417 1689 καρδία
3499 1615 3666 1676 Δαϐίδ
3724 1627 3831 1677 τοῦ

2163 1699 2366 1773 πατρὸς
2399 1698 2588 1767 αὐτοῦ,
2628 1700 2720 1755 καὶ
2778 1699 3052 1772 ἐξέκλιναν
3112 1705 3169 1759 αἱ
3225 1704 3516 1782 ἀλλότριαι
3572 1717 3830 1785 γυναῖκες

2161 1789 2260 1856 τήν
2321 1787 2545 1865 καρδίαν
2604 1789 2770 1845 αὐτοῦ
2821 1792 2998 1847 ὀπίσω
3049 1794 3185 1848 θεῶν
3264 1794 3461 1853 αὐτῶν.
3533 1800 3635 1855 Καὶ
3692 1801 3823 1859 τότε

2163 1876 2492 1951 ᾠκοδόμησε
2524 1877 2797 1953 Σολομῶν
2826 1882 2952 1936 ναὸν
2982 1886 3065 1954 τῷ
3093 1884 3300 1957 Χαμὼς
3341 1882 3560 1960 εἰδώλῳ
3611 1887 3817 1960 Μωᾶϐ,

2161 1969 2253 2023 καὶ
2281 1973 2350 2043 τῇ
2380 1970 2647 2044 Ἀστάρτῃ
2690 1968 3028 2045 βδελύγματι
3059 1970 3349 2039 Σιδονίων,
3390 1976 3480 2031 καὶ
3530 1983 3610 2051 τῷ
3659 1980 3823 2038 Μελ..

2165 2057 2300 2131 χὼμ
2329 2058 2780 2136 προσοχθίσματι
2810 2060 2941 2114 υἱῶν
2970 2061 3181 2134 Ἀμών.
3220 2086 3247 2114 »
3271 2065 3331 2121 Ἥ
3365 2068 3448 2139 [Ρ.
3483 2069 3575 2141 97]
3600 2069 3691 2140 μὲν
3715 2072 3817 2126 οὖν

2165 2147 2620 2235 Ἀστάρτη-ἒστὶν
2670 2150 2705 2217 ἡ
2773 2149 2901 2223 παρ’
2958 2149 3229 2221 Ἐλλησιν
3289 2153 3588 2231 Ἀφροδίτη
3650 2158 3821 2235 λιγο-

2164 2238 2324 2308 μένη,
2378 2239 2405 2291 ὁ
2457 2233 2515 2291 δὲ
2570 2238 2775 2311 Χαμὼς
2859 2240 2981 2301 θεὸς
3040 2239 3107 2309 ἦν
3167 2242 3404 2318 Τυρίων.
3474 2251 3581 2302 Καὶ
3636 2233 3821 2313 οὕτως

2161 2325 2387 2394 ἐποίησε
2416 2333 2535 2389 ταῖς
2577 2325 2919 2405 ίιλλοφύλοις
2947 2329 3114 2387 αὐτοῦ
3153 2335 3361 2407 γυναιξὶ
3409 2336 3626 2409 πάσαις,
3672 2338 3818 2395 α’ίτι-

2160 2435 2247 2477 νες
2295 2413 2533 2489 ἐθυμίων
2592 2416 2683 2471 καὶ
2743 2415 2896 2481 ἔθυον
2957 2424 3073 2483 τοῖς
3136 2418 3391 2487 εἰδώλοις
3444 2427 3645 2500 αὐτῶν,
3706 2429 3817 2486 Καὶ

2160 2502 2385 2573 ἐποίησε
2431 2503 2703 2578 Σολομῶν
2757 2506 2821 2561 τὸ
2873 2508 3111 2582 πονηρὸν
3163 2508 3393 2567 ἐνώπιον
3447 2516 3673 2590 Κυρίου,
3721 2518 3818 2571 καὶ

2160 2593 2259 2647 οὐκ
2289 2592 2557 2667 ἐπορεύθη
2594 2593 2771 2649 ὀπίσω
2799 2596 3001 2671 Κυρίου
3034 2598 3108 2660 ὡς
3166 2595 3332 2655 Δαϐὶδ
3388 2603 3416 2657 ὁ
3468 2608 3647 2681 πατὴρ
3704 2607 3817 2662 αὗ-

2156 2686 2275 2739 τοῦ.
2308 2684 2411 2739 Καὶ
2444 2683 2689 2762 ὠργίσθη
2725 2684 2919 2760 Κύριος
2960 2686 3049 2742 ἐπὶ
3110 2688 3404 2763 Σολομῶν,
3465 2694 3547 2749 ὅτι
3604 2694 3820 2765 ἐξέκλι-

2155 2793 2239 2828 νεν
2275 2775 2310 2842 ἡ
2341 2770 2538 2848 καρδία
2598 2774 2760 2830 αὐτοῦ
2816 2776 2924 2832 ἀπὸ
2984 2779 3183 2854 Κυρίου
3235 2786 3370 2837 Θεοῦ
3424 2784 3651 2859 Ἰσραὴλ
3706 2793 3812 2844 τοῦ

2154 2859 2412 2940 ὀφθέντος
2438 2862 2587 2935 αὐτῷ
2636 2859 2718 2925 δίς
2775 2864 2866 2920 καὶ
2927 2865 3311 2942 ἇντειλαμένου
3362 2871 3509 2945 αὐτῷ
3568 2876 3644 2947 μὴ
3704 2897 3818 2933 πο·-

2152 2950 2400 3024 ρεύεσθαι
2432 2950 2610 3006 ὀπίσω
2643 2954 2777 3008 θεῶν
2837 2954 3033 3029 ἒτέρων
3083 2958 3145 3011 τὸ
3200 2961 3470 3033 παράπαν.
3527 2963 3631 3020 Καὶ
3689 2965 3815 3023 εἷπε

2150 3040 2354 3114 Κύριος
2387 3041 2523 3116 πρὸς
2554 3040 2732 3097 αὐτόν·
2768 3068 2797 3096 ‹‹
2831 3045 2975 3109 Ἀνθ’
3005 3046 3081 3101 ὧν
3109 3048 3209 3103 οὐκ
3256 3048 3522 3125 ἐφύλαξάς
3567 3075 3672 3125 μου
3710 3056 3813 3120 τὰς

2157 3126 2377 3192 ἒντολὰς
2433 3132 2523 3185 καί
2586 3131 2653 3187 τὰ
2738 3138 3137 3209 προστάγματα
3192 3136 3227 3192 ἄ
3282 3138 3640 3215 ἐνετειλάμην
3697 3166 3810 3221 σοι,

2155 3215 2500 3306 διαρρήσσων
2534 3217 2811 3297 διαρῥγςξω
2840 3225 2940 3292 τήν
2964 3262 2971 3271 κ
2999 3225 3280 3299 βασιλείαν
3326 3226 3385 3283 ὲκ
3442 3233 3631 3306 χειρός
3685 3215 3807 3304 σου,

2149 3309 2237 3363 καὶ
2272 3305 2433 3364 δώσω
2464 3311 2630 3380 αὐτὴν
2658 3316 2737 3385 τῷ
2785 3309 2969 3386 δούλῳ
3030 3335 3146 3370 σου·
3196 3316 3342 3386 πλὴν
3393 3317 3445 3374 ἐν
3493 3305 3612 3385 ταῖς
3660 3323 3808 3397 ἡμε-

2150 3417 2269 3473 ραις
2298 3419 2396 3453 σου
2425 3404 2586 3455 τοῦτο
2620 3400 2683 3455 οὐ
2712 3405 2956 3473 ποιήσω,
2987 3401 3075 3459 διὰ
3101 3400 3268 3460 Δαϐἰδ
3300 3408 3392 3463 τὸν
3441 3406 3641 3466 δοῦλόν
3692 3434 3803 3486 μου

379 3417 493 3473 que
527 3402 803 3474 sepulcro
845 3401 1030 3475 patris
1082 3401 1407 3473 depositus.
1470 3400 1586 3457 Sub
1637 3415 1705 3455 eo
1747 3399 2037 3455 Homerus

375 3491 487 3547 fuit
519 3507 587 3546 ac
622 3491 932 3547 Hesiodus.
1772 3574 1777 3575 γ

2156 3488 2235 3542 μιαί
2268 3490 2471 3564 πατέρα
2498 3510 2617 3559 σου,
2648 3490 2739 3545 καὶ
2773 3489 2861 3547 διὰ
2892 3494 3263 3567 Ἱερουσαλὴμ
3307 3498 3405 3567 τὴν
3453 3498 3618 3555 πόλιν
3670 3524 3805 3575 μου,
3874 3518 3881 3521 '

376 3579 444 3666 ἡν
478 3576 825 3666 ἐξελεξάμην,
887 3579 991 3635 Καὶ
1052 3578 1245 3653 ἤγειρε
1293 3578 1495 3651 Κύριος
1552 3582 1630 3649 τῷ
1690 3574 2020 3650 Σολομῶντι
2083 3576 2257 3666 Σατὰν
2318 3574 2479 3666 Ἄδερ
2533 3579 2625 3634 τὸν
2680 3577 2991 3655 Ἰδουμαῖον
3048 3583 3140 3638 καὶ
3196 3585 3288 3640 τὸν
3349 3574 3809 3666 Ἐδρααζᾶρνβα-

376 3664 530 3757 σιλὲα
563 3660 768 3735 Σουϐἆ,
798 3667 889 3722 καὶ
919 3667 1054 3736 ἦσαν
1086 3672 1166 3739 τῷ
1196 3666 1426 3757 Ἰφραήλ
1456 3666 1632 3757 Σατὰν
1662 3667 1835 3757 πασας
1986 3665 2219 3757 ἡμέρας,
2258 3665 2648 3757 Σολομῶντος.
2711 3669 2816 3725 Καὶ
2883 3670 3115 3727 ἀπέθανε
3174 3660 3455 3749 Σολομῶν
3505 3660 3638 3734 ἐτῶν
3699 3660 3805 3757 ογ“,

376 3754 468 3812 καὶ
501 3754 672 3829 ἐτάφη
710 3757 844 3827 μετὰ
872 3760 973 3810 τοῦ
1005 3758 1208 3831 πατρὸς
1234 3755 1421 3811 αὐτοῦ.
1454 3778 1483 3808 ››
1515 3756 1630 3835 Ἐφ’
1664 3755 1726 3810 οὗ
1757 3756 1823 3824 ἧν
1857 3756 2109 3830 Ὄμηρος
2141 3756 2228 3810 καὶ
2261 3753 2531 3819 Ἡσίοδος.

442 3848 591 3903 171
627 3847 871 3903 Miretur
924 3847 1143 3918 aliquis
1173 3846 1395 3919 optimo
1444 3847 1582 3919 jure
1640 3847 1783 3918 quid
1834 3863 2024 3903 causas

2207 3848 2512 3919 Θαυμάσειε
2544 3845 2589 3902 δ’
2620 3850 2679 3903 ἂν
2714 3870 2795 3911 τις
2826 3848 2917 3905 καί
2950 3849 3099 3923 μάλα
3157 3852 3409 3927 εἰκότως,
3466 3854 3649 3933 ὥσπερ
3700 3857 3794 3915 ἐπὶ

371 3935 549 3992 fuerit
579 3936 737 4007 quod
768 3942 826 3992 et
847 3937 1250 3992 divinissimus
1278 3936 1471 3992 Moses
1502 3942 1560 3992 et
1590 3937 1686 3992 hic
1704 3936 2024 4007 sapientis-

2156 3938 2227 3989 :oii
2287 3935 2568 3992 θειοτάτου
2616 3938 2912 4007 Μωϋσὲως,
2974 3939 3118 3995 οὕτω
3175 3942 3265 3997 καὶ
3323 3941 3413 3997 ἐπὶ
3478 3942 3639 4001 τοῦδε
3691 3950 3794 4002 τοῦ

371 4024 591 4082 simum
624 4025 929 4094 Solomon,
961 4043 1097 4082 cum
1127 4032 1447 4096 utrumque
1468 4042 1674 4081 eorum
1706 4031 1843 4082 ante
1868 4026 2021 4081 Deus

2156 4022 2448 4101 ὀφωτάίτου
2484 4024 2872 4098 Σολομῶντος,
2902 4031 3018 4089 πῶς
3057 4028 3310 4106 δκατερος
3360 4031 3538 4088 αὐτῶν
3590 4037 3798 4092 τοσαύ-

370 4120 532 4170 tanto
562 4116 786 4171 honore
822 4121 999 4187 atque
1030 4116 1449 4188 procuratione
1482 4115 1756 4188 dignatus
1786 4115 2016 4181 fuisset,

2162 4134 2225 4184 ης
2275 4111 2447 4170 παλαι
2508 4114 2654 4179 θείας
2706 4113 2867 4186 δόξης
2939 4118 3029 4172 καὶ
3119 4120 3464 4194 προμηθείας
3539 4124 3789 4194 ἀξιωθεὶς

364 4204 607 4261 tandem
636 4211 833 4262 tamen
863 4206 1034 4272 alter,
1067 4205 1166 4262 Dei
1190 4205 1596 4278 indignatione
1617 4210 1795 4277 atque
1810 4204 2015 4263 dolore

2162 4221 2347 4277 στερον
2381 4203 2409 4257 ὁ
2445 4203 2539 4277 μὲν
2573 4205 2650 4266 εἷς
2681 4204 3046 4279 ἀγανάκτησιν
3106 4208 3198 4262 καὶ
3259 4207 3438 4281 λύπην
3495 4213 3588 4267 τὸν
3646 4215 3779 4271 Θεὸν

364 4295 637 4365 excitato,
670 4296 979 4368 promissm
1008 4295 1120 4351 sibi
1153 4296 1238 4350 rei
1277 4295 1471 4366 impos
1489 4295 1679 4351 factus
1699 4295 2012 4365 est;alter,

2164 4293 2348 4380 ινήσας
2402 4297 2502 4380 τῆς
2560 4291 2889 4370 δπαγγελίας
2957 4293 3216 4370 ἐξίπεσιν,
3278 4299 3307 4353 ὁ
3368 4295 3426 4355 δὶ
3478 4302 3554 4364 εἷς
3609 4302 3785 4380 ὀργήν

362 4400 497 4440 cum
526 4384 821 4442 irritasset
849 4386 1059 4450 Deum,
1094 4384 1338 4456 prwmio
1371 4385 1636 4456 priorum
1688 4401 2012 4456 eorumque

2158 4379 2214 4433 αὶ
2255 4380 2426 4453 θυμὸν
2483 4378 2695 4457 ἐγείρας
2750 4381 2914 4439 αὐτὸν
2982 4384 3110 4448 τούς
3164 4407 3223 4442 τε
3278 4378 3785 4465 πρυειργασμένους

360 4473 723 4543 optimorum
744 4472 1017 4529 laborum
1040 4472 1346 4540 multatus,
1380 4473 1643 4528 animam
1660 4490 1893 4545 quoque
1920 4474 2009 4529 in-
2043 4498 2047 4557 γ

2159 4467 2375 4559 ρίστους
2413 4470 2615 4533 πόνους
2648 4468 2819 4544 ἄρδην
2848 4471 3130 4547 ἐζημίωτο
3156 4476 3246 4531 καὶ
3275 4478 3373 4547 τὴν
3407 4481 3593 4555 ψυχὴν
3613 4502 3783 4559 προσ-
3812 4536 3817 4540 .

358 4577 539 4633 super
551 4561 827 4633 perdidit.
845 4562 1137 4627 Quorsum
1164 4563 1324 4617 enim
1340 4561 1683 4618 reciderunt
1699 4566 1864 4618 tanta
1877 4580 2010 4620 cum
2044 4556 2047 4557 ⁷

2158 4556 2394 4616 πώλεσε.
2430 4564 2541 4615 Ποῦ
2570 4561 2672 4636 γὰρ
2714 4562 2749 4631 ἡ
2808 4562 3071 4635 τοιαύτην
3126 4566 3263 4640 πρὸς
3319 4569 3448 4623 Θεὸν
3506 4556 3782 4635 οἰκείωσις

358 4650 479 4706 Deo
509 4650 903 4713 familiaritas,
939 4657 1102 4707 tanta
1125 4651 1185 4706 in
1205 4669 1275 4708 e0
1307 4650 1720 4722 compellando
1742 4650 2009 4721 libertas,

2156 4647 2210 4702 αὶ
2238 4645 2515 4723 παρῥησία
2547 4649 2636 4704 καὶ
2678 4651 2730 4705 οἱ
2784 4656 3045 4708 τοσοῦτοι
3102 4656 3193 4709 καὶ
3250 4655 3574 4725 τηλικοῦτοι
3622 4660 3782 4716 πόνοι

356 4746 446 4796 tot
475 4741 741 4812 tantique
770 4741 1027 4810 labores,
1051 4759 1118 4798 ac
1150 4747 1271 4797 tam
1298 4743 1496 4815 gravia
1529 4747 1587 4797 et
1608 4742 1792 4799 multa
1817 4748 2007 4798 certa-

2156 4736 2207 4790 αί
2236 4736 2399 4791 κόποι
2431 4738 2519 4792 καὶ
2554 4738 2761 4816 ἀγῶνες
2789 4744 2887 4795 τοῦ
2927 4742 3212 4797 θεσπεσίου
3264 4746 3579 4815 Μωυσέωςς
3629 4747 3779 4804 οἵτι-

356 4829 523 4886 mina
551 4830 733 4886 divini
760 4832 936 4887 Mosis
957 4832 984 4886 ‘I
1014 4826 1144 4902 qua:
1186 4832 1389 4887 omnia
1419 4831 1492 4886 ob
1517 4838 1825 4903 peccatum
1850 4830 2008 4903 apud

2156 4846 2201 4887 ις
2231 4823 2321 4881 διὰ
2347 4828 2446 4895 τὴν
2480 4827 2566 4883 ἐπὶ
2596 4833 2695 4883 τοῦ
2744 4826 2940 4893 ὓδατος
2993 4838 3094 4901 τῆς
3138 4831 3451 4909 ἀντιλογίας
3502 4838 3772 4913 ἁμαρτίαν

2114 4916 2539 4989 παρωράθησαν,
2576 4918 2794 4988 καὶτῆς
2827 4918 2902 4981 είς
2954 4922 3054 4990 τὴν
3111 4928 3215 4999 γῆν
3277 4922 3607 5001 ἐπαγγελίας
3653 4928 3772 4984 είσ-
3810 4980 3815 4987 .

2113 5003 2243 5060 ὀδου
2272 5005 2485 5079 ἀθρόως
2526 5008 2554 5062 6
2583 5006 2793 5070 δίκαιος
2832 5010 2920 5064 καὶ
2954 5011 3371 5088 ἀσυγχωρήτιυς
3403 5014 3767 5090 ἀπεστέρητο,

2110 5095 2290 5160 καθὼς
2321 5096 2411 5150 καὶ
2450 5090 2751 5171 ἔμπροσθεν
2810 5097 3045 5173 ε’ἒρηται.
3112 5106 3221 5156 Ποῦ
3280 5100 3337 5158 δὲ
3392 5107 3485 5160 καὶ
3537 5109 3571 5175 ἡ
3626 5109 3769 5183 πρὸς

354 4936 571 4990 aquam
609 4920 793 4993 jurgii
848 4921 1177 4977 admissum
1226 4920 1563 4992 posthabita
1606 4928 1782 4988 sunt;
1828 4928 2005 4992 atque

350 5008 477 5083 ipse
508 5011 756 5066 introitu
787 5011 847 5066 in
880 5010 1230 5083 promissam
1265 5016 1506 5079 terram,
1558 5011 1735 5067 homo
1778 5011 2000 5082 justus,

346 5118 591 5172 prorsus
617 5106 678 5156 et
701 5099 1120 5156 irretractabili
1153 5101 1451 5156 sententia
1467 5101 1727 5172 privatus
1751 5100 1882 5166 fuit,
1915 5101 2001 5155 uti

344 5207 524 5262 supra
555 5197 644 5247 est
671 5196 1219 5246 commemoratam.
1254 5190 1544 5255 Quorsum
1576 5191 1680 5246 Dei
1726 5206 1864 5261 erga
1895 5190 2002 5244 So-

2156 5190 2201 5240 iv
2256 5185 2600 5260 Σολομῶντα
2657 5189 2775 5243 θεία
2841 5188 3203 5266 φιλοστοργία
3285 5194 3375 5249 καὶ
3432 5197 3466 5265 ἡ
3527 5196 3766 5269 τοσαύτη

340 5276 644 5335 lomonem
668 5297 836 5335 amor
862 5284 1059 5335 tantus
1083 5284 1366 5349 tantaque
1381 5279 1569 5351 gratia
1596 5277 2000 5349 etsapientia?

2156 5275 2272 5349 άρις
2297 5296 2356 5331 τε
2383 5275 2474 5331 καὶ
2507 5278 2697 5354 σοφίας
2724 5297 2738 5347 ;
2770 5278 2860 5334 καὶ
2893 5278 2975 5342 τίς
3017 5282 3052 5349 ἡ
3106 5280 3345 5358 ὠφέλεια
3390 5291 3490 5354 τῆς
3544 5284 3772 5357 πολλῆς

338 5367 489 5431 Quid
530 5373 649 5423 tam
682 5369 890 5441 ingens
914 5366 1230 5439 prudentia
1251 5373 1428 5439 atque
1448 5367 1839 5440 intelligentia
1859 5384 1995 5438 pro-

2156 5363 2315 5436 ιείνης
2345 5369 2662 5443 φρονήσεως
2688 5367 2778 5422 καὶ
2828 5367 3116 5438 συνέσεως,
3165 5373 3255 5427 καί
3311 5374 3346 5443 ἡ
3407 5371 3769 5447 προλαϐοῦσα

335 5453 544 5523 fuit,ac
575 5457 947 5514 sobriissima
976 5457 1309 5514 divinarum
1341 5458 1864 5527 humanarumque
1898 5473 1992 5512 re-

2156 5455 2749 5546 ιιαότηινηφαλιωτάτη
2785 5455 2966 5514 ἔννοια
2992 5462 3080 5516 καί
3114 5459 3373 5540 θεολογία
3424 5476 3514 5521 καί
3568 5489 3769 5546 φυσιο-

334 5559 471 5602 rum
502 5545 899 5604 consideratio
926 5553 985 5603 et
1013 5547 1293 5621 cognitio,
1318 5563 1455 5603 cum
1487 5547 1538 5602 is
1559 5546 1634 5603 ad
1660 5552 1992 5603 extremum

2156 5545 2284 5623 ›γία,
2327 5541 2560 5624 ἔσχατον
2619 5546 2681 5605 ἐκ
2736 5552 3161 5626 γυναικομανίας
3219 5553 3297 5618 εἷς
3356 5541 3769 5632 εἰδωλομανίαν

336 5649 409 5691 ex
439 5634 656 5693 insano
698 5636 1021 5696 mulierum
1066 5652 1270 5695 amore
1319 5635 1395 5693 ad
1437 5636 1652 5711 impios
1704 5637 1993 5697 falsorum

2156 5638 2539 5709 πεπτωκότος,
2587 5638 2665 5704 ὡς
2720 5643 2904 5721 σαφῶς
2965 5637 3299 5715 δεδήλωται.
3359 5648 3450 5720 Τῷ
3504 5645 3617 5705 ὄντι
3663 5651 3773 5729 γὰρ

406 5733 456 5773 ⁸ο
484 5734 679 5798 Ecclo.
711 5753 807 5811 vn,
837 5738 932 5808 26,
960 5740 1053 5798 2⁸7.
1127 5734 1176 5776 οι
1208 5737 1286 5797 III
1314 5739 1454 5813 Reg.
1486 5755 1565 5811 xI,
1607 5741 1632 5801 ι
1667 5756 1799 5816 sqq.
