4142 6434
287 317 398 379 I35

1430 314 1971 379 HISTORIARUM
2018 314 2570 379 GOMPENDIUM.

3619 319 3741 405 90‘.

293 447 447 509 ὠδὶν
493 446 725 531 ὄφελος,
775 450 1134 527 ἐναρξάμενον
1203 448 1492 524 πνεύματι,
1557 447 1715 525 σαρκῖ
1769 446 1958 505 ἐπιτι-

2085 448 2321 507 ieorum
2353 450 2548 508 cultus
2579 451 2655 507 sit
2682 449 2997 524 prolapsus
3031 450 3059 507 ‘?
3089 452 3264 510 sicuti
3309 452 3736 511 demonstravi-

303 541 484 602 λὲσαι.
528 544 679 607 Ἕως
733 540 831 614 μὶν
888 540 995 619 γὰρ
1050 537 1298 611 ἂπήλαυε
1326 536 1597 612 Σολομῶν
1641 543 1741 609 τῆς
1771 538 1972 602 ἄνωθεν

308 631 674 708 προμηθείας,
738 629 792 685 ἐν
850 629 1046 706 ι’ρήνῃ
1105 628 1196 684 καὶ
1250 628 1467 705 γαλήνῃ
1525 625 1709 704 διῆγε,
1770 625 1975 689 πάντας

310 716 458 801 ἔχων
518 715 934 793 ὑποκειμένους,
995 717 1175 780 καθὼς
1229 716 1573 794 προείρηται,
1630 715 1719 771 καὶ
1766 713 1974 791 δασμὸν

309 810 645 884 κομίζοντας
677 810 760 864 δτι
795 807 1053 881 μάλιστα’
1085 804 1273 876 ἐπειδὴ
1317 805 1376 862 δὶ
1421 806 1626 877 ταύτης
1658 806 1974 882 ἐγυμνώθη,

308 906 429 964 τοῖς
519 900 832 971 δυσμενέσιν
918 896 1329 976 εὐεπιχείρητος
1411 895 1643 974 γέγονεν.
1719 894 1980 965 Ἀληθῶς

309 988 489 1051 ὅντως
519 983 750 1066 φοϐερὸν
789 987 855 1043 τὸ
907 986 1159 1061 ἐμπεσεῖν
1216 984 1293 1049 εἲς
1354 990 1547 1062 χεῖρας
1580 989 1716 1041 Θεοῦ
1750 989 1970 1055 ζῶντος.

308 1080 393 1153 [Ρ.
423 1080 517 1152 98]
574 1080 780 1152 Ὠσπερ
833 1076 936 1153 γὰρ
993 1076 1023 1132 6
1079 1071 1237 1141 ἔλεος
1286 1072 1546 1152 ἅρῥητος,
1596 1072 1740 1130 οὕτω
1796 1073 1886 1130 καὶ
1935 1075 1972 1144 ἠ

306 1167 539 1229 κόλασις
595 1166 987 1228 ἀνυπόστατος.
1043 1168 1164 1225 Ὀτι
1240 1161 1299 1220 δὶ
1348 1170 1467 1227 τοῖς
1522 1160 1778 1227 εῗδώλοις
1834 1161 1973 1218 ἐλά-

303 1276 518 1330 τρευσε,
548 1252 886 1328 καταλείψας
919 1255 1011 1311 τὸν
1062 1253 1235 1316 ὄντως
1288 1251 1416 1309 ὄντα
1463 1253 1592 1309 Θεὸν
1639 1257 1737 1310 τοῦ
1767 1252 1972 1329 πατρὸς

307 1345 478 1402 αὐτοῦ
509 1340 705 1412 Δαόὶδ,
736 1341 973 1416 εὔδηλον
1024 1342 1076 1415 ἐξ
1123 1344 1198 1398 ὧν
1248 1343 1338 1398 καί
1390 1341 1584 1421 Ἀχίας
1619 1342 1647 1397 6
1677 1343 1972 1419 προφήτης

302 1429 408 1513 ἔφη
444 1435 583 1511 πρὸς
612 1434 706 1489 τὸν
742 1428 1053 1510 Ἰεροϐοάμο
1113 1457 1141 1485 ‹‹
1173 1430 1316 1491 Τάδε
1361 1428 1512 1487 λέλει
1560 1432 1785 1507 Κύριος
1826 1427 1974 1486 Ἰδοὺ

303 1526 419 1600 ἐγὼ
451 1524 644 1600 ῥήσσω
674 1524 773 1592 τὴν
809 1521 1086 1599 βασιλείαν
1119 1521 1179 1578 ἐκ
1225 1523 1415 1602 χειρὸς
1456 1519 1848 1594 Σολομῶντος,
1880 1518 1971 1576 καὶ

304 1612 472 1671 δώσω
502 1635 590 1670 σοι
621 1614 690 1669 τὰ
720 1610 852 1669 δέκα
903 1619 1175 1688 σκῆπτρα,
1232 1611 1323 1667 καὶ
1380 1611 1476 1668 δύο
1528 1615 1776 1686 σκῆπτρα
1808 1608 1971 1665 δώσω

304 1704 455 1776 αὖνῷ
485 1700 580 1759 διά
611 1698 779 1758 Δαϐὶδ
806 1701 900 1758 τὸν
939 1698 1138 1759 δοῦλόν
1188 1722 1297 1777 μου
1342 1701 1432 1757 καὶ
1479 1700 1848 1776 Ἰερουσαλὴμ
1870 1700 1969 1769 τήν

302 1791 472 1849 πόλιν
532 1813 660 1867 μοο,
718 1792 782 1861 ἦν
857 1790 1184 1865 ἐξελεξάμην
1250 1788 1311 1846 ἐκ
1378 1792 1565 1846 πασῶν
1621 1794 1730 1846 τῶν
1783 1789 1968 1867 φυλῶν

302 1879 556 1958 Ἰσραῆλ,
600 1880 719 1948 ἀνθ,
780 1881 856 1935 ὧν
910 1877 1231 1955 ἐγκατελιπέ
1290 1901 1378 1954 με,
1432 1879 1524 1935 καὶ
1584 1876 1873 1935 ἐδούλευσε
1900 1880 1970 1954 τῇ

300 1971 576 2047 Ἀστςὶρτῃ
641 1966 991 2045 βδελυγματι
1068 1965 1353 2041 Σιδονίων,
1417 1968 1508 2024 καὶ
1587 1968 1667 2041 τῷ
1764 1965 1972 2040 Χαμὼς

311 2057 526 2134 εἰδώλῳ
557 2054 753 2130 Μωᾶὄ,
783 2058 876 2115 καὶ
935 2064 1016 2132 τῷ
1074 2059 1335 2135 Μελχὼμ
1363 2056 1809 2134 προσοχθίσματι
1839 2056 1972 2112 υἱῶν

316 2150 531 2222 ’Λμῶν,
578 2149 665 2205 καί
724 2153 980 2225 γυναῖκας
1057 2147 1355 2223 ἀλλοτρίας
1430 2144 1669 2209 πολλάς.
1732 2145 1835 2204 Καὶ
1892 2139 1970 2201 ἔτι

323 2234 491 2294 ἔλαϐε
513 2240 605 2309 τήν
631 2240 903 2316 θυγατέρα
934 2236 1139 2313 Φαραὼ
1192 2238 1251 2293 ἐκ
1305 2241 1415 2293 τῶν
1468 2236 1635 2301 ἐθνῶν
1668 2235 1743 2290 ὧν
1775 2234 1973 2290 ἀπεῖπε

321 2326 513 2401 Κύριος
556 2332 669 2391 τοῖς
725 2328 866 2390 υἱοῖς
928 2325 1169 2403 Ἰσραήλ·
1227 2325 1343 2385 Οὐκ
1397 2324 1761 2382 εἰσελεύσεσθε
1792 2323 1842 2397 ἐν
1873 2323 1969 2378 αὖ·

310 2422 446 2484 τοῖς,
475 2417 565 2472 καὶ
620 2414 775 2473 αυτοὶ
835 2416 937 2472 οὐκ
994 2414 1392 2472 εἰσελεύσονται
1441 2415 1520 2478 εἷς
1576 2416 1741 2489 ὑμᾶς,
1771 2412 1858 2468 ἳνα
1890 2412 1968 2488 μή

304 2504 602 2562 ἐκκλίνωσι
656 2506 753 2571 τὰς
808 2503 1035 2582 καρδίας
1095 2507 1248 2581 ὑμῶν
1315 2502 1493 2561 δπίσω
1553 2508 1661 2559 τῶν
1720 2500 1968 2558 εἰδώλων

300 2595 510 2651 αὐτῶν.
566 2594 672 2651 Καὶ
724 2586 945 2650 ἔκλιναν
1003 2591 1168 2649 αὐτοῦ
1239 2594 1340 2664 τήν
1400 2589 1624 2669 καρδίαν
1688 2590 1740 2647 ἐν
1796 2593 1973 2666 καιρῷ

301 2688 494 2759 γήρως
524 2682 692 2738 αὐτοῦ
751 2682 928 2739 ὀπίσω
982 2687 1091 2739 τῶν
1148 2687 1286 2747 θεῶν
1340 2682 1536 2738 αὐτῶν.
1598 2680 1703 2737 Καὶ
1755 2675 1973 2752 ᾠκοδό-

306 2793 480 2847 μησεν
514 2772 729 2846 ὑψηλὸν
765 2777 845 2846 τῷ
894 2773 1102 2847 Χαμὼς
1161 2770 1380 2845 εἰδώλῳ
1426 2766 1604 2829 Μωάϐ
1636 2769 1688 2826 ἐν
1720 2774 1802 2842 τῷ
1832 2765 1969 2841 ὄρει,

302 2861 393 2918 ἐπὶ
425 2861 726 2936 προσώπου
757 2860 1073 2938 Ἰερουσαλή
1086 2884 1147 2936 μ,
1206 2861 1295 2917 καὶ
1352 2865 1433 2934 τῷ
1463 2859 1723 2936 Μελχὼμ
1753 2856 1972 2932 εἰδώλῳ

299 2952 437 3006 υἱῶν
472 2951 689 3025 Ἀμὼν,
718 2950 810 3005 καὶ
840 2955 908 3027 τῇ
966 2951 1241 3027 ’Δστάρτη
1307 2947 1651 3027 βδελύγματι
1684 2945 1968 3003 Σιδονίων⁸

296 3039 391 3095 καὶ
441 3039 621 3105 οὕτως
671 3037 897 3111 ἐποίησε
941 3037 1136 3103 πάσαις
1182 3043 1304 3102 ταῖς
1352 3039 1595 3114 γυναιξὶν
1636 3036 1803 3093 αὐτοῦ
1848 3040 1969 3096 ταῖς

296 3130 652 3203 ἀλλοτρίαις,
684 3127 741 3185 αἳ
771 3129 1013 3204 ἐθυμίων
1064 3131 1156 3185 καὶ
1188 3126 1346 3185 ἔθυον
1386 3133 1504 3190 τοῖς
1558 3124 1817 3189 εἰδώλοις
1872 3122 1974 3180 αὒ-

2084 540 2536 596 mus.Nimirum
2567 557 2771 598 revera
2790 558 2908 597 non
2948 540 3191 615 prodest
3221 544 3435 614 spiritu
3465 544 3733 617 coepisse,

2082 627 2185 683 ubi
2218 645 2394 686 carne
2426 627 2729 685 absolvere
2761 630 2924 685 velis.
2968 630 3197 702 Quippe
3221 630 3522 699 Solomon,
3555 649 3741 704 quan-

2084 716 2184 772 diu
2244 716 2456 774 divinas
2519 718 2902 790 providentiae
2961 720 3289 775 commodis
3364 721 3552 777 fretus
3602 720 3737 791 fuit,

2085 814 2330 864 eatenus
2352 814 2623 881 pacatam
2653 825 2722 864 ac
2747 809 3123 882 tranquillam
3141 811 3320 867 vitam
3345 812 3480 884 egit,
3505 827 3736 882 omnes,

2082 905 2149 955 ut
2177 898 2739 963 diximus,subditos
2772 915 2839 954 ac
2859 899 3280 972 stipendiarios
3328 900 3574 956 habens.
3624 901 3734 955 De-

2084 989 2326 1044 stitutus
2358 987 2430 1043 ab
2464 1004 2532 1043 ea
2570 988 2762 1043 facilis
2790 994 3004 1044 vexata
3054 988 3325 1045 hostibus
3381 989 3513 1045 fuit.
3573 988 3736 1045 Adeo

2082 1094 2285 1134 verum
2318 1083 2428 1144 est,
2463 1075 2724 1133 terribile
2757 1094 2885 1134 esse
2934 1079 2996 1133 in
3046 1095 3258 1134 manus
3316 1078 3418 1134 Dei
3474 1078 3745 1135 incidere-

2082 1167 2329 1223 viventis
2362 1167 2570 1239 :cujus
2599 1172 2666 1222 ut
2694 1164 3014 1224 ineiTabilis
3045 1169 3199 1224 112
3243 1171 3333 1224 est
3392 1167 3737 1224 misericor-

2083 1255 2204 1325 dia,
2236 1257 2320 1313 ita
2350 1262 2407 1312 et
2431 1256 2836 1313 intolerabiles
2868 1262 3009 1313 sunt
3036 1275 3244 1329 poene.
3302 1259 3483 1313 Porro
3532 1262 3734 1313 autem

2083 1345 2145 1401 in
2168 1352 2451 1417 promptu
2475 1351 2565 1401 cst
2602 1346 2982 1402 Solomonem
3007 1344 3286 1403 derelicto
3315 1363 3451 1402 vero
3484 1348 3601 1402 Deo
3633 1363 3735 1419 pa-

2082 1434 2190 1490 tris
2224 1435 2315 1492 sui
2347 1435 2552 1491 Davidi
2585 1435 2923 1492 simulacris
2945 1435 3210 1492 divinum
3229 1435 3512 1493 detulisse
3544 1436 3738 1491 hono-

2081 1540 2379 1591 rem,cum
2411 1525 2538 1581 haec
2554 1525 2871 1583 sintverba
2899 1526 3096 1583 Achiae
3142 1526 3292 1583 vatis
3349 1526 3423 1583 ad
3453 1524 3738 1583 Jeroboa—

2083 1631 2286 1670 mum:
2329 1637 2357 1664 «
2416 1617 2563 1671 Ecce
2623 1632 2728 1688 ego
2786 1616 3078 1688 obrumpo
3127 1632 3376 1690 regnum
3425 1633 3497 1672 ex
3552 1630 3738 1672 manu

2082 1702 2435 1759 Solomonis.
2470 1703 2599 1759 Tibi
2630 1704 2836 1761 decem
2869 1704 3056 1760 tribus
3086 1704 3239 1761 dabo
3274 1723 3287 1761 :
3321 1705 3467 1762 duas
3497 1705 3612 1778 ipsi
3638 1722 3739 1760 re—

2080 1791 2371 1863 linquam,
2404 1792 2464 1847 in
2496 1793 2748 1865 gratiam
2782 1793 2981 1849 David:
3014 1795 3163 1850 servi
3193 1793 3312 1851 mei
3343 1811 3410 1851 ac
3466 1794 3736 1849 Hieroso-

2082 1880 2378 1954 lymorum
2410 1880 2575 1937 urbis
2604 1898 2772 1943 mea).
2808 1899 2987 1954 quam
3021 1882 3092 1938 de
3117 1883 3392 1939 omnibus
3435 1882 3734 1939 Israelicis

2080 1970 2353 2026 tribubus
2384 1970 2529 2026 mihi
2564 1971 2775 2045 delegi.
2806 1973 2995 2028 Causa
3026 1978 3137 2040 est,
3173 1972 3332 2044 quod
3380 1989 3474 2028 me
3534 1976 3733 2044 spreto

2077 2061 2375 2115 Astartam
2398 2060 2802 2128 Sidoniorum,
2835 2062 3193 2118 Chamosum
3236 2060 3649 2128 Moabitarum,
3674 2064 3735 2115 et

2075 2147 2470 2202 Melchomum
2510 2148 2988 2204 Ammonitarum
3045 2147 3445 2203 abominanda
3492 2146 3737 2203 simula-

2075 2251 2176 2292 cra
2207 2235 2405 2291 divino
2426 2235 2589 2291 cultu
2618 2234 3014 2291 honoravit”.
3031 2237 3419 2293 Duxitautem
3444 2236 3727 2292 Solomon

2074 2341 2289 2380 uxores
2312 2325 2531 2380 multas
2559 2325 2949 2398 alienigenas,
2973 2330 3032 2381 et
3063 2325 3301 2381 tandem
3331 2326 3511 2382 etiam
3570 2326 3723 2382 Pha—

2074 2414 2273 2469 raonis
2306 2414 2513 2481 ﬁliam,
2534 2414 2761 2486 nuptiis
2784 2415 3105 2471 contractis
3127 2432 3262 2471 cum
3284 2415 3559 2489 gentibus
3577 2431 3726 2487 qua-

2072 2519 2206 2558 rum
2226 2502 2620 2558 affinitatibus
2639 2503 3150 2560 etnecessitudine
3167 2504 3317 2560 Deus
3340 2503 3732 2560 interdixerat

2073 2591 2148 2647 ob
2179 2592 2333 2648 hanc
2361 2608 2512 2661 rem,
2536 2609 2612 2647 ne
2644 2608 2728 2648 eae
2751 2592 3170 2648 Israelicorum
3194 2593 3425 2648 animos
3457 2608 3525 2649 ea
3555 2608 3732 2649 occa-

2073 2681 2241 2736 sione
2298 2697 2333 2735 a
2378 2682 2498 2737 Deo
2556 2680 2632 2736 ad
2685 2679 3143 2737 simulacrorum
3195 2682 3447 2754 impium
3502 2681 3731 2738 cultum

2074 2769 2460 2825 abducerent.
2493 2770 2658 2836 Quod
2692 2770 2932 2841 quidem
2971 2769 3271 2826 Solomoni
3303 2776 3579 2843 provecta
3601 2770 3731 2843 jam

2076 2865 2250 2915 mtate
2281 2875 2315 2915 a
2347 2860 2469 2915 suis
2490 2859 2781 2915 uxoribus
2828 2860 3067 2926 accidit,
3115 2859 3263 2916 adeo
3322 2866 3390 2916 ut
3439 2860 3731 2916 Chamoso

2075 2948 2394 3004 delubrum
2426 2954 2759 3004 exstrueret
2788 2948 3045 3005 sublime
3078 2950 3140 3005 in
3171 2955 3375 3005 monte
3397 2966 3432 3005 a
3484 2949 3729 3023 regione

2076 3036 2827 3109 Hierosolymzeﬁtemquee
2851 3038 3184 3094 Melchomo
3218 3044 3276 3095 et
3302 3039 3737 3102 Astartes-Moa-

2082 3125 2850 3183 bitarum.Ammonitarum
2873 3132 2932 3182 et.
2953 3127 3332 3184 Sidoniorum
3368 3128 3735 3184 detestandis

296 3223 433 3279 τῶν.
468 3222 576 3278 Καὶ
606 3219 854 3299 ὠργίσθη
908 3219 1103 3295 Κύριος
1152 3224 1233 3292 τῷ
1286 3218 1630 3292 Σολομῶντι,
1669 3218 1761 3273 καὶ
1794 3216 1963 3271 εἶπεν*

2085 3215 2439 3272 simulacris.
2469 3218 2662 3288 Atque
2695 3216 2903 3272 eodem
2936 3217 3110 3273 modo
3143 3217 3389 3289 singulis
3420 3218 3543 3274 suis
3562 3234 3734 3290 pere-

297 3312 454 3376 ‘Avo’
514 3312 589 3366 ὢν
645 3310 747 3365 οὐκ
803 3309 1070 3390 ἐφῦλαξας
1124 3310 1194 3364 τὰ
1247 3307 1647 3383 προστάγματά
1693 3326 1799 3380 μου
1829 3304 1861 3360 ἃ
1892 3304 1971 3359 ἐν·

301 3398 604 3472 ετειλάμην
663 3420 773 3468 σοι,
828 3395 1175 3473 διαρῥήσσων
1238 3395 1519 3473 διαῤῥηξω
1551 3396 1652 3465 τὴν
1687 3392 1967 3471 βασιλείαν

304 3510 407 3546 σου
437 3489 500 3545 ἐκ
527 3490 719 3562 χειρός
778 3509 899 3557 σου,
949 3488 1043 3543 καὶ
1092 3484 1255 3543 δώσω
1305 3486 1480 3556 αὐτὴν
1510 3490 1589 3557 τῷ
1619 3483 1806 3557 δούλῳ
1833 3499 1960 3538 σου·

306 3576 461 3647 πλὴν
520 3576 573 3632 ἐν
629 3581 751 3639 ταῖς
807 3577 1046 3651 ἡμέραις
1097 3595 1197 3629 σου
1254 3573 1321 3628 οὐ
1377 3574 1596 3643 ποιήσω
1625 3575 1815 3640 ταῦτα,
1846 3567 1973 3625 οὖδὶ

309 3666 453 3738 δλην
500 3668 601 3737 τήν
641 3662 921 3741 βασιλείαν
974 3661 1252 3738 λήψομαι.
1288 3669 1577 3737 Σκῆπτρον
1603 3659 1658 3717 ’ἐν
1692 3658 1854 3716 δώσω
1885 3679 1970 3714 σοι

309 3754 404 3812 διὰ
432 3751 601 3813 Δαϐἱδ
629 3756 725 3812 τὸν
758 3752 957 3810 δοῦλόν
990 3774 1097 3828 μου
1142 3751 1231 3808 καὶ
1291 3751 1380 3808 διὰ
1430 3754 1531 3823 τήν
1591 3749 1876 3828 βασιλείαν
1906 3750 1973 3819 ἢν

306 3844 639 3919 ἐξελεξάμην
652 3890 664 3902 .
699 3866 729 3896 ιο

385 4109 748 4169 Ἀποθανόντι
796 4107 855 4165 δὲ
901 4113 983 4181 τῷ
1033 4103 1199 4164 Δαϐὶδ
1244 4106 1472 4179 ἐποίησε
1520 4103 1793 4180 Σολομῶν
1826 4125 1975 4179 μνη-

311 4206 475 4275 μεῖον
505 4200 652 4277 παρᾶ
697 4202 778 4271 τῷ
827 4195 1064 4272 Σιλωὰμ
1118 4194 1388 4274 ἆντρῶδες
1440 4193 1530 4251 διὰ
1592 4195 1808 4270 βάθους,
1841 4194 1982 4269 πρὸς

300 4291 376 4346 τὸ
413 4292 493 4364 μὴ
545 4289 772 4365 δρᾶσθαι
827 4286 1319 4364 μεμηχανημένον.
1377 4283 1765 4361 Συγκατώρυξε
1809 4280 1868 4339 δὶ
1898 4287 1980 4358 τῷ

300 4378 484 4455 πατρῖ
542 4378 634 4434 καὶ
695 4379 929 4454 χρυσίου
982 4374 1200 4438 πολλᾶς
1258 4372 1549 4450 μυριάδας,
1599 4373 1675 4436 ὡς
1708 4371 1979 4443 Ἰώσηπός

305 4489 509 4548 φησιν.
543 4469 693 4524 Ἐκεῖ
736 4466 824 4521 καὶ
880 4465 1038 4528 αὐτὸς
1086 4466 1114 4520 6
1167 4461 1441 4537 Σολομῶν
1469 4462 1757 4527 ἀποθανὼν
1784 4460 1979 4540 ἐτάφη.

2078 3304 2264 3378 grinis
2314 3305 2603 3361 uxoribus
2660 3311 2751 3360 est
2807 3306 3191 3377 gratificatus,
3250 3305 3570 3362 simulacra
3628 3322 3737 3362 sua

2080 3393 2375 3450 adolendo
2410 3400 2467 3449 et
2499 3394 2891 3450 sacriﬁcando
2926 3394 3285 3451 colentibus.
3309 3396 3499 3451 Iratus
3535 3395 3733 3467 itaque

2082 3486 2235 3540 Deus
2266 3484 2571 3539 Solomoni
2604 3484 2772 3553 dixit,
2801 3484 3038 3556 quando
3069 3487 3119 3540 is
3150 3491 3447 3558 praecepta
3476 3503 3584 3542 sua
3612 3502 3737 3542 non

2082 3573 2475 3638 observasset,
2510 3589 2573 3629 se
2604 3573 2863 3630 vicissim
2916 3590 3167 3647 regnum
3207 3575 3259 3630 ei
3329 3575 3401 3630 de
3458 3574 3736 3631 manibus

2080 3670 2352 3735 ereptum
2388 3678 2555 3717 servo
2586 3663 2774 3734 ipsius
2809 3663 3447 3729 traditurum,tametsi
3472 3664 3585 3720 hoc
3606 3664 3737 3736 ipso

2080 3754 2206 3809 vivo
2238 3770 2360 3809 non
2383 3754 2420 3807 I
2442 3754 2540 3810 13
2573 3759 2730 3810 esset
2751 3754 3035 3823 facturus,
3061 3772 3256 3827 neque
3279 3760 3467 3811 totum
3489 3771 3740 3827 regnum

2081 3843 2404 3909 ablaturus,
2466 3843 2570 3899 sed
2631 3860 2814 3900 unam
2859 3844 3081 3901 tribum
3139 3846 3392 3917 posteris
3450 3845 3579 3918 ejus
3635 3844 3737 3901 da.

2081 3937 2276 3999 turus,
2325 3931 2526 3988 Davidi
2589 3932 2776 3989 bausa
2806 3934 2958 3989 servi
3018 3934 3109 3990 sui
3142 3939 3201 3990 et
3230 3935 3431 3990 electa
3461 3950 3498 3990 a
3549 3950 3610 3989 se
3632 3949 3739 3989 ur-

2084 4021 2198 4077 bis.
2233 4042 2261 4071 »

2153 4111 2290 4165 Vita
2320 4109 2523 4165 functo
2579 4110 2800 4166 Davido
2860 4111 3202 4184 sepulcrum
3242 4111 3523 4167 Solomon
3580 4111 3738 4184 apud

2087 4198 2412 4254 Siloamum
2454 4197 2783 4267 aedificavit,
2842 4205 3035 4254 totum
3093 4201 3155 4255 in
3214 4215 3425 4272 specus
3481 4200 3739 4256 formam

2087 4289 2473 4352 effectumme
2504 4293 2669 4343 eeset
2686 4290 3077 4361 conspicuum
3108 4307 3122 4357 ;
3156 4295 3372 4346 etcum
3404 4294 3571 4361 patre
3599 4304 3738 4345 cum

2086 4377 2169 4433 ibi
2200 4375 2499 4432 defodisse
2520 4377 2710 4434 multa
2727 4378 3089 4434 talentorum
3105 4378 3234 4435 auri
3252 4378 3744 4451 milliaJosepbus

2091 4466 2316 4523 scribit.
2348 4466 2574 4523 Ibidem
2607 4473 2666 4523 et
2695 4468 2978 4525 Solomon
3039 4468 3202 4525 obita
3250 4474 3440 4525 morte
3473 4468 3745 4541 sepultus

306 4538 458 4617 λιθασὶ
496 4557 557 4614 δὶ
585 4556 679 4613 καὶ
709 4557 960 4630 Ὑρκανὸν
997 4552 1217 4625 ὕστερον
1273 4552 1367 4609 τὸν
1422 4554 1590 4627 ἰερὲα,
1627 4559 1728 4623 τῆς
1756 4538 1974 4615 πόλεως

2087 4560 2195 4612 est.
2223 4555 2546 4611 Perhibent
2569 4562 2776 4629 postea
2807 4559 3092 4630 temporis
3114 4560 3451 4630 Hyrcanum
3501 4538 3747 4633 pontifi-

303 4648 822 4723 πολιορκουμένης,
883 4646 1091 4716 ἀνοῖξαι
1145 4643 1209 4700 τὸ
1286 4647 1554 4717 μνημεῖον
1619 4643 1708 4698 καὶ
1771 4645 1980 4717 χρυσοῦ

308 4736 613 4813 τρισχίλια
667 4734 905 4792 ταλαντα
980 4733 1177 4789 ἐκεῖθεν
1256 4730 1578 4809 ἐκφορῆσαι.
1634 4728 1811 4788 Ἀλλᾶ
1888 4732 1977 4786 καὶ

300 4824 576 4904 Ἡρώδην
614 4825 730 4898 μετ’
758 4823 918 4880 αὐτὸν
945 4824 1151 4894 ἀνοῖξαι
1206 4821 1305 4895 μὶν
1352 4822 1444 4877 τὸν
1492 4820 1685 4899 τάφον,
1716 4822 1983 4896 χρήματα

310 4914 379 4973 Si
431 4917 511 4989 μὴ
562 4916 759 4991 εὑρεῖνο
792 4914 1000 4986 κόσμον
1045 4910 1104 4968 δὲ
1141 4914 1385 4991 χρυσοῦν
1414 4909 1505 4965 καὶ
1534 4907 1804 4981 κειμήλια
1831 4910 1981 4983 πάμ⁸

307 5004 508 5061 πολλα
536 5008 729 5060 τοῦτον
770 4999 1053 5058 ἀνελέσθαι
1106 5000 1409 5075 ἱστοροῦσι,
1459 4999 1781 5074 πειραθέντα
1811 4996 1867 5054 δὶ
1892 4998 1982 5053 καὶ

308 5092 586 5172 ἐνδοτέρω
619 5099 829 5172 χωρεῖν
860 5092 990 5168 πυρὶ
1021 5089 1398 5167 ἐπισχεθῆναι.

388 5186 785 5244 Ἀποθανεῖντος
844 5178 906 5237 δὲ
976 5184 1077 5236 τοῦ
1154 5176 1524 5251 Σολομῶντος
1581 5172 1825 5251 Ῥοϐοᾶμ
1881 5180 1982 5247 τὴν

316 5273 593 5349 βασιλείαν
650 5269 1002 5346 διαδέχεται.
1058 5268 1158 5323 Καὶ
1216 5266 1378 5330 αὐτὸς
1449 5262 1693 5335 ἀπῆλθεν
1754 5266 1830 5329 εἰς
1889 5266 1984 5323 Σί-

312 5386 462 5440 κιμα,
496 5367 579 5425 ὅτι
639 5363 761 5422 ἐκεῖ
827 5363 938 5423 πᾶς
994 5355 1216 5433 Ἰσραὴλ
1264 5356 1504 5431 ἀπῄεσαν
1534 5359 1633 5411 τοῦ
1670 5356 1986 5430 βασιλεῦσαι

308 5456 479 5516 αὐτόν’
511 5457 600 5515 καί
638 5450 932 5521 ἐλάλησεν
968 5447 996 5502 ὁ
1025 5446 1157 5508 λαὸς
1214 5446 1352 5524 πρὸς
1400 5440 1665 5517 Ῥοϐοάμ.
1698 5447 1755 5503 Ὀ
1804 5448 1986 5522 πατήρ

295 5573 383 5611 σου
412 5549 648 5611 ἐϐαςυνε
679 5546 781 5602 τὸν
815 5537 1019 5596 κλοιὸν
1070 5539 1255 5611 ἡμῶν,
1307 5537 1396 5592 καὶ
1461 5536 1524 5591 σὺ
1574 5540 1668 5591 νῦν
1699 5537 1987 5613 κούφισον,

278 5646 363 5704 καῖ
391 5614 792 5712 δουλεύσομεν
824 5648 945 5684 σοι.
983 5626 1081 5680 Καὶ
1132 5626 1276 5680 εἶπεν
1311 5625 1341 5680 6
1376 5621 1656 5701 βασιλεύς*
1692 5626 1990 5693 Ἀπέλθετε

333 5771 384 5809 οι
409 5767 497 5830 ιιι
526 5766 685 5835 Reg,
737 5766 824 5817 xl,
865 5742 1071 5799 31.33.

2090 4666 2384 4717 cem,cum
2414 4650 2559 4705 urbs
2607 4650 2915 4707 obsidione
2964 4656 3357 4723 premeretur,
3390 4656 3595 4722 aperto
3628 4665 3751 4705 mo-

2090 4746 2378 4796 numento
2409 4740 2539 4796 auri
2582 4740 2805 4796 talenta
2852 4747 2940 4796 ter
2970 4741 3134 4796 mille
3192 4740 3331 4795 inde
3383 4746 3749 4813 exportasse.

2090 4834 2232 4887 Post
2262 4831 2421 4886 hunc
2452 4831 2745 4886 Herodem
2775 4831 2933 4887 idem
2964 4836 3295 4887 tentantem
3318 4829 3588 4903 pecuniae
3602 4828 3753 4884 nihil

2093 4920 2415 4986 invenisse,
2467 4920 2579 4976 sed
2620 4938 2799 4978 aurea
2856 4927 3208 4978 ornamenta
3262 4927 3440 4992 atque
3490 4919 3755 4990 reposita

2094 5010 2342 5066 donaria
2370 5010 2669 5082 permulta
2698 5010 3043 5077 abstulisse;
3077 5011 3447 5082 interiusque
3478 5013 3753 5080 penetra-

2094 5117 2158 5157 re
2185 5115 2526 5172 aggressum
2561 5101 2682 5172 igni
2714 5100 2898 5157 fuisse
2930 5100 3321 5172 prohibitum.

2168 5189 2470 5244 Solomoni
2506 5187 2844 5245 Roboamus
2894 5189 3201 5246 successit.
3264 5190 3434 5250 Eum,
3495 5202 3629 5242 cum
3677 5185 3755 5242 ad

2096 5280 2339 5335 comitia
2368 5279 2575 5352 populi
2609 5297 2807 5354 regem
2828 5281 3027 5351 ipsum
3044 5278 3757 5336 declaraturiSichemam

2095 5369 2384 5433 venisset,
2445 5369 2705 5442 populus
2761 5370 2986 5442 rogavit
3042 5369 3129 5424 uti
3171 5370 3404 5442 jugum,
3464 5367 3623 5440 quod
3674 5366 3760 5422 eis

2100 5464 2272 5531 pater
2302 5459 2490 5531 ipsius
2520 5464 2913 5532 aggravasset,
2969 5460 3225 5514 levaret:
3261 5459 3344 5514 ita
3402 5475 3463 5514 se
3512 5462 3753 5530 paratos

2102 5564 2232 5604 esse
2264 5548 2340 5604 ad
2373 5547 2752 5603 serviendum
2777 5547 2910 5619 ipsi.
2944 5546 3283 5603 Roboamus
3314 5547 3621 5603 discedere
3651 5562 3758 5617 po-

2100 5638 2243 5712 pulo
2263 5644 2440 5711 atque
2474 5637 2670 5693 triduo
2693 5642 2827 5710 post
2848 5637 2921 5693 ad
2965 5636 3379 5709 accipiendum
3408 5650 3760 5710 responsum
