  <div class='ocr_page' id='page_1' title='image "/cluster/home/n/w/nwhite01/storage/ocr_20150623/121:no.1/coo.31924054870260/111.png"; bbox 0 0 4142 6416; ppageno 0'>
   <div class='ocr_carea' id='block_1_1' title="bbox 375 324 493 414">
    <p class='ocr_par' dir='ltr' id='par_1_1' title="bbox 375 324 493 414">
     <span class='ocr_line' id='line_1_1' title="bbox 375 324 493 414; baseline 0.008 -1"><span class='ocrx_word' id='word_1_1' title='bbox 375 324 493 414; x_wconf 70' lang='grc' dir='ltr'>Ξοτ</span> 
     </span>
    </p>
   </div>
   <div class='ocr_carea' id='block_1_2' title="bbox 1733 324 2446 410">
    <p class='ocr_par' dir='ltr' id='par_1_2' title="bbox 1733 324 2446 410">
     <span class='ocr_line' id='line_1_2' title="bbox 1733 324 2446 410; baseline 0.001 -1"><span class='ocrx_word' id='word_1_2' title='bbox 1733 344 2056 409; x_wconf 76' lang='lat' dir='ltr'>oeoacn</span> <span class='ocrx_word' id='word_1_3' title='bbox 2100 324 2446 410; x_wconf 64' lang='lat' dir='ltr'>causam</span> 
     </span>
    </p>
   </div>
   <div class='ocr_carea' id='block_1_3' title="bbox 3680 336 3803 414">
    <p class='ocr_par' dir='ltr' id='par_1_3' title="bbox 3680 336 3803 414">
     <span class='ocr_line' id='line_1_3' title="bbox 3680 336 3803 414; baseline -0.016 -1"><span class='ocrx_word' id='word_1_4' title='bbox 3680 336 3803 414; x_wconf 73' lang='lat'>203&#39;</span> 
     </span>
    </p>
   </div>
   <div class='ocr_carea' id='block_1_4' title="bbox 373 456 2012 559">
    <p class='ocr_par' dir='ltr' id='par_1_4' title="bbox 373 456 2012 559">
     <span class='ocr_line' id='line_1_4' title="bbox 373 456 2012 559; baseline -0.002 -16"><span class='ocrx_word' id='word_1_5' title='bbox 373 485 569 543; x_wconf 87' lang='lat' dir='ltr'>redire</span> <span class='ocrx_word' id='word_1_6' title='bbox 586 484 777 559; x_wconf 85' lang='lat' dir='ltr'>jusso,</span> <span class='ocrx_word' id='word_1_7' title='bbox 801 456 1004 559; x_wconf 82' lang='lat' dir='ltr'>populi</span> <span class='ocrx_word' id='word_1_8' title='bbox 1024 484 1323 558; x_wconf 87' lang='lat' dir='ltr'>postulata</span> <span class='ocrx_word' id='word_1_9' title='bbox 1335 500 1470 541; x_wconf 91' lang='lat' dir='ltr'>cum</span> <span class='ocrx_word' id='word_1_10' title='bbox 1498 482 1739 541; x_wconf 86' lang='lat' dir='ltr'>senibus</span> <span class='ocrx_word' id='word_1_11' title='bbox 1752 497 2012 540; x_wconf 87' lang='lat' dir='ltr'>commu-</span> 
     </span>
    </p>
   </div>
   <div class='ocr_carea' id='block_1_5' title="bbox 2123 456 3803 559">
    <p class='ocr_par' dir='ltr' id='par_1_5' title="bbox 2134 477 3803 557">
     <span class='ocr_line' id='line_1_5' title="bbox 2134 477 3803 557; baseline 0.003 -21"><span class='ocrx_word' id='word_1_12' title='bbox 2134 477 2238 541; x_wconf 74' lang='grc' dir='ltr'>ἕως</span> <span class='ocrx_word' id='word_1_13' title='bbox 2267 480 2494 556; x_wconf 77' lang='grc' dir='ltr'>ἡμερῶν</span> <span class='ocrx_word' id='word_1_14' title='bbox 2535 486 2723 557; x_wconf 81' lang='grc' dir='ltr'>τριῶν·</span> <span class='ocrx_word' id='word_1_15' title='bbox 2786 480 3173 557; x_wconf 70' lang='grc' dir='ltr'>ἀναστρέψατε,</span> <span class='ocrx_word' id='word_1_16' title='bbox 3228 481 3320 537; x_wconf 78' lang='grc' dir='ltr'>καὶ</span> <span class='ocrx_word' id='word_1_17' title='bbox 3374 481 3609 554; x_wconf 93' lang='grc' dir='ltr'>λαλήσω</span> <span class='ocrx_word' id='word_1_18' title='bbox 3643 482 3803 557; x_wconf 84' lang='grc' dir='ltr'>ὑμῖν.</span> 
     </span>
    </p>
   </div>
   <div class='ocr_carea' id='block_1_6' title="bbox 377 574 2028 648">
    <p class='ocr_par' dir='ltr' id='par_1_6' title="bbox 377 574 2028 648">
     <span class='ocr_line' id='line_1_6' title="bbox 377 574 2028 648; baseline -0.004 -15"><span class='ocrx_word' id='word_1_19' title='bbox 377 576 668 633; x_wconf 90' lang='lat' dir='ltr'>nicavit.li</span> <span class='ocrx_word' id='word_1_20' title='bbox 686 575 1115 632; x_wconf 79' lang='lat' dir='ltr'>consuluerunt</span> <span class='ocrx_word' id='word_1_21' title='bbox 1143 576 1229 631; x_wconf 91' lang='lat' dir='ltr'>uti</span> <span class='ocrx_word' id='word_1_22' title='bbox 1250 574 1471 648; x_wconf 90' lang='lat' dir='ltr'>populo</span> <span class='ocrx_word' id='word_1_23' title='bbox 1494 590 1720 632; x_wconf 90' lang='lat' dir='ltr'>morem</span> <span class='ocrx_word' id='word_1_24' title='bbox 1756 578 1989 645; x_wconf 82' lang='lat' dir='ltr'>gereret</span> <span class='ocrx_word' id='word_1_25' title='bbox 2015 588 2028 626; x_wconf 92' lang='lat'><strong>:</strong></span> 
     </span>
    </p>
   </div>
   <div class='ocr_carea' id='block_1_7' title="bbox 376 663 2029 738">
    <p class='ocr_par' dir='ltr' id='par_1_7' title="bbox 376 663 2029 738">
     <span class='ocr_line' id='line_1_7' title="bbox 376 663 2029 738; baseline -0.003 -16"><span class='ocrx_word' id='word_1_26' title='bbox 376 666 457 729; x_wconf 85' lang='lat' dir='ltr'>ita</span> <span class='ocrx_word' id='word_1_27' title='bbox 482 682 617 721; x_wconf 89' lang='lat' dir='ltr'>eum</span> <span class='ocrx_word' id='word_1_28' title='bbox 634 666 741 723; x_wconf 89' lang='lat' dir='ltr'>sub</span> <span class='ocrx_word' id='word_1_29' title='bbox 765 682 828 721; x_wconf 90' lang='lat' dir='ltr'>se</span> <span class='ocrx_word' id='word_1_30' title='bbox 850 671 1135 738; x_wconf 88' lang='lat' dir='ltr'>perpetuo</span> <span class='ocrx_word' id='word_1_31' title='bbox 1157 665 1521 721; x_wconf 87' lang='lat' dir='ltr'>habiturum.</span> <span class='ocrx_word' id='word_1_32' title='bbox 1557 663 1819 719; x_wconf 80' lang='lat' dir='ltr'>Consulti</span> <span class='ocrx_word' id='word_1_33' title='bbox 1850 664 2029 718; x_wconf 86' lang='lat' dir='ltr'>etiam</span> 
     </span>
    </p>
   </div>
   <div class='ocr_carea' id='block_1_8' title="bbox 374 752 2024 830">
    <p class='ocr_par' dir='ltr' id='par_1_8' title="bbox 374 752 2024 830">
     <span class='ocr_line' id='line_1_8' title="bbox 374 752 2024 830; baseline -0.004 -17"><span class='ocrx_word' id='word_1_34' title='bbox 374 773 409 813; x_wconf 85' lang='lat' dir='ltr'>a</span> <span class='ocrx_word' id='word_1_35' title='bbox 424 772 561 830; x_wconf 79' lang='lat' dir='ltr'>rege</span> <span class='ocrx_word' id='word_1_36' title='bbox 586 756 1037 823; x_wconf 81' lang='lat' dir='ltr'>adolescentuli,</span> <span class='ocrx_word' id='word_1_37' title='bbox 1055 772 1202 826; x_wconf 92' lang='lat' dir='ltr'>quos</span> <span class='ocrx_word' id='word_1_38' title='bbox 1216 755 1439 810; x_wconf 88' lang='lat' dir='ltr'>circum</span> <span class='ocrx_word' id='word_1_39' title='bbox 1457 770 1517 809; x_wconf 89' lang='lat' dir='ltr'>se</span> <span class='ocrx_word' id='word_1_40' title='bbox 1531 753 1750 809; x_wconf 91' lang='lat' dir='ltr'>habere</span> <span class='ocrx_word' id='word_1_41' title='bbox 1778 752 2024 820; x_wconf 86' lang='lat' dir='ltr'>solebat,</span> 
     </span>
    </p>
   </div>
   <div class='ocr_carea' id='block_1_9' title="bbox 375 841 2027 916">
    <p class='ocr_par' dir='ltr' id='par_1_9' title="bbox 375 841 2027 916">
     <span class='ocr_line' id='line_1_9' title="bbox 375 841 2027 916; baseline -0.004 -15"><span class='ocrx_word' id='word_1_42' title='bbox 375 845 595 901; x_wconf 83' lang='lat' dir='ltr'>hortati</span> <span class='ocrx_word' id='word_1_43' title='bbox 613 862 749 901; x_wconf 90' lang='lat' dir='ltr'>eum</span> <span class='ocrx_word' id='word_1_44' title='bbox 764 851 903 900; x_wconf 90' lang='lat' dir='ltr'>sunt</span> <span class='ocrx_word' id='word_1_45' title='bbox 927 850 989 899; x_wconf 92' lang='lat' dir='ltr'>ut</span> <span class='ocrx_word' id='word_1_46' title='bbox 1009 844 1227 916; x_wconf 88' lang='lat' dir='ltr'>populo</span> <span class='ocrx_word' id='word_1_47' title='bbox 1251 844 1334 899; x_wconf 90' lang='lat' dir='ltr'>sic</span> <span class='ocrx_word' id='word_1_48' title='bbox 1355 842 1765 915; x_wconf 83' lang='lat' dir='ltr'>responderet,</span> <span class='ocrx_word' id='word_1_49' title='bbox 1800 841 2027 897; x_wconf 89' lang='lat' dir='ltr'>tenuis-</span> 
     </span>
    </p>
   </div>
   <div class='ocr_carea' id='block_1_10' title="bbox 373 928 2026 1006">
    <p class='ocr_par' dir='ltr' id='par_1_10' title="bbox 373 928 2026 1006">
     <span class='ocr_line' id='line_1_10' title="bbox 373 928 2026 1006; baseline -0.002 -17"><span class='ocrx_word' id='word_1_50' title='bbox 373 934 585 989; x_wconf 81' lang='lat' dir='ltr'>simam</span> <span class='ocrx_word' id='word_1_51' title='bbox 633 934 723 989; x_wconf 90' lang='lat' dir='ltr'>sui</span> <span class='ocrx_word' id='word_1_52' title='bbox 781 932 1045 1006; x_wconf 90' lang='lat' dir='ltr'>corporis</span> <span class='ocrx_word' id='word_1_53' title='bbox 1101 937 1327 1003; x_wconf 88' lang='lat' dir='ltr'>partem</span> <span class='ocrx_word' id='word_1_54' title='bbox 1393 931 1746 987; x_wconf 85' lang='lat' dir='ltr'>crassiorem</span> <span class='ocrx_word' id='word_1_55' title='bbox 1803 928 2026 985; x_wconf 85' lang='lat' dir='ltr'>lumbis</span> 
     </span>
    </p>
   </div>
   <div class='ocr_carea' id='block_1_11' title="bbox 373 1019 2023 1094">
    <p class='ocr_par' dir='ltr' id='par_1_11' title="bbox 373 1019 2023 1094">
     <span class='ocr_line' id='line_1_11' title="bbox 373 1019 2023 1094; baseline -0.003 -16"><span class='ocrx_word' id='word_1_56' title='bbox 373 1022 639 1094; x_wconf 89' lang='lat' dir='ltr'>paternis</span> <span class='ocrx_word' id='word_1_57' title='bbox 671 1038 822 1078; x_wconf 89' lang='lat' dir='ltr'>esse.</span> <span class='ocrx_word' id='word_1_58' title='bbox 893 1022 1127 1076; x_wconf 86' lang='lat' dir='ltr'>Patrem</span> <span class='ocrx_word' id='word_1_59' title='bbox 1182 1021 1327 1093; x_wconf 88' lang='lat' dir='ltr'>ipsis</span> <span class='ocrx_word' id='word_1_60' title='bbox 1380 1022 1535 1077; x_wconf 75' lang='grc'>174</span> <span class='ocrx_word' id='word_1_61' title='bbox 1594 1036 1765 1092; x_wconf 84' lang='lat' dir='ltr'>grave</span> <span class='ocrx_word' id='word_1_62' title='bbox 1813 1019 2023 1092; x_wconf 87' lang='lat' dir='ltr'>jugum</span> 
     </span>
    </p>
   </div>
   <div class='ocr_carea' id='block_1_12' title="bbox 374 1111 2022 1183">
    <p class='ocr_par' dir='ltr' id='par_1_12' title="bbox 374 1111 2022 1183">
     <span class='ocr_line' id='line_1_12' title="bbox 374 1111 2022 1183; baseline -0.003 -16"><span class='ocrx_word' id='word_1_63' title='bbox 374 1111 727 1183; x_wconf 88' lang='lat' dir='ltr'>imposuisse</span> <span class='ocrx_word' id='word_1_64' title='bbox 759 1127 773 1166; x_wconf 76' lang='grc' dir='ltr'>ε</span> <span class='ocrx_word' id='word_1_65' title='bbox 808 1116 870 1167; x_wconf 88' lang='lat' dir='ltr'>at</span> <span class='ocrx_word' id='word_1_66' title='bbox 898 1127 958 1167; x_wconf 90' lang='lat' dir='ltr'>se</span> <span class='ocrx_word' id='word_1_67' title='bbox 991 1111 1051 1166; x_wconf 92' lang='lat' dir='ltr'>id</span> <span class='ocrx_word' id='word_1_68' title='bbox 1084 1128 1261 1183; x_wconf 88' lang='lat' dir='ltr'>porro</span> <span class='ocrx_word' id='word_1_69' title='bbox 1285 1126 1521 1182; x_wconf 91' lang='lat' dir='ltr'>quoque</span> <span class='ocrx_word' id='word_1_70' title='bbox 1552 1114 2022 1182; x_wconf 78' lang='lat' dir='ltr'>aggravaturum.</span> 
     </span>
    </p>
   </div>
   <div class='ocr_carea' id='block_1_13' title="bbox 374 1196 2024 1273">
    <p class='ocr_par' dir='ltr' id='par_1_13' title="bbox 374 1196 2024 1273">
     <span class='ocr_line' id='line_1_13' title="bbox 374 1196 2024 1273; baseline -0.004 -16"><span class='ocrx_word' id='word_1_71' title='bbox 374 1201 609 1257; x_wconf 83' lang='lat' dir='ltr'>Patrem</span> <span class='ocrx_word' id='word_1_72' title='bbox 642 1201 702 1256; x_wconf 93' lang='lat' dir='ltr'>in</span> <span class='ocrx_word' id='word_1_73' title='bbox 734 1200 879 1273; x_wconf 89' lang='lat' dir='ltr'>ipsis</span> <span class='ocrx_word' id='word_1_74' title='bbox 911 1200 1270 1272; x_wconf 72' lang='lat' dir='ltr'>castigandis</span> <span class='ocrx_word' id='word_1_75' title='bbox 1299 1216 1475 1255; x_wconf 91' lang='lat' dir='ltr'>usum</span> <span class='ocrx_word' id='word_1_76' title='bbox 1507 1199 1691 1256; x_wconf 82' lang='lat' dir='ltr'>fuisse</span> <span class='ocrx_word' id='word_1_77' title='bbox 1750 1196 2024 1271; x_wconf 87' lang='lat' dir='ltr'>ﬂagellis,</span> 
     </span>
    </p>
   </div>
   <div class='ocr_carea' id='block_1_14' title="bbox 380 1288 2027 1363">
    <p class='ocr_par' dir='ltr' id='par_1_14' title="bbox 380 1288 2027 1363">
     <span class='ocr_line' id='line_1_14' title="bbox 380 1288 2027 1363; baseline -0.004 -17"><span class='ocrx_word' id='word_1_78' title='bbox 380 1306 442 1347; x_wconf 89' lang='lat' dir='ltr'>se</span> <span class='ocrx_word' id='word_1_79' title='bbox 472 1290 737 1363; x_wconf 88' lang='lat' dir='ltr'>scorpios</span> <span class='ocrx_word' id='word_1_80' title='bbox 769 1290 844 1345; x_wconf 92' lang='lat' dir='ltr'>ad</span> <span class='ocrx_word' id='word_1_81' title='bbox 861 1290 971 1345; x_wconf 88' lang='lat' dir='ltr'>hoc</span> <span class='ocrx_word' id='word_1_82' title='bbox 1000 1290 1429 1346; x_wconf 90' lang='lat' dir='ltr'>adhibiturum.</span> <span class='ocrx_word' id='word_1_83' title='bbox 1465 1290 1584 1343; x_wconf 83' lang='lat' dir='ltr'>Hoc</span> <span class='ocrx_word' id='word_1_84' title='bbox 1618 1288 2027 1343; x_wconf 85' lang='lat' dir='ltr'>adolescentu-</span> 
     </span>
    </p>
   </div>
   <div class='ocr_carea' id='block_1_15' title="bbox 375 1378 2027 1450">
    <p class='ocr_par' dir='ltr' id='par_1_15' title="bbox 375 1378 2027 1450">
     <span class='ocr_line' id='line_1_15' title="bbox 375 1378 2027 1450; baseline -0.002 -16"><span class='ocrx_word' id='word_1_85' title='bbox 375 1379 571 1435; x_wconf 91' lang='lat' dir='ltr'>lorum</span> <span class='ocrx_word' id='word_1_86' title='bbox 600 1379 917 1436; x_wconf 90' lang='lat' dir='ltr'>consilium</span> <span class='ocrx_word' id='word_1_87' title='bbox 950 1379 1218 1450; x_wconf 87' lang='lat' dir='ltr'>probavit</span> <span class='ocrx_word' id='word_1_88' title='bbox 1246 1378 1602 1446; x_wconf 81' lang='lat' dir='ltr'>Roboamus,</span> <span class='ocrx_word' id='word_1_89' title='bbox 1647 1378 1847 1449; x_wconf 86' lang='lat' dir='ltr'>itaque</span> <span class='ocrx_word' id='word_1_90' title='bbox 1906 1392 2027 1430; x_wconf 87' lang='lat' dir='ltr'>om-</span> 
     </span>
    </p>
   </div>
   <div class='ocr_carea' id='block_1_16' title="bbox 375 1462 2025 1539">
    <p class='ocr_par' dir='ltr' id='par_1_16' title="bbox 375 1462 2025 1539">
     <span class='ocr_line' id='line_1_16' title="bbox 375 1462 2025 1539; baseline -0.002 -19"><span class='ocrx_word' id='word_1_91' title='bbox 375 1462 518 1522; x_wconf 83' lang='lat' dir='ltr'>nino</span> <span class='ocrx_word' id='word_1_92' title='bbox 548 1466 858 1539; x_wconf 88' lang='lat' dir='ltr'>respondit</span> <span class='ocrx_word' id='word_1_93' title='bbox 887 1466 1106 1539; x_wconf 90' lang='lat' dir='ltr'>populo</span> <span class='ocrx_word' id='word_1_94' title='bbox 1126 1465 1458 1521; x_wconf 88' lang='lat' dir='ltr'>Sichemam</span> <span class='ocrx_word' id='word_1_95' title='bbox 1480 1481 1734 1520; x_wconf 92' lang='lat' dir='ltr'>reverso.</span> <span class='ocrx_word' id='word_1_96' title='bbox 1766 1463 1852 1519; x_wconf 89' lang='lat' dir='ltr'>Ad</span> <span class='ocrx_word' id='word_1_97' title='bbox 1898 1462 2025 1517; x_wconf 63' lang='lat' dir='ltr'>hanc</span> 
     </span>
    </p>
   </div>
   <div class='ocr_carea' id='block_1_17' title="bbox 376 1551 2023 1628">
    <p class='ocr_par' dir='ltr' id='par_1_17' title="bbox 376 1551 2023 1628">
     <span class='ocr_line' id='line_1_17' title="bbox 376 1551 2023 1628; baseline -0.002 -18"><span class='ocrx_word' id='word_1_98' title='bbox 376 1555 632 1628; x_wconf 87' lang='lat' dir='ltr'>populus</span> <span class='ocrx_word' id='word_1_99' title='bbox 661 1572 782 1611; x_wconf 90' lang='lat' dir='ltr'>uno</span> <span class='ocrx_word' id='word_1_100' title='bbox 815 1572 916 1611; x_wconf 89' lang='lat' dir='ltr'>ore</span> <span class='ocrx_word' id='word_1_101' title='bbox 947 1560 1307 1627; x_wconf 84' lang='lat' dir='ltr'>protestatus</span> <span class='ocrx_word' id='word_1_102' title='bbox 1367 1559 1457 1609; x_wconf 92' lang='lat' dir='ltr'>est</span> <span class='ocrx_word' id='word_1_103' title='bbox 1504 1554 1653 1609; x_wconf 89' lang='lat' dir='ltr'>nihil</span> <span class='ocrx_word' id='word_1_104' title='bbox 1697 1569 1872 1625; x_wconf 90' lang='lat' dir='ltr'>porro</span> <span class='ocrx_word' id='word_1_105' title='bbox 1913 1551 2023 1607; x_wconf 91' lang='lat' dir='ltr'>sibi</span> 
     </span>
    </p>
   </div>
   <div class='ocr_carea' id='block_1_18' title="bbox 373 1642 2024 1717">
    <p class='ocr_par' dir='ltr' id='par_1_18' title="bbox 373 1642 2024 1717">
     <span class='ocr_line' id='line_1_18' title="bbox 373 1642 2024 1717; baseline -0.002 -16"><span class='ocrx_word' id='word_1_106' title='bbox 373 1661 510 1702; x_wconf 89' lang='lat' dir='ltr'>cum</span> <span class='ocrx_word' id='word_1_107' title='bbox 542 1645 760 1700; x_wconf 88' lang='lat' dir='ltr'>Davido</span> <span class='ocrx_word' id='word_1_108' title='bbox 789 1650 849 1700; x_wconf 92' lang='lat' dir='ltr'>et</span> <span class='ocrx_word' id='word_1_109' title='bbox 866 1647 1084 1701; x_wconf 71' lang='lat' dir='ltr'>Jessaea</span> <span class='ocrx_word' id='word_1_110' title='bbox 1112 1644 1278 1717; x_wconf 87' lang='lat' dir='ltr'>prole</span> <span class='ocrx_word' id='word_1_111' title='bbox 1310 1661 1662 1701; x_wconf 91' lang='lat' dir='ltr'>commune:</span> <span class='ocrx_word' id='word_1_112' title='bbox 1717 1642 2024 1699; x_wconf 88' lang='lat' dir='ltr'>lsraelicos</span> 
     </span>
    </p>
   </div>
   <div class='ocr_carea' id='block_1_19' title="bbox 376 1732 2021 1807">
    <p class='ocr_par' dir='ltr' id='par_1_19' title="bbox 376 1732 2021 1807">
     <span class='ocr_line' id='line_1_19' title="bbox 376 1732 2021 1807; baseline -0.002 -18"><span class='ocrx_word' id='word_1_113' title='bbox 376 1734 437 1789; x_wconf 90' lang='lat' dir='ltr'>in</span> <span class='ocrx_word' id='word_1_114' title='bbox 470 1749 642 1790; x_wconf 89' lang='lat' dir='ltr'>suum</span> <span class='ocrx_word' id='word_1_115' title='bbox 675 1750 971 1807; x_wconf 87' lang='lat' dir='ltr'>quemque</span> <span class='ocrx_word' id='word_1_116' title='bbox 1002 1732 1453 1790; x_wconf 85' lang='lat' dir='ltr'>tabernaculum</span> <span class='ocrx_word' id='word_1_117' title='bbox 1476 1732 1659 1802; x_wconf 89' lang='lat' dir='ltr'>abire,</span> <span class='ocrx_word' id='word_1_118' title='bbox 1693 1732 1889 1805; x_wconf 88' lang='lat' dir='ltr'>ipsum</span> <span class='ocrx_word' id='word_1_119' title='bbox 1920 1735 2021 1786; x_wconf 84' lang='lat' dir='ltr'>Da-</span> 
     </span>
    </p>
   </div>
   <div class='ocr_carea' id='block_1_20' title="bbox 374 1820 2020 1896">
    <p class='ocr_par' dir='ltr' id='par_1_20' title="bbox 374 1820 2020 1896">
     <span class='ocr_line' id='line_1_20' title="bbox 374 1820 2020 1896; baseline -0.002 -17"><span class='ocrx_word' id='word_1_120' title='bbox 374 1822 575 1881; x_wconf 81' lang='lat' dir='ltr'>vidum</span> <span class='ocrx_word' id='word_1_121' title='bbox 595 1840 763 1879; x_wconf 88' lang='lat' dir='ltr'>suam</span> <span class='ocrx_word' id='word_1_122' title='bbox 785 1824 1029 1880; x_wconf 89' lang='lat' dir='ltr'>domum</span> <span class='ocrx_word' id='word_1_123' title='bbox 1057 1840 1299 1896; x_wconf 88' lang='lat' dir='ltr'>pascere</span> <span class='ocrx_word' id='word_1_124' title='bbox 1326 1840 1401 1879; x_wconf 89' lang='lat' dir='ltr'>an</span> <span class='ocrx_word' id='word_1_125' title='bbox 1421 1822 1751 1896; x_wconf 83' lang='lat' dir='ltr'>gubernare</span> <span class='ocrx_word' id='word_1_126' title='bbox 1785 1820 2020 1876; x_wconf 90' lang='lat' dir='ltr'>debere.</span> 
     </span>
    </p>
   </div>
   <div class='ocr_carea' id='block_1_21' title="bbox 378 1911 2024 1987">
    <p class='ocr_par' dir='ltr' id='par_1_21' title="bbox 378 1911 2024 1987">
     <span class='ocr_line' id='line_1_21' title="bbox 378 1911 2024 1987; baseline -0.002 -19"><span class='ocrx_word' id='word_1_127' title='bbox 378 1913 497 1969; x_wconf 87' lang='lat' dir='ltr'>Hoc</span> <span class='ocrx_word' id='word_1_128' title='bbox 528 1913 704 1969; x_wconf 91' lang='lat' dir='ltr'>modo</span> <span class='ocrx_word' id='word_1_129' title='bbox 755 1913 1092 1987; x_wconf 85' lang='lat' dir='ltr'>Solomonis</span> <span class='ocrx_word' id='word_1_130' title='bbox 1150 1930 1398 1986; x_wconf 86' lang='lat' dir='ltr'>regnum</span> <span class='ocrx_word' id='word_1_131' title='bbox 1449 1911 1653 1968; x_wconf 82' lang='lat' dir='ltr'>ﬁssum</span> <span class='ocrx_word' id='word_1_132' title='bbox 1714 1916 1819 1967; x_wconf 85' lang='lat' dir='ltr'>est.</span> <span class='ocrx_word' id='word_1_133' title='bbox 1881 1912 2024 1966; x_wconf 78' lang='lat' dir='ltr'>Nam</span> 
     </span>
    </p>
   </div>
   <div class='ocr_carea' id='block_1_22' title="bbox 378 2000 2022 2072">
    <p class='ocr_par' dir='ltr' id='par_1_22' title="bbox 378 2000 2022 2072">
     <span class='ocr_line' id='line_1_22' title="bbox 378 2000 2022 2072; baseline -0.003 -13"><span class='ocrx_word' id='word_1_134' title='bbox 378 2001 677 2059; x_wconf 81' lang='lat' dir='ltr'>Roboamo</span> <span class='ocrx_word' id='word_1_135' title='bbox 701 2002 831 2059; x_wconf 67' lang='lat' dir='ltr'>duae</span> <span class='ocrx_word' id='word_1_136' title='bbox 855 2008 1085 2058; x_wconf 90' lang='lat' dir='ltr'>tantum</span> <span class='ocrx_word' id='word_1_137' title='bbox 1118 2003 1325 2069; x_wconf 83' lang='lat' dir='ltr'>tribus,</span> <span class='ocrx_word' id='word_1_138' title='bbox 1357 2000 1518 2058; x_wconf 72' lang='lat' dir='ltr'>Iudae</span> <span class='ocrx_word' id='word_1_139' title='bbox 1552 2007 1609 2057; x_wconf 90' lang='lat' dir='ltr'>et</span> <span class='ocrx_word' id='word_1_140' title='bbox 1667 2000 2022 2072; x_wconf 90' lang='lat' dir='ltr'>Benjamini,</span> 
     </span>
    </p>
   </div>
   <div class='ocr_carea' id='block_1_23' title="bbox 372 2089 2023 2164">
    <p class='ocr_par' dir='ltr' id='par_1_23' title="bbox 372 2089 2023 2164">
     <span class='ocr_line' id='line_1_23' title="bbox 372 2089 2023 2164; baseline -0.003 -16"><span class='ocrx_word' id='word_1_141' title='bbox 372 2092 753 2148; x_wconf 67' lang='lat' dir='ltr'>adhaeserunt</span> <span class='ocrx_word' id='word_1_142' title='bbox 782 2110 795 2149; x_wconf 89' lang='lat'>:</span> <span class='ocrx_word' id='word_1_143' title='bbox 829 2093 1073 2164; x_wconf 69' lang='lat' dir='ltr'>reliqum</span> <span class='ocrx_word' id='word_1_144' title='bbox 1105 2109 1313 2148; x_wconf 88' lang='lat' dir='ltr'>omnes</span> <span class='ocrx_word' id='word_1_145' title='bbox 1369 2089 1786 2147; x_wconf 86' lang='lat' dir='ltr'>Jeroboamum</span> <span class='ocrx_word' id='word_1_146' title='bbox 1818 2089 2023 2145; x_wconf 77' lang='lat' dir='ltr'>Nabati</span> 
     </span>
    </p>
   </div>
   <div class='ocr_carea' id='block_1_24' title="bbox 368 2179 2022 2256">
    <p class='ocr_par' dir='ltr' id='par_1_24' title="bbox 368 2179 2022 2256">
     <span class='ocr_line' id='line_1_24' title="bbox 368 2179 2022 2256; baseline -0.002 -19"><span class='ocrx_word' id='word_1_147' title='bbox 368 2180 560 2237; x_wconf 78' lang='lat' dir='ltr'>tilium</span> <span class='ocrx_word' id='word_1_148' title='bbox 592 2198 791 2256; x_wconf 82' lang='lat' dir='ltr'>regem</span> <span class='ocrx_word' id='word_1_149' title='bbox 822 2182 933 2239; x_wconf 88' lang='lat' dir='ltr'>sibi</span> <span class='ocrx_word' id='word_1_150' title='bbox 993 2183 1453 2237; x_wconf 90' lang='lat' dir='ltr'>constituerunt.</span> <span class='ocrx_word' id='word_1_151' title='bbox 1502 2181 1681 2254; x_wconf 83' lang='lat' dir='ltr'>Regia</span> <span class='ocrx_word' id='word_1_152' title='bbox 1734 2179 2022 2237; x_wconf 83' lang='lat' dir='ltr'>Roboami</span> 
     </span>
    </p>
   </div>
   <div class='ocr_carea' id='block_1_25' title="bbox 364 2270 2027 2345">
    <p class='ocr_par' dir='ltr' id='par_1_25' title="bbox 364 2270 2027 2345">
     <span class='ocr_line' id='line_1_25' title="bbox 364 2270 2027 2345; baseline 0 -20"><span class='ocrx_word' id='word_1_153' title='bbox 364 2271 481 2328; x_wconf 82' lang='lat' dir='ltr'>fuit</span> <span class='ocrx_word' id='word_1_154' title='bbox 510 2272 958 2344; x_wconf 84' lang='lat' dir='ltr'>Hierosolymis,</span> <span class='ocrx_word' id='word_1_155' title='bbox 995 2276 1052 2328; x_wconf 89' lang='lat' dir='ltr'>et</span> <span class='ocrx_word' id='word_1_156' title='bbox 1085 2271 1401 2327; x_wconf 89' lang='lat' dir='ltr'>multitudo</span> <span class='ocrx_word' id='word_1_157' title='bbox 1424 2288 1604 2345; x_wconf 92' lang='lat' dir='ltr'>regno</span> <span class='ocrx_word' id='word_1_158' title='bbox 1630 2271 1758 2343; x_wconf 84' lang='lat' dir='ltr'>ejus</span> <span class='ocrx_word' id='word_1_159' title='bbox 1789 2270 2027 2326; x_wconf 85' lang='lat' dir='ltr'>subdita</span> 
     </span>
    </p>
   </div>
   <div class='ocr_carea' id='block_1_26' title="bbox 362 2350 2027 2434">
    <p class='ocr_par' dir='ltr' id='par_1_26' title="bbox 362 2350 2027 2434">
     <span class='ocr_line' id='line_1_26' title="bbox 362 2350 2027 2434; baseline -0.002 -17"><span class='ocrx_word' id='word_1_160' title='bbox 362 2350 544 2420; x_wconf 72' lang='lat' dir='ltr'>ludas</span> <span class='ocrx_word' id='word_1_161' title='bbox 589 2361 1005 2434; x_wconf 80' lang='lat' dir='ltr'>appellabatur</span> <span class='ocrx_word' id='word_1_162' title='bbox 1035 2379 1103 2418; x_wconf 89' lang='lat' dir='ltr'>ac</span> <span class='ocrx_word' id='word_1_163' title='bbox 1125 2361 1337 2417; x_wconf 90' lang='lat' dir='ltr'>domus</span> <span class='ocrx_word' id='word_1_164' title='bbox 1386 2360 1681 2426; x_wconf 84' lang='lat' dir='ltr'>Davidica,</span> <span class='ocrx_word' id='word_1_165' title='bbox 1714 2360 1958 2416; x_wconf 90' lang='lat' dir='ltr'>nomine</span> <span class='ocrx_word' id='word_1_166' title='bbox 1991 2374 2027 2414; x_wconf 88' lang='lat' dir='ltr'>a</span> 
     </span>
    </p>
   </div>
   <div class='ocr_carea' id='block_1_27' title="bbox 367 2447 2024 2524">
    <p class='ocr_par' dir='ltr' id='par_1_27' title="bbox 367 2447 2024 2524">
     <span class='ocr_line' id='line_1_27' title="bbox 367 2447 2024 2524; baseline -0.002 -18"><span class='ocrx_word' id='word_1_167' title='bbox 367 2450 528 2506; x_wconf 86' lang='lat' dir='ltr'>tribu</span> <span class='ocrx_word' id='word_1_168' title='bbox 556 2453 974 2523; x_wconf 63' lang='lat' dir='ltr'>praestantiore</span> <span class='ocrx_word' id='word_1_169' title='bbox 1026 2457 1284 2524; x_wconf 89' lang='lat' dir='ltr'>sumpto.</span> <span class='ocrx_word' id='word_1_170' title='bbox 1321 2453 1395 2506; x_wconf 89' lang='lat' dir='ltr'>At</span> <span class='ocrx_word' id='word_1_171' title='bbox 1438 2450 1826 2506; x_wconf 85' lang='lat' dir='ltr'>Jeroboamus</span> <span class='ocrx_word' id='word_1_172' title='bbox 1858 2447 2024 2522; x_wconf 83' lang='lat' dir='ltr'>regni</span> 
     </span>
    </p>
   </div>
   <div class='ocr_carea' id='block_1_28' title="bbox 370 2537 2024 2613">
    <p class='ocr_par' dir='ltr' id='par_1_28' title="bbox 370 2537 2024 2613">
     <span class='ocr_line' id='line_1_28' title="bbox 370 2537 2024 2613; baseline -0.002 -17"><span class='ocrx_word' id='word_1_173' title='bbox 370 2545 550 2611; x_wconf 88' lang='lat' dir='ltr'>caput</span> <span class='ocrx_word' id='word_1_174' title='bbox 577 2539 1158 2606; x_wconf 85' lang='lat' dir='ltr'>habuitSamariam,</span> <span class='ocrx_word' id='word_1_175' title='bbox 1194 2540 1416 2613; x_wconf 78' lang='lat' dir='ltr'>regiam</span> <span class='ocrx_word' id='word_1_176' title='bbox 1467 2539 1702 2594; x_wconf 73' lang='lat' dir='ltr'>Tharsae</span> <span class='ocrx_word' id='word_1_177' title='bbox 1728 2557 1741 2605; x_wconf 87' lang='lat'><strong>;</strong></span> <span class='ocrx_word' id='word_1_178' title='bbox 1765 2537 2024 2610; x_wconf 86' lang='lat' dir='ltr'>populus</span> 
     </span>
    </p>
   </div>
   <div class='ocr_carea' id='block_1_29' title="bbox 371 2627 2022 2702">
    <p class='ocr_par' dir='ltr' id='par_1_29' title="bbox 371 2627 2022 2702">
     <span class='ocr_line' id='line_1_29' title="bbox 371 2627 2022 2702; baseline -0.002 -16"><span class='ocrx_word' id='word_1_179' title='bbox 371 2645 550 2701; x_wconf 88' lang='lat' dir='ltr'>quam</span> <span class='ocrx_word' id='word_1_180' title='bbox 581 2630 822 2702; x_wconf 87' lang='lat' dir='ltr'>regebat</span> <span class='ocrx_word' id='word_1_181' title='bbox 848 2631 1103 2686; x_wconf 87' lang='lat' dir='ltr'>Israelus</span> <span class='ocrx_word' id='word_1_182' title='bbox 1127 2629 1201 2685; x_wconf 92' lang='lat' dir='ltr'>ob</span> <span class='ocrx_word' id='word_1_183' title='bbox 1230 2627 1675 2685; x_wconf 86' lang='lat' dir='ltr'>multitudinem</span> <span class='ocrx_word' id='word_1_184' title='bbox 1700 2633 1759 2683; x_wconf 90' lang='lat' dir='ltr'>et</span> <span class='ocrx_word' id='word_1_185' title='bbox 1783 2627 2022 2700; x_wconf 86' lang='lat' dir='ltr'>Ephrai-</span> 
     </span>
    </p>
   </div>
   <div class='ocr_carea' id='block_1_30' title="bbox 368 2716 1553 2795">
    <p class='ocr_par' dir='ltr' id='par_1_30' title="bbox 368 2716 1553 2795">
     <span class='ocr_line' id='line_1_30' title="bbox 368 2716 1553 2795; baseline -0.003 -20"><span class='ocrx_word' id='word_1_186' title='bbox 368 2735 501 2775; x_wconf 90' lang='lat' dir='ltr'>mus</span> <span class='ocrx_word' id='word_1_187' title='bbox 533 2717 606 2774; x_wconf 92' lang='lat' dir='ltr'>ob</span> <span class='ocrx_word' id='word_1_188' title='bbox 638 2720 805 2795; x_wconf 87' lang='lat' dir='ltr'>regni</span> <span class='ocrx_word' id='word_1_189' title='bbox 829 2719 1048 2776; x_wconf 90' lang='lat' dir='ltr'>tribum</span> <span class='ocrx_word' id='word_1_190' title='bbox 1079 2716 1553 2792; x_wconf 88' lang='lat' dir='ltr'>nuncupabatur.</span> 
     </span>
    </p>
   </div>
   <div class='ocr_carea' id='block_1_31' title="bbox 436 2991 2022 3065">
    <p class='ocr_par' dir='ltr' id='par_1_31' title="bbox 436 2991 2022 3065">
     <span class='ocr_line' id='line_1_31' title="bbox 436 2991 2022 3065; baseline 0 -16"><span class='ocrx_word' id='word_1_191' title='bbox 436 2993 677 3049; x_wconf 89' lang='lat' dir='ltr'>Decima</span> <span class='ocrx_word' id='word_1_192' title='bbox 716 2993 929 3065; x_wconf 88' lang='lat' dir='ltr'>quinta</span> <span class='ocrx_word' id='word_1_193' title='bbox 982 2991 1077 3048; x_wconf 90' lang='lat' dir='ltr'>die</span> <span class='ocrx_word' id='word_1_194' title='bbox 1110 2993 1295 3049; x_wconf 83' lang='lat' dir='ltr'>octavi</span> <span class='ocrx_word' id='word_1_195' title='bbox 1356 2992 1581 3049; x_wconf 91' lang='lat' dir='ltr'>mensis</span> <span class='ocrx_word' id='word_1_196' title='bbox 1635 2992 2022 3049; x_wconf 83' lang='lat' dir='ltr'>Jeroboamus</span> 
     </span>
    </p>
   </div>
   <div class='ocr_carea' id='block_1_32' title="bbox 366 3081 2023 3154">
    <p class='ocr_par' dir='ltr' id='par_1_32' title="bbox 366 3081 2023 3154">
     <span class='ocr_line' id='line_1_32' title="bbox 366 3081 2023 3154; baseline 0 -17"><span class='ocrx_word' id='word_1_197' title='bbox 366 3081 675 3139; x_wconf 84' lang='lat' dir='ltr'>Bethelam</span> <span class='ocrx_word' id='word_1_198' title='bbox 707 3083 998 3150; x_wconf 86' lang='lat' dir='ltr'>ascendit,</span> <span class='ocrx_word' id='word_1_199' title='bbox 1031 3082 1105 3139; x_wconf 88' lang='lat' dir='ltr'>ad</span> <span class='ocrx_word' id='word_1_200' title='bbox 1137 3100 1302 3139; x_wconf 91' lang='lat' dir='ltr'>aram</span> <span class='ocrx_word' id='word_1_201' title='bbox 1335 3100 1513 3154; x_wconf 90' lang='lat' dir='ltr'>quam</span> <span class='ocrx_word' id='word_1_202' title='bbox 1545 3087 1919 3138; x_wconf 81' lang='lat' dir='ltr'>exstruxerat</span> <span class='ocrx_word' id='word_1_203' title='bbox 1957 3086 2023 3139; x_wconf 90' lang='lat' dir='ltr'>ut</span> 
     </span>
    </p>
   </div>
   <div class='ocr_carea' id='block_1_33' title="bbox 361 3171 2019 3246">
    <p class='ocr_par' dir='ltr' id='par_1_33' title="bbox 361 3171 2019 3246">
     <span class='ocr_line' id='line_1_33' title="bbox 361 3171 2019 3246; baseline 0 -19"><span class='ocrx_word' id='word_1_204' title='bbox 361 3171 616 3242; x_wconf 88' lang='lat' dir='ltr'>buculis,</span> <span class='ocrx_word' id='word_1_205' title='bbox 652 3191 801 3246; x_wconf 88' lang='lat' dir='ltr'>quas</span> <span class='ocrx_word' id='word_1_206' title='bbox 822 3173 1077 3244; x_wconf 86' lang='lat' dir='ltr'>fuderat,</span> <span class='ocrx_word' id='word_1_207' title='bbox 1109 3190 1236 3228; x_wconf 90' lang='lat' dir='ltr'>rem</span> <span class='ocrx_word' id='word_1_208' title='bbox 1268 3190 1496 3230; x_wconf 86' lang='lat' dir='ltr'>sacram</span> <span class='ocrx_word' id='word_1_209' title='bbox 1532 3173 1771 3241; x_wconf 84' lang='lat' dir='ltr'>faceret,</span> <span class='ocrx_word' id='word_1_210' title='bbox 1797 3172 2019 3228; x_wconf 80' lang='lat' dir='ltr'>consti—</span> 
     </span>
    </p>
   </div>
   <div class='ocr_carea' id='block_1_34' title="bbox 359 3225 2093 3337">
    <p class='ocr_par' dir='ltr' id='par_1_34' title="bbox 359 3225 2093 3337">
     <span class='ocr_line' id='line_1_34' title="bbox 379 3225 1986 3246; baseline 0 -19"><span class='ocrx_word' id='word_1_211' title='bbox 379 3225 616 3242; x_wconf 42' lang='grc' dir='ltr'>ηνηη,</span> <span class='ocrx_word' id='word_1_212' title='bbox 660 3225 797 3246; x_wconf 67' lang='lat'>_,___</span> <span class='ocrx_word' id='word_1_213' title='bbox 823 3225 1076 3244; x_wconf 35' lang='lat' dir='ltr'>_F_____,</span> <span class='ocrx_word' id='word_1_214' title='bbox 1111 3225 1127 3228; x_wconf 87' lang='lat'>_</span> <span class='ocrx_word' id='word_1_215' title='bbox 1270 3225 1496 3230; x_wconf 35' lang='lat' dir='ltr'>____w-__</span> 
     </span>
     <span class='ocr_line' id='line_1_35' title="bbox 359 3225 2093 3337; baseline 0.001 -21"><span class='ocrx_word' id='word_1_216' title='bbox 359 3262 589 3335; x_wconf 89' lang='lat' dir='ltr'>tuitque</span> <span class='ocrx_word' id='word_1_217' title='bbox 623 3263 1090 3337; x_wconf 88' lang='lat' dir='ltr'>sacerdotes,qui</span> <span class='ocrx_word' id='word_1_218' title='bbox 1115 3263 1176 3319; x_wconf 91' lang='lat' dir='ltr'>in</span> <span class='ocrx_word' id='word_1_219' title='bbox 1210 3263 1390 3318; x_wconf 89' lang='lat' dir='ltr'>editis</span> <span class='ocrx_word' id='word_1_220' title='bbox 1421 3263 1566 3318; x_wconf 92' lang='lat' dir='ltr'>locis</span> <span class='ocrx_word' id='word_1_221' title='bbox 1585 3262 2012 3332; x_wconf 85' lang='lat' dir='ltr'>sacrificarent,</span> <span class='ocrx_word' id='word_1_222' title='bbox 2050 3225 2093 3292; x_wconf 77' lang='lat' dir='ltr'>C</span> 
     </span>
    </p>
   </div>
   <div class='ocr_carea' id='block_1_35' title="bbox 357 3352 2009 3425">
    <p class='ocr_par' dir='ltr' id='par_1_35' title="bbox 357 3352 2009 3425">
     <span class='ocr_line' id='line_1_36' title="bbox 357 3352 2009 3425; baseline -0.001 -17"><span class='ocrx_word' id='word_1_223' title='bbox 357 3368 392 3408; x_wconf 81' lang='grc' dir='ltr'>ιι</span> <span class='ocrx_word' id='word_1_224' title='bbox 423 3370 484 3408; x_wconf 89' lang='lat' dir='ltr'>se</span> <span class='ocrx_word' id='word_1_225' title='bbox 518 3353 904 3410; x_wconf 86' lang='lat' dir='ltr'>consecratis.</span> <span class='ocrx_word' id='word_1_226' title='bbox 936 3355 1083 3410; x_wconf 89' lang='lat' dir='ltr'>Ecce</span> <span class='ocrx_word' id='word_1_227' title='bbox 1117 3360 1318 3409; x_wconf 89' lang='lat' dir='ltr'>autem</span> <span class='ocrx_word' id='word_1_228' title='bbox 1350 3370 1420 3409; x_wconf 82' lang='lat' dir='ltr'>ex</span> <span class='ocrx_word' id='word_1_229' title='bbox 1451 3352 1600 3409; x_wconf 81' lang='lat' dir='ltr'>Juda</span> <span class='ocrx_word' id='word_1_230' title='bbox 1630 3352 1871 3425; x_wconf 90' lang='lat' dir='ltr'>quidam</span> <span class='ocrx_word' id='word_1_231' title='bbox 1919 3352 2009 3408; x_wconf 90' lang='lat' dir='ltr'>di—</span> 
     </span>
    </p>
   </div>
   <div class='ocr_carea' id='block_1_36' title="bbox 353 3441 2010 3500">
    <p class='ocr_par' dir='ltr' id='par_1_36' title="bbox 353 3441 2010 3500">
     <span class='ocr_line' id='line_1_37' title="bbox 353 3441 2010 3500; baseline 0.002 -6"><span class='ocrx_word' id='word_1_232' title='bbox 353 3441 525 3497; x_wconf 84' lang='lat' dir='ltr'>vinus</span> <span class='ocrx_word' id='word_1_233' title='bbox 557 3443 735 3499; x_wconf 90' lang='lat' dir='ltr'>homo</span> <span class='ocrx_word' id='word_1_234' title='bbox 766 3443 1048 3500; x_wconf 88' lang='lat' dir='ltr'>mandato</span> <span class='ocrx_word' id='word_1_235' title='bbox 1083 3443 1184 3497; x_wconf 88' lang='lat' dir='ltr'>Dei</span> <span class='ocrx_word' id='word_1_236' title='bbox 1217 3443 1542 3498; x_wconf 90' lang='lat' dir='ltr'>instructus</span> <span class='ocrx_word' id='word_1_237' title='bbox 1581 3442 1886 3498; x_wconf 90' lang='lat' dir='ltr'>Bethelam</span> <span class='ocrx_word' id='word_1_238' title='bbox 1912 3443 2010 3498; x_wconf 92' lang='lat' dir='ltr'>ad-</span> 
     </span>
    </p>
   </div>
   <div class='ocr_carea' id='block_1_37' title="bbox 349 3531 2009 3601">
    <p class='ocr_par' dir='ltr' id='par_1_37' title="bbox 349 3531 2009 3601">
     <span class='ocr_line' id='line_1_38' title="bbox 349 3531 2009 3601; baseline 0.001 -16"><span class='ocrx_word' id='word_1_239' title='bbox 349 3532 529 3588; x_wconf 84' lang='lat' dir='ltr'>venit.</span> <span class='ocrx_word' id='word_1_240' title='bbox 565 3532 640 3601; x_wconf 88' lang='lat' dir='ltr'>Is,</span> <span class='ocrx_word' id='word_1_241' title='bbox 665 3549 800 3589; x_wconf 92' lang='lat' dir='ltr'>cum</span> <span class='ocrx_word' id='word_1_242' title='bbox 848 3532 1233 3588; x_wconf 85' lang='lat' dir='ltr'>Jeroboamus</span> <span class='ocrx_word' id='word_1_243' title='bbox 1265 3532 1437 3587; x_wconf 89' lang='lat' dir='ltr'>altari</span> <span class='ocrx_word' id='word_1_244' title='bbox 1469 3548 1575 3588; x_wconf 88' lang='lat' dir='ltr'>suo</span> <span class='ocrx_word' id='word_1_245' title='bbox 1634 3531 2009 3588; x_wconf 78' lang='lat' dir='ltr'>sacrificandi</span> 
     </span>
    </p>
   </div>
   <div class='ocr_carea' id='block_1_38' title="bbox 359 3620 2011 3694">
    <p class='ocr_par' dir='ltr' id='par_1_38' title="bbox 359 3620 2011 3694">
     <span class='ocr_line' id='line_1_39' title="bbox 359 3620 2011 3694; baseline 0.002 -19"><span class='ocrx_word' id='word_1_246' title='bbox 359 3621 547 3694; x_wconf 86' lang='lat' dir='ltr'>gratia</span> <span class='ocrx_word' id='word_1_247' title='bbox 578 3621 728 3678; x_wconf 72' lang='grc'>175</span> <span class='ocrx_word' id='word_1_248' title='bbox 762 3627 1005 3690; x_wconf 89' lang='lat' dir='ltr'>astaret,</span> <span class='ocrx_word' id='word_1_249' title='bbox 1042 3622 1124 3678; x_wconf 88' lang='lat' dir='ltr'>ita</span> <span class='ocrx_word' id='word_1_250' title='bbox 1153 3620 1355 3677; x_wconf 90' lang='lat' dir='ltr'>divino</span> <span class='ocrx_word' id='word_1_251' title='bbox 1387 3620 1675 3678; x_wconf 89' lang='lat' dir='ltr'>instinctu</span> <span class='ocrx_word' id='word_1_252' title='bbox 1704 3621 1887 3678; x_wconf 89' lang='lat' dir='ltr'>altare</span> <span class='ocrx_word' id='word_1_253' title='bbox 1921 3628 2011 3678; x_wconf 90' lang='lat' dir='ltr'>est</span> 
     </span>
    </p>
   </div>
   <div class='ocr_carea' id='block_1_39' title="bbox 355 3711 2008 3781">
    <p class='ocr_par' dir='ltr' id='par_1_39' title="bbox 355 3711 2008 3781">
     <span class='ocr_line' id='line_1_40' title="bbox 355 3711 2008 3781; baseline 0 -13"><span class='ocrx_word' id='word_1_254' title='bbox 355 3712 603 3768; x_wconf 79' lang='lat' dir='ltr'>aﬂ&#39;atus:</span> <span class='ocrx_word' id='word_1_255' title='bbox 632 3712 855 3779; x_wconf 82' lang='lat' dir='ltr'>Altare,</span> <span class='ocrx_word' id='word_1_256' title='bbox 890 3711 1224 3781; x_wconf 89' lang='lat' dir='ltr'>altare,hoc</span> <span class='ocrx_word' id='word_1_257' title='bbox 1256 3711 1361 3767; x_wconf 89' lang='lat' dir='ltr'>tibi</span> <span class='ocrx_word' id='word_1_258' title='bbox 1396 3712 1709 3769; x_wconf 85' lang='lat' dir='ltr'>denuntiat</span> <span class='ocrx_word' id='word_1_259' title='bbox 1738 3713 1912 3780; x_wconf 87' lang='lat' dir='ltr'>Deus,</span> <span class='ocrx_word' id='word_1_260' title='bbox 1946 3713 2008 3768; x_wconf 92' lang='lat' dir='ltr'>in</span> 
     </span>
    </p>
   </div>
   <div class='ocr_carea' id='block_1_40' title="bbox 358 3800 2007 3874">
    <p class='ocr_par' dir='ltr' id='par_1_40' title="bbox 358 3800 2007 3874">
     <span class='ocr_line' id='line_1_41' title="bbox 358 3800 2007 3874; baseline 0.001 -17"><span class='ocrx_word' id='word_1_261' title='bbox 358 3800 535 3857; x_wconf 92' lang='lat' dir='ltr'>domo</span> <span class='ocrx_word' id='word_1_262' title='bbox 567 3800 770 3858; x_wconf 88' lang='lat' dir='ltr'>Davidi</span> <span class='ocrx_word' id='word_1_263' title='bbox 800 3802 1170 3857; x_wconf 86' lang='lat' dir='ltr'>nasciturum</span> <span class='ocrx_word' id='word_1_264' title='bbox 1203 3818 1477 3874; x_wconf 88' lang='lat' dir='ltr'>puerum,</span> <span class='ocrx_word' id='word_1_265' title='bbox 1507 3802 1725 3858; x_wconf 87' lang='lat' dir='ltr'>Josiam</span> <span class='ocrx_word' id='word_1_266' title='bbox 1739 3802 2007 3873; x_wconf 91' lang='lat' dir='ltr'>nomine,</span> 
     </span>
    </p>
   </div>
   <div class='ocr_carea' id='block_1_41' title="bbox 356 3891 2007 3964">
    <p class='ocr_par' dir='ltr' id='par_1_41' title="bbox 356 3891 2007 3964">
     <span class='ocr_line' id='line_1_42' title="bbox 356 3891 2007 3964; baseline 0.001 -17"><span class='ocrx_word' id='word_1_267' title='bbox 356 3892 459 3963; x_wconf 92' lang='lat' dir='ltr'>qui</span> <span class='ocrx_word' id='word_1_268' title='bbox 492 3891 859 3947; x_wconf 82' lang='lat' dir='ltr'>sacriﬁculos</span> <span class='ocrx_word' id='word_1_269' title='bbox 881 3892 1176 3948; x_wconf 90' lang='lat' dir='ltr'>editorum</span> <span class='ocrx_word' id='word_1_270' title='bbox 1198 3891 1465 3948; x_wconf 91' lang='lat' dir='ltr'>locorum</span> <span class='ocrx_word' id='word_1_271' title='bbox 1488 3908 1666 3964; x_wconf 89' lang='lat' dir='ltr'>super</span> <span class='ocrx_word' id='word_1_272' title='bbox 1689 3897 1743 3946; x_wconf 93' lang='lat' dir='ltr'>te</span> <span class='ocrx_word' id='word_1_273' title='bbox 1771 3891 2007 3949; x_wconf 86' lang='lat' dir='ltr'>adolere</span> 
     </span>
    </p>
   </div>
   <div class='ocr_carea' id='block_1_42' title="bbox 355 3980 2005 4053">
    <p class='ocr_par' dir='ltr' id='par_1_42' title="bbox 355 3980 2005 4053">
     <span class='ocr_line' id='line_1_43' title="bbox 355 3980 2005 4053; baseline 0 -16"><span class='ocrx_word' id='word_1_274' title='bbox 355 3981 563 4037; x_wconf 86' lang='lat' dir='ltr'>solitos</span> <span class='ocrx_word' id='word_1_275' title='bbox 594 3980 701 4037; x_wconf 91' lang='lat' dir='ltr'>tibi</span> <span class='ocrx_word' id='word_1_276' title='bbox 733 3982 1045 4053; x_wconf 90' lang='lat' dir='ltr'>impositos</span> <span class='ocrx_word' id='word_1_277' title='bbox 1076 3980 1382 4051; x_wconf 88' lang='lat' dir='ltr'>mactabit,</span> <span class='ocrx_word' id='word_1_278' title='bbox 1416 3998 1482 4037; x_wconf 88' lang='lat' dir='ltr'>ac</span> <span class='ocrx_word' id='word_1_279' title='bbox 1514 3998 1695 4053; x_wconf 87' lang='lat' dir='ltr'>supra</span> <span class='ocrx_word' id='word_1_280' title='bbox 1727 3987 1781 4037; x_wconf 93' lang='lat' dir='ltr'>te</span> <span class='ocrx_word' id='word_1_281' title='bbox 1811 3982 2005 4037; x_wconf 89' lang='lat' dir='ltr'>homi-</span> 
     </span>
    </p>
   </div>
   <div class='ocr_carea' id='block_1_43' title="bbox 354 4071 2006 4144">
    <p class='ocr_par' dir='ltr' id='par_1_43' title="bbox 354 4071 2006 4144">
     <span class='ocr_line' id='line_1_44' title="bbox 354 4071 2006 4144; baseline 0 -17"><span class='ocrx_word' id='word_1_282' title='bbox 354 4086 501 4128; x_wconf 89' lang='lat' dir='ltr'>num</span> <span class='ocrx_word' id='word_1_283' title='bbox 532 4089 667 4135; x_wconf 84' lang='lat' dir='ltr'>ossa</span> <span class='ocrx_word' id='word_1_284' title='bbox 696 4072 1001 4128; x_wconf 88' lang='lat' dir='ltr'>accendet.</span> <span class='ocrx_word' id='word_1_285' title='bbox 1030 4073 1100 4127; x_wconf 87' lang='lat' dir='ltr'>Et</span> <span class='ocrx_word' id='word_1_286' title='bbox 1145 4072 1334 4128; x_wconf 86' lang='lat' dir='ltr'>fatum</span> <span class='ocrx_word' id='word_1_287' title='bbox 1371 4071 1638 4144; x_wconf 89' lang='lat' dir='ltr'>prodigio</span> <span class='ocrx_word' id='word_1_288' title='bbox 1668 4076 1735 4128; x_wconf 89' lang='lat' dir='ltr'>ut</span> <span class='ocrx_word' id='word_1_289' title='bbox 1782 4073 2006 4128; x_wconf 80' lang='lat' dir='ltr'>contir-</span> 
     </span>
    </p>
   </div>
   <div class='ocr_carea' id='block_1_44' title="bbox 348 4161 2007 4234">
    <p class='ocr_par' dir='ltr' id='par_1_44' title="bbox 348 4161 2007 4234">
     <span class='ocr_line' id='line_1_45' title="bbox 348 4161 2007 4234; baseline 0 -17"><span class='ocrx_word' id='word_1_290' title='bbox 348 4166 561 4232; x_wconf 87' lang='lat' dir='ltr'>maret,</span> <span class='ocrx_word' id='word_1_291' title='bbox 593 4162 699 4229; x_wconf 92' lang='lat' dir='ltr'>En,</span> <span class='ocrx_word' id='word_1_292' title='bbox 734 4162 836 4231; x_wconf 90' lang='lat' dir='ltr'>ait,</span> <span class='ocrx_word' id='word_1_293' title='bbox 869 4162 1056 4217; x_wconf 90' lang='lat' dir='ltr'>altare</span> <span class='ocrx_word' id='word_1_294' title='bbox 1098 4168 1425 4234; x_wconf 89' lang='lat' dir='ltr'>rumpetur,</span> <span class='ocrx_word' id='word_1_295' title='bbox 1460 4168 1636 4233; x_wconf 90' lang='lat' dir='ltr'>atque</span> <span class='ocrx_word' id='word_1_296' title='bbox 1668 4161 2007 4218; x_wconf 73' lang='lat' dir='ltr'>effundetur</span> 
     </span>
    </p>
   </div>
   <div class='ocr_carea' id='block_1_45' title="bbox 351 4249 2002 4324">
    <p class='ocr_par' dir='ltr' id='par_1_45' title="bbox 351 4249 2002 4324">
     <span class='ocr_line' id='line_1_46' title="bbox 351 4249 2002 4324; baseline 0 -17"><span class='ocrx_word' id='word_1_297' title='bbox 351 4250 451 4323; x_wconf 92' lang='lat' dir='ltr'>qui</span> <span class='ocrx_word' id='word_1_298' title='bbox 482 4256 572 4307; x_wconf 91' lang='lat' dir='ltr'>est</span> <span class='ocrx_word' id='word_1_299' title='bbox 601 4249 653 4306; x_wconf 91' lang='lat' dir='ltr'>ei</span> <span class='ocrx_word' id='word_1_300' title='bbox 686 4251 1001 4324; x_wconf 90' lang='lat' dir='ltr'>impositus</span> <span class='ocrx_word' id='word_1_301' title='bbox 1027 4250 1232 4323; x_wconf 90' lang='lat' dir='ltr'>adeps.</span> <span class='ocrx_word' id='word_1_302' title='bbox 1267 4251 1399 4307; x_wconf 79' lang='lat' dir='ltr'>Haec</span> <span class='ocrx_word' id='word_1_303' title='bbox 1447 4250 1695 4307; x_wconf 85' lang='lat' dir='ltr'>audiens</span> <span class='ocrx_word' id='word_1_304' title='bbox 1724 4249 2002 4307; x_wconf 83' lang='lat' dir='ltr'>Jeroboa-</span> 
     </span>
    </p>
   </div>
   <div class='ocr_carea' id='block_1_46' title="bbox 349 4340 2005 4413">
    <p class='ocr_par' dir='ltr' id='par_1_46' title="bbox 349 4340 2005 4413">
     <span class='ocr_line' id='line_1_47' title="bbox 349 4340 2005 4413; baseline -0.002 -16"><span class='ocrx_word' id='word_1_305' title='bbox 349 4357 485 4397; x_wconf 88' lang='lat' dir='ltr'>mus</span> <span class='ocrx_word' id='word_1_306' title='bbox 515 4357 758 4395; x_wconf 89' lang='lat' dir='ltr'>manum</span> <span class='ocrx_word' id='word_1_307' title='bbox 792 4358 960 4396; x_wconf 90' lang='lat' dir='ltr'>suam</span> <span class='ocrx_word' id='word_1_308' title='bbox 994 4341 1254 4396; x_wconf 88' lang='lat' dir='ltr'>hominis</span> <span class='ocrx_word' id='word_1_309' title='bbox 1306 4340 1796 4413; x_wconf 90' lang='lat' dir='ltr'>apprehendendi</span> <span class='ocrx_word' id='word_1_310' title='bbox 1828 4356 2005 4396; x_wconf 91' lang='lat' dir='ltr'>causa</span> 
     </span>
    </p>
   </div>
   <div class='ocr_carea' id='block_1_47' title="bbox 351 4430 2002 4504">
    <p class='ocr_par' dir='ltr' id='par_1_47' title="bbox 351 4430 2002 4504">
     <span class='ocr_line' id='line_1_48' title="bbox 351 4430 2002 4504; baseline 0.002 -20"><span class='ocrx_word' id='word_1_311' title='bbox 351 4430 617 4487; x_wconf 82' lang='lat' dir='ltr'>extendit</span> <span class='ocrx_word' id='word_1_312' title='bbox 649 4448 660 4486; x_wconf 95' lang='lat'>:</span> <span class='ocrx_word' id='word_1_313' title='bbox 697 4449 824 4504; x_wconf 67' lang='lat' dir='ltr'>quae</span> <span class='ocrx_word' id='word_1_314' title='bbox 857 4431 1052 4487; x_wconf 91' lang='lat' dir='ltr'>subito</span> <span class='ocrx_word' id='word_1_315' title='bbox 1086 4432 1336 4498; x_wconf 82' lang='lat' dir='ltr'>exaruit,</span> <span class='ocrx_word' id='word_1_316' title='bbox 1368 4430 1666 4502; x_wconf 88' lang='lat' dir='ltr'>simulque</span> <span class='ocrx_word' id='word_1_317' title='bbox 1698 4448 1801 4486; x_wconf 88' lang='lat' dir='ltr'>ara</span> <span class='ocrx_word' id='word_1_318' title='bbox 1830 4437 2002 4503; x_wconf 88' lang='lat' dir='ltr'>rupta</span> 
     </span>
    </p>
   </div>
   <div class='ocr_carea' id='block_1_48' title="bbox 351 4517 2003 4593">
    <p class='ocr_par' dir='ltr' id='par_1_48' title="bbox 351 4517 2003 4593">
     <span class='ocr_line' id='line_1_49' title="bbox 351 4517 2003 4593; baseline 0.002 -18"><span class='ocrx_word' id='word_1_319' title='bbox 351 4517 536 4593; x_wconf 88' lang='lat' dir='ltr'>adeps</span> <span class='ocrx_word' id='word_1_320' title='bbox 568 4522 788 4578; x_wconf 75' lang='lat' dir='ltr'>ell‘usus</span> <span class='ocrx_word' id='word_1_321' title='bbox 823 4527 932 4577; x_wconf 90' lang='lat' dir='ltr'>est.</span> <span class='ocrx_word' id='word_1_322' title='bbox 978 4523 1122 4578; x_wconf 90' lang='lat' dir='ltr'>Tum</span> <span class='ocrx_word' id='word_1_323' title='bbox 1153 4520 1538 4577; x_wconf 80' lang='lat' dir='ltr'>Jeroboamus</span> <span class='ocrx_word' id='word_1_324' title='bbox 1569 4527 1759 4577; x_wconf 87' lang='lat' dir='ltr'>vatem</span> <span class='ocrx_word' id='word_1_325' title='bbox 1816 4521 2003 4578; x_wconf 88' lang='lat' dir='ltr'>oravit</span> 
     </span>
    </p>
   </div>
   <div class='ocr_carea' id='block_1_49' title="bbox 2145 566 3809 649">
    <p class='ocr_par' dir='ltr' id='par_1_49' title="bbox 2145 566 3809 649">
     <span class='ocr_line' id='line_1_50' title="bbox 2145 566 3809 649; baseline 0.002 -24"><span class='ocrx_word' id='word_1_326' title='bbox 2145 570 2229 642; x_wconf 90' lang='lat' dir='ltr'>[P.</span> <span class='ocrx_word' id='word_1_327' title='bbox 2264 573 2355 645; x_wconf 85' lang='lat'>99]</span> <span class='ocrx_word' id='word_1_328' title='bbox 2414 573 2516 629; x_wconf 81' lang='grc' dir='ltr'>Καὶ</span> <span class='ocrx_word' id='word_1_329' title='bbox 2573 569 2881 648; x_wconf 84' lang='grc' dir='ltr'>ἀπήγγειλε</span> <span class='ocrx_word' id='word_1_330' title='bbox 2935 566 3179 646; x_wconf 78' lang='grc' dir='ltr'>Ῥοϐοᾶμ</span> <span class='ocrx_word' id='word_1_331' title='bbox 3227 577 3350 635; x_wconf 85' lang='grc' dir='ltr'>τοῖς</span> <span class='ocrx_word' id='word_1_332' title='bbox 3407 568 3809 649; x_wconf 69' lang='grc' dir='ltr'>πρεσϐυτέροις</span> 
     </span>
    </p>
   </div>
   <div class='ocr_carea' id='block_1_50' title="bbox 2137 658 3806 737">
    <p class='ocr_par' dir='ltr' id='par_1_50' title="bbox 2137 658 3806 737">
     <span class='ocr_line' id='line_1_51' title="bbox 2137 658 3806 737; baseline 0.004 -25"><span class='ocrx_word' id='word_1_333' title='bbox 2137 658 2200 713; x_wconf 85' lang='grc' dir='ltr'>τὸ</span> <span class='ocrx_word' id='word_1_334' title='bbox 2255 660 2410 734; x_wconf 78' lang='grc' dir='ltr'>ῥῆμα</span> <span class='ocrx_word' id='word_1_335' title='bbox 2465 665 2562 716; x_wconf 89' lang='grc' dir='ltr'>τοῦ</span> <span class='ocrx_word' id='word_1_336' title='bbox 2621 662 2777 720; x_wconf 85' lang='grc' dir='ltr'>λαοῦ.</span> <span class='ocrx_word' id='word_1_337' title='bbox 2838 662 2945 718; x_wconf 81' lang='grc' dir='ltr'>Καὶ</span> <span class='ocrx_word' id='word_1_338' title='bbox 2989 660 3142 717; x_wconf 77' lang='grc' dir='ltr'>αὐτοὶ</span> <span class='ocrx_word' id='word_1_339' title='bbox 3200 663 3377 718; x_wconf 65' lang='grc' dir='ltr'>εἶπον*</span> <span class='ocrx_word' id='word_1_340' title='bbox 3421 661 3697 737; x_wconf 74' lang='grc' dir='ltr'>ᾖτήσαντό</span> <span class='ocrx_word' id='word_1_341' title='bbox 3739 684 3806 718; x_wconf 83' lang='grc' dir='ltr'>σε</span> 
     </span>
    </p>
   </div>
   <div class='ocr_carea' id='block_1_51' title="bbox 2137 747 3798 828">
    <p class='ocr_par' dir='ltr' id='par_1_51' title="bbox 2137 747 3798 828">
     <span class='ocr_line' id='line_1_52' title="bbox 2137 747 3798 828; baseline 0.004 -26"><span class='ocrx_word' id='word_1_342' title='bbox 2137 750 2412 820; x_wconf 84' lang='grc' dir='ltr'>ποιήσεις,</span> <span class='ocrx_word' id='word_1_343' title='bbox 2466 749 2556 804; x_wconf 78' lang='grc' dir='ltr'>καὶ</span> <span class='ocrx_word' id='word_1_344' title='bbox 2605 749 2765 805; x_wconf 82' lang='grc' dir='ltr'>αὐτοὶ</span> <span class='ocrx_word' id='word_1_345' title='bbox 2825 747 3016 806; x_wconf 84' lang='grc' dir='ltr'>δοῦλοί</span> <span class='ocrx_word' id='word_1_346' title='bbox 3073 772 3170 806; x_wconf 91' lang='grc' dir='ltr'>σου</span> <span class='ocrx_word' id='word_1_347' title='bbox 3227 752 3403 812; x_wconf 73' lang='grc' dir='ltr'>πάσας</span> <span class='ocrx_word' id='word_1_348' title='bbox 3432 751 3528 814; x_wconf 80' lang='grc' dir='ltr'>τὰς</span> <span class='ocrx_word' id='word_1_349' title='bbox 3556 751 3798 828; x_wconf 76' lang='grc' dir='ltr'>ἡμέρας.</span> 
     </span>
    </p>
   </div>
   <div class='ocr_carea' id='block_1_52' title="bbox 2138 831 3803 917">
    <p class='ocr_par' dir='ltr' id='par_1_52' title="bbox 2138 831 3803 917">
     <span class='ocr_line' id='line_1_53' title="bbox 2138 831 3803 917; baseline 0.002 -25"><span class='ocrx_word' id='word_1_350' title='bbox 2138 834 2241 892; x_wconf 80' lang='grc' dir='ltr'>Καὶ</span> <span class='ocrx_word' id='word_1_351' title='bbox 2274 831 2741 895; x_wconf 76' lang='grc' dir='ltr'>συνεϐουλεύσατο</span> <span class='ocrx_word' id='word_1_352' title='bbox 2803 841 2939 914; x_wconf 82' lang='grc' dir='ltr'><strong>μετὰ</strong></span> <span class='ocrx_word' id='word_1_353' title='bbox 2995 844 3102 895; x_wconf 87' lang='grc' dir='ltr'>τῶν</span> <span class='ocrx_word' id='word_1_354' title='bbox 3140 836 3444 914; x_wconf 73' lang='grc' dir='ltr'>παιδαρίων</span> <span class='ocrx_word' id='word_1_355' title='bbox 3498 844 3605 895; x_wconf 87' lang='grc' dir='ltr'>τῶν</span> <span class='ocrx_word' id='word_1_356' title='bbox 3657 861 3803 917; x_wconf 87' lang='grc' dir='ltr'>παρ-</span> 
     </span>
    </p>
   </div>
   <div class='ocr_carea' id='block_1_53' title="bbox 2137 925 3806 1003">
    <p class='ocr_par' dir='ltr' id='par_1_53' title="bbox 2137 925 3806 1003">
     <span class='ocr_line' id='line_1_54' title="bbox 2137 925 3806 1003; baseline 0.005 -25"><span class='ocrx_word' id='word_1_357' title='bbox 2137 926 2385 980; x_wconf 88' lang='grc' dir='ltr'>εστώτων</span> <span class='ocrx_word' id='word_1_358' title='bbox 2415 925 2561 999; x_wconf 85' lang='grc' dir='ltr'>αύτῷ</span> <span class='ocrx_word' id='word_1_359' title='bbox 2589 927 2714 1003; x_wconf 84' lang='grc' dir='ltr'>περὶ</span> <span class='ocrx_word' id='word_1_360' title='bbox 2742 928 2962 1001; x_wconf 90' lang='grc' dir='ltr'>τούτου,</span> <span class='ocrx_word' id='word_1_361' title='bbox 2996 929 3083 984; x_wconf 83' lang='grc' dir='ltr'>καὶ</span> <span class='ocrx_word' id='word_1_362' title='bbox 3136 926 3289 985; x_wconf 78' lang='grc' dir='ltr'>αὒτοὶ</span> <span class='ocrx_word' id='word_1_363' title='bbox 3331 930 3505 984; x_wconf 76' lang='grc' dir='ltr'>εἴπον-</span> <span class='ocrx_word' id='word_1_364' title='bbox 3539 928 3806 1000; x_wconf 84' lang='grc' dir='ltr'>Λάλησον</span> 
     </span>
    </p>
   </div>
   <div class='ocr_carea' id='block_1_54' title="bbox 2134 1012 3805 1094">
    <p class='ocr_par' dir='ltr' id='par_1_54' title="bbox 2134 1012 3805 1094">
     <span class='ocr_line' id='line_1_55' title="bbox 2134 1012 3805 1094; baseline 0.003 -25"><span class='ocrx_word' id='word_1_365' title='bbox 2134 1018 2215 1085; x_wconf 80' lang='grc' dir='ltr'>τῷ</span> <span class='ocrx_word' id='word_1_366' title='bbox 2268 1012 2387 1088; x_wconf 85' lang='grc' dir='ltr'>λαῷ</span> <span class='ocrx_word' id='word_1_367' title='bbox 2445 1014 2639 1080; x_wconf 72' lang='grc' dir='ltr'>οὕτως·</span> <span class='ocrx_word' id='word_1_368' title='bbox 2692 1018 2756 1074; x_wconf 84' lang='grc' dir='ltr'>ἹΙ</span> <span class='ocrx_word' id='word_1_369' title='bbox 2813 1019 3122 1093; x_wconf 78' lang='grc' dir='ltr'>σμικρότης</span> <span class='ocrx_word' id='word_1_370' title='bbox 3178 1040 3283 1091; x_wconf 85' lang='grc' dir='ltr'>μου</span> <span class='ocrx_word' id='word_1_371' title='bbox 3345 1017 3626 1094; x_wconf 69' lang='grc' dir='ltr'>παχυτέρα</span> <span class='ocrx_word' id='word_1_372' title='bbox 3683 1018 3805 1075; x_wconf 79' lang='grc' dir='ltr'>ἐστὶ</span> 
     </span>
    </p>
   </div>
   <div class='ocr_carea' id='block_1_55' title="bbox 2135 1103 3802 1183">
    <p class='ocr_par' dir='ltr' id='par_1_55' title="bbox 2135 1103 3802 1183">
     <span class='ocr_line' id='line_1_56' title="bbox 2135 1103 3802 1183; baseline 0.004 -24"><span class='ocrx_word' id='word_1_373' title='bbox 2135 1110 2236 1173; x_wconf 74' lang='grc' dir='ltr'>τῆς</span> <span class='ocrx_word' id='word_1_374' title='bbox 2270 1103 2469 1182; x_wconf 64' lang='grc' dir='ltr'>ὀσφύος</span> <span class='ocrx_word' id='word_1_375' title='bbox 2522 1110 2619 1162; x_wconf 87' lang='grc' dir='ltr'>τοῦ</span> <span class='ocrx_word' id='word_1_376' title='bbox 2671 1107 2876 1182; x_wconf 89' lang='grc' dir='ltr'>πατρός</span> <span class='ocrx_word' id='word_1_377' title='bbox 2937 1129 3064 1182; x_wconf 82' lang='grc' dir='ltr'>μου.</span> <span class='ocrx_word' id='word_1_378' title='bbox 3113 1108 3176 1165; x_wconf 80' lang='grc' dir='ltr'>Ὀ</span> <span class='ocrx_word' id='word_1_379' title='bbox 3210 1111 3389 1183; x_wconf 87' lang='grc' dir='ltr'>πατήρ</span> <span class='ocrx_word' id='word_1_380' title='bbox 3426 1130 3531 1182; x_wconf 85' lang='grc' dir='ltr'>μου</span> <span class='ocrx_word' id='word_1_381' title='bbox 3567 1109 3802 1165; x_wconf 74' lang='grc' dir='ltr'>ὑπέτασ-</span> 
     </span>
    </p>
   </div>
   <div class='ocr_carea' id='block_1_56' title="bbox 2137 1192 3805 1273">
    <p class='ocr_par' dir='ltr' id='par_1_56' title="bbox 2137 1192 3805 1273">
     <span class='ocr_line' id='line_1_57' title="bbox 2137 1192 3805 1273; baseline 0.004 -26"><span class='ocrx_word' id='word_1_382' title='bbox 2137 1213 2221 1247; x_wconf 90' lang='grc' dir='ltr'>σεν</span> <span class='ocrx_word' id='word_1_383' title='bbox 2285 1194 2423 1267; x_wconf 73' lang='grc' dir='ltr'>ὑμᾶς</span> <span class='ocrx_word' id='word_1_384' title='bbox 2484 1192 2538 1249; x_wconf 68' lang='grc' dir='ltr'>ἐν</span> <span class='ocrx_word' id='word_1_385' title='bbox 2589 1193 2767 1269; x_wconf 80' lang='grc' dir='ltr'>κλοιῷ</span> <span class='ocrx_word' id='word_1_386' title='bbox 2829 1195 3005 1272; x_wconf 86' lang='grc' dir='ltr'>βαρεῖ,</span> <span class='ocrx_word' id='word_1_387' title='bbox 3064 1195 3169 1272; x_wconf 70' lang='grc' dir='ltr'>ἐγὼ</span> <span class='ocrx_word' id='word_1_388' title='bbox 3230 1200 3528 1273; x_wconf 80' lang='grc' dir='ltr'>προσθήσω</span> <span class='ocrx_word' id='word_1_389' title='bbox 3587 1197 3673 1253; x_wconf 80' lang='grc' dir='ltr'>ἐπὶ</span> <span class='ocrx_word' id='word_1_390' title='bbox 3716 1202 3805 1272; x_wconf 78' lang='grc' dir='ltr'>τῷ</span> 
     </span>
    </p>
   </div>
   <div class='ocr_carea' id='block_1_57' title="bbox 2135 1278 3806 1363">
    <p class='ocr_par' dir='ltr' id='par_1_57' title="bbox 2135 1278 3806 1363">
     <span class='ocr_line' id='line_1_58' title="bbox 2135 1278 3806 1363; baseline 0.005 -28"><span class='ocrx_word' id='word_1_391' title='bbox 2135 1278 2313 1354; x_wconf 80' lang='grc' dir='ltr'>κλοιῷ</span> <span class='ocrx_word' id='word_1_392' title='bbox 2361 1281 2545 1338; x_wconf 83' lang='grc' dir='ltr'>αὐτοῦ·</span> <span class='ocrx_word' id='word_1_393' title='bbox 2598 1283 2626 1341; x_wconf 88' lang='lat'>6</span> <span class='ocrx_word' id='word_1_394' title='bbox 2673 1286 2857 1359; x_wconf 85' lang='grc' dir='ltr'>πατήρ</span> <span class='ocrx_word' id='word_1_395' title='bbox 2912 1306 3017 1357; x_wconf 85' lang='grc' dir='ltr'>μου</span> <span class='ocrx_word' id='word_1_396' title='bbox 3066 1282 3375 1343; x_wconf 73' lang='grc' dir='ltr'>ἐπαίδευσεν</span> <span class='ocrx_word' id='word_1_397' title='bbox 3432 1288 3573 1360; x_wconf 77' lang='grc' dir='ltr'>ὒμᾶς</span> <span class='ocrx_word' id='word_1_398' title='bbox 3603 1285 3655 1342; x_wconf 78' lang='grc' dir='ltr'>ἐν</span> <span class='ocrx_word' id='word_1_399' title='bbox 3688 1287 3806 1363; x_wconf 78' lang='grc' dir='ltr'>μά-</span> 
     </span>
    </p>
   </div>
   <div class='ocr_carea' id='block_1_58' title="bbox 2138 1369 3803 1451">
    <p class='ocr_par' dir='ltr' id='par_1_58' title="bbox 2138 1369 3803 1451">
     <span class='ocr_line' id='line_1_59' title="bbox 2138 1369 3803 1451; baseline 0.005 -27"><span class='ocrx_word' id='word_1_400' title='bbox 2138 1373 2322 1444; x_wconf 82' lang='grc' dir='ltr'>στιξιν,</span> <span class='ocrx_word' id='word_1_401' title='bbox 2355 1369 2464 1449; x_wconf 80' lang='grc' dir='ltr'>ἐγὼ</span> <span class='ocrx_word' id='word_1_402' title='bbox 2491 1370 2767 1433; x_wconf 72' lang='grc' dir='ltr'>παιδεύσει)</span> <span class='ocrx_word' id='word_1_403' title='bbox 2826 1375 2965 1447; x_wconf 77' lang='grc' dir='ltr'>ὑμᾶς</span> <span class='ocrx_word' id='word_1_404' title='bbox 3025 1373 3079 1429; x_wconf 81' lang='grc' dir='ltr'>ἐν</span> <span class='ocrx_word' id='word_1_405' title='bbox 3137 1376 3406 1451; x_wconf 80' lang='grc' dir='ltr'>σκορπίῳ.</span> <span class='ocrx_word' id='word_1_406' title='bbox 3448 1375 3665 1448; x_wconf 90' lang='grc' dir='ltr'>Ταύτην</span> <span class='ocrx_word' id='word_1_407' title='bbox 3694 1378 3803 1446; x_wconf 78' lang='grc' dir='ltr'>τήν</span> 
     </span>
    </p>
   </div>
   <div class='ocr_carea' id='block_1_59' title="bbox 2139 1457 3798 1542">
    <p class='ocr_par' dir='ltr' id='par_1_59' title="bbox 2139 1457 3798 1542">
     <span class='ocr_line' id='line_1_60' title="bbox 2139 1457 3798 1542; baseline 0.004 -27"><span class='ocrx_word' id='word_1_408' title='bbox 2139 1457 2350 1535; x_wconf 71' lang='grc' dir='ltr'>βουλήν</span> <span class='ocrx_word' id='word_1_409' title='bbox 2390 1465 2499 1516; x_wconf 88' lang='grc' dir='ltr'>τῶν</span> <span class='ocrx_word' id='word_1_410' title='bbox 2559 1459 2866 1538; x_wconf 78' lang='grc' dir='ltr'>παιδαρίων</span> <span class='ocrx_word' id='word_1_411' title='bbox 2923 1467 3041 1518; x_wconf 80' lang='grc' dir='ltr'>εἷπε</span> <span class='ocrx_word' id='word_1_412' title='bbox 3088 1460 3336 1540; x_wconf 76' lang='grc' dir='ltr'>Ῥοϐοὰμ</span> <span class='ocrx_word' id='word_1_413' title='bbox 3398 1465 3798 1542; x_wconf 74' lang='grc' dir='ltr'>ὑποστρέψαντι</span> 
     </span>
    </p>
   </div>
   <div class='ocr_carea' id='block_1_60' title="bbox 2135 1548 3799 1625">
    <p class='ocr_par' dir='ltr' id='par_1_60' title="bbox 2135 1548 3799 1625">
     <span class='ocr_line' id='line_1_61' title="bbox 2135 1548 3799 1625; baseline 0.005 -21"><span class='ocrx_word' id='word_1_414' title='bbox 2135 1553 2213 1622; x_wconf 79' lang='grc' dir='ltr'>τῷ</span> <span class='ocrx_word' id='word_1_415' title='bbox 2263 1548 2510 1625; x_wconf 71' lang='grc' dir='ltr'>Ἰσραήλσ</span> <span class='ocrx_word' id='word_1_416' title='bbox 2570 1552 2659 1607; x_wconf 80' lang='grc' dir='ltr'>καὶ</span> <span class='ocrx_word' id='word_1_417' title='bbox 2708 1551 2971 1625; x_wconf 81' lang='grc' dir='ltr'>ἀπεκρίθη</span> <span class='ocrx_word' id='word_1_418' title='bbox 3035 1559 3140 1617; x_wconf 80' lang='grc' dir='ltr'>πᾶς</span> <span class='ocrx_word' id='word_1_419' title='bbox 3196 1556 3223 1609; x_wconf 98' lang='lat'>6</span> <span class='ocrx_word' id='word_1_420' title='bbox 3281 1551 3435 1617; x_wconf 82' lang='grc' dir='ltr'>λαός”</span> <span class='ocrx_word' id='word_1_421' title='bbox 3479 1557 3596 1613; x_wconf 83' lang='grc' dir='ltr'>Οὐκ</span> <span class='ocrx_word' id='word_1_422' title='bbox 3647 1552 3799 1612; x_wconf 82' lang='grc' dir='ltr'>ἔστιν</span> 
     </span>
    </p>
   </div>
   <div class='ocr_carea' id='block_1_61' title="bbox 2136 1633 3801 1718">
    <p class='ocr_par' dir='ltr' id='par_1_61' title="bbox 2136 1633 3801 1718">
     <span class='ocr_line' id='line_1_62' title="bbox 2136 1633 3801 1718; baseline 0.004 -25"><span class='ocrx_word' id='word_1_423' title='bbox 2136 1640 2270 1712; x_wconf 74' lang='grc' dir='ltr'>ἡμῖν</span> <span class='ocrx_word' id='word_1_424' title='bbox 2330 1633 2408 1695; x_wconf 81' lang='grc' dir='ltr'>ἔτι</span> <span class='ocrx_word' id='word_1_425' title='bbox 2466 1641 2619 1716; x_wconf 80' lang='grc' dir='ltr'>μερὶς</span> <span class='ocrx_word' id='word_1_426' title='bbox 2674 1639 2725 1696; x_wconf 80' lang='grc' dir='ltr'>ἐν</span> <span class='ocrx_word' id='word_1_427' title='bbox 2787 1637 2982 1709; x_wconf 73' lang='grc' dir='ltr'>Δαῦίδ,</span> <span class='ocrx_word' id='word_1_428' title='bbox 3043 1640 3174 1698; x_wconf 75' lang='grc' dir='ltr'>οὐδὲ</span> <span class='ocrx_word' id='word_1_429' title='bbox 3224 1642 3573 1718; x_wconf 70' lang='grc' dir='ltr'>κληρονομία</span> <span class='ocrx_word' id='word_1_430' title='bbox 3603 1644 3657 1700; x_wconf 79' lang='grc' dir='ltr'>ἐν</span> <span class='ocrx_word' id='word_1_431' title='bbox 3688 1646 3801 1718; x_wconf 78' lang='grc' dir='ltr'>υἱῴ</span> 
     </span>
    </p>
   </div>
   <div class='ocr_carea' id='block_1_62' title="bbox 2135 1728 3795 1808">
    <p class='ocr_par' dir='ltr' id='par_1_62' title="bbox 2135 1728 3795 1808">
     <span class='ocr_line' id='line_1_63' title="bbox 2135 1728 3795 1808; baseline 0.002 -22"><span class='ocrx_word' id='word_1_432' title='bbox 2135 1728 2348 1787; x_wconf 88' lang='grc' dir='ltr'>Ἰεσσαί.</span> <span class='ocrx_word' id='word_1_433' title='bbox 2384 1730 2708 1806; x_wconf 86' lang='grc' dir='ltr'>Ἀπότρεχε,</span> <span class='ocrx_word' id='word_1_434' title='bbox 2764 1729 3009 1808; x_wconf 71' lang='grc' dir='ltr'>Ἰσραὴλ,</span> <span class='ocrx_word' id='word_1_435' title='bbox 3069 1731 3145 1794; x_wconf 79' lang='grc' dir='ltr'>εἷς</span> <span class='ocrx_word' id='word_1_436' title='bbox 3196 1733 3260 1788; x_wconf 70' lang='grc' dir='ltr'>τὰ</span> <span class='ocrx_word' id='word_1_437' title='bbox 3303 1733 3637 1806; x_wconf 81' lang='grc' dir='ltr'>σκηνώματὰ</span> <span class='ocrx_word' id='word_1_438' title='bbox 3671 1754 3795 1804; x_wconf 76' lang='grc' dir='ltr'>σου,</span> 
     </span>
    </p>
   </div>
   <div class='ocr_carea' id='block_1_63' title="bbox 2138 1816 3799 1897">
    <p class='ocr_par' dir='ltr' id='par_1_63' title="bbox 2138 1816 3799 1897">
     <span class='ocr_line' id='line_1_64' title="bbox 2138 1816 3799 1897; baseline 0.004 -25"><span class='ocrx_word' id='word_1_439' title='bbox 2138 1817 2299 1893; x_wconf 83' lang='grc' dir='ltr'>βόσκε</span> <span class='ocrx_word' id='word_1_440' title='bbox 2328 1819 2420 1873; x_wconf 89' lang='grc' dir='ltr'>τὸν</span> <span class='ocrx_word' id='word_1_441' title='bbox 2477 1819 2629 1874; x_wconf 81' lang='grc' dir='ltr'>οἶκόν</span> <span class='ocrx_word' id='word_1_442' title='bbox 2691 1841 2812 1889; x_wconf 87' lang='grc' dir='ltr'>σου,</span> <span class='ocrx_word' id='word_1_443' title='bbox 2871 1816 3061 1891; x_wconf 76' lang='grc' dir='ltr'>Δαϐἰδ,</span> <span class='ocrx_word' id='word_1_444' title='bbox 3120 1821 3208 1877; x_wconf 78' lang='grc' dir='ltr'>καὶ</span> <span class='ocrx_word' id='word_1_445' title='bbox 3266 1827 3432 1896; x_wconf 87' lang='grc' dir='ltr'>κρῖνε.</span> <span class='ocrx_word' id='word_1_446' title='bbox 3470 1822 3569 1880; x_wconf 78' lang='grc' dir='ltr'>Καὶ</span> <span class='ocrx_word' id='word_1_447' title='bbox 3607 1819 3799 1897; x_wconf 86' lang='grc' dir='ltr'>διεμε-</span> 
     </span>
    </p>
   </div>
   <div class='ocr_carea' id='block_1_64' title="bbox 2132 1906 3829 1985">
    <p class='ocr_par' dir='ltr' id='par_1_64' title="bbox 2132 1906 3829 1985">
     <span class='ocr_line' id='line_1_65' title="bbox 2132 1906 3829 1985; baseline 0.004 -25"><span class='ocrx_word' id='word_1_448' title='bbox 2132 1907 2288 1979; x_wconf 59' lang='grc' dir='ltr'>ρίσθη</span> <span class='ocrx_word' id='word_1_449' title='bbox 2350 1909 2384 1977; x_wconf 76' lang='grc' dir='ltr'>ἡ</span> <span class='ocrx_word' id='word_1_450' title='bbox 2443 1906 2692 1983; x_wconf 80' lang='grc' dir='ltr'>βασιλεία</span> <span class='ocrx_word' id='word_1_451' title='bbox 2750 1908 3136 1984; x_wconf 80' lang='grc' dir='ltr'>Σολομῶντος·</span> <span class='ocrx_word' id='word_1_452' title='bbox 3197 1912 3285 1966; x_wconf 82' lang='grc' dir='ltr'>καὶ</span> <span class='ocrx_word' id='word_1_453' title='bbox 3344 1910 3489 1984; x_wconf 85' lang='grc' dir='ltr'>αύτῷ</span> <span class='ocrx_word' id='word_1_454' title='bbox 3549 1912 3643 1985; x_wconf 77' lang='grc' dir='ltr'>μὶν</span> <span class='ocrx_word' id='word_1_455' title='bbox 3707 1917 3829 1985; x_wconf 79' lang='grc' dir='ltr'>τῷ,</span> 
     </span>
    </p>
   </div>
   <div class='ocr_carea' id='block_1_65' title="bbox 2131 1990 3794 2076">
    <p class='ocr_par' dir='ltr' id='par_1_65' title="bbox 2131 1990 3794 2076">
     <span class='ocr_line' id='line_1_66' title="bbox 2131 1990 3794 2076; baseline 0.002 -24"><span class='ocrx_word' id='word_1_456' title='bbox 2131 1990 2376 2070; x_wconf 73' lang='grc' dir='ltr'>Ῥοὸοὰμ</span> <span class='ocrx_word' id='word_1_457' title='bbox 2400 1999 2433 2066; x_wconf 80' lang='grc' dir='ltr'>ἡ</span> <span class='ocrx_word' id='word_1_458' title='bbox 2471 1996 2520 2067; x_wconf 80' lang='grc' dir='ltr'>ἐξ</span> <span class='ocrx_word' id='word_1_459' title='bbox 2570 1994 2750 2054; x_wconf 77' lang='grc' dir='ltr'>Ἰούδα</span> <span class='ocrx_word' id='word_1_460' title='bbox 2789 1998 3082 2073; x_wconf 68' lang='grc' dir='ltr'>παραμένει</span> <span class='ocrx_word' id='word_1_461' title='bbox 3136 1999 3283 2076; x_wconf 81' lang='grc' dir='ltr'>φυλὴ</span> <span class='ocrx_word' id='word_1_462' title='bbox 3334 1999 3423 2055; x_wconf 80' lang='grc' dir='ltr'>καὶ</span> <span class='ocrx_word' id='word_1_463' title='bbox 3521 2003 3616 2055; x_wconf 87' lang='grc' dir='ltr'>τοῦ</span> <span class='ocrx_word' id='word_1_464' title='bbox 3656 2005 3794 2057; x_wconf 82' lang='grc' dir='ltr'>Βεν-</span> 
     </span>
    </p>
   </div>
   <div class='ocr_carea' id='block_1_66' title="bbox 2132 2082 3791 2165">
    <p class='ocr_par' dir='ltr' id='par_1_66' title="bbox 2132 2082 3791 2165">
     <span class='ocr_line' id='line_1_67' title="bbox 2132 2082 3791 2165; baseline 0.001 -22"><span class='ocrx_word' id='word_1_465' title='bbox 2132 2085 2308 2158; x_wconf 72' lang='grc' dir='ltr'>ιαμὶν,</span> <span class='ocrx_word' id='word_1_466' title='bbox 2352 2086 2405 2141; x_wconf 73' lang='grc' dir='ltr'>αἱ</span> <span class='ocrx_word' id='word_1_467' title='bbox 2460 2082 2518 2141; x_wconf 74' lang='grc' dir='ltr'>δὲ</span> <span class='ocrx_word' id='word_1_468' title='bbox 2569 2085 2760 2142; x_wconf 77' lang='grc' dir='ltr'>λοιπαὶ</span> <span class='ocrx_word' id='word_1_469' title='bbox 2811 2084 2936 2143; x_wconf 76' lang='grc' dir='ltr'>δέκα</span> <span class='ocrx_word' id='word_1_470' title='bbox 2995 2087 3161 2165; x_wconf 70' lang='grc' dir='ltr'>φυλαι</span> <span class='ocrx_word' id='word_1_471' title='bbox 3217 2084 3507 2165; x_wconf 79' lang='grc' dir='ltr'>Ἰεροϐοᾶμ</span> <span class='ocrx_word' id='word_1_472' title='bbox 3554 2089 3645 2145; x_wconf 82' lang='grc' dir='ltr'>τὸν</span> <span class='ocrx_word' id='word_1_473' title='bbox 3689 2093 3791 2145; x_wconf 91' lang='grc' dir='ltr'>τοῦ</span> 
     </span>
    </p>
   </div>
   <div class='ocr_carea' id='block_1_67' title="bbox 2130 2168 3793 2254">
    <p class='ocr_par' dir='ltr' id='par_1_67' title="bbox 2130 2168 3793 2254">
     <span class='ocr_line' id='line_1_68' title="bbox 2130 2168 3793 2254; baseline 0.004 -27"><span class='ocrx_word' id='word_1_474' title='bbox 2130 2168 2311 2230; x_wconf 74' lang='grc' dir='ltr'>Ναόἆτ</span> <span class='ocrx_word' id='word_1_475' title='bbox 2346 2178 2753 2249; x_wconf 70' lang='grc' dir='ltr'>προεστήσαντο</span> <span class='ocrx_word' id='word_1_476' title='bbox 2790 2175 3039 2253; x_wconf 82' lang='grc' dir='ltr'>βασιλέα.</span> <span class='ocrx_word' id='word_1_477' title='bbox 3098 2180 3201 2234; x_wconf 88' lang='grc' dir='ltr'>Ἦν</span> <span class='ocrx_word' id='word_1_478' title='bbox 3263 2179 3361 2253; x_wconf 77' lang='grc' dir='ltr'>μὶν</span> <span class='ocrx_word' id='word_1_479' title='bbox 3410 2182 3489 2251; x_wconf 76' lang='grc' dir='ltr'>τῷ</span> <span class='ocrx_word' id='word_1_480' title='bbox 3540 2173 3793 2254; x_wconf 75' lang='grc' dir='ltr'><strong>Ῥοϐοᾶμ</strong></span> 
     </span>
    </p>
   </div>
   <div class='ocr_carea' id='block_1_68' title="bbox 2127 2263 3791 2341">
    <p class='ocr_par' dir='ltr' id='par_1_68' title="bbox 2127 2263 3791 2341">
     <span class='ocr_line' id='line_1_69' title="bbox 2127 2263 3791 2341; baseline 0.004 -23"><span class='ocrx_word' id='word_1_481' title='bbox 2127 2269 2228 2332; x_wconf 70' lang='grc' dir='ltr'>τῆς</span> <span class='ocrx_word' id='word_1_482' title='bbox 2275 2263 2557 2337; x_wconf 77' lang='grc' dir='ltr'>βασιλείας</span> <span class='ocrx_word' id='word_1_483' title='bbox 2603 2266 2630 2320; x_wconf 88' lang='grc' dir='ltr'><strong>ὁ</strong></span> <span class='ocrx_word' id='word_1_484' title='bbox 2680 2267 2832 2328; x_wconf 82' lang='grc' dir='ltr'>οἶκος</span> <span class='ocrx_word' id='word_1_485' title='bbox 2880 2265 2930 2321; x_wconf 80' lang='grc' dir='ltr'>ἐν</span> <span class='ocrx_word' id='word_1_486' title='bbox 2979 2266 3365 2341; x_wconf 74' lang='grc' dir='ltr'>Ἰερουσαλὴμ,</span> <span class='ocrx_word' id='word_1_487' title='bbox 3418 2266 3667 2324; x_wconf 76' lang='grc' dir='ltr'>ἐκαλεῖτο</span> <span class='ocrx_word' id='word_1_488' title='bbox 3730 2266 3791 2324; x_wconf 74' lang='grc' dir='ltr'>δὶ</span> 
     </span>
    </p>
   </div>
   <div class='ocr_carea' id='block_1_69' title="bbox 2128 2352 3792 2429">
    <p class='ocr_par' dir='ltr' id='par_1_69' title="bbox 2128 2352 3792 2429">
     <span class='ocr_line' id='line_1_70' title="bbox 2128 2352 3792 2429; baseline 0.004 -21"><span class='ocrx_word' id='word_1_489' title='bbox 2128 2353 2190 2408; x_wconf 87' lang='grc' dir='ltr'>τὸ</span> <span class='ocrx_word' id='word_1_490' title='bbox 2220 2353 2312 2408; x_wconf 84' lang='grc' dir='ltr'>ὑπ’</span> <span class='ocrx_word' id='word_1_491' title='bbox 2338 2352 2498 2409; x_wconf 78' lang='grc' dir='ltr'>αὐτὸν</span> <span class='ocrx_word' id='word_1_492' title='bbox 2553 2356 2881 2429; x_wconf 81' lang='grc' dir='ltr'>ταττόμενον</span> <span class='ocrx_word' id='word_1_493' title='bbox 2931 2354 3148 2428; x_wconf 75' lang='grc' dir='ltr'>πλῆθος</span> <span class='ocrx_word' id='word_1_494' title='bbox 3207 2356 3411 2421; x_wconf 87' lang='grc' dir='ltr'>Ἰούδας</span> <span class='ocrx_word' id='word_1_495' title='bbox 3442 2358 3529 2414; x_wconf 77' lang='grc' dir='ltr'>καὶ</span> <span class='ocrx_word' id='word_1_496' title='bbox 3562 2360 3590 2415; x_wconf 89' lang='lat'>6</span> <span class='ocrx_word' id='word_1_497' title='bbox 3630 2360 3792 2423; x_wconf 81' lang='grc' dir='ltr'>οἶκος</span> 
     </span>
    </p>
   </div>
   <div class='ocr_carea' id='block_1_70' title="bbox 2130 2438 3791 2524">
    <p class='ocr_par' dir='ltr' id='par_1_70' title="bbox 2130 2438 3791 2524">
     <span class='ocr_line' id='line_1_71' title="bbox 2130 2438 3791 2524; baseline 0.005 -28"><span class='ocrx_word' id='word_1_498' title='bbox 2130 2438 2321 2513; x_wconf 75' lang='grc' dir='ltr'>Δαὸἶδ,</span> <span class='ocrx_word' id='word_1_499' title='bbox 2380 2441 2441 2498; x_wconf 66' lang='grc' dir='ltr'>ἔκ</span> <span class='ocrx_word' id='word_1_500' title='bbox 2489 2451 2590 2514; x_wconf 75' lang='grc' dir='ltr'>τῆς</span> <span class='ocrx_word' id='word_1_501' title='bbox 2648 2443 3089 2521; x_wconf 76' lang='grc' dir='ltr'>ἑοικρατεστὲρας</span> <span class='ocrx_word' id='word_1_502' title='bbox 3139 2445 3319 2524; x_wconf 77' lang='grc' dir='ltr'>φυλῆς</span> <span class='ocrx_word' id='word_1_503' title='bbox 3379 2445 3624 2521; x_wconf 68' lang='grc' dir='ltr'>εἶ’ληφὼς</span> <span class='ocrx_word' id='word_1_504' title='bbox 3683 2450 3791 2519; x_wconf 76' lang='grc' dir='ltr'>τήν</span> 
     </span>
    </p>
   </div>
   <div class='ocr_carea' id='block_1_71' title="bbox 2129 2531 3793 2614">
    <p class='ocr_par' dir='ltr' id='par_1_71' title="bbox 2129 2531 3793 2614">
     <span class='ocr_line' id='line_1_72' title="bbox 2129 2531 3793 2614; baseline 0.004 -28"><span class='ocrx_word' id='word_1_505' title='bbox 2129 2532 2522 2608; x_wconf 80' lang='grc' dir='ltr'>προσηγορίαν.</span> <span class='ocrx_word' id='word_1_506' title='bbox 2577 2536 2689 2591; x_wconf 86' lang='grc' dir='ltr'>Τοῦ</span> <span class='ocrx_word' id='word_1_507' title='bbox 2735 2531 2791 2589; x_wconf 73' lang='grc' dir='ltr'>δὲ</span> <span class='ocrx_word' id='word_1_508' title='bbox 2839 2531 3131 2611; x_wconf 75' lang='grc' dir='ltr'>Ἱεροεοᾶμ</span> <span class='ocrx_word' id='word_1_509' title='bbox 3177 2537 3457 2611; x_wconf 76' lang='grc' dir='ltr'>Σαμάρεια</span> <span class='ocrx_word' id='word_1_510' title='bbox 3504 2540 3538 2607; x_wconf 80' lang='grc' dir='ltr'>ἡ</span> <span class='ocrx_word' id='word_1_511' title='bbox 3576 2537 3793 2614; x_wconf 64' lang='grc' dir='ltr'>μητρός</span> 
     </span>
    </p>
   </div>
   <div class='ocr_carea' id='block_1_72' title="bbox 2128 2619 3796 2701">
    <p class='ocr_par' dir='ltr' id='par_1_72' title="bbox 2128 2619 3796 2701">
     <span class='ocr_line' id='line_1_73' title="bbox 2128 2619 3796 2701; baseline 0.004 -25"><span class='ocrx_word' id='word_1_512' title='bbox 2128 2619 2317 2690; x_wconf 79' lang='grc' dir='ltr'>πολις,</span> <span class='ocrx_word' id='word_1_513' title='bbox 2351 2623 2379 2677; x_wconf 91' lang='lat'>6</span> <span class='ocrx_word' id='word_1_514' title='bbox 2412 2619 2469 2677; x_wconf 71' lang='grc' dir='ltr'>δὲ</span> <span class='ocrx_word' id='word_1_515' title='bbox 2496 2629 2596 2692; x_wconf 76' lang='grc' dir='ltr'>τῆς</span> <span class='ocrx_word' id='word_1_516' title='bbox 2650 2621 2929 2697; x_wconf 73' lang='grc' dir='ltr'>βασιλείας</span> <span class='ocrx_word' id='word_1_517' title='bbox 2989 2628 3139 2688; x_wconf 82' lang='grc' dir='ltr'>οἶκος</span> <span class='ocrx_word' id='word_1_518' title='bbox 3182 2624 3234 2681; x_wconf 86' lang='grc' dir='ltr'>ἐν</span> <span class='ocrx_word' id='word_1_519' title='bbox 3292 2629 3490 2701; x_wconf 77' lang='grc' dir='ltr'>Θαρσᾷ·</span> <span class='ocrx_word' id='word_1_520' title='bbox 3526 2622 3697 2701; x_wconf 78' lang='grc' dir='ltr'>ὄνομα</span> <span class='ocrx_word' id='word_1_521' title='bbox 3732 2626 3796 2682; x_wconf 73' lang='grc' dir='ltr'>δὶ</span> 
     </span>
    </p>
   </div>
   <div class='ocr_carea' id='block_1_73' title="bbox 2127 2710 3795 2795">
    <p class='ocr_par' dir='ltr' id='par_1_73' title="bbox 2127 2710 3795 2795">
     <span class='ocr_line' id='line_1_74' title="bbox 2127 2710 3795 2795; baseline 0.002 -29"><span class='ocrx_word' id='word_1_522' title='bbox 2127 2714 2207 2783; x_wconf 78' lang='grc' dir='ltr'>τῷ</span> <span class='ocrx_word' id='word_1_523' title='bbox 2239 2710 2328 2766; x_wconf 84' lang='grc' dir='ltr'>ὑπ’</span> <span class='ocrx_word' id='word_1_524' title='bbox 2358 2710 2521 2767; x_wconf 84' lang='grc' dir='ltr'>αὐτὸν</span> <span class='ocrx_word' id='word_1_525' title='bbox 2556 2710 2675 2785; x_wconf 83' lang='grc' dir='ltr'>λαῷ</span> <span class='ocrx_word' id='word_1_526' title='bbox 2708 2711 2928 2789; x_wconf 78' lang='grc' dir='ltr'>Ἰσραήλ</span> <span class='ocrx_word' id='word_1_527' title='bbox 2961 2711 3051 2769; x_wconf 85' lang='grc' dir='ltr'>διὰ</span> <span class='ocrx_word' id='word_1_528' title='bbox 3087 2716 3147 2770; x_wconf 88' lang='grc' dir='ltr'>τὸ</span> <span class='ocrx_word' id='word_1_529' title='bbox 3181 2714 3395 2785; x_wconf 72' lang='grc' dir='ltr'>πλῆθος</span> <span class='ocrx_word' id='word_1_530' title='bbox 3425 2714 3515 2771; x_wconf 78' lang='grc' dir='ltr'>καὶ</span> <span class='ocrx_word' id='word_1_531' title='bbox 3552 2716 3795 2795; x_wconf 65' lang='grc' dir='ltr'>Ἐφραίμ</span> 
     </span>
    </p>
   </div>
   <div class='ocr_carea' id='block_1_74' title="bbox 2128 2796 3031 2880">
    <p class='ocr_par' dir='ltr' id='par_1_74' title="bbox 2128 2796 3031 2880">
     <span class='ocr_line' id='line_1_75' title="bbox 2128 2796 3031 2880; baseline 0.007 -26"><span class='ocrx_word' id='word_1_532' title='bbox 2128 2796 2221 2854; x_wconf 77' lang='grc' dir='ltr'>διὰ</span> <span class='ocrx_word' id='word_1_533' title='bbox 2247 2801 2349 2871; x_wconf 81' lang='grc' dir='ltr'>τήν</span> <span class='ocrx_word' id='word_1_534' title='bbox 2380 2807 2481 2871; x_wconf 79' lang='grc' dir='ltr'>τῆς</span> <span class='ocrx_word' id='word_1_535' title='bbox 2519 2801 2802 2878; x_wconf 79' lang='grc' dir='ltr'>βασιλειας</span> <span class='ocrx_word' id='word_1_536' title='bbox 2830 2800 3031 2880; x_wconf 73' lang='grc' dir='ltr'>φυλὴν.</span> 
     </span>
    </p>
   </div>
   <div class='ocr_carea' id='block_1_75' title="bbox 2196 2989 3781 3074">
    <p class='ocr_par' dir='ltr' id='par_1_75' title="bbox 2196 2989 3781 3074">
     <span class='ocr_line' id='line_1_76' title="bbox 2196 2989 3781 3074; baseline 0.003 -25"><span class='ocrx_word' id='word_1_537' title='bbox 2196 2992 2346 3049; x_wconf 82' lang='grc' dir='ltr'>Κατὰ</span> <span class='ocrx_word' id='word_1_538' title='bbox 2377 2990 2433 3047; x_wconf 76' lang='grc' dir='ltr'>δὲ</span> <span class='ocrx_word' id='word_1_539' title='bbox 2463 2993 2552 3049; x_wconf 85' lang='grc' dir='ltr'>τὸν</span> <span class='ocrx_word' id='word_1_540' title='bbox 2611 2989 2805 3069; x_wconf 80' lang='grc' dir='ltr'>ὄγδοον</span> <span class='ocrx_word' id='word_1_541' title='bbox 2863 3002 3029 3068; x_wconf 77' lang='grc' dir='ltr'>μῆνα,</span> <span class='ocrx_word' id='word_1_542' title='bbox 3088 2996 3139 3052; x_wconf 70' lang='grc' dir='ltr'>ἐν</span> <span class='ocrx_word' id='word_1_543' title='bbox 3197 3000 3267 3072; x_wconf 81' lang='grc' dir='ltr'>τῇ</span> <span class='ocrx_word' id='word_1_544' title='bbox 3326 2995 3781 3074; x_wconf 74' lang='grc' dir='ltr'>πεντεκαιδεκάτῃ</span> 
     </span>
    </p>
   </div>
   <div class='ocr_carea' id='block_1_76' title="bbox 2121 3080 3783 3164">
    <p class='ocr_par' dir='ltr' id='par_1_76' title="bbox 2121 3080 3783 3164">
     <span class='ocr_line' id='line_1_77' title="bbox 2121 3080 3783 3164; baseline 0.005 -25"><span class='ocrx_word' id='word_1_545' title='bbox 2121 3090 2219 3140; x_wconf 89' lang='grc' dir='ltr'>τοῦ</span> <span class='ocrx_word' id='word_1_546' title='bbox 2254 3086 2451 3160; x_wconf 83' lang='grc' dir='ltr'>μηνὸς,</span> <span class='ocrx_word' id='word_1_547' title='bbox 2505 3080 2666 3159; x_wconf 76' lang='grc' dir='ltr'>ἀνέϐη</span> <span class='ocrx_word' id='word_1_548' title='bbox 2720 3082 3011 3164; x_wconf 73' lang='grc' dir='ltr'>Ἰεροὸοάμ.</span> <span class='ocrx_word' id='word_1_549' title='bbox 3060 3088 3112 3145; x_wconf 78' lang='grc' dir='ltr'>ἒν</span> <span class='ocrx_word' id='word_1_550' title='bbox 3171 3089 3353 3160; x_wconf 78' lang='grc' dir='ltr'>Βεθὴλ</span> <span class='ocrx_word' id='word_1_551' title='bbox 3386 3090 3462 3155; x_wconf 86' lang='grc' dir='ltr'>εἰς</span> <span class='ocrx_word' id='word_1_552' title='bbox 3490 3092 3553 3149; x_wconf 84' lang='grc' dir='ltr'>τὸ</span> <span class='ocrx_word' id='word_1_553' title='bbox 3583 3092 3783 3149; x_wconf 86' lang='grc' dir='ltr'>θυσια-</span> 
     </span>
    </p>
   </div>
   <div class='ocr_carea' id='block_1_77' title="bbox 2124 3174 3782 3256">
    <p class='ocr_par' dir='ltr' id='par_1_77' title="bbox 2124 3174 3782 3256">
     <span class='ocr_line' id='line_1_78' title="bbox 2124 3174 3782 3256; baseline 0.004 -25"><span class='ocrx_word' id='word_1_554' title='bbox 2124 3178 2348 3251; x_wconf 88' lang='grc' dir='ltr'>στήριον</span> <span class='ocrx_word' id='word_1_555' title='bbox 2406 3178 2434 3231; x_wconf 77' lang='grc' dir='ltr'>’ὀ</span> <span class='ocrx_word' id='word_1_556' title='bbox 2496 3174 2721 3249; x_wconf 77' lang='grc' dir='ltr'>ἐποίησε</span> <span class='ocrx_word' id='word_1_557' title='bbox 2778 3183 2874 3234; x_wconf 91' lang='grc' dir='ltr'>τοῦ</span> <span class='ocrx_word' id='word_1_558' title='bbox 2936 3181 3078 3235; x_wconf 85' lang='grc' dir='ltr'>θύειν</span> <span class='ocrx_word' id='word_1_559' title='bbox 3136 3186 3256 3244; x_wconf 86' lang='grc' dir='ltr'>ταῖς</span> <span class='ocrx_word' id='word_1_560' title='bbox 3324 3179 3623 3256; x_wconf 73' lang='grc' dir='ltr'>δαμάλεσίν</span> <span class='ocrx_word' id='word_1_561' title='bbox 3689 3184 3782 3248; x_wconf 81' lang='grc' dir='ltr'>αῖς</span> 
     </span>
    </p>
   </div>
   <div class='ocr_carea' id='block_1_78' title="bbox 2120 3262 3779 3346">
    <p class='ocr_par' dir='ltr' id='par_1_78' title="bbox 2120 3262 3779 3346">
     <span class='ocr_line' id='line_1_79' title="bbox 2120 3262 3779 3346; baseline 0.004 -27"><span class='ocrx_word' id='word_1_562' title='bbox 2120 3262 2415 3339; x_wconf 79' lang='grc' dir='ltr'>ἐχώνευσε,</span> <span class='ocrx_word' id='word_1_563' title='bbox 2473 3267 2562 3321; x_wconf 79' lang='grc' dir='ltr'>καὶ</span> <span class='ocrx_word' id='word_1_564' title='bbox 2622 3266 2927 3344; x_wconf 77' lang='grc' dir='ltr'>παρέστησε</span> <span class='ocrx_word' id='word_1_565' title='bbox 2978 3268 3105 3333; x_wconf 78' lang='grc' dir='ltr'>τοὺς</span> <span class='ocrx_word' id='word_1_566' title='bbox 3164 3269 3328 3345; x_wconf 79' lang='grc' dir='ltr'>ἱερεῖς</span> <span class='ocrx_word' id='word_1_567' title='bbox 3360 3274 3467 3325; x_wconf 90' lang='grc' dir='ltr'>τῶν</span> <span class='ocrx_word' id='word_1_568' title='bbox 3524 3269 3779 3346; x_wconf 76' lang='grc' dir='ltr'>ὑψηλῶν,</span> 
     </span>
    </p>
   </div>
   <div class='ocr_carea' id='block_1_79' title="bbox 2121 3353 3778 3435">
    <p class='ocr_par' dir='ltr' id='par_1_79' title="bbox 2121 3353 3778 3435">
     <span class='ocr_line' id='line_1_80' title="bbox 2121 3353 3778 3435; baseline 0.004 -27"><span class='ocrx_word' id='word_1_569' title='bbox 2121 3353 2215 3417; x_wconf 74' lang='grc' dir='ltr'>οὕς</span> <span class='ocrx_word' id='word_1_570' title='bbox 2247 3353 2408 3418; x_wconf 83' lang='grc' dir='ltr'>αὐτὸς</span> <span class='ocrx_word' id='word_1_571' title='bbox 2438 3355 2760 3425; x_wconf 76' lang='grc' dir='ltr'>κατέστησεν</span> <span class='ocrx_word' id='word_1_572' title='bbox 2821 3355 2872 3412; x_wconf 82' lang='grc' dir='ltr'>ἐν</span> <span class='ocrx_word' id='word_1_573' title='bbox 2934 3355 3141 3421; x_wconf 84' lang='grc' dir='ltr'>αὐτοῖς.</span> <span class='ocrx_word' id='word_1_574' title='bbox 3200 3360 3303 3415; x_wconf 82' lang='grc' dir='ltr'>Καὶ</span> <span class='ocrx_word' id='word_1_575' title='bbox 3337 3357 3457 3414; x_wconf 70' lang='grc' dir='ltr'>ἷδοῦ</span> <span class='ocrx_word' id='word_1_576' title='bbox 3490 3358 3778 3435; x_wconf 76' lang='grc' dir='ltr'>ἅνθρωπος</span> 
     </span>
    </p>
   </div>
   <div class='ocr_carea' id='block_1_80' title="bbox 2118 3445 3781 3525">
    <p class='ocr_par' dir='ltr' id='par_1_80' title="bbox 2118 3445 3781 3525">
     <span class='ocr_line' id='line_1_81' title="bbox 2118 3445 3781 3525; baseline 0.004 -28"><span class='ocrx_word' id='word_1_577' title='bbox 2118 3447 2215 3497; x_wconf 92' lang='grc' dir='ltr'>τοῦ</span> <span class='ocrx_word' id='word_1_578' title='bbox 2263 3448 2397 3499; x_wconf 89' lang='grc' dir='ltr'>Θεοῦ</span> <span class='ocrx_word' id='word_1_579' title='bbox 2444 3445 2769 3519; x_wconf 75' lang='grc' dir='ltr'>παρεγένετο</span> <span class='ocrx_word' id='word_1_580' title='bbox 2823 3446 2874 3500; x_wconf 80' lang='grc' dir='ltr'>ἐν</span> <span class='ocrx_word' id='word_1_581' title='bbox 2927 3445 3128 3519; x_wconf 77' lang='grc' dir='ltr'>Βεθὴλ,</span> <span class='ocrx_word' id='word_1_582' title='bbox 3181 3446 3233 3503; x_wconf 71' lang='grc' dir='ltr'>ἐν</span> <span class='ocrx_word' id='word_1_583' title='bbox 3284 3447 3440 3524; x_wconf 82' lang='grc' dir='ltr'>λόγῳ</span> <span class='ocrx_word' id='word_1_584' title='bbox 3490 3450 3692 3525; x_wconf 79' lang='grc' dir='ltr'>Κυρίου</span> <span class='ocrx_word' id='word_1_585' title='bbox 3726 3447 3781 3520; x_wconf 76' lang='grc' dir='ltr'>ἐξ</span> 
     </span>
    </p>
   </div>
   <div class='ocr_carea' id='block_1_81' title="bbox 2120 3529 3783 3614">
    <p class='ocr_par' dir='ltr' id='par_1_81' title="bbox 2120 3529 3783 3614">
     <span class='ocr_line' id='line_1_82' title="bbox 2120 3529 3783 3614; baseline 0.001 -23"><span class='ocrx_word' id='word_1_586' title='bbox 2120 3530 2299 3591; x_wconf 82' lang='grc' dir='ltr'>Ἰούδα</span> <span class='ocrx_word' id='word_1_587' title='bbox 2354 3535 2445 3589; x_wconf 85' lang='grc' dir='ltr'>καῖ</span> <span class='ocrx_word' id='word_1_588' title='bbox 2502 3529 2793 3611; x_wconf 77' lang='grc' dir='ltr'>Ἰεροϐοᾶμ</span> <span class='ocrx_word' id='word_1_589' title='bbox 2851 3535 3087 3608; x_wconf 75' lang='grc' dir='ltr'>εἱστήκει</span> <span class='ocrx_word' id='word_1_590' title='bbox 3147 3537 3232 3593; x_wconf 79' lang='grc' dir='ltr'>ἐπὶ</span> <span class='ocrx_word' id='word_1_591' title='bbox 3295 3539 3357 3594; x_wconf 88' lang='grc' dir='ltr'>τὸ</span> <span class='ocrx_word' id='word_1_592' title='bbox 3391 3540 3783 3614; x_wconf 76' lang='grc' dir='ltr'>θυσιαστήριον</span> 
     </span>
    </p>
   </div>
   <div class='ocr_carea' id='block_1_82' title="bbox 2119 3622 3781 3703">
    <p class='ocr_par' dir='ltr' id='par_1_82' title="bbox 2119 3622 3781 3703">
     <span class='ocr_line' id='line_1_83' title="bbox 2119 3622 3781 3703; baseline 0.004 -26"><span class='ocrx_word' id='word_1_593' title='bbox 2119 3622 2286 3679; x_wconf 81' lang='grc' dir='ltr'>αὐτοῦ</span> <span class='ocrx_word' id='word_1_594' title='bbox 2340 3627 2438 3678; x_wconf 91' lang='lat'>106</span> <span class='ocrx_word' id='word_1_595' title='bbox 2487 3626 2662 3682; x_wconf 87' lang='grc' dir='ltr'>θῦσαι.</span> <span class='ocrx_word' id='word_1_596' title='bbox 2724 3625 2829 3681; x_wconf 83' lang='grc' dir='ltr'>Καὶ</span> <span class='ocrx_word' id='word_1_597' title='bbox 2881 3625 3032 3682; x_wconf 85' lang='grc' dir='ltr'>εἶπεν</span> <span class='ocrx_word' id='word_1_598' title='bbox 3090 3627 3118 3681; x_wconf 90' lang='grc' dir='ltr'>ὁ</span> <span class='ocrx_word' id='word_1_599' title='bbox 3177 3624 3461 3703; x_wconf 79' lang='grc' dir='ltr'>ἅνθρωπος</span> <span class='ocrx_word' id='word_1_600' title='bbox 3518 3629 3655 3703; x_wconf 88' lang='grc' dir='ltr'>πρὸς</span> <span class='ocrx_word' id='word_1_601' title='bbox 3716 3628 3781 3684; x_wconf 86' lang='grc' dir='ltr'>τὸ</span> 
     </span>
    </p>
   </div>
   <div class='ocr_carea' id='block_1_83' title="bbox 2119 3712 3781 3793">
    <p class='ocr_par' dir='ltr' id='par_1_83' title="bbox 2119 3712 3781 3793">
     <span class='ocr_line' id='line_1_84' title="bbox 2119 3712 3781 3793; baseline 0.004 -26"><span class='ocrx_word' id='word_1_602' title='bbox 2119 3715 2503 3789; x_wconf 73' lang='grc' dir='ltr'>θυσιαστήριον</span> <span class='ocrx_word' id='word_1_603' title='bbox 2547 3713 2598 3768; x_wconf 77' lang='grc' dir='ltr'>ἐν</span> <span class='ocrx_word' id='word_1_604' title='bbox 2648 3712 2802 3789; x_wconf 85' lang='grc' dir='ltr'>λόγῷ</span> <span class='ocrx_word' id='word_1_605' title='bbox 2859 3716 3086 3791; x_wconf 66' lang='grc' dir='ltr'>Κυρίοψ</span> <span class='ocrx_word' id='word_1_606' title='bbox 3139 3719 3552 3793; x_wconf 86' lang='grc' dir='ltr'>Θυσιαστήριον,</span> <span class='ocrx_word' id='word_1_607' title='bbox 3586 3720 3781 3773; x_wconf 88' lang='grc' dir='ltr'>θυσια-</span> 
     </span>
    </p>
   </div>
   <div class='ocr_carea' id='block_1_84' title="bbox 2119 3799 3780 3881">
    <p class='ocr_par' dir='ltr' id='par_1_84' title="bbox 2119 3799 3780 3881">
     <span class='ocr_line' id='line_1_85' title="bbox 2119 3799 3780 3881; baseline 0.004 -25"><span class='ocrx_word' id='word_1_608' title='bbox 2119 3804 2367 3875; x_wconf 82' lang='grc' dir='ltr'>στήριον,</span> <span class='ocrx_word' id='word_1_609' title='bbox 2396 3799 2524 3858; x_wconf 81' lang='grc' dir='ltr'>τάδε</span> <span class='ocrx_word' id='word_1_610' title='bbox 2549 3802 2691 3879; x_wconf 77' lang='grc' dir='ltr'>λέγει</span> <span class='ocrx_word' id='word_1_611' title='bbox 2742 3803 2961 3878; x_wconf 88' lang='grc' dir='ltr'>Κύριος·</span> <span class='ocrx_word' id='word_1_612' title='bbox 3010 3803 3156 3863; x_wconf 80' lang='grc' dir='ltr'>Ἰδοὺ</span> <span class='ocrx_word' id='word_1_613' title='bbox 3197 3806 3312 3868; x_wconf 76' lang='grc' dir='ltr'>υἱὸς</span> <span class='ocrx_word' id='word_1_614' title='bbox 3343 3806 3583 3863; x_wconf 89' lang='grc' dir='ltr'>τίκτεται</span> <span class='ocrx_word' id='word_1_615' title='bbox 3614 3806 3666 3863; x_wconf 76' lang='grc' dir='ltr'>ἐν</span> <span class='ocrx_word' id='word_1_616' title='bbox 3694 3812 3780 3881; x_wconf 85' lang='grc' dir='ltr'>τῷ</span> 
     </span>
    </p>
   </div>
   <div class='ocr_carea' id='block_1_85' title="bbox 2118 3886 3778 3967">
    <p class='ocr_par' dir='ltr' id='par_1_85' title="bbox 2118 3886 3778 3967">
     <span class='ocr_line' id='line_1_86' title="bbox 2118 3886 3778 3967; baseline 0.004 -21"><span class='ocrx_word' id='word_1_617' title='bbox 2118 3888 2254 3965; x_wconf 68' lang='grc' dir='ltr'>οἳκῳ</span> <span class='ocrx_word' id='word_1_618' title='bbox 2308 3886 2497 3961; x_wconf 77' lang='grc' dir='ltr'>Δαϐὶδ,</span> <span class='ocrx_word' id='word_1_619' title='bbox 2559 3890 2770 3956; x_wconf 91' lang='grc' dir='ltr'>’[ωσίας</span> <span class='ocrx_word' id='word_1_620' title='bbox 2825 3890 2999 3966; x_wconf 81' lang='grc' dir='ltr'>ὄνομα</span> <span class='ocrx_word' id='word_1_621' title='bbox 3051 3894 3223 3967; x_wconf 73' lang='grc' dir='ltr'>αὐτῷ.</span> <span class='ocrx_word' id='word_1_622' title='bbox 3286 3895 3383 3950; x_wconf 79' lang='grc' dir='ltr'>Καὶ</span> <span class='ocrx_word' id='word_1_623' title='bbox 3416 3894 3561 3951; x_wconf 85' lang='grc' dir='ltr'>θύσει</span> <span class='ocrx_word' id='word_1_624' title='bbox 3594 3895 3682 3950; x_wconf 80' lang='grc' dir='ltr'>ἐπὶ</span> <span class='ocrx_word' id='word_1_625' title='bbox 3718 3899 3778 3952; x_wconf 74' lang='grc' dir='ltr'>σὲ</span> 
     </span>
    </p>
   </div>
   <div class='ocr_carea' id='block_1_86' title="bbox 2114 3980 3775 4057">
    <p class='ocr_par' dir='ltr' id='par_1_86' title="bbox 2114 3980 3775 4057">
     <span class='ocr_line' id='line_1_87' title="bbox 2114 3980 3775 4057; baseline 0.004 -22"><span class='ocrx_word' id='word_1_626' title='bbox 2114 3980 2241 4043; x_wconf 73' lang='grc' dir='ltr'>τοὺς</span> <span class='ocrx_word' id='word_1_627' title='bbox 2297 3982 2462 4057; x_wconf 76' lang='grc' dir='ltr'>ἱερεῖς</span> <span class='ocrx_word' id='word_1_628' title='bbox 2520 3986 2629 4036; x_wconf 84' lang='grc' dir='ltr'>τῶν</span> <span class='ocrx_word' id='word_1_629' title='bbox 2687 3980 2919 4056; x_wconf 79' lang='grc' dir='ltr'>ὑψηλῶν</span> <span class='ocrx_word' id='word_1_630' title='bbox 2977 3988 3082 4038; x_wconf 88' lang='grc' dir='ltr'>τῶν</span> <span class='ocrx_word' id='word_1_631' title='bbox 3138 3985 3373 4041; x_wconf 86' lang='grc' dir='ltr'>θυόντων</span> <span class='ocrx_word' id='word_1_632' title='bbox 3430 3986 3507 4049; x_wconf 82' lang='grc' dir='ltr'>είς</span> <span class='ocrx_word' id='word_1_633' title='bbox 3565 3987 3643 4056; x_wconf 78' lang='grc' dir='ltr'>σὲ,</span> <span class='ocrx_word' id='word_1_634' title='bbox 3680 3986 3775 4041; x_wconf 88' lang='grc' dir='ltr'>καὶ</span> 
     </span>
    </p>
   </div>
   <div class='ocr_carea' id='block_1_87' title="bbox 2116 4069 3777 4147">
    <p class='ocr_par' dir='ltr' id='par_1_87' title="bbox 2116 4069 3777 4147">
     <span class='ocr_line' id='line_1_88' title="bbox 2116 4069 3777 4147; baseline 0.004 -22"><span class='ocrx_word' id='word_1_635' title='bbox 2116 4069 2246 4125; x_wconf 82' lang='grc' dir='ltr'>ὀστᾶ</span> <span class='ocrx_word' id='word_1_636' title='bbox 2302 4070 2603 4147; x_wconf 83' lang='grc' dir='ltr'>ἀνθρώπων</span> <span class='ocrx_word' id='word_1_637' title='bbox 2660 4071 2846 4127; x_wconf 85' lang='grc' dir='ltr'>καύσει</span> <span class='ocrx_word' id='word_1_638' title='bbox 2903 4070 2990 4127; x_wconf 85' lang='grc' dir='ltr'>ἐπὶ</span> <span class='ocrx_word' id='word_1_639' title='bbox 3066 4074 3142 4130; x_wconf 77' lang='grc' dir='ltr'>σὲ.</span> <span class='ocrx_word' id='word_1_640' title='bbox 3204 4075 3301 4132; x_wconf 82' lang='grc' dir='ltr'>Καὶ</span> <span class='ocrx_word' id='word_1_641' title='bbox 3360 4072 3558 4131; x_wconf 85' lang='grc' dir='ltr'>ἔδωκεν</span> <span class='ocrx_word' id='word_1_642' title='bbox 3616 4075 3777 4141; x_wconf 75' lang='grc' dir='ltr'>εὐθὺς</span> 
     </span>
    </p>
   </div>
   <div class='ocr_carea' id='block_1_88' title="bbox 2114 4158 3772 4241">
    <p class='ocr_par' dir='ltr' id='par_1_88' title="bbox 2114 4158 3772 4241">
     <span class='ocr_line' id='line_1_89' title="bbox 2114 4158 3772 4241; baseline 0.003 -26"><span class='ocrx_word' id='word_1_643' title='bbox 2114 4160 2294 4235; x_wconf 83' lang='grc' dir='ltr'>τέρας,</span> <span class='ocrx_word' id='word_1_644' title='bbox 2350 4160 2543 4237; x_wconf 74' lang='grc' dir='ltr'>λέγων·</span> <span class='ocrx_word' id='word_1_645' title='bbox 2606 4158 2753 4217; x_wconf 73' lang='grc' dir='ltr'>Ἰδοὺ</span> <span class='ocrx_word' id='word_1_646' title='bbox 2808 4162 2871 4216; x_wconf 89' lang='grc' dir='ltr'>τὸ</span> <span class='ocrx_word' id='word_1_647' title='bbox 2925 4162 3307 4239; x_wconf 75' lang='grc' dir='ltr'>θυσιαστήριον</span> <span class='ocrx_word' id='word_1_648' title='bbox 3364 4165 3646 4241; x_wconf 85' lang='grc' dir='ltr'>ῥήγνυται,</span> <span class='ocrx_word' id='word_1_649' title='bbox 3679 4165 3772 4220; x_wconf 84' lang='grc' dir='ltr'>καὶ</span> 
     </span>
    </p>
   </div>
   <div class='ocr_carea' id='block_1_89' title="bbox 2114 4248 3771 4328">
    <p class='ocr_par' dir='ltr' id='par_1_89' title="bbox 2114 4248 3771 4328">
     <span class='ocr_line' id='line_1_90' title="bbox 2114 4248 3771 4328; baseline 0.002 -23"><span class='ocrx_word' id='word_1_650' title='bbox 2114 4248 2477 4328; x_wconf 74' lang='grc' dir='ltr'>ἐκχυθήσεται</span> <span class='ocrx_word' id='word_1_651' title='bbox 2539 4252 2574 4319; x_wconf 84' lang='grc' dir='ltr'>ἡ</span> <span class='ocrx_word' id='word_1_652' title='bbox 2635 4250 2831 4321; x_wconf 86' lang='grc' dir='ltr'>πιότης</span> <span class='ocrx_word' id='word_1_653' title='bbox 2884 4253 2919 4323; x_wconf 75' lang='grc' dir='ltr'><strong>ἡ</strong></span> <span class='ocrx_word' id='word_1_654' title='bbox 2980 4249 3115 4308; x_wconf 82' lang='grc' dir='ltr'>οῦσα</span> <span class='ocrx_word' id='word_1_655' title='bbox 3171 4251 3256 4309; x_wconf 81' lang='grc' dir='ltr'>ἐπ’</span> <span class='ocrx_word' id='word_1_656' title='bbox 3310 4253 3477 4327; x_wconf 80' lang='grc' dir='ltr'>αὐτῷ.</span> <span class='ocrx_word' id='word_1_657' title='bbox 3539 4255 3635 4311; x_wconf 82' lang='grc' dir='ltr'>Καὶ</span> <span class='ocrx_word' id='word_1_658' title='bbox 3694 4256 3771 4318; x_wconf 81' lang='grc' dir='ltr'>ὡς</span> 
     </span>
    </p>
   </div>
   <div class='ocr_carea' id='block_1_90' title="bbox 2112 4335 3777 4419">
    <p class='ocr_par' dir='ltr' id='par_1_90' title="bbox 2112 4335 3777 4419">
     <span class='ocr_line' id='line_1_91' title="bbox 2112 4335 3777 4419; baseline 0.002 -24"><span class='ocrx_word' id='word_1_659' title='bbox 2112 4339 2346 4409; x_wconf 70' lang='grc' dir='ltr'>ἤκουσεν</span> <span class='ocrx_word' id='word_1_660' title='bbox 2404 4335 2717 4415; x_wconf 78' lang='grc' dir='ltr'>Ἱεροϐοᾶμ,</span> <span class='ocrx_word' id='word_1_661' title='bbox 2776 4339 2997 4411; x_wconf 79' lang='grc' dir='ltr'>ἐξέτεινε</span> <span class='ocrx_word' id='word_1_662' title='bbox 3048 4343 3149 4412; x_wconf 73' lang='grc' dir='ltr'>τήν</span> <span class='ocrx_word' id='word_1_663' title='bbox 3206 4349 3368 4419; x_wconf 86' lang='grc' dir='ltr'>χεῖρα</span> <span class='ocrx_word' id='word_1_664' title='bbox 3425 4343 3588 4399; x_wconf 82' lang='grc' dir='ltr'>αὐτοῦ</span> <span class='ocrx_word' id='word_1_665' title='bbox 3639 4342 3777 4399; x_wconf 85' lang='grc' dir='ltr'>συλ-</span> 
     </span>
    </p>
   </div>
   <div class='ocr_carea' id='block_1_91' title="bbox 2114 4423 3773 4511">
    <p class='ocr_par' dir='ltr' id='par_1_91' title="bbox 2114 4423 3773 4511">
     <span class='ocr_line' id='line_1_92' title="bbox 2114 4423 3773 4511; baseline 0.002 -26"><span class='ocrx_word' id='word_1_666' title='bbox 2114 4423 2374 4493; x_wconf 71' lang='grc' dir='ltr'>λαϐέσθαι</span> <span class='ocrx_word' id='word_1_667' title='bbox 2431 4427 2611 4485; x_wconf 78' lang='grc' dir='ltr'>αὐτόν.</span> <span class='ocrx_word' id='word_1_668' title='bbox 2672 4428 2777 4486; x_wconf 86' lang='grc' dir='ltr'>Καὶ</span> <span class='ocrx_word' id='word_1_669' title='bbox 2838 4426 2957 4485; x_wconf 79' lang='grc' dir='ltr'>ἰδοὺ</span> <span class='ocrx_word' id='word_1_670' title='bbox 3016 4430 3283 4506; x_wconf 75' lang='grc' dir='ltr'>ἐξηράνθη</span> <span class='ocrx_word' id='word_1_671' title='bbox 3340 4435 3376 4503; x_wconf 87' lang='grc' dir='ltr'><strong>ἡ</strong></span> <span class='ocrx_word' id='word_1_672' title='bbox 3427 4434 3551 4511; x_wconf 79' lang='grc' dir='ltr'>χεὶρ</span> <span class='ocrx_word' id='word_1_673' title='bbox 3580 4433 3773 4505; x_wconf 77' lang='grc' dir='ltr'>αὐτοῦ,</span> 
     </span>
    </p>
   </div>
   <div class='ocr_carea' id='block_1_92' title="bbox 2109 4516 3774 4595">
    <p class='ocr_par' dir='ltr' id='par_1_92' title="bbox 2109 4516 3774 4595">
     <span class='ocr_line' id='line_1_93' title="bbox 2109 4516 3774 4595; baseline 0.002 -21"><span class='ocrx_word' id='word_1_674' title='bbox 2109 4516 2200 4574; x_wconf 84' lang='grc' dir='ltr'>καὶ</span> <span class='ocrx_word' id='word_1_675' title='bbox 2256 4519 2318 4573; x_wconf 88' lang='grc' dir='ltr'>τὸ</span> <span class='ocrx_word' id='word_1_676' title='bbox 2378 4519 2761 4595; x_wconf 86' lang='grc' dir='ltr'>θυσιαστήριον</span> <span class='ocrx_word' id='word_1_677' title='bbox 2819 4517 3047 4595; x_wconf 74' lang='grc' dir='ltr'>ἐῤῥάγη,</span> <span class='ocrx_word' id='word_1_678' title='bbox 3108 4521 3196 4576; x_wconf 82' lang='grc' dir='ltr'>καὶ</span> <span class='ocrx_word' id='word_1_679' title='bbox 3250 4524 3285 4592; x_wconf 79' lang='grc' dir='ltr'>ἡ</span> <span class='ocrx_word' id='word_1_680' title='bbox 3342 4522 3538 4594; x_wconf 87' lang='grc' dir='ltr'>πιότης</span> <span class='ocrx_word' id='word_1_681' title='bbox 3603 4523 3774 4579; x_wconf 77' lang='grc' dir='ltr'>αὐτοῦ</span> 
     </span>
    </p>
   </div>
   <div class='ocr_carea' id='block_1_93' title="bbox 348 4604 2012 4687">
    <p class='ocr_par' dir='ltr' id='par_1_93' title="bbox 348 4608 2005 4682">
     <span class='ocr_line' id='line_1_94' title="bbox 348 4608 2005 4682; baseline 0.002 -20"><span class='ocrx_word' id='word_1_682' title='bbox 348 4608 438 4663; x_wconf 91' lang='lat' dir='ltr'>uti</span> <span class='ocrx_word' id='word_1_683' title='bbox 471 4609 656 4665; x_wconf 90' lang='lat' dir='ltr'>Deum</span> <span class='ocrx_word' id='word_1_684' title='bbox 688 4627 793 4682; x_wconf 89' lang='lat' dir='ltr'>pro</span> <span class='ocrx_word' id='word_1_685' title='bbox 826 4627 887 4666; x_wconf 90' lang='lat' dir='ltr'>se</span> <span class='ocrx_word' id='word_1_686' title='bbox 920 4610 1363 4682; x_wconf 88' lang='lat' dir='ltr'>deprecaretur,</span> <span class='ocrx_word' id='word_1_687' title='bbox 1388 4609 1472 4664; x_wconf 89' lang='lat' dir='ltr'>uti</span> <span class='ocrx_word' id='word_1_688' title='bbox 1514 4610 1625 4664; x_wconf 90' lang='lat' dir='ltr'>sibi</span> <span class='ocrx_word' id='word_1_689' title='bbox 1656 4626 1761 4665; x_wconf 91' lang='lat' dir='ltr'>sua</span> <span class='ocrx_word' id='word_1_690' title='bbox 1791 4627 2005 4666; x_wconf 88' lang='lat' dir='ltr'>manus</span> 
     </span>
    </p>
   </div>
   <div class='ocr_carea' id='block_1_94' title="bbox 2123 4604 3771 4687">
    <p class='ocr_par' dir='ltr' id='par_1_94' title="bbox 2123 4604 3771 4687">
     <span class='ocr_line' id='line_1_95' title="bbox 2123 4604 3771 4687; baseline 0.003 -24"><span class='ocrx_word' id='word_1_691' title='bbox 2123 4606 2367 4684; x_wconf 68' lang='grc' dir='ltr'>ἐξεχύθη.</span> <span class='ocrx_word' id='word_1_692' title='bbox 2403 4607 2501 4663; x_wconf 76' lang='grc' dir='ltr'>Καὶ</span> <span class='ocrx_word' id='word_1_693' title='bbox 2534 4608 2679 4665; x_wconf 83' lang='grc' dir='ltr'>εἶπεν</span> <span class='ocrx_word' id='word_1_694' title='bbox 2711 4604 3020 4683; x_wconf 73' lang='grc' dir='ltr'>Ἱεροϐοοὶμ⁹</span> <span class='ocrx_word' id='word_1_695' title='bbox 3065 4612 3297 4682; x_wconf 83' lang='grc' dir='ltr'>Δεήθητι</span> <span class='ocrx_word' id='word_1_696' title='bbox 3342 4616 3438 4667; x_wconf 89' lang='grc' dir='ltr'>τοῦ</span> <span class='ocrx_word' id='word_1_697' title='bbox 3469 4614 3771 4687; x_wconf 82' lang='grc' dir='ltr'>προσώπου</span> 
     </span>
    </p>
   </div>
   <div class='ocr_carea' id='block_1_95' title="bbox 351 4696 2004 4771">
    <p class='ocr_par' dir='ltr' id='par_1_95' title="bbox 351 4696 2004 4771">
     <span class='ocr_line' id='line_1_96' title="bbox 351 4696 2004 4771; baseline 0.002 -20"><span class='ocrx_word' id='word_1_698' title='bbox 351 4696 415 4751; x_wconf 91' lang='lat' dir='ltr'>in</span> <span class='ocrx_word' id='word_1_699' title='bbox 435 4696 734 4771; x_wconf 85' lang='lat' dir='ltr'>integrum</span> <span class='ocrx_word' id='word_1_700' title='bbox 757 4700 1323 4764; x_wconf 81' lang='lat' dir='ltr'>restituereturQuo</span> <span class='ocrx_word' id='word_1_701' title='bbox 1348 4699 1499 4755; x_wconf 81' lang='lat' dir='ltr'>facto</span> <span class='ocrx_word' id='word_1_702' title='bbox 1523 4704 1768 4767; x_wconf 91' lang='lat' dir='ltr'>vates,et</span> <span class='ocrx_word' id='word_1_703' title='bbox 1798 4705 2004 4755; x_wconf 87' lang='lat' dir='ltr'>sanata</span> 
     </span>
    </p>
   </div>
   <div class='ocr_carea' id='block_1_96' title="bbox 346 4787 2003 4862">
    <p class='ocr_par' dir='ltr' id='par_1_96' title="bbox 346 4787 2003 4862">
     <span class='ocr_line' id='line_1_97' title="bbox 346 4787 2003 4862; baseline 0.001 -22"><span class='ocrx_word' id='word_1_704' title='bbox 346 4801 631 4853; x_wconf 79' lang='lat' dir='ltr'>manu,ex</span> <span class='ocrx_word' id='word_1_705' title='bbox 655 4794 977 4860; x_wconf 86' lang='lat' dir='ltr'>conspectu</span> <span class='ocrx_word' id='word_1_706' title='bbox 1010 4789 1164 4862; x_wconf 80' lang='lat' dir='ltr'>regis</span> <span class='ocrx_word' id='word_1_707' title='bbox 1194 4788 1506 4857; x_wconf 83' lang='lat' dir='ltr'>abiit.Erat</span> <span class='ocrx_word' id='word_1_708' title='bbox 1526 4787 1678 4843; x_wconf 92' lang='lat' dir='ltr'>alius</span> <span class='ocrx_word' id='word_1_709' title='bbox 1712 4789 2003 4859; x_wconf 90' lang='lat' dir='ltr'>impostor</span> 
     </span>
    </p>
   </div>
   <div class='ocr_carea' id='block_1_97' title="bbox 352 4875 1998 4946">
    <p class='ocr_par' dir='ltr' id='par_1_97' title="bbox 352 4875 1998 4946">
     <span class='ocr_line' id='line_1_98' title="bbox 352 4875 1998 4946; baseline 0.001 -15"><span class='ocrx_word' id='word_1_710' title='bbox 352 4875 594 4946; x_wconf 89' lang='lat' dir='ltr'>quidam</span> <span class='ocrx_word' id='word_1_711' title='bbox 628 4876 776 4933; x_wconf 89' lang='lat' dir='ltr'>vatis</span> <span class='ocrx_word' id='word_1_712' title='bbox 805 4877 1071 4946; x_wconf 90' lang='lat' dir='ltr'>nomine,</span> <span class='ocrx_word' id='word_1_713' title='bbox 1105 4892 1284 4932; x_wconf 63' lang='lat' dir='ltr'>senex</span> <span class='ocrx_word' id='word_1_714' title='bbox 1316 4877 1572 4932; x_wconf 80' lang='lat' dir='ltr'>Bethelae</span> <span class='ocrx_word' id='word_1_715' title='bbox 1613 4877 1910 4932; x_wconf 89' lang='lat' dir='ltr'>habitans.</span> <span class='ocrx_word' id='word_1_716' title='bbox 1947 4878 1998 4932; x_wconf 86' lang='lat' dir='ltr'>Is</span> 
     </span>
    </p>
   </div>
   <div class='ocr_carea' id='block_1_98' title="bbox 342 4963 1995 5038">
    <p class='ocr_par' dir='ltr' id='par_1_98' title="bbox 342 4963 1995 5038">
     <span class='ocr_line' id='line_1_99' title="bbox 342 4963 1995 5038; baseline 0.001 -18"><span class='ocrx_word' id='word_1_717' title='bbox 342 4980 479 5021; x_wconf 89' lang='lat' dir='ltr'>cum</span> <span class='ocrx_word' id='word_1_718' title='bbox 510 4963 834 5023; x_wconf 86' lang='lat' dir='ltr'>audivisset</span> <span class='ocrx_word' id='word_1_719' title='bbox 863 4983 995 5038; x_wconf 63' lang='lat' dir='ltr'>quae</span> <span class='ocrx_word' id='word_1_720' title='bbox 1027 4984 1061 5023; x_wconf 92' lang='lat' dir='ltr'>a</span> <span class='ocrx_word' id='word_1_721' title='bbox 1092 4967 1287 5022; x_wconf 88' lang='lat' dir='ltr'>divino</span> <span class='ocrx_word' id='word_1_722' title='bbox 1334 4966 1573 5022; x_wconf 90' lang='lat' dir='ltr'>homine</span> <span class='ocrx_word' id='word_1_723' title='bbox 1623 4971 1753 5021; x_wconf 89' lang='lat' dir='ltr'>acta</span> <span class='ocrx_word' id='word_1_724' title='bbox 1806 4972 1995 5035; x_wconf 88' lang='lat' dir='ltr'>erant,</span> 
     </span>
    </p>
   </div>
   <div class='ocr_carea' id='block_1_99' title="bbox 341 5056 1997 5128">
    <p class='ocr_par' dir='ltr' id='par_1_99' title="bbox 341 5056 1997 5128">
     <span class='ocr_line' id='line_1_100' title="bbox 341 5056 1997 5128; baseline 0.001 -19"><span class='ocrx_word' id='word_1_725' title='bbox 341 5070 475 5110; x_wconf 90' lang='lat' dir='ltr'>eum</span> <span class='ocrx_word' id='word_1_726' title='bbox 526 5063 874 5128; x_wconf 86' lang='lat' dir='ltr'>persecutus</span> <span class='ocrx_word' id='word_1_727' title='bbox 931 5062 1057 5123; x_wconf 86' lang='lat' dir='ltr'>est;</span> <span class='ocrx_word' id='word_1_728' title='bbox 1119 5057 1547 5128; x_wconf 84' lang='lat' dir='ltr'>inventumque</span> <span class='ocrx_word' id='word_1_729' title='bbox 1607 5056 1715 5110; x_wconf 92' lang='lat' dir='ltr'>sub</span> <span class='ocrx_word' id='word_1_730' title='bbox 1772 5073 1997 5128; x_wconf 89' lang='lat' dir='ltr'>quercu</span> 
     </span>
    </p>
   </div>
   <div class='ocr_carea' id='block_1_100' title="bbox 336 5145 1993 5203">
    <p class='ocr_par' dir='ltr' id='par_1_100' title="bbox 336 5145 1993 5203">
     <span class='ocr_line' id='line_1_101' title="bbox 336 5145 1993 5203; baseline 0.001 -3"><span class='ocrx_word' id='word_1_731' title='bbox 336 5145 645 5203; x_wconf 90' lang='lat' dir='ltr'>sedentem</span> <span class='ocrx_word' id='word_1_732' title='bbox 660 5147 930 5203; x_wconf 88' lang='lat' dir='ltr'>hartatus</span> <span class='ocrx_word' id='word_1_733' title='bbox 962 5152 1052 5202; x_wconf 91' lang='lat' dir='ltr'>est</span> <span class='ocrx_word' id='word_1_734' title='bbox 1081 5153 1146 5201; x_wconf 95' lang='lat' dir='ltr'>ut</span> <span class='ocrx_word' id='word_1_735' title='bbox 1165 5163 1365 5202; x_wconf 91' lang='lat' dir='ltr'>secum</span> <span class='ocrx_word' id='word_1_736' title='bbox 1382 5152 1782 5202; x_wconf 87' lang='lat' dir='ltr'>reverteretac</span> <span class='ocrx_word' id='word_1_737' title='bbox 1798 5146 1993 5201; x_wconf 89' lang='lat' dir='ltr'>cibum</span> 
     </span>
    </p>
   </div>
   <div class='ocr_carea' id='block_1_101' title="bbox 337 5237 1991 5310">
    <p class='ocr_par' dir='ltr' id='par_1_101' title="bbox 337 5237 1991 5310">
     <span class='ocr_line' id='line_1_102' title="bbox 337 5237 1991 5310; baseline 0 -20"><span class='ocrx_word' id='word_1_738' title='bbox 337 5244 619 5293; x_wconf 83' lang='lat' dir='ltr'>sumeret.</span> <span class='ocrx_word' id='word_1_739' title='bbox 654 5238 897 5294; x_wconf 90' lang='lat' dir='ltr'>Divinus</span> <span class='ocrx_word' id='word_1_740' title='bbox 929 5255 1063 5294; x_wconf 77' lang='lat' dir='ltr'>vero</span> <span class='ocrx_word' id='word_1_741' title='bbox 1096 5237 1155 5292; x_wconf 90' lang='lat' dir='ltr'>id</span> <span class='ocrx_word' id='word_1_742' title='bbox 1186 5237 1471 5304; x_wconf 85' lang='lat' dir='ltr'>abnuere,</span> <span class='ocrx_word' id='word_1_743' title='bbox 1524 5237 1682 5310; x_wconf 89' lang='lat' dir='ltr'>quod</span> <span class='ocrx_word' id='word_1_744' title='bbox 1736 5237 1847 5292; x_wconf 89' lang='lat' dir='ltr'>sibi</span> <span class='ocrx_word' id='word_1_745' title='bbox 1903 5237 1991 5291; x_wconf 64' lang='lat' dir='ltr'>in«</span> 
     </span>
    </p>
   </div>
   <div class='ocr_carea' id='block_1_102' title="bbox 337 5325 1990 5398">
    <p class='ocr_par' dir='ltr' id='par_1_102' title="bbox 337 5325 1990 5398">
     <span class='ocr_line' id='line_1_103' title="bbox 337 5325 1990 5398; baseline 0.002 -21"><span class='ocrx_word' id='word_1_746' title='bbox 337 5326 595 5383; x_wconf 90' lang='lat' dir='ltr'>terdictu</span> <span class='ocrx_word' id='word_1_747' title='bbox 638 5328 740 5383; x_wconf 87' lang='lat' dir='ltr'>Dei</span> <span class='ocrx_word' id='word_1_748' title='bbox 774 5346 842 5384; x_wconf 91' lang='lat' dir='ltr'>eo</span> <span class='ocrx_word' id='word_1_749' title='bbox 894 5327 1006 5383; x_wconf 90' lang='lat' dir='ltr'>loci</span> <span class='ocrx_word' id='word_1_750' title='bbox 1067 5344 1261 5398; x_wconf 92' lang='lat' dir='ltr'>neque</span> <span class='ocrx_word' id='word_1_751' title='bbox 1320 5327 1495 5382; x_wconf 89' lang='lat' dir='ltr'>edere</span> <span class='ocrx_word' id='word_1_752' title='bbox 1550 5342 1745 5397; x_wconf 90' lang='lat' dir='ltr'>neque</span> <span class='ocrx_word' id='word_1_753' title='bbox 1789 5325 1990 5382; x_wconf 87' lang='lat' dir='ltr'>bibere</span> 
     </span>
    </p>
   </div>
   <div class='ocr_carea' id='block_1_103' title="bbox 331 5415 1991 5489">
    <p class='ocr_par' dir='ltr' id='par_1_103' title="bbox 331 5415 1991 5489">
     <span class='ocr_line' id='line_1_104' title="bbox 331 5415 1991 5489; baseline 0.002 -22"><span class='ocrx_word' id='word_1_754' title='bbox 331 5415 597 5484; x_wconf 88' lang='lat' dir='ltr'>permitti</span> <span class='ocrx_word' id='word_1_755' title='bbox 620 5416 862 5472; x_wconf 90' lang='lat' dir='ltr'>diceret.</span> <span class='ocrx_word' id='word_1_756' title='bbox 898 5417 982 5471; x_wconf 89' lang='lat' dir='ltr'>Ibi</span> <span class='ocrx_word' id='word_1_757' title='bbox 1008 5416 1298 5489; x_wconf 89' lang='lat' dir='ltr'>impostor</span> <span class='ocrx_word' id='word_1_758' title='bbox 1327 5415 1448 5483; x_wconf 90' lang='lat' dir='ltr'>ille,</span> <span class='ocrx_word' id='word_1_759' title='bbox 1489 5432 1550 5470; x_wconf 92' lang='lat' dir='ltr'>se</span> <span class='ocrx_word' id='word_1_760' title='bbox 1585 5432 1821 5486; x_wconf 91' lang='lat' dir='ltr'>quoque</span> <span class='ocrx_word' id='word_1_761' title='bbox 1855 5434 1991 5488; x_wconf 91' lang='lat' dir='ltr'>per-</span> 
     </span>
    </p>
   </div>
   <div class='ocr_carea' id='block_1_104' title="bbox 332 5504 1988 5582">
    <p class='ocr_par' dir='ltr' id='par_1_104' title="bbox 332 5504 1988 5582">
     <span class='ocr_line' id='line_1_105' title="bbox 332 5504 1988 5582; baseline 0.003 -24"><span class='ocrx_word' id='word_1_762' title='bbox 332 5504 473 5560; x_wconf 90' lang='lat' dir='ltr'>inde</span> <span class='ocrx_word' id='word_1_763' title='bbox 504 5514 681 5580; x_wconf 90' lang='lat' dir='ltr'>atque</span> <span class='ocrx_word' id='word_1_764' title='bbox 739 5510 936 5582; x_wconf 88' lang='lat' dir='ltr'>ipsum</span> <span class='ocrx_word' id='word_1_765' title='bbox 995 5527 1123 5566; x_wconf 87' lang='lat' dir='ltr'>esse</span> <span class='ocrx_word' id='word_1_766' title='bbox 1185 5515 1397 5576; x_wconf 89' lang='lat' dir='ltr'>vatem,</span> <span class='ocrx_word' id='word_1_767' title='bbox 1431 5505 1829 5579; x_wconf 84' lang='lat' dir='ltr'>angelumque</span> <span class='ocrx_word' id='word_1_768' title='bbox 1886 5507 1988 5565; x_wconf 90' lang='lat' dir='ltr'>Dei</span> 
     </span>
    </p>
   </div>
   <div class='ocr_carea' id='block_1_105' title="bbox 328 5592 1983 5671">
    <p class='ocr_par' dir='ltr' id='par_1_105' title="bbox 328 5592 1983 5671">
     <span class='ocr_line' id='line_1_106' title="bbox 328 5592 1983 5671; baseline 0.002 -20"><span class='ocrx_word' id='word_1_769' title='bbox 328 5592 443 5651; x_wconf 80' lang='lat' dir='ltr'>sibi</span> <span class='ocrx_word' id='word_1_770' title='bbox 476 5597 789 5656; x_wconf 83' lang='lat' dir='ltr'>mandasse</span> <span class='ocrx_word' id='word_1_771' title='bbox 826 5605 891 5656; x_wconf 92' lang='lat' dir='ltr'>ut</span> <span class='ocrx_word' id='word_1_772' title='bbox 921 5600 1033 5671; x_wconf 88' lang='lat' dir='ltr'>ipsi</span> <span class='ocrx_word' id='word_1_773' title='bbox 1092 5604 1348 5655; x_wconf 88' lang='lat' dir='ltr'>retracto</span> <span class='ocrx_word' id='word_1_774' title='bbox 1410 5598 1610 5654; x_wconf 89' lang='lat' dir='ltr'>cibum</span> <span class='ocrx_word' id='word_1_775' title='bbox 1671 5596 1860 5653; x_wconf 88' lang='lat' dir='ltr'>daret.</span> <span class='ocrx_word' id='word_1_776' title='bbox 1904 5599 1983 5654; x_wconf 88' lang='lat' dir='ltr'>Eo</span> 
     </span>
    </p>
   </div>
   <div class='ocr_carea' id='block_1_106' title="bbox 328 5683 1983 5762">
    <p class='ocr_par' dir='ltr' id='par_1_106' title="bbox 328 5683 1983 5762">
     <span class='ocr_line' id='line_1_107' title="bbox 328 5683 1983 5762; baseline 0 -19"><span class='ocrx_word' id='word_1_777' title='bbox 328 5683 641 5746; x_wconf 82' lang='lat' dir='ltr'>mendacio</span> <span class='ocrx_word' id='word_1_778' title='bbox 685 5686 953 5746; x_wconf 86' lang='lat' dir='ltr'>divinum</span> <span class='ocrx_word' id='word_1_779' title='bbox 995 5689 1287 5762; x_wconf 89' lang='lat' dir='ltr'>permovit</span> <span class='ocrx_word' id='word_1_780' title='bbox 1334 5692 1400 5744; x_wconf 91' lang='lat' dir='ltr'>ut</span> <span class='ocrx_word' id='word_1_781' title='bbox 1453 5704 1654 5745; x_wconf 87' lang='lat' dir='ltr'>secum</span> <span class='ocrx_word' id='word_1_782' title='bbox 1708 5703 1983 5744; x_wconf 84' lang='lat' dir='ltr'>reversus</span> 
     </span>
    </p>
   </div>
   <div class='ocr_carea' id='block_1_107' title="bbox 2115 4696 3771 4779">
    <p class='ocr_par' dir='ltr' id='par_1_107' title="bbox 2115 4696 3771 4779">
     <span class='ocr_line' id='line_1_108' title="bbox 2115 4696 3771 4779; baseline 0.004 -27"><span class='ocrx_word' id='word_1_783' title='bbox 2115 4697 2311 4773; x_wconf 81' lang='grc' dir='ltr'>Κυρίου</span> <span class='ocrx_word' id='word_1_784' title='bbox 2352 4701 2449 4753; x_wconf 90' lang='grc' dir='ltr'>τοῦ</span> <span class='ocrx_word' id='word_1_785' title='bbox 2507 4701 2640 4753; x_wconf 90' lang='grc' dir='ltr'>Θεοῦ</span> <span class='ocrx_word' id='word_1_786' title='bbox 2699 4719 2817 4769; x_wconf 89' lang='grc' dir='ltr'>σου,</span> <span class='ocrx_word' id='word_1_787' title='bbox 2875 4700 2965 4753; x_wconf 79' lang='grc' dir='ltr'>καὶ</span> <span class='ocrx_word' id='word_1_788' title='bbox 3025 4696 3401 4777; x_wconf 71' lang='grc' dir='ltr'>ἐπιστρεψάτω</span> <span class='ocrx_word' id='word_1_789' title='bbox 3432 4704 3467 4771; x_wconf 81' lang='grc' dir='ltr'>ἡ</span> <span class='ocrx_word' id='word_1_790' title='bbox 3502 4703 3625 4779; x_wconf 88' lang='grc' dir='ltr'>χείρ</span> <span class='ocrx_word' id='word_1_791' title='bbox 3661 4725 3771 4777; x_wconf 82' lang='grc' dir='ltr'>μου</span> 
     </span>
    </p>
   </div>
   <div class='ocr_carea' id='block_1_108' title="bbox 2109 4786 3769 4868">
    <p class='ocr_par' dir='ltr' id='par_1_108' title="bbox 2109 4786 3769 4868">
     <span class='ocr_line' id='line_1_109' title="bbox 2109 4786 3769 4868; baseline 0.004 -24"><span class='ocrx_word' id='word_1_792' title='bbox 2109 4790 2247 4865; x_wconf 87' lang='grc' dir='ltr'>πρός</span> <span class='ocrx_word' id='word_1_793' title='bbox 2310 4809 2395 4863; x_wconf 82' lang='grc' dir='ltr'>με.</span> <span class='ocrx_word' id='word_1_794' title='bbox 2456 4789 2559 4846; x_wconf 87' lang='grc' dir='ltr'>Καὶ</span> <span class='ocrx_word' id='word_1_795' title='bbox 2626 4786 2822 4861; x_wconf 72' lang='grc' dir='ltr'>ἐδεήθη</span> <span class='ocrx_word' id='word_1_796' title='bbox 2887 4792 2915 4847; x_wconf 91' lang='lat'>6</span> <span class='ocrx_word' id='word_1_797' title='bbox 2973 4790 3260 4868; x_wconf 76' lang='grc' dir='ltr'>ἄνθρωπος</span> <span class='ocrx_word' id='word_1_798' title='bbox 3314 4800 3411 4850; x_wconf 88' lang='grc' dir='ltr'>τοῦ</span> <span class='ocrx_word' id='word_1_799' title='bbox 3461 4799 3615 4865; x_wconf 84' lang='grc' dir='ltr'>Θεοῦ,</span> <span class='ocrx_word' id='word_1_800' title='bbox 3675 4796 3769 4852; x_wconf 82' lang='grc' dir='ltr'>καὶ</span> 
     </span>
    </p>
   </div>
   <div class='ocr_carea' id='block_1_109' title="bbox 2108 4878 3766 4958">
    <p class='ocr_par' dir='ltr' id='par_1_109' title="bbox 2108 4878 3766 4958">
     <span class='ocr_line' id='line_1_110' title="bbox 2108 4878 3766 4958; baseline 0.003 -24"><span class='ocrx_word' id='word_1_801' title='bbox 2108 4878 2314 4953; x_wconf 70' lang='grc' dir='ltr'>ἐγένετο</span> <span class='ocrx_word' id='word_1_802' title='bbox 2346 4879 2381 4948; x_wconf 84' lang='grc' dir='ltr'>ἡ</span> <span class='ocrx_word' id='word_1_803' title='bbox 2415 4879 2539 4953; x_wconf 85' lang='grc' dir='ltr'>χείρ</span> <span class='ocrx_word' id='word_1_804' title='bbox 2594 4878 2761 4934; x_wconf 81' lang='grc' dir='ltr'>αὐτοῦ</span> <span class='ocrx_word' id='word_1_805' title='bbox 2821 4879 2997 4956; x_wconf 84' lang='grc' dir='ltr'>ὑγιής.</span> <span class='ocrx_word' id='word_1_806' title='bbox 3055 4881 3156 4938; x_wconf 86' lang='grc' dir='ltr'>Καὶ</span> <span class='ocrx_word' id='word_1_807' title='bbox 3215 4882 3461 4952; x_wconf 75' lang='grc' dir='ltr'>ἀπῆλθεν</span> <span class='ocrx_word' id='word_1_808' title='bbox 3493 4884 3520 4939; x_wconf 93' lang='lat'>6</span> <span class='ocrx_word' id='word_1_809' title='bbox 3552 4883 3766 4958; x_wconf 72' lang='grc' dir='ltr'>ἅνθρω-</span> 
     </span>
    </p>
   </div>
   <div class='ocr_carea' id='block_1_110' title="bbox 2106 4967 3766 5046">
    <p class='ocr_par' dir='ltr' id='par_1_110' title="bbox 2106 4967 3766 5046">
     <span class='ocr_line' id='line_1_111' title="bbox 2106 4967 3766 5046; baseline 0.004 -24"><span class='ocrx_word' id='word_1_810' title='bbox 2106 4988 2210 5030; x_wconf 89' lang='grc' dir='ltr'>πος</span> <span class='ocrx_word' id='word_1_811' title='bbox 2266 4971 2364 5024; x_wconf 91' lang='grc' dir='ltr'>τοῦ</span> <span class='ocrx_word' id='word_1_812' title='bbox 2422 4970 2555 5023; x_wconf 86' lang='grc' dir='ltr'>Θεοῦ</span> <span class='ocrx_word' id='word_1_813' title='bbox 2613 4967 2719 5022; x_wconf 82' lang='grc' dir='ltr'>ἀπὸ</span> <span class='ocrx_word' id='word_1_814' title='bbox 2772 4968 3071 5043; x_wconf 79' lang='grc' dir='ltr'>προσώπου</span> <span class='ocrx_word' id='word_1_815' title='bbox 3122 4967 3558 5046; x_wconf 76' lang='grc' dir='ltr'>Ἱεροϐοάμ.Ἤν</span> <span class='ocrx_word' id='word_1_816' title='bbox 3590 4970 3648 5027; x_wconf 75' lang='grc' dir='ltr'>δὲ</span> <span class='ocrx_word' id='word_1_817' title='bbox 3678 4994 3766 5037; x_wconf 86' lang='grc' dir='ltr'>τις</span> 
     </span>
    </p>
   </div>
   <div class='ocr_carea' id='block_1_111' title="bbox 2104 5054 3765 5137">
    <p class='ocr_par' dir='ltr' id='par_1_111' title="bbox 2104 5054 3765 5137">
     <span class='ocr_line' id='line_1_112' title="bbox 2104 5054 3765 5137; baseline 0.002 -24"><span class='ocrx_word' id='word_1_818' title='bbox 2104 5056 2277 5121; x_wconf 81' lang='grc' dir='ltr'>ἄλλος</span> <span class='ocrx_word' id='word_1_819' title='bbox 2309 5054 2792 5136; x_wconf 67' lang='grc' dir='ltr'>ψευδοπροφήτης,</span> <span class='ocrx_word' id='word_1_820' title='bbox 2834 5064 3101 5115; x_wconf 77' lang='grc' dir='ltr'>κατοικῶν</span> <span class='ocrx_word' id='word_1_821' title='bbox 3162 5060 3214 5117; x_wconf 77' lang='grc' dir='ltr'>ἐν</span> <span class='ocrx_word' id='word_1_822' title='bbox 3260 5064 3347 5136; x_wconf 87' lang='grc' dir='ltr'>[Ρ.</span> <span class='ocrx_word' id='word_1_823' title='bbox 3388 5065 3509 5137; x_wconf 79' lang='grc'>100]</span> <span class='ocrx_word' id='word_1_824' title='bbox 3560 5062 3765 5133; x_wconf 75' lang='grc' dir='ltr'>Βεθήλ,</span> 
     </span>
    </p>
   </div>
   <div class='ocr_carea' id='block_1_112' title="bbox 2103 5144 3768 5229">
    <p class='ocr_par' dir='ltr' id='par_1_112' title="bbox 2103 5144 3768 5229">
     <span class='ocr_line' id='line_1_113' title="bbox 2103 5144 3768 5229; baseline 0.002 -25"><span class='ocrx_word' id='word_1_825' title='bbox 2103 5144 2429 5225; x_wconf 74' lang='grc' dir='ltr'>πρεσϐύτης·</span> <span class='ocrx_word' id='word_1_826' title='bbox 2463 5150 2552 5205; x_wconf 77' lang='grc' dir='ltr'>καὶ</span> <span class='ocrx_word' id='word_1_827' title='bbox 2590 5148 2775 5221; x_wconf 85' lang='grc' dir='ltr'>μαθὼν</span> <span class='ocrx_word' id='word_1_828' title='bbox 2808 5150 2908 5205; x_wconf 83' lang='grc' dir='ltr'>ὅσα</span> <span class='ocrx_word' id='word_1_829' title='bbox 2957 5151 3213 5224; x_wconf 72' lang='grc' dir='ltr'>ἐποίησεν</span> <span class='ocrx_word' id='word_1_830' title='bbox 3273 5154 3301 5209; x_wconf 92' lang='lat'>6</span> <span class='ocrx_word' id='word_1_831' title='bbox 3352 5153 3636 5229; x_wconf 74' lang='grc' dir='ltr'>ἅνθρωπος</span> <span class='ocrx_word' id='word_1_832' title='bbox 3666 5158 3768 5209; x_wconf 87' lang='grc' dir='ltr'>τοῦ</span> 
     </span>
    </p>
   </div>
   <div class='ocr_carea' id='block_1_113' title="bbox 2103 5235 3769 5314">
    <p class='ocr_par' dir='ltr' id='par_1_113' title="bbox 2103 5235 3769 5314">
     <span class='ocr_line' id='line_1_114' title="bbox 2103 5235 3769 5314; baseline 0.002 -19"><span class='ocrx_word' id='word_1_833' title='bbox 2103 5244 2258 5307; x_wconf 89' lang='grc' dir='ltr'>Θεοῦ,</span> <span class='ocrx_word' id='word_1_834' title='bbox 2289 5235 2607 5311; x_wconf 81' lang='grc' dir='ltr'>κατεδίωξεν</span> <span class='ocrx_word' id='word_1_835' title='bbox 2638 5237 2813 5294; x_wconf 85' lang='grc' dir='ltr'>ὀπίσω</span> <span class='ocrx_word' id='word_1_836' title='bbox 2870 5239 3058 5314; x_wconf 81' lang='grc' dir='ltr'>αὐτοῦ,</span> <span class='ocrx_word' id='word_1_837' title='bbox 3115 5243 3205 5298; x_wconf 89' lang='grc' dir='ltr'>καὶ</span> <span class='ocrx_word' id='word_1_838' title='bbox 3258 5244 3406 5305; x_wconf 72' lang='grc' dir='ltr'>εὗρεν</span> <span class='ocrx_word' id='word_1_839' title='bbox 3441 5244 3598 5299; x_wconf 75' lang='grc' dir='ltr'>αὐτὸν</span> <span class='ocrx_word' id='word_1_840' title='bbox 3631 5245 3769 5298; x_wconf 86' lang='grc' dir='ltr'>καθ-</span> 
     </span>
    </p>
   </div>
   <div class='ocr_carea' id='block_1_114' title="bbox 2100 5325 3768 5407">
    <p class='ocr_par' dir='ltr' id='par_1_114' title="bbox 2100 5325 3768 5407">
     <span class='ocr_line' id='line_1_115' title="bbox 2100 5325 3768 5407; baseline 0.003 -25"><span class='ocrx_word' id='word_1_841' title='bbox 2100 5328 2305 5402; x_wconf 80' lang='grc' dir='ltr'>ήμενον</span> <span class='ocrx_word' id='word_1_842' title='bbox 2356 5326 2446 5383; x_wconf 74' lang='grc' dir='ltr'>ἐπὶ</span> <span class='ocrx_word' id='word_1_843' title='bbox 2495 5325 2646 5400; x_wconf 82' lang='grc' dir='ltr'>δρῦν,</span> <span class='ocrx_word' id='word_1_844' title='bbox 2697 5328 2788 5384; x_wconf 84' lang='grc' dir='ltr'>καὶ</span> <span class='ocrx_word' id='word_1_845' title='bbox 2834 5330 2983 5385; x_wconf 80' lang='grc' dir='ltr'>εἶπεν</span> <span class='ocrx_word' id='word_1_846' title='bbox 3038 5329 3204 5405; x_wconf 78' lang='grc' dir='ltr'>αύτῷ-</span> <span class='ocrx_word' id='word_1_847' title='bbox 3256 5336 3420 5406; x_wconf 71' lang='grc' dir='ltr'>Δεῦρο</span> <span class='ocrx_word' id='word_1_848' title='bbox 3458 5334 3570 5405; x_wconf 84' lang='grc' dir='ltr'>μετ’</span> <span class='ocrx_word' id='word_1_849' title='bbox 3606 5333 3768 5407; x_wconf 75' lang='grc' dir='ltr'>ἐμοῦ,</span> 
     </span>
    </p>
   </div>
   <div class='ocr_carea' id='block_1_115' title="bbox 2098 5414 3773 5500">
    <p class='ocr_par' dir='ltr' id='par_1_115' title="bbox 2098 5414 3773 5500">
     <span class='ocr_line' id='line_1_116' title="bbox 2098 5414 3773 5500; baseline 0.004 -28"><span class='ocrx_word' id='word_1_850' title='bbox 2098 5417 2188 5472; x_wconf 84' lang='grc' dir='ltr'>καὶ</span> <span class='ocrx_word' id='word_1_851' title='bbox 2222 5416 2356 5493; x_wconf 66' lang='grc' dir='ltr'>φάγε</span> <span class='ocrx_word' id='word_1_852' title='bbox 2405 5414 2592 5489; x_wconf 77' lang='grc' dir='ltr'>ἄρτον.</span> <span class='ocrx_word' id='word_1_853' title='bbox 2648 5417 2744 5471; x_wconf 78' lang='grc' dir='ltr'>Καὶ</span> <span class='ocrx_word' id='word_1_854' title='bbox 2793 5419 2961 5474; x_wconf 80' lang='grc' dir='ltr'>εἶπεν·</span> <span class='ocrx_word' id='word_1_855' title='bbox 3015 5420 3093 5478; x_wconf 82' lang='grc' dir='ltr'>Οὐ</span> <span class='ocrx_word' id='word_1_856' title='bbox 3142 5424 3400 5500; x_wconf 78' lang='grc' dir='ltr'>φάγωμαι</span> <span class='ocrx_word' id='word_1_857' title='bbox 3448 5421 3609 5497; x_wconf 77' lang='grc' dir='ltr'>ἄρτον</span> <span class='ocrx_word' id='word_1_858' title='bbox 3643 5420 3773 5479; x_wconf 73' lang='grc' dir='ltr'>οὐδὲ</span> 
     </span>
    </p>
   </div>
   <div class='ocr_carea' id='block_1_116' title="bbox 2097 5504 3770 5589">
    <p class='ocr_par' dir='ltr' id='par_1_116' title="bbox 2097 5504 3770 5589">
     <span class='ocr_line' id='line_1_117' title="bbox 2097 5504 3770 5589; baseline 0.002 -25"><span class='ocrx_word' id='word_1_859' title='bbox 2097 5510 2317 5582; x_wconf 84' lang='grc' dir='ltr'>πίωμαι</span> <span class='ocrx_word' id='word_1_860' title='bbox 2347 5504 2493 5582; x_wconf 75' lang='grc' dir='ltr'>ὕδωρ</span> <span class='ocrx_word' id='word_1_861' title='bbox 2528 5507 2581 5562; x_wconf 83' lang='grc' dir='ltr'>ἐν</span> <span class='ocrx_word' id='word_1_862' title='bbox 2625 5504 2703 5578; x_wconf 81' lang='grc' dir='ltr'>τῷ</span> <span class='ocrx_word' id='word_1_863' title='bbox 2752 5507 2909 5583; x_wconf 86' lang='grc' dir='ltr'>τόπῳ</span> <span class='ocrx_word' id='word_1_864' title='bbox 2959 5510 3161 5585; x_wconf 86' lang='grc' dir='ltr'>τούτῳ,</span> <span class='ocrx_word' id='word_1_865' title='bbox 3208 5512 3292 5568; x_wconf 77' lang='grc' dir='ltr'>ὅτι</span> <span class='ocrx_word' id='word_1_866' title='bbox 3338 5512 3536 5589; x_wconf 86' lang='grc' dir='ltr'>Κύριος</span> <span class='ocrx_word' id='word_1_867' title='bbox 3570 5511 3770 5567; x_wconf 80' lang='grc' dir='ltr'>ἐνετεί-</span> 
     </span>
    </p>
   </div>
   <div class='ocr_carea' id='block_1_117' title="bbox 2095 5594 3772 5682">
    <p class='ocr_par' dir='ltr' id='par_1_117' title="bbox 2095 5594 3772 5682">
     <span class='ocr_line' id='line_1_118' title="bbox 2095 5594 3772 5682; baseline 0.002 -28"><span class='ocrx_word' id='word_1_868' title='bbox 2095 5594 2230 5654; x_wconf 88' lang='grc' dir='ltr'>λατό</span> <span class='ocrx_word' id='word_1_869' title='bbox 2264 5620 2359 5671; x_wconf 83' lang='grc' dir='ltr'>μοι</span> <span class='ocrx_word' id='word_1_870' title='bbox 2392 5597 2590 5658; x_wconf 76' lang='grc' dir='ltr'>οὕτως.</span> <span class='ocrx_word' id='word_1_871' title='bbox 2628 5598 2727 5653; x_wconf 78' lang='grc' dir='ltr'>Καὶ</span> <span class='ocrx_word' id='word_1_872' title='bbox 2776 5600 2916 5655; x_wconf 74' lang='grc' dir='ltr'>εἴπεο</span> <span class='ocrx_word' id='word_1_873' title='bbox 2969 5600 3138 5679; x_wconf 74' lang='grc' dir='ltr'>Κάγὼ</span> <span class='ocrx_word' id='word_1_874' title='bbox 3190 5605 3482 5682; x_wconf 75' lang='grc' dir='ltr'>προφήτης</span> <span class='ocrx_word' id='word_1_875' title='bbox 3516 5602 3630 5675; x_wconf 79' lang='grc' dir='ltr'>εἰμὶ</span> <span class='ocrx_word' id='word_1_876' title='bbox 3663 5623 3772 5657; x_wconf 90' lang='grc' dir='ltr'>κα-</span> 
     </span>
    </p>
   </div>
   <div class='ocr_carea' id='block_1_118' title="bbox 2094 5684 3769 5769">
    <p class='ocr_par' dir='ltr' id='par_1_118' title="bbox 2094 5684 3769 5769">
     <span class='ocr_line' id='line_1_119' title="bbox 2094 5684 3769 5769; baseline 0.003 -26"><span class='ocrx_word' id='word_1_877' title='bbox 2094 5687 2202 5751; x_wconf 87' lang='grc' dir='ltr'>θὼς</span> <span class='ocrx_word' id='word_1_878' title='bbox 2254 5687 2340 5760; x_wconf 76' lang='grc' dir='ltr'>σὺ,</span> <span class='ocrx_word' id='word_1_879' title='bbox 2389 5684 2480 5742; x_wconf 86' lang='grc' dir='ltr'>καὶ</span> <span class='ocrx_word' id='word_1_880' title='bbox 2534 5684 2770 5764; x_wconf 77' lang='grc' dir='ltr'>ἄγγελος</span> <span class='ocrx_word' id='word_1_881' title='bbox 2821 5687 3028 5766; x_wconf 85' lang='grc' dir='ltr'>Κυρίου</span> <span class='ocrx_word' id='word_1_882' title='bbox 3077 5688 3317 5769; x_wconf 57' lang='lat' dir='ltr'>natqu</span> <span class='ocrx_word' id='word_1_883' title='bbox 3359 5713 3453 5769; x_wconf 83' lang='grc' dir='ltr'>μοι</span> <span class='ocrx_word' id='word_1_884' title='bbox 3492 5694 3589 5749; x_wconf 87' lang='grc' dir='ltr'>τοῦ</span> <span class='ocrx_word' id='word_1_885' title='bbox 3637 5689 3769 5748; x_wconf 73' lang='grc' dir='ltr'>ἑπι-</span> 
     </span>
    </p>
   </div>
  </div>
