4142 6426
337 394 457 457 209

1498 392 1861 457 HISTORIA
1877 394 2054 458 RUM
2099 394 2654 461 COHPENDIUM.

3666 393 3785 460 210

348 526 571 605 στρεψαι
600 547 663 582 σε
692 525 790 583 καὶ
822 531 1021 607 φαγεῖν
1074 527 1262 603 ἄρτον(
1319 524 1423 586 Καὶ
1480 526 1760 599 ἠπάτησεν
1822 524 1976 583 αύτὸι

2089 587 2094 595 ,
2126 528 2330 585 ederet
2356 534 2534 604 atque
2565 530 2818 589 biberet.
2850 532 2998 589 Tum
3026 529 3319 604 impostor
3344 530 3452 588 Del
3491 531 3779 591 instinctu

345 619 437 676 καὶ
468 619 773 694 ύπεστρεψε
796 618 890 674 καί
922 610 1089 699 ἔφαγε
1124 617 1214 674 καὶ
1245 613 1383 674 ἔπιε.
1445 618 1653 674 Γίνεται
1708 616 1802 673 οὖν
1834 615 2008 695 λόγος

354 711 560 785 Κυρίου
590 708 730 784 πρὸς
782 708 878 765 τὸν
937 704 1397 790 ψευδοπροφήτην
1454 707 1547 764 τὸν
1599 707 2014 784 ἀποστρέψαντα

352 801 540 871 αὑτὸν,
570 799 660 855 καὶ
695 794 816 854 εἶπε
853 797 992 873 πρὸς
1024 797 1114 854 τὸν
1176 797 1459 871 ἄνθρωπον
1516 800 1615 853 τοῦ
1682 799 1837 852 Θεοῦο
1873 793 2014 853 Τάδε

353 891 509 967 λέγει
548 888 770 965 Κύριος’
820 889 973 947 ³Ανθ⁹
1025 888 1099 943 ὧν
1149 880 1393 962 παρέϐης
1452 887 1545 944 τὸν
1604 887 1776 962 νόμον
1809 885 2013 961 Κυρίου

348 980 443 1037 καὶ
480 981 817 1056 ύπέστρεῴας
860 976 951 1033 καὶ
1003 972 1195 1058 ἔφαγες
1252 974 1347 1033 λαὶ
1403 970 1551 1041 ἔπιες
1600 975 1652 1031 iv
1720 981 1799 1049 τῷ
1857 975 2012 1048 τόπῳ

347 1070 556 1142 τούτῳ,
590 1067 654 1123 ού
689 1068 767 1142 μὴ
797 1064 1013 1141 εἰσέλθῃ
1060 1067 1122 1121 τὸ
1152 1065 1314 1139 σῶμά
1346 1086 1443 1122 σου
1476 1064 1553 1128 εἷς
1584 1067 1675 1122 τὸν
1713 1069 1881 1147 τάφον
1903 1070 2012 1122 τῶν

2121 617 2236 674 vati
2271 617 2658 688 denuntiavit,
2692 619 3177 694 quandoquidem
3225 621 3378 677 170
3409 627 3617 680 contra
3672 616 3777 681 Dei

2123 708 2469 766 mandatum
2490 726 2760 767 reversus
2791 727 2860 766 eo
2893 710 3007 766 loci
3042 711 3244 768 cibum
3274 727 3342 767 ac
3372 716 3580 785 potum
3611 728 3775 773 sum-

2122 797 2358 871 psisset,
2391 798 2638 855 cadaver
2667 799 2852 871 ipsius
2884 800 2945 855 in
2976 799 3249 873 sepulcro
3290 801 3588 873 majorum
3645 818 3777 859 suo-

2125 904 2259 945 rum
2282 904 2403 945 non
2435 888 2507 944 iri
2539 889 2868 945 conditum.
2901 892 3094 961 Atque
3137 905 3438 962 egressum
3495 891 3635 946 inde
3694 891 3775 948 di-

2123 978 2325 1033 vinum
2358 978 2450 1034 leo
2482 978 2714 1035 obviam
2743 979 2933 1036 factus
2963 978 3283 1036 interfecit.
3333 980 3580 1037 Interim
3616 982 3776 1037 Jero-

2125 1066 2375 1123 beamus
2406 1083 2441 1123 a
2470 1068 2700 1124 malitia
2727 1085 2848 1124 non
2874 1068 3166 1126 discessit.

346 1160 603 1235 πατέρων
648 1178 766 1213 σου.
828 1154 1150 1228 Ἐξελθόντα
1205 1153 1263 1211 δὲ
1311 1155 1451 1213 λεὼν
1513 1157 1849 1227 συναντήσας
1907 1152 2237 1212 ἰθανάτωσεν
2297 1153 2476 1212 αὐτόν.
2538 1150 2832 1231 Ἰεροόοᾶμ
2878 1153 2937 1212 δὲ
2966 1156 3072 1213 οὐκ
3129 1158 3456 1234 ἀπέστρεψεν
3514 1156 3623 1213 ἀπὸ
3669 1163 3771 1228 τῆς

342 1249 542 1311 κακίας
572 1246 760 1306 αὐτοῦ.

414 1337 514 1412 Τῷ
545 1335 634 1407 λη’
664 1330 770 1393 ἔτει
805 1338 906 1392 τοῦ
935 1336 1070 1393 Ἀσᾶ
1128 1330 1398 1411 βασιλέως
1459 1333 1659 1403 Ἰούδα,
1717 1330 2003 1391 ἰόασίλευ-

338 1449 429 1486 σεν
480 1421 695 1502 ’Λχαᾶϐ
781 1425 811 1480 6
895 1425 1112 1479 πάντων
1189 1422 1469 1500 βασιλάων
1502 1424 1897 1499 ,πονηρότατος
1945 1423 1999 1479 iv

338 1515 590 1591 Ἱσραήλ’
626 1516 686 1577 ’ὸς
730 1516 1112 1585 θυσιαστήριον
1171 1511 1393 1584 ἔστησεν
1450 1518 1529 1587 τῷ
1588 1511 1761 1572 Βάαλ.
1823 1511 1998 1577 Οὗτος

334 1607 459 1688 εἶχε
516 1609 751 1682 γυναῖκα
806 1605 906 1675 τὴν
968 1597 1229 1673 Ἰεζάϐελ.
1291 1604 1415 1660 Ἐπὶ
1480 1603 1678 1660 τούτου
1728 1602 1936 1680 Ἀχιήλ
1968 1604 1997 1658 ὁ

334 1694 652 1769 Βεθηλίτης
683 1691 1018 1768 ᾠκοδόμησε
1046 1694 1143 1763 τὴν
1177 1694 1416 1769 Ἰεριχώ-
1475 1691 1528 1749 ἐν
1582 1698 1665 1767 τῷ
1718 1696 1887 1771 Ἀχιᾷ
1916 1698 1997 1767 τῷ

2183 1334 2504 1409 Trigesimo
2536 1341 2740 1394 octavo
2772 1352 2929 1395 anno
2962 1338 3084 1394 Asm
3138 1339 3293 1412 regis
3324 1336 3488 1396 Judaa
3519 1353 3770 1413 regnum

2110 1423 2457 1485 Israelicum
2481 1426 2677 1482 tenuit
2706 1427 3003 1494 Acbabus,
3028 1429 3298 1486 omnium
3329 1444 3534 1501 regum
3581 1428 3772 1485 deter-

2108 1514 2320 1571 rimus.
2346 1516 2399 1571 Is
2421 1515 2582 1572 Baali
2611 1532 2777 1572 aram
2813 1517 3041 1573 statuit.
3076 1519 3331 1573 Uxorem
3362 1517 3572 1573 habuit
3606 1518 3767 1575 Ieza-

2106 1600 2472 1676 belam.Ejus
2503 1609 2771 1679 tempore
2794 1605 3001 1661 Achiel
3027 1606 3328 1663 Bethelica
3359 1606 3766 1663 Jerichuntem

2105 1691 2473 1751 instauravit.
2494 1694 2677 1765 Cujus
2703 1711 2837 1750 cum
2862 1694 3253 1753 fundamenta
3270 1696 3765 1769 poneret,primo-

331 1784 679 1858 πρωτοτόκῳ
718 1782 884 1839 αύτοῦ
915 1781 1275 1856 ἐθεμελίωσεν
1318 1782 1513 1853 αὐτὴν,
1546 1781 1637 1839 καὶ
1695 1781 1747 1838 iv
1784 1778 1976 1858 Σεγουί

2105 1784 2372 1856 genitum
2399 1785 2591 1842 illium
2614 1803 2787 1843 suum
2800 1788 3045 1844 Achiam
3070 1787 3424 1860 perdidit,ac
3446 1788 3764 1845 minimum

327 1879 409 1949 τῷ
465 1873 720 1951 νεωτέρῳ
778 1868 1041 1943 ἐπέστησε
1107 1871 1205 1938 κάς
1264 1870 1430 1948 θύρας
1485 1873 1677 1942 αὐτῆς,
1741 1872 1879 1928 κατᾶ
1932 1871 1996 1928 τὸ

334 1964 489 2042 ῥῆμα
520 1962 753 2037 Κυρίου,
786 1964 816 2019 ὃ
863 1960 1132 2033 ἐλάλησεν
1166 1961 1218 2018 iv
1279 1961 1428 2039 χειρὶ
1489 1963 1670 2033 Ἰησοῦ
1726 1965 1823 2018 τοῦ
1877 1960 1999 2018 uio?)

334 2056 641 2126 Ναῆ.⁶1’ότε
668 2054 761 2110 καὶ
792 2054 822 2108 6
852 2053 1143 2132 προφήτης
1179 2050 1370 2115 Ἠλίας
1402 2052 1522 2108 εἶπε
1568 2052 1705 2129 πρὸς
1762 2045 1991 2128 ἰκχαάό·

342 2146 422 2215 ῑῆ
449 2145 636 2221 Κύριος
678 2144 707 2199 ὁ
764 2143 895 2206 Θεὸς
948 2146 1055 2198 τῶν
1120 2138 1420 2215 δυνάμεων,
1481 2142 1528 2215 ᾧ
1575 2142 1849 2218 παρέστην
1910 2140 1994 2198 ἔνι

350 2235 522 2290 ώπιον
552 2233 728 2305 αὐτοῦ,
762 2232 812 2288 εἲ
858 2225 1008 2289 ἔσται
1041 2232 1108 2289 τὰ
1163 2226 1256 2303 ἔτη
1314 2234 1482 2287 ταῦτα
1540 2228 1744 2306 δρόσπς
1772 2230 1807 2301 ἢ
1843 2231 1991 2296 ὑετὸς

343 2322 431 2380 ἕπί
458 2331 552 2394 τῆς
581 2331 702 2400 γῆς,
734 2322 781 2379 εἰ
815 2323 889 2395 μή
920 2319 1010 2378 διὰ
1056 2320 1328 2396 στόματός
1386 2342 1513 2394 μου.
1575 2321 1676 2378 Καὶ
1723 2321 1988 2396 ἐπορεύθη

333 2413 470 2469 uti
500 2415 598 2484 τήν
629 2410 912 2482 ἀνπτολήν
961 2411 1014 2467 iv
1046 2409 1203 2487 λόγῳ
1263 2409 1491 2485 Κυρίου,
1548 2410 1639 2465 καὶ
1698 2404 1901 2485 ἐκρύϐη
1932 2410 1987 2466 iv

324 2507 405 2576 τῷ
446 2502 744 2578 χειμάρρῳ
770 2502 964 2577 Χορὲιθ
984 2505 1065 2573 τῷ
1095 2499 1181 2556 ἐπὶ
1214 2499 1508 2571 πρόσωπον
1559 2504 1659 2556 τοῦ
1689 2497 1986 2574 Ἰορδάνου,

321 2591 412 2648 καὶ
440 2586 590 2648 ἔπιεν
622 2588 771 2667 ὕδωρ
802 2590 1021 2646 ἐκεῖθεν·
1053 2588 1142 2645 καὶ
1201 2590 1253 2644 οἱ
1309 2585 1536 2664 κόρακες
1589 2585 1781 2668 ’ἑφερον
1837 2588 1987 2662 αύτῷ

320 2682 485 2757 κρέας
506 2679 665 2757 πρρί,
697 2681 790 2737 καὶ
821 2680 885 2736 τὸ
917 2677 1111 2751 δείλης
1143 2676 1325 2753 ἄρτον.
1383 2683 1490 2734 Τοῖ’)
1556 2679 1865 2758 χειμάρρου
1926 2675 1984 2734 δὲ

319 2775 391 2845 τῇ
423 2766 706 2845 ἀνομϐρίᾳ
735 2771 1089 2845 ξηρανθέντος
1119 2766 1207 2824 διὰ
1269 2767 1442 2847 λόγου
1502 2768 1704 2844 Κυρίου
1760 2765 1980 2843 ἔργεται

318 2859 398 2923 εἷς
432 2862 706 2937 Σαρεφθᾶ.
755 2860 851 2915 Καὶ
914 2861 1068 2939 χήρᾳ
1121 2858 1336 2933 γυναικῖ
1394 2856 1733 2929 ἐπιξενωθεὶς
1792 2858 1977 2927 ἤσθιεν

313 2950 481 3013 αὑτός
512 2971 572 3006 τε
601 2948 692 3004 καὶ
726 2952 761 3019 ἡ
791 2950 931 3023 γυνή
962 2948 1052 3004 καὶ
1098 2952 1167 3003 τα
1194 2946 1353 3004 τέκνα
1408 2948 1603 3017 αὐτῆς
1662 2947 1755 3002 καὶ
1786 2949 1822 3018 ἡ
1849 2945 1977 3022 δράξ

310 3045 411 3096 τοῦ
469 3038 710 3114 ἀλεύρου
768 3038 869 3095 οὐκ
938 3036 1200 3110 ἐξέλιπεν,
1258 3035 1388 3093 οὐδὲ
1443 3038 1471 3092 6
1524 3036 1818 3112 ωμψάκης
1877 3041 1975 3093 τοῦ

2106 1877 2249 1927 natu
2274 1871 2596 1946 Segubum,
2628 1891 2764 1932 cum
2786 1880 2989 1947 portas
3028 1880 3279 1948 aptaret.
3312 1877 3399 1932 Ita
3444 1877 3604 1932 enim
3636 1877 3762 1933 fore

2104 1962 2260 2017 Deus
2272 1978 2379 2034 per
2387 1964 2415 2018 J
2420 1979 2629 2019 osuam
2646 1965 2813 2020 Navae
2828 1964 3016 2021 ﬁlium
3028 1964 3568 2037 praedixerat.Tunc
3580 1965 3761 2022 etiam

2103 2049 2263 2107 Elias
2313 2056 2472 2108 vates
2524 2052 2763 2109 Achabo
2806 2053 2955 2109 dixit
2999 2052 3079 2107 ⁶³;
3115 2074 3140 2098 κ
3169 2055 3255 2110 Ita
3284 2055 3423 2110 vivit
3458 2055 3612 2111 Deus
3641 2071 3762 2111 caa-

2102 2138 2345 2196 lestium
2392 2142 2762 2197 exercituum
2804 2142 3147 2215 imperator,
3180 2147 3317 2199 ante
3366 2161 3543 2217 quem
3576 2145 3757 2212 astiti,

2101 2233 2169 2283 ut
2197 2245 2305 2301 per
2324 2229 2434 2287 hos
2451 2247 2642 2287 annos
2668 2248 2863 2304 neque
2886 2249 2984 2288 ros
3001 2250 3196 2307 neque
3216 2233 3413 2307 pluvia
3442 2235 3504 2291 in
3537 2240 3755 2291 terram

2100 2318 2413 2380 cadet.nisi
2436 2338 2532 2377 me
2546 2322 2877 2378 edicente.»
2894 2324 3117 2396 Ivitque
3150 2324 3306 2380 Elias
3338 2341 3542 2381 versus
3557 2331 3755 2383 ortum

2101 2408 2376 2478 solis,Dei
2394 2411 2572 2467 verbo
2597 2412 2923 2468 instructus
2948 2412 3753 2486 ;delituitqueadtorrentem

2098 2498 2591 2573 Chorathum,qui
2616 2507 2753 2557 este
2768 2503 3009 2576 regione
3019 2503 3382 2571 Jordanis,et
3396 2506 3526 2578 ejus
3536 2522 3753 2578 aquam

2094 2586 2282 2644 bibit:
2324 2591 2599 2661 corvique
2658 2607 2832 2647 mane
2886 2609 3111 2659 carnes,
3161 2593 3389 2665 vesperi
3435 2612 3651 2666 panem
3697 2596 3753 2651 ei

2096 2677 2449 2733 attulerunt.
2493 2684 2638 2735 Cum
2684 2696 2820 2735 vero
2870 2686 3102 2736 torrens
3142 2681 3475 2753 pluviarum
3515 2683 3750 2740 defectu

2094 2767 2444 2836 exaruisset,
2470 2768 2644 2840 jussu
2678 2769 2779 2824 Dei
2812 2769 3203 2841 Sarephtham
3232 2770 3352 2825 ivit.
3381 2771 3463 2825 lbi
3489 2771 3747 2844 hospitio

2090 2871 2235 2911 usus
2256 2854 2447 2911 vidum
2462 2857 2755 2923 mulieris,
2785 2858 2910 2929 ipse
2934 2875 3069 2913 cum
3084 2876 3153 2914 ea
3170 2864 3230 2914 et
3247 2859 3375 2930 ejus
3398 2859 3602 2916 liberis
3625 2866 3746 2916 toto

2088 2943 2193 3000 illo
2212 2949 2481 3017 tempore
2495 2945 2694 3003 cibum
2713 2948 2987 3019 sumpsit,
3012 2947 3154 3004 dum
3171 2949 3453 3005 sterilitas
3468 2966 3533 3006 ac
3556 2967 3746 3023 penu-

2086 3034 2175 3089 ria
2196 3033 2676 3104 ﬁnirentur,cum
2694 3036 2936 3092 interim
2958 3054 3153 3110 neque
3175 3037 3369 3095 farina
3415 3039 3744 3112 cadineque

308 3127 502 3186 ἕλαίου
532 3127 913 3223 ἠλαττονήθη,
965 3123 1074 3192 ἕως
1111 3127 1174 3182 οὗ
1207 3123 1431 3223 διελύθη
1469 3123 1498 3180 6
1526 3125 1714 3223 λιμός.
1749 3125 1972 3223 Ταύτης

2089 3123 2285 3179 oleum
2306 3125 2502 3181 trullas
2526 3126 2871 3182 deficerent.
2905 3128 3093 3199 Hujus
3124 3127 3301 3183 etiam
3336 3128 3525 3184 viduaa
3553 3129 3745 3185 ﬁlium

306 3218 530 3275 καὶτὸν
581 3218 698 3274 υἱὸν
726 3214 940 3294 ἤγειρεν
1001 3216 1062 3274 ix
1116 3221 1341 3292 νεκρῶν,
1370 3216 1428 3272 6'v
1459 3215 1585 3297 φασί
1642 3237 1781 3281 τινες
1836 3217 1971 3273 εἶναι

309 3309 504 3368 ἸωνΞν
535 3308 628 3363 τὸν
662 3308 972 3387 προφήτην.
1003 3306 1139 3365 Τότε
1166 3308 1255 3363 καὶ
1287 3306 1388 3376 τὴν
1442 3306 1629 3362 θυσίαν
1688 3306 1967 3378 ἐποίησεν,

306 3396 361 3453 iv
410 3396 447 3471 ᾖ
500 3398 609 3472 πῦρ
665 3394 718 3467 ἐξ
771 3394 1002 3473 ούρανοῦ
1051 3393 1313 3452 κατελθὸν
1367 3395 1661 3452 κατέκαυσε
1715 3396 1782 3451 τὰ
1837 3394 1967 3451 67lo-

307 3487 650 3560 καυτώματα
677 3484 768 3541 καὶ
796 3484 861 3542 τὸ
893 3482 1040 3562 ὕδωρ
1068 3484 1158 3541 καὶ
1212 3485 1305 3541 τὸν
1344 3488 1480 3565 χοῦν
1536 3490 1638 3555 τῆς
1662 3491 1790 3561 γῆς.
1824 3485 1970 3540 Ἐκεῖ

308 3577 401 3632 καί
431 3576 562 3638 τοὺς
590 3576 753 3651 ἱερεῖς
785 3578 882 3631 τού
915 3573 1032 3645 Βὴλ
1085 3574 1174 3629 καὶ
1222 3574 1353 3638 τοὺς
1401 3577 1686 3653 προφήτας
1747 3568 1964 3653 ἔσφαξεν

308 3672 424 3736 ω’,
464 3665 557 3721 καὶ
609 3666 759 3721 ὑετὸν
814 3666 1159 3739 κατήνεγκεν.
1220 3659 1461 3736 Ἰεζάϐἑλ
1523 3662 1581 3719 δὲ
1634 3668 1797 3719 τοῦτο
1858 3684 1963 3737 μα-

310 3761 485 3822 θοῦσα
514 3753 953 3830 προσηπείλησεν
1011 3755 1187 3828 αὐτῷ,
1244 3757 1334 3810 καὶ
1389 3749 1577 3831 ἔφυγεν
1637 3752 1828 3817 Ἠλίας
1858 3755 1964 3811 ἀπὸ

309 3847 619 3919 προσώπου
704 3840 942 3914 Ἰεζάϐελ
1028 3841 1153 3900 ὁδὸν
1237 3846 1460 3923 ἡμερῶν
1541 3845 1961 3921 τεσσαράκοντα.

303 3935 494 3998 Μόνος
525 3929 835 3991 δὶἈὸδιοὺ
877 3933 937 3989 ἐκ
983 3938 1101 3998 vim;
1157 3932 1382 4005 ἠλικίου
1439 3937 1731 4014 προφήτης
1770 3935 1965 4010 γέγονε

301 4021 382 4080 δι’
446 4017 743 4093 εὐσέϐειαν,
804 4021 910 4079 απὸ
960 4027 1259 4103 προφητῶν
1316 4021 1394 4096 μή
1437 4021 1959 4100 γενεαλογούμενος.

296 4116 386 4190 [Ρ.
426 4116 551 4188 101]
580 4118 680 4169 Ἢν
717 4109 775 4169 δὲ
821 4116 921 4168 τοῦ
978 4108 1189 4189 Ἀχαᾶιὸ
1253 4112 1568 4187 οἰκονόμος,
1624 4111 1677 4169 iv
1735 4117 1962 4187 κρυπτῷ

302 4198 610 4278 σεϐόμενος
637 4204 731 4257 τὸν
786 4201 919 4258 Θεὸν
973 4201 1218 4277 Ἰσραὴλ.
1279 4202 1455 4267 Οὗτος
1480 4202 1571 4258 καὶ
1604 4203 1792 4259 ἑκατὸν
1821 4222 1958 4279 προ⁴

293 4295 481 4372 φήτας
513 4291 564 4347 iv
597 4288 717 4348 δυσὶ
751 4290 1051 4361 σπηλαίοις
1095 4291 1305 4367 κρύψας
1339 4287 1433 4349 διὰ
1466 4291 1561 4348 τὸν
1587 4285 1761 4370 φόϐον
1795 4292 1962 4361 Ἰεζά-

290 4379 401 4440 ϐελ
452 4380 757 4456 (ἀπέκτεινε
786 4382 889 4458 γὰρ
922 4379 1142 4455 αὐτοὺς)
1171 4378 1320 4455 ἄρτῳ
1349 4382 1439 4438 καὶ
1500 4378 1654 4438 ὕδατι
1714 4377 1958 4456 ἔθρεψεν,

286 4471 402 4537 huc
444 4471 623 4543 ἐλύηη
657 4472 685 4526 6
716 4471 901 4547 λιμός.
934 4466 1073 4528 Τότε
1100 4472 1192 4527 καὶ
1240 4468 1434 4534 Ἠλίας
1464 4470 1519 4528 iv
1551 4470 1703 4545 λόγῳ
1758 4471 1957 4546 Κυρίου

283 4564 457 4640 χμίει
526 4562 781 4661 ’Βλισαιξ
821 4562 895 4661 εέις
956 4563 1273 4661 προφήτην·
1345 4560 1579 4636 εὑρίσκει
1633 4562 1737 4661 γδξρ
1798 4560 1957 4661 αὐτὸν

293 4645 311 4661 ν
496 4648 524 4660 ..
674 4643 687 4661 τ
762 4643 819 4661 μ,
1014 4644 1042 4661 ..
1258 4643 1288 4661 η
1334 4645 1362 4659 ..
1491 4648 1533 4661 η
1577 4643 1592 4661 ι
1715 4642 1759 4661 ,μ
1839 4644 1866 4661 ,ι

281 4638 639 4720 ἄροτριῶντα
671 4643 724 4698 ἐν
753 4638 963 4698 δώδεκα
1014 4638 1226 4720 ζεύγεσι
1258 4643 1427 4717 βοῶν.
1490 4643 1593 4698 Καὶ
1653 4642 1807 4705 εὐθὺς
1839 4640 1952 4698 θύει

283 4734 390 4807 μὶν
423 4733 555 4797 τοὺς
593 4733 747 4807 βόας,
780 4730 832 4787 ἐν
867 4729 924 4787 δὲ
960 4735 1078 4797 τοῖς
1108 4731 1348 4788 σκεύεσιν
1400 4729 1624 4788 ἀνάπτει
1676 4736 1804 4808 πῦρ,
1862 4731 1951 4787 καὶ

278 4824 501 4901 ὶψήσας
532 4818 729 4877 δίδωσι
754 4825 833 4894 τῷ
879 4820 1000 4896 λαῷ
1054 4825 1265 4900 φαγεῖν.
1326 4821 1429 4879 Καὶ
1487 4820 1649 4886 αὐτὸς
1705 4820 1951 4892 ἀπῆλθεν

278 4913 470 4970 ὀπίσω
499 4911 720 4981 Ἠλίου,
750 4910 838 4967 καὶ
871 4907 1109 4983 διηκόνει
1138 4909 1306 4984 αύτῷ.

362 5086 582 5169 Ἀχαᾶε
612 5092 891 5164 κρατήσας
916 5091 1008 5147 τὸν
1069 5090 1184 5147 υἱὸν
1244 5088 1413 5168 Ἀδερ
1451 5096 1552 5162 τῆς
1587 5091 1785 5168 Συρίας
1844 5093 1947 5148 ἀπ-

275 5183 475 5240 έλυσεν
508 5180 673 5237 αὐτὸν
710 5181 843 5255 μετὰ
884 5176 1099 5254 δώρων.
1133 5180 1230 5238 Καὶ
1262 5176 1542 5256 ἅνθρωπός
1591 5202 1674 5244 τις
1733 5180 1792 5238 ἐκ
1837 5187 1945 5238 τῶν

278 5273 414 5329 υἱῶν
444 5274 557 5327 τῶν
604 5274 928 5351 προφητῶν,
964 5269 1208 5347 Μιχαίας
1240 5265 1436 5343 ὄνομα.
1494 5273 1615 5326 εἷπε
1672 5272 1808 5348 πρὸς
1852 5273 1943 5327 τὸν

273 5363 525 5434 πλησίον
560 5361 727 5419 αὐτοῦ
776 5360 830 5417 iv
890 5357 1044 5437 λόγῳ
1102 5361 1326 5436 Κυρίου.
1391 5360 1629 5432 Πάταξόν
1692 5383 1778 5438 με.
1843 5361 1945 5421 Καέ

277 5455 376 5511 οὐκ
407 5450 671 5525 ἠθέλησε.
707 5451 805 5508 Καὶ
842 5450 997 5507 εἶπεν
1030 5450 1197 5524 αὐτῷ’
1230 5452 1370 5505 ’Δνθ’
1426 5452 1500 5508 ὧν
1558 5450 1657 5509 οὐκ
1706 5454 1945 5523 ἤκουσας

273 5546 373 5617 τῆς
406 5551 592 5624 φωνῆς
621 5542 854 5620 Κυρίου,
889 5560 983 5595 και
1014 5537 1133 5595 ἰδοὺ
1190 5539 1252 5595 σὺ
1312 5541 1637 5619 ἀποτρέχεις
1694 5538 1817 5615 ἔξω,
1850 5545 1937 5601 καὶ

2084 3220 2384 3271 mertuum
2419 3215 2479 3270 in
2511 3216 2691 3272 vitam
2722 3218 3051 3284 revocavit;
3107 3235 3284 3290 quem
3330 3216 3542 3274 Ionam
3587 3220 3755 3275 I11

2080 3308 2273 3360 vatem
2306 3304 2477 3362 illum
2510 3304 2693 3362 fuisse
2724 3312 3076 3364 autumamt.
3100 3309 3260 3363 Tunc
3292 3314 3351 3363 et
3380 3308 3741 3367 sacriﬁcium

2080 3390 2237 3449 Elias
2268 3396 2494 3469 peregit
2520 3413 2533 3452 :
2566 3396 2640 3452 ad
2665 3396 2824 3467 quod
2847 3397 3080 3452 cmlitus
3111 3397 3263 3470 ignis
3307 3397 3588 3469 delapsus
3631 3398 3736 3454 ho-

2078 3482 2276 3552 stiam,
2309 3501 2530 3557 aquam
2563 3492 2621 3540 et
2653 3485 2956 3558 pulverem
2986 3491 3157 3543 terra;
3176 3487 3738 3560 consumpsit.lbiet

2080 3572 2202 3630 Beli
2236 3575 2575 3631 sacerdotes
2605 3593 2673 3632 ac
2703 3582 2865 3632 vates
2906 3577 3199 3651 jugulavit
3228 3579 3354 3647 850,
3389 3584 3446 3635 et
3475 3578 3735 3651 pluviam

2076 3662 2399 3721 devocavit.
2423 3662 2714 3734 Jezabela,
2746 3683 2810 3722 re
2842 3673 3165 3740 comperta,
3199 3667 3454 3741 graviter
3509 3668 3737 3725 minata

2074 3751 2217 3809 Elim
2250 3759 2357 3810 est.
2386 3754 2572 3821 Quam
2604 3756 2706 3812 ille
2736 3756 2967 3829 fugiens
2998 3757 3112 3812 iter
3150 3754 3220 3812 40
3267 3757 3501 3814 dierum
3533 3758 3732 3832 profe-

2075 3849 2204 3899 ctus
2236 3848 2343 3900 est.
2377 3843 2548 3901 Solus
2581 3845 2798 3901 Abdias
2829 3846 2957 3918 jam
3014 3847 3154 3903 inde
3204 3847 3276 3902 ab
3329 3847 3733 3905 adolescentia

2073 3937 2237 3990 vates
2266 3934 2512 3997 exstitit,
2552 3951 2739 4007 genus
2769 3953 2804 3992 a
2832 3936 3062 3993 vatibus
3096 3953 3216 3992 non
3235 3936 3656 4004 ducens.Quod
3675 3938 3727 3993 ei

2073 4022 2147 4078 ob
2177 4023 2461 4095 pietatem
2492 4025 2705 4081 evenit.
2768 4027 2912 4081 Cum
2970 4026 3129 4082 enim
3189 4032 3346 4083 esset
3374 4033 3759 4101 procurator.

2069 4111 2293 4168 Achabi
2308 4108 2880 4182 domesticus,Deum
2896 4114 3305 4171 Israelicorum
3321 4116 3550 4175 occulte
3563 4134 3735 4173 vene-

2070 4198 2335 4269 rabatur,
2367 4216 2435 4257 ac
2451 4203 2552 4256 100
2572 4207 2732 4258 vates
2769 4207 2929 4257 metu
2945 4203 3230 4260 Jezabelm
3259 4205 3541 4274 (mortem
3562 4207 3726 4263 enim

2071 4306 2143 4347 ea
2155 4290 2434 4347 omnibus
2447 4292 2903 4350 machinabatur
2931 4293 3161 4353 vatibus
3184 4295 3386 4365 Dei)in
3409 4295 3558 4354 duas
3588 4314 3725 4371 spe-

2067 4379 2272 4438 luncas
2298 4380 2629 4451 abdiderat,
2686 4382 2890 4455 ibique
2947 4399 3137 4455 usque
3162 4384 3237 4441 ad
3295 4384 3473 4442 famis
3500 4386 3726 4445 exitum

2067 4486 2221 4544 pane
2245 4476 2475 4543 etaqua
2504 4488 2605 4528 eos
2635 4472 2852 4529 alebat.
2886 4474 3106 4530 Eadem
3166 4478 3511 4547 tempestate
3571 4476 3731 4534 Elias

1992 4545 2037 4609 D
2061 4560 2238 4632 jussu
2268 4561 2371 4616 Dei
2394 4560 2671 4617 Elizaeum
2704 4563 2985 4619 unctione
3013 4568 3207 4620 vatem
3237 4545 3573 4639 inaugurat,
3590 4584 3727 4625 cum

2064 4650 2127 4706 in
2153 4667 2290 4708 eum
2317 4652 2625 4710 incidisset
2658 4653 2976 4711 duodecim
3005 4655 3169 4730 jugis
3200 4656 3384 4714 boum
3431 4665 3718 4716 arantem.

2061 4729 2312 4800 Elisaaus
2332 4744 2534 4800 statim
2557 4745 2829 4802 mactatis
2860 4729 3495 4813 bobus,instrumentis
3523 4758 3723 4809 arato-

2060 4832 2166 4888 riis
2186 4834 2472 4900 accensis,
2505 4840 2843 4907 percoctam
2872 4853 3082 4894 eorum
3115 4854 3363 4897 carnem
3390 4842 3609 4914 populo
3632 4860 3721 4901 ve-

2061 4925 2345 4982 scendam
2384 4925 2639 4997 praebet;
2673 4931 2851 4998 atque
2883 4928 3012 5000 ipse
3035 4928 3229 4986 Eliam
3259 4936 3541 5000 sectatur,
3574 4938 3635 4989 et
3662 4936 3716 4991 ei

2060 5014 2457 5073 administrat.

2130 5106 2313 5161 Porro
2334 5104 2611 5162 Achabus
2634 5122 2770 5163 cum
2792 5106 2985 5165 filium
3005 5108 3183 5165 Aderi
3201 5125 3401 5184 regem
3423 5111 3607 5181 Syrias
3627 5128 3720 5169 ce-
3798 5098 3803 5105 ’

2056 5193 2551 5266 pissct,donatum
2574 5195 2978 5271 dimisit.Ergo
2992 5198 3235 5270 quidam
3253 5215 3327 5255 ex
3339 5200 3716 5258 vatumfami-

2056 5282 2413 5342 liaMichaaas
2425 5285 2866 5347 nomine.alteri
2880 5287 3116 5343 cuidam
3132 5288 3231 5343 Dei
3246 5289 3532 5347 instinctu
3543 5291 3712 5348 dixit:

2054 5373 2185 5429 Feri
2209 5390 2325 5430 me.
2350 5374 2518 5441 Quod
2534 5391 2668 5431 cum
2689 5375 2792 5432 ille
2824 5376 3200 5445 detrectaret,
3235 5377 3604 5438 denuntiavit
3634 5383 3710 5451 ei,

2054 5463 2214 5536 quod
2248 5465 2532 5522 mandato
2569 5466 2672 5521 Dei
2696 5482 2818 5521 non
2851 5471 3007 5521 esset
3036 5464 3377 5541 obsecutus,
3411 5469 3545 5528 ideo
3576 5489 3713 5531 eum

2062 5568 2367 5625 egressum
2387 5570 2422 5610 a
2450 5553 2622 5611 leone
2645 5570 2864 5611 caesum
2890 5554 2981 5609 iri.
3006 5555 3200 5626 Atque
3234 5556 3317 5614 ita
3346 5556 3568 5617 factum
3602 5568 3713 5622 est.

278 5634 498 5709 κατάξει
539 5657 596 5692 σε
628 5632 797 5692 λέων
856 5628 995 5705 ὅπερ
1051 5629 1142 5686 καὶ
1191 5628 1395 5707 γέγονε.
1467 5632 1569 5689 Καὶ
1629 5633 1747 5690 εἷπε
1802 5635 1938 5713 πρὸς

2089 5642 2218 5699 .lius
2236 5642 2588 5702 deindevati
2597 5644 2776 5716 jussu
2796 5643 2983 5717 ipsius
2997 5643 3200 5719 plagas
3219 5647 3256 5704 I
3272 5649 3310 5705 7
3320 5647 3369 5705 8
3384 5655 3444 5705 et
3462 5650 3713 5711 vulnena

339 5756 387 5796 ⁸³
416 5756 494 5818 ιιι
517 5760 660 5835 Reg.
693 5756 843 5815 nix.
