4142 6412
381 416 500 480 211

1755 410 2076 477 GEORGII
2120 409 2460 476 CEDRENI

3694 426 3819 488 212

395 548 1023 624 imposuitJndevates
1043 550 1229 608 fascia
1246 549 1411 608 vultu
1461 550 1741 624 obligato,
1774 565 1893 622 qua
1947 564 2051 604 rex

2168 542 2359 615 ἴλλον,
2389 547 2479 602 καὶ
2510 545 2766 621 ἐπάταξεν
2798 550 2985 620 αὐτὸν,
3014 550 3107 608 καὶ
3167 519 3480 629 συνετρίϐη..
3543 557 3645 613 Καὶ
3711 579 3818 615 κα-

386 640 804 698 Israelicorum
829 642 1189 699 transiturus
1212 646 1338 697 erat
1359 641 1629 696 constitit
1649 657 1662 707 ;
1682 656 1870 711 eoque
1893 656 2014 711 pra)
2030 672 2044 681 -

390 735 663 788 tereunte
683 730 805 785 alta
836 747 973 786 voce
1005 736 1248 802 questus
1274 735 1364 786 est
1393 747 1455 786 se
1489 730 1715 803 regium
1733 746 1964 786 servum
1988 730 2049 783 in

392 820 623 877 bellum
659 820 1014 893 profectum,
1039 822 1221 876 alium
1268 820 1588 892 quemdam
1634 819 1708 876 ad
1739 837 1801 877 se
1858 820 2048 875 virum

396 910 994 982 adduxisse,ejusque
1017 910 1127 965 sibi
1159 910 1491 966 custodiam
1512 910 1827 966 mandasse
1841 908 2050 981 ealege

395 1005 463 1056 ut
501 999 549 1054 si
580 1000 631 1054 is
686 999 774 1053 vir
830 999 1179 1072 aufugisset,
1230 1016 1339 1071 pro
1383 1016 1451 1054 eo
1511 1000 1689 1055 vitam
1740 1016 1908 1055 suam
1950 1003 2051 1055 aut

395 1092 624 1161 argenti
656 1091 881 1147 talenta
911 1091 1218 1162 penderet.
1249 1092 1318 1147 Se
1360 1093 1471 1148 hac
1504 1092 1641 1148 illac
1696 1091 2048 1162 circumspi-

395 1180 610 1248 ciente,
645 1181 887 1236 interim
916 1182 1109 1236 virum
1148 1180 1288 1252 fuga
1306 1198 1367 1236 se
1400 1181 2053 1254 proripuisse.Respon-

399 1271 485 1326 dit
514 1288 618 1325 rex
649 1287 786 1326 eum
813 1269 885 1325 de
908 1286 969 1325 se
1003 1270 1132 1342 ipso
1164 1270 1526 1326 sententiam
1543 1270 1774 1338 tulisse,
1801 1287 2049 1342 esseque

396 1378 504 1417 suo
529 1361 820 1417 arbitratu
846 1360 1153 1417 homicidii
1176 1360 1596 1433 fontem.iTum
1620 1366 1778 1417 vates
1799 1377 2051 1434 propere

392 1451 641 1507 fasciam
672 1466 708 1505 a
735 1450 885 1506 facie
907 1450 1539 1523 removit,agnitusque
1561 1467 1717 1507 unus
1739 1450 1811 1505 de
1822 1451 2053 1507 vatibus

395 1539 897 1608 esse,italocutus
921 1544 1092 1595 est:«
1135 1539 1229 1595 Sic
1274 1540 1357 1594 ait
1403 1540 1690 1595 Dominus
1720 1541 2055 1612 regizQuia

395 1634 461 1684 tu
492 1629 685 1683 virum
707 1628 993 1700 perniciei
1020 1628 1382 1685 destinatum
1406 1645 1476 1684 ex
1519 1629 1796 1685 manibus
1818 1629 1936 1685 tuis
1963 1629 2048 1684 di-

402 1718 642 1786 misisti,
665 1734 802 1774 ecce
835 1717 963 1786 tibi,
994 1717 1113 1773 vita
1150 1723 1252 1774 tua
1300 1735 1406 1790 pro
1456 1719 1574 1775 vita
1619 1718 1807 1790 ipsius
1863 1735 2053 1790 popu-

396 1807 610 1879 Iusque
642 1812 778 1863 tuus
808 1825 916 1880 pro
947 1807 1167 1879 pOpulo
1200 1807 1329 1879 ejus
1377 1807 1500 1863 luet
1528 1806 1595 1863 9‘.
1632 1830 1660 1858 »
1712 1806 1872 1863 Abiit
1911 1824 2049 1880 ergo

398 1895 673 1953 Achabus
703 1897 889 1952 animi
910 1913 1067 1971 aeger
1091 1902 1268 1969 atque
1299 1895 1469 1953 ﬂens.

461 2086 800 2144 Secundum
817 2086 943 2141 haac
958 2085 1232 2142 Achabus
1245 2085 1730 2142 vineamNabothi
1747 2087 2054 2156 Israelitm,

397 2177 779 2248 continguam
828 2191 980 2230 areas
1027 2175 1202 2247 regis,
1226 2175 1315 2230 vel
1343 2175 1782 2247 permutatione
1810 2176 2054 2233 alterius

396 2267 587 2322 vinem
616 2264 707 2319 vel
741 2264 935 2319 soluto
976 2264 1167 2335 pretio
1200 2279 1367 2319 suam
1399 2264 1592 2319 facere
1652 2265 1948 2336 cupiebat.
1982 2271 2055 2321 At

397 2372 535 2411 vero
564 2353 867 2410 Nabothus
898 2369 1223 2425 pernegare
1282 2368 1344 2407 se
1404 2369 1577 2409 suum
1627 2355 2054 2425 patrimonium

398 2445 679 2515 cuiquam
711 2442 1108 2498 addicturum.
1142 2443 1279 2507 Quae
1302 2459 1398 2497 res
1433 2459 1565 2498 cum
1600 2444 1865 2499 dolorem
1895 2446 2057 2500 intu-

397 2534 570 2590 lisset
589 2531 1121 2600 Achabo,Jezabela
1150 2548 1217 2586 eo
1249 2533 1484 2604 cognito
1506 2531 1578 2587 ad
1612 2533 1877 2588 seniores
1893 2533 2056 2589 urbis

401 2624 632 2679 litteras
665 2621 785 2689 dat,
819 2620 1114 2677 mandans
1142 2620 1229 2676 uti
1261 2620 1592 2676 Nabothum
1618 2622 1869 2692 quaesita
1889 2639 2056 2678 occa-

404 2713 571 2768 sione
592 2710 1141 2767 factiinterficiant.
1177 2710 1222 2766 Ii
1273 2710 1532 2766 conﬁcta
1578 2710 1859 2766 adversus
1919 2729 2056 2768 cum

406 2800 905 2871 calumnia,quasi
935 2815 1135 2871 regem
1167 2805 1508 2856 exsecratus
1539 2806 1714 2867 esset,
1750 2800 2055 2857 hominem

405 2889 967 2954 trucidant,vineam
984 2887 1260 2944 Achabus
1284 2896 1552 2960 occupat.
1578 2890 1743 2945 Hunc
1766 2891 1924 2946 Elias
1955 2907 2059 2965 ag-

400 2997 640 3054 gressus
670 2979 752 3034 ita
773 2977 1184 3050 compellavit:
1210 2978 1379 3032 «Heec
1406 2977 1550 3033 dicit
1579 2979 1864 3035 Dominus
1889 2998 1901 3036 :
1930 3002 1954 3032 α
1973 2982 2057 3037 Tu

401 3069 555 3126 πθ
588 3066 910 3124 homicidio
942 3071 1280 3139 perpetrato
1329 3066 1587 3123 alienam
1618 3070 2056 3141 possessionem

403 3156 949 3225 invasisti.ldcirco,
975 3173 1093 3228 quo
1117 3156 1247 3211 loco
1270 3158 1621 3230 sanguinem
1636 3158 1885 3214 Nabothi
1919 3177 2056 3216 sues

2156 633 2534 709 ταδησαμενος
2565 639 2593 694 ὁ
2625 643 2916 719 προφήτης
2947 639 3236 717 ταλαμῶνι
3280 646 3408 706 τοὺς
3465 644 3814 722 ὀφθαλμοὺς,

2159 723 2234 785 ὡς
2291 725 2319 779 ὁ
2374 726 2630 801 βασιλεὺς
2714 729 2935 805 Ἰσραὴλ
3019 734 3442 808 παρεπορεύετο,
3500 735 3589 791 καί
3643 740 3814 805 αὐτὸς

2159 808 2309 868 ἐϐόα·
2343 816 2405 873 ὐ
2434 813 2631 880 δοῦλος
2662 839 2759 874 σου
2816 821 3035 890 ἐξῆλθεν
3096 821 3182 878 ἐπὶ
3240 826 3342 893 τήν
3402 827 3654 900 στρατιάν
3707 834 3811 884 τοῦ

2160 903 2430 979 πολέμου,
2479 909 2569 963 καὶ
2616 910 2753 985 ἀνὴρ
2804 911 3019 986 εἰσῆγεν
3067 911 3237 989 ἄνδρα
3287 918 3423 991 πρὸς
3481 939 3549 989 με
3606 919 3807 997 λέγων·

2162 993 2409 1067 Φύλαξόν
2447 1017 2543 1068 μοι
2570 998 2661 1052 τὸν
2696 997 2863 1075 ἄνδρα
2919 1002 3132 1060 τοῦτον.
3194 1006 3313 1061 Ἐὰν
3366 1002 3423 1062 δὲ
3481 993 3741 1086 ἀποφύγῃ
3775 1013 3817 1083 ἠ

2161 1085 2315 1160 ψυχή
2359 1106 2454 1140 σου
2522 1080 2669 1143 ἔσται
2725 1089 2841 1145 ἀντὶ
2907 1095 3009 1156 τῆς
3040 1095 3228 1173 ψυχῆς
3259 1093 3450 1165 αὺτοῦ,
3482 1096 3519 1166 ἢ
3575 1099 3822 1156 τάλαντα

2161 1172 2417 1261 άργυρίου
2477 1179 2715 1247 στήσεις.
2778 1180 2881 1235 Καὶ
2932 1179 3166 1255 ἐγένετο,
3221 1183 3295 1246 ὡς
3355 1182 3742 1261 περιεϐλέπετο
3787 1191 3822 1245 ὁ

2162 1259 2361 1326 δοῦλός
2395 1285 2491 1321 σου
2521 1264 2629 1321 ὧδε
2668 1268 2759 1323 καὶ
2791 1266 2918 1340 ὧδε,
2950 1271 3041 1325 καὶ
3071 1271 3232 1335 αὐτὸς
3280 1275 3383 1329 οὐκ
3406 1259 3496 1345 ἦν.
3530 1278 3636 1334 Καὶ
3663 1280 3822 1337 εἶπεν

2163 1348 2396 1428 Ἀχαᾶϐο
2428 1352 2572 1411 Ἰδοὺ
2603 1354 2862 1427 δικαστὴς
2893 1360 2979 1429 σὺ,
3024 1360 3125 1416 καῖ’
3146 1362 3214 1417 τὰ
3270 1359 3459 1439 ἔνεδρα
3508 1370 3631 1443 παρ’
3663 1365 3820 1443 ἐμοί.

2160 1443 2498 1521 Ἐφόνευσας.
2559 1446 2664 1502 Καὶ
2722 1449 2956 1512 σπεύσας
3015 1451 3044 1506 ὁ
3111 1455 3404 1532 προφήτης
3472 1455 3667 1534 ἀφεῖλε
3721 1461 3821 1517 τὸν

2158 1534 2450 1625 τελαμῶνα
2479 1536 2587 1593 ἀπὸ
2640 1543 2749 1595 τῶν
2806 1541 3105 1621 ὀφθαλμῶν
3162 1545 3350 1617 αὐτοῦ,
3408 1550 3500 1604 καὶ
3561 1547 3815 1625 ἐγνώσθη

2161 1623 2246 1681 ὅτι
2277 1624 2336 1681 ἐκ
2364 1630 2473 1682 τῶν
2502 1634 2799 1706 προφητῶν
2835 1629 2977 1687 ἐστιν
3037 1630 3216 1701 οῦτος,
3278 1635 3368 1690 καὶ
3426 1637 3559 1693 εἶπε·
3604 1623 3645 1694 ῆι(
3676 1623 3826 1698 Τάδε

2162 1713 2585 1805 λέγειῇΚύριοςς
2622 1719 2773 1774 Διότι
2829 1719 3086 1798 ἐξήγαγες
3144 1722 3207 1778 σὺ
3262 1721 3430 1801 ἄνδρα
3482 1725 3729 1805 ὀλέθριον
3757 1729 3826 1789 ἐκ

2161 1799 2356 1892 χειρός,
2388 1826 2515 1878 μου,
2547 1803 2666 1862 ἰδοὺ
2697 1810 2730 1878 ἡ
2766 1809 2918 1885 ψυχή
2954 1831 3049 1866 σου
3081 1810 3200 1867 ἀντὶ
3247 1799 3372 1884 τῆς
3403 1818 3591 1892 ψυχῆς
3613 1799 3624 1805 ¹
3650 1820 3826 1875 αὐτοῦ

2072 1910 2121 1977 Β
2158 1894 2248 1949 καὶ
2280 1895 2309 1947 ὁ
2349 1891 2484 1957 λαός
2518 1914 2614 1951 σου
2647 1896 2766 1954 ἀντὶ
2796 1903 2895 1955 τοῦ
2927 1899 3063 1956 λαοῦ
3094 1900 3277 1959 αὐτοῦ.
3316 1927 3345 1957 ››
3406 1891 3518 1964 Kal
3570 1907 3819 1978 ἀπῆλθεν

2162 1979 2376 2059 Ἀχαᾶϐ
2402 1983 2766 2059 ἐκλελυμένος
2798 1990 2889 2045 καὶ
2918 1987 3149 2049 κλαίων.

2235 2074 2531 2165 Ἀμπελὼν
2566 2077 2641 2139 εἶς
2691 2078 2783 2165 ἦν,
2821 2075 3097 2146 Ναϐουθαῖ
3152 2086 3232 2154 τῷ
3287 2083 3609 2163 Ἰσραηλίτῃ
3668 2090 3823 2165 παρὰ

2160 2161 2261 2254 τὴν
2295 2161 2413 2218 ἅλω
2441 2170 2540 2254 τοῦ
2575 2164 2812 2241 Ἀχαᾶὄ,
2869 2169 2927 2224 ’ὀν
2988 2169 3167 2243 ἐζήτει
3226 2168 3413 2228 λαϐέῖν
3477 2161 3689 2254 Ἀχαᾶὄ
3722 2161 3823 2234 καὶ

2165 2248 2349 2307 δοῦναι
2384 2254 2420 2324 ἢ
2452 2249 2635 2331 ἕτερον
2678 2256 2980 2329 ἀμπελῶνα
3008 2260 3045 2330 ἢ
3074 2263 3173 2331 τὴν
3224 2264 3393 2336 τιμὴν
3456 2248 3642 2320 αὐτοῦ.
3671 2269 3729 2326 Ὀ
3762 2265 3826 2325 δὶ

2165 2341 2304 2397 εἶπε·
2341 2344 2430 2413 Mr,
2464 2345 2678 2418 γένοιτὸ
2735 2368 2829 2420 μοι
2884 2344 3067 2405 δοῦναί
3124 2372 3227 2406 τινι
3284 2353 3384 2422 τήν
3440 2352 3825 2431 κληρονομίαν

2168 2451 2295 2520 μου.
2328 2433 2669 2503 Λυπηθέντος
2725 2432 2782 2490 δὲ
2839 2433 3079 2517 Ἀχαὰ6,
3141 2441 3218 2504 ὡς
3274 2439 3506 2511 ἤκουσεν
3560 2442 3824 2520 Ἰεζάϐελ,

2163 2519 2358 2596 γράφει
2390 2522 2526 2597 πρὸς
2554 2523 2680 2586 τοὺς
2711 2520 3108 2602 πρεσϐυτέρους
3137 2528 3267 2592 τοὺς
3300 2530 3357 2586 ἐν
3508 2533 3669 2591 πολει
3730 2519 3827 2592 δια

2163 2610 2487 2685 προφάσεως
2535 2611 2849 2669 ἀποκτεῖναι
2907 2616 3090 2675 αὐτόν.
3153 2620 3221 2677 Οἱ
3277 2617 3336 2675 δὲ
3393 2627 3821 2696 συκοφαντοῦσιν

2164 2698 2325 2754 αὐτὸν
2381 2699 2454 2761 ὡς
2510 2702 2853 2777 κατηράσατο
2906 2709 3004 2760 τοῦ
3066 2706 3359 2783 βασιλέως,
3421 2711 3509 2766 καὶ
3570 2713 3824 2769 ἀποκτεί-

2164 2808 2347 2843 νουσιν
2374 2789 2560 2862 αύτὸν,
2592 2791 2683 2846 καὶ
2712 2790 3052 2869 κληρονομεῖ
3088 2793 3299 2873 ’Λχαᾶϐ
3338 2800 3430 2855 τὸν
3491 2800 3816 2876 ἀμπελῶνα.

2167 2878 2263 2933 Καὶ
2323 2877 2543 2956 ἔρχεται
2609 2881 2748 2957 πρὸς
2804 2882 2966 2939 αὐτὸν
3022 2886 3234 2957 Ἠλίας,
3293 2889 3383 2944 καὶ
3438 2887 3589 2969 λέγει
3643 2891 3818 2967 αὐτῷ·

2168 2997 2197 3027 ι(
2226 2971 2368 3030 Τάδε
2397 2971 2549 3062 λέγει
2576 2975 2801 3052 Κύριος·
2835 2978 2926 3041 Ὧς
2953 2979 3016 3034 σὺ
3046 2978 3336 3056 ἐφόνευσας
3374 2985 3466 3039 καὶ
3524 2984 3825 3062 ἐκληρονόο

2169 3083 2370 3134 μησας,
2404 3059 2493 3118 διὰ
2523 3062 2686 3120 τοῦτο
2719 3063 2772 3120 έν
2825 3070 2904 3138 τῷ
2957 3068 3114 3142 τόπῳ
3168 3071 3213 3144 ᾧ
3262 3066 3471 3146 ἕλειεαν
3531 3075 3583 3129 οἱ
3613 3059 3699 3138 ὕες
3728 3075 3822 3132 καὶ

2166 3153 2219 3208 οἱ
2249 3152 2400 3213 κύνες
2429 3152 2492 3207 τὸ
2532 3154 2668 3226 αἷμα
2724 3150 3024 3229 Ναϐουθαὶ,
3086 3157 3197 3214 ἐκεῖ
3256 3158 3524 3233 λείξουσιν
3589 3166 3640 3220 ol
3670 3165 3828 3232 κύνες

402 3254 652 3303 etcanes
673 3244 1215 3315 linxerunt,eodem
1242 3250 1301 3299 et
1324 3263 1503 3301 canes
1518 3248 1870 3320 sanguinem
1887 3253 2052 3304 tuum

2168 3244 2229 3299 τὸ
2260 3243 2549 3351 αῖμάὶσου,
2580 3244 2667 3298 καὶ
2702 3245 2757 3299 αἱ
2813 3246 3008 3351 ¹ιὶόρναι
3065 3246 3352 3307 λούσονται
3407 3250 3459 3308 ἐν
3490 3258 3569 3327 τῷ
3601 3251 3827 3329 αἵματί-

402 3337 671 3394 lambent
713 3341 772 3391 et
802 3339 864 3391 in
896 3352 965 3391 eo
1001 3340 1198 3391 scorta
1248 3335 1563 3403 lavabunt;
1597 3353 1666 3393 ac
1720 3338 2055 3394 .Iezabelam

406 3448 584 3487 canes
614 3429 907 3486 vorabunt
937 3433 1075 3485 ante
1095 3446 1297 3486 muros
1318 3429 1722 3486 Jesraelenses
1747 3430 2062 3487 '5.»Exitus

409 3522 523 3576 hoc
548 3519 895 3575 vaticinium
927 3518 1371 3590 comprobavit,
1415 3536 1554 3574 nam
1601 3519 1876 3576 Achabus
1926 3538 2061 3577 cum

412 3609 732 3680 Josaphato
763 3624 896 3680 rege
925 3608 1089 3663 Iudae
1123 3624 1393 3680 egressus
1425 3609 1486 3663 in
1530 3609 1798 3681 praelium
1857 3616 2065 3667 contra

411 3715 615 3772 regem
646 3698 851 3769 Syriaa,
875 3698 1088 3770 sagitta
1101 3698 1276 3768 jecur
1307 3698 1459 3754 ictus
1502 3700 1827 3755 Samariam
1888 3700 2066 3756 rediit

415 3788 618 3859 ibique
648 3791 919 3842 mortuus
943 3792 1059 3854 est;
1094 3791 1153 3841 et
1182 3803 1317 3842 cum
1349 3788 1589 3860 sanguis
1613 3788 1742 3861 ejus
1764 3789 2067 3847 elueretur

412 3876 571 3950 apud
596 3877 823 3933 fontem
843 3876 1287 3943 Samarize,eum
1311 3894 1446 3933 sues
1465 3882 1522 3932 et
1542 3894 1716 3935 canes
1738 3879 2063 3948 linxerunt,

409 3966 778 4039 paulumque
798 3966 952 4020 infra
971 3966 1313 4022 meretrices
1345 3967 1405 4021 in
1426 3969 1555 4040 ejus
1585 3968 1871 4041 sanguine
1902 3969 2060 4025 lava-

407 4054 848 4111 runt.Jezabela
880 4055 1059 4109 etiam
1091 4054 1164 4109 de
1185 4071 1356 4109 muro
1380 4054 1612 4129 dejecta
1640 4058 1889 4113 canibus
1911 4074 2061 4114 escas

408 4144 721 4210 fuit,sicuti
749 4145 902 4199 Deus
936 4143 1089 4199 fatus
1113 4143 1329 4199 fuerat.

466 4300 747 4357 Ochozias
768 4298 991 4355 Achabi
1010 4297 1165 4354 ﬁlius
1182 4314 1429 4372 regnum
1452 4300 1512 4355 in
1536 4301 1848 4359 Israelicos
1862 4306 2056 4360 tenuit

409 4389 744 4446 biennium.
760 4390 814 4443 Is
835 4405 968 4444 cum
991 4393 1325 4459 aegrotaret,
1356 4389 1598 4445 nuntios
1622 4392 1787 4446 misit
1808 4395 2063 4448 Accaro-

405 4477 676 4549 nem.qui
708 4494 779 4533 ex
819 4476 928 4532 deo
951 4477 1222 4549 principe
1259 4493 1599 4535 muscarum
1619 4488 1956 4551 qumrerent
1987 4500 2063 4539 an

406 4565 808 4623 valetudinem
839 4582 912 4621 ex
942 4565 1149 4621 morbo
1200 4584 1307 4622 suo
1366 4573 1523 4624 esset
1576 4576 1945 4642 recepturus.
1984 4573 2059 4628 lis

404 4656 561 4713 Etias
592 4655 944 4725 occurrit,ac
964 4656 1182 4712 reversi
1197 4656 1459 4713 Ochozias
1498 4660 1851 4716 nuntiarunt
1869 4662 2055 4718 homi-

2168 4667 2383 4753 αὐτοῖς.
2413 4669 2508 4723 Kal
2545 4669 2976 4750 ἀποστραφέντες
3010 4673 3160 4730 εἶπον
3191 4679 3272 4749 τῷ
3304 4677 3554 4753 Ὀχοζίᾳ.

405 4763 543 4803 nem
578 4745 721 4818 ipsis
736 4744 1027 4801 hirsutum
1042 4744 1740 4805 obviamfactum.cinctu
1756 4750 2007 4822 pelliceo
2042 4770 2055 4809 :

407 4853 542 4892 eum
556 4835 891 4909 jussisseut
919 4835 993 4890 ad
1025 4851 1159 4891 eum
1192 4836 1293 4907 qui
1318 4835 1561 4892 miserat
1590 4839 2058 4914 redirent,eique

406 4927 753 4985 nuntiarent
782 4925 966 4980 Deum
998 4925 1080 4980 ita
1121 4925 1255 4991 fari,
1316 4942 1477 4993 eum,
1536 4928 1766 4985 scilicet
1807 4931 1967 5001 quod
1997 4932 2059 4987 in

402 5016 622 5073 lsraelo
656 5013 859 5070 nullus
881 5015 958 5069 sit
1000 5015 1172 5082 Deus,
1226 5013 1359 5070 ideo
1420 5016 1658 5072 Baalum
1708 5020 2049 5076 consultum

397 5108 656 5165 misisse.
692 5106 817 5161 Non
847 5105 931 5160 ita
958 5103 1105 5159 fore.
1141 5104 1345 5176 Ipsum
1389 5104 1460 5161 de
1491 5105 1667 5173 lecto,
1703 5124 1880 5179 quem
1912 5126 2052 5165 con-

399 5195 752 5261 scendisset,
784 5209 1166 5266 nequaquam
1220 5192 1672 5251 descensurum.
1732 5199 2062 5270 Respondit

399 5285 679 5342 Ochozias
708 5284 898 5340 Eliam
950 5298 1087 5338 eum
1143 5281 1327 5339 fuisse
1379 5284 1739 5355 Thesbitam,
1772 5287 2053 5360 misitque

401 5377 560 5430 viros
582 5374 1015 5447 quinquaginta
1027 5389 1160 5429 cum
1181 5390 1288 5429 suo
1312 5374 1610 5445 praafecto.
1646 5376 1898 5433 Sedebat
1932 5383 2056 5436 tum

401 5461 562 5517 Elias
585 5463 646 5517 in
678 5464 900 5518 montis
929 5462 1168 5518 vertice.
1211 5463 1314 5519 Cui
1347 5480 1482 5520 cum
1540 5466 1855 5536 praafectus
1905 5468 2061 5526 180

404 5549 654 5606 dixisset
686 5567 700 5605 :
736 5574 759 5601 ;‹
794 5552 894 5606 Vir
924 5551 1047 5618 Dei,
1079 5568 1182 5609 rex
1214 5558 1269 5608 te
1302 5559 1489 5620 vocat,
1525 5554 1841 5623 descende,
1883 5581 1902 5605 ι
1935 5574 2060 5615 res-

408 5639 620 5713 pondit
644 5657 658 5697 :
689 5661 718 5690 ‹‹
742 5640 799 5698 Si
833 5657 937 5713 ego
969 5642 1056 5696 vir
1078 5640 1182 5698 Dei
1210 5641 1444 5705 sum,de
1465 5643 1613 5702 c0310
1636 5644 1786 5719 ignis
1808 5646 2060 5719 decidat,

414 5747 483 5787 ac
513 5735 570 5786 te
598 5745 734 5786 cum
760 5729 876 5786 tuis
907 5733 975 5785 50
996 5730 1136 5787 viris
1162 5733 1418 5804 perimat
1436 5731 1737 5808 “.nldque
1759 5739 1959 5796 statim
1981 5741 2063 5797 fa-

487 5829 534 5865 ⁶⁴
565 5830 638 5887 Ill
671 5832 809 5903 Reg.
839 5847 933 5900 xx,
966 5834 1042 5886 32.
1146 5832 1193 5868 ⁸⁵
1221 5835 1298 5890 ΙΙΙ
1327 5836 1469 5908 Reg.
1500 5853 1613 5908 xxx,
1640 5840 1727 5909 19,
1758 5856 1888 5915 sqq.

2170 3353 2287 3389 σου·
2338 3331 2428 3389 καί
2508 3335 2607 3403 τὴν
2691 3331 2926 3406 Ἰεζάϐελ
2992 3341 3393 3419 καταφάγονται
3451 3344 3504 3398 ol
3560 3345 3711 3409 κύνες
3768 3346 3823 3403 έν

2166 3427 2246 3496 τῷ
2293 3443 2720 3504 προτειχισματι
2808 3426 3072 3503 ’Ῑεσραέλ.
3106 3453 3134 3481 ι)
3219 3433 3395 3506 Ὅπερ
3459 3434 3549 3488 καὶ
3607 3434 3823 3512 γέγονε.

2168 3517 2249 3585 [Ρ.
2285 3516 2410 3586 102]
2444 3513 2709 3586 Ἐξελθὼν
2734 3516 2839 3593 γὰρ
2873 3518 3010 3589 μετά
3069 3518 3344 3594 βασιλέως
3401 3520 3583 3579 Ἰουδα
3631 3525 3825 3582 Ἰωσα-

2169 3602 2274 3680 φὰτ
2297 3600 2615 3675 πολεμῆσαι
2668 3604 2760 3659 τὸν
2793 3605 3021 3680 βασιλέα
3077 3608 3300 3684 Συρίας,
3356 3612 3627 3685 τοξεύεται
3683 3616 3822 3672 κατᾶ

2167 3696 2263 3776 τοῦ
2302 3692 2528 3761 ἥπατος,
2570 3693 2660 3748 καὶ
2719 3693 3011 3773 ὑποτρέφει
3067 3698 3205 3773 πρὸς
3266 3702 3595 3776 Σαμάρειαν,
3654 3702 3819 3768 αὐτὸς

2170 3772 2228 3831 δὲ
2255 3776 2499 3847 τελευτᾷ·
2533 3779 2596 3833 τὸ
2647 3775 2704 3833 δέ
2757 3780 2897 3854 αἷμα
2936 3772 3118 3837 αὐτοῦ
3156 3772 3545 3842 ἀπονίπτουσιν
3586 3772 3685 3843 ἰπὶ
3715 3797 3819 3860 τῆς

2167 3861 2380 3941 κρήνης
2411 3868 2742 3940 Σαμαρείας,
2793 3870 2883 3924 καὶ
2934 3868 3198 3942 ἐξέλειξαν
3229 3875 3280 3928 οἱ
3312 3873 3399 3937 ὕες
3454 3878 3541 3931 καὶ
3579 3877 3631 3933 οἱ
3662 3876 3823 3943 κύνες

2168 3955 2231 4010 τὸ
2262 3956 2400 4028 αἷμα
2429 3956 2617 4013 αὐτοῦ.
2652 3959 2861 4034 Μικρὸν
2921 3958 2977 4015 ’δὲ
3033 3961 3272 4026 κάτωθεν
3329 3964 3386 4019 al
3441 3964 3636 4041 πόρναι
3662 3966 3835 4023 ἑλού-

2170 4065 2330 4099 σαντο
2361 4045 2413 4099 ἐν
2456 4050 2537 4119 τῷ
2594 4042 2784 4119 αἵματι
2836 4046 3023 4106 αὐτοῦ.
3075 4051 3175 4105 Καὶ
3235 4050 3497 4124 Ἰεζάϐελ,
3559 4056 3665 4112 ἀπὸ
3722 4057 3823 4112 τοῦ

2167 4129 2387 4206 τείχους
2418 4135 2674 4203 πεσοῦσα,
2703 4138 2821 4197 τοῖς
2852 4134 2975 4190 κυσὶ
3012 4132 3352 4215 κατάϐρωμα
3382 4142 3569 4217 γέγονε
3599 4144 3735 4200 κατᾶ
3762 4145 3828 4200 τὸ

2171 4218 2324 4295 ῥῆμα
2356 4220 2573 4295 Κυρίου.

2242 4311 2505 4386 Ὀχοζίας
2533 4310 2649 4372 υἱὸς
2693 4307 2906 4389 Ἀχααϐ
2973 4320 3160 4390 κρατεῖ
3187 4321 3285 4372 τοῦ
3319 4317 3543 4393 Ἰσραήλ
3578 4317 3669 4391 ἔτη
3704 4319 3829 4383 δύο,

2171 4399 2346 4462 Οὗτος
2378 4398 2730 4475 ἡρῥώστηφε,
2768 4401 2857 4457 καὶ
2886 4402 3197 4461 ἀπέστειλεν
3226 4406 3495 4483 ἀγγέλους
3542 4409 3830 4486 ἐπερωτῆ-

2172 4509 2259 4544 σαι
2289 4487 2340 4544 έν
2373 4492 2442 4563 τῇ
2476 4489 2625 4546 Βάαλ
2661 4492 2870 4564 μυιάων
2898 4494 3026 4549 Θεὸν
3086 4496 3392 4570 Ἀκκάρων,
3428 4498 3478 4554 εἷ
3510 4502 3732 4571 ζήσεται
3768 4501 3831 4558 ἐκ

2169 4584 2269 4648 τῆς
2302 4578 2608 4652 άρρωστίας
2664 4578 2850 4638 αὐτοῦ.
2912 4582 3014 4639 Καὶ
3065 4580 3187 4640 ἲδοὺ
3245 4585 3437 4650 Ἠλίας
3496 4592 3827 4662 συνήντησεν

3653 4680 3827 4757 Ἀνήρ

2170 4752 2332 4821 δασὺς
2369 4760 2694 4829 συνήντησεν
2722 4761 2880 4833 ἡμῖν,
2921 4760 3012 4816 καὶ
3044 4763 3188 4835 ζώνη
3250 4752 3541 4841 δερμανίνη
3603 4767 3693 4823 ἐπὶ

2171 4846 2336 4922 ὀσφὺν
2362 4844 2549 4915 αὐτοῦ,
2582 4847 2671 4902 καὶ
2702 4849 2819 4903 εἷπε
2848 4851 2987 4924 πρὸς
3041 4854 3210 4924 ἡμᾶς’
3242 4856 3659 4932 Ἀποστράφητε
3689 4859 3833 4934 πρὸς

2169 4937 2259 4990 τὸν
2293 4934 2688 4993 ἀποστείλαντα
2722 4939 2882 5011 ὑμᾶς,
2915 4941 3007 4995 καὶ
3038 4938 3228 4998 ε’ίπατε
3284 4943 3451 5018 αύτῷο
3485 4943 3623 5003 Τάδε
3682 4944 3830 5022 λέγει

2173 5025 2390 5114 Κύριος
2422 5026 2518 5081 Διὰ
2549 5028 2613 5083 τὸ
2648 5029 2723 5100 μή
2781 5028 2910 5084 εἶναι
2945 5032 3076 5086 Θεὸν
3105 5031 3157 5086 έν
3189 5033 3437 5107 Ἰσραὴλ,
3491 5035 3554 5091 σὺ
3613 5037 3827 5114 πορεύῃ

2170 5113 2510 5203 ἐπερωτῆσαι
2542 5115 2595 5171 ἐν
2636 5120 2703 5203 τῇ
2738 5117 2885 5174 Βάαλ
2920 5138 2934 5189 ;
2985 5120 3110 5197 Ούχ
3140 5122 3336 5185 οὕτως.
3394 5124 3459 5180 Ἡ
3515 5124 3680 5195 κλίνη
3714 5124 3768 5181 ἐν

2170 5199 2395 5275 ἀνέόης,
2420 5205 2485 5260 ού
2505 5200 2789 5281 καταϐήσῃ
2818 5208 2910 5263 ἀπ’
2931 5208 3120 5279 αὐτῆς.
3150 5234 3177 5262 ››
3206 5213 3305 5268 Kal
3328 5215 3498 5268 εἶπεν·
3526 5239 3553 5268 ‹‹
3581 5214 3773 5277 Ἠλιας

2172 5287 2433 5363 Θισϐίτης
2466 5317 2495 5345 »
2527 5294 2659 5352 ἐστί.
2695 5295 2796 5355 Kal
2827 5295 3139 5377 ἀπέστειλεν
3180 5302 3485 5377 ἡγούμενον
3539 5324 3837 5376 πεντηκον-

2170 5382 2387 5462 τάρχην
2417 5384 2506 5439 καὶ
2537 5384 2669 5447 τοὺς
2699 5363 3033 5458 πεντήκξντα
3086 5390 3277 5450 αὐτοῦ.
3335 5392 3435 5449 Καὶ
3491 5392 3688 5457 Ἠλίας
3744 5393 3835 5452 ἐπὶ

2172 5479 2272 5541 τῆς
2303 5480 2554 5551 κορυφῆς
2590 5479 2687 5527 τοῦ
2741 5474 2922 5550 ὅρους.
2972 5478 3072 5534 Kal
3109 5480 3253 5536 εἶπεν
3286 5481 3314 5535 ὁ
3346 5485 3837 5561 πεντηκοντάρχης

2172 5561 2308 5636 πρὸς
2339 5562 2524 5617 αὐτόν·
2566 5589 2589 5617 α
2621 5564 2909 5639 Ἄνθρωπε
2935 5572 3033 5621 τοῦ
3092 5573 3247 5638 Θεοῦ,
3305 5570 3332 5625 ὁ
3370 5569 3626 5644 βασιλεὺς
3667 5572 3837 5631 καλεῖ

2171 5670 2248 5705 σε·
2280 5647 2574 5722 κατάϐηθι.
2610 5676 2640 5706 ››
2673 5654 2817 5729 Ηρὸς
2860 5656 2918 5711 ’ὸν
2981 5656 3192 5722 Ἦλίας·
3253 5684 3281 5711 ‹‹
3318 5659 3377 5716 El
3407 5658 3703 5736 ἄηθρωπος
3731 5671 3835 5724 τοῦ

2171 5739 2305 5799 Θεοῦ
2334 5741 2465 5821 ἐγὼ,
2524 5738 2884 5817 καταϐήςεται
2941 5750 3047 5824 πῦρ
3101 5748 3151 5821 ἐξ
3202 5750 3458 5827 ούρανοῦ,
3505 5753 3594 5811 καὶ
3657 5775 3835 5812 κατα-

1994 5845 2044 5883 ⁶⁶
2072 5848 2148 5906 ιν
2174 5851 2315 5925 Reg.
2352 5867 2395 5924 ι,
2428 5849 2453 5906 1
2487 5864 2621 5924 sqq.
