4142 6438
364 429 490 493 113

1516 431 2069 501 HISTORIAM”!
2111 430 2655 497 GOMPENDIUH.

3700 444 3820 509 2M

378 562 602 649 φάγεταί
628 586 689 622 σε
715 565 979 634 καὶτοὺς
1038 568 1377 643 πεντήκοντά
1434 592 1556 630 σου,
1601 596 1630 624 ››
1680 569 1784 629 Καὶ
1839 564 2010 625 κατέὁ

2118 616 2133 643 ι
2167 574 2329 625 ctum
2360 574 2467 625 est.
2500 569 2721 627 Eadem
2752 573 3080 628 evenerunt
3105 570 3180 628 iis
3212 571 3315 647 qui
3373 577 3634 636 secundo
3683 581 3814 641 loco

378 664 487 735 τ’ὖρ
515 658 568 731 ἒξ
599 659 865 736 ούρανοῦ,
896 661 993 718 καὶ
1038 660 1328 742 κατᾶφαγεν
1378 664 1540 719 αὐτὸν
1568 663 1658 719 καὶ
1690 661 1818 727 τοὺς
1847 663 2010 733 πεντή

2156 660 2323 716 missi
2354 660 2617 716 fuerunt.
2641 662 2874 719 Tertius
2904 679 3038 720 cum
3071 666 3140 719 50
3171 664 3313 720 viris
3344 666 3551 724 eodem
3592 671 3812 731 missus

378 770 543 805 κοντα
572 749 760 807 αιότοῦ.
795 751 993 815 Οὖτως
1031 751 1238 830 ἐγένετο
1270 753 1362 809 καὶ
1407 758 1526 815 τοῖς
1575 751 1868 829 δευτέροις.
1899 753 1962 809 Ὁ
1991 749 2010 806 ἓ

2154 747 2216 803 in
2250 753 2467 805 terram
2501 749 2839 822 procubuit,
2870 757 3183 824 vatemque
3214 752 3542 812 obtestatus
3582 765 3671 815 est
3720 763 3807 819 uti

378 840 567 915 τρίτος
622 842 1124 921 πεντηκοντάρχης
1179 838 1378 911 ἐλθὼν,
1435 841 1614 898 πεσὼν
1665 842 1749 897 ἐπὶ
1783 843 1884 909 τήν
1915 847 2045 916 γῆν,

379 926 579 1000 ἱδεγζθη
609 929 700 984 καὶ
732 930 905 986 εἶπεν⁸
935 935 1225 1006 Ἀνθρωπε
1269 934 1368 986 τοῦ
1401 936 1558 1001 Θεοῦ,
1585 931 1944 1005 ἐντιμωθτςτω
1977 928 2044 1000 δὴ

380 1021 416 1089 ἡ
444 1021 601 1095 ψυχή
648 1041 756 1093 μου
785 1018 875 1074 καί
901 1022 938 1090 ἡ
971 1022 1126 1096 ψυχὴ
1186 1024 1295 1077 τῶν
1351 1017 1586 1076 παιδίων
1621 1042 1716 1076 σου
1745 1020 1955 1076 τούτων
1988 1019 2043 1076 ἐν

380 1106 697 1187 οφθαλμοῖς
753 1130 872 1165 σου.
932 1110 1031 1164 Καὶ
1092 1109 1359 1181 ἐλάλησεν
1394 1109 1625 1187 ἃγγελος
1672 1110 1875 1185 Κυρίου
1906 1112 2042 1185 πρὸς

368 1182 596 1269 Ἠλίαν,
625 1198 718 1252 καὶ
773 1193 975 1269 κατέϐη
1043 1201 1160 1273 μετ’
1217 1201 1398 1255 αὐτῶν
1457 1202 1593 1276 πρὸς
1650 1201 1743 1255 τὸν
1788 1201 2039 1276 βασιλέα,

368 1286 461 1342 καὶ
493 1287 611 1342 εἷπε
638 1288 778 1343 κατὰ
807 1288 871 1343 τὸ
922 1287 988 1364 ῥῆ
1001 1310 1077 1361 μα
1118 1290 1182 1345 τὸ
1233 1283 1558 1365 ἔμπροσθεν’
1592 1291 1741 1355 ’Λνθ“
1771 1291 1844 1345 ὧν
1877 1289 2042 1361 ἐξαπ-

371 1374 625 1439 έστειλας
651 1375 925 1452 ἐπερωτᾷν
951 1381 1054 1446 τὴν
1108 1383 1292 1451 μυῖαν,
1342 1378 1585 1441 ἀποστὰς
1614 1379 1721 1435 ἀπὸ
1748 1384 1847 1434 τοῦ
1878 1384 2036 1449 Θεοῦ,

373 1466 626 1541 ἀποθανῇ
683 1464 746 1521 σὺ
805 1465 896 1521 καὶ
965 1466 1026 1522 οὗ
1086 1469 1248 1543 ζήσῃ.
1309 1466 1412 1525 Καὶ
1470 1467 1732 1524 ἀπέθανεν
1782 1469 2036 1543 ὐχοξίας

369 1555 511 1609 κατὰ
569 1555 633 1609 τὸ
694 1556 845 1630 ῥῆμα
902 1554 1123 1625 Ἠλίου,
1180 1556 1269 1611 καὶ
1324 1558 1658 1613 κατέπαυσεν
1690 1562 1799 1632 (87)
1845 1557 1897 1613 ἐν
1956 1562 2037 1630 τῷ

371 1642 637 1718 σπηλαίῳ
695 1643 991 1708 Μωυσέως.
1050 1645 1171 1701 Ἐπὶ
1230 1644 1431 1702 τούτου
1483 1650 1580 1703 τοῦ
1639 1648 1901 1723 Ὀχοζίου
1942 1645 2033 1702 λι-

368 1734 650 1806 μώξαντες
712 1735 765 1789 οἱ
821 1736 941 1789 κατ’
998 1732 1206 1807 ἐκείνην
1260 1735 1362 1804 τὴν
1419 1735 1758 1816 περίχωρον,
1807 1736 1876 1792 τὰ
1922 1733 2033 1791 ἴδια

362 1824 663 1900 σιριίξαντες
717 1823 871 1879 τέκνα
936 1825 1262 1903 κατέφαγον*
1340 1824 1394 1881 ἐν
1466 1825 1657 1902 κόπρῳ
1711 1827 1814 1904 γὰρ
1871 1846 2034 1902 περι-

354 1916 567 1987 στερῶν
600 1912 720 1967 ἀντὶ
754 1912 888 1974 ἁλὸς
923 1914 1225 1989 βάπτοντες
1258 1912 1530 1995 ἐχρῶντο.

437 2007 526 2060 Ἔν
562 2000 621 2058 δὲ
649 2009 731 2077 τῷ
783 2003 1314 2085 τετρακισχιλιοστῷ
1371 2006 1734 2079 ἑξακοσιοστῷ
1786 2002 2020 2083 δευτέρῳ

362 2089 470 2149 ’ίτει
500 2092 784 2173 ἀνελήφθη
845 2092 1058 2157 Ἠλίας.
1119 2097 1390 2160 Ἐντεῦθεν
1452 2095 1804 2171 ὑποστρέφων
1837 2096 2020 2151 Ἐλισ-

375 2181 492 2237 aut}
550 2183 623 2241 εἷς
703 2183 924 2263 Ἱεριχὼ
978 2185 1261 2259 θεραπεύει
1318 2187 1385 2242 τὰ
1440 2186 1658 2261 πονηρὰ
1710 2182 1875 2240 ὕδατα
1931 2182 2021 2240 διὰ

378 2270 540 2329 ἀλῶν.
574 2267 989 2337 ’Δναϐαίνοντος
1041 2272 1098 2330 δὲ
1154 2275 1231 2337 εἰς
1288 2274 1468 2344 Βεθήλ
1501 2273 1726 2346 ἐξῆλθον
1754 2272 2019 2351 παιδάρια

368 2361 531 2435 μικρᾶ
560 2360 618 2416 ἐκ
653 2368 755 2430 τῆς
812 2362 1035 2429 πόλεως
1083 2364 1173 2419 καὶ
1232 2363 1479 2435 ἐλίθαζον
1541 2363 1700 2420 αὐτὸν
1747 2363 1837 2419 καὶ
1884 2385 2017 2419 κατ-

357 2452 577 2522 έπαιζον
632 2453 822 2525 αὐτοῦ,
881 2453 975 2511 καὶ
1034 2452 1247 2531 ἔλεγονο
1314 2478 1335 2507 ι
1396 2450 1691 2525 Ἀνέὄαινε,
1749 2452 2016 2534 φαλακρὶ,

353 2539 634 2601 ἀνάϐαινε.
698 2568 724 2598 ο
786 2546 850 2604 Ὀ
907 2542 967 2601 δὲ
1050 2547 1397 2618 κατηράσατο
1481 2546 1679 2602 αὐτῶν
1747 2547 1838 2602 καὶ
1897 2543 2016 2601 ἰδοὺ

351 2634 587 2705 ἐξῆλθον
647 2632 744 2689 δύο
801 2634 989 2711 ἄρκτοι
1049 2634 1109 2691 ἐκ
1163 2640 1261 2691 τοῦ
1320 2634 1554 2712 δρυμοῦ,
1584 2635 1674 2690 καὶ
1728 2633 2016 2711 διέῥρηξαν

351 2724 403 2797 ἐξ
461 2724 647 2779 αὐτῶν
706 2725 1106 2800 τεσσαράκοντα
1158 2725 1248 2781 καὶ
1323 2722 1420 2780 δύο
1471 2722 1692 2787 παῖδας.
1752 2726 2014 2788 Κάκεῖθεν

351 2815 439 2887 [Ρ·
498 2816 623 2885 {03]
697 2812 1024 2889 ὑπέστρεψεν
1094 2814 1172 2878 εἷς
1236 2816 1570 2889 Σαμάρειαν.
1637 2813 1849 2884 Ταύτην
1910 2815 2011 2883 τήν

351 2898 664 2974 Σαμάρειαν
720 2901 748 2955 ὁ
805 2900 1058 2976 πέμπτος
1115 2899 1374 2978 βασιλεὺς
1435 2898 1655 2976 Ἰσραήλ
1714 2901 1885 2969 κτίζει
1936 2899 2012 2963 είς

349 2987 515 3045 πόλιν
572 2989 732 3061 (αὕτη
804 2988 865 3046 δέ
914 2990 1058 3047 ἐστιν
1108 2994 1144 3062 ἡ
1201 2995 1293 3047 νῦν
1348 2989 1662 3066 καλουμένη
1714 2985 2007 3064 Σεϐαστὴ),

347 3077 678 3153 ὶπωνόμασε
734 3078 793 3136 δὶ
848 3080 1016 3151 αὐτὴν
1077 3076 1282 3157 Σεϐἠρ,
1340 3081 1419 3145 εἷς
1472 3078 1649 3153 ὄνομα
1706 3076 1882 3156 Σεϐἁρ
1911 3081 2008 3135 τοῦ

345 3168 540 3241 κυρίου
566 3174 668 3225 τοῦ
701 3171 886 3247 ύρους.
943 3169 1079 3227 Τότε
1107 3171 1198 3227 καὶ
1248 3172 1313 3227 τὸ
1371 3175 1552 3245 θαῦμα
1581 3174 1678 3227 τοῦ
1708 3168 1899 3226 ἐλαίου
1928 3169 2009 3233 εἲς

345 3258 677 3330 πληθυσμὸν
736 3264 805 3333 τῇ
863 3261 1073 3337 γοναικὶ
1132 3258 1362 3317 δέδωκεν
1409 3258 1748 3331 Ἐλισσαῖος,
1798 3260 1891 3317 καὶ
1938 3260 2005 3317 τὰ

345 3351 486 3425 χρέα
518 3351 692 3419 αὐτῆς
742 3347 814 3406 δι’
866 3352 1036 3408 αὐτοῦ
1085 3356 1183 3408 τοῦ
1218 3349 1406 3406 ἰλαίου
1434 3348 1748 3427 ἐπλήρωσε,
1780 3351 1870 3406 καὶ
1901 3358 2002 3421 τῆς

343 3438 724 3513 Σωμανίτιδος
755 3441 848 3496 τὸν
908 3441 1025 3495 υἱὸν
1073 3440 1352 3512 ἀνέστησε.
1409 3439 1549 3497 Τότε
1590 3440 1681 3495 καὶ
1719 3442 1753 3509 ἡ
1783 3438 2001 3512 τολύπη

341 3534 460 3590 τοῖς
484 3530 798 3602 ἀνθρώποις
855 3528 1140 3607 φάρμακον
1198 3530 1256 3585 δν
1315 3526 1500 3599 ἐδόθη,
1530 3529 1620 3583 καὶ
1663 3529 1736 3583 δι’
1765 3527 2002 3605 ἀλεύρου

341 3619 698 3693 ἐθεραπεύθη.
763 3620 861 3676 Καὶ
920 3621 973 3675 οἱ
1028 3620 1262 3695 κρίθινοι
1317 3622 1365 3675 κ’
1420 3618 1575 3694 ἃρτοι
1631 3621 1720 3675 καὶ
1753 3620 1809 3674 αἱ
1848 3619 2005 3676 πέντε

341 3707 588 3773 παλάθαι
619 3714 727 3765 τῶν
780 3706 1025 3785 ῗσχάδων
1085 3708 1138 3765 ἐν
1196 3715 1314 3773 τοῖς
1370 3709 1562 3765 ἑκατὸν
1593 3704 1844 3784 ἀνδράσιν
1875 3708 2000 3765 ἐπε-

343 3819 647 3872 ρισσευσαν.
709 3799 814 3856 Καὶ
878 3803 975 3854 τοῦ
1040 3800 1254 3873 Νεεμᾶν
1314 3801 1349 3869 ἠ
1403 3797 1578 3873 λέπρα
1644 3797 2000 3873 ἐθεραπεύθη,

348 3894 523 3960 Γηεζῆ
585 3887 644 3944 δὲ
701 3885 896 3946 ἔλαϐεν
944 3891 1139 3966 ἱμάτια
1197 3890 1289 3947 καὶ
1344 3888 1575 3967 ἀργύρια
1631 3889 1722 3945 καὶ
1775 3892 1875 3960 τήν
1948 3890 1998 3962 ἐξ

340 3982 513 4038 αὐτοῦ
545 3982 775 4059 λέπραν.
804 3984 931 4040 Ἐπὶ
988 3981 1205 4045 τούτοις
1260 3982 1349 4039 καὶ
1390 3982 1490 4050 τήν
1551 3981 1732 4053 ἄξίνην
1763 3981 1873 4037 ἀπὸ
1901 3985 2000 4037 τοῦ

338 4068 615 4145 Ἰορδάνου
646 4070 906 4147 ἀνήγαγε,
936 4072 1025 4128 καὶ
1082 4071 1147 4128 τὶ
1202 4065 1391 4148 ἔνεδρα
1444 4074 1542 4126 τοῦ
1584 4068 1857 4146 βασιλέως
1890 4077 1999 4125 Συ-

336 4162 456 4240 ρίας
509 4162 808 4241 ἆνήγγειλε
861 4168 944 4237 τῷ
997 4160 1217 4240 βασιλεῖ
1263 4161 1513 4235 Ἰσραήλ.
1569 4163 1662 4220 Καὶ
1710 4167 1808 4220 τοῦ
1842 4164 2000 4238 βασι-

333 4252 478 4317 λὲως
534 4253 736 4329 Συρίας
790 4254 1178 4317 κυκλώσαντος
1236 4252 1396 4309 αὐτὸν
1430 4251 1507 4314 εἷς
1544 4253 1608 4309 τὸ
1641 4252 1773 4327 ὄρος
1802 4251 1889 4309 ἐπὶ
1918 4257 1998 4326 τῲ

327 4348 627 4419 κρατῆσαι,
662 4343 735 4406 ὡς
768 4340 912 4400 εἶδεν
943 4343 971 4397 ὁ
998 4341 1314 4418 λειτουργὸς
1365 4341 1642 4399 Ἐλισσαιὶ
1681 4340 1750 4398 τὰ
1781 4337 1997 4417 ἅρματα

331 4432 422 4488 καὶ
453 4433 556 4501 τήν
591 4430 842 4505 δύναμιν,
883 4427 1152 4514 ἐφοϐήθη,
1199 4430 1290 4487 καὶ
1348 4431 1486 4487 εἴπεο
1520 4430 1707 4507 Κύριε,
1740 4430 1795 4486 τί
1826 4432 1996 4502 ποιή-

332 4544 501 4597 σομεν
525 4542 540 4593 ;
564 4524 629 4579 ⁸0
653 4519 711 4578 δὶ
742 4522 875 4579 εἶπε·
913 4523 1005 4591 Μὴ
1038 4518 1237 4602 φοϐοῦ,
1257 4523 1342 4578 ὅτι
1373 4521 1601 4584 πλείους
1623 4522 1676 4577 οἱ
1707 4522 1822 4596 μεθ’
1842 4523 1992 4594 ἡμᾶς

335 4614 470 4687 ὑπὲρ
502 4610 645 4675 τοὺς
670 4613 784 4685 μετ’
840 4611 1037 4669 αὐτῶν.
1098 4612 1201 4669 Καὶ
1260 4610 1628 4687 προσηύξατο,
1660 4610 1750 4666 καὶ
1782 4612 1993 4683 ἤνοιξεν

331 4704 361 4759 ὁ
392 4703 532 4763 Θεὸς
584 4703 712 4762 τοὺς
767 4701 1085 4779 ὀφθαλμοὺς
1140 4704 1240 4758 τοῦ
1291 4697 1607 4776 παιδαρίου,
1666 4701 1755 4757 καὶ
1790 4697 1902 4756 εἶδε
1929 4701 1992 4756 τὸ

330 4791 463 4869 ὄρος
495 4790 631 4848 δλον
664 4789 872 4868 πλῆρες
898 4789 1090 4848 ἳππων
1121 4790 1211 4847 καὶ
1262 4791 1414 4868 ἅρμα
1467 4790 1640 4867 πυρὸς
1671 4788 1989 4867 περικύκλῳ

326 4882 630 4941 Ἑλισσαιὲ.
691 4876 1049 4939 Καταϐάντων
1137 4878 1195 4937 δὲ
1274 4882 1413 4956 πρὸς
1497 4880 1683 4951 αὐτὸν,
1737 4879 1989 4951 ἐπάταξεν

323 4971 525 5034 αὐτοὺς
554 4971 753 5045 Κύριος
786 4970 1035 5046 ἀορασίᾳ.
1079 4971 1183 5030 Καὶ
1231 4969 1402 5027 εἶπεν·
1451 4993 1480 5023 ι(
1507 4969 1804 5040 Ἑλισσαιὶ,
1838 4967 1989 5025 δεῦτε

323 5061 506 5118 ὀπίσω
565 5082 691 5134 μου.
729 5086 756 5112 ἰ
816 5060 921 5119 Καὶ
979 5060 1259 5138 ἀπήγαγεν
1318 5059 1513 5123 αὐτοὺς
1546 5060 1622 5123 είς
1657 5058 1984 5134 Σαμάρειαν,

318 5153 410 5207 καὶ
473 5150 780 5228 ἠνοίγησαν
836 5151 890 5205 οἱ
948 5149 1228 5231 ὀφθαλμοὶ
1285 5151 1491 5221 αὐτῶν,
1537 5150 1629 5205 καὶ
1687 5146 1851 5218 εἶδον,
1894 5148 1985 5205 καὶ

320 5239 446 5297 ἰδοὺ
488 5240 647 5297 αὐτοὶ
678 5240 731 5296 ἐν
768 5242 920 5316 μέσῳ
972 5239 1307 5316 Σαμαρείας.
1354 5242 1458 5299 Καὶ
1490 5239 1636 5297 εἶπεν
1670 5240 1697 5294 ὁ
1731 5238 1987 5316 βασιλεὺς

320 5330 659 5407 Σαμαρείαςο
692 5329 761 5388 Ei
788 5331 1031 5403 πατάξω,
1088 5330 1297 5407 πάτερς
1355 5331 1452 5387 Καὶ
1495 5330 1665 5388 εἶπεν.
1702 5353 1731 5383 ιι
1762 5330 1843 5387 Οὐ
1875 5349 1985 5384 πα-

381 5450 543 5513 σνιν
575 5453 718 5527 Reg.
761 5467 831 5518 ιι,
863 5452 955 5506 23.

2154 834 2267 891 sibi
2298 836 2541 908 suisque
2571 843 2881 909 parcerctr
2911 839 3136 895 Monuit
3164 846 3364 897 autem
3415 844 3664 912 angelus
3702 848 3807 904 Dei

2149 924 2338 982 Eliam
2368 932 2434 981 ut
2463 925 2887 995 descenderet;
2922 927 3092 1000 isque
3148 945 3281 985 cum
3313 930 3434 987 illis
3472 933 3547 988 ad
3602 952 3803 1008 regem

2150 1014 2468 1086 profectus,
2498 1016 2758 1087 priorem
2790 1032 3126 1073 sermonem
3156 1020 3416 1091 repetiit,
3466 1024 3625 1093 quod
3683 1026 3801 1082 Deo

2151 1104 2407 1167 deserto,
2427 1105 2501 1160 ad
2528 1105 2861 1178 principem
2885 1123 3221 1163 muscarum
3244 1111 3582 1168 consultum
3606 1115 3802 1171 misis-

2149 1199 2258 1265 set,
2320 1194 2453 1250 ideo
2480 1211 2602 1250 non
2631 1196 2949 1263 victurum,
2981 1197 3086 1252 sed
3123 1199 3502 1257 moriturum.
3536 1204 3800 1262 Mortuus

2148 1290 2239 1339 est
2259 1300 2396 1357 ergo
2418 1284 2698 1341 Ochozias
2721 1285 3051 1342 secundum
3065 1286 3241 1343 verba
3261 1290 3424 1359 Elim,
3441 1296 3499 1345 et
3512 1293 3802 1364 requievit

2143 1373 2207 1430 in
2239 1373 2524 1445 spelunca
2551 1373 2745 1429 Mosis.
2793 1375 2978 1447 Hujus
3020 1376 3285 1434 Ochoziaa
3342 1385 3513 1436 mtate
3572 1382 3798 1440 circum

2143 1466 2259 1521 ista
2283 1464 2412 1521 loca
2441 1465 2774 1521 incolentes
2802 1467 3053 1537 penuria
3083 1484 3151 1523 eo
3172 1468 3366 1535 adacti
3398 1477 3538 1527 sunt
3562 1478 3627 1527 ut
3657 1491 3799 1531 suos

2141 1555 2364 1611 liberos
2395 1561 2636 1612 necatos
2663 1556 3066 1625 comederent,
3091 1557 3231 1615 {imo
3253 1560 3667 1618 columbarum
3689 1581 3795 1636 pro

2142 1643 2262 1699 sale
2292 1643 2579 1701 adhibito.

2053 1946 2100 2010 Β
2208 1912 2366 1969 Elias
2386 1913 2449 1970 in
2471 1914 2686 2010 coelum
2708 1920 2912 1988 raptus
2934 1922 3025 1972 est
3046 1921 3433 2010 annoimundi
3456 1924 3617 1978 4602.
3641 1923 3788 1980 Inde

2126 2020 2398 2059 reversus
2428 2004 2675 2061 Elisaeus
2699 2006 3105 2064 Jerichuntem
3138 2009 3259 2065 sale
3290 2009 3511 2083 injecto
3543 2011 3786 2068 vitiosas

2126 2109 2311 2165 aquas
2342 2095 2616 2152 correxit.
2660 2096 2821 2152 Idem
2855 2114 2989 2154 cum
3044 2100 3352 2156 Bethelam
3407 2102 3783 2169 ascenderet,

2125 2184 2362 2255 pueruli
2394 2185 2541 2242 urbe
2571 2188 2793 2260 egressi
2821 2204 2957 2243 eum
2984 2188 3284 2261 lapidibus
3335 2191 3780 2263 impetiverunt,

2125 2278 2302 2345 atque
2322 2273 2643 2331 illuserunt
2662 2277 3043 2333 vociferando
3069 2295 3081 2332 :
3120 2299 3145 2330 ε
3175 2279 3458 2345 Ascende,
3483 2281 3668 2346 calve,
3692 2299 3782 2339 as-

2124 2361 2311 2419 cende
2332 2362 2398 2419 δτ.
2416 2385 2445 2413 ››
2468 2365 2580 2421 Eos
2602 2364 2852 2421 Elisaeus
2870 2383 3005 2422 cum
3030 2372 3187 2423 esset
3208 2374 3569 2435 exsecratus,
3585 2370 3782 2428 subito

2124 2470 2192 2509 ex
2225 2453 2371 2509 silva
2402 2453 2518 2509 duo
2544 2456 2671 2511 ursi
2702 2457 2924 2528 egressi
2958 2473 3177 2530 pueros
3209 2458 3602 2534 quadraginta
3633 2459 3783 2517 duos

2122 2542 2590 2615 discerpserunt.
2624 2545 2767 2599 Inde
2800 2546 3126 2602 Samariam
3177 2564 3450 2605 reversus
3480 2555 3590 2605 est.
3625 2552 3783 2607 Hanc

2122 2631 2330 2687 urbem
2356 2635 2599 2703 quintus
2623 2634 2936 2689 Israelicus
2957 2652 3062 2690 rex
3088 2637 3355 2692 condidit
3381 2655 3392 2691 :
3419 2654 3581 2694 nunc
3607 2639 3782 2697 Seba-

2120 2725 2208 2776 ste
2240 2722 2634 2793 appellantur,
2666 2723 2726 2777 id
2750 2729 2838 2778 est
2858 2726 3137 2795 Augusta.
3162 2725 3309 2782 181
3338 2728 3565 2782 Nomen
3595 2728 3647 2782 ei
3670 2729 3780 2784 im-

2117 2810 2317 2881 posuit
2373 2810 2572 2879 Seber,
2633 2827 2667 2866 a
2721 2813 2967 2867 nomine
3025 2813 3280 2881 Sebaris,
3341 2814 3440 2885 qui
3495 2816 3776 2875 dominus

2117 2900 2340 2955 montis
2367 2900 2495 2973 ejus
2516 2900 2647 2959 fuit.
2673 2903 2832 2957 Tunc
2852 2907 2909 2957 et
2937 2901 3137 2958 oleum
3164 2904 3533 2960 mulierculae
3566 2906 3772 2978 prodi-

2115 2991 2276 3063 giose
2290 2992 2709 3065 multiplicavit
2728 2993 2995 3062 Elisams,
3012 3010 3080 3050 ac
3104 3011 3171 3050 eo
3185 3013 3266 3051 aes
3291 2997 3554 3053 alienum
3578 2998 3766 3070 ipsius

2113 3078 2289 3137 diluit
2314 3099 2327 3149 ;
2361 3086 2420 3138 et
2441 3082 2632 3137 filium
2656 3083 3044 3139 Sunamitidis
3067 3086 3424 3142 exstinctum
3446 3087 3577 3142 vitm
3596 3088 3766 3144 resti-

2112 3170 2261 3237 tuit;
2295 3177 2353 3226 et
2382 3172 2756 3228 cucurbitam
2788 3173 3120 3231 silvestrem
3160 3176 3234 3231 ad
3260 3178 3622 3235 vescendum
3654 3180 3764 3235 ho-

2113 3261 2376 3317 minibus
2431 3263 2820 3333 propositam,
2882 3279 3016 3319 cum
3076 3265 3152 3320 sit
3207 3272 3516 3336 venenata,
3556 3269 3765 3325 farinae

2112 3350 2484 3423 inspersione
2540 3352 2896 3408 medicatam
2954 3369 3187 3411 vescam
3248 3355 3425 3424 fecit;
3457 3362 3517 3412 et
3558 3358 3765 3430 viginti

2113 3439 2367 3512 panibus
2396 3440 2743 3497 hordeaceis
2774 3458 2842 3497 ac
2871 3442 3137 3514 quinque
3169 3444 3499 3501 caricarum
3550 3447 3766 3503 massis

2111 3521 2349 3585 centum
2361 3529 2517 3585 viros
2531 3531 2836 3597 saturavit,
2850 3537 3167 3603 superante
3181 3531 3374 3590 adhuc
3387 3534 3535 3591 cibo.
3545 3535 3766 3592 Eadem

2113 3622 2463 3691 tempestate
2481 3620 2743 3676 Neeman
2767 3620 2934 3694 lepra
2954 3621 3241 3678 liberatus
3264 3630 3373 3690 est,
3400 3631 3457 3681 et
3474 3625 3681 3682 eadem
3703 3626 3766 3682 in

2112 3708 2342 3764 Geezim
2356 3708 2430 3763 ob
2442 3716 2714 3782 acceptas
2732 3717 2922 3766 vestes
2935 3716 3113 3783 atque
3131 3720 3439 3786 argentum
3456 3716 3763 3772 translata.

2111 3799 2405 3854 Praeterea
2448 3798 2499 3853 is
2549 3805 2707 3855 vates
2765 3806 2825 3856 et
2881 3802 3136 3857 securim
3199 3819 3268 3858 ex
3296 3804 3551 3863 Jordane
3581 3805 3764 3863 ﬂuvio

2110 3903 2412 3960 emergere
2464 3888 2624 3955 fecit,
2684 3894 2742 3943 et
2772 3890 3021 3947 insidias
3050 3892 3206 3967 regis
3263 3893 3389 3965 Syri
3424 3895 3547 3967 regi
3578 3896 3765 3953 Israe-

2109 3978 2225 4034 lico
2257 3980 2508 4051 aperuit.
2541 3979 2685 4035 Cum
2708 3986 2907 4037 autem
2929 3998 3035 4037 rex
3060 3983 3241 4054 Syriae
3263 3990 3455 4040 vatem
3478 3986 3537 4041 in
3559 3992 3761 4044 monte

2108 4069 2417 4126 obsidione
2432 4069 2733 4138 cinxisset,
2757 4070 2840 4126 uti
2868 4088 3004 4126 eum
3027 4072 3088 4127 in
3112 4089 3282 4130 suam
3304 4080 3658 4147 potestatem
3680 4094 3764 4135 re-

2108 4158 2353 4232 digeret,
2382 4158 2643 4215 famulus
2670 4158 2864 4214 Elisaai
2892 4162 3228 4232 conspectis
3250 4164 3524 4220 curribus
3574 4171 3632 4221 et
3661 4183 3763 4222 co-

2106 4251 2221 4323 piis
2240 4249 2567 4323 pertimuit.
2593 4249 3022 4322 dominumque
3043 4252 3274 4322 trepide
3296 4255 3522 4327 rogavit
3547 4256 3761 4328 ecquid

2105 4341 2196 4398 sui
2229 4339 2587 4397 defendendi
2614 4355 2792 4396 causa
2828 4340 3023 4396 facere
3067 4347 3332 4413 possent.
3390 4344 3565 4400 Vates
3617 4360 3757 4402 eum

2103 4430 2259 4487 bono
2293 4447 2421 4487 esse
2454 4431 2654 4487 animo
2679 4430 2894 4501 jussit:
2927 4430 3124 4503 plures
3169 4432 3329 4489 enim
3375 4432 3487 4489 sibi
3548 4434 3759 4492 adesse

2104 4537 2283 4593 quam
2311 4521 2603 4578 hostibus.
2639 4522 2913 4592 Deusque
2943 4521 3018 4577 ad
3047 4521 3235 4594 ipsius
3268 4540 3475 4595 preces
3530 4524 3757 4582 famulo

2103 4611 2303 4667 oculos
2325 4610 2575 4683 aperuit,
2597 4611 2679 4666 ita
2707 4616 2772 4667 ut
2801 4617 3073 4667 cerneret
3103 4619 3365 4668 montem
3398 4614 3568 4686 equis
3598 4615 3762 4671 obsi-

2026 4685 2069 4750 D
2101 4705 2225 4756 tum
2259 4706 2314 4756 et
2337 4700 2611 4756 Elisaaum
2631 4702 2802 4775 igneo
2835 4717 3014 4756 curru
3036 4685 3494 4759 circumdatum.
3529 4704 3758 4761 Deinde

2100 4810 2233 4850 cum
2267 4794 2341 4851 ad
2399 4795 2600 4850 hostes
2656 4793 2900 4849 Elisaeus
2958 4792 3271 4865 degressus
3327 4799 3504 4863 esset,
3547 4811 3755 4853 eorum

2100 4884 2304 4940 oculos
2335 4882 2490 4940 Deus
2537 4884 2800 4941 caecitate
2851 4883 3109 4954 quadam
3175 4885 3543 4955 perstrinxit,
3577 4887 3661 4942 ita
3689 4892 3755 4942 ut

2098 4975 2291 5031 Elisaai
2314 4975 2546 5031 monitu
2569 4991 2705 5030 cum
2732 4974 2860 5045 ipso
2883 4974 3210 5031 Samariam
3232 4975 3548 5039 intrarent,
3570 4975 3751 5048 idque

2099 5070 2223 5122 tum
2246 5064 2486 5120 demum
2505 5066 2815 5127 sentirent,
2840 5081 2977 5120 cum
3000 5065 3273 5121 essentin
3295 5065 3493 5123 media
3514 5080 3585 5121 ea
3604 5066 3749 5123 urbe

2098 5154 2427 5210 constituti.
2462 5153 2544 5208 Ibi
2574 5170 2710 5210 cum
2740 5169 2845 5208 rex
2896 5154 3157 5210 diceret:
3193 5176 3221 5205 ‹‹
3262 5154 3335 5209 Mi
3367 5160 3552 5226 pater,
3594 5171 3749 5211 anne

2096 5243 2219 5299 illis
2242 5259 2454 5299 manus
2470 5244 2715 5300 afferam
2736 5243 2805 5298 7»
2826 5243 3073 5300 Elisaaus
3090 5244 3291 5305 vetuit.
3317 5244 3637 5317 cibumque
3673 5245 3749 5302 iis

2096 5338 2155 5388 et
2186 5338 2389 5405 potum
2423 5333 2574 5390 182
2608 5333 2827 5406 apponi
2877 5333 3196 5390 mandavit.
3259 5333 3484 5399 Quibus
3540 5334 3746 5392 refecti

1527 5520 1891 5578 XYLANDRI
1929 5522 2017 5578 ET
2046 5521 2261 5581 GOARI
2300 5525 2523 5581 NOTAE.

380 5624 485 5700 (87)
519 5622 951 5701 Locum_hunc_
974 5624 1269 5701 asterisco
1289 5624 1589 5701 insignivi,
1624 5623 1765 5701 quia
1804 5640 1974 5701 prore
2085 5621 2221 5678 dem
2236 5621 3064 5696 Mosisfuissereceptaculum
3079 5623 3319 5695 quidam
3336 5624 3738 5687 crediderunt.

304 5694 430 5758 sum
461 5694 555 5758 est
582 5695 870 5758 mutilus.
907 5694 1095 5769 Yerba
1131 5698 1260 5753 hinc
1307 5699 1383 5757 ad
1412 5694 1616 5759 ‘Eliam
1642 5694 1729 5761 'iu
1759 5694 1974 5761 Herebi
2084 5710 2221 5769 ΧΠ..

299 5774 516 5836 montis
546 5772 858 5849 spelunca
887 5766 1339 5829 delitescentem
1364 5773 1580 5848 refero,
1600 5791 1779 5848 quam
1810 5787 1975 5834 eam-
