4142 6448
367 407 486 471 215

1730 400 2057 467 GEORGII
2098 399 2446 467 OIDRENI

3672 399 3795 462 216

365 541 442 599 ad
466 539 777 600 dominum
801 556 975 605 suum
998 539 1328 609 redierunt,
1347 556 1541 612 neque
1561 538 1634 597 ab
1659 555 1727 595 eo
1756 543 2020 612 tempore

2133 534 2330 606 τάξεις.
2366 535 2607 610 Παράθες
2667 531 2852 598 αὺτοῖς
2909 533 3073 611 ἄρτον
3132 531 3224 591 καὶ
3280 530 3449 608 ὕδωρ.
3486 556 3515 586 η
3557 531 3656 591 Καὶ
3689 554 3794 609 φα·

362 632 511 690 levis
542 632 846 703 Syriorum
877 637 1180 690 armatura
1227 631 1290 687 in
1342 629 1654 690 lsraelicos
1684 628 1871 686 ullam
1907 630 2023 686 im-

364 722 739 799 pressionem
767 720 930 778 fecit.

438 901 702 960 Ochosiae
731 903 1005 958 Joramus
1056 900 1242 958 frater
1300 899 1622 966 successit;
1656 899 1758 970 qui
1790 914 1924 955 cum
1958 914 2021 955 se

365 993 647 1049 adversus
702 994 887 1049 Deum
943 991 1100 1048 male
1164 996 1416 1064 gereret,
1476 990 1791 1057 duodecim
1846 989 2023 1044 annis

365 1099 547 1155 regno
578 1086 740 1155 gesto
771 1081 843 1136 ab
871 1081 1059 1136 Jehuo
1113 1085 1204 1136 est
1259 1080 1633 1136 interfectus.
1668 1081 1723 1134 Is
1753 1080 2022 1136 Joramus

363 1187 562 1244 regem
592 1171 982 1227 Moabitarum
1025 1172 1246 1226 Masam
1293 1170 1590 1227 devictum
1621 1186 1656 1225 a
1686 1186 1749 1224 se
1780 1168 2024 1224 tributa-

362 1261 519 1319 rium
550 1261 712 1328 fecit,
744 1261 1091 1332 accepitque
1117 1259 1189 1315 ab
1223 1276 1290 1315 eo
1327 1258 1649 1331 quotannis
1680 1258 1882 1314 tributi
1916 1274 2021 1313 no-

361 1352 526 1409 mine
549 1352 960 1424 agnos100000
982 1349 1349 1419 totidemque
1372 1349 1695 1404 arietes.Eo
1713 1352 2020 1420 regnante,

362 1441 521 1501 Elias
544 1440 644 1496 ille
665 1456 916 1512 magnus
969 1439 1031 1495 in
1074 1438 1289 1496 cmlum
1327 1438 1597 1497 sublatus
1627 1442 1735 1493 est.
1772 1437 1840 1492 Et
1868 1436 2027 1492 Ader

363 1531 546 1604 Syriae
589 1546 694 1585 rex
745 1529 908 1586 venit
954 1545 1022 1584 ac
1071 1528 1401 1584 Samariam
1453 1527 1874 1592 circumsedit;
1908 1542 2026 1598 qua

366 1620 680 1676 obsidione
705 1624 871 1675 tanta
890 1619 949 1673 in
970 1618 1117 1674 urbe
1140 1617 1326 1674 fames
1345 1618 1571 1673 exstitit
1590 1623 1658 1674 ut
1678 1621 1854 1689 caput
1875 1616 2025 1672 asini

366 1708 434 1765 30
465 1708 762 1781 argenteis
794 1708 1059 1763 nummis
1078 1708 1456 1763 venderetur.
1490 1709 1571 1763 Ea
1600 1706 2023 1771 durante,cum

365 1798 636 1853 Joramus
667 1812 905 1851 murum
928 1796 1141 1864 obiret,
1168 1796 1440 1868 quasdam
1471 1811 1607 1853 eum
1639 1794 1857 1850 mulier
1884 1810 2022 1849 con-

365 1890 527 1942 tenta
547 1900 686 1940 voce
709 1884 1129 1956 interpellavit,
1153 1906 1181 1934 ‹‹
1202 1882 2019 1956 Serva,inquiens,me,domi-

2135 1882 2302 1958 Κύριε
2337 1880 2583 1959 βασιλεῦ,
2617 1907 2645 1933 ››

365 1992 440 2030 ne
469 1991 595 2031 rex.
635 1996 659 2022 η
699 1976 750 2028 Is
780 1973 1090 2045 respondit
1118 1973 1230 2029 hoc
1270 1972 1513 2046 quidem
1542 1988 1578 2028 a
1609 1974 1725 2029 Deo
1758 1988 1887 2028 esse
1919 1990 2021 2044 po-

362 2064 707 2122 stulandum
734 2080 747 2118 :
772 2080 850 2120 an
872 2065 1033 2120 enim
1057 2069 1293 2135 putaret
1315 2062 1427 2119 sibi
1448 2062 1540 2118 vel
1567 2061 1639 2118 de
1668 2078 1808 2119 area
1836 2062 1928 2117 vel
1951 2062 2023 2118 de

361 2153 644 2209 torculari
668 2170 841 2225 posse
864 2170 1037 2225 Opem
1060 2153 1166 2209 abs
1189 2169 1325 2225 rege
1348 2152 1534 2208 ferri?
1558 2152 1765 2206 Mulier
1783 2168 2026 2223 respon-

361 2241 448 2297 dit
476 2242 627 2301 nihil
658 2242 772 2299 tale
832 2259 894 2297 se
959 2241 1498 2315 ﬂagitare.Muliere
1555 2241 1673 2297 alia
1702 2244 1793 2309 (ea
1821 2258 2023 2296 coram

359 2331 587 2401 aderat)
620 2332 703 2387 ita
727 2335 973 2404 rogante
1003 2347 1173 2385 suum
1208 2347 1270 2386 se
1320 2330 1450 2386 heri
1484 2329 1677 2386 tilium
1709 2336 2022 2397 mactasse,

358 2426 714 2493 coctumque
746 2420 818 2476 ab
843 2420 988 2492 ipsis
1011 2420 1410 2476 communiter
1438 2436 1567 2476 esse
1596 2420 2021 2475 manducatum

359 2528 431 2567 ea
460 2515 659 2566 autem
685 2527 746 2566 se
777 2509 836 2563 id
858 2510 986 2582 lege
1027 2509 1261 2578 fecisse,
1285 2515 1352 2564 ut
1396 2509 1682 2581 postridie
1713 2507 1818 2563 illa
1847 2525 2021 2564 suum

360 2601 434 2657 ad
465 2617 693 2657 cmnam
725 2600 1037 2673 praeberet,
1075 2616 1254 2672 quem
1307 2600 1484 2656 hodie
1517 2600 1647 2672 ipsa
1672 2599 2020 2657 abscondat.

360 2692 479 2747 Hoc
499 2690 699 2746 audito
724 2706 823 2746 rex
847 2690 1198 2746 vestimenta
1219 2706 1326 2746 sua
1347 2690 1647 2758 laceravit,
1680 2689 2021 2761 conspexit-

360 2797 474 2853 que
505 2779 761 2852 populus
788 2796 1025 2835 saccum
1074 2797 1191 2850 quo
1248 2779 1400 2834 cutis
1433 2779 1588 2852 regis
1620 2779 1839 2835 amicta
1869 2782 2014 2834 erat.

360 2872 514 2927 Diris
545 2877 745 2927 autem
778 2876 904 2926 tum
929 2871 1438 2926 exsecrationibus
1470 2887 1601 2927 sese
1631 2888 1735 2927 rex
1765 2870 2014 2939 devovit,

357 2962 476 3017 nisi
508 2978 577 3018 eo
608 2960 738 3032 ipso
798 2960 893 3015 die
953 2959 1235 3015 Elismum
1293 2961 1488 3033 capite
1544 2964 1900 3016 truncasset.
1935 2962 2018 3015 Ac

356 3049 523 3106 misit
552 3066 686 3105 eum
719 3049 821 3120 qui
852 3065 887 3103 a
917 3064 1052 3121 rege
1094 3053 1221 3104 erat
1251 3049 1463 3105 tertius
1493 3066 1561 3104 ac
1591 3049 1839 3104 intimus
1863 3050 2017 3121 regis

359 3138 617 3211 sat’elles.
678 3137 826 3193 Huic
882 3143 1039 3193 vates
1090 3138 1174 3193 ita
1228 3143 1319 3193 est
1377 3139 1647 3194 locutus:
1686 3159 1710 3190 α
1745 3140 1831 3193 Ita
1859 3137 2019 3193 fatur

357 3230 552 3285 Deus:
588 3228 729 3283 Cras
760 3228 869 3282 hac
900 3226 1108 3283 eadem
1157 3228 1305 3283 hora
1353 3244 1633 3284 mensura
1664 3228 1816 3284 183
1850 3227 2019 3283 simi-

2127 627 2320 704 γόντες
2350 623 2604 697 ἀπῆλθον
2631 625 2768 701 πρὸς
2797 624 2888 681 τὸν
2930 623 3120 701 κύριον
3166 623 3368 693 αὐτῶν,
3400 622 3490 683 καὶ
3523 622 3586 680 οὐ
3617 643 3795 699 προσ-

2127 717 2304 772 έθεντο
2344 710 2421 773 ἔτι
2478 717 2531 771 οἱ
2595 720 2899 791 μονοζωνοι
2959 715 3158 792 Συρίας
3213 718 3313 771 τοῦ
3365 712 3541 780 ἐλθεῖν
3587 712 3665 779 εἰς
3694 714 3792 773 τὸν

2131 804 2381 879 Ἰσραήλ.

2201 897 2353 955 Μετά
2406 893 2463 953 δὲ
2521 895 2778 972 Ὀχοζίαν
2837 891 3180 953 ἐϐασίλευσεν
3241 895 3508 972 ’ῐωρᾶμὸ
3546 894 3789 970 ἁδελφὸς

2131 986 2317 1054 αὐτοῦ,
2350 988 2439 1042 καὶ
2474 985 2699 1059 ἐποίησε
2755 987 2816 1042 τὸ
2869 986 3110 1062 πονηρὸν
3163 985 3395 1042 ἐνώπιον
3426 985 3653 1059 Κυρίου.
3689 986 3792 1042 Καὶ

2131 1074 2338 1156 ἐσφάγη
2412 1076 2517 1132 ὑπὸ
2576 1078 2781 1147 Ἰησοῦ,
2854 1074 3179 1151 βασιλεύσας
3248 1068 3342 1146 ἔτη
3413 1073 3660 1131 δεκαδύο·
3731 1074 3794 1139 ὅς

2134 1166 2398 1237 ὑποτάξας
2441 1165 2533 1222 τὸν
2582 1166 2738 1223 Μασᾶ
2799 1165 3027 1241 βασιλέα
3081 1159 3275 1237 Μωὰὗ,
3306 1164 3374 1235 ἦν
3406 1160 3706 1238 λαμϐάνων
3740 1164 3794 1235 ἐξ

2130 1255 2294 1313 αὐτοῦ
2334 1256 2498 1335 φόρον
2532 1258 2649 1312 κατ’
2709 1256 2978 1321 ἐνιαυτὸν,
3038 1257 3232 1331 ἀρνοὺς
3292 1253 3556 1337 χιλιάδας
3602 1256 3796 1312 ἑκατὸν

2129 1346 2219 1402 καὶ
2277 1349 2465 1423 κριοὺς
2525 1342 2787 1421 χιλιάδας
2847 1345 3066 1402 ἅκατόν.
3128 1347 3242 1424 Ἐφ’
3303 1345 3366 1402 οὗ
3421 1344 3707 1423 ἀνελήφθη
3763 1346 3797 1403 6

2134 1436 2298 1512 μέγας
2358 1433 2572 1497 Ἠλίας.
2636 1436 2737 1493 Kal
2806 1432 2972 1505 ἦλθεν
3040 1435 3067 1490 6
3139 1433 3393 1509 βασιλεὺς
3444 1433 3646 1506 Συρίας
3697 1434 3797 1490 καὶ

2130 1526 2503 1600 περιεκάθισεν
2563 1523 2651 1579 ἐπὶ
2712 1524 3041 1599 Σαμάρειαν,
3084 1524 3174 1580 καὶ
3231 1524 3424 1601 γέγονε
3480 1522 3646 1597 λιμος
3696 1523 3796 1598 μὲ-

2130 1636 2229 1690 γας
2284 1613 2425 1670 ὥστε
2485 1620 2758 1688 πραθῆναι
2817 1611 3063 1692 κεφαλὴν
3129 1608 3255 1668 ὄνου
3312 1612 3586 1689 ἀργυρίων
3638 1614 3796 1689 τριά-

2129 1724 2312 1760 κοντα.
2348 1702 2452 1759 Καὶ
2511 1703 2577 1773 ἦν
2640 1703 2847 1778 Ἰωρὰμ
2899 1699 3356 1778 διαπορευόμενος
3414 1700 3501 1758 ἐπὶ
3546 1707 3645 1758 τοῦ
3675 1702 3797 1760 τεί-

2131 1812 2289 1868 χους,
2350 1793 2456 1850 Καὶ
2523 1793 2661 1869 γυνή
2721 1812 2806 1853 τις
2864 1786 3062 1862 ἐϐόησε
3117 1792 3253 1868 πρὸς
3296 1790 3474 1853 αὐτόν.
3509 1815 3539 1844 ‹‹
3580 1796 3800 1855 Σῶσον,

2698 1879 2795 1937 Καὶ
2863 1881 3177 1955 ἀποκριθεὶς
3223 1880 3362 1936 εἶπε·
3398 1882 3489 1951 Μὴ
3526 1880 3693 1937 σῶσαί
3737 1902 3801 1937 σε

2135 1969 2358 2048 Κύριος·
2391 1971 2554 2036 πόθεν
2599 1976 2759 2026 σῶσω
2792 1989 2888 2041 σε;
2924 1971 3018 2041 Μὴ
3080 1971 3186 2026 άπὸ
3242 1976 3341 2040 τῆς
3372 1968 3585 2032 ἅλωνος
3615 1972 3651 2041 ἢ
3686 1971 3804 2026 ἀπὸ

2130 2068 2230 2130 τῆς
2265 2059 2470 2132 ληνοῦς
2508 2084 2535 2111 ››
2594 2059 2699 2117 Καὶ
2757 2080 2921 2139 φησιν
2981 2062 3017 2129 ἡ
3069 2060 3231 2134 γυνή·
3272 2082 3298 2112 ιι
3329 2057 3498 2135 Οὐχὶ,
3545 2058 3797 2134 βασιλεῦ.

2135 2154 2217 2226 [Ρ.
2255 2154 2379 2225 104]
2436 2148 2593 2208 Ἀλλ’
2622 2152 2657 2221 ἡ
2691 2150 2830 2226 γυνή
2889 2148 3026 2220 αὕτη
3085 2149 3203 2204 εἷπὲ
3263 2170 3382 2224 μοι,
3423 2150 3524 2211 Δὸς
3554 2149 3644 2204 τὸν
3678 2149 3805 2205 υἱόν

2134 2262 2253 2308 σου,
2280 2240 2582 2321 φαγώμεθα
2611 2239 2775 2295 αὐτὸν
2807 2241 3073 2315 σήμερον,
3122 2238 3211 2294 καὶ
3263 2239 3355 2294 τὸν
3399 2238 3516 2294 υἱόν
3553 2260 3662 2312 μου
3693 2236 3800 2294 αὕ-

2133 2351 2273 2402 ριον·
2313 2329 2403 2385 καὶ
2461 2330 2757 2404 ἑψήσαντες
2814 2328 2977 2385 αὐτὸν
3034 2330 3164 2405 χθὶς
3224 2329 3517 2406 ἱφάγομεν,
3571 2326 3658 2384 καὶ
3691 2329 3798 2399 σή-

2137 2440 2298 2495 μερον
2330 2414 2529 2494 ἔκρυψε
2558 2421 2648 2476 τὸν
2693 2420 2806 2475 υἱὸν
2858 2419 3047 2489 αὐτῆς.
3083 2442 3112 2471 ››
3163 2421 3337 2493 ’Όπερ
3367 2419 3599 2481 ἀκούσας
3635 2420 3799 2494 βασι-

2131 2509 2258 2572 λεὺς
2302 2509 2551 2587 διὲῥρηξε
2603 2510 2672 2565 τὰ
2726 2508 2921 2583 ἱμάτια
2972 2505 3159 2579 alieni},
3213 2508 3306 2564 καὶ
3362 2505 3499 2563 εἶδεν
3557 2509 3586 2565 6
3654 2507 3795 2573 λαὸς

2128 2602 2220 2658 τὸν
2249 2603 2449 2657 σάκκον
2482 2600 2569 2657 ἐπὶ
2628 2604 2727 2665 τῆς
2787 2599 2984 2674 σαρκὸς
3042 2598 3208 2677 αὐτοῦ
3253 2595 3473 2658 ἔσωθεν.
3507 2599 3612 2655 Kal
3647 2600 3790 2655 ἀπο-

2129 2691 2335 2767 κριθεὶς
2365 2691 2505 2746 εἷπε·
2560 2715 2588 2743 ‹‹
2620 2687 2757 2744 Τάδε
2812 2690 3031 2760 ποιήσει
3094 2709 3188 2763 μοι
3249 2689 3277 2744 6
3335 2689 3488 2758 Θεὸς,
3541 2689 3631 2744 καὶ
3659 2686 3795 2746 τάδε

2130 2785 2419 2862 προσθείη,
2453 2782 2500 2838 εί
2532 2785 2791 2853 στήσεται
2844 2784 2879 2847 ἡ
2938 2780 3151 2859 κεφαλή
3200 2780 3512 2838 Ἐλισσαίου
3543 2783 3789 2854 σήμερον

2131 2876 2215 2933 ἐπ’
2244 2874 2413 2947 αὐτῷ.
2448 2897 2477 2925 ››
2509 2873 2613 2930 Καὶ
2645 2869 2931 2927 ἀπέστειλε
2985 2872 3080 2927 τὸν
3140 2871 3432 2945 τριστάτην
3466 2874 3582 2945 (88)
3613 2869 3695 2951 ἐφ’
3726 2872 3790 2928 ’ὀν

2128 2964 2515 3021 ἐπανεπαύετο.
2586 2960 2685 3016 Καὶ
2753 2963 2878 3017 εἶπε
2942 2960 3082 3034 πρὸς
3147 2960 3309 3016 αὐτὸν
3380 2961 3407 3014 6
3470 2963 3789 3036 προφήτης.

2128 3077 2157 3106 κ
2196 3050 2333 3109 Τάδε
2362 3051 2508 3128 λέγει
2541 3050 2768 3124 Κύριος
2812 3047 3040 3123 Αὕριος,
3073 3049 3150 3112 ὡς
3180 3052 3216 3120 ἡ
3249 3046 3369 3125 ὥρα
3398 3050 3560 3121 αὕτη,
3591 3050 3792 3126 μέτρον

2126 3140 2469 3217 σεμιδάλεως
2510 3137 2705 3195 σίκλου
2764 3140 2852 3193 καὶ
2911 3136 3164 3213 δίμετρον
3225 3145 3420 3213 κριθῆς
3480 3136 3674 3194 σίκλου
3735 3138 3791 3196 ἐν

2124 3237 2245 3294 ταῖς
2303 3229 2505 3292 πύλαις
2562 3228 2896 3304 Σαμαρείας.
2931 3251 2960 3281 »
3019 3228 3127 3284 Kal
3185 3229 3335 3284 εἶπεν
3398 3228 3426 3283 6
3472 3228 3788 3303 τριστάτης·

358 3317 571 3391 laginis
603 3317 748 3372 siclo
782 3321 840 3371 et
871 3316 1002 3373 duae
1029 3332 1325 3373 mensurae
1348 3316 1557 3373 hordei
1589 3317 1734 3372 siclo
1766 3316 2020 3372 venden-

2138 3284 2244 3294 --η
2491 3284 2504 3292 .
2648 3284 2659 3297 .
2728 3284 2737 3304 .
3506 3284 3516 3303 .
3656 3284 3659 3285 ν
3719 3284 3763 3300 ..

2131 3346 2156 3374 ι(
2187 3320 2253 3378 Εἰ
2303 3318 2500 3390 ἀνοίξει
2561 3318 2765 3394 Κύριος
2828 3318 2958 3379 τοὺς
2995 3316 3370 3393 καταρράκτας
3398 3321 3497 3372 τοῦ
3528 3318 3787 3389 οὐρανοῦ,

353 3413 450 3465 tur
474 3408 538 3463 in
584 3407 773 3480 portis
804 3407 1105 3463 Samariaa.
1140 3429 1169 3458 »
1225 3414 1302 3464 At
1357 3406 1456 3463 ille
1485 3406 1753 3463 satelles:
1790 3428 1818 3455 «
1850 3407 1931 3461 Ne
1964 3405 2013 3461 si

353 3497 599 3569 quidem
618 3496 914 3553 ienestras
945 3495 1075 3552 caeli
1107 3496 1335 3569 aperiat
1365 3498 1540 3562 Deus,
1558 3497 1670 3551 hoc
1692 3495 1815 3551 ullo
1840 3495 2014 3550 modo

358 3586 488 3642 fieri
511 3590 768 3658 potest.»
797 3585 1046 3640 Elisaeus
1069 3590 1307 3641 contra:
1333 3606 1355 3638 α
1385 3586 1555 3653 Sane,
1578 3584 1915 3657 inquit,hoc
1935 3584 2017 3640 ita

358 3674 490 3730 ﬁeri
540 3673 729 3730 oculis
760 3673 877 3728 tuis
908 3672 1152 3739 videbis,
1187 3691 1383 3746 neque
1432 3679 1632 3730 tamen
1681 3672 1817 3728 inde
1850 3672 2018 3744 quid-

361 3780 541 3837 quam
580 3762 864 3836 gustabis.
902 3785 930 3814 ››
965 3764 1045 3820 Ea
1101 3764 1231 3835 ipsa
1289 3769 1461 3820 nocte
1493 3770 1747 3836 quatuor
1797 3763 2016 3836 leprosi

366 3854 468 3926 qui
503 3853 577 3909 ad
607 3853 773 3909 urbis
804 3858 1037 3925 portam
1069 3853 1441 3921 desidebant,
1474 3854 1631 3911 fame
1654 3854 1916 3926 superati
1944 3854 2020 3909 ad

364 3945 566 4000 hostes
600 3943 966 4015 transfugere
998 3949 1353 4002 statuerunt.
1380 3945 1421 4000 li
1445 3963 1579 4001 cum
1611 3962 1718 4017 per
1744 3945 2020 4001 tenebras

363 4035 645 4107 Syrorum
677 4039 872 4090 castra
901 4038 1099 4090 essent
1128 4035 1398 4108 ingrcssi,
1432 4036 1735 4091 neminem
1774 4035 2019 4090 omnino

362 4124 668 4179 hominem
701 4122 782 4178 ibi
828 4129 1197 4196 repererunt.
1240 4125 1477 4180 Etenim
1525 4126 1677 4181 Deus
1707 4126 1930 4181 fecerat
1956 4130 2024 4182 ut

362 4214 424 4269 in
456 4212 529 4269 iis
561 4213 770 4269 castris
803 4214 1035 4269 sonitus
1058 4231 1361 4283 curruum,
1384 4232 1673 4287 equorum
1704 4216 2020 4289 magnique

362 4304 654 4360 exercitus
681 4304 1025 4373 audiretur;
1078 4321 1193 4376 quo
1244 4307 1542 4377 perterriti
1577 4306 1702 4377 Syri
1743 4306 2022 4362 omnibus

363 4391 539 4449 rebus
591 4392 817 4447 relictis
868 4393 931 4448 in
983 4393 1244 4449 tenebris
1300 4395 1635 4467 profugere.
1677 4397 1864 4460 Quam
1895 4412 2021 4451 rem

365 4498 500 4538 cum
560 4482 776 4553 leprosi
836 4482 899 4536 in
953 4482 1163 4538 urbem
1219 4484 1686 4552 renuntiassent,
1726 4484 1893 4541 misit
1922 4502 2023 4540 rex

366 4571 656 4644 quosdam
675 4572 1044 4643 exploratum
1065 4589 1220 4630 anne
1238 4573 1299 4630 id
1314 4574 1601 4631 indicium
1623 4590 1825 4630 verum
1843 4580 2018 4631 esset.

2126 3410 2188 3467 οὗ
2221 3411 2298 3483 μὴ
2326 3405 2471 3464 ἔσται
2503 3412 2687 3464 τοῦτο.
2724 3431 2752 3459 ››
2806 3408 2867 3466 Ὀ
2918 3404 2976 3464 δὲ
3015 3404 3324 3469 Ἐλισσαῖος
3364 3406 3545 3485 φησίν·
3581 3431 3607 3460 (ι
3644 3406 3788 3465 Ἰδοὺ

2126 3496 2248 3576 ὅψει
2278 3505 2397 3562 τοῖς
2437 3495 2751 3578 ὀφθαλμοῖς
2783 3518 2903 3565 σου,
2948 3496 3040 3552 καὶ
3104 3496 3302 3562 ἐκεῖθεν
3333 3497 3397 3552 οὐ
3435 3499 3512 3571 μὴ
3545 3519 3717 3575 φαγῃ.
3752 3520 3780 3553 ι

2126 3589 2233 3646 Καὶ
2294 3584 2486 3662 ἄνδρες
2545 3586 2740 3659 λεπροὶ
2798 3588 3051 3659 τεσσαρες
3102 3585 3249 3660 παρὰ
3304 3585 3403 3655 τήν
3444 3584 3625 3657 πύλην
3680 3594 3784 3658 τῆς

2127 3676 2345 3739 πόλεως
2410 3676 2733 3748 καθήμενοι,
2787 3674 2874 3729 καὶ
2952 3674 3046 3730 τὸν
3136 3672 3303 3746 λιμὸν
3363 3675 3441 3748 μή
3500 3675 3785 3754 φέροντες,

2127 3761 2523 3822 ἐϐουλεύσαντο
2582 3765 2720 3840 πρὸς
2755 3762 2882 3824 τοὺς
2941 3761 3213 3826 ἐναντίους
3246 3763 3649 3836 αὐτομολῆσαι,
3687 3767 3792 3822 Καὶ

2130 3853 2504 3917 διαναστάντες
2537 3852 2589 3909 ἐν
2648 3857 2727 3926 τῷ
2777 3849 2956 3909 σκὸτει
3016 3851 3274 3923 εἷο-’ἦλθον
3322 3852 3399 3915 εἷς
3440 3854 3543 3923 τήν
3574 3874 3790 3928 παρεμο

2129 3939 2305 4014 ϐολήν
2341 3942 2562 4017 Συρίας.
2617 3942 2716 3998 Καὶ
2776 3939 2894 3998 ἰδοὺ
2955 3941 3054 3998 οὐκ
3110 3942 3176 4012 ἦν
3229 3941 3365 4014 ἀνὴρ
3401 3940 3532 4008 ἐκεῖ,
3566 3942 3648 3998 ὅτι
3680 3944 3796 4001 Κύ-

2131 4056 2249 4111 ριος
2276 4034 2546 4104 ἀκουστὴν
2608 4031 2836 4104 ἐποίησε
2885 4033 2985 4103 τήν
3046 4026 3408 4108 παρεμϐολὴν
3439 4031 3640 4106 Συρίας
3673 4055 3796 4109 φω-

2129 4126 2226 4194 νὴν
2257 4123 2514 4202 ἁρμάτων
2546 4123 2637 4179 καὶ
2669 4120 2857 4178 ’ίππων
2917 4120 3007 4177 καὶ
3068 4118 3352 4194 δυνάμεως
3382 4120 3653 4196 μεγάλης.
3689 4124 3795 4181 Καὶ

2129 4210 2436 4288 ἀπέδρασαν
2516 4210 2569 4267 ἐν
2644 4215 2722 4283 τῷ
2797 4209 2976 4267 σκότει
3053 4210 3270 4279 πάντες,
3369 4210 3795 4287 καταλείψαντες

2130 4304 2357 4362 ἃπαντα.
2417 4302 2514 4358 Καὶ
2565 4305 2673 4357 τῶν
2732 4306 2948 4377 κεπρῶν
3007 4296 3456 4378 διασαφησάντων
3507 4300 3560 4357 ἐν
3587 4305 3655 4375 τῇ
3687 4303 3791 4358 πό-

2131 4392 2239 4465 λει,
2271 4391 2583 4449 ἀπέστειλεν
2614 4393 2642 4447 6
2677 4389 2931 4467 βασιλεὺς
2961 4396 3166 4468 γνῶναι
3198 4390 3244 4444 εἱ
3286 4390 3502 4462 ἀληθὴς
3533 4392 3561 4447 6
3595 4389 3785 4467 Λόγος.

2133 4484 2233 4540 Καὶ
2294 4479 2641 4556 πορευθέντες
2700 4478 2877 4539 ὀπίσω
2936 4483 3032 4536 τοῦ
3089 4477 3364 4557 βασιλέως
3426 4481 3623 4553 Συρίας
3682 4476 3791 4545 ἕως

2133 4576 2230 4628 τοῦ
2257 4568 2554 4646 Ἰορδάνου,
2615 4567 2736 4625 ἱδοὺ
2791 4576 2955 4639 πᾶσα,
3015 4571 3050 4641 ἡ
3111 4566 3237 4633 ὁδὸς
3296 4569 3522 4646 πλήρης
3555 4570 3791 4644 ἱματίων

364 4660 473 4724 Qui
505 4660 658 4733 regis
689 4661 816 4732 Syri
844 4661 1088 4734 vestigia
1111 4679 1299 4734 usque
1326 4663 1401 4719 ad
1429 4663 1746 4719 Jordanem
1779 4664 2020 4723 ﬂuvium

2131 4664 2220 4720 καὶ
2281 4668 2485 4718 σκευῶν
2549 4662 2623 4717 ὢν
2665 4654 2881 4737 ἔρῥιψεν
2936 4658 2988 4716 ἐν
3042 4664 3122 4733 τῷ
3177 4654 3502 4734 θαμϐεῖσθαι
3571 4660 3793 4729 αὐτούς.

365 4748 555 4806 secuti
611 4754 795 4806 totam
852 4750 1006 4806 viam
1062 4752 1322 4808 vestibus
1401 4758 1460 4807 et
1523 4752 1676 4808 vasis
1732 4752 2021 4826 repletam

363 4839 661 4910 viderunt,
714 4858 846 4913 qum
895 4841 1262 4913 trepidantes
1314 4842 1467 4899 inter
1515 4843 1859 4917 fugiendum
1894 4845 2017 4916 Syri

364 4930 789 5003 abiecerant“.
816 4931 1303 5004 Exploratoribus
1321 4933 1571 4988 reversis
1594 4934 1849 5006 populus
1875 4934 2021 4990 urbe

366 5037 428 5077 se
461 5020 535 5077 ad
565 5022 825 5079 hostium
857 5027 1051 5078 castra
1080 5022 1418 5095 diripienda
1456 5023 1685 5082 eﬂ’udit.
1717 5027 1909 5098 Atque
1940 5026 2024 5081 ita

366 5118 487 5170 tum
517 5111 763 5185 impleta
814 5118 954 5170 sunt
1012 5129 1143 5185 quas
1203 5113 1274 5170 de
1332 5114 1555 5170 vilitate
1613 5131 1867 5173 annonae
1915 5133 2022 5189 per

436 5212 484 5249 5'
515 5215 586 5271 IV
617 5213 756 5287 Reg.
792 5229 866 5281 v1,
899 5216 951 5269 7.

2133 4752 2231 4810 Kal
2302 4750 2753 4827 ὑποστρεψάντων
2808 4754 2916 4805 τῶν
2974 4748 3420 4822 ἀπεσταλμένων,
3481 4749 3701 4821 ἐξῆλθεν
3763 4754 3793 4808 6

2132 4842 2263 4905 λαὸς
2293 4849 2396 4913 τῆς
2418 4840 2633 4903 πόλεως
2691 4839 2783 4896 καὶ
2843 4836 3112 4913 διήρπασε
3139 4840 3238 4909 τήν
3289 4835 3653 4916 παρεμϐολήν
3683 4849 3798 4899 Συ-

2134 4932 2274 5007 ρίας,
2328 4932 2419 4986 καὶ
2477 4931 2684 5006 ἐγένετο
2756 4928 2952 5007 μέτρον
3041 4926 3385 5004 σεμιδάλεως
3439 4928 3632 4986 σίκλου
3698 4932 3793 4988 καὶ

2130 5019 2384 5098 δίμετρον
2414 5023 2606 5096 κριθῆς
2666 5017 2859 5076 σίκλου
2924 5019 3061 5077 κατὰ
3116 5018 3179 5075 τὸ
3238 5020 3393 5095 ῥῆμα
3425 5022 3791 5096 Κυρίου.Τεῢ

2130 5109 2187 5169 δὲ
2246 5110 2515 5188 βασιλέως
2576 5111 3010 5181 καταστήσαντος
3060 5106 3153 5165 τδν
3206 5110 3500 5185 τριστάτην
3557 5108 3647 5168 ἐπὶ
3687 5119 3793 5184 τῆς

1570 5286 1937 5345 XYLANDRI
1976 5287 2063 5344 ET
2102 5286 2319 5343 GOARI
2358 5285 2580 5343 NOTAE.

440 5374 553 5443 (88)
581 5358 750 5446 cf")?!
772 5374 857 5429 sic
888 5372 1170 5446 Hebraice
1196 5371 1352 5428 docti
1373 5374 1879 5446 interpretantur:
1915 5393 2024 5431 no-

376 5458 513 5518 men
539 5445 697 5518 enim
728 5462 763 5500 a
803 5444 1065 5518 ternario
1098 5450 1205 5502 est.
1238 5444 1849 5518 Iosephus—Antiqua.
1886 5464 1963 5517 1x,
1993 5450 2022 5502 3

367 5512 556 5589 τρίτης
592 5514 1078 5589 μοίραςίὴγεμόναῗ
1110 5512 1439 5589 transtulit.
1494 5519 1683 5574 tertiae
1715 5512 2022 5589 copiarum

369 5587 541 5661 parti
560 5587 964 5661 praepositum.
986 5588 1182 5644 Suidm
1208 5588 1502 5661 τριστάτης
1533 5596 1625 5645 est
1653 5587 1905 5661 stipator
1923 5596 2025 5646 aut

372 5656 613 5714 satelles
635 5656 851 5731 regius,
872 5665 1072 5715 ternas
1094 5656 1277 5717 manu
1298 5656 1499 5718 hastas
1521 5656 1760 5719 tenens.
1793 5661 1929 5718 XYL.
1954 5694 2023 5703 -

369 5729 724 5802 ιωυτυωισ
752 5731 1058 5801 Xylander
1112 5749 1178 5787 ac
1231 5733 1459 5790 mutila.
1509 5734 1755 5806 Proprie
1784 5751 1919 5790 vero
1950 5751 2021 5791 ac

2136 5375 2365 5446 integre
2396 5375 2546 5446 misit
2590 5390 2723 5446 rer
2750 5373 3008 5446 triarium
3066 5370 3196 5446 (seu
3254 5372 3652 5446 triumviruml
3704 5379 3799 5433 cui

2134 5442 2494 5501 innitebatur.
2530 5444 2801 5500 Sanctius
2846 5444 2909 5499 in
2933 5442 3100 5516 HReg.
3135 5442 3239 5499 lib.
3270 5443 3564 5516 τριστάιτην
3598 5445 3795 5503 inter-

2134 5518 2725 5591 pretaturtriurium,
2787 5531 2817 5569 e
2872 5514 3069 5591 tribus
3127 5514 3419 5591 ministris
3452 5533 3661 5591 unum,
3695 5521 3792 5591 cui

2134 5587 2299 5715 stans
2329 5590 2419 5646 vel
2452 5588 2767 5646 ambulans
2798 5603 2904 5659 per
2958 5587 3114 5643 vices
3172 5603 3277 5644 rex
3334 5587 3566 5646 solebat
3589 5590 3788 5648 inniti.

2152 5678 2310 5715 JOAR.

2152 5678 2310 5718 κομι.
