4142 6428
284 388 402 452 117

1417 386 1780 450 HISTORIA
1795 384 1975 451 BUM
2017 384 2575 459 COMPENDIUM.

3595 394 3717 455 818

289 520 494 595 πύλης,
524 518 902 597 συνεπάτησεν
932 519 1092 581 αὐτὸν
1142 520 1171 578 ὃ
1218 519 1355 585 λαὸς
1410 519 1522 597 (καὶ
1586 517 1834 591 ἀπέθανε)
1866 520 1941 596 μὴ

2056 525 2250 577 vatem
2272 522 2428 581 Deus
2457 521 2833 595 pradixerat.
2866 522 2974 581 Ille
3005 528 3205 582 autem
3236 540 3272 583 a
3303 542 3440 600 rege
3481 528 3715 597 tertius,

300 612 536 695 φαγόντα
574 608 635 668 ἆκ
660 615 763 669 τοῦ
795 612 950 669 σίτου
987 612 1124 670 κατὰ
1152 611 1217 668 τὸ
1248 612 1402 687 ῥῆμα
1429 614 1525 668 τοῦ
1563 611 1878 688 προφήτου.

357 883 462 943 Καὶ
494 882 799 957 μὲντοικαὶ
844 882 908 959 10
968 880 1386 958 Ἱεριχούντειον
1438 877 1586 957 ὕδωρ
1649 878 1720 935 δι’
1778 879 1950 956 εύχῆς

285 974 497 1049 ῒᾶσρτο.
531 974 735 1049 ΙῙικρὸν
768 973 875 1052 γὰρ
906 975 972 1041 ἦν
1002 970 1154 1051 φύσει
1207 972 1299 1027 καὶ
1341 967 1607 1028 δύσποτον
1667 969 1755 1026 καί
1817 971 1953 1045 πρὸς

286 1066 638 1142 τεκνογονίαν
693 1059 960 1136 ἐμπόδιόν
1014 1082 1073 1117 τε
1128 1060 1219 1116 καὶ
1272 1060 1669 1135 θανατηφόρον,
1722 1052 1831 1115 ἔσθ’
1862 1058 1952 1115 ὅτε

287 1153 547 1227 καὶπρὸς
580 1152 792 1228 άρδείαν
845 1147 1243 1222 ἀνεπιτήδειον·
1294 1148 1427 1225 ὅπερ
1486 1148 1562 1211 είς
1620 1148 1947 1225 εὐχρηστίαν

288 1243 601 1319 ἂνθρωποις
656 1242 750 1297 καί
809 1244 1033 1311 κτήνεσι
1094 1233 1435 1314 μεταϐλήθὶν
1491 1238 1783 1315 εὐκαρπίας
1843 1236 1949 1312 μᾶ-

289 1331 454 1389 λιστα
485 1330 706 1400 πολλῆς
747 1334 838 1386 καί
880 1329 1153 1402 σωτηρίας
1222 1330 1440 1406 ὑπῆρχε
1494 1331 1564 1402 τῇ
1623 1327 1785 1404 χώρᾳ
1815 1328 1949 1403 πρό-

288 1420 460 1492 ξενον.
494 1420 661 1493 Ἄχρι
693 1418 796 1496 γάρ
830 1415 991 1492 δεῦρο
1049 1416 1424 1493 πλημμυροῦν
1491 1416 1746 1492 μεγίστην
1798 1415 1948 1471 πιαί-

282 1530 361 1565 νει
411 1506 646 1566 πεδιάδα
680 1551 695 1575 ,
752 1508 843 1563 καὶ
891 1507 1072 1588 τρέφει
1122 1504 1486 1583 παραδείσους
1540 1504 1632 1561 καὶ
1686 1507 1946 1585 φοίνίκων

287 1599 420 1677 γὲνη
456 1593 692 1675 διάφορα
742 1594 1102 1676 μελιτοφόρα,
1132 1595 1207 1649 ὧν
1268 1593 1319 1649 οἷ
1373 1593 1624 1650 πλεῖστοι
1665 1592 1949 1667 πατούμε-

285 1708 373 1742 νοι
412 1686 506 1743 καὶ
560 1680 995 1759 ἀποθλιϐόμενοι
1052 1682 1179 1758 μὲλι
1236 1684 1382 1741 πολὺ
1432 1682 1741 1759 ἐκχέουσιν.
1790 1686 1946 1739 Ἔστι

280 1777 384 1852 γὰρ
422 1774 790 1857 μελιτοιρόρος
816 1775 908 1829 καὶ
965 1769 1398 1852 άρωματοφόρος
1456 1775 1491 1843 ἡ
1555 1773 1716 1847 χώρα
1782 1772 1945 1843 πάνυ,

283 1865 526 1946 pigens:
565 1864 752 1942 κίτρον
806 1863 898 1922 καὶ
963 1858 1341 1938 μυροϐάλανον
1395 1862 1485 1917 καὶ
1549 1857 1947 1936 ὀποϐάλσαμον

286 1955 370 2011 δτι
403 1953 689 2010 πλεῖστον’
735 1951 859 2024 ἥτις
915 1949 985 2009 δι’
1043 1950 1247 2029 ὀλίγων
1302 1955 1526 2028 καρπῶν
1583 1948 1674 2008 καῖ
1734 1949 1941 2028 ἀνθρώ-

288 2065 411 2107 ποις
442 2044 797 2117 ἑπιθυμητῶν
832 2041 889 2098 εὖ
942 2041 1199 2114 μαλατῷ
1265 2037 1580 2117 παραδείσῳ
1636 2061 1754 2103 πως
1809 2060 1943 2117 παρα

300 2136 504 2205 εικάζετ
511 2155 585 2191 αι.

374 2315 461 2389 [Ρ.
496 2315 609 2388 105]
635 2311 790 2370 Μετὰ
835 2310 894 2368 δὲ
948 2311 1154 2389 Ἰωράμ
1208 2306 1554 2369 ἐϐασίλευσεν
1613 2313 1793 2381 Ἰησοῦ
1825 2312 1944 2385 υίὸς

289 2403 559 2475 Ναμεσίου
615 2404 748 2475 (89).
807 2401 1024 2459 Τούτου
1084 2396 1479 2477 εἷσερχομὲνου
1537 2399 1593 2458 ἐν
1651 2404 1720 2474 τῇ
1779 2400 1943 2457 πόλει

284 2492 594 2565 Σαμαρείας
622 2490 926 2565 παρέκυψεν
958 2486 1197 2560 Ἰεζάϐελ
1231 2487 1323 2545 διὰ
1351 2495 1452 2560 τῆς
1514 2487 1731 2565 θυρίδος
1786 2511 1943 2562 περι-

278 2579 808 2654 κεκαλλωπισμὲνη·
841 2580 869 2635 ὁ
922 2577 980 2636 δὶ
1030 2577 1288 2655 βασιλεὺς
1315 2579 1613 2657 προσέταξε
1670 2584 1788 2643 τοῖς
1845 2578 1935 2635 εῦ-

274 2675 507 2748 νούχοις
539 2671 710 2741 αὐτῆς
739 2670 1186 2746 κατακρημνίσαι
1219 2669 1408 2741 αὐτήν,
1468 2669 1675 2741 Τούτου
1734 2668 1792 2725 δὲ
1850 2690 1944 2747 γε·

275 2758 509 2841 γονὸτος
562 2754 801 2830 Ἰεζάϐελ
860 2761 1209 2830 κατεπατήθη
1291 2759 1396 2814 ὑπὸ
1452 2762 1561 2833 τῷν
1612 2759 1800 2815 ἳππων
1851 2759 1943 2814 καὶ

276 2846 602 2927 κατεϐρώθη
637 2851 740 2906 ὑπὸ
772 2853 880 2907 τῶν
937 2853 1148 2924 κμνῶν.
1208 2848 1472 2921 Ἐπάταξε
1527 2845 1585 2905 δὲ
1624 2850 1651 2904 ὁ
1688 2848 1944 2925 βασιλεὺς

274 2942 363 2998 καὶ
393 2942 523 2998 τοῦρ
556 2936 937 3013 ἑϐδομήκοντα
968 2939 1122 3002 υἱοὺς
1181 2933 1406 3014 Ἀχαὰϐ
1473 2938 1564 2994 καὶ
1630 2937 1758 3002 τοὺς
1790 2957 1944 3016 περι-

276 3016 599 3112 λειφθέντας
685 3028 851 3085 αὐτοῦ
933 3027 1135 3090 πάντας
1218 3026 1273 3084 ἑν
1352 3028 1633 3105 Σαμαρείᾳ
1697 3029 1833 3085 κατὰ
1879 3028 1943 3084 τὸ

278 3120 684 3197 ῥῆμαἪλιοῦ.
739 3118 1104 3194 Συναθροίσας
1155 3115 1212 3173 δὲ
1252 3118 1391 3174 ἅπαν
1450 3119 1514 3174 τὸ
1574 3116 1790 3189 πλῆθος
1844 3122 1941 3174 τοῦ

277 3210 447 3281 λαοῦ,
478 3204 582 3287 ἔνρη
613 3208 749 3284 πρὸς
783 3208 981 3273 αὐτοὺς
1040 3207 1175 3281 μετὰ
1229 3209 1589 3286 πανουργίας·
1660 3232 1689 3259 ‹‹
1722 3203 1937 3289 Ἀχαὰϐ

279 3301 376 3373 μὲν
408 3296 701 3355 ἐδούλευσε
724 3302 804 3371 τῷ
834 3299 983 3355 Βάαλ
1036 3296 1220 3373 ὀλίγα,
1278 3297 1428 3368 Ἰηοῦ
1478 3295 1535 3355 δὲ
1564 3294 1752 3353 πολλὰ
1813 3294 1942 3353 δου-

277 3390 463 3446 λεύσει
519 3388 689 3460 αὑτῷ.
773 3385 871 3444 Καὶ
949 3391 1042 3442 νῦν
1089 3387 1291 3450 πάντας
1347 3384 1613 3442 καλέσατε
1675 3385 1813 3462 πρός
1873 3408 1942 3461 με

273 3480 405 3542 τοὺς
433 3479 714 3557 ύροφήτας
743 3477 835 3532 καὶ
874 3477 1040 3553 ἱερεῖς
1070 3479 1166 3531 τοῦ
1198 3475 1369 3540 Βάαλ,
1421 3474 1507 3531 ὅτι
1559 3474 1778 3551 μεγάλη
1843 3497 1939 3552 μοι

278 3569 444 3635 θυσία
469 3573 551 3641 τῷ
581 3564 753 3624 Βάαλ’
786 3570 890 3627 πᾶς
918 3566 1021 3642 γάρ
1042 3566 1102 3629 ’ὀς
1130 3562 1190 3620 ἄν
1223 3563 1525 3640 ἀπολείψῃ,
1547 3563 1609 3620 ού
1644 3565 1885 3636 ζήσεται.
1909 3589 1937 3617 ι)

276 3653 781 3731 Συναθροισοέντων
834 3655 928 3711 οῦν
1012 3655 1251 3723 πάντων,
1338 3653 1428 3710 καὶ
1507 3658 1603 3711 τοῦ
1654 3652 1939 3712 εἴδωλείου

276 3746 645 3819 πλησθέν-τος,
704 3746 880 3819 στόμα
945 3744 1084 3821 πρὸς
1138 3743 1315 3818 στόμα
1373 3742 1537 3819 φησὶν
1597 3744 1625 3799 ὁ
1686 3742 1943 3820 βασιλεὺς

276 3849 394 3900 τοῖς
428 3834 654 3898 δούλοις
682 3839 780 3891 τοῦ
816 3832 983 3891 Βάαλ·
1019 3858 1047 3886 (ε
1081 3834 1436 3910 Ἐρευνήσατε
1474 3826 1718 3910 ἀκριϐῶς
1750 3831 1794 3888 εί
1826 3830 1939 3890 ἔστι

282 3928 404 4000 μεθ’
432 3925 589 3999 ὑμῶν
618 3945 703 4001 τις
750 3928 856 3979 τῶν
917 3919 1131 3979 δούλων
1193 3922 1417 3999 Κυρίου.
1460 3945 1489 3975 »
1552 3923 1649 3978 Καὶ
1711 3920 1941 3996 μηδενὸς

274 4012 593 4091 εὑρεθέντος
625 4012 875 4068 ἐκέλευσε
929 4016 1046 4074 τοῖς
1107 4011 1408 4087 ὑπουργοῖς
1464 4011 1654 4082 αὐτοῦ,
1686 4011 1775 4066 καὶ
1810 4010 1937 4067 ἐπά-

274 4107 440 4176 τηξαν
490 4102 690 4165 πάντας
748 4102 802 4158 ἐν
863 4101 1090 4175 στόματι
1141 4101 1437 4180 ῥομφαίας
1497 4101 1585 4156 καὶ
1640 4102 1731 4156 τὸν
1792 4098 1936 4157 Βάαλ

270 4197 467 4252 aui-ci
511 4195 680 4251 αὐτοῦ
732 4193 906 4249 πάντα
966 4192 1244 4267 ἐνέπρησε.
1305 4191 1461 4261 Ηλήν
1522 4191 1622 4248 οὐκ
1677 4190 1937 4269 ἐφύλαξεν

270 4286 357 4351 είς
430 4285 593 4349 τέλος
675 4282 779 4341 τοῦ
849 4283 1170 4357 πορεύεσθαι
1257 4280 1309 4336 ἐν
1381 4280 1538 4356 νόμῳ
1623 4278 1848 4359 Κυρίου,
1920 4279 2012 4337 καὶ
2070 4278 2278 4359 ἐσφάγη
2330 4279 2382 4334 ἐν
2439 4284 2521 4352 τῷ
2577 4276 2834 4354 πολέμῳ,

272 4375 399 4436 δύο.

2059 629 2194 668 cum
2226 628 2362 668 eum
2393 629 2497 668 rex
2520 618 2704 684 portas
2736 614 3123 685 praefecisset,
3153 615 3408 673 obtritus
3429 635 3464 675 a
3494 620 3714 692 populo

2058 701 2255 773 periit,
2284 717 2405 757 non
2435 703 2688 774 gustatis
2730 702 2805 759 iis
2845 702 3170 773 alimentis,
3222 704 3396 762 sicuti
3445 712 3505 762 et
3553 713 3712 765 vates

2056 789 2183 846 fore
2215 789 2637 846 afﬁrmaverat.

2126 879 2291 935 Idem
2322 879 2572 937 Elisaaus
2604 880 2902 951 prmcibus
2933 880 3193 939 obtinuit
3250 888 3316 939 ut
3370 901 3540 957 aquae
3565 886 3716 942 Jeri-

2057 969 2315 1024 chuntiae
2347 975 2548 1024 essent
2574 969 2863 1033 salubres,
2897 987 3033 1026 cum
3066 977 3281 1029 natura
3312 980 3513 1031 essent
3551 989 3717 1030 ama-

2057 1076 2160 1121 rae,
2194 1059 2358 1130 potui
2390 1059 2803 1123 incommodae,
2840 1060 3187 1117 fecunditati
3239 1062 3524 1124 adversae.
3558 1064 3715 1121 184

2057 1150 2116 1201 et
2147 1147 2421 1215 lethales,
2454 1165 2521 1203 ac
2559 1164 2994 1220 nonnunquam
3028 1150 3206 1205 etiam
3256 1151 3328 1207 ad
3388 1151 3711 1225 rigandum

2056 1236 2249 1292 solum
2283 1237 2547 1301 inutiles,
2581 1236 2719 1304 Quas
2769 1254 2924 1311 aqua
2981 1240 3310 1296 mutatione
3370 1240 3482 1298 ista
3524 1242 3712 1297 homi-

2054 1342 2200 1382 num
2245 1331 2303 1382 et
2358 1327 2590 1400 pecoris
2648 1327 2781 1382 usui
2823 1328 3226 1393 accomodata,
3290 1330 3612 1387 fertilitatis
3645 1348 3714 1389 ac

2055 1414 2262 1473 salutis
2294 1416 2619 1488 plurimum
2652 1416 2749 1473 isti
2784 1418 3009 1491 regioni
3055 1419 3434 1476 concilliavit.
3463 1422 3606 1476 Nam
3651 1420 3713 1476 in

2053 1505 2211 1561 hunc
2243 1522 2432 1577 usque
2474 1505 2632 1562 diem
2693 1508 3003 1563 exundans
3063 1516 3461 1580 campestrem
3522 1511 3712 1566 maxi-

2053 1611 2213 1650 mam
2244 1596 2547 1667 regionem
2578 1595 2936 1669 impinguat,
2990 1598 3298 1670 nutritque
3354 1600 3624 1671 pomaria
3652 1606 3712 1656 et

2053 1684 2314 1757 palmeta
2344 1684 2660 1752 mellifera,
2682 1702 2935 1757 quorum
2982 1686 3210 1743 fructus
3270 1688 3480 1745 calcati
3530 1696 3708 1762 atque

2052 1774 2241 1847 pressi
2275 1790 2547 1848 magnam
2580 1775 2778 1831 mellis
2830 1776 2945 1830 vim
3002 1776 3339 1834 effundunt.
3400 1781 3502 1835 Est
3545 1781 3705 1835 enim

2054 1864 2321 1937 apprime
2373 1863 2667 1921 mellifera
2697 1869 2756 1920 et
2786 1865 3166 1931 aromatil'era
3223 1867 3336 1922 ista
3394 1869 3577 1940 regio,
3624 1871 3704 1925 ci-

2054 1960 2212 2011 trum
2270 1954 2606 2027 producens
2665 1960 2723 2011 et
2786 1955 3063 2030 glandem
3147 1958 3601 2029 unguentariam
3652 1964 3712 2016 et

2053 2043 2422 2116 opobalsami
2456 2043 2804 2116 plurimum,
2827 2050 2895 2100 ut
2924 2050 3169 2118 propter
3216 2063 3382 2103 raros
3414 2053 3471 2103 et
3519 2048 3709 2104 homi-

2051 2133 2228 2190 nibus
2258 2132 2684 2189 desiderabiles
2716 2134 2942 2190 l‘ructus
2973 2152 3096 2191 non
3130 2135 3385 2193 absurde
3432 2137 3708 2211 paradiso

2053 2221 2383 2295 comparari
2410 2239 2586 2294 posse
2615 2222 2904 2279 videatur.

2123 2312 2358 2368 Joramo
2388 2312 2609 2368 Jehuus
2655 2313 2962 2380 successit,
2995 2314 3251 2370 Namesii
3285 2314 3464 2371 ﬁlius.
3497 2317 3552 2371 Is
3577 2333 3713 2373 cum

2054 2400 2377 2456 Samariam
2429 2400 2699 2466 intraret,
2743 2402 3012 2458 Jezabela
3041 2411 3325 2460 exornato
3357 2422 3605 2478 corpore
3637 2406 3712 2462 de

2052 2489 2315 2545 fenestra
2336 2492 2660 2563 prospexit.
2682 2492 2906 2547 Jehuus
2929 2492 3059 2563 ejus
3083 2494 3374 2549 eunuchis
3397 2494 3711 2567 imperavit

2052 2580 2140 2636 uti
2172 2597 2302 2635 eam
2321 2581 2804 2652 praecipitarent;
2829 2598 2946 2652 quo
2978 2582 3131 2637 facto
3153 2583 3421 2639 Jezabela
3443 2585 3514 2639 ab
3540 2585 3708 2657 equis

2053 2669 2290 2736 obtrita,
2328 2687 2362 2726 a
2392 2670 2641 2726 canibus
2674 2671 2954 2727 devorata
2984 2677 3093 2727 est.
3154 2672 3317 2729 Idem
3366 2689 3472 2729 rex
3529 2674 3707 2730 etiam

2054 2759 2428 2833 septuaginta
2458 2759 2614 2814 ﬁlios
2646 2759 2868 2816 Achabi
2901 2777 3251 2832 omnemque
3283 2762 3414 2834 ejus
3461 2763 3709 2836 stirpem

2054 2849 2436 2920 superstitem
2459 2847 2739 2906 Samarias
2770 2849 3069 2905 interfecit
3087 2851 3416 2907 secundum
3438 2852 3580 2908 Elite
3613 2870 3706 2909 va-

2054 2937 2348 2994 ticinium.
2382 2938 2525 2993 Inde
2557 2944 2762 2995 coacta
2788 2940 2949 2995 omni
2985 2940 3365 3017 multitudine
3396 2946 3589 2999 astute
3612 2959 3713 2999 eos

2054 3027 2470 3099 compellavit:
2508 3027 2811 3084 Achabum
2854 3028 3118 3102 exiguos,
3153 3047 3214 3086 se
3262 3030 3451 3087 multo
3505 3032 3709 3103 plures

2053 3116 2214 3173 Baali
2241 3117 2435 3172 cultus
2466 3118 2895 3189 praestiturum.
2938 3118 3194 3179 Proinde
3251 3136 3460 3181 omnes
3519 3121 3712 3178 Baalis

2051 3210 2212 3261 vates
2243 3221 2312 3261 ac
2370 3205 2685 3277 pontiﬁces
2743 3205 2817 3261 ad
2876 3222 2937 3261 se
2979 3213 3403 3263 convocarent:
3465 3225 3604 3264 nam
3646 3228 3707 3265 sc

1982 3289 2029 3359 G
2053 3312 2337 3368 magnum
2368 3295 2527 3351 Baali
2560 3295 2917 3352 sacriﬁcium
2963 3295 3318 3363 instituisse,
3365 3302 3425 3353 et
3467 3304 3711 3354 necatu-

2052 3403 2208 3453 rum,
2243 3386 2290 3441 si
2334 3385 2469 3459 quis
2528 3383 2768 3441 illorum
2826 3385 2899 3442 ab
2957 3385 3069 3441 hoc
3126 3384 3435 3442 abfuisset.
3496 3390 3582 3443 Ita
3636 3388 3709 3444 iis

2053 3475 2333 3533 omnibus
2364 3476 2753 3549 congregatis,
2779 3493 2845 3533 ac
2894 3477 3030 3533 fano
3090 3476 3396 3534 simulacri
3454 3478 3706 3551 repleto,

2052 3566 2271 3622 diserte
2304 3565 2605 3622 mandavit
2633 3566 2821 3621 servis
2858 3565 3008 3624 185
3045 3566 3244 3621 Baalis
3273 3583 3376 3623 rex
3406 3567 3491 3622 uti
3524 3568 3712 3640 dispi-

2052 3661 2256 3712 cerent
2284 3655 2485 3729 ecquis
2518 3654 2579 3710 in
2609 3654 2784 3711 turba
2814 3660 2971 3710 esset
2991 3656 3093 3711 Dei
3125 3655 3336 3713 cultor.
3371 3659 3516 3713 Cum
3550 3658 3708 3714 inter

2052 3745 2318 3803 Baalicos
2348 3746 2562 3802 horum
2590 3745 2793 3805 nullus
2852 3746 3239 3810 inveniretur,
3300 3747 3448 3820 regii
3495 3748 3706 3805 famuli

2042 3835 2218 3906 jussu
2249 3835 2403 3909 regis
2435 3836 2702 3892 Baalicos
2732 3852 2942 3892 omnes
2962 3835 3119 3892 ferro
3147 3836 3541 3907 trucidarunt,
3566 3840 3706 3896 Baa-

2050 3925 2290 3997 lemque
2321 3941 2454 3980 cum
2474 3926 2637 3981 omni
2672 3926 2800 3997 ejus
2834 3926 3232 3981 instrumento
3266 3935 3701 3985 cremaverunt.

2004 3998 2011 4005 ’
2049 4013 2339 4069 Cmterum
2361 4015 2582 4070 Jeliuus
2622 4031 2741 4070 non
2774 4015 3171 4087 perseveravit
3193 4032 3379 4087 usque
3416 4016 3490 4072 ad
3521 4018 3700 4074 ﬁnem

2049 4102 2356 4160 servandis
2386 4104 2486 4159 Dei
2512 4105 2845 4176 praeceptis.
2869 4106 2936 4158 In
2957 4103 3114 4159 bello
3138 4105 3372 4174 cecidit,
3396 4124 3576 4181 regno
3599 4127 3707 4182 per

2048 4208 2239 4248 annos
2270 4191 2476 4265 viginti
2510 4192 2661 4247 duos
2681 4197 2866 4264 gesto.

2943 4276 3269 4356 βασιλεύσας
3334 4280 3428 4356 ἔτη
3532 4283 3703 4341 εἴκοσι

352 4466 507 4525 Μετὰ
539 4462 598 4521 δὲ
646 4465 792 4536 Ἰηοῦ
850 4457 1196 4519 ἐϐασίλευσεν
1263 4460 1495 4540 Ἰωάχας
1525 4463 1553 4517 ὁ
1584 4462 1700 4525 υίὸς
1758 4460 1941 4519 αύτοῦ.

2127 4462 2425 4519 Successit
2472 4463 2527 4520 ei
2571 4464 2892 4522 Joachazus
2954 4466 3138 4536 ﬁlius,
3187 4466 3290 4539 qui
3336 4483 3473 4524 cum
3523 4467 3705 4540 impie

264 4556 366 4612 καὶ
390 4554 627 4625 εποίησε
655 4552 718 4608 τὸ
774 4550 1015 4628 πονηρὸν
1067 4550 1295 4608 ἐνώπιον
1356 4550 1581 4628 Κυρίου,
1647 4549 1737 4606 καὶ
1804 4550 1940 4606 ἀπέ-

270 4648 408 4702 οανε
440 4643 771 4721 βασιλεύσας
814 4638 908 4714 ἶτη
964 4643 1063 4712 κζ’.
1124 4641 1277 4699 Μενᾶ
1335 4638 1392 4696 δὲ
1448 4642 1689 4717 Ἰωάχαζ
1745 4636 1934 4696 ἰϐασί-

264 4735 470 4792 λευσεν
498 4733 665 4790 Ἱωὰσ
693 4733 723 4789 ὁ
752 4732 868 4794 υίὸς
920 4729 1109 4800 αὐτοῦ,
1141 4731 1233 4786 καὶ
1293 4729 1520 4802 hmines
1575 4732 1639 4785 τὸ
1696 4730 1937 4803 πονηρὸν

240 4823 516 4881 »ἱνώπιον
581 4821 825 4897 Κυρίου,
888 4816 980 4876 καῖ
1037 4820 1265 4884 ἀπέθανε
1325 4816 1649 4895 βασιλεύσας
1699 4812 1793 4890 ἔτη
1849 4815 1936 4877 ιδ’.

266 4917 393 4993 Ἐφ’
427 4912 493 4969 o5
526 4910 807 4970 Ἐλισσαιὶ
858 4908 1197 4980 ἒτελεύτησε,
1229 4908 1613 4986 προφητεύσας
1667 4911 1746 4981 τῷ
1786 4907 1941 4970 ἰωᾶς

262 5005 374 5075 τήν
406 5000 680 5080 προτέραν
711 4997 799 5055 διά
839 4994 1145 5073 συμϐόλων
1203 4999 1338 5055 κατὰ
1378 4998 1578 5073 Συρίας
1606 4997 1786 5070 νίκην,
1819 4997 1943 5054 ἑπι-

264 5094 476 5173 τρὲψας
534 5090 687 5162 αὐτῷ
749 5085 841 5145 Eni
918 5089 1018 5157 τήν
1075 5095 1179 5166 γῆν
1234 5088 1478 5160 τοξεῦσαι
1536 5086 1807 5150 πεντάκις·
1849 5090 1938 5145 καὶ

264 5188 335 5242 τὸ
367 5186 465 5262 μὶν
485 5182 675 5261 τρίτον
706 5179 986 5257 εὐστόχως
1016 5176 1227 5258 ἔῤῥιψε,
1258 5179 1321 5233 τὸ
1366 5175 1425 5234 δὲ
1463 5178 1717 5255 τέταρτον
1774 5178 1943 5250 ἠστό-

268 5296 435 5354 χησε,
497 5274 594 5330 καὶ
642 5267 977 5349 προφητεύει
1033 5265 1181 5347 αύτῷ
1233 5264 1339 5351 ἕως
1395 5267 1587 5342 τρίτης
1646 5263 1939 5342 συμϐολῆς

2049 4549 2291 4617 viveret,
2324 4565 2506 4623 regno
2538 4567 2644 4622 per
2690 4567 2883 4607 annos
2932 4552 3137 4623 viginti
3184 4558 3411 4625 septem
3470 4552 3709 4609 functus

2053 4639 2219 4696 obiit.
2255 4640 2397 4695 Post
2425 4640 2585 4697 hunc
2632 4642 2897 4714 regnavit
2954 4642 3116 4699 ﬁlius
3148 4643 3278 4716 ejus
3333 4645 3467 4700 Joas
3518 4660 3709 4700 annos

2052 4730 2525 4801 quatuordecim,
2559 4732 2777 4805 impius
2808 4733 2934 4805 ipse
2989 4750 3247 4807 quoque.
3298 4736 3378 4790 Eo
3423 4741 3707 4809 regnante

2051 4820 2299 4875 Eliszeus
2350 4821 2621 4891 moritur,
2682 4823 2967 4896 praedicta
3022 4824 3187 4896 prius
3233 4826 3354 4880 Jom
3394 4825 3466 4881 de
3526 4826 3707 4898 Syriis

2052 4910 2313 4979 victoria,
2330 4909 2508 4982 idque
2532 4927 2639 4983 per
2661 4912 2847 4982 signa.
2867 4914 3055 4969 Jussit
3081 4930 3217 4971 eum
3243 4915 3455 4989 sagitta
3484 4920 3706 4971 terram

2052 5000 2372 5073 quinquies
2398 5008 2621 5073 petere.
2682 5003 2943 5060 Tertium
2996 5004 3132 5061 Joas
3185 5021 3433 5077 scopum
3491 5005 3706 5078 attigit,

2052 5097 2263 5165 quarto
2295 5089 2607 5165 aberravit.
2639 5091 2841 5164 Itaque
2873 5094 2927 5150 ei
2958 5094 3312 5152 vaticinatus
3338 5100 3432 5150 est
3461 5095 3706 5150 Elisazus

2052 5181 2243 5258 tribus
2275 5197 2411 5238 eum
2442 5182 2666 5255 praeliis
2688 5182 2760 5239 de
2783 5184 2942 5256 Syris
2963 5184 3243 5240 victorem
3277 5184 3424 5248 fore,
3456 5183 3706 5255 reliquis

2053 5269 2522 5329 succubiturum.
2554 5270 2772 5338 Quodsi
2797 5273 3115 5347 quinquies
3147 5289 3392 5347 scopum
3414 5272 3709 5345 attigisset

1494 5413 1855 5471 XYLANDRI
1891 5414 1980 5470 ET
2015 5414 2239 5472 GOARI-
2268 5415 2491 5472 NOTAE.

324 5569 439 5643 (89)
474 5567 575 5643 Sic
606 5560 781 5643 estin
796 5555 1159 5643 Bibliis‘Sed
1188 5560 1247 5615 et
1283 5556 1939 5643 annosregn’umom‘ulto

248 5626 663 5713 aliter'codex;
682 5630 871 5713 habet
889 5628 1127 5712 notatos
1157 5626 1587 5713 quam‘veritas
1624 5626 1939 5713 Scriptura?

251 5700 439 5778 Em;
462 5700 473 5702 ⁷
500 5710 684 5771 ferat.
736 5700 1031 5769 Historias
1058 5700 1235 5774 ipsié‘
1263 5700 1562 5775 legantur,
1595 5716 1727 5794 quas
1756 5700 1853 5761 hic
1883 5702 1947 5789 et

2050 5558 2279 5636 mutiles
2328 5563 2386 5615 et
2432 5575 2557 5636 agn
2585 5560 2811 5633 optimo
2848 5558 3059 5616 ordine
3106 5575 3225 5632 qua
3275 5565 3561 5618 notantur
3587 5578 3706 5636 qua

2049 5628 2446 5699 inculcantur,
2472 5628 2611 5688 Χγι..
