4142 6412
305 421 422 487 221

1451 418 2009 490 HISTORIARUM
2050 418 2617 483 COMPENDIUM.

3622 423 3742 485 222

313 578 433 615 ουσι
480 556 959 634 κακουχούμενοι.
1016 557 1076 612 '0
1141 555 1201 615 δὶ
1257 558 1537 635 Ἀσσύριος
1591 552 1977 617 Βαϐυλωνίους

2095 553 2327 627 magnis
2393 552 2830 611 calamitatibus
2892 552 3155 610 viventes
3224 520 3549 627 impietatis
3619 577 3741 617 suas

310 646 369 706 ἂν
403 646 683 723 Σαμαρείᾳ
712 646 941 722 πέμψας
974 646 1223 724 αἰσχρῶς
1264 647 1356 703 καὶ
1415 648 1635 722 ἀνόμως
1704 639 1981 722 βεϐιωκό-

310 759 429 805 τας,
461 736 635 793 οἰκεῖν
660 736 853 802 αύτόθι
886 736 1155 794 ἐκέλευσε.
1190 736 1435 802 Τούτους
1484 739 1513 794 ὁ
1581 736 1712 798 Θεὸς
1762 732 1981 795 λέοντας

312 825 733 898 ἑξαποστὲλλων
796 824 1087 907 διέφθειρε.
1151 826 1470 900 Πυθόμενος
1530 822 1649 883 δὲό
1697 817 1981 899 Βάρϐαρος

312 917 408 973 καὶ
435 916 638 978 συνιεὶς
699 911 820 972 δέον
875 911 1082 992 ἔκρινεν
1132 914 1220 971 ἐπὶ
1277 923 1380 986 τῆς
1438 922 1543 992 γῆς
1598 912 1813 984 ἔκείνης
1879 912 1980 975 τῆς

314 1007 456 1063 κατὰ
487 1007 658 1080 νόμον
688 1008 806 1078 Θεῷ
836 1002 1093 1081 λατρείας
1122 1004 1529 1079 ἐπιμελεῖσθαι,
1587 1005 1675 1060 καὶ
1735 996 1827 1059 ἕνα
1871 1003 1979 1055 τῶν

315 1095 508 1170 ὶερὲων
597 1093 989 1166 ἐξαποστείλας
1046 1094 1136 1149 τὸν
1194 1092 1432 1168 Ἕσδραν
1510 1094 1575 1150 τὰ
1653 1089 1983 1167 νομιζόμενα

313 1184 507 1240 αύτόθι
536 1190 718 1239 ποιεῖν
750 1182 1051 1240 ἐκέλευσεν.
1087 1184 1143 1238 ’0
1204 1181 1260 1240 δὶ
1312 1181 1628 1258 καταμένων
1687 1181 1740 1238 ἐν
1799 1177 1979 1250 Βεθήλ

310 1276 407 1331 τὸν
437 1275 612 1350 νόμον
671 1272 866 1336 αὐτοὺς
925 1272 1284 1347 ἕξεπαέδευσε,
1344 1276 1431 1331 καὶ
1491 1277 1586 1331 τὸν
1640 1276 1767 1332 Θεὸν
1828 1270 1982 1332 σέϐε-

310 1366 438 1421 σθαι
500 1363 701 1427 αύτοὺς
759 1360 1027 1421 ἐδίδασκε.
1081 1364 1178 1422 Καὶ
1235 1364 1410 1429 οὕτως
1468 1365 1520 1440 ἐξ
1579 1362 1785 1422 ἐκείνου
1842 1386 1979 1439 συμ-

311 1449 580 1510 ϐαίνειὶκ
608 1456 717 1508 τῶν
766 1451 1004 1509 λεόντων
1061 1454 1160 1523 τήν
1218 1461 1321 1530 γῆς
1376 1456 1677 1531 ἠρεμῆσαι.
1740 1454 1982 1518 Τούτους

312 1543 482 1599 εῗσὲτι
511 1541 859 1615 Σαμαρείτας
909 1542 1017 1598 ἀπὸ
1071 1550 1175 1613 τῆς
1234 1544 1424 1620 χώρας
1491 1543 1978 1623 προσαγορεύουσι·

312 1631 401 1690 διὸ
428 1631 522 1689 καὶ
550 1635 636 1704 [Ρ.
673 1635 800 1707 107]
831 1632 1132 1690 ἀλλόκοτοι
1190 1635 1287 1697 τὰς
1344 1635 1712 1711 προαιρέσεις,
1775 1632 1866 1691 διὰ
1924 1631 1983 1690 δὲ

308 1724 416 1792 τήν
443 1726 545 1777 τοῦ
587 1720 764 1796 νόμου
823 1718 1177 1778 διδασκαλίαν
1239 1725 1507 1800 βραχεῖαν
1557 1718 1748 1800 ἔχουσι
1807 1736 1984 1789 θεοσε-

312 1808 469 1874 ϐείας
497 1808 753 1890 ἔμφασιν·
789 1808 915 1868 οὐδὲ
935 1812 1040 1889 γὰρ
1088 1820 1191 1884 τῆς
1224 1811 1529 1891 δεκαλόγου
1560 1811 1752 1870 πλεῖον
1814 1834 1983 1891 παρα-

319 1897 516 1958 λαϐεῖν
545 1902 886 1972 ἠξιώθησαν.

392 1992 659 2049 Ἐνταῦθα
712 1997 817 2060 τῆς
874 1989 1287 2066 Ἰσραηλιτικῆς
1350 1992 1632 2068 βασιλείας
1689 1994 1742 2048 οἱ
1782 1991 1979 2068 χρόνοι

326 2078 624 2154 κατέληξαν
656 2079 737 2143 εἷς
794 2074 889 2151 ἔτη
948 2082 1233 2155 τριακόσια
1288 2081 1414 2159 τρία
1442 2081 1533 2137 καὶ
1589 2088 1764 2157 μῆνας
1824 2081 1977 2154 ἑπτὰ,

332 2169 613 2243 ἀρξάμενοι
655 2170 753 2243 μὶν
795 2169 903 2226 ἀπὸ
951 2165 1245 2245 ἰεροϐοᾶμ
1300 2175 1399 2227 τοῦ
1455 2165 1668 2242 Ναϐἀτ,
1725 2169 1978 2241 καταλή-

328 2260 514 2330 εαντες
546 2257 597 2315 δὲ
623 2259 699 2323 εἷς
733 2260 898 2331 Ὠσηὲ
925 2259 1017 2316 τὸν
1046 2264 1143 2316 τοῦ
1183 2260 1300 2318 ’1λᾶ
1359 2262 1452 2317 καὶ
1508 2263 1608 2331 τὴν
1670 2260 1773 2316 ὑπὸ
1834 2260 1981 2316 Σαλ-

323 2350 604 2423 μανασσὰρ
640 2353 740 2404 τοῦ
803 2348 1029 2425 Ἰσραὴλ
1093 2350 1436 2424 μετοικεσίαν
1494 2351 1601 2408 ἀπὸ
1670 2350 1979 2426 Σαμαρείας

317 2437 397 2498 εἷς
425 2436 675 2509 Μήδους.
704 2439 955 2512 Ἤκμαζε
1017 2436 1075 2495 δὶ
1134 2439 1222 2495 καὶ
1267 2443 1304 2511 ἡ
1365 2439 1699 2516 προκειμένη
1753 2444 1860 2495 τῶν
1921 2439 1982 2495 ἐκ

315 2521 490 2582 Δαϐἰδ
525 2527 801 2602 βασιλεία,
831 2530 933 2599 τὴν
967 2528 1061 2603 μὶν
1095 2530 1275 2605 ἀρχήν
1308 2530 1415 2586 ἀπὸ
1446 2533 1544 2586 τοῦ
1598 2527 1825 2585 δεκάτου
1879 2531 1980 2598 τῆς

314 2622 419 2673 τοῦ
478 2618 667 2674 Σαοὺλ
724 2612 929 2695 ἔχουσα
988 2619 1311 2695 μοναρχίας,
1371 2619 1720 2690 γαταλήξασα
1778 2616 1836 2674 δὲ
1893 2617 1980 2674 ἐπὶ

318 2702 700 2781 τὸνῬοὸοᾶμ
724 2709 817 2764 τὸν
851 2712 949 2765 τοῦ
1004 2709 1396 2784 Σολομῶντος.
1457 2704 1613 2767 Ἀϐία
1668 2706 1981 2783 διαδεξάμε-

320 2817 421 2858 νος
472 2798 578 2866 τήν
634 2801 733 2852 τοῦ
778 2797 986 2872 πατρὸς
1042 2797 1221 2874 ἀρχὴν
1268 2797 1544 2873 βασιλεύει
1601 2795 1695 2868 ἔτη
1752 2796 1876 2871 τρία
1930 2793 1983 2851 ἔν

312 2884 710 2961 Ἰερουσαλήμ.
739 2887 873 2944 Ἀσᾶ
920 2879 1024 2957 ἔτη
1088 2887 1197 2961 μα’·
1257 2887 1419 2950 οὗτος
1475 2883 1587 2957 ἤδη
1638 2886 1863 2963 γηραιὸς
1912 2883 1985 2941 ὢν

322 2976 620 3051 ἀρθριτιιιῇ
645 2975 776 3039 τοὺς
803 2973 978 3038 πόδας
1038 2973 1253 3054 ἤλγησε
1308 2975 1488 3033 πάθει.
1544 2976 1818 3054 Ἰωσάφατ
1851 2973 1985 3049 μετᾶ

325 3071 522 3122 τοῦτον
550 3063 645 3137 ἔτη
676 3067 776 3121 κί’
814 3064 902 3122 ἐπὶ
932 3066 1130 3122 τούτου
1158 3068 1534 3143 προεφήτευσε
1599 3065 1840 3141 Μιχαίας
1892 3064 1983 3121 καί

323 3150 556 3217 ’Δεδίας
594 3154 686 3211 καὶ
718 3154 1087 3232 Ἐλεάζαρκαὶ
1110 3155 1374 3219 Ἀνανίας.
1410 3156 1638 3231 Ἰωρὰμ,
1668 3155 1761 3212 τὸν
1782 3155 1987 3232 πατέρα

318 3245 594 3310 Ἰωσάφατ
625 3243 1032 3322 διαδεξάμενος,
1064 3242 1157 3319 ἔτη
1179 3254 1250 3319 η’.
1280 3280 1283 3283 λ

2008 1932 2057 1998 Β

2090 659 2296 717 pmnas
2326 644 2638 700 dederunt.
2696 642 2808 699 Sed
2851 643 3039 698 victor
3080 642 3453 715 Babylonios,
3487 663 3740 717 quorum

2090 734 2208 788 vita
2237 738 2365 789 erat
2406 732 2643 806 ﬂagitiis
2696 737 2994 806 coaperta.
3044 732 3379 789 habitatum
3410 734 3739 794 Samariam

2092 822 2291 890 misit;
2360 838 2510 894 quos
2588 823 2739 878 Deus
2797 821 3082 877 immissis
3147 822 3419 879 leonibus
3460 825 3740 895 perdidit.

2091 912 2384 968 Barbarus
2413 928 2485 968 ea
2511 929 2575 967 re
2624 912 2880 984 cognita,
2913 912 3182 967 sentiens
3230 918 3505 984 oportere
3535 915 3596 970 in
3627 916 3744 973 ista

2089 1006 2249 1057 terra
2271 1003 2454 1057 Deum
2486 1017 2556 1056 ex
2588 1002 2934 1073 praescripto
2966 1001 3111 1074 legis
3135 1019 3256 1058 sum
3279 1002 3416 1073 coli,
3448 1020 3634 1060 unum
3667 1006 3741 1062 de

2091 1091 2501 1147 sacerdotibus
2522 1091 2765 1147 Esdram
2799 1091 2980 1155 misit,
3008 1092 3109 1162 qui
3130 1091 3241 1145 rite
3274 1092 3354 1146 ibi
3387 1109 3518 1164 quae
3542 1099 3744 1151 essent

2089 1182 2319 1256 agenda
2347 1184 2686 1239 conficeret.
2727 1184 2774 1238 ls
2806 1183 3060 1238 Betbelae
3086 1182 3233 1238 I88
3266 1190 3532 1240 moratus
3564 1202 3745 1258 popu-

2088 1272 2215 1329 lum
2246 1274 2433 1347 legem
2498 1273 2758 1329 divinam
2812 1289 2880 1328 ac
2938 1274 3040 1328 Dei
3090 1274 3315 1330 cultum
3346 1274 3566 1332 docuit.
3617 1276 3741 1342 Quo

2088 1363 2309 1420 factum
2343 1368 2529 1420 estut
2578 1364 2882 1438 regionem
2922 1363 3127 1420 leones
3173 1365 3456 1420 infestare
3504 1365 3744 1422 desine-

2088 1459 2244 1509 rent.
2296 1454 2411 1509 Hos
2461 1453 2788 1509 etiamnum
2847 1453 3170 1508 Samaritas
3216 1469 3252 1509 a
3315 1454 3444 1509 loco
3492 1460 3740 1510 vocant:

2089 1548 2403 1616 propterea
2433 1543 2613 1598 etiam
2644 1558 2679 1597 a
2721 1541 2942 1598 Judaais
2991 1542 3221 1599 diverso
3254 1543 3526 1599 instituto
3580 1544 3736 1613 vitae,

2090 1636 2291 1687 tamen
2324 1630 2397 1685 ob
2428 1630 2576 1704 legis
2607 1630 2985 1702 disciplinam
3019 1631 3457 1704 aliquantulum
3501 1632 3738 1705 religio-

2089 1720 2185 1775 nis
2213 1736 2335 1791 praa
2365 1736 2429 1775 se
2459 1720 2680 1775 ferunt.
2713 1721 2913 1792 Neque
2944 1721 3105 1776 enim
3145 1726 3363 1793 praeter
3392 1721 3739 1794 decalogum

2089 1808 2416 1881 quidquam
2448 1808 2521 1863 iis
2552 1808 2781 1865 discere
2812 1825 3160 1865 concessum
3190 1809 3319 1865 fuit.

2158 1994 2262 2050 Hic
2295 1992 2432 2049 ﬁnis
2491 1997 2584 2048 est
2622 1993 2789 2066 regni
2838 1991 3120 2061 Israelici,
3177 1993 3336 2065 quod
3394 2009 3586 2049 annos
3634 1994 3736 2048 303

2085 2099 2443 2153 mensesque
2466 2086 2497 2137 7
2519 2082 2769 2149 duravit,
2801 2086 3055 2155 emptum
3080 2098 3115 2138 a
3142 2082 3493 2138 Jeroboamo
3524 2081 3737 2138 Nabasi

2087 2172 2212 2229 ﬁlio
2244 2178 2303 2228 et
2331 2172 2565 2229 ﬁnitum
2611 2173 2759 2228 Osea
2788 2172 2886 2228 Ilaa
2919 2171 3041 2226 ﬁlio
3086 2188 3244 2245 rege,
3277 2189 3413 2228 cum
3445 2173 3494 2227 is
3525 2189 3593 2228 ac
3625 2189 3700 2245 po
3720 2203 3735 2214 -

2084 2262 2262 2335 pulus
2290 2262 2602 2319 lsraelicus
2632 2278 2668 2319 a
2706 2261 3149 2318 Salmanassare
3180 2268 3270 2318 est
3297 2279 3331 2317 a
3378 2262 3643 2319 Samaria
3673 2261 3735 2318 in

2086 2351 2337 2407 Médiam
2403 2351 2767 2424 deportatus.
2837 2353 3129 2408 Craterum
3195 2368 3230 2407 a
3286 2352 3516 2407 decimo
3570 2350 3736 2424 regni

2086 2441 2246 2497 Sauli
2278 2457 2435 2497 anno
2466 2457 2715 2515 regnum
2748 2440 2964 2497 Davido
3005 2446 3063 2497 et
3094 2441 3221 2513 ejus
3269 2441 3574 2514 progeniei
3605 2456 3741 2512 pro-

2085 2532 2346 2603 positum
2378 2532 2593 2603 coepit;
2626 2531 2946 2602 floruitque
2984 2532 3066 2586 ita
3116 2536 3181 2585 ut
3209 2531 3270 2586 in
3304 2532 3603 2587 Roboamo
3633 2532 3743 2587 So-

2088 2620 2345 2676 lomonis
2377 2620 2501 2676 ﬁlio
2533 2620 2832 2676 deﬁceret.
2874 2621 3028 2676 ‘Huic
3068 2621 3245 2675 Abias
3296 2621 3601 2688 successit,
3644 2636 3734 2675 re-

2089 2726 2391 2784 gnumque
2419 2725 2526 2782 per
2554 2726 2743 2765 annos
2776 2714 2896 2765 tres
2941 2709 3321 2764 Jerusalemaa
3360 2709 3561 2781 gessit.
3592 2711 3742 2765 Asas

2089 2799 2305 2854 deinde
2337 2814 2528 2854 annos
2576 2800 2661 2853 40.
2724 2800 2776 2853 Is
2833 2814 3044 2871 magno
3067 2799 3197 2868 jam
3243 2805 3388 2853 natu
3420 2815 3491 2853 ex
3521 2797 3741 2870 pedum

2089 2889 2359 2945 articulis
2417 2887 2722 2944 laboravit.
2783 2890 2924 2945 Post
2969 2887 3129 2943 hunc
3157 2888 3510 2960 Josaphatus
3554 2902 3746 2942 annos

2088 2982 2197 3035 25:
2232 2996 2301 3036 eo
2358 2983 2642 3052 regnante
2673 2979 2964 3045 Michaeas,
3018 2977 3259 3044 Abdias,
3316 2978 3628 3034 Eleazarus
3689 2983 3748 3033 et

2088 3072 2352 3129 Ananias
2382 3070 2684 3127 vaticinati
2716 3075 2875 3127 sunt.
2927 3071 3201 3126 Joramus
3246 3069 3401 3143 patri
3428 3069 3743 3142 Josaphato

2091 3161 2375 3218 suffectus
2405 3176 2597 3216 annos
2627 3161 2680 3215 8.
2776 3235 2785 3242 .
3250 3168 3255 3171 ‘

534 3298 1157 3408 flabella"
1237 3298 1250 3306 ν
1273 3331 1513 3411 θυγάτηρ
1594 3329 1821 3409 Ζαμϐρῆ
1880 3338 1977 3389 τοῦ

2165 3336 2446 3395 Samaria)
2479 3335 2772 3402 Gotholia,
2807 3334 2932 3390 ﬁlia
2960 3335 3221 3391 Zambraa
3250 3335 3404 3407 regis
3456 3328 3742 3407 Israelici,

323 3420 602 3497 βασιλὲως
656 3419 884 3497 ἰσραήλ
935 3415 1028 3492 ἔτη
1079 3423 1150 3492 η’.
1213 3421 1363 3493 Αὕτη
1422 3426 1610 3478 πασῶν
1649 3415 1977 3491 ἂσεϐεστᾶτη

315 3510 587 3587 γενομένη
650 3514 921 3589 γυναικῶν
977 3510 1180 3574 πάντας
1261 3510 1476 3586 ἀναιρεῖ
1529 3510 1662 3574 τοὺς
1719 3508 1984 3590 Ὀχοζίου

319 3596 547 3669 παῖδας,
585 3594 799 3674 Ἀχαᾶϐ
828 3604 908 3671 τῷ
941 3598 1255 3676 ’Ῐσραηλίτῃ
1289 3597 1509 3677 βασιλεῖ
1562 3601 1982 3675 τιμωρουμένηο

325 3685 506 3745 ἰδόκει
534 3687 638 3763 γὰρ
665 3686 727 3743 ἐκ
754 3692 851 3743 τοῦ
890 3690 1081 3765 γὲνους
1137 3692 1268 3745 εἶναι
1335 3690 1559 3749 τούτου.
1614 3684 1869 3747 Ἰωσαϐἓδ
1926 3685 1984 3744 δὶ

319 3779 357 3846 ἠ
392 3780 493 3832 τοῦ
548 3777 735 3847 Ὀζίου
794 3773 1030 3854 ἀδελφὴ,
1079 3779 1214 3852 γυνὴ
1266 3782 1366 3834 τοῦ
1423 3776 1725 3854 ἀρχιερέως
1771 3774 1980 3849 Ἰωδαὶ,

326 3865 578 3939 κλέψασα
638 3866 792 3929 ἰωᾶς
847 3867 940 3921 τὸν
1003 3868 1264 3943 Ὀχοζίου
1316 3868 1432 3923 υἱὸν
1488 3867 1715 3937 ὀκταετῆ
1775 3864 1978 3943 τυγχᾶ-

326 3975 493 4011 νοντα
526 3952 711 4011 Ἰωδαὶ
741 3957 1106 4033 προσήγαγεν.
1167 3956 1343 4019 Αὐτὸς
1403 3953 1462 4012 δὲ
1510 3957 1706 4033 χρίσας
1757 3953 1985 4028 ἀνέδειξε

330 4042 585 4120 βασιλέα,
616 4045 885 4100 Γοθολίαν
940 4043 1166 4102 ἀνελών.
1230 4042 1474 4114 Εὐσεϐής
1506 4048 1622 4103 κατ’
1654 4047 1830 4123 ἀρχᾶς
1887 4067 1983 4121 γε-

316 4133 552 4205 νόμενος
634 4132 808 4189 πάντα
864 4140 1116 4210 καθαιρεῖ
1196 4135 1263 4189 τὰ
1336 4133 1567 4205 εἴδωλα,
1650 4133 1798 4204 πλὴν
1872 4139 1980 4190 τῶν

319 4223 637 4297 μετεώρων.
670 4219 1087 4297 Εἱδωλολατρεῖ
1116 4221 1175 4279 δὶ
1214 4222 1302 4279 ἐπὶ
1332 4228 1412 4297 τῷ
1441 4222 1587 4280 τέλει
1643 4224 1824 4295 Ἰωὰς,
1892 4223 1982 4279 καὶ

313 4312 601 4393 Ζαχαρίαν
628 4314 722 4368 τὸν
752 4317 853 4369 τοῦ
883 4310 1068 4369 Ἰωδαὶ
1098 4312 1216 4370 υὶὸν
1274 4314 1367 4370 τὸν
1425 4312 1741 4391 προφήτην,
1791 4311 1986 4370 αΐτιώ-

321 4423 484 4477 μενον
516 4405 617 4474 τήν
659 4400 958 4478 ἐκτροπὴν,
1015 4400 1350 4467 καταλεύσας
1406 4404 1635 4480 ἀναιρεῖ.
1698 4402 1985 4462 Βασιλεύει

313 4490 380 4548 δὲ
408 4486 506 4563 ἔτη
545 4492 619 4564 μ’.
654 4492 913 4565 Ἀμεσίας
943 4491 1062 4555 υἱὸς
1098 4493 1270 4548 αὐτοῦ
1328 4487 1423 4565 ἔτη
1484 4495 1582 4549 κθ”
1642 4494 1730 4549 επὶ
1783 4492 1986 4549 τούτου

317 4577 647 4650 Σίϐυλλαή
692 4581 908 4655 Κυμαία
963 4582 1309 4658 ἐγνωρίζετο.
1336 4584 1520 4652 Ὀζίας
1575 4583 1603 4638 ὁ
1656 4582 1745 4638 καὶ
1804 4588 1988 4659 Ζαχα-

2092 3442 2282 3483 annos
2316 3427 2368 3482 8.
2404 3426 2538 3481 Haec
2587 3425 2856 3480 omnium
2917 3424 3235 3480 mulierum
3284 3424 3749 3482 sceleratissima

2090 3516 2356 3573 Ochoziaa
2410 3515 2746 3570 universam
2812 3512 3043 3586 prolem
3100 3513 3405 3577 interﬁcit,
3450 3514 3580 3570 ulta
3635 3515 3748 3570 hoc

2091 3606 2268 3661 modo
2298 3604 2606 3661 Achabum
2638 3603 2981 3659 Israelicum
3014 3619 3236 3682 regem,
3271 3604 3371 3674 qui
3396 3619 3465 3658 ex
3488 3620 3556 3659 ea
3577 3609 3751 3676 gente

2090 3695 2401 3751 videbatur
2469 3693 2674 3749 fuisse.
2736 3692 2847 3748 Sed
2904 3693 3155 3749 Jozabea
3218 3692 3487 3749 Ochoziaa
3562 3709 3750 3761 soror,

2090 3803 2243 3843 uxor
2296 3784 2517 3842 Joiadaa
2595 3783 2811 3840 summi
2871 3784 3198 3856 pontificis,
3266 3784 3502 3839 Joasum
3564 3783 3753 3838 ﬁlium

2095 3875 2360 3933 Ochoziaa
2391 3880 2524 3932 octo
2556 3890 2852 3931 annorum
2883 3873 3173 3930 suﬁ‘urata
3199 3873 3420 3929 Joiadaa
3466 3872 3754 3929 tradidit;

2095 3984 2272 4039 quem
2304 3966 2354 4020 is
2387 3965 2540 4021 189
2590 3965 2872 4021 unctione
2930 3980 3100 4021 sacra
3136 3980 3316 4037 regno
3357 3964 3748 4037 inauguravit,

2094 4073 2163 4113 ac
2193 4054 2527 4111 Gotholiam
2576 4053 2826 4109 necavit.
2879 4054 3089 4110 Joasus
3134 4053 3206 4109 ab
3255 4053 3426 4109 initio
3477 4053 3609 4125 pius
3638 4053 3752 4109 fuit

2097 4150 2157 4202 et
2186 4144 2508 4200 simulacra
2559 4143 2764 4199 omnia
2809 4142 3085 4210 abolevit,
3140 4141 3281 4199 solis
3330 4141 3582 4199 collibus
3630 4160 3751 4199 non

2098 4235 2332 4292 excisis.
2367 4233 2479 4289 Sed
2529 4233 2605 4290 ad
2637 4237 2969 4288 extremum
3020 4232 3237 4304 impios
3291 4232 3750 4288 simulacrorum

2098 4325 2292 4382 cultus
2322 4323 2654 4395 amplexus,
2684 4327 2876 4377 vatem
2907 4320 3249 4377 Zachariam
3280 4320 3496 4377 Joiadm
3539 4319 3750 4389 ﬁlium,

2099 4414 2257 4486 quod
2289 4414 2340 4468 is
2370 4412 2524 4469 hanc
2555 4412 2710 4484 regis
2741 4410 3181 4484 perversionem
3212 4409 3497 4484 culparet,
3542 4410 3754 4482 lapidi-

2097 4505 2208 4563 bus
2229 4503 2506 4561 obrutum
2539 4502 2787 4558 necavit.
2814 4501 3303 4573 Regnavitannos
3326 4500 3752 4572 quadraginta:

2100 4592 2369 4649 Amasias
2400 4591 2558 4647 filius
2589 4591 2739 4663 ejus,
2788 4605 2980 4646 annos
3029 4589 3233 4662 viginti
3280 4605 3513 4645 novem.
3566 4590 3752 4663 Hujus

321 4673 469 4748 ρίας,
502 4672 931 4745 υἱὸςἈμεσίου,
988 4670 1080 4742 ἔτη
1131 4673 1238 4748 νβ’.
1298 4673 1475 4736 Οὗτος
1534 4668 1793 4743 θεοσεὸἡς
1854 4675 1983 4749 ἀνὴρ

2100 4670 2273 4739 mtate
2301 4680 2525 4751 Sibylla
2554 4680 2792 4735 Cumaea
2814 4679 3091 4735 innotuit.
3116 4678 3304 4746 Ozias,
3329 4679 3428 4752 qui
3454 4684 3513 4733 et
3542 4680 3753 4735 Zacha-

319 4763 412 4832 ἧν·
471 4759 695 4836 ὕστερον
755 4758 813 4817 δὲ
868 4765 976 4817 τῶν
1070 4763 1244 4836 ἁγίων
1339 4757 1596 4832 ἐπιϐῆναι
1681 4765 1992 4843 πειρασθείς

324 4848 655 4925 λεπροῦται,
713 4851 801 4905 καὶ
863 4847 1104 4922 ὶδίκαζεν
1159 4850 1272 4908 ἀντ’
1331 4849 1497 4908 αύτοῦ
1537 4853 1566 4909 ὁ
1622 4852 1741 4916 υἱὸς
1802 4853 1987 4911 αὐτοῦ.

323 4942 431 4999 Ἦν
462 4936 523 4996 δὲ
557 4939 846 5018 ἀρχιερεὺς
877 4942 1146 5016 Ἀζαρίας,
1206 4944 1503 5020 προφήτης
1548 4939 1606 4998 δὲ
1660 4943 1846 5016 ’Δμὼς
1899 4945 1987 4999 καὶ

317 5026 553 5091 Ἠσαίας
586 5030 615 5085 ὁ
661 5029 779 5092 υἱὸς
835 5027 1020 5101 αὐτοῦ,
1052 5029 1143 5086 καὶ
1206 5030 1388 5102 Ὠσηὲ,
1448 5028 1539 5085 καὶ
1596 5031 1804 5095 Ἰωνᾶς.
1847 5030 1992 5087 Κατὰ

324 5119 555 5180 τούτους
581 5119 711 5180 τοὺς
743 5120 980 5195 χρόνους
1016 5123 1331 5196 ιὶυκοῦργος
1388 5116 1830 5197 ⁸λακεδαιμονίουν
1878 5121 1992 5177 ἐνο-

321 5211 561 5285 μοθὲτει.

393 5411 631 5483 Ἰωάθαμ
687 5408 718 5465 ὁ
773 5405 893 5469 υἱὸς
953 5405 1137 5476 Ὀζίου
1194 5401 1286 5478 ἔτη
1356 5414 1440 5472 ις’.
1501 5407 1624 5464 Ἐπὶ
1655 5408 1852 5464 τούτου
1909 5412 1990 5481 τῷ

324 5500 523 5577 πρώτῳ
568 5494 678 5557 ἔτει
738 5498 952 5578 Ἴφιτος
1004 5494 1101 5558 τὰς
1162 5494 1541 5569 Ὀλυμπιάδας
1594 5496 1898 5569 ἐνέστησεν,
1956 5497 1988 5554 δ

321 5589 421 5649 ἕστε
454 5585 886 5668 τετραετηρικός
919 5583 1140 5660 χρόνος.
1188 5586 1325 5661 Ηαρ²
1389 5584 1712 5660 Αἷγυπτίοις
1778 5583 1839 5642 δὲ
1890 5608 1988 5642 κυ-

308 5686 439 5767 ρίως
467 5678 803 5757 Ὀλυμπιὰς
833 5676 873 5745 ἡ
900 5671 1115 5767 σελήνη.
1138 5673 1386 5767 καλεῖτὲαι
1414 5672 1527 5767 διὰᾉ
1551 5677 1614 5732 τὸ
1644 5677 1784 5767 κατὰ
1844 5680 1991 5767 μῆνα

298 5758 624 5859 περιπολεῖν
680 5769 789 5825 τὸν
884 5758 1154 5834 ζωδιακὸν
1219 5762 1449 5834 κύκλον,
1506 5765 1568 5821 ὃν
1653 5765 1706 5821 οἳ
1762 5766 1989 5824 παλαιοὶ

2102 4773 2241 4837 rias,
2273 4770 2528 4827 Amasiae
2559 4769 2722 4845 ﬁlius
2753 4786 2944 4825 annos
2975 4769 3409 4842 quinquaginta
3427 4768 3594 4824 duos.
3620 4769 3754 4824 Fuit

2100 4862 2199 4918 hic
2236 4860 2324 4915 vir
2375 4858 2728 4932 religiosus:
2788 4858 2893 4914 sed
2940 4863 3148 4931 postea
3204 4857 3489 4930 temporis
3546 4856 3755 4929 templi

2101 4951 2327 5008 aditum
2351 4950 2572 5005 intrare
2602 4954 2851 5005 conatus
2883 4948 2944 5004 in
2970 4947 3199 5021 lepram
3221 4947 3450 5018 incidit,
3478 4948 3755 5018 ﬁliusque

2101 5041 2290 5114 ipsius
2347 5040 2480 5096 loco
2522 5039 2624 5110 jus
2656 5039 2875 5111 populo
2922 5038 3089 5094 dixit.
3143 5039 3284 5093 Erat
3314 5042 3438 5093 tum
3488 5035 3756 5109 pontifex

2102 5131 2401 5188 maximus
2456 5130 2717 5199 Azarias,
2778 5134 2937 5185 vates
2994 5131 3247 5186 Amosus
3295 5132 3353 5182 et
3410 5127 3538 5198 ejus
3597 5124 3756 5182 ﬁlius

2100 5221 2305 5290 Isaias,
2338 5237 2405 5276 ac
2436 5221 2616 5276 Oseas
2647 5226 2707 5275 et
2732 5220 2931 5276 Jonas.
2966 5219 3048 5274 Ea
3078 5220 3429 5290 tempestate
3460 5216 3757 5289 Lycurgus

2101 5310 2566 5367 Lacedaemoniis
2596 5309 2758 5383 leges
2787 5307 3008 5381 posuit.

2171 5409 2520 5464 Joathamus
2551 5407 2700 5463 Ozise
2730 5406 2890 5462 ﬁlius
2912 5405 3177 5478 regnavit
3205 5421 3394 5460 annos
3434 5403 3758 5463 sexdecim.

2099 5499 2299 5555 Primo
2324 5497 2507 5569 hujus
2538 5497 2703 5570 regni
2735 5512 2893 5552 anno
2925 5494 3154 5566 lphitus
3177 5494 3559 5567 Olympiadas
3581 5495 3758 5551 insti-

2102 5588 2236 5653 tuit,
2283 5586 2443 5660 quod
2487 5592 2578 5642 est
2632 5590 2887 5659 quatuor
2943 5600 3239 5639 annorum
3288 5588 3543 5657 tempus.
3588 5585 3764 5657 Apud

2099 5678 2395 5752 Egyptios
2425 5682 2625 5734 autem
2665 5675 2902 5750 proprie
2935 5674 3091 5731 lunm
3140 5673 3510 5748 Olympiadis
3540 5692 3760 5732 nomen

2103 5769 2386 5828 tribuitur
2442 5768 2597 5837 ideo,
2677 5768 2817 5842 quia
2876 5767 3104 5825 mensis
3161 5766 3353 5841 spatio
3408 5765 3760 5842 signiferum
