4142 6426
446 382 564 445 223

1809 392 2121 457 GEORGII
2164 395 2507 459 CEDBENI

3746 425 3856 486 224

447 517 654 575 orbem
702 519 933 591 circuit,
963 541 1143 598 quem
1169 527 1483 602 Olympum
1527 534 1757 586 veteres
1803 529 2076 587 dixerunt

2212 528 2514 626 ἷιολυμπον
2549 531 2925 626 ξκᾴλουνῖνΕν
2958 536 3094 614 αὐτῇ
3150 545 3219 617 τῇ
3271 543 3469 621 πρώτη
3536 548 3852 626 Ὀλυμπιάδι

444 608 644 666 Prima
705 611 820 669 ista
870 613 1218 689 Olympiade
1276 621 1563 677 Romulus
1610 627 1669 679 et
1716 623 1934 681 Remus
1974 621 2099 678 nati

442 702 601 767 sunt,
640 701 742 771 qui
797 705 1052 776 septima
1102 708 1452 781 Olympiade
1498 713 1745 767 Romam
1794 714 2099 784 cmperunt

2212 619 2425 692 Ῥῶμος
2454 627 2546 676 καί
2605 622 2900 697 Ῥωμυλος
2947 626 3336 706 ἐγεννήθησαν,
3400 619 3588 702 οἷ’τινες
3714 647 3777 718 τῇ
3809 651 3849 717 ζ’

2208 706 2548 782 Ὀλυμπιάδι
2615 713 2715 782 τὴν
2757 715 2981 789 Ῥώμην
3041 718 3277 794 ἣρξαντα
3337 725 3557 794 κτίζειν.
3641 706 3845 790 Τούτων

441 787 696 844 condere
722 807 734 857 ;
769 809 1018 863 quarum
1048 813 1248 852 rerum
1272 800 1676 856 narrationem
1699 802 2076 873 copiosioren

2200 799 2302 869 τήν
2329 796 2589 874 διήγησιν
2619 787 2953 879 πλατύτερον
3000 787 3179 884 ἐνῇ-τῇ
3232 811 3379 884 τάξει
3416 787 3523 870 τ’ὣν
3588 818 3842 893 βασιλέων

440 876 501 932 in
535 895 738 951 regum
769 884 1119 941 recensione
1151 888 1441 944 invenies.

512 968 791 1026 Ezechias
847 974 1000 1044 patri
1058 976 1287 1033 Achazo
1348 980 1655 1048 successit,
1725 997 2094 1054 regnumque

439 1072 629 1112 annos
660 1061 727 1112 29
758 1061 954 1132 gessit.
989 1063 1108 1119 Hoc
1141 1073 1373 1121 sextum
1395 1084 1619 1124 annum
1645 1076 1926 1142 regnante
1965 1070 2094 1127 Sal-

436 1162 766 1215 manassar,
793 1150 893 1222 qui
917 1157 976 1206 et
992 1153 1373 1211 Nabunassar
1409 1156 1645 1221 dicitur,
1686 1175 1790 1213 rex
1821 1160 2094 1231 Assyrio-

433 1251 591 1301 rum,
623 1237 890 1296 Samaria
910 1248 1082 1312 capta
1114 1243 1457 1300 lsraelicum
1480 1247 1767 1318 populum
1795 1250 2091 1319 captivum

434 1324 698 1383 abduxit.
725 1329 859 1384 Haec
892 1331 1037 1386 190
1068 1338 1159 1388 est
1188 1333 1383 1405 prima
1414 1336 1829 1392 Israelicorum
1867 1337 2090 1410 depor-

334 1399 345 1406 ’
435 1414 603 1471 tatio.
634 1417 685 1471 Is
706 1434 809 1473 rex
836 1420 1014 1475 etiam
1048 1399 1484 1495 Sardanapalus
1509 1425 1620 1481 fuit
1651 1399 2005 1499 appellatus,
2035 1433 2093 1484 et

438 1519 527 1567 est
560 1519 728 1585 pater
773 1515 1390 1577 Nabuchodonosoris.
1443 1524 1695 1579 Necesse
1751 1530 1843 1580 est
1889 1531 2088 1585 autem

437 1618 704 1672 quaerere
735 1604 806 1660 de
838 1623 1022 1679 regno
1053 1610 1315 1681 Assyrio,
1349 1612 1447 1682 qui
1476 1612 1579 1669 ﬁat
1607 1613 1766 1685 quod
1788 1614 2092 1687 Scriptura

436 1690 943 1751 Salmanassarem
973 1699 1354 1769 Assyriorum
1385 1717 1584 1774 regem
1616 1702 1904 1771 nominet,
1951 1721 2088 1761 cum

2202 886 2475 960 εὑρήσεις.

2276 979 2494 1068 1³2108]
2544 980 2786 1068 Ἑζεκίας
2846 984 2938 1039 τὸν
2997 986 3177 1068 ’Λχὰζ
3217 985 3593 1065 διαδεξάμενος
3651 1000 3679 1054 6
3733 1002 3843 1066 υἱὸς

2200 1060 2543 1124 ἰϐασίλευσεν
2577 1064 2668 1141 ἔτη
2738 1074 2837 1130 κθ’.
2899 1076 2984 1132 ’Ev
3037 1060 3116 1151 {ei
3172 1081 3217 1144 ς’
3276 1060 3392 1136 ἔτει-
3439 1060 3640 1141 ⁷τούτου
3674 1060 3842 1163 μετῳξ

2196 1155 2357 1254 κίσθη
2394 1158 2499 1213 ὑπὸ
2533 1158 2905 1240 Σαλμανασᾶρ
2951 1169 3049 1221 τοῦ
3101 1166 3193 1224 καί
3249 1155 3692 1249 Ναϐουνασάρου,
3748 1155 3843 1254 βα·-

2197 1242 2395 1308 σιλέως
2426 1248 2756 1325 Ἀσσυρίων,
2789 1253 3071 1330 Σαμάρεια
3104 1242 3640 1338 αἰχμαλωτισθεῖσα.
3681 1242 3839 1340 Ἀίίτη

2193 1336 2455 1433 πρώτηᾳὴ
2499 1337 2864 1416 αῗχμαλωσία
2916 1346 3160 1433 ’ίσραήλο
3193 1336 3393 1414 ἸΟὖτος
3454 1349 3512 1407 δὲ
3568 1355 3657 1410 καὶ
3712 1336 3841 1433 Σαρλ

2195 1421 2503 1489 δανάπαλος
2535 1428 2775 1519 ἐλέγετο,
2806 1433 2872 1503 ἦν
2925 1431 2983 1491 δὲ
3036 1438 3218 1513 πατὴρ
3274 1444 3370 1495 τοῦ
3430 1421 3840 1519 Ναϐουχοδονό-

2195 1536 2312 1589 σορ,
2361 1518 2680 1596 Ἀναγκαῖον
2741 1518 2798 1577 δὲ
2852 1529 3086 1595 ζητῆσαι
3144 1529 3268 1603 περὶ
3342 1533 3440 1601 τῆς
3493 1537 3602 1588 τῶν
3658 1537 3838 1593 Ἀσσυ-

2195 1604 2330 1679 ρίων
2384 1606 2689 1682 βασιλείας,
2748 1616 2867 1675 πῶς
2899 1614 3102 1685 ταύτης
3160 1619 3266 1693 πρὸ
3326 1618 3409 1697 ιβ’
3465 1620 3599 1677 ἐτῶν
3658 1627 3836 1681 καθαι-

2193 1694 2444 1770 ρεθείσης
2474 1694 2880 1775 ὑπὸἈρϐἀκου
2917 1708 3016 1758 τοῦ
3076 1703 3293 1779 Μήδου,
3348 1694 3451 1764 τοῦ
3512 1711 3710 1785 ταύτην
3765 1716 3836 1778 είς

435 1786 574 1836 ante
605 1798 793 1838 annos
824 1787 892 1839 96
923 1785 994 1841 ab
1025 1786 1251 1843 Arbace
1301 1788 1362 1843 id
1389 1805 1639 1862 regnum
1687 1791 1998 1862 abolitum,
2031 1799 2076 1849 el

2192 1781 2419 1855 Μήδους
2480 1786 2921 1880 μετενέγκαντος,
2981 1795 3016 1863 ἡ
3076 1797 3263 1873 Γραφή
3322 1797 3417 1853 τὸν
3481 1781 3834 1880 Σαλμανασᾶρ

432 1869 506 1925 ad
537 1870 734 1927 Medos
767 1873 1121 1931 translatum
1152 1874 1349 1933 fuerit.
1384 1878 1572 1935 Causa
1603 1879 1893 1950 redditur,
1927 1883 2076 1953 quod

2197 1873 2424 1950 βασιλέα
2482 1875 2780 1965 Ἀσσυρίων
2835 1879 3016 1938 καλεῖ.
3078 1869 3210 1939 Καί*
3265 1908 3432 1965 φησιν
3510 1869 3611 1946 ὅτι*
3649 1869 3839 1963 Μήδων

433 1962 701 2031 quamvis
739 1963 812 2018 ab
842 1963 1071 2021 Arbace
1103 1967 1404 2023 successio
1429 1968 1489 2024 in
1514 1985 1696 2043 regno
1718 1970 1832 2035 fuit
1851 1972 2089 2028 Medicaa

430 2050 639 2123 gentis,
674 2051 733 2107 id
764 2057 965 2110 tamen
997 2055 1177 2112 etiam
1207 2057 1519 2130 Assyrium
1546 2066 1956 2133 nuncupatum
1979 2061 2093 2118 fuit

432 2138 504 2193 ob
531 2140 903 2198 nobilitatem
929 2149 987 2199 et
1006 2149 1359 2202 vetustatem
1380 2148 1760 2219 Assyriorum
1790 2166 1857 2206 ac
1887 2151 2088 2224 regio-

429 2227 524 2282 nis
547 2246 788 2286 nomen.
808 2233 1073 2305 Namque
1099 2234 1195 2289 hic
1222 2235 1602 2307 Assyriorum
1626 2254 1726 2293 rex
1752 2256 1886 2296 cum
1908 2240 2090 2303 Medis

427 2316 720 2385 subesset,
761 2322 1140 2394 Assyriorum
1191 2340 1297 2380 rex
1346 2325 1709 2382 constitutus
1741 2327 1871 2383 fuit.
1905 2330 2087 2387 Caete-

419 2422 553 2462 rum
568 2407 841 2465 Ezechias
866 2427 972 2466 rex
994 2428 1152 2468 anno
1176 2413 1266 2468 sui
1292 2413 1459 2483 regni
1479 2414 1857 2486 quindecimo
1880 2417 2087 2475 lethali

422 2496 629 2553 morbo
664 2504 971 2571 correptus
1002 2501 1338 2558 ministerio
1379 2503 1543 2559 Isaias
1594 2506 2087 2578 propagationem

422 2586 552 2641 vita:
588 2587 649 2641 in
680 2589 1022 2658 quindecim
1057 2607 1250 2649 annos
1286 2592 1584 2661 obtinuit;
1619 2612 1751 2666 quas
1784 2596 1835 2650 ei
1866 2599 2090 2654 confir-

420 2681 581 2733 mata
610 2681 701 2731 est
730 2678 1071 2752 prodigioso
1108 2681 1251 2737 solis
1282 2698 1390 2754 per
1419 2682 1624 2739 decem
1643 2685 1861 2757 gradus
1882 2686 2085 2743 adver-

419 2785 519 2823 sus
551 2786 725 2826 suum
761 2773 1099 2829 naturalem
1124 2790 1365 2830 cursum
1419 2775 1637 2842 reditu,
1671 2795 1788 2849 quo
1822 2778 1949 2835 dies
1980 2796 2086 2853 per

419 2863 609 2917 totum
633 2867 925 2919 terrarum
951 2864 1160 2921 orbem
1192 2866 1355 2925 horis
1389 2868 1454 2921 10
1477 2873 1687 2924 auctus
1709 2872 1777 2924 22
1800 2870 2083 2929 horarum

417 2948 550 3017 fuit,
585 2966 812 3022 suaque
834 2957 1007 3008 nocte
1026 2954 1236 3011 caruit.
1272 2957 1324 3011 Is
1356 2971 1460 3011 rex
1488 2959 1873 3027 quantumvis
1904 2960 2079 3018 casti-

423 3043 527 3095 tati
560 3041 818 3110 deditus,
850 3060 885 3100 a
909 3046 1118 3102 morbo
1150 3052 1352 3103 tamen
1393 3064 1731 3124 resurgens,
1784 3056 1916 3110 voto
1947 3070 2083 3111 con~

420 3135 591 3202 cepto
605 3130 810 3188 liberis
834 3150 1079 3206 Operam
1095 3136 1276 3191 dedit.
1293 3136 1457 3192 Idem
1475 3145 1815 3209 serpentem
1836 3158 2081 3212 aereum,

2205 1962 2302 2036 μὲν
2331 1964 2485 2037 γένος
2515 1967 2652 2022 κατὰ
2708 1963 2975 2045 διαδοχὴν
3032 1971 3139 2027 ἀπὸ
3178 1962 3459 2050 Ἀρϐάκου
3489 1962 3841 2056 ἐϐασίλευσεν,

2198 2051 2234 2120 ἡ
2268 2048 2325 2106 δὲ
2356 2051 2610 2126 βασιλεία
2640 2056 2735 2147 καῖ
2760 2058 3065 2133 Ἀσσυρίων
3114 2048 3335 2138 ἐλέγετο
3378 2062 3474 2122 διὰ
3526 2069 3588 2124 τὸ
3640 2048 3835 2147 εὐγενὲς

2199 2141 2287 2195 καὶ
2323 2141 2556 2197 παλαιὸν
2582 2151 2683 2213 τῆς
2715 2146 2897 2226 ἀρχῆς
2953 2149 3046 2204 καὶ
3073 2151 3138 2206 τὸ
3165 2159 3267 2222 τῆς
3329 2156 3525 2230 χώρας
3569 2141 3754 2233 ὄνομαο
3812 2164 3838 2217 ὁ

2199 2227 2304 2304 γὰρ
2333 2235 2441 2284 τῶν
2488 2233 2789 2309 ’Δσσυρίων
2845 2236 3005 2299 οὗτος
3075 2227 3504 2314 βασιλεὺςηὺ-πὸ
3569 2227 3675 2317 τὴν
3721 2252 3842 2325 ἠγε-

2202 2320 2393 2393 μονίαν
2426 2319 2633 2391 Μήδων
2689 2322 2763 2379 ὢν
2820 2328 3125 2404 ’Δσσυρίων
3176 2332 3443 2407 βασιλεὺς
3489 2339 3735 2409 κατέστη.
3770 2319 3847 2400 ’Ὁ

2196 2409 2381 2467 τοίνυν
2444 2412 2685 2485 Ἐζεκίας
2740 2421 2821 2490 τῷ
2881 2420 2939 2473 ιε’
3022 2418 3125 2477 ἔτει
3178 2430 3278 2494 τῆς
3338 2425 3630 2501 βασιλείας
3686 2431 3839 2487 αὐτοῦ

2197 2503 2432 2572 νοσήσας
2490 2507 2626 2579 πρὸς
2689 2504 2911 2569 θάνατον
2965 2514 3284 2585 προσθήκην
3348 2522 3504 2587 ζωῆς
3552 2514 3712 2575 ἔλαϐε
3761 2518 3842 2577 διὰ

2194 2588 2420 2651 Ἡσαΐου
2503 2590 2637 2648 ἐτῶν
2699 2604 2774 2653 ιε’.
2836 2597 2938 2654 Καὶ
3004 2606 3292 2659 πιστοῦται
3349 2611 3527 2663 ταῦτα
3593 2606 3680 2665 διὰ
3751 2616 3842 2667 τοῦ

2192 2679 2504 2757 παραδόξου
2551 2685 2787 2758 σημείου
2839 2695 2941 2758 τῆς
2998 2689 3262 2751 ἐπανόδου
3319 2696 3519 2767 ἡλίου,
3549 2707 3649 2771 τῆς
3705 2723 3847 2778 φυσι-

2191 2772 2294 2840 κῆς
2357 2775 2629 2845 κινήσεως
2680 2772 2808 2832 δέκα
2866 2780 3116 2854 βαθμοὺς
3186 2784 3602 2861 ἀναποδισάσης
3680 2772 3836 2868 ἤνουν

2194 2857 2322 2919 δέκα
2354 2862 2500 2937 ὥρας
2523 2866 2645 2929 καθ’
2673 2865 2811 2939 ὃλην
2865 2869 2964 2938 τήν
3030 2871 3383 2948 οἰκουμένην,
3451 2879 3524 2943 ὡς
3557 2881 3692 2937 εἶναι
3745 2884 3839 2952 τὴν

2190 2949 2403 3026 ἡμέραν
2435 2951 2647 3024 ἐκείνην
2683 2956 2853 3029 μόνην
2889 2960 3067 3035 χωρὶς
3111 2969 3211 3032 τῆς
3274 2962 3422 3030 ἰδίας
3474 2971 3661 3034 νυκτὸς
3692 2949 3841 3046 ὡριῖιν

2190 3038 2297 3115 κβ“.
2327 3041 2503 3104 Οὗτος
2562 3042 2653 3097 καὶ
2712 3047 3063 3123 σωφροσύνην
3122 3052 3299 3108 ἀσκῶν
3360 3054 3479 3112 ἀπὸ
3537 3064 3636 3128 τῆς
3688 3058 3838 3115 νόσου

2192 3127 2422 3194 ἀναστὰς
2480 3130 2680 3202 ηὔξατο
2739 3132 3158 3207 παιδοποιῆσαι.
3217 3142 3393 3206 Οὗτος
3459 3146 3553 3201 τὸν
3611 3148 3727 3227 ὅφιν
3782 3147 3835 3203 ὅν

419 3236 597 3291 quem
628 3222 690 3276 in
725 3223 1047 3279 solitudine
1100 3227 1289 3282 Moses
1339 3229 1750 3299 suspenderat,
1803 3231 2076 3304 deposuit

2193 3215 2457 3292 ἐκρέμασε
2506 3221 2751 3291 Μωϋσῆς
2800 3223 2852 3279 ἐν
2907 3230 2975 3292 τῆ
3032 3227 3250 3305 ἐρήμῳ,
3308 3233 3541 3297 καθεῖλε
3591 3215 3676 3293 καῖ
3706 3237 3841 3293 ἐχώ-

417 3313 595 3381 atque
627 3311 924 3379 conﬂavit,
972 3313 1131 3385 quod
1182 3314 1233 3370 ei
1279 3315 1534 3388 populus
1582 3316 1869 3377 adoleret.
1920 3320 2073 3386 Quin

416 3403 474 3455 et
504 3398 724 3454 librum
758 3400 1112 3473 Solomonis,
1136 3404 1233 3460 cui
1254 3404 1447 3461 omnis
1469 3406 1703 3472 generis
1724 3407 2072 3467 morborum

413 3487 678 3544 remedia
700 3489 887 3547 incisa
906 3497 1096 3560 erant,
1122 3498 1451 3551 crematum
1476 3495 1546 3550 de
1571 3496 1768 3552 medio
1791 3499 2075 3567 sustulit;

414 3580 475 3631 et
504 3576 772 3647 ejusdem
806 3578 991 3635 libros
1022 3580 1093 3637 de
1119 3583 1691 3657 comparationibus,
1719 3592 1778 3641 et
1806 3588 2073 3647 carmina

414 3665 476 3721 in
508 3666 724 3736 quibus
756 3666 828 3723 de
859 3669 1137 3740 stirpium
1170 3676 1349 3744 atque
1399 3673 1752 3731 animalium
1799 3679 2070 3735 omnium

413 3758 810 3824 terrestrium,
843 3759 1171 3819 volucrium
1195 3769 1254 3819 et
1273 3765 1602 3821 natantiam
1622 3772 1858 3836 natura,
1881 3787 2069 3827 reme-

415 3843 648 3918 diisque
675 3849 942 3905 omnium
991 3851 1337 3910 morborum
1389 3853 1528 3910 inde
1578 3858 1850 3927 petendis
1882 3859 2069 3918 disse-

413 3939 614 3989 ruerat
644 3935 825 4008 (unde
858 3937 1195 3995 Graecorum
1220 3939 1436 3998 medici
1459 3944 1773 4001 materiam
1798 3948 2069 4004 suffurati

414 4022 562 4077 l9l
629 4039 764 4081 suas
791 4029 947 4081 artes
1005 4028 1465 4097 constituerunt)
1498 4031 1848 4104 combussit,
1892 4036 2069 4093 sicuti

410 4111 748 4179 retulimus,
778 4115 917 4186 quia
938 4115 1193 4187 populus
1224 4134 1297 4175 ex
1327 4118 1400 4174 iis
1424 4120 1692 4179 remedia
1722 4123 2067 4185 morborum

408 4205 618 4274 petens
649 4219 683 4258 a
730 4203 847 4259 Deo
907 4205 1223 4263 sanitatem
1277 4224 1524 4281 poscere
1565 4212 1919 4288 negligebat.
1953 4217 2065 4273 Re-

408 4297 626 4365 gnante
657 4294 904 4350 Ezechia
947 4294 1010 4351 in
1059 4295 1325 4354 Judaaam
1355 4298 1557 4371 copias
1605 4300 1852 4363 adduxit
1881 4304 2064 4363 Sena—

410 4382 707 4448 cheribus,
744 4385 1206 4444 Salmanassaris
1238 4405 1567 4447 successor.
1617 4391 1725 4458 Qui
1758 4410 1894 4455 cum
1935 4395 2063 4468 glo-

410 4473 569 4527 riose
608 4473 797 4529 multa
843 4476 908 4531 in
978 4476 1291 4535 Dominum
1334 4488 1391 4535 el
1432 4481 1720 4553 populum
1777 4484 1906 4556 ejus
1960 4485 2062 4542 de-

2188 3327 2391 3403 νευσεν,
2424 3309 2507 3364 ὃτι
2541 3310 2688 3403 αύτῷ
2719 3310 2917 3387 ἐθυμία
2947 3317 2977 3372 6
3036 3315 3187 3383 λαός.
3247 3321 3438 3380 Ἀλλὰ
3494 3328 3583 3382 καί
3638 3323 3839 3403 βιϐλίον

2182 3393 2578 3490 Σολομῷντος,
2607 3399 2940 3479 ἰαματήριον
2982 3406 3180 3472 παντὸς
3236 3411 3453 3477 πάθους
3508 3393 3839 3490 έγκεκολαμ-

2184 3485 2365 3560 μένον,
2398 3487 2645 3559 ἆξέκαυσε
2674 3490 2762 3546 καὶ
2822 3494 3075 3570 ἠφάνισε,
3132 3500 3227 3562 τάς
3285 3522 3343 3557 τε
3401 3506 3535 3579 περὶ
3591 3511 3697 3562 τῶν
3742 3527 3836 3561 πα-

2187 3568 2443 3649 ραϐολῶν
2488 3579 2575 3633 καὶ
2640 3578 2821 3652 ᾠδῶν,
2883 3581 2935 3639 έν
2998 3585 3082 3648 αἷς
3139 3589 3263 3665 περὶ
3335 3595 3453 3649 τῶν
3512 3600 3689 3673 φυτῶν
3754 3594 3839 3650 καὶ

2180 3666 2455 3721 παντοίων
2519 3669 2672 3737 ζώων
2728 3672 3074 3751 φυσιολογία,
3136 3681 3419 3758 χερσαίων
3481 3666 3734 3742 πετεινῶν
3788 3704 3843 3739 τε

2179 3754 2272 3809 καὶ
2298 3759 2538 3827 νηκτῶν,
2593 3760 2681 3814 καὶ
2744 3760 2990 3835 ἰαμάτων
3049 3754 3255 3833 πάθους
3297 3773 3525 3845 παντὸς,
3553 3773 3834 3851 γραφείσας

2180 3841 2350 3916 αὐτῷ,
2411 3845 2501 3926 ἀφ’
2552 3847 2624 3902 ὧν
2679 3848 2767 3904 καὶ
2830 3852 2880 3906 o't
2951 3858 3058 3909 τῶν
3120 3855 3407 3929 Ἐλλήνων
3503 3841 3836 3944 turpet-piata!

2182 3934 2630 4028 σξρετερισάμενοι
2713 3941 2803 3995 καὶ
2882 3942 2979 4007 τὰς
3060 3945 3312 4025 ἀφορμάς
3388 3934 3691 4028 εἰληφότες
3742 3953 3830 4013 τᾶς

2182 4019 2325 4086 ἰδίας
2359 4028 2753 4099 συνεστήσαντο
2781 4030 3002 4107 τέχνας.
3046 4019 3225 4093 Ταῦτα
3278 4039 3471 4098 τοίνυν
3513 4019 3592 4098 τὰ
3650 4038 3835 4120 βιϐλία

2177 4114 2423 4202 Ἑζεκίας
2461 4120 2805 4185 κατακαύσας
2847 4121 3025 4202 ἀφανῆ
3083 4124 3358 4200 ἐποίησεν,
3432 4133 3510 4195 ὡς
3564 4114 3831 4198 λέλεκται,

2176 4199 2368 4273 amas;
2416 4204 2511 4267 τὰς
2572 4208 2857 4283 θεραπείας
2895 4199 3027 4268 τῶν
3092 4199 3422 4291 νοσημάτων
3471 4217 3616 4280 ἔνθεν
3672 4245 3834 4298 κομι-

2177 4293 2403 4367 ζόμενος
2428 4297 2456 4351 6
2489 4293 2622 4360 λαὸς
2652 4300 2898 4378 περιώρα
2925 4303 3022 4366 τὰς
3055 4304 3225 4371 ἰάσεις
3276 4308 3448 4367 αἰτεῖν
3477 4313 3628 4388 παρᾶ
3676 4293 3827 4370 Θεοῦ.

2175 4391 2263 4449 Ἐν
2295 4387 2518 4453 ταύταις
2546 4395 2664 4454 ταῖς
2696 4393 2932 4469 ἡμέραις
2983 4399 3080 4452 τοῦ
3138 4399 3381 4468 Ἐζεκίου
3440 4387 3605 4474 ἀνέϐη
3668 4411 3830 4460 Σενα-

2175 4480 2389 4557 χηριὶμ
2417 4479 2446 4535 ό
2479 4477 2741 4558 διάδοχος
2768 4483 3158 4562 Σαλμανασάρ·
3221 4489 3311 4545 καὶ
3370 4489 3609 4549 πλεῖστα
3669 4514 3829 4569 μεγα-

410 4560 785 4631 blaterasset,
834 4563 1100 4623 irritatus
1132 4573 1221 4624 est
1276 4569 1326 4625 is
1373 4571 1473 4642 qui
1506 4572 1759 4629 consilia
1794 4577 2060 4644 gentium

2188 4570 2693 4646 ιορῥημονήσαντος
2751 4574 2887 4630 κατὰ
2942 4581 3041 4632 τοῦ
3095 4580 3303 4653 Κυρίου
3360 4583 3454 4636 καὶ
3541 4585 3681 4640 κατὰ
3734 4586 3827 4638 τοῦ

411 4651 664 4723 dissipat
694 4658 752 4709 et
780 4656 1136 4727 populorum
1164 4660 1550 4732 cogitationes
1580 4663 1779 4720 irritas
1821 4666 1964 4722 facit
1991 4685 2061 4725 ac

411 4740 660 4798 consilia
717 4744 1055 4818 principum
1108 4747 1315 4805 eludit.
1374 4750 1450 4818 Is,
1490 4752 1674 4809 misso
1714 4756 1942 4829 angelo,
1989 4758 2062 4814 de

413 4832 675 4888 exercitu
704 4836 1085 4908 Assyriorum
1113 4839 1307 4896 millia
1342 4841 1437 4897 1⁸5
1460 4841 1774 4901 interfecit.
1809 4848 1895 4905 Ita
1924 4865 2061 4906 cum

408 4919 698 4979 dedecore
732 4932 789 4980 et
822 4926 985 4982 rabie
1010 4926 1261 4986 Niniven
1308 4947 1579 4990 reversus
1623 4934 2061 4996 Senacheribus

408 5013 470 5069 in
521 5014 781 5087 captivos
837 5032 871 5070 a
915 5016 1358 5077 Salmanassare
1408 5020 1699 5080 obductos
1750 5027 2063 5086 lsraelicos

402 5119 619 5178 magna
648 5104 808 5162 crede
839 5106 1125 5163 desaeviit.
1152 5108 1339 5174 Quem
1383 5126 1525 5168 mox
1565 5113 1764 5172 divina
1793 5117 1941 5176 ultio
1970 5118 2059 5176 in-

402 5202 604 5251 secuto
636 5213 879 5261 suorum
939 5197 1201 5254 ﬁliorum
1250 5200 1526 5264 manibus
1585 5205 1823 5276 occidit,
1869 5224 2063 5280 eaque

390 5282 556 5355 justa
581 5302 693 5342 nex
738 5286 1025 5359 injustam
1075 5289 1444 5361 captivorum
1487 5294 1861 5355 occidionem
1892 5298 2057 5356 seda-

400 5373 500 5428 vit.

472 5531 597 5587 'r‘uit
618 5536 743 5588 tum
766 5534 922 5591 inter
933 5536 1193 5608 captivos
1214 5537 1393 5595 homo
1417 5540 1660 5613 quidam
1682 5545 2048 5621 misericors,

398 5620 635 5676 nomine
664 5621 895 5691 Tobias,
920 5626 1021 5692 qui
1049 5625 1110 5681 in
1154 5628 1501 5701 sepeliendo
1554 5631 1901 5694 interfectos
1942 5620 2045 5698 Jué

2170 4659 2307 4717 λαοῦ
2338 4659 2525 4731 αὐτοῦ,
2557 4663 2878 4737 παρεκλήθη
2923 4665 2951 4720 6
3010 4662 3377 4739 διασκεδάζων
3418 4670 3629 4746 βουλὰς
3658 4672 3823 4738 ἐθνῶν

2168 4750 2259 4805 καὶ
2290 4751 2491 4815 ἀθετῶν
2525 4749 2827 4839 λογισμοὺς
2886 4752 3032 4811 λαῶν
3086 4757 3178 4813 καὶ
3242 4757 3448 4835 βουλὰς
3509 4763 3823 4839 ἀρχόντων,

2167 4840 2260 4896 καὶ
2319 4838 2647 4904 ἁποστείλας
2702 4842 2936 4920 ἄγγελον
2990 4845 3205 4903 ἀνεῖλεν
3262 4846 3323 4904 ἐκ
3376 4857 3481 4921 τῆς
3538 4838 3820 4928 παρεμϐο-

2169 4928 2274 5000 λῆς
2317 4933 2425 4985 τῶν
2475 4931 2769 5006 Ἀσσυρίων
2836 4931 3093 5009 χιλιάδας
3150 4938 3282 5011 pm’.
3346 4939 3445 4996 Καὶ
3506 4940 3656 4996 οὕτω
3710 4940 3823 5014 μετ⁹

2168 5017 2440 5095 αἰσχύνης
2482 5020 2571 5076 καὶ
2629 5022 2832 5094 λύσσης
2885 5025 2914 5079 6
2979 5026 3333 5102 Σεναχηρεὶμ
3398 5029 3692 5100 ἀναζεύξας
3750 5028 3825 5093 εἰς

2166 5109 2353 5166 Νινευΐ
2410 5106 2601 5175 δεινῶς
2649 5111 2839 5187 ἀνῄρει
2898 5114 3025 5177 τοὺς
3102 5115 3651 5191 αἰχμαλωτισθέντας
3720 5118 3820 5175 ὑπὸ

2167 5197 2533 5276 Σαλμανασᾶῳ
2564 5200 2670 5257 ἀπὸ
2703 5204 3010 5277 Σαμαρείας
3033 5208 3130 5261 τοῦ
3189 5207 3431 5282 Ἰσραήλ.
3500 5211 3602 5268 Ὄν
3631 5208 3821 5265 αὐτίκα

2163 5286 2278 5344 θεία
2328 5285 2451 5360 δίκη
2515 5289 2870 5365 μετελθοῦσα,
2925 5294 3016 5350 καὶ
3077 5294 3180 5351 ὑπό
3230 5301 3339 5353 τῶν
3398 5294 3561 5354 ἲδίων
3614 5299 3816 5355 τέκνων

2162 5376 2558 5455 ἀναιρεθέντος,
2615 5382 2831 5455 ἀπαύθη
2890 5390 2993 5454 τῆς
3088 5384 3484 5463 αἰχμαλωσίας
3543 5390 3583 5460 ἡ
3638 5386 3816 5450 ἕδικος

2160 5469 2343 5543 σφαγή
2376 5464 2464 5524 διὰ
2493 5476 2591 5539 τῆς
2623 5467 2838 5526 ἐνδίκου
2869 5471 3220 5549 ἀναιρέσεως.

2232 5556 2318 5630 [Ρ.
2355 5559 2478 5631 109]
2523 5561 2609 5615 Ἓν
2664 5559 2835 5635 ταύτῃ
2904 5564 2972 5636 τῇ
3032 5561 3395 5639 αἰχμαλωσίᾳ
3467 5563 3688 5636 ὑπῆρχέ
3743 5585 3822 5629 τις

2156 5640 2412 5726 έλεήμων
2481 5644 2763 5724 ἄνθρωπος
2820 5646 3063 5726 τοῦνομα
3115 5646 3340 5724 Τωϐἠτ,
3423 5652 3522 5709 καὶ
3592 5650 3813 5724 πολλὴν

388 5710 545 5766 (lusos
576 5710 830 5767 multum
880 5729 1074 5785 operm
1116 5716 1525 5789 impendebat.
1577 5721 1702 5789 Qua
1760 5726 1833 5784 de
1864 5743 2045 5795 causa

2188 5710 2305 5792 χωζί
2359 5710 2603 5813 σπουδὴν
2658 5735 2737 5801 εἷς
2791 5738 2853 5794 τὸ
2906 5710 3124 5809 θάπτειν
3182 5710 3813 5817 τούξᾶποθνήσκοντιίς
