4142 6434
1430 314 1974 403 ιιιδτοιιιΑιιυεί
2018 310 2568 393 GOMPENDIUM.

3587 334 3709 398 226

274 472 721 533 τῶνἸουδαίων.
758 475 893 553 Περὶ
949 475 1024 531 ὧν
1091 475 1180 531 καὶ
1233 470 1555 547 διαϐληθεὶς
1612 475 1694 545 τῷ
1723 441 1944 547 βασιλεῖ

2072 452 2222 539 apud
2252 438 2453 540 regem
2485 453 2738 536 delatus,
2764 483 2899 525 cum
2930 468 3042 525 sibi
3058 468 3196 543 fuga
3235 459 3635 530 consuluisset
3664 481 3725 529 et

286 566 378 623 καὶ
409 564 591 646 φυγὼν
645 565 928 640 ἐκοιμήθη
988 559 1088 640 ἔξω
1142 568 1240 621 τοῦ
1295 564 1537 641 τείχους·
1570 560 1661 619 καί
1691 561 1767 623 ὡς
1796 557 1959 615 εἴωθε

288 656 560 717 πολλάκις
615 656 887 732 γίνεσθαι,
941 655 1297 728 καιμώμενος
1349 653 1601 716 καὶτοὺς
1632 648 1954 733 ὀφθαλμοὺς

286 745 677 823 ἠνεῳγμένους
724 741 898 821 ἔχων,
946 744 1037 801 καὶ
1082 747 1384 819 στρουθίων
1418 741 1832 822 ἀφοδευσὰντων
1879 740 1956 802 εἰς

291 836 421 899 τοὺς
462 833 790 916 ὀφθαλμοὺς
849 834 1038 906 αὐτοῦ,
1098 835 1430 910 λευκώματα
1483 831 1805 905 πεποίηκεν.
1855 831 1956 915 Ἢν

290 924 352 982 δὲ
407 910 518 981 καὶ·
553 929 610 981 ὶν
665 920 1027 988 Ἐκϐατάνοις
1078 926 1216 1001 κόρη
1278 927 1549 1003 συγγενὴς
1599 924 1790 991 αύτοῦ,
1833 910 1971 992 ἥτις

291 1016 427 1071 ἱπτᾶ
490 1013 689 1091 ἄνδρας
748 1010 1016 1084 λαϐοῦσα,
1090 1015 1179 1071 καὶ
1261 1015 1479 1071 πάντων
1537 1015 1643 1070 ὕπὸ
1695 1009 1957 1085 δαίμονος

294 1106 701 1182 ἀναιρουμένων
756 1104 866 1180 πρὸ
920 1108 1019 1160 τοῦ
1077 1109 1276 1182 γνῶναι
1333 1104 1554 1175 ταύτην,
1600 1101 1819 1174 ηὔξατο.
1855 1100 1958 1159 Καὶ

288 1191 609 1251 ἀπέστειλεν
644 1194 782 1269 αὖτῇ
815 1194 1020 1269 βοηθὸν
1067 1194 1095 1249 ὁ
1144 1194 1275 1257 Θεὸς
1306 1194 1400 1249 τὸν
1431 1190 1657 1270 ἄγγελον
1688 1188 1957 1271 Ῥαφαήλ.

287 1286 354 1343 Ὀ
390 1283 486 1338 οῦν
511 1279 716 1355 Τωόἠν
778 1281 1151 1359 παραγγείλας
1204 1288 1286 1355 τῷ
1341 1285 1445 1355 υίῷ
1490 1282 1654 1338 αὐτοῦ
1683 1276 1851 1353 Τοῦίᾳ
1879 1281 1957 1355 μή

290 1368 486 1429 λαϐεῖν
533 1371 855 1449 ἀλλαχόθεν
899 1378 1126 1449 γυναῖκα
1172 1371 1223 1428 εἲ
1274 1374 1351 1445 μὴ
1403 1370 1463 1427 ἐκ
1506 1374 1606 1440 τῆς
1651 1369 1830 1448 φυλῆς
1869 1368 1960 1425 καὶ

285 1466 388 1519 τοῦ
443 1462 637 1539 γένους
697 1460 865 1517 αὐτοῦ
924 1462 1064 1517 κατὰ
1118 1461 1213 1516 τὸν
1264 1461 1462 1535 νόμον,
1530 1457 1752 1516 δίδωσιν
1812 1459 1962 1531 αὐτῷ

289 1551 669 1630 χειρόγραφον
732 1549 860 1624 περὶ
924 1548 1210 1607 ταλάντων
1276 1547 1406 1606 δέκα
1475 1549 1706 1629 χρυσίου
1772 1548 1805 1604 ἃ
1869 1546 1961 1603 καὶ

287 1643 563 1716 παρέθετο
595 1640 648 1696 έν
677 1643 747 1714 τῇ
783 1636 988 1712 Μηδίᾳ,
1038 1640 1177 1716 πρὸς
1229 1641 1292 1695 τὸ
1346 1638 1600 1703 ἀπελθεῖν
1651 1638 1741 1694 καὶ
1774 1634 1963 1693 λαϐεῖν

288 1729 429 1785 αὐτὰ
466 1727 560 1785 διὰ
587 1728 819 1804 τάχους.
875 1731 989 1785 Τοῦ
1041 1726 1099 1784 δὲ
1153 1726 1350 1790 παιδὸς
1380 1732 1678 1799 ζητοῦντος
1718 1723 1961 1782 συνοδοι-

2068 562 2234 613 extra
2263 558 2481 614 mcenia
2510 558 2799 616 dormiret
2827 560 3068 633 apertis,
3100 566 3166 616 ut
3206 578 3361 634 saepe
3384 563 3470 628 ﬁt,
3503 564 3720 634 oculis,

2064 666 2337 723 passeres
2368 653 2431 708 in
2462 652 2665 709 oculos
2697 652 2828 723 ejus
2861 658 3088 709 stercus
3123 654 3491 727 dejecerunt,
3526 674 3720 728 eoque

2065 757 2208 797 casu
2238 741 2299 796 in
2321 742 2920 815 albuginem,incidit.
2969 746 3108 801 Erat
3155 745 3470 801 Ecbatanis
3518 747 3719 818 puella

2064 830 2262 902 ipsum
2316 831 2669 903 cognatione
2723 833 3058 906 attingens;
3115 852 3244 907 quae
3304 852 3438 891 cum
3499 836 3719 907 septies

2064 919 2387 991 nupsisset,
2461 937 2832 993 sponsosque
2902 922 3167 995 singulos
3242 925 3395 980 192
3481 924 3717 979 daemon

2065 1010 2414 1082 priusquam
2447 1027 2570 1065 rem
2618 1026 2754 1066 cum
2809 1027 3026 1083 sponsa
3083 1012 3372 1068 haberent
3427 1018 3724 1081 necasset,

2068 1104 2252 1155 Deum
2267 1100 2543 1172 precibus
2566 1100 3019 1173 interpellabat;
3044 1101 3213 1175 isque
3246 1105 3298 1159 ei
3318 1104 3537 1160 auxilio
3559 1105 3721 1159 misit

2066 1191 2344 1264 angelum
2366 1191 2754 1263 Raphaelum.
2772 1193 3314 1249 Enimu‘eroTobias
3339 1194 3525 1249 filium
3552 1211 3726 1249 suum

2066 1280 2339 1336 hortatus
2370 1298 2444 1337 ne
2462 1280 2714 1336 'aliunde
2746 1298 2926 1352 quam
2959 1300 3027 1338 ex
3053 1299 3160 1338 sua
3189 1283 3369 1354 stirpe
3403 1288 3462 1337 et
3504 1299 3720 1356 genere

2068 1388 2176 1426 suo
2206 1387 2450 1426 uxorem
2474 1371 2735 1441 duceret,
2766 1373 2939 1427 sicuti
2972 1372 3064 1428 lex
3100 1372 3441 1438 mandabat,
3483 1388 3617 1428 eum
3648 1372 3723 1427 ad

2067 1459 2394 1531 repetenda
2422 1476 2600 1533 quam
2631 1460 2891 1532 primum
2917 1461 3123 1517 decem
3154 1460 3399 1529 talenta,
3432 1479 3562 1532 quae
3596 1461 3723 1532 ipse

2070 1549 2373 1620 quondam
2414 1548 2476 1604 in
2506 1548 2693 1605 Media
2749 1549 3127 1622 deposuerat,
3188 1568 3323 1607 cum
3387 1550 3725 1623 syngrapha

2070 1637 2270 1693 mittit.
2304 1638 2489 1693 Eilius
2520 1638 2752 1694 itineris
2774 1640 3054 1695 comitem
3089 1657 3156 1696 ac
3186 1640 3398 1696 ducem
3437 1657 3725 1713 quaerem,

2070 1727 2229 1798 quod
2259 1728 2412 1783 viam
2448 1728 2764 1800 ignoraret,
2799 1729 3010 1784 divina)
3036 1729 3420 1802 providentiae
3452 1730 3633 1786 ductu
3664 1730 3725 1785 in

290 1820 467 1895 πόρον
498 1817 576 1883 ὡς
603 1819 705 1888 τὴν
765 1814 891 1873 ὁδὸν
950 1816 1295 1895 ἀγνοοῦντος,
1357 1814 1593 1892 εὑρίσκει
1644 1818 1778 1872 Θεοῦ
1825 1834 1956 1887 προ-

2072 1817 2435 1897 Raphaelum
2467 1817 2679 1873 incidit
2734 1818 2841 1873 sub
2874 1819 2983 1876 viri
3044 1820 3238 1891 specie
3285 1820 3345 1874 in
3401 1819 3527 1875 toro
3561 1824 3724 1875 stan-

290 1910 416 1981 νοία
444 1909 541 1963 τὸν
606 1905 858 1984 ἄγγελον.
926 1904 1177 1984 Ῥαφαὴλ
1240 1905 1317 1968 ὡς
1382 1902 1665 1981 ἄνθρωπον
1730 1903 1955 1959 ἑστῶτα-

292 2001 389 2057 ““Ον
461 1995 898 2071 μισθωσάμενος,
968 1994 1166 2051 εἰδέναι
1230 1995 1330 2064 τήν
1399 1992 1523 2050 ὁδὸν
1598 1994 1824 2068 Λέγοντα
1869 1990 1959 2047 καὶ

304 2087 549 2162 Ἀζαρίαν
608 2085 1045 2160 ὀνομαζόμενον,
1095 2081 1370 2140 συνοδεύει
1416 2084 1617 2156 τούτῳ.
1671 2081 1767 2137 Καὶ
1809 2078 1961 2137 διελ-

311 2175 511 2230 θόντων
537 2174 712 2230 αὐτῶν
745 2174 826 2236 εἷς
866 2176 959 2230 τὸν
1019 2175 1267 2248 ποταμὸν
1320 2173 1534 2248 Τίγριν,
1584 2173 1802 2228 καὶτοῦ
1831 2191 1959 2227 παι-

312 2261 407 2326 δὸς
439 2264 760 2327 εἰσελθόντος
799 2262 1120 2333 λούσασθαι,
1153 2264 1244 2321 καὶ
1292 2263 1490 2340 ἰχθύος
1532 2261 1680 2334 αὐτῷ
1713 2258 1959 2338 μεγάλου

305 2352 767 2427 έπιπηδήσαντος,
824 2355 979 2411 εἶπεν
1034 2354 1183 2428 αὐτῷ
1232 2355 1261 2410 ό
1318 2352 1553 2432 ἄγγελος
1609 2347 1958 2409 ἐπιλαϐέσθαι

293 2449 395 2502 τοῦ
448 2444 639 2520 ἰχθύος
686 2445 779 2499 καὶ
832 2449 1017 2517 τεμεῖν
1078 2443 1244 2499 αὐτοῦ
1293 2445 1393 2515 τήν
1430 2443 1686 2519 γαστέρα,
1734 2441 1824 2496 καὶ
1855 2437 1958 2495 λα·

293 2528 412 2587 δεῖν
443 2532 508 2587 τό
535 2553 598 2588 τε
622 2534 775 2608 ἧπαρ
819 2533 912 2587 καὶ
960 2532 1063 2600 τήν
1108 2530 1333 2606 καρδίαν
1379 2532 1470 2587 καὶ
1498 2532 1598 2602 τήν
1631 2529 1836 2606 χολὴν,
1868 2529 1960 2584 καὶ

292 2619 610 2697 ᾳυλαττειν.
637 2624 750 2678 Τοῦ
793 2618 851 2677 δὲ
880 2620 1289 2695 πυνθανομένου
1336 2621 1399 2676 τὸ
1447 2622 1729 2698 χρήσιμον
1764 2618 1959 2689 αὐτῶν,

294 2737 326 2766 οι
359 2714 439 2769 Τὸ
477 2711 574 2786 μὶν
602 2714 776 2787 ἧπαρ,
810 2711 967 2790 φησὶ,
999 2710 1088 2766 καὶ
1131 2714 1166 2781 ἡ
1196 2709 1393 2787 καρδία
1422 2712 1748 2785 θυμιώμενα
1773 2708 1960 2766 διώκει

299 2797 594 2874 δαίμονας,
622 2803 659 2871 ἡ
694 2798 752 2856 δὲ
801 2799 950 2875 χολή
1006 2802 1287 2877 καθαρίζει
1320 2800 1669 2875 λευκώματα.
1703 2824 1731 2853 ››
1763 2800 1902 2857 Εἶτα
1931 2799 1960 2853 ὁ

300 2892 399 2964 μὲν
428 2895 559 2952 παῖς
619 2884 895 2963 λαμϐάνει
948 2890 1048 2958 τὴν
1104 2888 1164 2945 ἐκ
1212 2892 1311 2946 τοῦ
1363 2891 1554 2965 γένους
1609 2889 1778 2944 αὐτοῦ
1823 2908 1962 2964 προ-

295 2977 592 3054 λεχθεῖσαν
622 2978 795 3052 κόρην
827 2978 904 3041 είς
953 2984 1201 3055 γυναῖκα,
1247 2982 1319 3053 τῇ
1370 2973 1683 3052 συμϐουλίᾳ
1711 2977 1802 3033 καὶ
1833 2997 1960 3031 συν-

292 3067 448 3143 εργία
485 3071 589 3123 τοῦ
617 3067 858 3144 ἀγγέλου
892 3065 1227 3144 διωχθέντας
1281 3071 1378 3124 τὸῦ
1423 3071 1670 3142 πονηροῦ
1702 3062 1960 3140 δαίμονος

293 3156 347 3211 ἰν
379 3162 461 3228 τῷ
519 3156 828 3230 θυμιάματι
883 3156 1083 3231 τούτῷ.
1145 3156 1243 3213 Καὶ
1306 3155 1629 3235 ὑποστρέφει
1691 3156 1826 3230 μετὰ
1863 3158 1959 3211 τοῦ

434 3216 443 3228 .
526 3216 602 3230 ν.
697 3216 708 3230 ,
1036 3216 1046 3231 .
1482 3216 1492 3232 .
1555 3216 1565 3235 .
1691 3216 1701 3230 .

293 3242 494 3307 παιδὸς
553 3246 645 3301 καὶ
700 3252 805 3315 τῆς
859 3246 1112 3323 γυναικὸς
1164 3244 1332 3301 αὐτοῦ
1387 3246 1522 3320 πρὸς
1585 3246 1676 3300 τὸν
1754 3242 1959 3319 πατέρα
1990 3216 2034 3284 c

292 3329 520 3405 Tw6rﬁ1'
581 3334 644 3389 οὗ
702 3336 832 3397 τοὺς
892 3334 1218 3414 ὀφθαλμοὺς
1275 3336 1303 3390 ὁ
1360 3340 1487 3397 παῖς
1543 3337 1613 3408 τῇ
1674 3331 1825 3410 χολῇ
1864 3338 1961 3389 τοῦ

293 3421 493 3498 ἰχθύος
523 3422 841 3500 ἰπίχρίσας,
874 3424 964 3479 καί
1009 3423 1248 3498 παρευθὺ
1298 3419 1500 3489 Τωϐἠτ
1529 3419 1959 3496 ἀναϐλέψαντος,

288 3511 628 3589 ἐφανέρωσεν
684 3513 875 3568 ἑαυτὸν
927 3514 955 3568 6
1012 3510 1268 3589 ἄγγελος,
1359 3512 1442 3568 ὅτι
1523 3511 1622 3568 οὐκ
1673 3511 1962 3590 ἅνθρωπός

292 3600 470 3670 ἔστιν,
527 3600 678 3658 ἀλλᾶ
733 3601 883 3678 παρὰ
941 3606 1075 3659 Θεοῦ
1152 3600 1434 3674 ἀπεστάλη
1506 3603 1642 3670 πρὸς
1706 3602 1959 3679 βοήθειαν

2071 1911 2224 1974 tem;
2256 1907 2427 1979 cujus
2449 1907 2715 1963 Azariam
2743 1924 2803 1963 se
2846 1908 3213 1964 nominantis
3258 1913 3315 1963 et
3340 1909 3445 1963 viae
3479 1926 3540 1963 se
3581 1925 3723 1978 gna-

2070 2012 2202 2051 rum
2232 1997 2570 2069 proﬁtentis
2600 2012 2781 2069 opera
2809 1997 3120 2065 conducta,
3154 1999 3267 2053 iter
3298 2015 3365 2052 eo
3405 1998 3722 2053 comitatus

2069 2086 2420 2158 ingreditur.
2463 2086 2609 2141 Cum
2659 2085 2731 2141 ad
2762 2087 2960 2159 Tigrin
3007 2087 3249 2143 ﬂuvium
3290 2088 3722 2159 pervenissent,

2069 2193 2218 2249 puer
2269 2175 2504 2232 lavandi
2561 2193 2738 2232 causa
2774 2194 2992 2248 aquam
3026 2177 3328 2250 ingressus
3387 2184 3494 2248 est,
3551 2182 3727 2248 atque

2073 2265 2280 2337 ingens
2331 2264 2412 2320 ibi
2444 2265 2627 2336 piscis
2658 2282 2796 2321 eum
2824 2266 3054 2323 invasit.
3110 2269 3255 2323 Eum
3282 2267 3490 2340 jussus
3536 2272 3625 2321 est
3652 2265 3728 2321 ab

2070 2356 2279 2429 angelo
2310 2371 2544 2427 capere,
2578 2360 2637 2410 et
2666 2355 2922 2411 dissecto
2955 2362 3158 2412 ventre
3182 2358 3377 2429 jecur,
3411 2373 3514 2412 cor
3562 2362 3620 2412 et
3649 2354 3727 2411 fel

2072 2445 2331 2500 eximere
2361 2459 2429 2499 ac
2452 2460 2706 2500 servare.
2731 2445 2987 2518 Angelus
3010 2445 3081 2500 ad
3114 2445 3255 2516 quid
3282 2462 3353 2501 ea
3377 2445 3731 2517 prodessent

2072 2534 2492 2606 interrogatus,
2520 2532 2814 2605 jocinoris
2854 2538 2913 2588 et
2941 2534 3136 2590 cordis
3168 2534 3374 2590 sufﬁtu
3424 2534 3727 2590 daemones

2072 2622 2227 2694 abigi
2254 2620 2583 2692 respondit,
2615 2621 2755 2677 felle
2780 2620 3090 2695 albugines
3120 2622 3271 2678 tolli.
3301 2622 3554 2678 Proinde
3596 2639 3726 2677 eam

2071 2712 2144 2769 de
2169 2729 2287 2784 qua
2317 2711 2542 2767 dictum
2572 2716 2660 2766 est
2686 2711 2969 2783 puellam,
2995 2712 3497 2785 consanguineam
3530 2729 3723 2783 suam,

2071 2801 2267 2858 Tobias
2298 2801 2457 2857 filius
2484 2818 2730 2856 uxorem
2760 2801 2947 2870 duxit,
2980 2801 3174 2873 angeli
3196 2801 3447 2857 consilio
3481 2807 3540 2857 et
3568 2801 3733 2857 auxi-

2074 2890 2177 2959 lio,
2210 2889 2367 2945 malo
2398 2890 2668 2945 daemone
2716 2890 2764 2944 vi
2800 2891 2929 2963 ejus
2974 2890 3209 2947 sufﬁtus
3240 2890 3438 2965 fugato
3470 2909 3483 2959 ;
3534 2908 3731 2947 rever-

2075 2996 2294 3051 susque
2326 2995 2463 3034 eum
2494 2978 2710 3035 comite
2743 2996 2851 3035 suo
2883 2985 2942 3035 et
2984 2997 3168 3036 uxore
3199 2980 3273 3035 ad
3301 2986 3554 3053 patrem,
3586 2997 3729 3036 ocu-

2073 3067 2160 3125 los
2218 3069 2349 3142 ejus
2404 3068 2545 3124 felle
2602 3068 2880 3141 inungit;
2941 3086 3056 3142 quo
3097 3069 3250 3126 facto
3300 3087 3480 3126 senex
3538 3072 3728 3126 visum

2073 3159 2236 3215 illico
2262 3160 2506 3231 recepit.
2553 3161 2697 3215 Tum
2758 3161 3005 3233 angelus
3034 3178 3095 3217 se
3146 3161 3280 3233 quis
3314 3166 3471 3217 esset
3517 3160 3728 3233 aperit,

2071 3263 2192 3302 non
2232 3247 2535 3302 hominem
2571 3263 2632 3303 se
2666 3262 2814 3315 esse,
2863 3248 2966 3303 sed
2996 3264 3030 3303 a
3060 3250 3177 3304 Deo
3228 3248 3477 3303 missum
3506 3247 3728 3303 docens

2072 3337 2428 3409 opitulatum
2460 3336 2606 3409 ipsis
2636 3342 2695 3391 et
2742 3336 2957 3409 puellae
3006 3337 3183 3405 Saraa,
3246 3338 3425 3408 idque
3483 3342 3728 3408 propter

2073 3426 2338 3498 ipsorum
2371 3425 2674 3498 pietatem,
2708 3427 2862 3482 193
2896 3426 2955 3481 id
2987 3443 3223 3498 quoque
3262 3427 3407 3499 ipsis
3437 3426 3606 3496 dixit,
3638 3442 3731 3481 re-

2070 3515 2158 3585 gis
2188 3532 2475 3571 arcanum
2523 3519 2684 3570 recte
2738 3516 2873 3588 tegi,
2907 3516 3011 3572 sed
3067 3515 3222 3572 facta
3245 3516 3350 3573 Dei
3399 3515 3727 3590 praedicare

2072 3605 2471 3661 honorificum
2505 3622 2654 3661 esse.

292 3704 487 3772 αὐτοῖς
513 3729 575 3765 τε
603 3709 696 3764 καὶ
728 3713 797 3784 τῇ
828 3707 966 3784 κόρῃ
998 3709 1182 3788 Σάῤῥᾳ
1213 3706 1304 3766 διὰ
1331 3710 1430 3779 τὴν
1462 3710 1640 3765 αὐτῶν
1701 3705 1999 3781 εὐσέϐειαν,
2058 3708 2231 3787 λέγων
2291 3710 2429 3786 πρὸς
2477 3708 2697 3775 αὺτούς
2752 3736 2770 3762 ι
2806 3712 3121 3786 Μυστήριον
3156 3707 3424 3787 βασιλέως
3456 3710 3713 3787 κρύητειν

295 3794 497 3868 καλὸν,
526 3798 594 3853 τὰ
624 3796 682 3854 δὶ
712 3792 840 3874 ἔργα
864 3802 962 3854 τοῦ
993 3798 1191 3876 Κυρίου
1230 3799 1483 3874 ἀνυμνεῖν
1513 3794 1764 3872 ἐνδόξως.
1800 3823 1829 3853 η

368 3924 478 3982 Eni
535 3924 734 3979 τούτου
790 3924 885 3979 καὶ
943 3925 1226 3999 ἄνθρωπός
1286 3946 1371 3987 τις
1430 3923 1754 4001 έγνωρίζετο
1793 3923 1845 3979 έν
1878 3928 1960 3998 τῷ

290 4011 526 4088 Ἰσραὴλ
582 4011 854 4078 πλούσιος
905 4017 993 4070 καὶ
1070 4014 1418 4089 ἂνελεήμων,
1471 4012 1533 4077 ὅς
1589 4012 1768 4079 ἰλθὼν
1822 4013 1961 4089 πρός

288 4122 413 4157 τινα
469 4106 582 4158 τῶν
642 4100 987 4160 διδασκάλων
1067 4104 1160 4159 καὶ
1240 4103 1544 4172 ἀναπτύξας
1611 4105 1711 4175 τὴν
1774 4103 1965 4181 σοφίαν

292 4196 667 4263 Σολομῶντος
698 4193 851 4268 εὗρεν
886 4191 1058 4255 εὐθύς
1115 4215 1145 4246 κ
1184 4194 1246 4251 Ὀ
1276 4191 1443 4249 ἐλεῶν
1472 4193 1696 4268 πτωχὸν
1732 4189 1962 4262 δανείζει

291 4284 441 4353 Θεῷ.
504 4305 533 4332 ››
594 4280 692 4336 Καὶ
759 4281 837 4344 εἷς
916 4281 1107 4339 ἑαυτὸν
1162 4286 1451 4360 γενόμενος
1498 4284 1591 4338 καὶ
1644 4281 1961 4355 κατωυγεῖς

294 4368 559 4434 ἀπελθὼν
592 4372 834 4447 πέπρακε
885 4374 1055 4429 πάντα
1111 4373 1202 4429 καὶ
1262 4371 1497 4448 διένειμε
1552 4377 1824 4448 πτωχοῖς,
1854 4394 1964 4446 μη-

292 4457 387 4515 δὲν
447 4460 628 4533 ἑαυτῷ
681 4459 1013 4536 καταλείψας
1059 4461 1210 4534 πλὴν
1265 4465 1622 4537 νομισμάτων
1682 4459 1799 4520 δύο.
1860 4461 1959 4517 Καὶ

288 4549 625 4624 πτωχεύσεις
680 4552 815 4607 πάνυ
879 4551 971 4608 καὶ
1031 4552 1133 4609 ὑπὸ
1197 4550 1431 4626 μηδενὸς
1488 4552 1549 4608 ἐκ
1604 4554 1750 4613 θείας
1809 4549 1963 4607 δοκι-

299 4638 508 4713 μασίας
541 4636 863 4713 ἐλεούμενος
925 4642 1146 4715 ὓστερον
1205 4639 1259 4697 ἐν
1320 4643 1495 4714 ἑαυτῷ
1553 4640 1704 4716 λέγει
1767 4662 1961 4716 μικρο-
1998 4628 2043 4692 Ι)

298 4730 594 4803 ψ’ρχτςσις.
653 4731 1122 4805 «Ἀπελεύσομαι
1177 4734 1266 4807 [Ρ.
1304 4734 1428 4807 HO]
1489 4730 1542 4786 έν
1601 4729 1968 4806 Ἰερουσαλὴμ

298 4818 399 4872 καὶ
426 4816 814 4894 διακρινοῦμαι
842 4826 921 4894 τῷ
979 4827 1095 4894 Θεῷ
1157 4842 1262 4896 μου
1304 4823 1386 4877 ὅτι
1443 4820 1718 4891 ἐπλάνησέ
1750 4842 1818 4896 με
1848 4818 1963 4876 δια-

300 4910 603 4981 σκορπίσαι
633 4910 702 4963 τὰ
755 4909 1074 4987 ὑπάρχοντά
1125 4932 1251 4986 μου.
1289 4935 1314 4963 ι»
1370 4909 1751 4986 Πορευομὲνου
1782 4908 1839 4966 δέ
1867 4908 1968 4966 αὖ·

294 5004 423 5067 τοῦ,
461 4995 602 5053 εἶδεν
646 4996 838 5075 ἄνδρας
894 4997 992 5057 δύο
1053 5000 1419 5077 μαχομένους,
1464 5001 1598 5077 πρὸς
1653 4999 1960 5071 ἀλλήλους,

293 5088 562 5163 εὑρόντας
597 5088 750 5153 λίθον
803 5091 1012 5163 τίμιον.
1069 5092 1168 5147 Καὶ
1207 5092 1342 5171 ῳησὶ
1371 5074 1508 5168 ipso:
1538 5089 1756 5152 αὐτούς*
1790 5113 1819 5142 ‹‹
1853 5092 1966 5147 Ἵνα

290 5179 371 5246 τί,
428 5176 683 5253 ἀδελφοὶ,
736 5180 1008 5256 μάχεσθες
1062 5182 1194 5237 Δότε
1254 5201 1347 5255 μοι
1406 5180 1587 5253 αὐτὸν,
1636 5180 1733 5236 καὶ
1770 5173 1966 5235 λάϐετε

296 5269 619 5342 νομίσματα
650 5266 769 5325 δύο.
808 5292 836 5321 »
868 5273 993 5327 Τῶν
1035 5268 1093 5326 δὲ
1126 5272 1263 5344 μετᾶ
1317 5275 1494 5346 χαρᾶς
1547 5273 1740 5325 τοῦτον
1790 5288 1967 5344 παρα-

300 5360 545 5434 σχόντων
577 5356 664 5433 (οὗ
721 5358 827 5435 γὰρ
886 5356 1084 5433 ᾔδεσαν
1140 5364 1242 5415 τοῦ
1291 5358 1447 5415 λίθου
1501 5359 1565 5414 τὸ
1622 5358 1965 5433 ὑπερτίμιον)

300 5448 542 5521 ἀπῆλθεν
600 5451 683 5515 είς
739 5450 1132 5525 Ἰερουσαλὴμ,
1192 5452 1285 5508 τὸν
1346 5452 1499 5508 λίθον
1548 5445 2013 5529 ἕπιφερόμενος.ι

296 5540 394 5596 Καὶ
454 5540 633 5615 δείξας
697 5541 868 5597 αὐτὸν
908 5542 1229 5621 χρυσοχόῳ,
1288 5548 1634 5618 παραχρῆμα
1682 5540 1774 5596 τὸν
1809 5538 1964 5605 λίθον

284 5626 491 5693 ἐκεῖνος
551 5631 690 5690 ίδὼν
778 5629 1013 5691 ἀναστὰς
1091 5630 1483 5706 προσεκύνησε,
1542 5632 1632 5687 καὶ
1687 5624 1965 5705 ἔκθαμϐος

274 5722 569 5807 γενόμενος
594 5720 972 5791 ἓπυνθάνετο,
1024 5744 1052 5774 ‹‹
1082 5725 1197 5779 Ποῦ
1244 5723 1337 5778 τὸν
1393 5721 1730 5798 πολύτιμον,
1760 5718 1964 5797 λέγων,

2142 3925 2362 3985 Eodem
2393 3933 2659 4001 tempore
2691 3929 2778 3983 vir
2807 3929 3051 4001 quidam
3082 3928 3144 3984 in
3186 3928 3403 4002 populo
3446 3929 3724 3986 Israelico

2072 4016 2503 4085 celebrabatur,
2534 4018 2696 4073 dives
2728 4023 2786 4073 et
2824 4019 3203 4075 inhumanus.
3238 4020 3295 4075 Is
3325 4036 3461 4075 cum
3510 4036 3723 4092 quem-

2072 4106 2207 4161 dam
2240 4103 2543 4162 doctorem
2593 4108 2990 4173 convenisset,
3038 4108 3379 4181 librumque
3412 4109 3721 4181 sapientiae

2072 4195 2405 4251 Solomonis
2434 4196 2785 4268 aperuisset,
2817 4197 3010 4268 primo
3048 4197 3257 4252 obtutu
3288 4198 3350 4252 in
3382 4198 3509 4253 haec
3546 4198 3726 4255 verba

2074 4285 2305 4353 incidit,
2336 4309 2365 4337 «
2400 4286 2507 4352 Qui
2540 4285 2860 4342 miseratur
2883 4302 3231 4359 pauperem,
3264 4287 3316 4343 is
3348 4291 3463 4342 Deo
3494 4286 3726 4343 fenera-

2075 4381 2189 4432 tur.
2225 4397 2252 4427 »
2285 4378 2488 4448 Itaque
2520 4376 2582 4431 in
2614 4392 2677 4431 se
2707 4375 3075 4431 descendens
3105 4381 3164 4431 et
3187 4380 3581 4449 compunctus
3605 4375 3728 4432 ani-

2077 4483 2262 4537 mum,
2294 4466 2592 4539 digressus
2638 4466 2839 4521 omnia
2870 4482 2977 4522 sua
3023 4465 3313 4535 vendidit,
3360 4481 3427 4521 ac
3466 4466 3725 4538 pretium

2072 4554 2229 4610 inter
2276 4571 2492 4629 egenos
2545 4554 2867 4623 distribuit,
2924 4555 3077 4611 nihil
3134 4555 3247 4611 sibi
3304 4561 3522 4628 praeter
3578 4555 3728 4611 duos

2074 4661 2352 4700 nummos
2406 4661 2736 4701 reservans.
2797 4647 2883 4701 Ita
2940 4654 3013 4702 ad
3086 4662 3385 4701 summam
3447 4645 3725 4702 redactus

2075 4740 2508 4807 paupertatem,
2541 4750 2676 4791 cum
2727 4735 2869 4806 (Deo
2926 4735 3011 4791 ita
3067 4735 3403 4801 ordinante,
3463 4735 3548 4790 uti
3591 4751 3727 4790 eum

2073 4823 2375 4896 probaret)
2406 4839 2582 4879 nemo
2612 4824 2798 4896 ipsius
2823 4824 3228 4895 misereretur,
3251 4824 3493 4881 tandem
3526 4823 3729 4880 animo

2072 4912 2260 4969 fracto
2290 4929 2495 4968 secum
2526 4913 2732 4969 statuit
2760 4913 2845 4969 ire
2877 4914 3305 4986 Hierosolyma,
3339 4920 3398 4970 et
3428 4931 3563 4970 cum
3605 4915 3724 4969 Deo

2076 5019 2182 5057 suo
2213 5001 2565 5073 disceptare,
2598 5003 2699 5073 qui
2730 5019 2793 5057 se
2824 5002 2898 5059 ad
2924 5003 3082 5059 bona
3111 5020 3218 5059 sua
3247 5001 3594 5075 dissipanda
3621 5018 3728 5073 per

2073 5090 2371 5147 fallaciam
2397 5090 2746 5147 induxisset.
2782 5093 2845 5147 In
2874 5109 2945 5147 eo
2976 5093 3188 5147 itinere
3220 5092 3376 5147 videt
3398 5093 3552 5146 viros
3573 5089 3725 5145 duos

2077 5180 2505 5253 depugnantes,
2538 5182 2638 5252 qui
2669 5180 2931 5253 lapidem
2982 5182 3308 5254 pretiosum
3354 5180 3724 5236 invenerant.

2076 5271 2188 5326 Eos
2210 5270 2293 5325 ita
2313 5271 2560 5325 atlatur:
2588 5292 2615 5319 ‹‹
2636 5270 2807 5339 Quid,
2836 5274 3065 5341 fratres,
3090 5270 3555 5344 pugnatis‘mate
3580 5269 3727 5325 mihi

2076 5360 2357 5433 lapidem,
2391 5376 2457 5415 ac
2500 5376 2598 5415 vos
2630 5377 2735 5431 pro
2768 5377 2836 5415 eo
2868 5361 3017 5417 duos
3064 5378 3343 5416 nummos
3392 5361 3659 5432 accipite.
3699 5382 3727 5409 ι)

2075 5448 2242 5514 Quod
2283 5448 2394 5513 illi,
2429 5464 2577 5519 quos
2629 5449 2836 5521 ingens
2901 5448 3115 5520 lapidis
3171 5449 3429 5521 pretium
3486 5448 3726 5519 latebat,

2076 5537 2439 5612 perlibenter
2494 5538 2708 5593 fecere.
2746 5539 2916 5593 Venit
2954 5554 3090 5612 ergo
3138 5539 3249 5594 iste
3300 5540 3726 5613 Hierosolyma,

2075 5627 2336 5702 lapidem
2367 5643 2569 5683 secum
2589 5633 2849 5700 gestans,
2870 5645 3126 5702 eumque
3157 5630 3387 5688 auriﬁci
3409 5635 3724 5686 monstrat.

2075 5718 2185 5787 Qui
2214 5716 2393 5775 simul
2422 5723 2599 5790 atque
2630 5716 2889 5791 lapidem
2921 5720 3252 5794 conspexit,
3285 5720 3573 5792 adoravit,
3602 5725 3729 5776 stu-
