  <div class='ocr_page' id='page_1' title='image "/cluster/home/n/w/nwhite01/storage/ocr_20150623/121:no.1/coo.31924054870260/122.png"; bbox 0 0 4142 6428; ppageno 0'>
   <div class='ocr_carea' id='block_1_1' title="bbox 276 304 385 366">
    <p class='ocr_par' dir='ltr' id='par_1_1' title="bbox 276 304 385 366">
     <span class='ocr_line' id='line_1_1' title="bbox 276 304 385 366; baseline 0 -2"><span class='ocrx_word' id='word_1_1' title='bbox 276 304 385 366; x_wconf 69' lang='lat'>229</span> 
     </span>
    </p>
   </div>
   <div class='ocr_carea' id='block_1_2' title="bbox 1422 299 2552 365">
    <p class='ocr_par' dir='ltr' id='par_1_2' title="bbox 1422 299 2552 365">
     <span class='ocr_line' id='line_1_2' title="bbox 1422 299 2552 365; baseline -0.002 -1"><span class='ocrx_word' id='word_1_2' title='bbox 1422 299 1964 365; x_wconf 72' lang='lat' dir='ltr'>HISTORIARUM</span> <span class='ocrx_word' id='word_1_3' title='bbox 2008 299 2552 364; x_wconf 80' lang='lat' dir='ltr'>GOMPENDIUM.</span> 
     </span>
    </p>
   </div>
   <div class='ocr_carea' id='block_1_3' title="bbox 3602 306 3724 366">
    <p class='ocr_par' dir='ltr' id='par_1_3' title="bbox 3602 306 3724 366">
     <span class='ocr_line' id='line_1_3' title="bbox 3602 306 3724 366; baseline 0.008 -1"><span class='ocrx_word' id='word_1_4' title='bbox 3602 306 3724 366; x_wconf 83' lang='lat'>230</span> 
     </span>
    </p>
   </div>
   <div class='ocr_carea' id='block_1_4' title="bbox 280 431 1970 515">
    <p class='ocr_par' dir='ltr' id='par_1_4' title="bbox 280 431 1961 515">
     <span class='ocr_line' id='line_1_4' title="bbox 280 431 1961 515; baseline -0.005 -19"><span class='ocrx_word' id='word_1_5' title='bbox 280 437 654 515; x_wconf 72' lang='grc' dir='ltr'>Ἰερουσαλὴμ</span> <span class='ocrx_word' id='word_1_6' title='bbox 710 435 808 492; x_wconf 73' lang='grc' dir='ltr'>καὶ</span> <span class='ocrx_word' id='word_1_7' title='bbox 876 436 973 493; x_wconf 88' lang='grc' dir='ltr'>τὸν</span> <span class='ocrx_word' id='word_1_8' title='bbox 1068 433 1186 511; x_wconf 86' lang='grc' dir='ltr'>βίον</span> <span class='ocrx_word' id='word_1_9' title='bbox 1246 433 1688 509; x_wconf 74' lang='grc' dir='ltr'>μεταλλάξαντος</span> <span class='ocrx_word' id='word_1_10' title='bbox 1756 431 1961 509; x_wconf 66' lang='grc' dir='ltr'>ἐγένετο</span> 
     </span>
    </p>
   </div>
   <div class='ocr_carea' id='block_1_5' title="bbox 2081 431 3721 515">
    <p class='ocr_par' dir='ltr' id='par_1_5' title="bbox 2081 434 3721 506">
     <span class='ocr_line' id='line_1_5' title="bbox 2081 434 3721 506; baseline 0.003 -17"><span class='ocrx_word' id='word_1_11' title='bbox 2081 438 2236 490; x_wconf 76' lang='lat' dir='ltr'>tatus</span> <span class='ocrx_word' id='word_1_12' title='bbox 2267 440 2374 492; x_wconf 90' lang='lat' dir='ltr'>est.</span> <span class='ocrx_word' id='word_1_13' title='bbox 2415 438 2591 492; x_wconf 82' lang='lat' dir='ltr'>Anno</span> <span class='ocrx_word' id='word_1_14' title='bbox 2637 434 2813 491; x_wconf 72' lang='lat' dir='ltr'>Josiaa</span> <span class='ocrx_word' id='word_1_15' title='bbox 2863 449 3047 506; x_wconf 86' lang='lat' dir='ltr'>supra</span> <span class='ocrx_word' id='word_1_16' title='bbox 3103 435 3404 493; x_wconf 90' lang='lat' dir='ltr'>decimum</span> <span class='ocrx_word' id='word_1_17' title='bbox 3448 441 3721 494; x_wconf 89' lang='lat' dir='ltr'>octavum</span> 
     </span>
    </p>
   </div>
   <div class='ocr_carea' id='block_1_6' title="bbox 290 520 1959 603">
    <p class='ocr_par' dir='ltr' id='par_1_6' title="bbox 290 520 1959 603">
     <span class='ocr_line' id='line_1_6' title="bbox 290 520 1959 603; baseline -0.005 -17"><span class='ocrx_word' id='word_1_18' title='bbox 290 530 479 593; x_wconf 65' lang='grc' dir='ltr'>πὲνθος</span> <span class='ocrx_word' id='word_1_19' title='bbox 512 526 652 603; x_wconf 70' lang='grc' dir='ltr'>μέγα</span> <span class='ocrx_word' id='word_1_20' title='bbox 680 527 823 583; x_wconf 78' lang='grc' dir='ltr'>κατὰ</span> <span class='ocrx_word' id='word_1_21' title='bbox 862 530 1037 582; x_wconf 82' lang='grc' dir='ltr'>πᾶσαν</span> <span class='ocrx_word' id='word_1_22' title='bbox 1079 526 1179 596; x_wconf 76' lang='grc' dir='ltr'>τὴν</span> <span class='ocrx_word' id='word_1_23' title='bbox 1239 520 1534 596; x_wconf 80' lang='grc' dir='ltr'>Ἰουδαίαν,</span> <span class='ocrx_word' id='word_1_24' title='bbox 1588 525 1677 580; x_wconf 85' lang='grc' dir='ltr'>καὶ</span> <span class='ocrx_word' id='word_1_25' title='bbox 1743 521 1959 598; x_wconf 82' lang='grc' dir='ltr'>μᾶλλον</span> 
     </span>
    </p>
   </div>
   <div class='ocr_carea' id='block_1_7' title="bbox 295 611 1962 695">
    <p class='ocr_par' dir='ltr' id='par_1_7' title="bbox 295 611 1962 695">
     <span class='ocr_line' id='line_1_7' title="bbox 295 611 1962 695; baseline -0.006 -19"><span class='ocrx_word' id='word_1_26' title='bbox 295 620 553 695; x_wconf 81' lang='grc' dir='ltr'>Ἱερεμίας</span> <span class='ocrx_word' id='word_1_27' title='bbox 584 618 864 692; x_wconf 72' lang='grc' dir='ltr'>ὶθρήνησε</span> <span class='ocrx_word' id='word_1_28' title='bbox 895 616 1033 692; x_wconf 75' lang='grc' dir='ltr'>ὑπὲρ</span> <span class='ocrx_word' id='word_1_29' title='bbox 1076 615 1310 672; x_wconf 84' lang='grc' dir='ltr'>Ἰωσίου.</span> <span class='ocrx_word' id='word_1_30' title='bbox 1367 616 1455 671; x_wconf 89' lang='grc' dir='ltr'>Ἐν</span> <span class='ocrx_word' id='word_1_31' title='bbox 1505 618 1586 685; x_wconf 77' lang='grc' dir='ltr'>τῷ</span> <span class='ocrx_word' id='word_1_32' title='bbox 1638 613 1710 684; x_wconf 71' lang='grc' dir='ltr'>ιη’</span> <span class='ocrx_word' id='word_1_33' title='bbox 1764 611 1962 668; x_wconf 85' lang='grc' dir='ltr'>τούτου</span> 
     </span>
    </p>
   </div>
   <div class='ocr_carea' id='block_1_8' title="bbox 299 697 1966 785">
    <p class='ocr_par' dir='ltr' id='par_1_8' title="bbox 299 697 1966 785">
     <span class='ocr_line' id='line_1_8' title="bbox 299 697 1966 785; baseline -0.005 -20"><span class='ocrx_word' id='word_1_34' title='bbox 299 709 400 765; x_wconf 79' lang='grc' dir='ltr'>ἔτει</span> <span class='ocrx_word' id='word_1_35' title='bbox 430 708 601 785; x_wconf 75' lang='grc' dir='ltr'>εὖρὼν</span> <span class='ocrx_word' id='word_1_36' title='bbox 634 708 665 762; x_wconf 85' lang='grc' dir='ltr'>ὁ</span> <span class='ocrx_word' id='word_1_37' title='bbox 694 708 876 783; x_wconf 76' lang='grc' dir='ltr'>ἱερεὺς</span> <span class='ocrx_word' id='word_1_38' title='bbox 917 703 1149 767; x_wconf 77' lang='grc' dir='ltr'>Χελκίας</span> <span class='ocrx_word' id='word_1_39' title='bbox 1198 703 1250 760; x_wconf 77' lang='grc' dir='ltr'>ἐν</span> <span class='ocrx_word' id='word_1_40' title='bbox 1310 708 1389 777; x_wconf 79' lang='grc' dir='ltr'>τῷ</span> <span class='ocrx_word' id='word_1_41' title='bbox 1428 705 1561 778; x_wconf 77' lang='grc' dir='ltr'>ἱερῷ</span> <span class='ocrx_word' id='word_1_42' title='bbox 1619 697 1839 778; x_wconf 73' lang='grc' dir='ltr'>βιϐλίον</span> <span class='ocrx_word' id='word_1_43' title='bbox 1882 700 1966 775; x_wconf 72' lang='grc' dir='ltr'>(ὃς</span> 
     </span>
    </p>
   </div>
   <div class='ocr_carea' id='block_1_9' title="bbox 302 790 1966 873">
    <p class='ocr_par' dir='ltr' id='par_1_9' title="bbox 302 790 1966 873">
     <span class='ocr_line' id='line_1_9' title="bbox 302 790 1966 873; baseline -0.005 -19"><span class='ocrx_word' id='word_1_44' title='bbox 302 800 367 868; x_wconf 77' lang='grc' dir='ltr'>ἦν</span> <span class='ocrx_word' id='word_1_45' title='bbox 398 798 578 873; x_wconf 71' lang='grc' dir='ltr'>πατὴρ</span> <span class='ocrx_word' id='word_1_46' title='bbox 623 795 898 872; x_wconf 84' lang='grc' dir='ltr'>Ἰερεμίου</span> <span class='ocrx_word' id='word_1_47' title='bbox 957 798 1054 851; x_wconf 72' lang='grc' dir='ltr'>τοῦ</span> <span class='ocrx_word' id='word_1_48' title='bbox 1110 794 1419 873; x_wconf 68' lang='grc' dir='ltr'>προφήτου)</span> <span class='ocrx_word' id='word_1_49' title='bbox 1479 790 1837 868; x_wconf 76' lang='grc' dir='ltr'>προσκομίζει</span> <span class='ocrx_word' id='word_1_50' title='bbox 1887 794 1966 862; x_wconf 78' lang='grc' dir='ltr'>τῷ</span> 
     </span>
    </p>
   </div>
   <div class='ocr_carea' id='block_1_10' title="bbox 306 877 1964 964">
    <p class='ocr_par' dir='ltr' id='par_1_10' title="bbox 306 877 1964 964">
     <span class='ocr_line' id='line_1_10' title="bbox 306 877 1964 964; baseline -0.006 -20"><span class='ocrx_word' id='word_1_51' title='bbox 306 888 545 964; x_wconf 75' lang='grc' dir='ltr'>βασιλεῖ.</span> <span class='ocrx_word' id='word_1_52' title='bbox 593 888 659 944; x_wconf 76' lang='grc' dir='ltr'>Ὀ</span> <span class='ocrx_word' id='word_1_53' title='bbox 717 882 797 955; x_wconf 73' lang='grc' dir='ltr'>δὲ,</span> <span class='ocrx_word' id='word_1_54' title='bbox 861 877 1101 953; x_wconf 72' lang='grc' dir='ltr'>εὐλαϐής</span> <span class='ocrx_word' id='word_1_55' title='bbox 1157 880 1231 937; x_wconf 78' lang='grc' dir='ltr'>ὢν</span> <span class='ocrx_word' id='word_1_56' title='bbox 1286 882 1378 938; x_wconf 83' lang='grc' dir='ltr'>καὶ</span> <span class='ocrx_word' id='word_1_57' title='bbox 1421 879 1763 942; x_wconf 87' lang='grc' dir='ltr'>δικαιότατος</span> <span class='ocrx_word' id='word_1_58' title='bbox 1831 879 1964 954; x_wconf 72' lang='grc' dir='ltr'>ὑπὲρ</span> 
     </span>
    </p>
   </div>
   <div class='ocr_carea' id='block_1_11' title="bbox 301 966 1968 1049">
    <p class='ocr_par' dir='ltr' id='par_1_11' title="bbox 301 966 1968 1049">
     <span class='ocr_line' id='line_1_11' title="bbox 301 966 1968 1049; baseline -0.006 -18"><span class='ocrx_word' id='word_1_59' title='bbox 301 978 430 1040; x_wconf 70' lang='grc' dir='ltr'>τοὺς</span> <span class='ocrx_word' id='word_1_60' title='bbox 460 969 767 1049; x_wconf 69' lang='grc' dir='ltr'>ἔμπροσθεν</span> <span class='ocrx_word' id='word_1_61' title='bbox 801 971 966 1028; x_wconf 69' lang='grc' dir='ltr'>αὐτοῦ</span> <span class='ocrx_word' id='word_1_62' title='bbox 1016 966 1284 1048; x_wconf 58' lang='grc' dir='ltr'>βασιλείίς,</span> <span class='ocrx_word' id='word_1_63' title='bbox 1346 969 1446 1024; x_wconf 81' lang='grc' dir='ltr'>οὐκ</span> <span class='ocrx_word' id='word_1_64' title='bbox 1513 966 1783 1040; x_wconf 74' lang='grc' dir='ltr'>ἠθέλησεν</span> <span class='ocrx_word' id='word_1_65' title='bbox 1834 966 1968 1021; x_wconf 84' lang='grc' dir='ltr'>ἀνα·-</span> 
     </span>
    </p>
   </div>
   <div class='ocr_carea' id='block_1_12' title="bbox 300 1053 1963 1142">
    <p class='ocr_par' dir='ltr' id='par_1_12' title="bbox 300 1053 1963 1142">
     <span class='ocr_line' id='line_1_12' title="bbox 300 1053 1963 1142; baseline -0.007 -22"><span class='ocrx_word' id='word_1_66' title='bbox 300 1071 501 1142; x_wconf 77' lang='grc' dir='ltr'>γνῶναι</span> <span class='ocrx_word' id='word_1_67' title='bbox 561 1063 713 1119; x_wconf 72' lang='grc' dir='ltr'>αὐτό.</span> <span class='ocrx_word' id='word_1_68' title='bbox 769 1063 1007 1138; x_wconf 79' lang='grc' dir='ltr'>Ἀνέγνω</span> <span class='ocrx_word' id='word_1_69' title='bbox 1062 1060 1243 1117; x_wconf 84' lang='grc' dir='ltr'>τοίνυν</span> <span class='ocrx_word' id='word_1_70' title='bbox 1311 1058 1442 1115; x_wconf 81' lang='grc' dir='ltr'>αὐτὸ</span> <span class='ocrx_word' id='word_1_71' title='bbox 1511 1059 1540 1113; x_wconf 85' lang='grc' dir='ltr'>ὁ</span> <span class='ocrx_word' id='word_1_72' title='bbox 1612 1055 1813 1132; x_wconf 72' lang='grc' dir='ltr'>ἱερεὺς,</span> <span class='ocrx_word' id='word_1_73' title='bbox 1872 1053 1963 1110; x_wconf 81' lang='grc' dir='ltr'>καὶ</span> 
     </span>
    </p>
   </div>
   <div class='ocr_carea' id='block_1_13' title="bbox 300 1144 1969 1223">
    <p class='ocr_par' dir='ltr' id='par_1_13' title="bbox 300 1144 1969 1223">
     <span class='ocr_line' id='line_1_13' title="bbox 300 1144 1969 1223; baseline -0.007 -14"><span class='ocrx_word' id='word_1_74' title='bbox 300 1152 542 1210; x_wconf 77' lang='grc' dir='ltr'>ἔκλαυσε</span> <span class='ocrx_word' id='word_1_75' title='bbox 568 1159 676 1217; x_wconf 82' lang='grc' dir='ltr'>πᾶς</span> <span class='ocrx_word' id='word_1_76' title='bbox 724 1152 753 1207; x_wconf 84' lang='grc' dir='ltr'>ὁ</span> <span class='ocrx_word' id='word_1_77' title='bbox 818 1151 972 1213; x_wconf 82' lang='grc' dir='ltr'>λαός.</span> <span class='ocrx_word' id='word_1_78' title='bbox 1031 1150 1095 1209; x_wconf 83' lang='grc' dir='ltr'>Ὁ</span> <span class='ocrx_word' id='word_1_79' title='bbox 1150 1146 1208 1204; x_wconf 67' lang='grc' dir='ltr'>δὲ</span> <span class='ocrx_word' id='word_1_80' title='bbox 1259 1148 1435 1223; x_wconf 73' lang='grc' dir='ltr'>ἱερεὺς</span> <span class='ocrx_word' id='word_1_81' title='bbox 1502 1144 1617 1220; x_wconf 76' lang='grc' dir='ltr'>ἅμα</span> <span class='ocrx_word' id='word_1_82' title='bbox 1669 1150 1750 1218; x_wconf 80' lang='grc' dir='ltr'>τῷ</span> <span class='ocrx_word' id='word_1_83' title='bbox 1803 1147 1969 1200; x_wconf 77' lang='grc' dir='ltr'>τοῦτο</span> 
     </span>
    </p>
   </div>
   <div class='ocr_carea' id='block_1_14' title="bbox 306 1232 1969 1318">
    <p class='ocr_par' dir='ltr' id='par_1_14' title="bbox 306 1232 1969 1318">
     <span class='ocr_line' id='line_1_14' title="bbox 306 1232 1969 1318; baseline -0.007 -20"><span class='ocrx_word' id='word_1_84' title='bbox 306 1244 616 1318; x_wconf 75' lang='grc' dir='ltr'>ἀναγνῶναι</span> <span class='ocrx_word' id='word_1_85' title='bbox 685 1238 1114 1316; x_wconf 77' lang='grc' dir='ltr'>διαπεφώνηκεν.</span> <span class='ocrx_word' id='word_1_86' title='bbox 1145 1238 1203 1292; x_wconf 76' lang='grc' dir='ltr'>Ὀ</span> <span class='ocrx_word' id='word_1_87' title='bbox 1234 1233 1291 1292; x_wconf 68' lang='grc' dir='ltr'>δὲ</span> <span class='ocrx_word' id='word_1_88' title='bbox 1324 1234 1580 1313; x_wconf 79' lang='grc' dir='ltr'>βασιλεὺς</span> <span class='ocrx_word' id='word_1_89' title='bbox 1649 1234 1770 1289; x_wconf 80' lang='grc' dir='ltr'>Λίαν</span> <span class='ocrx_word' id='word_1_90' title='bbox 1837 1232 1969 1288; x_wconf 83' lang='grc' dir='ltr'>ἀθυ-</span> 
     </span>
    </p>
   </div>
   <div class='ocr_carea' id='block_1_15' title="bbox 316 1319 1966 1405">
    <p class='ocr_par' dir='ltr' id='par_1_15' title="bbox 316 1319 1966 1405">
     <span class='ocr_line' id='line_1_15' title="bbox 316 1319 1966 1405; baseline -0.007 -18"><span class='ocrx_word' id='word_1_91' title='bbox 316 1334 521 1405; x_wconf 83' lang='grc' dir='ltr'>μήσας,</span> <span class='ocrx_word' id='word_1_92' title='bbox 584 1327 742 1394; x_wconf 80' lang='grc' dir='ltr'>εἰδὼς</span> <span class='ocrx_word' id='word_1_93' title='bbox 796 1327 850 1385; x_wconf 70' lang='grc' dir='ltr'>ἓν</span> <span class='ocrx_word' id='word_1_94' title='bbox 903 1326 1188 1388; x_wconf 73' lang='grc' dir='ltr'>τοσούτοις</span> <span class='ocrx_word' id='word_1_95' title='bbox 1260 1319 1399 1381; x_wconf 73' lang='grc' dir='ltr'>ἔτεσι</span> <span class='ocrx_word' id='word_1_96' title='bbox 1483 1322 1966 1396; x_wconf 71' lang='grc' dir='ltr'>καταπατούμενον</span> 
     </span>
    </p>
   </div>
   <div class='ocr_carea' id='block_1_16' title="bbox 308 1406 1970 1493">
    <p class='ocr_par' dir='ltr' id='par_1_16' title="bbox 308 1406 1970 1493">
     <span class='ocr_line' id='line_1_16' title="bbox 308 1406 1970 1493; baseline -0.006 -18"><span class='ocrx_word' id='word_1_97' title='bbox 308 1421 401 1475; x_wconf 84' lang='grc' dir='ltr'>τὸν</span> <span class='ocrx_word' id='word_1_98' title='bbox 435 1418 609 1493; x_wconf 86' lang='grc' dir='ltr'>νόμον</span> <span class='ocrx_word' id='word_1_99' title='bbox 649 1419 872 1493; x_wconf 78' lang='grc' dir='ltr'>Κυρίου,</span> <span class='ocrx_word' id='word_1_100' title='bbox 932 1416 997 1473; x_wconf 84' lang='grc' dir='ltr'>τὰ</span> <span class='ocrx_word' id='word_1_101' title='bbox 1053 1414 1248 1490; x_wconf 71' lang='grc' dir='ltr'>ἱμάτια</span> <span class='ocrx_word' id='word_1_102' title='bbox 1308 1411 1600 1489; x_wconf 72' lang='grc' dir='ltr'>διαρῥήξας</span> <span class='ocrx_word' id='word_1_103' title='bbox 1636 1412 1727 1467; x_wconf 85' lang='grc' dir='ltr'>καὶ</span> <span class='ocrx_word' id='word_1_104' title='bbox 1785 1406 1970 1488; x_wconf 75' lang='grc' dir='ltr'>ἔμφο-</span> 
     </span>
    </p>
   </div>
   <div class='ocr_carea' id='block_1_17' title="bbox 305 1499 1971 1583">
    <p class='ocr_par' dir='ltr' id='par_1_17' title="bbox 305 1499 1971 1583">
     <span class='ocr_line' id='line_1_17' title="bbox 305 1499 1971 1583; baseline -0.007 -18"><span class='ocrx_word' id='word_1_105' title='bbox 305 1505 406 1571; x_wconf 75' lang='grc' dir='ltr'>ϐος</span> <span class='ocrx_word' id='word_1_106' title='bbox 437 1507 735 1583; x_wconf 84' lang='grc' dir='ltr'>γενόμενος</span> <span class='ocrx_word' id='word_1_107' title='bbox 766 1506 1053 1563; x_wconf 66' lang='grc' dir='ltr'>ἀπέστειλε</span> <span class='ocrx_word' id='word_1_108' title='bbox 1100 1505 1238 1581; x_wconf 86' lang='grc' dir='ltr'>πρὸς</span> <span class='ocrx_word' id='word_1_109' title='bbox 1296 1501 1494 1562; x_wconf 71' lang='grc' dir='ltr'>Ὀλδᾶν</span> <span class='ocrx_word' id='word_1_110' title='bbox 1533 1505 1633 1571; x_wconf 78' lang='grc' dir='ltr'>τήν</span> <span class='ocrx_word' id='word_1_111' title='bbox 1677 1499 1971 1576; x_wconf 77' lang='grc' dir='ltr'>προφῆτιν⁹</span> 
     </span>
    </p>
   </div>
   <div class='ocr_carea' id='block_1_18' title="bbox 305 1591 1970 1672">
    <p class='ocr_par' dir='ltr' id='par_1_18' title="bbox 305 1591 1970 1672">
     <span class='ocr_line' id='line_1_18' title="bbox 305 1591 1970 1672; baseline -0.006 -17"><span class='ocrx_word' id='word_1_112' title='bbox 305 1597 719 1671; x_wconf 85' lang='grc' dir='ltr'>πυνθανόμενος</span> <span class='ocrx_word' id='word_1_113' title='bbox 771 1596 825 1652; x_wconf 88' lang='grc' dir='ltr'>τί</span> <span class='ocrx_word' id='word_1_114' title='bbox 884 1595 1141 1672; x_wconf 85' lang='grc' dir='ltr'>βούλεται</span> <span class='ocrx_word' id='word_1_115' title='bbox 1202 1593 1407 1671; x_wconf 85' lang='grc' dir='ltr'>Κύριος</span> <span class='ocrx_word' id='word_1_116' title='bbox 1463 1593 1589 1668; x_wconf 87' lang='grc' dir='ltr'>περὶ</span> <span class='ocrx_word' id='word_1_117' title='bbox 1656 1591 1821 1647; x_wconf 73' lang='grc' dir='ltr'>αὐτοῦ</span> <span class='ocrx_word' id='word_1_118' title='bbox 1877 1610 1970 1646; x_wconf 92' lang='grc' dir='ltr'>και</span> 
     </span>
    </p>
   </div>
   <div class='ocr_carea' id='block_1_19' title="bbox 300 1679 1966 1763">
    <p class='ocr_par' dir='ltr' id='par_1_19' title="bbox 300 1679 1966 1763">
     <span class='ocr_line' id='line_1_19' title="bbox 300 1679 1966 1763; baseline -0.007 -19"><span class='ocrx_word' id='word_1_119' title='bbox 300 1689 509 1750; x_wconf 82' lang='grc' dir='ltr'>παντὸς</span> <span class='ocrx_word' id='word_1_120' title='bbox 535 1690 637 1743; x_wconf 82' lang='grc' dir='ltr'>τοῦ</span> <span class='ocrx_word' id='word_1_121' title='bbox 671 1685 827 1745; x_wconf 72' lang='grc' dir='ltr'>λαοῦ.</span> <span class='ocrx_word' id='word_1_122' title='bbox 883 1687 948 1743; x_wconf 82' lang='grc' dir='ltr'><strong>Ἦ</strong></span> <span class='ocrx_word' id='word_1_123' title='bbox 988 1681 1045 1740; x_wconf 72' lang='grc' dir='ltr'>δὲ</span> <span class='ocrx_word' id='word_1_124' title='bbox 1087 1682 1238 1763; x_wconf 76' lang='grc' dir='ltr'>φησί·</span> <span class='ocrx_word' id='word_1_125' title='bbox 1295 1707 1324 1735; x_wconf 91' lang='grc'><em>‹‹</em></span> <span class='ocrx_word' id='word_1_126' title='bbox 1353 1679 1496 1740; x_wconf 80' lang='grc' dir='ltr'>Τάδε</span> <span class='ocrx_word' id='word_1_127' title='bbox 1548 1681 1694 1757; x_wconf 74' lang='grc' dir='ltr'>λέγει</span> <span class='ocrx_word' id='word_1_128' title='bbox 1741 1680 1966 1755; x_wconf 82' lang='grc' dir='ltr'>Κύριος’</span> 
     </span>
    </p>
   </div>
   <div class='ocr_carea' id='block_1_20' title="bbox 2065 523 3719 599">
    <p class='ocr_par' dir='ltr' id='par_1_20' title="bbox 2065 523 3719 599">
     <span class='ocr_line' id='line_1_20' title="bbox 2065 523 3719 599; baseline 0.002 -20"><span class='ocrx_word' id='word_1_129' title='bbox 2065 523 2299 579; x_wconf 89' lang='lat' dir='ltr'>Chlcias</span> <span class='ocrx_word' id='word_1_130' title='bbox 2331 523 2630 594; x_wconf 84' lang='lat' dir='ltr'>sacerdos,</span> <span class='ocrx_word' id='word_1_131' title='bbox 2666 524 2768 596; x_wconf 89' lang='lat' dir='ltr'>qui</span> <span class='ocrx_word' id='word_1_132' title='bbox 2798 523 2944 579; x_wconf 90' lang='lat' dir='ltr'>vatis</span> <span class='ocrx_word' id='word_1_133' title='bbox 2974 525 3246 580; x_wconf 85' lang='lat' dir='ltr'>Jeremiae</span> <span class='ocrx_word' id='word_1_134' title='bbox 3278 526 3408 591; x_wconf 84' lang='lat' dir='ltr'>fuit,</span> <span class='ocrx_word' id='word_1_135' title='bbox 3441 533 3611 599; x_wconf 88' lang='lat' dir='ltr'>pater</span> <span class='ocrx_word' id='word_1_136' title='bbox 3654 527 3719 582; x_wconf 90' lang='lat' dir='ltr'>in</span> 
     </span>
    </p>
   </div>
   <div class='ocr_carea' id='block_1_21' title="bbox 2066 613 3712 688">
    <p class='ocr_par' dir='ltr' id='par_1_21' title="bbox 2066 613 3712 688">
     <span class='ocr_line' id='line_1_21' title="bbox 2066 613 3712 688; baseline 0.002 -20"><span class='ocrx_word' id='word_1_137' title='bbox 2066 613 2292 685; x_wconf 86' lang='lat' dir='ltr'>templo</span> <span class='ocrx_word' id='word_1_138' title='bbox 2341 614 2561 669; x_wconf 88' lang='lat' dir='ltr'>librum</span> <span class='ocrx_word' id='word_1_139' title='bbox 2594 614 2844 681; x_wconf 81' lang='lat' dir='ltr'>invenit,</span> <span class='ocrx_word' id='word_1_140' title='bbox 2878 629 3133 685; x_wconf 89' lang='lat' dir='ltr'>eumque</span> <span class='ocrx_word' id='word_1_141' title='bbox 3162 613 3235 670; x_wconf 87' lang='lat' dir='ltr'>ad</span> <span class='ocrx_word' id='word_1_142' title='bbox 3265 631 3466 688; x_wconf 80' lang='lat' dir='ltr'>regem</span> <span class='ocrx_word' id='word_1_143' title='bbox 3495 616 3712 672; x_wconf 79' lang='lat' dir='ltr'>attulit.</span> 
     </span>
    </p>
   </div>
   <div class='ocr_carea' id='block_1_22' title="bbox 2067 702 3722 777">
    <p class='ocr_par' dir='ltr' id='par_1_22' title="bbox 2067 702 3722 777">
     <span class='ocr_line' id='line_1_22' title="bbox 2067 702 3722 777; baseline 0.001 -18"><span class='ocrx_word' id='word_1_144' title='bbox 2067 703 2322 774; x_wconf 81' lang='lat' dir='ltr'>Rex,qui</span> <span class='ocrx_word' id='word_1_145' title='bbox 2353 704 2573 775; x_wconf 76' lang='lat' dir='ltr'>pietate</span> <span class='ocrx_word' id='word_1_146' title='bbox 2607 708 2665 758; x_wconf 91' lang='lat' dir='ltr'>et</span> <span class='ocrx_word' id='word_1_147' title='bbox 2686 702 2923 774; x_wconf 89' lang='lat' dir='ltr'>justitia</span> <span class='ocrx_word' id='word_1_148' title='bbox 2958 704 3186 775; x_wconf 82' lang='lat' dir='ltr'>priores</span> <span class='ocrx_word' id='word_1_149' title='bbox 3216 721 3384 777; x_wconf 87' lang='lat' dir='ltr'>reges</span> <span class='ocrx_word' id='word_1_150' title='bbox 3417 705 3587 777; x_wconf 83' lang='lat' dir='ltr'>longe</span> <span class='ocrx_word' id='word_1_151' title='bbox 3622 720 3722 761; x_wconf 89' lang='lat' dir='ltr'>au-</span> 
     </span>
    </p>
   </div>
   <div class='ocr_carea' id='block_1_23' title="bbox 2069 792 3721 866">
    <p class='ocr_par' dir='ltr' id='par_1_23' title="bbox 2069 792 3721 866">
     <span class='ocr_line' id='line_1_23' title="bbox 2069 792 3721 866; baseline 0.001 -19"><span class='ocrx_word' id='word_1_152' title='bbox 2069 792 2385 857; x_wconf 88' lang='lat' dir='ltr'>tecederet,</span> <span class='ocrx_word' id='word_1_153' title='bbox 2419 792 2574 848; x_wconf 78' lang='lat' dir='ltr'>I96</span> <span class='ocrx_word' id='word_1_154' title='bbox 2597 792 2791 848; x_wconf 90' lang='lat' dir='ltr'>noluit</span> <span class='ocrx_word' id='word_1_155' title='bbox 2819 792 2945 865; x_wconf 89' lang='lat' dir='ltr'>ipse</span> <span class='ocrx_word' id='word_1_156' title='bbox 2978 792 3487 866; x_wconf 87' lang='lat' dir='ltr'>legere.Sacerdos</span> <span class='ocrx_word' id='word_1_157' title='bbox 3519 795 3721 866; x_wconf 85' lang='lat' dir='ltr'>itaque</span> 
     </span>
    </p>
   </div>
   <div class='ocr_carea' id='block_1_24' title="bbox 2070 880 3713 953">
    <p class='ocr_par' dir='ltr' id='par_1_24' title="bbox 2070 880 3713 953">
     <span class='ocr_line' id='line_1_24' title="bbox 2070 880 3713 953; baseline 0.001 -17"><span class='ocrx_word' id='word_1_158' title='bbox 2070 881 2357 949; x_wconf 81' lang='lat' dir='ltr'>recitavit,</span> <span class='ocrx_word' id='word_1_159' title='bbox 2391 881 2668 952; x_wconf 75' lang='lat' dir='ltr'>flevitque</span> <span class='ocrx_word' id='word_1_160' title='bbox 2716 880 3029 937; x_wconf 83' lang='lat' dir='ltr'>universus</span> <span class='ocrx_word' id='word_1_161' title='bbox 3078 883 3355 953; x_wconf 80' lang='lat' dir='ltr'>papulus.</span> <span class='ocrx_word' id='word_1_162' title='bbox 3408 882 3713 951; x_wconf 81' lang='lat' dir='ltr'>Sacerdos,</span> 
     </span>
    </p>
   </div>
   <div class='ocr_carea' id='block_1_25' title="bbox 2069 970 3720 1043">
    <p class='ocr_par' dir='ltr' id='par_1_25' title="bbox 2069 970 3720 1043">
     <span class='ocr_line' id='line_1_25' title="bbox 2069 970 3720 1043; baseline 0.001 -18"><span class='ocrx_word' id='word_1_163' title='bbox 2069 976 2136 1026; x_wconf 91' lang='lat' dir='ltr'>ut</span> <span class='ocrx_word' id='word_1_164' title='bbox 2163 972 2425 1043; x_wconf 87' lang='lat' dir='ltr'>primum</span> <span class='ocrx_word' id='word_1_165' title='bbox 2458 970 2692 1043; x_wconf 80' lang='lat' dir='ltr'>legendi</span> <span class='ocrx_word' id='word_1_166' title='bbox 2719 971 2853 1026; x_wconf 80' lang='lat' dir='ltr'>finis</span> <span class='ocrx_word' id='word_1_167' title='bbox 2883 971 3074 1026; x_wconf 83' lang='lat' dir='ltr'>factus</span> <span class='ocrx_word' id='word_1_168' title='bbox 3105 971 3555 1039; x_wconf 85' lang='lat' dir='ltr'>est,clamorem</span> <span class='ocrx_word' id='word_1_169' title='bbox 3588 989 3720 1027; x_wconf 90' lang='lat' dir='ltr'>sus-</span> 
     </span>
    </p>
   </div>
   <div class='ocr_carea' id='block_1_26' title="bbox 2068 1059 3723 1133">
    <p class='ocr_par' dir='ltr' id='par_1_26' title="bbox 2068 1059 3723 1133">
     <span class='ocr_line' id='line_1_26' title="bbox 2068 1059 3723 1133; baseline 0.001 -18"><span class='ocrx_word' id='word_1_170' title='bbox 2068 1060 2227 1116; x_wconf 85' lang='lat' dir='ltr'>tulit.</span> <span class='ocrx_word' id='word_1_171' title='bbox 2262 1062 2385 1116; x_wconf 82' lang='lat' dir='ltr'>Rex</span> <span class='ocrx_word' id='word_1_172' title='bbox 2414 1066 2615 1116; x_wconf 88' lang='lat' dir='ltr'>autem</span> <span class='ocrx_word' id='word_1_173' title='bbox 2648 1060 2877 1133; x_wconf 78' lang='lat' dir='ltr'>ingenti</span> <span class='ocrx_word' id='word_1_174' title='bbox 2931 1059 3137 1115; x_wconf 92' lang='lat' dir='ltr'>dolore</span> <span class='ocrx_word' id='word_1_175' title='bbox 3169 1061 3501 1132; x_wconf 87' lang='lat' dir='ltr'>perculsus,</span> <span class='ocrx_word' id='word_1_176' title='bbox 3562 1060 3723 1133; x_wconf 92' lang='lat' dir='ltr'>quod</span> 
     </span>
    </p>
   </div>
   <div class='ocr_carea' id='block_1_27' title="bbox 2070 1148 3717 1222">
    <p class='ocr_par' dir='ltr' id='par_1_27' title="bbox 2070 1148 3717 1222">
     <span class='ocr_line' id='line_1_27' title="bbox 2070 1148 3717 1222; baseline -0.002 -14"><span class='ocrx_word' id='word_1_177' title='bbox 2070 1148 2549 1222; x_wconf 87' lang='lat' dir='ltr'>deprehenderet</span> <span class='ocrx_word' id='word_1_178' title='bbox 2576 1154 2661 1205; x_wconf 92' lang='lat' dir='ltr'>tot</span> <span class='ocrx_word' id='word_1_179' title='bbox 2712 1164 2899 1205; x_wconf 89' lang='lat' dir='ltr'>annos</span> <span class='ocrx_word' id='word_1_180' title='bbox 2929 1149 3121 1222; x_wconf 87' lang='lat' dir='ltr'>legem</span> <span class='ocrx_word' id='word_1_181' title='bbox 3166 1150 3268 1205; x_wconf 90' lang='lat' dir='ltr'>Dei</span> <span class='ocrx_word' id='word_1_182' title='bbox 3298 1150 3717 1206; x_wconf 86' lang='lat' dir='ltr'>conculcatam</span> 
     </span>
    </p>
   </div>
   <div class='ocr_carea' id='block_1_28' title="bbox 2071 1237 3722 1312">
    <p class='ocr_par' dir='ltr' id='par_1_28' title="bbox 2071 1237 3722 1312">
     <span class='ocr_line' id='line_1_28' title="bbox 2071 1237 3722 1312; baseline 0.001 -19"><span class='ocrx_word' id='word_1_183' title='bbox 2071 1237 2277 1303; x_wconf 87' lang='lat' dir='ltr'>fuisse,</span> <span class='ocrx_word' id='word_1_184' title='bbox 2312 1245 2501 1295; x_wconf 83' lang='lat' dir='ltr'>vestes</span> <span class='ocrx_word' id='word_1_185' title='bbox 2534 1255 2673 1295; x_wconf 88' lang='lat' dir='ltr'>suas</span> <span class='ocrx_word' id='word_1_186' title='bbox 2702 1238 3018 1306; x_wconf 87' lang='lat' dir='ltr'>laceravit;</span> <span class='ocrx_word' id='word_1_187' title='bbox 3043 1239 3418 1312; x_wconf 85' lang='lat' dir='ltr'>graviterque</span> <span class='ocrx_word' id='word_1_188' title='bbox 3447 1246 3722 1295; x_wconf 89' lang='lat' dir='ltr'>metuens</span> 
     </span>
    </p>
   </div>
   <div class='ocr_carea' id='block_1_29' title="bbox 2072 1327 3721 1398">
    <p class='ocr_par' dir='ltr' id='par_1_29' title="bbox 2072 1327 3721 1398">
     <span class='ocr_line' id='line_1_29' title="bbox 2072 1327 3721 1398; baseline 0.001 -15"><span class='ocrx_word' id='word_1_189' title='bbox 2072 1328 2219 1383; x_wconf 89' lang='lat' dir='ltr'>nisit</span> <span class='ocrx_word' id='word_1_190' title='bbox 2245 1328 2348 1398; x_wconf 90' lang='lat' dir='ltr'>qui</span> <span class='ocrx_word' id='word_1_191' title='bbox 2379 1327 2589 1384; x_wconf 90' lang='lat' dir='ltr'>Oldam</span> <span class='ocrx_word' id='word_1_192' title='bbox 2621 1327 2934 1383; x_wconf 88' lang='lat' dir='ltr'>mulierem</span> <span class='ocrx_word' id='word_1_193' title='bbox 2965 1328 3267 1384; x_wconf 81' lang='lat' dir='ltr'>fatidicam</span> <span class='ocrx_word' id='word_1_194' title='bbox 3316 1328 3721 1396; x_wconf 84' lang='lat' dir='ltr'>consulerent,</span> 
     </span>
    </p>
   </div>
   <div class='ocr_carea' id='block_1_30' title="bbox 2077 1415 3723 1490">
    <p class='ocr_par' dir='ltr' id='par_1_30' title="bbox 2077 1415 3723 1490">
     <span class='ocr_line' id='line_1_30' title="bbox 2077 1415 3723 1490; baseline 0.002 -20"><span class='ocrx_word' id='word_1_195' title='bbox 2077 1415 2366 1488; x_wconf 88' lang='lat' dir='ltr'>quidnam</span> <span class='ocrx_word' id='word_1_196' title='bbox 2399 1434 2434 1473; x_wconf 89' lang='lat' dir='ltr'>a</span> <span class='ocrx_word' id='word_1_197' title='bbox 2462 1432 2599 1490; x_wconf 89' lang='lat' dir='ltr'>rege</span> <span class='ocrx_word' id='word_1_198' title='bbox 2629 1433 2697 1473; x_wconf 89' lang='lat' dir='ltr'>ac</span> <span class='ocrx_word' id='word_1_199' title='bbox 2718 1422 2841 1472; x_wconf 87' lang='lat' dir='ltr'>toto</span> <span class='ocrx_word' id='word_1_200' title='bbox 2863 1416 3081 1489; x_wconf 91' lang='lat' dir='ltr'>populo</span> <span class='ocrx_word' id='word_1_201' title='bbox 3104 1417 3259 1473; x_wconf 89' lang='lat' dir='ltr'>Deus</span> <span class='ocrx_word' id='word_1_202' title='bbox 3280 1418 3723 1488; x_wconf 90' lang='lat' dir='ltr'>requireret.Ea</span> 
     </span>
    </p>
   </div>
   <div class='ocr_carea' id='block_1_31' title="bbox 2073 1505 3724 1577">
    <p class='ocr_par' dir='ltr' id='par_1_31' title="bbox 2073 1505 3724 1577">
     <span class='ocr_line' id='line_1_31' title="bbox 2073 1505 3724 1577; baseline 0 -16"><span class='ocrx_word' id='word_1_203' title='bbox 2073 1505 2385 1577; x_wconf 89' lang='lat' dir='ltr'>respondit</span> <span class='ocrx_word' id='word_1_204' title='bbox 2440 1506 2525 1561; x_wconf 91' lang='lat' dir='ltr'>sic</span> <span class='ocrx_word' id='word_1_205' title='bbox 2556 1506 2667 1562; x_wconf 82' lang='lat' dir='ltr'>fari</span> <span class='ocrx_word' id='word_1_206' title='bbox 2724 1506 2958 1561; x_wconf 89' lang='lat' dir='ltr'>Deum:</span> <span class='ocrx_word' id='word_1_207' title='bbox 3007 1526 3035 1554; x_wconf 86' lang='grc'>‹‹</span> <span class='ocrx_word' id='word_1_208' title='bbox 3089 1505 3582 1577; x_wconf 88' lang='lat' dir='ltr'>Quandoquidem</span> <span class='ocrx_word' id='word_1_209' title='bbox 3622 1523 3724 1562; x_wconf 91' lang='lat' dir='ltr'>cor</span> 
     </span>
    </p>
   </div>
   <div class='ocr_carea' id='block_1_32' title="bbox 2073 1596 3721 1667">
    <p class='ocr_par' dir='ltr' id='par_1_32' title="bbox 2073 1596 3721 1667">
     <span class='ocr_line' id='line_1_32' title="bbox 2073 1596 3721 1667; baseline 0 -17"><span class='ocrx_word' id='word_1_210' title='bbox 2073 1601 2245 1652; x_wconf 88' lang='lat' dir='ltr'>tuum</span> <span class='ocrx_word' id='word_1_211' title='bbox 2277 1596 2612 1651; x_wconf 88' lang='lat' dir='ltr'>emollitum</span> <span class='ocrx_word' id='word_1_212' title='bbox 2645 1602 2753 1652; x_wconf 92' lang='lat' dir='ltr'>est.</span> <span class='ocrx_word' id='word_1_213' title='bbox 2789 1612 2971 1667; x_wconf 89' lang='lat' dir='ltr'>esque</span> <span class='ocrx_word' id='word_1_214' title='bbox 3003 1612 3098 1652; x_wconf 89' lang='lat' dir='ltr'>me</span> <span class='ocrx_word' id='word_1_215' title='bbox 3123 1596 3587 1663; x_wconf 86' lang='lat' dir='ltr'>reveritus,cum</span> <span class='ocrx_word' id='word_1_216' title='bbox 3616 1612 3721 1652; x_wconf 89' lang='lat' dir='ltr'>au-</span> 
     </span>
    </p>
   </div>
   <div class='ocr_carea' id='block_1_33' title="bbox 2077 1684 3723 1758">
    <p class='ocr_par' dir='ltr' id='par_1_33' title="bbox 2077 1684 3723 1758">
     <span class='ocr_line' id='line_1_33' title="bbox 2077 1684 3723 1758; baseline 0.001 -19"><span class='ocrx_word' id='word_1_217' title='bbox 2077 1684 2230 1741; x_wconf 88' lang='lat' dir='ltr'>dires</span> <span class='ocrx_word' id='word_1_218' title='bbox 2259 1702 2353 1741; x_wconf 91' lang='lat' dir='ltr'>me</span> <span class='ocrx_word' id='word_1_219' title='bbox 2378 1685 2767 1757; x_wconf 87' lang='lat' dir='ltr'>pronuntiare</span> <span class='ocrx_word' id='word_1_220' title='bbox 2799 1686 2957 1741; x_wconf 90' lang='lat' dir='ltr'>hunc</span> <span class='ocrx_word' id='word_1_221' title='bbox 2996 1685 3193 1741; x_wconf 91' lang='lat' dir='ltr'>locum</span> <span class='ocrx_word' id='word_1_222' title='bbox 3226 1691 3284 1741; x_wconf 92' lang='lat' dir='ltr'>et</span> <span class='ocrx_word' id='word_1_223' title='bbox 3313 1685 3443 1758; x_wconf 87' lang='lat' dir='ltr'>ejus</span> <span class='ocrx_word' id='word_1_224' title='bbox 3486 1685 3723 1742; x_wconf 86' lang='lat' dir='ltr'>incolas</span> 
     </span>
    </p>
   </div>
   <div class='ocr_carea' id='block_1_34' title="bbox 302 1767 1970 1862">
    <p class='ocr_par' dir='ltr' id='par_1_34' title="bbox 302 1767 1966 1862">
     <span class='ocr_line' id='line_1_34' title="bbox 302 1767 1966 1862; baseline -0.006 -29"><span class='ocrx_word' id='word_1_225' title='bbox 302 1779 453 1842; x_wconf 76' lang='lat' dir='ltr'>&#39;Ava&#39;</span> <span class='ocrx_word' id='word_1_226' title='bbox 484 1778 562 1831; x_wconf 83' lang='grc' dir='ltr'>ὧν</span> <span class='ocrx_word' id='word_1_227' title='bbox 596 1772 888 1845; x_wconf 78' lang='grc' dir='ltr'>ἠπαλύνθη</span> <span class='ocrx_word' id='word_1_228' title='bbox 945 1794 1041 1829; x_wconf 92' lang='grc' dir='ltr'>σου</span> <span class='ocrx_word' id='word_1_229' title='bbox 1070 1773 1106 1843; x_wconf 73' lang='grc' dir='ltr'><strong>ἡ</strong></span> <span class='ocrx_word' id='word_1_230' title='bbox 1136 1769 1334 1847; x_wconf 78' lang='grc' dir='ltr'>καρδία</span> <span class='ocrx_word' id='word_1_231' title='bbox 1378 1771 1470 1827; x_wconf 83' lang='grc' dir='ltr'>καὶ</span> <span class='ocrx_word' id='word_1_232' title='bbox 1515 1770 1810 1862; x_wconf 70' lang='grc' dir='ltr'>ἐνετράπης</span> <span class='ocrx_word' id='word_1_233' title='bbox 1860 1767 1966 1824; x_wconf 83' lang='grc' dir='ltr'>ἀπὸ</span> 
     </span>
    </p>
   </div>
   <div class='ocr_carea' id='block_1_35' title="bbox 2081 1767 3724 1862">
    <p class='ocr_par' dir='ltr' id='par_1_35' title="bbox 2081 1773 3724 1845">
     <span class='ocr_line' id='line_1_35' title="bbox 2081 1773 3724 1845; baseline 0 -16"><span class='ocrx_word' id='word_1_234' title='bbox 2081 1773 2531 1845; x_wconf 87' lang='lat' dir='ltr'>pessumdatum</span> <span class='ocrx_word' id='word_1_235' title='bbox 2562 1779 2740 1845; x_wconf 87' lang='lat' dir='ltr'>atque</span> <span class='ocrx_word' id='word_1_236' title='bbox 2771 1774 3165 1830; x_wconf 85' lang='lat' dir='ltr'>exsecrationi</span> <span class='ocrx_word' id='word_1_237' title='bbox 3197 1774 3521 1831; x_wconf 83' lang='lat' dir='ltr'>obnoxium</span> <span class='ocrx_word' id='word_1_238' title='bbox 3553 1774 3724 1839; x_wconf 84' lang='lat' dir='ltr'>iri,ac</span> 
     </span>
    </p>
   </div>
   <div class='ocr_carea' id='block_1_36' title="bbox 301 1856 1964 1941">
    <p class='ocr_par' dir='ltr' id='par_1_36' title="bbox 301 1856 1964 1941">
     <span class='ocr_line' id='line_1_36' title="bbox 301 1856 1964 1941; baseline -0.005 -19"><span class='ocrx_word' id='word_1_239' title='bbox 301 1865 609 1941; x_wconf 76' lang='grc' dir='ltr'>προσώπου</span> <span class='ocrx_word' id='word_1_240' title='bbox 664 1885 792 1937; x_wconf 85' lang='grc' dir='ltr'>μου,</span> <span class='ocrx_word' id='word_1_241' title='bbox 854 1863 931 1926; x_wconf 84' lang='grc' dir='ltr'>ὡς</span> <span class='ocrx_word' id='word_1_242' title='bbox 988 1864 1228 1933; x_wconf 68' lang='grc' dir='ltr'>ἤκουσας</span> <span class='ocrx_word' id='word_1_243' title='bbox 1292 1861 1375 1916; x_wconf 80' lang='grc' dir='ltr'>ὅτι</span> <span class='ocrx_word' id='word_1_244' title='bbox 1434 1857 1686 1931; x_wconf 81' lang='grc' dir='ltr'>ἐλάλησα</span> <span class='ocrx_word' id='word_1_245' title='bbox 1733 1856 1822 1913; x_wconf 77' lang='grc' dir='ltr'>ἐπὶ</span> <span class='ocrx_word' id='word_1_246' title='bbox 1870 1857 1964 1913; x_wconf 86' lang='grc' dir='ltr'>τὸν</span> 
     </span>
    </p>
   </div>
   <div class='ocr_carea' id='block_1_37' title="bbox 301 1948 1968 2019">
    <p class='ocr_par' dir='ltr' id='par_1_37' title="bbox 301 1948 1968 2019">
     <span class='ocr_line' id='line_1_37' title="bbox 301 1948 1968 2019; baseline -0.005 -8"><span class='ocrx_word' id='word_1_247' title='bbox 301 1976 470 2011; x_wconf 81' lang='grc' dir='ltr'>τοπον</span> <span class='ocrx_word' id='word_1_248' title='bbox 497 1959 695 2010; x_wconf 74' lang='grc' dir='ltr'>τοῦτον</span> <span class='ocrx_word' id='word_1_249' title='bbox 733 1953 823 2008; x_wconf 87' lang='grc' dir='ltr'>καὶ</span> <span class='ocrx_word' id='word_1_250' title='bbox 882 1952 1011 2013; x_wconf 81' lang='grc' dir='ltr'>τοὺς</span> <span class='ocrx_word' id='word_1_251' title='bbox 1073 1950 1409 2014; x_wconf 76' lang='grc' dir='ltr'>ἐνοικοῦντας</span> <span class='ocrx_word' id='word_1_252' title='bbox 1461 1949 1643 2019; x_wconf 75' lang='grc' dir='ltr'>αὐτὸν,</span> <span class='ocrx_word' id='word_1_253' title='bbox 1697 1952 1793 2004; x_wconf 80' lang='grc' dir='ltr'>τοῦ</span> <span class='ocrx_word' id='word_1_254' title='bbox 1833 1948 1968 2003; x_wconf 73' lang='grc' dir='ltr'>εἶναι</span> 
     </span>
    </p>
   </div>
   <div class='ocr_carea' id='block_1_38' title="bbox 311 2035 1971 2123">
    <p class='ocr_par' dir='ltr' id='par_1_38' title="bbox 311 2035 1971 2123">
     <span class='ocr_line' id='line_1_38' title="bbox 311 2035 1971 2123; baseline -0.004 -25"><span class='ocrx_word' id='word_1_255' title='bbox 311 2044 388 2109; x_wconf 70' lang='grc' dir='ltr'>εἷς</span> <span class='ocrx_word' id='word_1_256' title='bbox 438 2042 744 2123; x_wconf 56' lang='grc' dir='ltr'>ἀφανισμὸν</span> <span class='ocrx_word' id='word_1_257' title='bbox 804 2041 896 2097; x_wconf 84' lang='grc' dir='ltr'>καὶ</span> <span class='ocrx_word' id='word_1_258' title='bbox 954 2041 1031 2103; x_wconf 81' lang='grc' dir='ltr'>εἰς</span> <span class='ocrx_word' id='word_1_259' title='bbox 1094 2040 1356 2116; x_wconf 77' lang='grc' dir='ltr'>κατάραν,</span> <span class='ocrx_word' id='word_1_260' title='bbox 1417 2038 1507 2094; x_wconf 83' lang='grc' dir='ltr'>καὶ</span> <span class='ocrx_word' id='word_1_261' title='bbox 1564 2035 1851 2113; x_wconf 78' lang='grc' dir='ltr'>διὲῤῥηξας</span> <span class='ocrx_word' id='word_1_262' title='bbox 1902 2038 1971 2091; x_wconf 81' lang='grc' dir='ltr'>τὰ</span> 
     </span>
    </p>
   </div>
   <div class='ocr_carea' id='block_1_39' title="bbox 321 2124 1970 2206">
    <p class='ocr_par' dir='ltr' id='par_1_39' title="bbox 321 2124 1970 2206">
     <span class='ocr_line' id='line_1_39' title="bbox 321 2124 1970 2206; baseline -0.004 -19"><span class='ocrx_word' id='word_1_263' title='bbox 321 2133 514 2206; x_wconf 63' lang='grc' dir='ltr'>ιμάτιά</span> <span class='ocrx_word' id='word_1_264' title='bbox 547 2154 644 2187; x_wconf 87' lang='grc' dir='ltr'>σου</span> <span class='ocrx_word' id='word_1_265' title='bbox 674 2132 765 2186; x_wconf 86' lang='grc' dir='ltr'>καὶ</span> <span class='ocrx_word' id='word_1_266' title='bbox 796 2125 1062 2193; x_wconf 72' lang='grc' dir='ltr'>ἔκλαυσας</span> <span class='ocrx_word' id='word_1_267' title='bbox 1103 2128 1338 2186; x_wconf 75' lang='grc' dir='ltr'>ἐνώπιόν</span> <span class='ocrx_word' id='word_1_268' title='bbox 1391 2149 1519 2203; x_wconf 86' lang='grc' dir='ltr'>μου,</span> <span class='ocrx_word' id='word_1_269' title='bbox 1571 2124 1690 2182; x_wconf 77' lang='grc' dir='ltr'>ἰδοὺ</span> <span class='ocrx_word' id='word_1_270' title='bbox 1741 2126 1970 2202; x_wconf 88' lang='grc' dir='ltr'>προστί-</span> 
     </span>
    </p>
   </div>
   <div class='ocr_carea' id='block_1_40' title="bbox 329 2213 1972 2296">
    <p class='ocr_par' dir='ltr' id='par_1_40' title="bbox 329 2213 1972 2296">
     <span class='ocr_line' id='line_1_40' title="bbox 329 2213 1972 2296; baseline -0.004 -20"><span class='ocrx_word' id='word_1_271' title='bbox 329 2221 707 2296; x_wconf 83' lang='grc' dir='ltr'>θημίσεπρὸς</span> <span class='ocrx_word' id='word_1_272' title='bbox 735 2218 866 2282; x_wconf 78' lang='grc' dir='ltr'>τοὺς</span> <span class='ocrx_word' id='word_1_273' title='bbox 907 2217 1141 2295; x_wconf 78' lang='grc' dir='ltr'>πατὲρας</span> <span class='ocrx_word' id='word_1_274' title='bbox 1198 2238 1296 2273; x_wconf 86' lang='grc' dir='ltr'>σου</span> <span class='ocrx_word' id='word_1_275' title='bbox 1354 2216 1405 2273; x_wconf 76' lang='grc' dir='ltr'>ἐν</span> <span class='ocrx_word' id='word_1_276' title='bbox 1457 2217 1670 2293; x_wconf 78' lang='grc' dir='ltr'>εἰρήνῃ,</span> <span class='ocrx_word' id='word_1_277' title='bbox 1728 2214 1819 2271; x_wconf 89' lang='grc' dir='ltr'>καὶ</span> <span class='ocrx_word' id='word_1_278' title='bbox 1871 2213 1972 2270; x_wconf 79' lang='grc' dir='ltr'>οὐκ</span> 
     </span>
    </p>
   </div>
   <div class='ocr_carea' id='block_1_41' title="bbox 326 2305 1973 2383">
    <p class='ocr_par' dir='ltr' id='par_1_41' title="bbox 326 2305 1973 2383">
     <span class='ocr_line' id='line_1_41' title="bbox 326 2305 1973 2383; baseline -0.004 -19"><span class='ocrx_word' id='word_1_279' title='bbox 326 2306 451 2383; x_wconf 77' lang='grc' dir='ltr'>ὄψει</span> <span class='ocrx_word' id='word_1_280' title='bbox 480 2315 601 2365; x_wconf 75' lang='grc' dir='ltr'>πᾶσι</span> <span class='ocrx_word' id='word_1_281' title='bbox 635 2315 756 2372; x_wconf 78' lang='grc' dir='ltr'>τοῖς</span> <span class='ocrx_word' id='word_1_282' title='bbox 785 2314 977 2371; x_wconf 81' lang='grc' dir='ltr'>κακοῖς</span> <span class='ocrx_word' id='word_1_283' title='bbox 1010 2308 1097 2370; x_wconf 78' lang='grc' dir='ltr'>οἷς</span> <span class='ocrx_word' id='word_1_284' title='bbox 1132 2307 1312 2379; x_wconf 74' lang='grc' dir='ltr'>ἐπάξω</span> <span class='ocrx_word' id='word_1_285' title='bbox 1350 2305 1436 2361; x_wconf 76' lang='grc' dir='ltr'>ἐπὶ</span> <span class='ocrx_word' id='word_1_286' title='bbox 1485 2306 1578 2361; x_wconf 85' lang='grc' dir='ltr'>τὸν</span> <span class='ocrx_word' id='word_1_287' title='bbox 1632 2306 1799 2360; x_wconf 85' lang='grc' dir='ltr'>τόπον</span> <span class='ocrx_word' id='word_1_288' title='bbox 1838 2307 1973 2360; x_wconf 77' lang='grc' dir='ltr'>τοῦ-</span> 
     </span>
    </p>
   </div>
   <div class='ocr_carea' id='block_1_42' title="bbox 313 2393 1971 2470">
    <p class='ocr_par' dir='ltr' id='par_1_42' title="bbox 313 2393 1971 2470">
     <span class='ocr_line' id='line_1_42' title="bbox 313 2393 1971 2470; baseline -0.004 -16"><span class='ocrx_word' id='word_1_289' title='bbox 313 2420 409 2454; x_wconf 84' lang='grc' dir='ltr'>τον</span> <span class='ocrx_word' id='word_1_290' title='bbox 438 2398 528 2453; x_wconf 85' lang='grc' dir='ltr'>καί</span> <span class='ocrx_word' id='word_1_291' title='bbox 556 2399 685 2461; x_wconf 70' lang='grc' dir='ltr'>τοὺς</span> <span class='ocrx_word' id='word_1_292' title='bbox 717 2399 1057 2461; x_wconf 67' lang='grc' dir='ltr'>δνοικοῦντας</span> <span class='ocrx_word' id='word_1_293' title='bbox 1108 2398 1290 2468; x_wconf 82' lang='grc' dir='ltr'>αὐτὸν,</span> <span class='ocrx_word' id='word_1_294' title='bbox 1346 2399 1445 2451; x_wconf 85' lang='grc' dir='ltr'>τοῦ</span> <span class='ocrx_word' id='word_1_295' title='bbox 1503 2395 1637 2450; x_wconf 70' lang='grc' dir='ltr'>εἶναι</span> <span class='ocrx_word' id='word_1_296' title='bbox 1697 2393 1774 2456; x_wconf 79' lang='grc' dir='ltr'>εἱς</span> <span class='ocrx_word' id='word_1_297' title='bbox 1830 2393 1971 2470; x_wconf 78' lang='grc' dir='ltr'>ἀφα-</span> 
     </span>
    </p>
   </div>
   <div class='ocr_carea' id='block_1_43' title="bbox 312 2483 1972 2562">
    <p class='ocr_par' dir='ltr' id='par_1_43' title="bbox 312 2483 1972 2562">
     <span class='ocr_line' id='line_1_43' title="bbox 312 2483 1972 2562; baseline -0.001 -20"><span class='ocrx_word' id='word_1_298' title='bbox 312 2489 530 2562; x_wconf 73' lang='grc' dir='ltr'>νισμόν.</span> <span class='ocrx_word' id='word_1_299' title='bbox 567 2512 594 2542; x_wconf 70' lang='grc' dir='ltr'><strong><em>ι</em></strong></span> <span class='ocrx_word' id='word_1_300' title='bbox 625 2490 785 2546; x_wconf 77' lang='grc' dir='ltr'>’Όθεν</span> <span class='ocrx_word' id='word_1_301' title='bbox 820 2487 981 2561; x_wconf 85' lang='grc' dir='ltr'>ζήλῳ</span> <span class='ocrx_word' id='word_1_302' title='bbox 1010 2485 1145 2561; x_wconf 86' lang='grc' dir='ltr'>θοίῳ</span> <span class='ocrx_word' id='word_1_303' title='bbox 1201 2485 1525 2560; x_wconf 84' lang='grc' dir='ltr'>κινούμενος</span> <span class='ocrx_word' id='word_1_304' title='bbox 1559 2484 1621 2540; x_wconf 80' lang='grc' dir='ltr'>οὗ</span> <span class='ocrx_word' id='word_1_305' title='bbox 1688 2485 1858 2559; x_wconf 87' lang='grc' dir='ltr'>μόνον</span> <span class='ocrx_word' id='word_1_306' title='bbox 1905 2483 1972 2540; x_wconf 78' lang='grc' dir='ltr'>τὰ</span> 
     </span>
    </p>
   </div>
   <div class='ocr_carea' id='block_1_44' title="bbox 304 2571 1974 2654">
    <p class='ocr_par' dir='ltr' id='par_1_44' title="bbox 304 2571 1974 2654">
     <span class='ocr_line' id='line_1_44' title="bbox 304 2571 1974 2654; baseline -0.002 -20"><span class='ocrx_word' id='word_1_307' title='bbox 304 2582 597 2654; x_wconf 85' lang='grc' dir='ltr'>πανταχοῦ</span> <span class='ocrx_word' id='word_1_308' title='bbox 622 2575 830 2633; x_wconf 70' lang='grc' dir='ltr'>εἲδωλά</span> <span class='ocrx_word' id='word_1_309' title='bbox 870 2597 931 2632; x_wconf 88' lang='grc' dir='ltr'>τε</span> <span class='ocrx_word' id='word_1_310' title='bbox 986 2577 1073 2632; x_wconf 82' lang='grc' dir='ltr'>καὶ</span> <span class='ocrx_word' id='word_1_311' title='bbox 1136 2571 1449 2648; x_wconf 74' lang='grc' dir='ltr'>σεϐάσματα</span> <span class='ocrx_word' id='word_1_312' title='bbox 1505 2575 1860 2649; x_wconf 69' lang='grc' dir='ltr'>κατέστρεψεν</span> <span class='ocrx_word' id='word_1_313' title='bbox 1912 2572 1974 2630; x_wconf 70' lang='grc' dir='ltr'>ἐκ</span> 
     </span>
    </p>
   </div>
   <div class='ocr_carea' id='block_1_45' title="bbox 306 2658 1968 2744">
    <p class='ocr_par' dir='ltr' id='par_1_45' title="bbox 306 2658 1968 2744">
     <span class='ocr_line' id='line_1_45' title="bbox 306 2658 1968 2744; baseline -0.003 -21"><span class='ocrx_word' id='word_1_314' title='bbox 306 2669 555 2744; x_wconf 70' lang='grc' dir='ltr'>βάθρων,</span> <span class='ocrx_word' id='word_1_315' title='bbox 600 2666 749 2723; x_wconf 75' lang='grc' dir='ltr'>ἀλλὰ</span> <span class='ocrx_word' id='word_1_316' title='bbox 795 2666 879 2721; x_wconf 83' lang='grc' dir='ltr'>κνὶ</span> <span class='ocrx_word' id='word_1_317' title='bbox 926 2666 1055 2729; x_wconf 81' lang='grc' dir='ltr'>τοὺς</span> <span class='ocrx_word' id='word_1_318' title='bbox 1096 2663 1505 2741; x_wconf 82' lang='grc' dir='ltr'>είδωλολάτρας</span> <span class='ocrx_word' id='word_1_319' title='bbox 1555 2662 1683 2727; x_wconf 75' lang='grc' dir='ltr'>τοὺς</span> <span class='ocrx_word' id='word_1_320' title='bbox 1735 2664 1833 2739; x_wconf 69' lang='grc' dir='ltr'>μὲν</span> <span class='ocrx_word' id='word_1_321' title='bbox 1891 2658 1968 2718; x_wconf 80' lang='grc' dir='ltr'>ἔτι</span> 
     </span>
    </p>
   </div>
   <div class='ocr_carea' id='block_1_46' title="bbox 309 2751 1974 2831">
    <p class='ocr_par' dir='ltr' id='par_1_46' title="bbox 309 2751 1974 2831">
     <span class='ocr_line' id='line_1_46' title="bbox 309 2751 1974 2831; baseline -0.002 -19"><span class='ocrx_word' id='word_1_322' title='bbox 309 2762 518 2827; x_wconf 78' lang='grc' dir='ltr'>ζῶντας</span> <span class='ocrx_word' id='word_1_323' title='bbox 553 2756 887 2831; x_wconf 83' lang='grc' dir='ltr'>ὡλόθρευσε,</span> <span class='ocrx_word' id='word_1_324' title='bbox 914 2755 1042 2817; x_wconf 75' lang='grc' dir='ltr'>τοὺς</span> <span class='ocrx_word' id='word_1_325' title='bbox 1070 2751 1128 2810; x_wconf 73' lang='grc' dir='ltr'>δὲ</span> <span class='ocrx_word' id='word_1_326' title='bbox 1153 2752 1262 2826; x_wconf 72' lang='grc' dir='ltr'>ἤδη</span> <span class='ocrx_word' id='word_1_327' title='bbox 1288 2754 1613 2826; x_wconf 84' lang='grc' dir='ltr'>τεθνηκότας</span> <span class='ocrx_word' id='word_1_328' title='bbox 1646 2755 1699 2809; x_wconf 74' lang='grc' dir='ltr'>ἒν</span> <span class='ocrx_word' id='word_1_329' title='bbox 1730 2758 1848 2818; x_wconf 83' lang='grc' dir='ltr'>τοῖς</span> <span class='ocrx_word' id='word_1_330' title='bbox 1875 2753 1974 2809; x_wconf 82' lang='grc' dir='ltr'>τά·</span> 
     </span>
    </p>
   </div>
   <div class='ocr_carea' id='block_1_47' title="bbox 307 2842 1970 2922">
    <p class='ocr_par' dir='ltr' id='par_1_47' title="bbox 307 2842 1970 2922">
     <span class='ocr_line' id='line_1_47' title="bbox 307 2842 1970 2922; baseline -0.001 -22"><span class='ocrx_word' id='word_1_331' title='bbox 307 2866 434 2920; x_wconf 69' lang='grc' dir='ltr'>φοις</span> <span class='ocrx_word' id='word_1_332' title='bbox 473 2843 791 2902; x_wconf 64' lang='grc' dir='ltr'>κατέκαυσε.</span> <span class='ocrx_word' id='word_1_333' title='bbox 832 2845 931 2900; x_wconf 81' lang='grc' dir='ltr'>Καὶ</span> <span class='ocrx_word' id='word_1_334' title='bbox 963 2842 1165 2920; x_wconf 69' lang='grc' dir='ltr'>ἕπάρας</span> <span class='ocrx_word' id='word_1_335' title='bbox 1212 2844 1340 2905; x_wconf 77' lang='grc' dir='ltr'>τοὺς</span> <span class='ocrx_word' id='word_1_336' title='bbox 1380 2842 1695 2922; x_wconf 82' lang='grc' dir='ltr'>ὀφςαλβοὺς</span> <span class='ocrx_word' id='word_1_337' title='bbox 1740 2843 1827 2898; x_wconf 82' lang='grc' dir='ltr'>ἐπὶ</span> <span class='ocrx_word' id='word_1_338' title='bbox 1876 2843 1970 2899; x_wconf 81' lang='grc' dir='ltr'>τὸν</span> 
     </span>
    </p>
   </div>
   <div class='ocr_carea' id='block_1_48' title="bbox 309 2932 1975 3012">
    <p class='ocr_par' dir='ltr' id='par_1_48' title="bbox 309 2932 1975 3012">
     <span class='ocr_line' id='line_1_48' title="bbox 309 2932 1975 3012; baseline -0.001 -22"><span class='ocrx_word' id='word_1_339' title='bbox 309 2936 480 3012; x_wconf 67' lang='grc' dir='ltr'>τάφον</span> <span class='ocrx_word' id='word_1_340' title='bbox 508 2938 610 2990; x_wconf 74' lang='grc' dir='ltr'>τοῦ</span> <span class='ocrx_word' id='word_1_341' title='bbox 639 2933 928 3009; x_wconf 80' lang='grc' dir='ltr'>ἀνθρώπου</span> <span class='ocrx_word' id='word_1_342' title='bbox 957 2938 1059 2989; x_wconf 77' lang='grc' dir='ltr'>τοῦ</span> <span class='ocrx_word' id='word_1_343' title='bbox 1089 2938 1227 2989; x_wconf 79' lang='grc' dir='ltr'>Θεοῦ</span> <span class='ocrx_word' id='word_1_344' title='bbox 1257 2934 1398 2989; x_wconf 69' lang='grc' dir='ltr'>εἷπε*</span> <span class='ocrx_word' id='word_1_345' title='bbox 1436 2956 1463 2986; x_wconf 82' lang='grc' dir='ltr'>α</span> <span class='ocrx_word' id='word_1_346' title='bbox 1496 2933 1561 2992; x_wconf 94' lang='grc' dir='ltr'>Τί</span> <span class='ocrx_word' id='word_1_347' title='bbox 1591 2934 1653 2988; x_wconf 87' lang='grc' dir='ltr'>τὸ</span> <span class='ocrx_word' id='word_1_348' title='bbox 1703 2932 1975 2989; x_wconf 86' lang='grc' dir='ltr'>σκόπελον</span> 
     </span>
    </p>
   </div>
   <div class='ocr_carea' id='block_1_49' title="bbox 308 3020 1973 3101">
    <p class='ocr_par' dir='ltr' id='par_1_49' title="bbox 308 3020 1973 3101">
     <span class='ocr_line' id='line_1_49' title="bbox 308 3020 1973 3101; baseline -0.001 -21"><span class='ocrx_word' id='word_1_349' title='bbox 308 3023 510 3096; x_wconf 49' lang='grc' dir='ltr'>ἐκεῖννλ</span> <span class='ocrx_word' id='word_1_350' title='bbox 544 3023 576 3079; x_wconf 79' lang='grc'><strong>8</strong></span> <span class='ocrx_word' id='word_1_351' title='bbox 607 3023 718 3101; x_wconf 78' lang='grc' dir='ltr'>ἐγὼ</span> <span class='ocrx_word' id='word_1_352' title='bbox 751 3020 984 3100; x_wconf 82' lang='grc' dir='ltr'>βλέπω;</span> <span class='ocrx_word' id='word_1_353' title='bbox 1018 3047 1046 3075; x_wconf 79' lang='grc'><strong>››</strong></span> <span class='ocrx_word' id='word_1_354' title='bbox 1077 3023 1180 3081; x_wconf 81' lang='grc' dir='ltr'>Καὶ</span> <span class='ocrx_word' id='word_1_355' title='bbox 1214 3023 1370 3100; x_wconf 75' lang='grc' dir='ltr'>φασὶν</span> <span class='ocrx_word' id='word_1_356' title='bbox 1400 3024 1451 3078; x_wconf 81' lang='grc' dir='ltr'>οἱ</span> <span class='ocrx_word' id='word_1_357' title='bbox 1502 3020 1692 3097; x_wconf 75' lang='grc' dir='ltr'>ἄνδρες</span> <span class='ocrx_word' id='word_1_358' title='bbox 1723 3029 1823 3093; x_wconf 81' lang='grc' dir='ltr'>τῆς</span> <span class='ocrx_word' id='word_1_359' title='bbox 1861 3022 1973 3078; x_wconf 89' lang='grc' dir='ltr'>πό-</span> 
     </span>
    </p>
   </div>
   <div class='ocr_carea' id='block_1_50' title="bbox 310 3111 1973 3191">
    <p class='ocr_par' dir='ltr' id='par_1_50' title="bbox 310 3111 1973 3191">
     <span class='ocr_line' id='line_1_50' title="bbox 310 3111 1973 3191; baseline 0 -24"><span class='ocrx_word' id='word_1_360' title='bbox 310 3111 474 3176; x_wconf 85' lang='grc' dir='ltr'>λεως·</span> <span class='ocrx_word' id='word_1_361' title='bbox 515 3136 543 3163; x_wconf 77' lang='grc' dir='ltr'>ιι</span> <span class='ocrx_word' id='word_1_362' title='bbox 581 3114 643 3172; x_wconf 86' lang='grc' dir='ltr'>Ὀ</span> <span class='ocrx_word' id='word_1_363' title='bbox 674 3114 963 3188; x_wconf 72' lang='grc' dir='ltr'>ἄνθρωπος</span> <span class='ocrx_word' id='word_1_364' title='bbox 990 3118 1088 3169; x_wconf 82' lang='grc' dir='ltr'>τοῦ</span> <span class='ocrx_word' id='word_1_365' title='bbox 1116 3116 1251 3169; x_wconf 72' lang='grc' dir='ltr'>Θεοῦ</span> <span class='ocrx_word' id='word_1_366' title='bbox 1306 3111 1469 3182; x_wconf 83' lang='grc' dir='ltr'>ἐστιν,</span> <span class='ocrx_word' id='word_1_367' title='bbox 1515 3114 1543 3167; x_wconf 89' lang='grc' dir='ltr'><strong>ὁ</strong></span> <span class='ocrx_word' id='word_1_368' title='bbox 1592 3111 1973 3191; x_wconf 77' lang='grc' dir='ltr'>προφητεύσας</span> 
     </span>
    </p>
   </div>
   <div class='ocr_carea' id='block_1_51' title="bbox 306 3200 1970 3277">
    <p class='ocr_par' dir='ltr' id='par_1_51' title="bbox 306 3200 1970 3277">
     <span class='ocr_line' id='line_1_51' title="bbox 306 3200 1970 3277; baseline -0.004 -18"><span class='ocrx_word' id='word_1_369' title='bbox 306 3203 435 3265; x_wconf 64' lang='grc' dir='ltr'>τοὺς</span> <span class='ocrx_word' id='word_1_370' title='bbox 469 3202 678 3277; x_wconf 83' lang='grc' dir='ltr'>λόγους</span> <span class='ocrx_word' id='word_1_371' title='bbox 724 3203 953 3266; x_wconf 78' lang='grc' dir='ltr'>τούτους</span> <span class='ocrx_word' id='word_1_372' title='bbox 1012 3200 1102 3258; x_wconf 73' lang='grc' dir='ltr'>ἐπὶ</span> <span class='ocrx_word' id='word_1_373' title='bbox 1141 3203 1204 3258; x_wconf 88' lang='grc' dir='ltr'>τὸ</span> <span class='ocrx_word' id='word_1_374' title='bbox 1271 3205 1657 3277; x_wconf 74' lang='grc' dir='ltr'>θυσιαστήριον</span> <span class='ocrx_word' id='word_1_375' title='bbox 1708 3201 1907 3272; x_wconf 84' lang='grc' dir='ltr'>Βεθήλ.</span> <span class='ocrx_word' id='word_1_376' title='bbox 1939 3226 1970 3255; x_wconf 79' lang='grc'><strong>››</strong></span> 
     </span>
    </p>
   </div>
   <div class='ocr_carea' id='block_1_52' title="bbox 313 3289 1973 3371">
    <p class='ocr_par' dir='ltr' id='par_1_52' title="bbox 313 3289 1973 3371">
     <span class='ocr_line' id='line_1_52' title="bbox 313 3289 1973 3371; baseline -0.001 -24"><span class='ocrx_word' id='word_1_377' title='bbox 313 3293 413 3347; x_wconf 70' lang='grc' dir='ltr'>Καὶ</span> <span class='ocrx_word' id='word_1_378' title='bbox 446 3292 618 3348; x_wconf 79' lang='grc' dir='ltr'>εἶπεν·</span> <span class='ocrx_word' id='word_1_379' title='bbox 681 3318 708 3344; x_wconf 83' lang='grc' dir='ltr'>ιι</span> <span class='ocrx_word' id='word_1_380' title='bbox 744 3294 944 3371; x_wconf 79' lang='grc' dir='ltr'>’Λιρετε</span> <span class='ocrx_word' id='word_1_381' title='bbox 1006 3291 1191 3348; x_wconf 75' lang='grc' dir='ltr'>αὐτόν’</span> <span class='ocrx_word' id='word_1_382' title='bbox 1238 3290 1437 3365; x_wconf 72' lang='grc' dir='ltr'>μηδεὶς</span> <span class='ocrx_word' id='word_1_383' title='bbox 1476 3293 1672 3367; x_wconf 81' lang='grc' dir='ltr'>κινήσῃ</span> <span class='ocrx_word' id='word_1_384' title='bbox 1726 3292 1793 3346; x_wconf 74' lang='grc' dir='ltr'>τὰ</span> <span class='ocrx_word' id='word_1_385' title='bbox 1843 3289 1973 3347; x_wconf 86' lang='grc' dir='ltr'>ὀστᾶ</span> 
     </span>
    </p>
   </div>
   <div class='ocr_carea' id='block_1_53' title="bbox 307 3379 1972 3457">
    <p class='ocr_par' dir='ltr' id='par_1_53' title="bbox 307 3379 1972 3457">
     <span class='ocr_line' id='line_1_53' title="bbox 307 3379 1972 3457; baseline -0.001 -20"><span class='ocrx_word' id='word_1_386' title='bbox 307 3381 499 3439; x_wconf 68' lang='grc' dir='ltr'>αὐτοῦ.</span> <span class='ocrx_word' id='word_1_387' title='bbox 532 3406 561 3432; x_wconf 82' lang='grc'><strong>››</strong></span> <span class='ocrx_word' id='word_1_388' title='bbox 617 3383 716 3439; x_wconf 81' lang='grc' dir='ltr'>Καὶ</span> <span class='ocrx_word' id='word_1_389' title='bbox 778 3384 964 3456; x_wconf 69' lang='grc' dir='ltr'>μέντοι</span> <span class='ocrx_word' id='word_1_390' title='bbox 1022 3380 1114 3436; x_wconf 85' lang='grc' dir='ltr'>καὶ</span> <span class='ocrx_word' id='word_1_391' title='bbox 1168 3379 1296 3442; x_wconf 72' lang='grc' dir='ltr'>τοὺς</span> <span class='ocrx_word' id='word_1_392' title='bbox 1353 3379 1824 3457; x_wconf 74' lang='grc' dir='ltr'>εγγαστριμύθους</span> <span class='ocrx_word' id='word_1_393' title='bbox 1880 3379 1972 3436; x_wconf 82' lang='grc' dir='ltr'>καὶ</span> 
     </span>
    </p>
   </div>
   <div class='ocr_carea' id='block_1_54' title="bbox 302 3468 1970 3551">
    <p class='ocr_par' dir='ltr' id='par_1_54' title="bbox 302 3468 1970 3551">
     <span class='ocr_line' id='line_1_54' title="bbox 302 3468 1970 3551; baseline -0.001 -25"><span class='ocrx_word' id='word_1_394' title='bbox 302 3470 434 3533; x_wconf 72' lang='grc' dir='ltr'>τοὺς</span> <span class='ocrx_word' id='word_1_395' title='bbox 495 3469 954 3551; x_wconf 68' lang='grc' dir='ltr'>ψευδοπροφήτας</span> <span class='ocrx_word' id='word_1_396' title='bbox 1020 3471 1109 3526; x_wconf 79' lang='grc' dir='ltr'>καὶ</span> <span class='ocrx_word' id='word_1_397' title='bbox 1169 3474 1272 3525; x_wconf 73' lang='grc' dir='ltr'>πᾶν</span> <span class='ocrx_word' id='word_1_398' title='bbox 1332 3468 1618 3546; x_wconf 73' lang='grc' dir='ltr'>βδέλυγμα</span> <span class='ocrx_word' id='word_1_399' title='bbox 1666 3470 1756 3525; x_wconf 83' lang='grc' dir='ltr'>καὶ</span> <span class='ocrx_word' id='word_1_400' title='bbox 1798 3490 1970 3544; x_wconf 78' lang='grc' dir='ltr'>προσο</span> 
     </span>
    </p>
   </div>
   <div class='ocr_carea' id='block_1_55' title="bbox 305 3557 1971 3635">
    <p class='ocr_par' dir='ltr' id='par_1_55' title="bbox 305 3557 1971 3635">
     <span class='ocr_line' id='line_1_55' title="bbox 305 3557 1971 3635; baseline 0.001 -21"><span class='ocrx_word' id='word_1_401' title='bbox 305 3561 556 3635; x_wconf 83' lang='grc' dir='ltr'>όχθισμα</span> <span class='ocrx_word' id='word_1_402' title='bbox 614 3562 699 3635; x_wconf 87' lang='grc' dir='ltr'>[Ρ.</span> <span class='ocrx_word' id='word_1_403' title='bbox 763 3562 888 3634; x_wconf 77' lang='grc'>112]</span> <span class='ocrx_word' id='word_1_404' title='bbox 950 3559 1004 3614; x_wconf 74' lang='grc' dir='ltr'>ἐν</span> <span class='ocrx_word' id='word_1_405' title='bbox 1073 3558 1440 3635; x_wconf 77' lang='grc' dir='ltr'>Ἰερουσαλὴμ</span> <span class='ocrx_word' id='word_1_406' title='bbox 1496 3559 1674 3634; x_wconf 71' lang='grc' dir='ltr'>ὲξῆρεο</span> <span class='ocrx_word' id='word_1_407' title='bbox 1733 3559 1823 3615; x_wconf 82' lang='grc' dir='ltr'>καὶ</span> <span class='ocrx_word' id='word_1_408' title='bbox 1877 3557 1971 3615; x_wconf 77' lang='grc' dir='ltr'>ἐπ-</span> 
     </span>
    </p>
   </div>
   <div class='ocr_carea' id='block_1_56' title="bbox 306 3646 1970 3725">
    <p class='ocr_par' dir='ltr' id='par_1_56' title="bbox 306 3646 1970 3725">
     <span class='ocr_line' id='line_1_56' title="bbox 306 3646 1970 3725; baseline 0 -20"><span class='ocrx_word' id='word_1_409' title='bbox 306 3648 559 3724; x_wconf 78' lang='grc' dir='ltr'>ἑστερεψε</span> <span class='ocrx_word' id='word_1_410' title='bbox 588 3650 724 3725; x_wconf 75' lang='grc' dir='ltr'>πρὸς</span> <span class='ocrx_word' id='word_1_411' title='bbox 766 3650 965 3725; x_wconf 79' lang='grc' dir='ltr'>Κύριον</span> <span class='ocrx_word' id='word_1_412' title='bbox 999 3650 1054 3705; x_wconf 83' lang='grc' dir='ltr'>ἐν</span> <span class='ocrx_word' id='word_1_413' title='bbox 1081 3647 1186 3725; x_wconf 67' lang='grc' dir='ltr'>ὅλη</span> <span class='ocrx_word' id='word_1_414' title='bbox 1219 3646 1415 3725; x_wconf 77' lang='grc' dir='ltr'>καρδίᾳ</span> <span class='ocrx_word' id='word_1_415' title='bbox 1443 3648 1534 3705; x_wconf 82' lang='grc' dir='ltr'>καὶ</span> <span class='ocrx_word' id='word_1_416' title='bbox 1589 3649 1747 3724; x_wconf 77' lang='grc' dir='ltr'>ἰσχύϊ</span> <span class='ocrx_word' id='word_1_417' title='bbox 1797 3648 1885 3704; x_wconf 84' lang='grc' dir='ltr'>καὶ</span> <span class='ocrx_word' id='word_1_418' title='bbox 1917 3647 1970 3705; x_wconf 83' lang='grc' dir='ltr'>ἐν</span> 
     </span>
    </p>
   </div>
   <div class='ocr_carea' id='block_1_57' title="bbox 306 3737 1969 3816">
    <p class='ocr_par' dir='ltr' id='par_1_57' title="bbox 306 3737 1969 3816">
     <span class='ocr_line' id='line_1_57' title="bbox 306 3737 1969 3816; baseline -0.001 -21"><span class='ocrx_word' id='word_1_419' title='bbox 306 3739 418 3810; x_wconf 76' lang='grc' dir='ltr'>ὅλη</span> <span class='ocrx_word' id='word_1_420' title='bbox 453 3742 608 3816; x_wconf 78' lang='grc' dir='ltr'>ψυχῇ</span> <span class='ocrx_word' id='word_1_421' title='bbox 641 3740 808 3795; x_wconf 78' lang='grc' dir='ltr'>αὐτοῦ</span> <span class='ocrx_word' id='word_1_422' title='bbox 835 3740 973 3796; x_wconf 84' lang='grc' dir='ltr'>κατὰ</span> <span class='ocrx_word' id='word_1_423' title='bbox 1009 3740 1101 3795; x_wconf 83' lang='grc' dir='ltr'>τὸν</span> <span class='ocrx_word' id='word_1_424' title='bbox 1158 3739 1327 3814; x_wconf 91' lang='grc' dir='ltr'>νόμον</span> <span class='ocrx_word' id='word_1_425' title='bbox 1393 3737 1686 3803; x_wconf 79' lang='grc' dir='ltr'>Μωΰσέως.</span> <span class='ocrx_word' id='word_1_426' title='bbox 1750 3739 1843 3795; x_wconf 84' lang='grc' dir='ltr'>Διὸ</span> <span class='ocrx_word' id='word_1_427' title='bbox 1901 3737 1969 3809; x_wconf 74' lang='grc' dir='ltr'>δὴ</span> 
     </span>
    </p>
   </div>
   <div class='ocr_carea' id='block_1_58' title="bbox 307 3828 1969 3905">
    <p class='ocr_par' dir='ltr' id='par_1_58' title="bbox 307 3828 1969 3905">
     <span class='ocr_line' id='line_1_58' title="bbox 307 3828 1969 3905; baseline 0.001 -22"><span class='ocrx_word' id='word_1_428' title='bbox 307 3830 406 3884; x_wconf 85' lang='grc' dir='ltr'>καὶ</span> <span class='ocrx_word' id='word_1_429' title='bbox 461 3830 525 3884; x_wconf 82' lang='grc' dir='ltr'>τὸ</span> <span class='ocrx_word' id='word_1_430' title='bbox 595 3830 787 3905; x_wconf 74' lang='grc' dir='ltr'>Πάσχα</span> <span class='ocrx_word' id='word_1_431' title='bbox 842 3833 1090 3885; x_wconf 77' lang='grc' dir='ltr'>τοιοῦτον</span> <span class='ocrx_word' id='word_1_432' title='bbox 1149 3828 1402 3901; x_wconf 79' lang='grc' dir='ltr'>ἐποίησεν</span> <span class='ocrx_word' id='word_1_433' title='bbox 1463 3830 1578 3884; x_wconf 81' lang='grc' dir='ltr'>οἷον</span> <span class='ocrx_word' id='word_1_434' title='bbox 1633 3828 1695 3884; x_wconf 80' lang='grc' dir='ltr'>οὐ</span> <span class='ocrx_word' id='word_1_435' title='bbox 1752 3830 1969 3904; x_wconf 67' lang='grc' dir='ltr'>γέγονεν</span> 
     </span>
    </p>
   </div>
   <div class='ocr_carea' id='block_1_59' title="bbox 306 3915 1974 3993">
    <p class='ocr_par' dir='ltr' id='par_1_59' title="bbox 306 3915 1974 3993">
     <span class='ocr_line' id='line_1_59' title="bbox 306 3915 1974 3993; baseline 0.001 -21"><span class='ocrx_word' id='word_1_436' title='bbox 306 3917 421 3972; x_wconf 78' lang='grc' dir='ltr'>ἀπὸ</span> <span class='ocrx_word' id='word_1_437' title='bbox 477 3917 694 3993; x_wconf 85' lang='grc' dir='ltr'>χρόνων</span> <span class='ocrx_word' id='word_1_438' title='bbox 748 3921 935 3989; x_wconf 85' lang='grc' dir='ltr'>Ἰησοῦ</span> <span class='ocrx_word' id='word_1_439' title='bbox 979 3918 1076 3974; x_wconf 75' lang='grc' dir='ltr'>τοῦ</span> <span class='ocrx_word' id='word_1_440' title='bbox 1132 3924 1279 3988; x_wconf 80' lang='grc' dir='ltr'>Ναυῆ</span> <span class='ocrx_word' id='word_1_441' title='bbox 1342 3917 1434 3973; x_wconf 80' lang='grc' dir='ltr'>καὶ</span> <span class='ocrx_word' id='word_1_442' title='bbox 1490 3915 1782 3992; x_wconf 88' lang='grc' dir='ltr'>Σαμουήλ·</span> <span class='ocrx_word' id='word_1_443' title='bbox 1843 3918 1974 3992; x_wconf 75' lang='grc' dir='ltr'>ἰνῷ</span> 
     </span>
    </p>
   </div>
   <div class='ocr_carea' id='block_1_60' title="bbox 311 4000 1968 4083">
    <p class='ocr_par' dir='ltr' id='par_1_60' title="bbox 311 4000 1968 4083">
     <span class='ocr_line' id='line_1_60' title="bbox 311 4000 1968 4083; baseline 0 -22"><span class='ocrx_word' id='word_1_444' title='bbox 311 4006 451 4079; x_wconf 85' lang='grc' dir='ltr'>βόας</span> <span class='ocrx_word' id='word_1_445' title='bbox 487 4008 581 4079; x_wconf 70' lang='grc' dir='ltr'>μὲν</span> <span class='ocrx_word' id='word_1_446' title='bbox 608 4004 761 4063; x_wconf 78' lang='grc' dir='ltr'>ἔθυσε</span> <span class='ocrx_word' id='word_1_447' title='bbox 802 4003 1066 4083; x_wconf 81' lang='grc' dir='ltr'>χιλιάδας</span> <span class='ocrx_word' id='word_1_448' title='bbox 1118 4007 1211 4082; x_wconf 72' lang='grc' dir='ltr'>ιβ’,</span> <span class='ocrx_word' id='word_1_449' title='bbox 1250 4000 1502 4082; x_wconf 78' lang='grc' dir='ltr'>πρόϐατα</span> <span class='ocrx_word' id='word_1_450' title='bbox 1548 4003 1812 4082; x_wconf 81' lang='grc' dir='ltr'>χιλιάδας</span> <span class='ocrx_word' id='word_1_451' title='bbox 1857 4004 1968 4078; x_wconf 77' lang='grc' dir='ltr'>λη’.</span> 
     </span>
    </p>
   </div>
   <div class='ocr_carea' id='block_1_61' title="bbox 311 4093 1969 4176">
    <p class='ocr_par' dir='ltr' id='par_1_61' title="bbox 311 4093 1969 4176">
     <span class='ocr_line' id='line_1_61' title="bbox 311 4093 1969 4176; baseline 0.002 -25"><span class='ocrx_word' id='word_1_452' title='bbox 311 4097 415 4151; x_wconf 79' lang='grc' dir='ltr'>Καὶ</span> <span class='ocrx_word' id='word_1_453' title='bbox 469 4099 833 4172; x_wconf 84' lang='grc' dir='ltr'>κατωρθώθη,</span> <span class='ocrx_word' id='word_1_454' title='bbox 891 4119 1049 4176; x_wconf 76' lang='grc' dir='ltr'>φησι,</span> <span class='ocrx_word' id='word_1_455' title='bbox 1104 4098 1169 4155; x_wconf 80' lang='grc' dir='ltr'>τὰ</span> <span class='ocrx_word' id='word_1_456' title='bbox 1244 4093 1379 4175; x_wconf 75' lang='grc' dir='ltr'>ἔργα</span> <span class='ocrx_word' id='word_1_457' title='bbox 1461 4096 1675 4155; x_wconf 89' lang='grc' dir='ltr'>Ἰωσίου</span> <span class='ocrx_word' id='word_1_458' title='bbox 1732 4096 1969 4154; x_wconf 70' lang='grc' dir='ltr'>ὶναντίον</span> 
     </span>
    </p>
   </div>
   <div class='ocr_carea' id='block_1_62' title="bbox 308 4182 1971 4263">
    <p class='ocr_par' dir='ltr' id='par_1_62' title="bbox 308 4182 1971 4263">
     <span class='ocr_line' id='line_1_62' title="bbox 308 4182 1971 4263; baseline 0.001 -21"><span class='ocrx_word' id='word_1_459' title='bbox 308 4186 543 4261; x_wconf 80' lang='grc' dir='ltr'>Κυρίου,</span> <span class='ocrx_word' id='word_1_460' title='bbox 586 4186 637 4241; x_wconf 79' lang='grc' dir='ltr'>ἐν</span> <span class='ocrx_word' id='word_1_461' title='bbox 667 4184 866 4261; x_wconf 73' lang='grc' dir='ltr'>καρδίᾳ</span> <span class='ocrx_word' id='word_1_462' title='bbox 894 4186 1096 4263; x_wconf 79' lang='grc' dir='ltr'>πλήρει</span> <span class='ocrx_word' id='word_1_463' title='bbox 1125 4182 1422 4250; x_wconf 76' lang='grc' dir='ltr'>εὐσεϐείας·</span> <span class='ocrx_word' id='word_1_464' title='bbox 1481 4188 1571 4242; x_wconf 83' lang='grc' dir='ltr'>καὶ</span> <span class='ocrx_word' id='word_1_465' title='bbox 1624 4187 1730 4263; x_wconf 80' lang='grc' dir='ltr'>γὰρ</span> <span class='ocrx_word' id='word_1_466' title='bbox 1776 4188 1971 4262; x_wconf 73' lang='grc' dir='ltr'>ὅμοιος</span> 
     </span>
    </p>
   </div>
   <div class='ocr_carea' id='block_1_63' title="bbox 308 4274 1969 4352">
    <p class='ocr_par' dir='ltr' id='par_1_63' title="bbox 308 4274 1969 4352">
     <span class='ocr_line' id='line_1_63' title="bbox 308 4274 1969 4352; baseline 0.001 -22"><span class='ocrx_word' id='word_1_467' title='bbox 308 4276 465 4348; x_wconf 80' lang='grc' dir='ltr'>αύτῷ</span> <span class='ocrx_word' id='word_1_468' title='bbox 498 4275 596 4331; x_wconf 66' lang='grc' dir='ltr'>οὒκ</span> <span class='ocrx_word' id='word_1_469' title='bbox 624 4274 884 4352; x_wconf 77' lang='grc' dir='ltr'>ἐγεννήθη</span> <span class='ocrx_word' id='word_1_470' title='bbox 918 4274 1220 4352; x_wconf 74' lang='grc' dir='ltr'>ἔμπροσθεν</span> <span class='ocrx_word' id='word_1_471' title='bbox 1258 4276 1445 4345; x_wconf 72' lang='grc' dir='ltr'>αὐτοῦ,</span> <span class='ocrx_word' id='word_1_472' title='bbox 1495 4276 1586 4332; x_wconf 83' lang='grc' dir='ltr'>καὶ</span> <span class='ocrx_word' id='word_1_473' title='bbox 1636 4276 1735 4332; x_wconf 76' lang='grc' dir='ltr'>οὐκ</span> <span class='ocrx_word' id='word_1_474' title='bbox 1779 4276 1969 4347; x_wconf 72' lang='grc' dir='ltr'>ἀνέστη</span> 
     </span>
    </p>
   </div>
   <div class='ocr_carea' id='block_1_64' title="bbox 302 4361 1973 4441">
    <p class='ocr_par' dir='ltr' id='par_1_64' title="bbox 302 4361 1973 4441">
     <span class='ocr_line' id='line_1_64' title="bbox 302 4361 1973 4441; baseline 0.002 -23"><span class='ocrx_word' id='word_1_475' title='bbox 302 4361 509 4437; x_wconf 77' lang='grc' dir='ltr'>ὅμοιος</span> <span class='ocrx_word' id='word_1_476' title='bbox 566 4364 754 4423; x_wconf 72' lang='grc' dir='ltr'>αὐτοῦ.</span> <span class='ocrx_word' id='word_1_477' title='bbox 845 4365 998 4435; x_wconf 71' lang='grc' dir='ltr'>Πλὴν</span> <span class='ocrx_word' id='word_1_478' title='bbox 1056 4368 1165 4423; x_wconf 79' lang='grc' dir='ltr'>οὐκ</span> <span class='ocrx_word' id='word_1_479' title='bbox 1217 4365 1536 4441; x_wconf 77' lang='grc' dir='ltr'>ἀπεστράφη</span> <span class='ocrx_word' id='word_1_480' title='bbox 1602 4367 1803 4440; x_wconf 82' lang='grc' dir='ltr'>Κύριος</span> <span class='ocrx_word' id='word_1_481' title='bbox 1863 4365 1973 4422; x_wconf 83' lang='grc' dir='ltr'>ἀπὸ</span> 
     </span>
    </p>
   </div>
   <div class='ocr_carea' id='block_1_65' title="bbox 2078 1862 3728 1936">
    <p class='ocr_par' dir='ltr' id='par_1_65' title="bbox 2078 1862 3728 1936">
     <span class='ocr_line' id='line_1_65' title="bbox 2078 1862 3728 1936; baseline 0 -17"><span class='ocrx_word' id='word_1_482' title='bbox 2078 1862 2316 1935; x_wconf 88' lang='lat' dir='ltr'>quando</span> <span class='ocrx_word' id='word_1_483' title='bbox 2340 1869 2658 1935; x_wconf 89' lang='lat' dir='ltr'>propterea</span> <span class='ocrx_word' id='word_1_484' title='bbox 2681 1864 2883 1919; x_wconf 88' lang='lat' dir='ltr'>scissis</span> <span class='ocrx_word' id='word_1_485' title='bbox 2914 1863 3174 1919; x_wconf 87' lang='lat' dir='ltr'>vestibus</span> <span class='ocrx_word' id='word_1_486' title='bbox 3196 1881 3397 1920; x_wconf 90' lang='lat' dir='ltr'>coram</span> <span class='ocrx_word' id='word_1_487' title='bbox 3419 1880 3514 1919; x_wconf 88' lang='lat' dir='ltr'>me</span> <span class='ocrx_word' id='word_1_488' title='bbox 3538 1864 3728 1936; x_wconf 84' lang='lat' dir='ltr'>lacry-</span> 
     </span>
    </p>
   </div>
   <div class='ocr_carea' id='block_1_66' title="bbox 2080 1951 3725 2025">
    <p class='ocr_par' dir='ltr' id='par_1_66' title="bbox 2080 1951 3725 2025">
     <span class='ocr_line' id='line_1_66' title="bbox 2080 1951 3725 2025; baseline -0.001 -17"><span class='ocrx_word' id='word_1_489' title='bbox 2080 1968 2206 2008; x_wconf 87' lang='lat' dir='ltr'>mas</span> <span class='ocrx_word' id='word_1_490' title='bbox 2236 1951 2463 2018; x_wconf 88' lang='lat' dir='ltr'>fudisti,</span> <span class='ocrx_word' id='word_1_491' title='bbox 2486 1952 2620 2008; x_wconf 91' lang='lat' dir='ltr'>ideo</span> <span class='ocrx_word' id='word_1_492' title='bbox 2648 1968 2722 2008; x_wconf 90' lang='lat' dir='ltr'>en</span> <span class='ocrx_word' id='word_1_493' title='bbox 2755 1969 2859 2024; x_wconf 89' lang='lat' dir='ltr'>ego</span> <span class='ocrx_word' id='word_1_494' title='bbox 2892 1958 2948 2008; x_wconf 92' lang='lat' dir='ltr'>te</span> <span class='ocrx_word' id='word_1_495' title='bbox 2978 1953 3041 2007; x_wconf 87' lang='lat' dir='ltr'>in</span> <span class='ocrx_word' id='word_1_496' title='bbox 3073 1968 3214 2025; x_wconf 80' lang='lat' dir='ltr'>pace</span> <span class='ocrx_word' id='word_1_497' title='bbox 3243 1952 3394 2008; x_wconf 90' lang='lat' dir='ltr'>mori</span> <span class='ocrx_word' id='word_1_498' title='bbox 3429 1953 3725 2020; x_wconf 87' lang='lat' dir='ltr'>sinam,ne</span> 
     </span>
    </p>
   </div>
   <div class='ocr_carea' id='block_1_67' title="bbox 2078 2042 3723 2115">
    <p class='ocr_par' dir='ltr' id='par_1_67' title="bbox 2078 2042 3723 2115">
     <span class='ocr_line' id='line_1_67' title="bbox 2078 2042 3723 2115; baseline -0.001 -16"><span class='ocrx_word' id='word_1_499' title='bbox 2078 2042 2415 2115; x_wconf 87' lang='lat' dir='ltr'>conspicias</span> <span class='ocrx_word' id='word_1_500' title='bbox 2442 2042 2811 2098; x_wconf 88' lang='lat' dir='ltr'>calamitates</span> <span class='ocrx_word' id='word_1_501' title='bbox 2842 2058 2988 2113; x_wconf 90' lang='lat' dir='ltr'>quas</span> <span class='ocrx_word' id='word_1_502' title='bbox 3020 2058 3123 2115; x_wconf 94' lang='lat' dir='ltr'>ego</span> <span class='ocrx_word' id='word_1_503' title='bbox 3172 2043 3310 2099; x_wconf 81' lang='lat' dir='ltr'>huic</span> <span class='ocrx_word' id='word_1_504' title='bbox 3342 2042 3472 2099; x_wconf 90' lang='lat' dir='ltr'>loco</span> <span class='ocrx_word' id='word_1_505' title='bbox 3506 2048 3564 2097; x_wconf 92' lang='lat' dir='ltr'>et</span> <span class='ocrx_word' id='word_1_506' title='bbox 3594 2045 3723 2113; x_wconf 84' lang='lat' dir='ltr'>ejus</span> 
     </span>
    </p>
   </div>
   <div class='ocr_carea' id='block_1_68' title="bbox 2078 2130 3723 2203">
    <p class='ocr_par' dir='ltr' id='par_1_68' title="bbox 2078 2130 3723 2203">
     <span class='ocr_line' id='line_1_68' title="bbox 2078 2130 3723 2203; baseline 0.001 -17"><span class='ocrx_word' id='word_1_507' title='bbox 2078 2130 2516 2186; x_wconf 84' lang='lat' dir='ltr'>habitatoribus</span> <span class='ocrx_word' id='word_1_508' title='bbox 2547 2130 2835 2203; x_wconf 87' lang='lat' dir='ltr'>inﬂigam,</span> <span class='ocrx_word' id='word_1_509' title='bbox 2867 2132 2953 2186; x_wconf 89' lang='lat' dir='ltr'>uti</span> <span class='ocrx_word' id='word_1_510' title='bbox 2986 2147 3085 2186; x_wconf 91' lang='lat' dir='ltr'>eos</span> <span class='ocrx_word' id='word_1_511' title='bbox 3112 2130 3406 2188; x_wconf 87' lang='lat' dir='ltr'>aboleam.</span> <span class='ocrx_word' id='word_1_512' title='bbox 3438 2130 3487 2165; x_wconf 67' lang='grc' dir='ltr'><strong>δν</strong></span> <span class='ocrx_word' id='word_1_513' title='bbox 3522 2152 3545 2182; x_wconf 68' lang='grc' dir='ltr'>ιι</span> <span class='ocrx_word' id='word_1_514' title='bbox 3579 2130 3723 2186; x_wconf 90' lang='lat' dir='ltr'>Inde</span> 
     </span>
    </p>
   </div>
   <div class='ocr_carea' id='block_1_69' title="bbox 2077 2218 3726 2277">
    <p class='ocr_par' dir='ltr' id='par_1_69' title="bbox 2077 2218 3726 2277">
     <span class='ocr_line' id='line_1_69' title="bbox 2077 2218 3726 2277; baseline 0 -2"><span class='ocrx_word' id='word_1_515' title='bbox 2077 2220 2268 2275; x_wconf 87' lang='lat' dir='ltr'>Josias</span> <span class='ocrx_word' id='word_1_516' title='bbox 2297 2218 2495 2275; x_wconf 91' lang='lat' dir='ltr'>divino</span> <span class='ocrx_word' id='word_1_517' title='bbox 2524 2219 2751 2275; x_wconf 87' lang='lat' dir='ltr'>fervore</span> <span class='ocrx_word' id='word_1_518' title='bbox 2782 2220 2969 2275; x_wconf 86' lang='lat' dir='ltr'>animi</span> <span class='ocrx_word' id='word_1_519' title='bbox 3001 2219 3323 2277; x_wconf 87' lang='lat' dir='ltr'>instinctus</span> <span class='ocrx_word' id='word_1_520' title='bbox 3374 2237 3496 2277; x_wconf 89' lang='lat' dir='ltr'>non</span> <span class='ocrx_word' id='word_1_521' title='bbox 3550 2218 3726 2276; x_wconf 91' lang='lat' dir='ltr'>modo</span> 
     </span>
    </p>
   </div>
   <div class='ocr_carea' id='block_1_70' title="bbox 2080 2308 3729 2380">
    <p class='ocr_par' dir='ltr' id='par_1_70' title="bbox 2080 2308 3729 2380">
     <span class='ocr_line' id='line_1_70' title="bbox 2080 2308 3729 2380; baseline 0.001 -16"><span class='ocrx_word' id='word_1_522' title='bbox 2080 2326 2211 2380; x_wconf 74' lang='lat' dir='ltr'>quos</span> <span class='ocrx_word' id='word_1_523' title='bbox 2242 2308 2585 2379; x_wconf 88' lang='lat' dir='ltr'>ubicunque</span> <span class='ocrx_word' id='word_1_524' title='bbox 2632 2309 2899 2365; x_wconf 89' lang='lat' dir='ltr'>locorum</span> <span class='ocrx_word' id='word_1_525' title='bbox 2952 2309 3270 2366; x_wconf 87' lang='lat' dir='ltr'>exstabant</span> <span class='ocrx_word' id='word_1_526' title='bbox 3317 2310 3638 2367; x_wconf 88' lang='lat' dir='ltr'>simulacra</span> <span class='ocrx_word' id='word_1_527' title='bbox 3670 2315 3729 2365; x_wconf 91' lang='lat' dir='ltr'>et</span> 
     </span>
    </p>
   </div>
   <div class='ocr_carea' id='block_1_71' title="bbox 2083 2397 3728 2471">
    <p class='ocr_par' dir='ltr' id='par_1_71' title="bbox 2083 2397 3728 2471">
     <span class='ocr_line' id='line_1_71' title="bbox 2083 2397 3728 2471; baseline -0.001 -17"><span class='ocrx_word' id='word_1_528' title='bbox 2083 2398 2480 2471; x_wconf 86' lang='lat' dir='ltr'>superstitiosi</span> <span class='ocrx_word' id='word_1_529' title='bbox 2512 2397 2708 2455; x_wconf 90' lang='lat' dir='ltr'>cultus</span> <span class='ocrx_word' id='word_1_530' title='bbox 2738 2400 3140 2455; x_wconf 89' lang='lat' dir='ltr'>instrumenta</span> <span class='ocrx_word' id='word_1_531' title='bbox 3166 2400 3437 2456; x_wconf 82' lang='lat' dir='ltr'>funditus</span> <span class='ocrx_word' id='word_1_532' title='bbox 3486 2399 3728 2470; x_wconf 85' lang='lat' dir='ltr'>excidit,</span> 
     </span>
    </p>
   </div>
   <div class='ocr_carea' id='block_1_72' title="bbox 2081 2488 3727 2562">
    <p class='ocr_par' dir='ltr' id='par_1_72' title="bbox 2081 2488 3727 2562">
     <span class='ocr_line' id='line_1_72' title="bbox 2081 2488 3727 2562; baseline 0.001 -18"><span class='ocrx_word' id='word_1_533' title='bbox 2081 2488 2187 2544; x_wconf 89' lang='lat' dir='ltr'>sed</span> <span class='ocrx_word' id='word_1_534' title='bbox 2246 2494 2304 2544; x_wconf 88' lang='lat' dir='ltr'>et</span> <span class='ocrx_word' id='word_1_535' title='bbox 2333 2488 2596 2545; x_wconf 89' lang='lat' dir='ltr'>cultores</span> <span class='ocrx_word' id='word_1_536' title='bbox 2626 2506 2835 2544; x_wconf 88' lang='lat' dir='ltr'>eorum</span> <span class='ocrx_word' id='word_1_537' title='bbox 2881 2489 3033 2545; x_wconf 90' lang='lat' dir='ltr'>alios</span> <span class='ocrx_word' id='word_1_538' title='bbox 3063 2490 3223 2546; x_wconf 91' lang='lat' dir='ltr'>vivos</span> <span class='ocrx_word' id='word_1_539' title='bbox 3261 2490 3541 2562; x_wconf 88' lang='lat' dir='ltr'>perdidit,</span> <span class='ocrx_word' id='word_1_540' title='bbox 3575 2490 3727 2546; x_wconf 88' lang='lat' dir='ltr'>alios</span> 
     </span>
    </p>
   </div>
   <div class='ocr_carea' id='block_1_73' title="bbox 2081 2578 3731 2651">
    <p class='ocr_par' dir='ltr' id='par_1_73' title="bbox 2081 2578 3731 2651">
     <span class='ocr_line' id='line_1_73' title="bbox 2081 2578 3731 2651; baseline 0.001 -17"><span class='ocrx_word' id='word_1_541' title='bbox 2081 2582 2350 2634; x_wconf 89' lang='lat' dir='ltr'>mortuos</span> <span class='ocrx_word' id='word_1_542' title='bbox 2389 2579 2452 2633; x_wconf 90' lang='lat' dir='ltr'>in</span> <span class='ocrx_word' id='word_1_543' title='bbox 2510 2578 2703 2634; x_wconf 91' lang='lat' dir='ltr'>bustis</span> <span class='ocrx_word' id='word_1_544' title='bbox 2752 2580 3055 2649; x_wconf 87' lang='lat' dir='ltr'>cremavit.</span> <span class='ocrx_word' id='word_1_545' title='bbox 3107 2579 3372 2651; x_wconf 90' lang='lat' dir='ltr'>Cumque</span> <span class='ocrx_word' id='word_1_546' title='bbox 3431 2580 3731 2636; x_wconf 90' lang='lat' dir='ltr'>tumulum</span> 
     </span>
    </p>
   </div>
   <div class='ocr_carea' id='block_1_74' title="bbox 2082 2667 3735 2740">
    <p class='ocr_par' dir='ltr' id='par_1_74' title="bbox 2082 2667 3735 2740">
     <span class='ocr_line' id='line_1_74' title="bbox 2082 2667 3735 2740; baseline 0 -18"><span class='ocrx_word' id='word_1_547' title='bbox 2082 2667 2495 2739; x_wconf 80' lang='lat' dir='ltr'>conspexisset</span> <span class='ocrx_word' id='word_1_548' title='bbox 2551 2667 2659 2722; x_wconf 90' lang='lat' dir='ltr'>sub</span> <span class='ocrx_word' id='word_1_549' title='bbox 2686 2684 2803 2737; x_wconf 90' lang='lat' dir='ltr'>quo</span> <span class='ocrx_word' id='word_1_550' title='bbox 2856 2668 2945 2722; x_wconf 92' lang='lat' dir='ltr'>vir</span> <span class='ocrx_word' id='word_1_551' title='bbox 2993 2668 3096 2724; x_wconf 91' lang='lat' dir='ltr'>Dei</span> <span class='ocrx_word' id='word_1_552' title='bbox 3147 2667 3408 2740; x_wconf 89' lang='lat' dir='ltr'>jacebat,</span> <span class='ocrx_word' id='word_1_553' title='bbox 3463 2669 3735 2740; x_wconf 75' lang='lat' dir='ltr'>quaesivit</span> 
     </span>
    </p>
   </div>
   <div class='ocr_carea' id='block_1_75' title="bbox 2083 2755 3733 2829">
    <p class='ocr_par' dir='ltr' id='par_1_75' title="bbox 2083 2755 3733 2829">
     <span class='ocr_line' id='line_1_75' title="bbox 2083 2755 3733 2829; baseline 0.001 -19"><span class='ocrx_word' id='word_1_554' title='bbox 2083 2756 2361 2828; x_wconf 88' lang='lat' dir='ltr'>quisnam</span> <span class='ocrx_word' id='word_1_555' title='bbox 2384 2760 2544 2811; x_wconf 90' lang='lat' dir='ltr'>esset</span> <span class='ocrx_word' id='word_1_556' title='bbox 2565 2755 2666 2811; x_wconf 91' lang='lat' dir='ltr'>ille</span> <span class='ocrx_word' id='word_1_557' title='bbox 2690 2755 2988 2827; x_wconf 90' lang='lat' dir='ltr'>scopulus.</span> <span class='ocrx_word' id='word_1_558' title='bbox 3014 2756 3336 2828; x_wconf 86' lang='lat' dir='ltr'>Oppidanis</span> <span class='ocrx_word' id='word_1_559' title='bbox 3366 2756 3733 2829; x_wconf 87' lang='lat' dir='ltr'>responden-</span> 
     </span>
    </p>
   </div>
   <div class='ocr_carea' id='block_1_76' title="bbox 2083 2844 3734 2918">
    <p class='ocr_par' dir='ltr' id='par_1_76' title="bbox 2083 2844 3734 2918">
     <span class='ocr_line' id='line_1_76' title="bbox 2083 2844 3734 2918; baseline 0.001 -18"><span class='ocrx_word' id='word_1_560' title='bbox 2083 2845 2241 2901; x_wconf 90' lang='lat' dir='ltr'>tibus</span> <span class='ocrx_word' id='word_1_561' title='bbox 2286 2844 2525 2917; x_wconf 81' lang='lat' dir='ltr'>cippum</span> <span class='ocrx_word' id='word_1_562' title='bbox 2576 2862 2706 2902; x_wconf 90' lang='lat' dir='ltr'>esse</span> <span class='ocrx_word' id='word_1_563' title='bbox 2738 2845 2919 2902; x_wconf 84' lang='lat' dir='ltr'>divini</span> <span class='ocrx_word' id='word_1_564' title='bbox 2977 2845 3151 2902; x_wconf 89' lang='lat' dir='ltr'>istius</span> <span class='ocrx_word' id='word_1_565' title='bbox 3198 2846 3462 2903; x_wconf 83' lang='lat' dir='ltr'>hominis</span> <span class='ocrx_word' id='word_1_566' title='bbox 3515 2847 3617 2918; x_wconf 90' lang='lat' dir='ltr'>qui</span> <span class='ocrx_word' id='word_1_567' title='bbox 3661 2847 3734 2903; x_wconf 92' lang='lat' dir='ltr'>de</span> 
     </span>
    </p>
   </div>
   <div class='ocr_carea' id='block_1_77' title="bbox 2084 2933 3741 3009">
    <p class='ocr_par' dir='ltr' id='par_1_77' title="bbox 2084 2933 3741 3009">
     <span class='ocr_line' id='line_1_77' title="bbox 2084 2933 3741 3009; baseline 0.002 -21"><span class='ocrx_word' id='word_1_568' title='bbox 2084 2933 2382 2990; x_wconf 90' lang='lat' dir='ltr'>Bethelico</span> <span class='ocrx_word' id='word_1_569' title='bbox 2415 2934 2587 2990; x_wconf 88' lang='lat' dir='ltr'>altari</span> <span class='ocrx_word' id='word_1_570' title='bbox 2616 2940 2772 2990; x_wconf 88' lang='lat' dir='ltr'>esset</span> <span class='ocrx_word' id='word_1_571' title='bbox 2797 2935 3170 3002; x_wconf 89' lang='lat' dir='ltr'>vaticinatus,</span> <span class='ocrx_word' id='word_1_572' title='bbox 3217 2936 3478 3009; x_wconf 90' lang='lat' dir='ltr'>relinqui</span> <span class='ocrx_word' id='word_1_573' title='bbox 3513 2953 3648 2993; x_wconf 92' lang='lat' dir='ltr'>eum</span> <span class='ocrx_word' id='word_1_574' title='bbox 3681 2942 3741 2993; x_wconf 91' lang='lat' dir='ltr'>et</span> 
     </span>
    </p>
   </div>
   <div class='ocr_carea' id='block_1_78' title="bbox 2083 3023 3741 3097">
    <p class='ocr_par' dir='ltr' id='par_1_78' title="bbox 2083 3023 3741 3097">
     <span class='ocr_line' id='line_1_78' title="bbox 2083 3023 3741 3097; baseline 0.002 -19"><span class='ocrx_word' id='word_1_575' title='bbox 2083 3039 2219 3079; x_wconf 90' lang='lat' dir='ltr'>ossa</span> <span class='ocrx_word' id='word_1_576' title='bbox 2249 3023 2380 3095; x_wconf 87' lang='lat' dir='ltr'>ejus</span> <span class='ocrx_word' id='word_1_577' title='bbox 2410 3040 2532 3079; x_wconf 93' lang='lat' dir='ltr'>non</span> <span class='ocrx_word' id='word_1_578' title='bbox 2566 3024 2788 3079; x_wconf 86' lang='lat' dir='ltr'>moveri</span> <span class='ocrx_word' id='word_1_579' title='bbox 2812 3024 3017 3097; x_wconf 89' lang='lat' dir='ltr'>jussit.</span> <span class='ocrx_word' id='word_1_580' title='bbox 3052 3025 3216 3080; x_wconf 91' lang='lat' dir='ltr'>Idem</span> <span class='ocrx_word' id='word_1_581' title='bbox 3266 3026 3512 3093; x_wconf 89' lang='lat' dir='ltr'>ariolos,</span> <span class='ocrx_word' id='word_1_582' title='bbox 3558 3026 3741 3082; x_wconf 88' lang='lat' dir='ltr'>falsos</span> 
     </span>
    </p>
   </div>
   <div class='ocr_carea' id='block_1_79' title="bbox 2084 3112 3743 3187">
    <p class='ocr_par' dir='ltr' id='par_1_79' title="bbox 2084 3112 3743 3187">
     <span class='ocr_line' id='line_1_79' title="bbox 2084 3112 3743 3187; baseline 0.002 -20"><span class='ocrx_word' id='word_1_583' title='bbox 2084 3118 2266 3181; x_wconf 89' lang='lat' dir='ltr'>vates,</span> <span class='ocrx_word' id='word_1_584' title='bbox 2290 3117 2467 3183; x_wconf 90' lang='lat' dir='ltr'>atque</span> <span class='ocrx_word' id='word_1_585' title='bbox 2493 3112 2784 3185; x_wconf 90' lang='lat' dir='ltr'>quidquid</span> <span class='ocrx_word' id='word_1_586' title='bbox 2810 3113 3171 3187; x_wconf 82' lang='lat' dir='ltr'>ﬂagitiosum</span> <span class='ocrx_word' id='word_1_587' title='bbox 3196 3121 3256 3170; x_wconf 92' lang='lat' dir='ltr'>et</span> <span class='ocrx_word' id='word_1_588' title='bbox 3275 3115 3743 3172; x_wconf 87' lang='lat' dir='ltr'>abominandum</span> 
     </span>
    </p>
   </div>
   <div class='ocr_carea' id='block_1_80' title="bbox 2084 3202 3745 3275">
    <p class='ocr_par' dir='ltr' id='par_1_80' title="bbox 2084 3202 3745 3275">
     <span class='ocr_line' id='line_1_80' title="bbox 2084 3202 3745 3275; baseline 0.001 -17"><span class='ocrx_word' id='word_1_589' title='bbox 2084 3208 2215 3258; x_wconf 88' lang='lat' dir='ltr'>erat</span> <span class='ocrx_word' id='word_1_590' title='bbox 2245 3202 3049 3275; x_wconf 86' lang='lat' dir='ltr'>Hierosolymis,exstirpavit</span> <span class='ocrx_word' id='word_1_591' title='bbox 3083 3220 3096 3258; x_wconf 90' lang='lat'><strong>:</strong></span> <span class='ocrx_word' id='word_1_592' title='bbox 3121 3220 3303 3275; x_wconf 91' lang='lat' dir='ltr'>seque</span> <span class='ocrx_word' id='word_1_593' title='bbox 3326 3205 3399 3259; x_wconf 85' lang='lat' dir='ltr'>ad</span> <span class='ocrx_word' id='word_1_594' title='bbox 3423 3206 3745 3260; x_wconf 90' lang='lat' dir='ltr'>Dominum</span> 
     </span>
    </p>
   </div>
   <div class='ocr_carea' id='block_1_81' title="bbox 2082 3293 3743 3365">
    <p class='ocr_par' dir='ltr' id='par_1_81' title="bbox 2082 3293 3743 3365">
     <span class='ocr_line' id='line_1_81' title="bbox 2082 3293 3743 3365; baseline 0.002 -17"><span class='ocrx_word' id='word_1_595' title='bbox 2082 3298 2204 3349; x_wconf 90' lang='lat' dir='ltr'>toto</span> <span class='ocrx_word' id='word_1_596' title='bbox 2236 3293 2413 3350; x_wconf 89' lang='lat' dir='ltr'>corde</span> <span class='ocrx_word' id='word_1_597' title='bbox 2445 3310 2513 3349; x_wconf 89' lang='lat' dir='ltr'>ac</span> <span class='ocrx_word' id='word_1_598' title='bbox 2548 3300 2787 3365; x_wconf 89' lang='lat' dir='ltr'>pectore</span> <span class='ocrx_word' id='word_1_599' title='bbox 2845 3295 3155 3361; x_wconf 90' lang='lat' dir='ltr'>convertit,</span> <span class='ocrx_word' id='word_1_600' title='bbox 3192 3295 3472 3351; x_wconf 89' lang='lat' dir='ltr'>omnibus</span> <span class='ocrx_word' id='word_1_601' title='bbox 3519 3296 3743 3352; x_wconf 87' lang='lat' dir='ltr'>viribus</span> 
     </span>
    </p>
   </div>
   <div class='ocr_carea' id='block_1_82' title="bbox 2083 3383 3739 3458">
    <p class='ocr_par' dir='ltr' id='par_1_82' title="bbox 2083 3383 3739 3458">
     <span class='ocr_line' id='line_1_82' title="bbox 2083 3383 3739 3458; baseline -0.001 -19"><span class='ocrx_word' id='word_1_602' title='bbox 2083 3385 2339 3439; x_wconf 84' lang='lat' dir='ltr'>annixus</span> <span class='ocrx_word' id='word_1_603' title='bbox 2397 3384 2471 3439; x_wconf 89' lang='lat' dir='ltr'>ad</span> <span class='ocrx_word' id='word_1_604' title='bbox 2523 3383 2796 3439; x_wconf 65' lang='lat' dir='ltr'>Mosaicae</span> <span class='ocrx_word' id='word_1_605' title='bbox 2841 3385 2991 3440; x_wconf 74' lang='lat'>107</span> <span class='ocrx_word' id='word_1_606' title='bbox 3048 3383 3194 3458; x_wconf 88' lang='lat' dir='ltr'>legis</span> <span class='ocrx_word' id='word_1_607' title='bbox 3243 3384 3739 3442; x_wconf 86' lang='lat' dir='ltr'>observationem.</span> 
     </span>
    </p>
   </div>
   <div class='ocr_carea' id='block_1_83' title="bbox 2083 3472 3743 3547">
    <p class='ocr_par' dir='ltr' id='par_1_83' title="bbox 2083 3472 3743 3547">
     <span class='ocr_line' id='line_1_83' title="bbox 2083 3472 3743 3547; baseline 0.001 -18"><span class='ocrx_word' id='word_1_608' title='bbox 2083 3472 2219 3529; x_wconf 92' lang='lat' dir='ltr'>Ideo</span> <span class='ocrx_word' id='word_1_609' title='bbox 2254 3473 2433 3528; x_wconf 88' lang='lat' dir='ltr'>etiam</span> <span class='ocrx_word' id='word_1_610' title='bbox 2481 3472 2711 3528; x_wconf 86' lang='lat' dir='ltr'>Pascha</span> <span class='ocrx_word' id='word_1_611' title='bbox 2745 3472 2857 3527; x_wconf 86' lang='lat' dir='ltr'>tale</span> <span class='ocrx_word' id='word_1_612' title='bbox 2888 3472 3209 3529; x_wconf 88' lang='lat' dir='ltr'>celebravit</span> <span class='ocrx_word' id='word_1_613' title='bbox 3258 3473 3433 3545; x_wconf 90' lang='lat' dir='ltr'>quale</span> <span class='ocrx_word' id='word_1_614' title='bbox 3463 3480 3599 3547; x_wconf 90' lang='lat' dir='ltr'>post</span> <span class='ocrx_word' id='word_1_615' title='bbox 3642 3474 3743 3529; x_wconf 84' lang='lat' dir='ltr'>Jo-</span> 
     </span>
    </p>
   </div>
   <div class='ocr_carea' id='block_1_84' title="bbox 2083 3561 3745 3620">
    <p class='ocr_par' dir='ltr' id='par_1_84' title="bbox 2083 3561 3745 3620">
     <span class='ocr_line' id='line_1_84' title="bbox 2083 3561 3745 3620; baseline -0.001 -1"><span class='ocrx_word' id='word_1_616' title='bbox 2083 3579 2253 3619; x_wconf 88' lang='lat' dir='ltr'>suam</span> <span class='ocrx_word' id='word_1_617' title='bbox 2280 3568 2338 3618; x_wconf 90' lang='lat' dir='ltr'>et</span> <span class='ocrx_word' id='word_1_618' title='bbox 2370 3561 2709 3618; x_wconf 86' lang='lat' dir='ltr'>Samuelum</span> <span class='ocrx_word' id='word_1_619' title='bbox 2770 3566 2969 3618; x_wconf 89' lang='lat' dir='ltr'>actum</span> <span class='ocrx_word' id='word_1_620' title='bbox 3003 3563 3240 3618; x_wconf 89' lang='lat' dir='ltr'>nullum</span> <span class='ocrx_word' id='word_1_621' title='bbox 3298 3563 3431 3619; x_wconf 81' lang='lat' dir='ltr'>fuit.</span> <span class='ocrx_word' id='word_1_622' title='bbox 3474 3564 3745 3620; x_wconf 81' lang='lat' dir='ltr'>Mactavit</span> 
     </span>
    </p>
   </div>
   <div class='ocr_carea' id='block_1_85' title="bbox 2083 3650 3745 3718">
    <p class='ocr_par' dir='ltr' id='par_1_85' title="bbox 2083 3650 3745 3718">
     <span class='ocr_line' id='line_1_85' title="bbox 2083 3650 3745 3718; baseline 0 -10"><span class='ocrx_word' id='word_1_623' title='bbox 2083 3652 2244 3708; x_wconf 90' lang='lat' dir='ltr'>enim</span> <span class='ocrx_word' id='word_1_624' title='bbox 2276 3651 2457 3706; x_wconf 93' lang='lat' dir='ltr'>boum</span> <span class='ocrx_word' id='word_1_625' title='bbox 2497 3650 2687 3706; x_wconf 88' lang='lat' dir='ltr'>millia</span> <span class='ocrx_word' id='word_1_626' title='bbox 2715 3654 2812 3718; x_wconf 80' lang='lat'>22,</span> <span class='ocrx_word' id='word_1_627' title='bbox 2869 3651 3066 3708; x_wconf 89' lang='lat' dir='ltr'>ovium</span> <span class='ocrx_word' id='word_1_628' title='bbox 3099 3652 3294 3709; x_wconf 88' lang='lat' dir='ltr'>millia</span> <span class='ocrx_word' id='word_1_629' title='bbox 3333 3655 3420 3707; x_wconf 90' lang='lat'>38.</span> <span class='ocrx_word' id='word_1_630' title='bbox 3472 3655 3745 3710; x_wconf 85' lang='lat' dir='ltr'>Testatur</span> 
     </span>
    </p>
   </div>
   <div class='ocr_carea' id='block_1_86' title="bbox 2084 3740 3740 3813">
    <p class='ocr_par' dir='ltr' id='par_1_86' title="bbox 2084 3740 3740 3813">
     <span class='ocr_line' id='line_1_86' title="bbox 2084 3740 3740 3813; baseline 0.001 -16"><span class='ocrx_word' id='word_1_631' title='bbox 2084 3741 2390 3813; x_wconf 88' lang='lat' dir='ltr'>Scriptura</span> <span class='ocrx_word' id='word_1_632' title='bbox 2421 3740 2670 3812; x_wconf 83' lang='lat' dir='ltr'>probata</span> <span class='ocrx_word' id='word_1_633' title='bbox 2699 3740 2884 3798; x_wconf 87' lang='lat' dir='ltr'>fuisse</span> <span class='ocrx_word' id='word_1_634' title='bbox 2917 3743 3037 3797; x_wconf 92' lang='lat' dir='ltr'>Deo</span> <span class='ocrx_word' id='word_1_635' title='bbox 3067 3742 3240 3798; x_wconf 85' lang='lat' dir='ltr'>Josiae</span> <span class='ocrx_word' id='word_1_636' title='bbox 3273 3742 3534 3811; x_wconf 74' lang='lat' dir='ltr'>officia,a</span> <span class='ocrx_word' id='word_1_637' title='bbox 3562 3743 3740 3799; x_wconf 90' lang='lat' dir='ltr'>corde</span> 
     </span>
    </p>
   </div>
   <div class='ocr_carea' id='block_1_87' title="bbox 2084 3830 3738 3905">
    <p class='ocr_par' dir='ltr' id='par_1_87' title="bbox 2084 3830 3738 3905">
     <span class='ocr_line' id='line_1_87' title="bbox 2084 3830 3738 3905; baseline 0.001 -19"><span class='ocrx_word' id='word_1_638' title='bbox 2084 3832 2319 3904; x_wconf 90' lang='lat' dir='ltr'>pietatis</span> <span class='ocrx_word' id='word_1_639' title='bbox 2350 3831 2530 3903; x_wconf 85' lang='lat' dir='ltr'>pleno</span> <span class='ocrx_word' id='word_1_640' title='bbox 2578 3830 2845 3902; x_wconf 83' lang='lat' dir='ltr'>profecta</span> <span class='ocrx_word' id='word_1_641' title='bbox 2877 3848 2890 3886; x_wconf 91' lang='lat'><strong>:</strong></span> <span class='ocrx_word' id='word_1_642' title='bbox 2942 3848 3082 3888; x_wconf 90' lang='lat' dir='ltr'>nam</span> <span class='ocrx_word' id='word_1_643' title='bbox 3115 3832 3329 3888; x_wconf 89' lang='lat' dir='ltr'>similis</span> <span class='ocrx_word' id='word_1_644' title='bbox 3378 3833 3508 3905; x_wconf 90' lang='lat' dir='ltr'>ejus</span> <span class='ocrx_word' id='word_1_645' title='bbox 3542 3849 3738 3904; x_wconf 91' lang='lat' dir='ltr'>neque</span> 
     </span>
    </p>
   </div>
   <div class='ocr_carea' id='block_1_88' title="bbox 2082 3920 3740 3993">
    <p class='ocr_par' dir='ltr' id='par_1_88' title="bbox 2082 3920 3740 3993">
     <span class='ocr_line' id='line_1_88' title="bbox 2082 3920 3740 3993; baseline 0 -16"><span class='ocrx_word' id='word_1_646' title='bbox 2082 3926 2219 3977; x_wconf 86' lang='lat' dir='ltr'>ante</span> <span class='ocrx_word' id='word_1_647' title='bbox 2241 3936 2436 3991; x_wconf 88' lang='lat' dir='ltr'>neque</span> <span class='ocrx_word' id='word_1_648' title='bbox 2466 3925 2599 3992; x_wconf 92' lang='lat' dir='ltr'>post</span> <span class='ocrx_word' id='word_1_649' title='bbox 2631 3920 2827 3992; x_wconf 89' lang='lat' dir='ltr'>ipsum</span> <span class='ocrx_word' id='word_1_650' title='bbox 2861 3922 3109 3977; x_wconf 86' lang='lat' dir='ltr'>exstitit.</span> <span class='ocrx_word' id='word_1_651' title='bbox 3131 3923 3332 3993; x_wconf 92' lang='lat' dir='ltr'>Neque</span> <span class='ocrx_word' id='word_1_652' title='bbox 3356 3928 3557 3978; x_wconf 90' lang='lat' dir='ltr'>tamen</span> <span class='ocrx_word' id='word_1_653' title='bbox 3587 3922 3740 3979; x_wconf 86' lang='lat' dir='ltr'>iram</span> 
     </span>
    </p>
   </div>
   <div class='ocr_carea' id='block_1_89' title="bbox 2083 4009 3740 4082">
    <p class='ocr_par' dir='ltr' id='par_1_89' title="bbox 2083 4009 3740 4082">
     <span class='ocr_line' id='line_1_89' title="bbox 2083 4009 3740 4082; baseline 0 -17"><span class='ocrx_word' id='word_1_654' title='bbox 2083 4012 2146 4066; x_wconf 90' lang='lat' dir='ltr'>in</span> <span class='ocrx_word' id='word_1_655' title='bbox 2174 4009 2408 4065; x_wconf 70' lang='lat' dir='ltr'>Iudaeos</span> <span class='ocrx_word' id='word_1_656' title='bbox 2435 4014 2785 4082; x_wconf 87' lang='lat' dir='ltr'>conceptam</span> <span class='ocrx_word' id='word_1_657' title='bbox 2816 4010 2974 4066; x_wconf 90' lang='lat' dir='ltr'>Deus</span> <span class='ocrx_word' id='word_1_658' title='bbox 3014 4010 3312 4082; x_wconf 90' lang='lat' dir='ltr'>deposuit,</span> <span class='ocrx_word' id='word_1_659' title='bbox 3345 4028 3577 4067; x_wconf 89' lang='lat' dir='ltr'>memor</span> <span class='ocrx_word' id='word_1_660' title='bbox 3603 4011 3740 4081; x_wconf 87' lang='lat' dir='ltr'>qui-</span> 
     </span>
    </p>
   </div>
   <div class='ocr_carea' id='block_1_90' title="bbox 2082 4096 3740 4172">
    <p class='ocr_par' dir='ltr' id='par_1_90' title="bbox 2082 4096 3740 4172">
     <span class='ocr_line' id='line_1_90' title="bbox 2082 4096 3740 4172; baseline 0 -17"><span class='ocrx_word' id='word_1_661' title='bbox 2082 4099 2192 4155; x_wconf 87' lang='lat' dir='ltr'>bus</span> <span class='ocrx_word' id='word_1_662' title='bbox 2221 4096 2416 4153; x_wconf 89' lang='lat' dir='ltr'>modis</span> <span class='ocrx_word' id='word_1_663' title='bbox 2446 4098 2642 4169; x_wconf 86' lang='lat' dir='ltr'>ipsum</span> <span class='ocrx_word' id='word_1_664' title='bbox 2675 4099 2974 4154; x_wconf 85' lang='lat' dir='ltr'>Manasses</span> <span class='ocrx_word' id='word_1_665' title='bbox 3006 4098 3325 4155; x_wconf 86' lang='lat' dir='ltr'>irritasset.</span> <span class='ocrx_word' id='word_1_666' title='bbox 3357 4103 3437 4155; x_wconf 89' lang='lat' dir='ltr'>Eo</span> <span class='ocrx_word' id='word_1_667' title='bbox 3470 4106 3740 4172; x_wconf 87' lang='lat' dir='ltr'>tempore</span> 
     </span>
    </p>
   </div>
   <div class='ocr_carea' id='block_1_91' title="bbox 2082 4186 3742 4261">
    <p class='ocr_par' dir='ltr' id='par_1_91' title="bbox 2082 4186 3742 4261">
     <span class='ocr_line' id='line_1_91' title="bbox 2082 4186 3742 4261; baseline 0 -17"><span class='ocrx_word' id='word_1_668' title='bbox 2082 4189 2263 4245; x_wconf 90' lang='lat' dir='ltr'>etiam</span> <span class='ocrx_word' id='word_1_669' title='bbox 2302 4186 2646 4257; x_wconf 82' lang='lat' dir='ltr'>Byzantium</span> <span class='ocrx_word' id='word_1_670' title='bbox 2677 4204 2712 4242; x_wconf 91' lang='lat' dir='ltr'>a</span> <span class='ocrx_word' id='word_1_671' title='bbox 2742 4186 2893 4258; x_wconf 89' lang='lat' dir='ltr'>Byzo</span> <span class='ocrx_word' id='word_1_672' title='bbox 2942 4188 3208 4244; x_wconf 65' lang='lat' dir='ltr'>Thracia:</span> <span class='ocrx_word' id='word_1_673' title='bbox 3239 4205 3378 4261; x_wconf 86' lang='lat' dir='ltr'>rege</span> <span class='ocrx_word' id='word_1_674' title='bbox 3430 4189 3742 4245; x_wconf 89' lang='lat' dir='ltr'>conditum</span> 
     </span>
    </p>
   </div>
   <div class='ocr_carea' id='block_1_92' title="bbox 2084 4276 3739 4348">
    <p class='ocr_par' dir='ltr' id='par_1_92' title="bbox 2084 4276 3739 4348">
     <span class='ocr_line' id='line_1_92' title="bbox 2084 4276 3739 4348; baseline 0.001 -15"><span class='ocrx_word' id='word_1_675' title='bbox 2084 4283 2173 4333; x_wconf 88' lang='lat' dir='ltr'>est</span> <span class='ocrx_word' id='word_1_676' title='bbox 2208 4293 2220 4331; x_wconf 90' lang='lat'><strong>:</strong></span> <span class='ocrx_word' id='word_1_677' title='bbox 2253 4276 2355 4331; x_wconf 89' lang='lat' dir='ltr'>alii</span> <span class='ocrx_word' id='word_1_678' title='bbox 2390 4277 2763 4348; x_wconf 84' lang='lat' dir='ltr'>Megarenses</span> <span class='ocrx_word' id='word_1_679' title='bbox 2797 4276 2927 4347; x_wconf 90' lang='lat' dir='ltr'>ejus</span> <span class='ocrx_word' id='word_1_680' title='bbox 2957 4276 3122 4332; x_wconf 89' lang='lat' dir='ltr'>urbis</span> <span class='ocrx_word' id='word_1_681' title='bbox 3152 4282 3434 4333; x_wconf 89' lang='lat' dir='ltr'>auctores</span> <span class='ocrx_word' id='word_1_682' title='bbox 3488 4277 3739 4335; x_wconf 86' lang='lat' dir='ltr'>faciunt.</span> 
     </span>
    </p>
   </div>
   <div class='ocr_carea' id='block_1_93' title="bbox 2082 4364 3243 4436">
    <p class='ocr_par' dir='ltr' id='par_1_93' title="bbox 2082 4364 3243 4436">
     <span class='ocr_line' id='line_1_93' title="bbox 2082 4364 3243 4436; baseline -0.003 -13"><span class='ocrx_word' id='word_1_683' title='bbox 2082 4369 2246 4423; x_wconf 91' lang='lat' dir='ltr'>Tunc</span> <span class='ocrx_word' id='word_1_684' title='bbox 2276 4371 2335 4422; x_wconf 91' lang='lat' dir='ltr'>et</span> <span class='ocrx_word' id='word_1_685' title='bbox 2367 4364 2588 4436; x_wconf 87' lang='lat' dir='ltr'>Sibylla</span> <span class='ocrx_word' id='word_1_686' title='bbox 2617 4364 2928 4421; x_wconf 70' lang='lat' dir='ltr'>Samonaea</span> <span class='ocrx_word' id='word_1_687' title='bbox 2958 4366 3243 4421; x_wconf 91' lang='lat' dir='ltr'>innotuit.</span> 
     </span>
    </p>
   </div>
   <div class='ocr_carea' id='block_1_94' title="bbox 304 4451 3771 4533">
    <p class='ocr_par' dir='ltr' id='par_1_94' title="bbox 304 4451 3771 4533">
     <span class='ocr_line' id='line_1_94' title="bbox 304 4451 3771 4533; baseline 0.001 -25"><span class='ocrx_word' id='word_1_688' title='bbox 304 4456 490 4522; x_wconf 80' lang='grc' dir='ltr'>θυμοῦ</span> <span class='ocrx_word' id='word_1_689' title='bbox 518 4461 621 4525; x_wconf 78' lang='grc' dir='ltr'>τῆς</span> <span class='ocrx_word' id='word_1_690' title='bbox 652 4454 825 4533; x_wconf 80' lang='grc' dir='ltr'>ὀργῆς</span> <span class='ocrx_word' id='word_1_691' title='bbox 864 4454 1051 4526; x_wconf 80' lang='grc' dir='ltr'>αὐτοῦ,</span> <span class='ocrx_word' id='word_1_692' title='bbox 1083 4454 1147 4512; x_wconf 77' lang='grc' dir='ltr'>οὗ</span> <span class='ocrx_word' id='word_1_693' title='bbox 1205 4455 1462 4530; x_wconf 80' lang='grc' dir='ltr'>ἐθυμώθη</span> <span class='ocrx_word' id='word_1_694' title='bbox 1522 4454 1576 4511; x_wconf 72' lang='grc' dir='ltr'>ἐν</span> <span class='ocrx_word' id='word_1_695' title='bbox 1636 4460 1717 4530; x_wconf 78' lang='grc' dir='ltr'>τῷ</span> <span class='ocrx_word' id='word_1_696' title='bbox 1776 4452 1974 4528; x_wconf 75' lang='grc' dir='ltr'>Ἰούδᾳ,</span> <span class='ocrx_word' id='word_1_697' title='bbox 2034 4452 2121 4511; x_wconf 76' lang='grc' dir='ltr'>ἐπὶ</span> <span class='ocrx_word' id='word_1_698' title='bbox 2182 4454 2310 4516; x_wconf 71' lang='grc' dir='ltr'>τοὺς</span> <span class='ocrx_word' id='word_1_699' title='bbox 2369 4451 2788 4529; x_wconf 74' lang='grc' dir='ltr'>παροργισμοὺς</span> <span class='ocrx_word' id='word_1_700' title='bbox 2849 4452 2942 4508; x_wconf 72' lang='grc' dir='ltr'>οὕν</span> <span class='ocrx_word' id='word_1_701' title='bbox 2997 4456 3344 4530; x_wconf 85' lang='grc' dir='ltr'>παρώργισεν</span> <span class='ocrx_word' id='word_1_702' title='bbox 3399 4454 3564 4510; x_wconf 76' lang='grc' dir='ltr'>αὐτὸν</span> <span class='ocrx_word' id='word_1_703' title='bbox 3620 4462 3771 4512; x_wconf 63' lang='grc' dir='ltr'>Μαι</span> 
     </span>
    </p>
   </div>
   <div class='ocr_carea' id='block_1_95' title="bbox 298 4539 3741 4625">
    <p class='ocr_par' dir='ltr' id='par_1_95' title="bbox 298 4539 3741 4625">
     <span class='ocr_line' id='line_1_95' title="bbox 298 4539 3741 4625; baseline 0.001 -29"><span class='ocrx_word' id='word_1_704' title='bbox 298 4550 529 4611; x_wconf 80' lang='grc' dir='ltr'>νασσῆς.</span> <span class='ocrx_word' id='word_1_705' title='bbox 591 4544 708 4621; x_wconf 72' lang='grc' dir='ltr'>Ἐφ’</span> <span class='ocrx_word' id='word_1_706' title='bbox 772 4544 849 4599; x_wconf 84' lang='grc' dir='ltr'>ὧν</span> <span class='ocrx_word' id='word_1_707' title='bbox 906 4545 1120 4625; x_wconf 84' lang='grc' dir='ltr'>χρόνων</span> <span class='ocrx_word' id='word_1_708' title='bbox 1179 4545 1270 4601; x_wconf 85' lang='grc' dir='ltr'>καὶ</span> <span class='ocrx_word' id='word_1_709' title='bbox 1324 4545 1388 4600; x_wconf 87' lang='grc' dir='ltr'>τὸ</span> <span class='ocrx_word' id='word_1_710' title='bbox 1454 4544 1750 4615; x_wconf 78' lang='grc' dir='ltr'>Βυζάντιον</span> <span class='ocrx_word' id='word_1_711' title='bbox 1811 4544 1916 4600; x_wconf 84' lang='grc' dir='ltr'>ὑπὸ</span> <span class='ocrx_word' id='word_1_712' title='bbox 1975 4545 2153 4614; x_wconf 83' lang='grc' dir='ltr'>Βύζου</span> <span class='ocrx_word' id='word_1_713' title='bbox 2218 4540 2495 4612; x_wconf 74' lang='grc' dir='ltr'>βασιλέως</span> <span class='ocrx_word' id='word_1_714' title='bbox 2555 4548 2656 4610; x_wconf 80' lang='grc' dir='ltr'>τῆς</span> <span class='ocrx_word' id='word_1_715' title='bbox 2717 4540 2934 4617; x_wconf 80' lang='grc' dir='ltr'>Θρᾷκης</span> <span class='ocrx_word' id='word_1_716' title='bbox 3026 4540 3267 4614; x_wconf 53' lang='grc' dir='ltr'>ἐκτίσθη</span> <span class='ocrx_word' id='word_1_717' title='bbox 3328 4541 3406 4606; x_wconf 85' lang='grc' dir='ltr'>ὡς</span> <span class='ocrx_word' id='word_1_718' title='bbox 3458 4539 3518 4599; x_wconf 73' lang='grc' dir='ltr'>δὲ</span> <span class='ocrx_word' id='word_1_719' title='bbox 3601 4564 3741 4608; x_wconf 87' lang='grc' dir='ltr'>τινες</span> 
     </span>
    </p>
   </div>
   <div class='ocr_carea' id='block_1_96' title="bbox 304 4628 2158 4712">
    <p class='ocr_par' dir='ltr' id='par_1_96' title="bbox 304 4628 2158 4712">
     <span class='ocr_line' id='line_1_96' title="bbox 304 4628 2158 4712; baseline 0.001 -25"><span class='ocrx_word' id='word_1_720' title='bbox 304 4632 413 4687; x_wconf 77' lang='grc' dir='ltr'>ὑπὸ</span> <span class='ocrx_word' id='word_1_721' title='bbox 447 4633 765 4708; x_wconf 69' lang='grc' dir='ltr'>Μεγαρέων.</span> <span class='ocrx_word' id='word_1_722' title='bbox 798 4634 913 4712; x_wconf 74' lang='grc' dir='ltr'>Ἑφ⁴</span> <span class='ocrx_word' id='word_1_723' title='bbox 944 4634 1017 4689; x_wconf 84' lang='grc' dir='ltr'>ὧν</span> <span class='ocrx_word' id='word_1_724' title='bbox 1045 4635 1135 4690; x_wconf 86' lang='grc' dir='ltr'>καὶ</span> <span class='ocrx_word' id='word_1_725' title='bbox 1167 4628 1420 4690; x_wconf 77' lang='grc' dir='ltr'>Σίϐυλλα</span> <span class='ocrx_word' id='word_1_726' title='bbox 1447 4635 1482 4704; x_wconf 76' lang='grc' dir='ltr'><strong>ἡ</strong></span> <span class='ocrx_word' id='word_1_727' title='bbox 1518 4632 1783 4709; x_wconf 83' lang='grc' dir='ltr'>Σαμωνία</span> <span class='ocrx_word' id='word_1_728' title='bbox 1811 4631 2158 4709; x_wconf 78' lang='grc' dir='ltr'>ἱγνωρίζετο.</span> 
     </span>
    </p>
   </div>
   <div class='ocr_carea' id='block_1_97' title="bbox 380 4718 1975 4799">
    <p class='ocr_par' dir='ltr' id='par_1_97' title="bbox 380 4718 1975 4799">
     <span class='ocr_line' id='line_1_97' title="bbox 380 4718 1975 4799; baseline -0.001 -21"><span class='ocrx_word' id='word_1_729' title='bbox 380 4721 536 4778; x_wconf 75' lang='grc' dir='ltr'>Μετᾶ</span> <span class='ocrx_word' id='word_1_730' title='bbox 569 4719 628 4776; x_wconf 73' lang='grc' dir='ltr'>δὲ</span> <span class='ocrx_word' id='word_1_731' title='bbox 685 4721 897 4778; x_wconf 79' lang='grc' dir='ltr'>Ἰωσίαν</span> <span class='ocrx_word' id='word_1_732' title='bbox 946 4718 1293 4779; x_wconf 69' lang='grc' dir='ltr'>ἐϐασίλευσεν</span> <span class='ocrx_word' id='word_1_733' title='bbox 1338 4723 1582 4799; x_wconf 78' lang='grc' dir='ltr'>Ἰωάχαζ</span> <span class='ocrx_word' id='word_1_734' title='bbox 1628 4724 1746 4787; x_wconf 75' lang='grc' dir='ltr'>υἱὸς</span> <span class='ocrx_word' id='word_1_735' title='bbox 1789 4722 1975 4793; x_wconf 74' lang='grc' dir='ltr'>αὐτοῦ,</span> 
     </span>
    </p>
   </div>
   <div class='ocr_carea' id='block_1_98' title="bbox 303 4809 1977 4891">
    <p class='ocr_par' dir='ltr' id='par_1_98' title="bbox 303 4809 1977 4891">
     <span class='ocr_line' id='line_1_98' title="bbox 303 4809 1977 4891; baseline -0.001 -24"><span class='ocrx_word' id='word_1_736' title='bbox 303 4811 368 4873; x_wconf 79' lang='grc' dir='ltr'>ὃς</span> <span class='ocrx_word' id='word_1_737' title='bbox 394 4810 625 4881; x_wconf 75' lang='grc' dir='ltr'>ἐποίησε</span> <span class='ocrx_word' id='word_1_738' title='bbox 654 4811 719 4866; x_wconf 82' lang='grc' dir='ltr'>τὸ</span> <span class='ocrx_word' id='word_1_739' title='bbox 748 4812 992 4887; x_wconf 86' lang='grc' dir='ltr'>πονηρὸν</span> <span class='ocrx_word' id='word_1_740' title='bbox 1048 4809 1278 4869; x_wconf 72' lang='grc' dir='ltr'>ἐνώπιον</span> <span class='ocrx_word' id='word_1_741' title='bbox 1331 4813 1561 4889; x_wconf 82' lang='grc' dir='ltr'>Κυρίου,</span> <span class='ocrx_word' id='word_1_742' title='bbox 1607 4813 1697 4867; x_wconf 77' lang='grc' dir='ltr'>καὶ</span> <span class='ocrx_word' id='word_1_743' title='bbox 1747 4811 1977 4891; x_wconf 58' lang='grc' dir='ltr'>λητθείς</span> 
     </span>
    </p>
   </div>
   <div class='ocr_carea' id='block_1_99' title="bbox 305 4894 1975 4981">
    <p class='ocr_par' dir='ltr' id='par_1_99' title="bbox 305 4894 1975 4981">
     <span class='ocr_line' id='line_1_99' title="bbox 305 4894 1975 4981; baseline -0.001 -24"><span class='ocrx_word' id='word_1_744' title='bbox 305 4902 414 4957; x_wconf 74' lang='grc' dir='ltr'>ὐπὸ</span> <span class='ocrx_word' id='word_1_745' title='bbox 448 4894 694 4975; x_wconf 73' lang='grc' dir='ltr'>Νεχαὼὸ</span> <span class='ocrx_word' id='word_1_746' title='bbox 738 4899 1010 4976; x_wconf 85' lang='grc' dir='ltr'>βασιλέως</span> <span class='ocrx_word' id='word_1_747' title='bbox 1068 4901 1351 4979; x_wconf 75' lang='grc' dir='ltr'>Αἰγύπτου</span> <span class='ocrx_word' id='word_1_748' title='bbox 1390 4901 1625 4981; x_wconf 78' lang='grc' dir='ltr'>ἀπήχθη</span> <span class='ocrx_word' id='word_1_749' title='bbox 1681 4901 1757 4967; x_wconf 76' lang='grc' dir='ltr'>εἷς</span> <span class='ocrx_word' id='word_1_750' title='bbox 1803 4900 1975 4977; x_wconf 53' lang='grc' dir='ltr'>Αἴγυ-</span> 
     </span>
    </p>
   </div>
   <div class='ocr_carea' id='block_1_100' title="bbox 301 4989 1975 5068">
    <p class='ocr_par' dir='ltr' id='par_1_100' title="bbox 301 4989 1975 5068">
     <span class='ocr_line' id='line_1_100' title="bbox 301 4989 1975 5068; baseline 0.002 -25"><span class='ocrx_word' id='word_1_751' title='bbox 301 5008 465 5057; x_wconf 79' lang='grc' dir='ltr'>πτον,</span> <span class='ocrx_word' id='word_1_752' title='bbox 519 4989 574 5045; x_wconf 78' lang='grc' dir='ltr'>ἐν</span> <span class='ocrx_word' id='word_1_753' title='bbox 625 4991 665 5061; x_wconf 71' lang='grc' dir='ltr'><strong><em>ᾗ</em></strong></span> <span class='ocrx_word' id='word_1_754' title='bbox 718 4990 810 5045; x_wconf 74' lang='grc' dir='ltr'>καὶ</span> <span class='ocrx_word' id='word_1_755' title='bbox 869 4989 1119 5061; x_wconf 75' lang='grc' dir='ltr'>ἀπέθανε,</span> <span class='ocrx_word' id='word_1_756' title='bbox 1182 4990 1510 5068; x_wconf 78' lang='grc' dir='ltr'>βασιλεύσας</span> <span class='ocrx_word' id='word_1_757' title='bbox 1572 4997 1749 5063; x_wconf 80' lang='grc' dir='ltr'>μῆνας</span> <span class='ocrx_word' id='word_1_758' title='bbox 1804 4995 1975 5066; x_wconf 85' lang='grc' dir='ltr'>τρεῖς.</span> 
     </span>
    </p>
   </div>
   <div class='ocr_carea' id='block_1_101' title="bbox 304 5076 1977 5157">
    <p class='ocr_par' dir='ltr' id='par_1_101' title="bbox 304 5076 1977 5157">
     <span class='ocr_line' id='line_1_101' title="bbox 304 5076 1977 5157; baseline 0.001 -24"><span class='ocrx_word' id='word_1_759' title='bbox 304 5078 423 5155; x_wconf 50' lang='lat' dir='ltr'>’Eg}</span> <span class='ocrx_word' id='word_1_760' title='bbox 455 5077 518 5132; x_wconf 76' lang='grc' dir='ltr'>οὗ</span> <span class='ocrx_word' id='word_1_761' title='bbox 569 5078 626 5131; x_wconf 80' lang='grc' dir='ltr'>οἱ</span> <span class='ocrx_word' id='word_1_762' title='bbox 682 5076 1043 5151; x_wconf 68' lang='grc' dir='ltr'>Ἰσραηλῖται,</span> <span class='ocrx_word' id='word_1_763' title='bbox 1101 5078 1282 5140; x_wconf 86' lang='grc' dir='ltr'>καθώς</span> <span class='ocrx_word' id='word_1_764' title='bbox 1338 5099 1504 5157; x_wconf 78' lang='grc' dir='ltr'>φησιν</span> <span class='ocrx_word' id='word_1_765' title='bbox 1564 5079 1858 5149; x_wconf 82' lang='grc' dir='ltr'>Ἰώσηπος,</span> <span class='ocrx_word' id='word_1_766' title='bbox 1918 5076 1977 5134; x_wconf 77' lang='grc' dir='ltr'>ἐκ</span> 
     </span>
    </p>
   </div>
   <div class='ocr_carea' id='block_1_102' title="bbox 297 5167 1972 5245">
    <p class='ocr_par' dir='ltr' id='par_1_102' title="bbox 297 5167 1972 5245">
     <span class='ocr_line' id='line_1_102' title="bbox 297 5167 1972 5245; baseline 0.001 -25"><span class='ocrx_word' id='word_1_767' title='bbox 297 5167 399 5221; x_wconf 70' lang='grc' dir='ltr'>τοῦ</span> <span class='ocrx_word' id='word_1_768' title='bbox 431 5173 710 5238; x_wconf 62' lang='grc' dir='ltr'>κεηατῆσαι</span> <span class='ocrx_word' id='word_1_769' title='bbox 739 5169 840 5236; x_wconf 66' lang='grc' dir='ltr'>τὴν</span> <span class='ocrx_word' id='word_1_770' title='bbox 878 5172 974 5222; x_wconf 77' lang='grc' dir='ltr'>τοῦ</span> <span class='ocrx_word' id='word_1_771' title='bbox 1038 5167 1217 5226; x_wconf 82' lang='grc' dir='ltr'>Ἰούδα</span> <span class='ocrx_word' id='word_1_772' title='bbox 1265 5167 1445 5245; x_wconf 70' lang='grc' dir='ltr'>φυλὴν</span> <span class='ocrx_word' id='word_1_773' title='bbox 1498 5167 1589 5223; x_wconf 89' lang='grc' dir='ltr'>καὶ</span> <span class='ocrx_word' id='word_1_774' title='bbox 1645 5174 1972 5237; x_wconf 80' lang='grc' dir='ltr'>κατοικῆσαι</span> 
     </span>
    </p>
   </div>
   <div class='ocr_carea' id='block_1_103' title="bbox 294 5254 1972 5332">
    <p class='ocr_par' dir='ltr' id='par_1_103' title="bbox 294 5254 1972 5332">
     <span class='ocr_line' id='line_1_103' title="bbox 294 5254 1972 5332; baseline 0.001 -22"><span class='ocrx_word' id='word_1_775' title='bbox 294 5254 398 5325; x_wconf 72' lang='grc' dir='ltr'>τήδ</span> <span class='ocrx_word' id='word_1_776' title='bbox 449 5257 620 5313; x_wconf 79' lang='grc' dir='ltr'>πόλιν</span> <span class='ocrx_word' id='word_1_777' title='bbox 686 5257 1076 5332; x_wconf 74' lang='grc' dir='ltr'>Ἰερουσαλὴμ,</span> <span class='ocrx_word' id='word_1_778' title='bbox 1118 5258 1270 5313; x_wconf 69' lang='grc' dir='ltr'>οὗτοι</span> <span class='ocrx_word' id='word_1_779' title='bbox 1323 5258 1420 5331; x_wconf 71' lang='grc' dir='ltr'>μὲν</span> <span class='ocrx_word' id='word_1_780' title='bbox 1479 5254 1789 5328; x_wconf 81' lang='grc' dir='ltr'>ἐκλήθησαν</span> <span class='ocrx_word' id='word_1_781' title='bbox 1838 5259 1972 5312; x_wconf 82' lang='grc' dir='ltr'>Ἰουο</span> 
     </span>
    </p>
   </div>
   <div class='ocr_carea' id='block_1_104' title="bbox 294 5341 1972 5419">
    <p class='ocr_par' dir='ltr' id='par_1_104' title="bbox 294 5341 1972 5419">
     <span class='ocr_line' id='line_1_104' title="bbox 294 5341 1972 5419; baseline 0.001 -20"><span class='ocrx_word' id='word_1_782' title='bbox 294 5341 466 5417; x_wconf 80' lang='grc' dir='ltr'>δαῖοι,</span> <span class='ocrx_word' id='word_1_783' title='bbox 499 5350 536 5419; x_wconf 79' lang='grc' dir='ltr'>ἠ</span> <span class='ocrx_word' id='word_1_784' title='bbox 573 5345 633 5403; x_wconf 79' lang='grc' dir='ltr'>δὶ</span> <span class='ocrx_word' id='word_1_785' title='bbox 666 5344 835 5407; x_wconf 86' lang='grc' dir='ltr'>πόλις</span> <span class='ocrx_word' id='word_1_786' title='bbox 868 5348 902 5417; x_wconf 79' lang='grc' dir='ltr'><strong>ἡ</strong></span> <span class='ocrx_word' id='word_1_787' title='bbox 934 5346 1026 5402; x_wconf 80' lang='grc' dir='ltr'>καὶ</span> <span class='ocrx_word' id='word_1_788' title='bbox 1094 5348 1241 5403; x_wconf 85' lang='grc' dir='ltr'>Σιὼν</span> <span class='ocrx_word' id='word_1_789' title='bbox 1298 5344 1554 5416; x_wconf 88' lang='grc' dir='ltr'>Ἰουδαία,</span> <span class='ocrx_word' id='word_1_790' title='bbox 1614 5349 1739 5416; x_wconf 70' lang='grc' dir='ltr'>ἣτις</span> <span class='ocrx_word' id='word_1_791' title='bbox 1799 5345 1972 5402; x_wconf 83' lang='grc' dir='ltr'>πάλαι</span> 
     </span>
    </p>
   </div>
   <div class='ocr_carea' id='block_1_105' title="bbox 296 5434 1971 5512">
    <p class='ocr_par' dir='ltr' id='par_1_105' title="bbox 296 5434 1971 5512">
     <span class='ocr_line' id='line_1_105' title="bbox 296 5434 1971 5512; baseline 0 -20"><span class='ocrx_word' id='word_1_792' title='bbox 296 5440 386 5508; x_wconf 73' lang='grc' dir='ltr'>μὲν</span> <span class='ocrx_word' id='word_1_793' title='bbox 422 5434 636 5505; x_wconf 76' lang='grc' dir='ltr'>Ἰεϐοὺς</span> <span class='ocrx_word' id='word_1_794' title='bbox 667 5436 895 5512; x_wconf 71' lang='grc' dir='ltr'>ἐλέγετο</span> <span class='ocrx_word' id='word_1_795' title='bbox 955 5435 1045 5493; x_wconf 79' lang='grc' dir='ltr'>διὰ</span> <span class='ocrx_word' id='word_1_796' title='bbox 1080 5438 1143 5493; x_wconf 86' lang='grc' dir='ltr'>τὸ</span> <span class='ocrx_word' id='word_1_797' title='bbox 1202 5440 1294 5494; x_wconf 85' lang='grc' dir='ltr'>τὸν</span> <span class='ocrx_word' id='word_1_798' title='bbox 1354 5434 1723 5498; x_wconf 70' lang='grc' dir='ltr'>Ἰεϐουσσαῖον</span> <span class='ocrx_word' id='word_1_799' title='bbox 1780 5459 1971 5493; x_wconf 86' lang='grc' dir='ltr'>κατοι-</span> 
     </span>
    </p>
   </div>
   <div class='ocr_carea' id='block_1_106' title="bbox 295 5523 1971 5604">
    <p class='ocr_par' dir='ltr' id='par_1_106' title="bbox 295 5523 1971 5604">
     <span class='ocr_line' id='line_1_106' title="bbox 295 5523 1971 5604; baseline 0.001 -23"><span class='ocrx_word' id='word_1_800' title='bbox 295 5536 457 5599; x_wconf 81' lang='grc' dir='ltr'>κῆσαι</span> <span class='ocrx_word' id='word_1_801' title='bbox 488 5531 588 5586; x_wconf 82' lang='grc' dir='ltr'>τὸν</span> <span class='ocrx_word' id='word_1_802' title='bbox 617 5530 798 5585; x_wconf 86' lang='grc' dir='ltr'>τόπον</span> <span class='ocrx_word' id='word_1_803' title='bbox 830 5526 1057 5583; x_wconf 78' lang='grc' dir='ltr'>ἐκεῖνον.</span> <span class='ocrx_word' id='word_1_804' title='bbox 1090 5523 1259 5583; x_wconf 76' lang='grc' dir='ltr'>Δαϐἰδ</span> <span class='ocrx_word' id='word_1_805' title='bbox 1301 5527 1359 5584; x_wconf 72' lang='grc' dir='ltr'>δὲ</span> <span class='ocrx_word' id='word_1_806' title='bbox 1386 5526 1760 5604; x_wconf 78' lang='grc' dir='ltr'>Ἰερουσαλὴμ</span> <span class='ocrx_word' id='word_1_807' title='bbox 1800 5547 1971 5603; x_wconf 91' lang='grc' dir='ltr'>προσ-</span> 
     </span>
    </p>
   </div>
   <div class='ocr_carea' id='block_1_107' title="bbox 288 5612 1973 5699">
    <p class='ocr_par' dir='ltr' id='par_1_107' title="bbox 288 5612 1973 5699">
     <span class='ocr_line' id='line_1_107' title="bbox 288 5612 1973 5699; baseline -0.002 -20"><span class='ocrx_word' id='word_1_808' title='bbox 288 5622 610 5698; x_wconf 75' lang='grc' dir='ltr'>ηγόρευσεν,</span> <span class='ocrx_word' id='word_1_809' title='bbox 667 5618 734 5675; x_wconf 76' lang='grc' dir='ltr'>ἐκ</span> <span class='ocrx_word' id='word_1_810' title='bbox 790 5620 895 5673; x_wconf 77' lang='grc' dir='ltr'><strong>τοῦ</strong></span> <span class='ocrx_word' id='word_1_811' title='bbox 953 5612 1369 5690; x_wconf 76' lang='grc' dir='ltr'>συμϐεϐηκότος</span> <span class='ocrx_word' id='word_1_812' title='bbox 1426 5617 1844 5699; x_wconf 77' lang='grc' dir='ltr'>τεχνησάμενος</span> <span class='ocrx_word' id='word_1_813' title='bbox 1907 5617 1973 5675; x_wconf 81' lang='grc' dir='ltr'>τὸ</span> 
     </span>
    </p>
   </div>
   <div class='ocr_carea' id='block_1_108' title="bbox 342 5716 1101 5798">
    <p class='ocr_par' dir='ltr' id='par_1_108' title="bbox 342 5716 1101 5798">
     <span class='ocr_line' id='line_1_108' title="bbox 342 5716 1101 5798; baseline -0.014 -12"><span class='ocrx_word' id='word_1_814' title='bbox 342 5721 395 5760; x_wconf 79' lang='grc'><strong><em>⁸⁸</em></strong></span> <span class='ocrx_word' id='word_1_815' title='bbox 420 5725 504 5784; x_wconf 83' lang='lat' dir='ltr'><strong>III</strong></span> <span class='ocrx_word' id='word_1_816' title='bbox 544 5725 697 5798; x_wconf 73' lang='lat' dir='ltr'>Reg.</span> <span class='ocrx_word' id='word_1_817' title='bbox 732 5733 884 5787; x_wconf 75' lang='lat' dir='ltr'>un,</span> <span class='ocrx_word' id='word_1_818' title='bbox 917 5716 985 5773; x_wconf 80' lang='grc'>18</span> <span class='ocrx_word' id='word_1_819' title='bbox 1012 5718 1101 5775; x_wconf 75' lang='grc'>20.</span> 
     </span>
    </p>
   </div>
   <div class='ocr_carea' id='block_1_109' title="bbox 2157 4722 3735 4780">
    <p class='ocr_par' dir='ltr' id='par_1_109' title="bbox 2157 4722 3735 4780">
     <span class='ocr_line' id='line_1_109' title="bbox 2157 4722 3735 4780; baseline 0.001 -1"><span class='ocrx_word' id='word_1_820' title='bbox 2157 4722 2330 4779; x_wconf 75' lang='lat' dir='ltr'>Josiaa</span> <span class='ocrx_word' id='word_1_821' title='bbox 2363 4723 2988 4779; x_wconf 88' lang='lat' dir='ltr'>successitJoachazus</span> <span class='ocrx_word' id='word_1_822' title='bbox 3021 4723 3273 4780; x_wconf 82' lang='lat' dir='ltr'>filius.Is</span> <span class='ocrx_word' id='word_1_823' title='bbox 3303 4723 3595 4780; x_wconf 89' lang='lat' dir='ltr'>voluntati</span> <span class='ocrx_word' id='word_1_824' title='bbox 3630 4726 3735 4780; x_wconf 89' lang='lat' dir='ltr'>Dei</span> 
     </span>
    </p>
   </div>
   <div class='ocr_carea' id='block_1_110' title="bbox 2087 4813 3735 4888">
    <p class='ocr_par' dir='ltr' id='par_1_110' title="bbox 2087 4813 3735 4888">
     <span class='ocr_line' id='line_1_110' title="bbox 2087 4813 3735 4888; baseline 0.001 -19"><span class='ocrx_word' id='word_1_825' title='bbox 2087 4813 2433 4869; x_wconf 87' lang='lat' dir='ltr'>adversatus</span> <span class='ocrx_word' id='word_1_826' title='bbox 2464 4817 2573 4881; x_wconf 90' lang='lat' dir='ltr'>est,</span> <span class='ocrx_word' id='word_1_827' title='bbox 2608 4817 2935 4884; x_wconf 87' lang='lat' dir='ltr'>captusque</span> <span class='ocrx_word' id='word_1_828' title='bbox 2964 4830 3001 4869; x_wconf 89' lang='lat' dir='ltr'>a</span> <span class='ocrx_word' id='word_1_829' title='bbox 3028 4830 3164 4886; x_wconf 87' lang='lat' dir='ltr'>rege</span> <span class='ocrx_word' id='word_1_830' title='bbox 3193 4815 3421 4888; x_wconf 69' lang='lat' dir='ltr'>Egypti</span> <span class='ocrx_word' id='word_1_831' title='bbox 3456 4814 3735 4870; x_wconf 83' lang='lat' dir='ltr'>Nechabo</span> 
     </span>
    </p>
   </div>
   <div class='ocr_carea' id='block_1_111' title="bbox 2089 4901 3726 4975">
    <p class='ocr_par' dir='ltr' id='par_1_111' title="bbox 2089 4901 3726 4975">
     <span class='ocr_line' id='line_1_111' title="bbox 2089 4901 3726 4975; baseline 0.001 -17"><span class='ocrx_word' id='word_1_832' title='bbox 2089 4908 2197 4971; x_wconf 82' lang='lat' dir='ltr'>est,</span> <span class='ocrx_word' id='word_1_833' title='bbox 2232 4901 2414 4971; x_wconf 91' lang='lat' dir='ltr'>inque</span> <span class='ocrx_word' id='word_1_834' title='bbox 2446 4902 2753 4974; x_wconf 71' lang='lat' dir='ltr'>:Egyptum</span> <span class='ocrx_word' id='word_1_835' title='bbox 2786 4904 3050 4974; x_wconf 87' lang='lat' dir='ltr'>captivus</span> <span class='ocrx_word' id='word_1_836' title='bbox 3080 4903 3371 4959; x_wconf 85' lang='lat' dir='ltr'>abductus</span> <span class='ocrx_word' id='word_1_837' title='bbox 3405 4904 3486 4958; x_wconf 92' lang='lat' dir='ltr'>ibi</span> <span class='ocrx_word' id='word_1_838' title='bbox 3522 4903 3726 4975; x_wconf 89' lang='lat' dir='ltr'>periit.</span> 
     </span>
    </p>
   </div>
   <div class='ocr_carea' id='block_1_112' title="bbox 2085 4993 3733 5064">
    <p class='ocr_par' dir='ltr' id='par_1_112' title="bbox 2085 4993 3733 5064">
     <span class='ocr_line' id='line_1_112' title="bbox 2085 4993 3733 5064; baseline 0 -17"><span class='ocrx_word' id='word_1_839' title='bbox 2085 4993 2335 5047; x_wconf 86' lang='lat' dir='ltr'>Tantum</span> <span class='ocrx_word' id='word_1_840' title='bbox 2360 4995 2482 5045; x_wconf 87' lang='lat' dir='ltr'>tres</span> <span class='ocrx_word' id='word_1_841' title='bbox 2516 5007 2751 5046; x_wconf 88' lang='lat' dir='ltr'>menses</span> <span class='ocrx_word' id='word_1_842' title='bbox 2777 5008 3024 5064; x_wconf 87' lang='lat' dir='ltr'>regnum</span> <span class='ocrx_word' id='word_1_843' title='bbox 3060 4993 3271 5048; x_wconf 91' lang='lat' dir='ltr'>tenuit.</span> <span class='ocrx_word' id='word_1_844' title='bbox 3315 4993 3504 5063; x_wconf 84' lang='lat' dir='ltr'>Hujus</span> <span class='ocrx_word' id='word_1_845' title='bbox 3537 4998 3733 5058; x_wconf 67' lang='lat' dir='ltr'>mtate,</span> 
     </span>
    </p>
   </div>
   <div class='ocr_carea' id='block_1_113' title="bbox 2089 5079 3737 5152">
    <p class='ocr_par' dir='ltr' id='par_1_113' title="bbox 2089 5079 3737 5152">
     <span class='ocr_line' id='line_1_113' title="bbox 2089 5079 3737 5152; baseline -0.001 -16"><span class='ocrx_word' id='word_1_846' title='bbox 2089 5086 2152 5136; x_wconf 90' lang='lat' dir='ltr'>ut</span> <span class='ocrx_word' id='word_1_847' title='bbox 2180 5085 2386 5136; x_wconf 87' lang='lat' dir='ltr'>narrat</span> <span class='ocrx_word' id='word_1_848' title='bbox 2411 5079 2723 5151; x_wconf 69' lang='lat' dir='ltr'>Iosephus,</span> <span class='ocrx_word' id='word_1_849' title='bbox 2752 5079 3014 5136; x_wconf 90' lang='lat' dir='ltr'>obtinuit</span> <span class='ocrx_word' id='word_1_850' title='bbox 3042 5087 3108 5136; x_wconf 91' lang='lat' dir='ltr'>ut</span> <span class='ocrx_word' id='word_1_851' title='bbox 3133 5081 3450 5137; x_wconf 83' lang='lat' dir='ltr'>Israelicus</span> <span class='ocrx_word' id='word_1_852' title='bbox 3481 5080 3737 5152; x_wconf 91' lang='lat' dir='ltr'>populus</span> 
     </span>
    </p>
   </div>
   <div class='ocr_carea' id='block_1_114' title="bbox 2085 5168 3709 5242">
    <p class='ocr_par' dir='ltr' id='par_1_114' title="bbox 2085 5168 3709 5242">
     <span class='ocr_line' id='line_1_114' title="bbox 2085 5168 3709 5242; baseline -0.002 -16"><span class='ocrx_word' id='word_1_853' title='bbox 2085 5187 2119 5226; x_wconf 88' lang='lat' dir='ltr'>a</span> <span class='ocrx_word' id='word_1_854' title='bbox 2146 5169 2349 5225; x_wconf 61' lang='lat' dir='ltr'>Iudaea</span> <span class='ocrx_word' id='word_1_855' title='bbox 2380 5168 2696 5240; x_wconf 73' lang='lat' dir='ltr'>tribu,qute</span> <span class='ocrx_word' id='word_1_856' title='bbox 2718 5170 2948 5225; x_wconf 58' lang='lat' dir='ltr'>caeteris</span> <span class='ocrx_word' id='word_1_857' title='bbox 2970 5171 3157 5225; x_wconf 88' lang='lat' dir='ltr'>multo</span> <span class='ocrx_word' id='word_1_858' title='bbox 3188 5169 3709 5242; x_wconf 67' lang='lat' dir='ltr'>praestabatJudaa</span> 
     </span>
    </p>
   </div>
   <div class='ocr_carea' id='block_1_115' title="bbox 2087 5256 3734 5324">
    <p class='ocr_par' dir='ltr' id='par_1_115' title="bbox 2087 5256 3734 5324">
     <span class='ocr_line' id='line_1_115' title="bbox 2087 5256 3734 5324; baseline -0.002 -8"><span class='ocrx_word' id='word_1_859' title='bbox 2087 5256 2595 5324; x_wconf 86' lang='lat' dir='ltr'>dicerentur,urhs</span> <span class='ocrx_word' id='word_1_860' title='bbox 2621 5264 2821 5314; x_wconf 90' lang='lat' dir='ltr'>autem</span> <span class='ocrx_word' id='word_1_861' title='bbox 2844 5259 2980 5313; x_wconf 89' lang='lat' dir='ltr'>Sion</span> <span class='ocrx_word' id='word_1_862' title='bbox 3001 5259 3202 5314; x_wconf 74' lang='lat' dir='ltr'>Iudaea</span> <span class='ocrx_word' id='word_1_863' title='bbox 3222 5258 3734 5314; x_wconf 86' lang='lat' dir='ltr'>denominaretur.</span> 
     </span>
    </p>
   </div>
   <div class='ocr_carea' id='block_1_116' title="bbox 2090 5346 3739 5419">
    <p class='ocr_par' dir='ltr' id='par_1_116' title="bbox 2090 5346 3739 5419">
     <span class='ocr_line' id='line_1_116' title="bbox 2090 5346 3739 5419; baseline -0.001 -13"><span class='ocrx_word' id='word_1_864' title='bbox 2090 5348 2440 5418; x_wconf 78' lang='lat' dir='ltr'>Antiquitus</span> <span class='ocrx_word' id='word_1_865' title='bbox 2470 5364 2540 5402; x_wconf 91' lang='lat' dir='ltr'>ea</span> <span class='ocrx_word' id='word_1_866' title='bbox 2567 5347 2743 5403; x_wconf 85' lang='lat' dir='ltr'>Jebus</span> <span class='ocrx_word' id='word_1_867' title='bbox 2773 5347 3070 5419; x_wconf 88' lang='lat' dir='ltr'>appellata</span> <span class='ocrx_word' id='word_1_868' title='bbox 3097 5346 3230 5417; x_wconf 83' lang='lat' dir='ltr'>fuit,</span> <span class='ocrx_word' id='word_1_869' title='bbox 3260 5364 3296 5403; x_wconf 88' lang='lat' dir='ltr'>a</span> <span class='ocrx_word' id='word_1_870' title='bbox 3329 5346 3617 5403; x_wconf 67' lang='lat' dir='ltr'>Jebusaeis</span> <span class='ocrx_word' id='word_1_871' title='bbox 3667 5364 3739 5404; x_wconf 89' lang='lat' dir='ltr'>ea</span> 
     </span>
    </p>
   </div>
   <div class='ocr_carea' id='block_1_117' title="bbox 2079 5435 3732 5510">
    <p class='ocr_par' dir='ltr' id='par_1_117' title="bbox 2079 5435 3732 5510">
     <span class='ocr_line' id='line_1_117' title="bbox 2079 5435 3732 5510; baseline -0.001 -16"><span class='ocrx_word' id='word_1_872' title='bbox 2079 5438 2214 5494; x_wconf 89' lang='lat' dir='ltr'>loca</span> <span class='ocrx_word' id='word_1_873' title='bbox 2245 5435 2696 5492; x_wconf 89' lang='lat' dir='ltr'>habitantibus:</span> <span class='ocrx_word' id='word_1_874' title='bbox 2749 5437 3002 5492; x_wconf 87' lang='lat' dir='ltr'>Davidus</span> <span class='ocrx_word' id='word_1_875' title='bbox 3055 5443 3255 5492; x_wconf 89' lang='lat' dir='ltr'>autem</span> <span class='ocrx_word' id='word_1_876' title='bbox 3306 5436 3732 5510; x_wconf 65' lang='lat' dir='ltr'>Hierosolyma:</span> 
     </span>
    </p>
   </div>
   <div class='ocr_carea' id='block_1_118' title="bbox 2082 5525 3712 5597">
    <p class='ocr_par' dir='ltr' id='par_1_118' title="bbox 2082 5525 3712 5597">
     <span class='ocr_line' id='line_1_118' title="bbox 2082 5525 3712 5597; baseline -0.001 -14"><span class='ocrx_word' id='word_1_877' title='bbox 2082 5541 2304 5583; x_wconf 90' lang='lat' dir='ltr'>nomen</span> <span class='ocrx_word' id='word_1_878' title='bbox 2335 5525 2388 5579; x_wconf 92' lang='lat' dir='ltr'>ei</span> <span class='ocrx_word' id='word_1_879' title='bbox 2420 5525 2708 5597; x_wconf 89' lang='lat' dir='ltr'>imposuit</span> <span class='ocrx_word' id='word_1_880' title='bbox 2733 5525 2807 5581; x_wconf 90' lang='lat' dir='ltr'>ab</span> <span class='ocrx_word' id='word_1_881' title='bbox 2841 5530 3053 5580; x_wconf 91' lang='lat' dir='ltr'>eventu</span> <span class='ocrx_word' id='word_1_882' title='bbox 3087 5542 3100 5581; x_wconf 88' lang='lat'><strong>:</strong></span> <span class='ocrx_word' id='word_1_883' title='bbox 3135 5530 3227 5579; x_wconf 87' lang='lat' dir='ltr'>est</span> <span class='ocrx_word' id='word_1_884' title='bbox 3255 5527 3416 5582; x_wconf 90' lang='lat' dir='ltr'>enim</span> <span class='ocrx_word' id='word_1_885' title='bbox 3465 5526 3528 5581; x_wconf 91' lang='lat' dir='ltr'>in</span> <span class='ocrx_word' id='word_1_886' title='bbox 3575 5526 3712 5582; x_wconf 88' lang='lat' dir='ltr'>altis</span> 
     </span>
    </p>
   </div>
   <div class='ocr_carea' id='block_1_119' title="bbox 2084 5615 3743 5686">
    <p class='ocr_par' dir='ltr' id='par_1_119' title="bbox 2084 5615 3743 5686">
     <span class='ocr_line' id='line_1_119' title="bbox 2084 5615 3743 5686; baseline -0.001 -12"><span class='ocrx_word' id='word_1_887' title='bbox 2084 5617 2237 5674; x_wconf 90' lang='lat' dir='ltr'>simo</span> <span class='ocrx_word' id='word_1_888' title='bbox 2259 5620 2462 5673; x_wconf 86' lang='lat' dir='ltr'>monte</span> <span class='ocrx_word' id='word_1_889' title='bbox 2481 5619 2810 5684; x_wconf 83' lang='lat' dir='ltr'>exstructa,</span> <span class='ocrx_word' id='word_1_890' title='bbox 2843 5630 2959 5686; x_wconf 89' lang='lat' dir='ltr'>quo</span> <span class='ocrx_word' id='word_1_891' title='bbox 2995 5615 3057 5670; x_wconf 91' lang='lat' dir='ltr'>in</span> <span class='ocrx_word' id='word_1_892' title='bbox 3077 5619 3280 5672; x_wconf 87' lang='lat' dir='ltr'>monte</span> <span class='ocrx_word' id='word_1_893' title='bbox 3315 5616 3603 5674; x_wconf 85' lang='lat' dir='ltr'>Dominus</span> <span class='ocrx_word' id='word_1_894' title='bbox 3627 5617 3743 5673; x_wconf 83' lang='lat' dir='ltr'>Da-</span> 
     </span>
    </p>
   </div>
  </div>
