4142 6424
370 337 481 399 281

1740 332 2060 398 GEORGII
2103 312 2452 399 cannam

3670 344 3789 404 232

369 480 500 536 vido
533 482 807 553 apparuit
835 479 911 536 ad
940 498 1139 537 aream
1167 483 1337 538 Ornae
1368 480 1775 549 Iebusae,cum
1807 478 1880 535 ob
1912 478 2019 534 im-

2134 476 2322 552 Βνομαο
2358 478 2409 534 ἐν
2470 476 2583 555 ὅρει
2641 479 2746 557 γὰρ
2800 480 2942 536 ἐστιν
3002 481 3338 555 ὑψηΛοτάτῳ
3393 480 3789 557 κατῳκοδομη-

371 571 700 643 prudenter
756 571 970 626 factam
1030 570 1233 643 populi
1294 570 1705 625 recensionem
1766 569 2023 642 p0pulus

373 667 539 734 peste
572 662 954 735 affligeretur.
989 663 1220 718 Etenim
1252 679 1424 717 mons
1459 662 1704 717 Hehrmo
1747 677 2022 716 sermone

375 754 455 805 Ar
499 751 736 817 dicitur,
793 751 934 805 urbs
986 759 1184 807 autem
1236 751 1452 805 Salem.
1500 752 1704 822 Itaque
1748 750 2021 817 Davidus,

374 856 509 895 cum
541 856 748 895 novam
776 839 885 894 sibi
910 840 1131 912 regiam
1158 839 1546 907 condidisset,
1580 839 1731 894 198
1754 838 2023 894 Arsalem

372 931 753 1002 nuncupavit,
816 931 974 1002 quod
1033 930 1384 1003 significavit
1440 931 1638 986 locum
1699 930 1909 1002 pacis:
1962 930 2023 985 in

374 1020 638 1075 Graecum
666 1025 866 1075 autem
899 1037 1234 1076 sermonem
1256 1037 1326 1076 ea
1356 1038 1464 1075 vox
1490 1021 1762 1077 traducta
1790 1020 1865 1076 ob
1891 1019 2022 1075 soni

375 1109 840 1165 concinnitatem
869 1109 932 1164 in
968 1109 1373 1181 Hierosolyma
1402 1110 1663 1166 deﬂexit.

447 1292 588 1346 Post
616 1291 972 1347 Joachazum
1027 1290 1293 1362 regnavit
1318 1290 1680 1357 Joachimus,
1713 1289 2023 1362 collegam-

379 1395 491 1451 que
521 1379 731 1435 habuit
754 1379 996 1435 fratrem
1032 1379 1403 1436 Eliacimum.
1443 1380 1495 1433 Is
1526 1395 1763 1449 quoque
1792 1378 2028 1434 Joachi-

379 1486 516 1524 mus
548 1485 619 1525 ea
650 1468 787 1524 fecit
817 1485 948 1539 quaa
981 1470 1100 1524 Deo
1143 1468 1547 1541 displicerent.
1579 1468 1784 1539 Itaque
1833 1468 2027 1524 Nabu-

374 1556 756 1611 chodonosor
806 1556 1142 1612 Merodachi
1196 1572 1505 1612 successor
1557 1555 1822 1611 Judaaam
1873 1555 2026 1611 bello

373 1644 588 1702 invasit
618 1663 686 1702 ac
718 1647 829 1702 sibi
862 1647 1238 1702 tributariam
1268 1647 1409 1703 fecit
1433 1688 1447 1714 ,
1481 1653 1540 1702 et
1568 1663 1703 1703 cum
1734 1646 2027 1701 tributum

373 1732 734 1798 Joachimus,
768 1733 926 1804 quod
958 1739 1165 1805 pactus
1199 1738 1346 1800 erat,
1378 1739 1701 1798 recusaret,
1735 1731 1930 1787 denuo
1963 1732 2026 1786 in

372 1822 638 1877 Iudaeam
658 1822 1398 1894 duxit.Hierosolymisque
1419 1822 1641 1894 potitus
1653 1822 2025 1878 Joachimum

374 1911 437 1965 in
460 1928 625 1966 suam
650 1917 1004 1983 potestatem
1026 1911 1331 1967 redactum
1356 1912 1751 1981 interfecit,ac
1765 1912 1836 1967 de
1853 1928 2023 1968 muro

374 2001 709 2072 projectum
732 2000 908 2069 longo
932 2007 1199 2072 tempore
1222 2000 2022 2072 insepultumjacerejussit,

370 2089 645 2144 functum
691 2107 870 2162 regno
901 2106 1091 2145 annos
1146 2094 1230 2145 11.
1283 2090 1362 2145 De
1406 2090 1517 2145 hoc
1561 2090 1644 2145 ita
1689 2090 2022 2147 Jeremias:

376 2199 405 2229 ι(
440 2178 574 2233 ΙΙωο
600 2179 951 2249 pronuntiat
1005 2180 1161 2233 Deus
1189 2178 1261 2233 de
1291 2178 1597 2233 Joachimo
1626 2178 1799 2233 Josiaa
1852 2177 1976 2232 ﬁlio
2009 2194 2021 2232 :

377 2269 469 2322 Vae
494 2267 588 2321 isti
613 2268 755 2322 viro.
783 2269 909 2322 Non
938 2284 1073 2323 eum
1100 2267 1451 2340 plangentes
1477 2267 1844 2331 clamabunt,
1864 2267 2027 2323 Eheu

373 2357 560 2412 frater
589 2374 601 2411 :
636 2373 829 2428 neque
857 2358 1012 2412 inter
1043 2356 1421 2429 plorandum,
1447 2374 1585 2413 eum
1618 2356 1927 2412 dominum
1958 2373 2027 2413 ac

372 2444 617 2500 fratrem
649 2444 1087 2500 inclamabant:
1113 2445 1216 2499 sed
1239 2445 1390 2500 asini
1416 2445 1723 2517 sepultura
1754 2446 1807 2501 ei
1831 2444 2023 2501 obtin-

376 2538 559 2607 get,et
589 2550 724 2588 cum
752 2534 1205 2605 computruerit,
1224 2533 1576 2606 projicietur
1607 2535 1765 2590 ultra
1793 2540 2024 2607 portam

379 2623 855 2694 Hierosolymam
888 2624 952 2678 ⁷ο.
979 2646 1008 2673 ››
1036 2625 1198 2679 Tunc
1230 2624 1590 2695 Babylonem
1614 2624 1907 2679 abductus
1937 2630 2028 2679 est

375 2710 579 2767 Daniel
611 2729 679 2767 ac
713 2717 832 2767 tres
863 2712 1054 2784 pueri,
1089 2718 1147 2766 et
1174 2712 1248 2767 de
1278 2712 1496 2785 populo
1528 2711 1867 2785 plurimi.ac
1888 2730 2026 2785 pars

368 2818 649 2857 vasorum
682 2801 938 2857 Domini.
974 2805 1264 2857 Caeterum
1326 2808 1446 2857 tres
1495 2800 1593 2857 isti
1654 2803 1804 2858 sacri
1856 2800 2025 2874 pueri

369 2892 477 2947 Illii
514 2897 657 2946 sunt
686 2891 1121 2946 Ezechiaa.Cum
1155 2892 1314 2947 enim
1347 2909 1417 2947 ex
1448 2892 1656 2948 morbo
1687 2893 2027 2948 convaluis-

373 2985 466 3035 set
493 2980 882 3036 Merodachus
913 2980 1193 3036 Baldanis
1226 2980 1382 3036 filius
1430 2998 1535 3037 rex
1581 2981 1918 3054 Babylonis,
1952 2981 2026 3037 ad

377 3085 513 3124 eum
546 3070 708 3124 misit
739 3070 967 3125 litteras
1000 3076 1056 3125 et
1089 3070 1669 3142 munera,gratulans
1700 3070 1859 3141 quod
1890 3086 2026 3125 eum

374 3159 613 3216 sanitati
648 3161 989 3216 restitutum
1025 3160 1365 3216 audivisset.
1412 3159 1599 3233 Hujus
1647 3160 1858 3234 legatis
1886 3160 2027 3216 Eze-

374 3248 538 3305 chias
571 3266 778 3305 omnes
817 3265 953 3304 suas
997 3249 1231 3305 divitias
1256 3256 1432 3320 atque
1464 3250 1775 3305 thesauros
1808 3248 2026 3305 demon
2058 3226 2100 3291 (ἶ

370 3338 593 3394 stravit.
625 3338 790 3405 Quod
823 3339 1043 3395 factum
1068 3339 1319 3395 moleste
1352 3339 1548 3396 ferens
1580 3339 1786 3404 Isaias,
1823 3339 1905 3394 ita
1938 3343 2029 3394 est

369 3445 567 3501 regem
589 3446 765 3485 suum
784 3429 1135 3485 allocutus“
1162 3447 1218 3484 :u
1238 3429 1387 3485 Audi
1410 3446 1750 3486 sermonem
1768 3429 2023 3485 Domini.

372 3519 520 3572 Ecce
560 3522 801 3589 appetet
830 3520 982 3574 196
1016 3518 1163 3584 dies,
1199 3536 1318 3589 qua
1348 3519 1444 3574 die
1498 3519 1701 3575 omnia
1731 3520 1801 3574 de
1849 3518 2026 3574 domo

376 3608 479 3658 tua
509 3603 878 3670 auferentur,
922 3620 1297 3676 quaecunque
1343 3606 1602 3676 majores
1634 3604 1719 3660 tui
1768 3605 1828 3659 in
1872 3605 2027 3660 hanc

375 3709 565 3764 usque
582 3692 739 3751 diem
758 3699 1420 3766 congresserunt.atque
1443 3694 1645 3750 omnia
1665 3693 2026 3766 Babylonem

380 3782 875 3855 deportabantur.
906 3783 1060 3848 Quin
1092 3788 1150 3839 et
1184 3782 1338 3839 filios
1371 3789 1503 3840 tuos
1533 3801 1567 3840 a
1596 3790 1652 3839 te
1683 3788 2027 3856 procreatus

376 3872 694 3939 abducent,
729 3878 787 3927 et
816 3874 1121 3928 eunuchos
1148 3873 1209 3928 in
1239 3874 1401 3945 regia
1432 3873 1785 3946 Babylonica
1813 3874 2029 3929 consti-

375 3966 568 4017 tuent.
602 3982 626 4012 ι
668 3964 839 4017 Anno
870 3963 1035 4035 regni
1078 3961 1677 4018 Nabuchodonosoris
1723 3963 2024 4029 vicesimo,

380 4051 479 4122 qui
510 4051 623 4106 fuit
652 4050 724 4107 ab
757 4052 1002 4107 exordio
1034 4052 1242 4108 mundi
1286 4070 1482 4109 annus
1530 4055 1692 4122 4094,
1741 4053 2026 4109 Danielus

376 4141 531 4215 regis
562 4140 860 4197 insomnia
891 4141 1318 4214 interpretatus
1350 4147 1457 4199 est.
1493 4142 1801 4199 Sexdecim
1853 4143 2026 4197 annis

374 4235 509 4304 post
542 4235 661 4287 tres
693 4230 792 4287 isti
815 4231 1001 4287 sancti
1030 4232 1198 4305 pueri
1222 4233 1280 4287 in
1314 4231 1751 4288 inflammatum
1783 4232 2023 4288 furnum

376 4325 517 4375 sunt
557 4319 830 4392 conjecti.
862 4321 1306 4393 Balthasar,qui
1332 4328 1389 4378 et
1410 4322 1730 4395 Biniglisar
1750 4322 2025 4377 nomina-

374 4410 561 4476 tur,in
595 4409 861 4463 convivio
893 4426 1029 4464 cum
1063 4410 1186 4465 suis
1218 4411 1591 4483 principibus
1622 4427 1689 4466 ac
1712 4410 2025 4482 pellicibus

372 4496 587 4552 bibens
620 4497 692 4552 de
723 4497 909 4552 sacris
938 4498 1043 4553 Dei
1084 4499 1259 4567 vasis,
1318 4499 1531 4572 digitos
1564 4499 1825 4555 hominis
1882 4498 2029 4553 vidit

2133 567 2288 642 μὲνη,
2321 568 2373 624 ἐν
2405 569 2451 642 ᾧ
2482 568 2683 643 Κύριος
2717 568 2875 646 ὤφθη
2919 575 2998 642 τῷ
3058 565 3224 625 Δαόἰδ
3285 570 3339 626 ἐν
3396 572 3569 628 ἀλῶνι
3624 574 3788 648 Ὀρνᾶ

2127 653 2642 729 τοῦἸεῦὀυσσαίου,
2682 659 2740 714 ’sv
2787 664 2855 733 τῇ
2916 660 3131 731 θραύσει
3190 665 3287 715 τοῦ
3346 660 3483 716 λαοῦ
3542 658 3631 717 διὰ
3683 664 3787 731 τὴν

2129 742 2334 820 ἄλογον
2366 743 2760 819 ἐπαρίομησιν.
2796 745 2899 801 Καὶ
2929 745 2992 800 τὸ
3026 745 3120 818 μὶι
3172 743 3299 821 ὅρος
3348 742 3597 823 Ἐϐραῗδι
3631 754 3788 827 φωνῇ

2129 830 2345 906 λέγεται
2374 835 2502 906 ’Ἀρ,
2536 835 2571 902 ἡ
2605 831 2663 888 δὲ
2721 834 2884 896 πόλις
2941 832 3166 907 Σαλήμ·
3198 837 3261 892 Ὁ
3292 837 3384 891 οὗν
3443 832 3611 892 Δαϐἲδ
3668 840 3788 894 νὲον

2128 920 2296 976 τόπον
2355 920 2430 983 εἰς
2490 919 2768 998 βασίλειον
2817 924 3228 993 κατασκευάζων
3287 923 3584 999 Ἀρσαλὴμ
3642 924 3784 982 ὠνό-

2132 1030 2320 1082 μασεν,
2362 1010 2390 1064 ὃ
2423 1008 2559 1079 ἐστι,
2587 1010 2771 1074 Τόπος
2833 1010 3073 1085 εἰρήνης.
3117 1013 3487 1087 Ἰερουσαλὴμ
3535 1011 3593 1070 δὶ
3622 1015 3697 1077 εἰς
3726 1016 3792 1071 τὸ

2130 1097 2463 1171 Ἑλληνικὸν
2504 1099 2946 1177 παρενηνεγμὲνη
2995 1099 3259 1173 κέκληται
3306 1099 3395 1158 διὰ
3440 1105 3541 1174 τήν
3585 1102 3792 1160 καλλι-

2129 1188 2360 1262 φωνίαν.

2201 1277 2349 1332 Μετὰ
2379 1275 2436 1332 δὲ
2467 1278 2706 1353 Ἰωάχαζ
2755 1273 3100 1335 ἐϐασίλευσεν
3152 1281 3414 1355 Ἰωακεῖμ
3462 1282 3550 1338 καὶ
3598 1281 3793 1340 Ἐλια-

2128 1366 2261 1440 κεὶμ
2298 1365 2326 1420 ὁ
2359 1363 2593 1442 ἀδελφὸς
2627 1368 2815 1435 αὐτοῦ,
2876 1367 2967 1424 καὶ
3020 1367 3249 1440 ἐποίησε
3296 1370 3359 1425 τὸ
3425 1372 3664 1447 πονηρὸν
3703 1370 3797 1426 ἐν·

2130 1455 2302 1511 ὡπιον
2338 1456 2563 1531 Κυρίου.
2597 1457 2695 1512 Καὶ
2727 1456 2901 1513 ἐλθὼν
2930 1452 3426 1538 Ναϐουχοδονόσορ
3459 1462 3488 1515 ὁ
3519 1458 3795 1541 διάδοχος

2128 1542 2420 1621 Μαροδὰχ,
2451 1548 2540 1601 καὶ
2592 1545 2970 1622 πολιορκήσας
3018 1550 3118 1619 τήν
3177 1546 3466 1619 Ἰουδαίαν,
3515 1550 3794 1626 ὑπόγορον

2128 1635 2298 1705 αὐτὴν
2353 1634 2630 1705 ἐποίησεν.
2720 1638 3110 1709 ’Ᾱθετήσαντος
3168 1635 3225 1695 δὲ
3301 1641 3400 1710 τὴν
3457 1638 3795 1718 φορολογίαν

2131 1724 2390 1799 Ἰωακεῖμ
2443 1723 2582 1796 ἦλθε
2638 1724 2805 1782 πάλιν
2863 1725 2943 1790 εἷς
3001 1725 3372 1803 Ἰερουσαλὴμ
3426 1725 3796 1809 Ναϐουχοδοο

2130 1812 2313 1889 νόσορ,
2347 1813 2437 1870 καὶ
2469 1818 2659 1871 τοῦτον
2689 1816 3103 1892 χειρωσάμενος
3146 1818 3235 1872 καὶ
3286 1814 3495 1873 ἀνελών
3542 1819 3631 1874 καί
3683 1819 3795 1874 ἀπὸ

2132 1906 2228 1958 τοῦ
2257 1903 2476 1979 τείχους
2510 1900 2730 1983 ῥιφῆναι
2768 1902 3027 1967 κελεύσας
3083 1903 3286 1983 ἂταφον
3328 1905 3416 1962 ἐπὶ
3449 1905 3619 1963 πολὺν
3667 1928 3798 1962 κατ-

2136 1989 2293 2047 έλιπε
2348 1992 2574 2067 χρόνον,
2640 1992 3037 2069 βασιλεύσαντα
3092 1992 3183 2065 ἔτη
3244 1989 3450 2050 ἕνδεκα.
3512 1996 3644 2069 Περὶ
3720 1996 3791 2050 οὗ

2135 2102 2300 2157 φησιν
2330 2082 2623 2156 Ἱερεμίας*
2654 2107 2682 2135 α
2716 2079 2859 2139 Τάδε
2917 2080 3063 2159 λέγει
3123 2083 3326 2159 Κύριος
3376 2082 3462 2139 ἐπὶ
3526 2082 3791 2158 Ἰωαλεὶμ

2135 2171 2251 2225 υἱὸν
2287 2171 2521 2228 ἰωσίου’
2567 2170 2703 2229 Οὐαὶ
2761 2170 2851 2228 ἐπὶ
2909 2172 3000 2229 τὸν
3069 2171 3238 2250 ἄνδρα
3293 2177 3504 2230 τοῦτονο
3566 2175 3645 2233 Οὐ
3707 2177 3788 2248 μὴ

2132 2260 2396 2334 κόψονται
2429 2260 2612 2331 αὐτὸν,
2642 2265 2708 2315 Ὢ
2737 2257 2958 2341 ἀδελφὶ,
3002 2259 3128 2318 οὐδὲ
3187 2264 3265 2335 μὴ
3313 2261 3643 2320 κλαύσονται
3690 2262 3791 2319 αὐ-

2134 2350 2250 2421 τὸν,
2278 2349 2354 2407 Οἵ
2382 2371 2500 2423 μοι,
2532 2349 2705 2425 κύριε,
2728 2352 2828 2424 ,καὶ
2859 2350 2933 2409 Οἵ
2972 2372 3090 2425 μοι,
3148 2348 3369 2432 ἀδελφέ’
3420 2352 3567 2409 ἀλλὰ
3608 2354 3790 2433 ταφὴν

2136 2437 2260 2494 ὄνου
2315 2441 2611 2516 ταφήσεται
2669 2441 2806 2514 (90),
2864 2439 2954 2495 καὶ
3034 2442 3436 2519 συμψηφισθεὶς
3513 2441 3799 2518 ριοήσεται

2135 2530 2222 2602 [Ρ.
2260 2530 2383 2602 113]
2445 2529 2691 2584 ἐπέκεινα
2746 2535 2849 2599 τῆς
2905 2530 3088 2601 πύλης
3140 2529 3529 2604 Ἰερουσαλήμ.
3566 2554 3593 2583 »ι
3655 2530 3800 2589 Τότε

2133 2618 2221 2674 καὶ
2254 2616 2461 2686 Δανιήλ
2491 2618 2721 2693 ἀπήχθη
2780 2618 2870 2673 καὶ
2932 2619 2985 2674 οἱ
3035 2624 3181 2694 τρεῖς
3232 2618 3421 2683 παῖδες
3478 2619 3569 2676 καὶ
3625 2618 3799 2676 ἄλλοι

2132 2710 2231 2762 τοῦ
2264 2706 2400 2762 λαοῦ
2430 2706 2683 2762 πλεῖστοι
2713 2708 2801 2763 καὶ
2838 2709 3007 2783 μὲρυς
3033 2713 3140 2763 τῶν
3200 2713 3403 2765 σκευῶν
3458 2710 3657 2785 Κυρίου
3717 2709 3797 2773 είς

2136 2791 2456 2853 Βαϐυλῶνα.
2486 2797 2555 2851 0i
2607 2793 2664 2852 δὲ
2719 2796 2864 2872 ἂγιοι
2919 2802 3066 2873 τρεῖς
3130 2796 3320 2861 παῖδες
3378 2798 3489 2854 υἱοὶ
3545 2799 3795 2869 Ἐζεκίου

2137 2883 2289 2943 εῗσίν.
2325 2885 2413 2942 Ἐν
2445 2884 2546 2961 γὰρ
2603 2889 2684 2958 τῷ
2740 2885 3032 2956 ἀναστῆναι
3090 2885 3249 2942 αὐτὸν
3302 2887 3408 2943 ἀπὸ
3462 2894 3563 2958 τῆς
3602 2888 3797 2957 νόσου,

2136 2970 2457 3029 ἀποστεῖλαι
2499 2970 2556 3028 δὲ
2614 2974 2750 3048 πρὸς
2808 2975 2971 3031 αὐτὸν
3043 2973 3317 3053 Μαροδὰχ
3373 2977 3490 3039 υἱὸς
3542 2974 3796 3033 Βαλαδὰν

2141 3061 2399 3138 βασιλεὺς
2456 3058 2789 3126 Βαϐυλῶνος
2847 3062 3145 3135 ἐπιστολὴν
3209 3066 3300 3120 καὶ
3384 3063 3536 3137 δῶρα
3591 3065 3799 3136 ἢκουσε

2134 3150 2237 3225 γὰρ
2298 3151 2383 3206 ὅτι
2442 3149 2788 3228 ἡρῤώστησε,
2842 3151 2931 3207 καὶ
2998 3151 3243 3228 ἆνὲστη),
3304 3151 3571 3224 ὑπέδειξεν
3628 3153 3798 3216 αὐτὸς

2136 3244 2255 3299 τοῖς
2313 3235 2566 3314 ἀγγὲλοις
2627 3235 2899 3319 Μαρεδᾶιχ
2944 3239 3120 3297 πάντα
3167 3242 3260 3298 τὸν
3319 3245 3562 3298 πλοῦτον
3626 3241 3799 3297 αὐτοῦ

2134 3326 2225 3383 καὶ
2281 3327 2410 3390 τοὺς
2469 3327 2776 3400 θησαυροὺς
2835 3329 3024 3389 αὐτοῦ.
3114 3331 3257 3404 Πρὸς
3310 3333 3367 3387 ὅν
3442 3329 3796 3406 λυπούμενος

2136 3420 2280 3476 εἶπεν
2312 3420 2537 3483 Ἠσαίας
2568 3421 2596 3476 ὁ
2628 3423 2920 3499 προφήτης
2949 3449 2975 3475 (ι
3009 3427 3277 3481 Ἄκουσον
3338 3423 3507 3501 λόγον
3563 3423 3795 3498 Κυρίου.

2135 3508 2277 3567 Ἰδοὺ
2320 3510 2525 3585 ἡμέραι
2582 3504 2864 3589 ἔρχονται,
2920 3511 3012 3567 καὶ
3070 3509 3445 3590 ληφθήσονται
3505 3514 3678 3570 πάντα
3727 3514 3803 3569 τὰ

2136 3598 2189 3654 ἐν
2227 3603 2308 3672 τῷ
2359 3598 2497 3672 οἷ’κῳ
2551 3620 2670 3670 σου,
2728 3600 2820 3655 καὶ
2878 3599 2977 3655 ὅσα
3041 3601 3401 3678 ἐθησαύρισαν
3456 3604 3508 3658 οἱ
3565 3602 3802 3677 πατὲρες

2136 3709 2234 3743 σου
2289 3684 2396 3751 ἓως
2450 3695 2551 3758 τῆς
2610 3687 2822 3762 ἡμερας
2873 3689 3097 3761 ταύτης,
3153 3690 3245 3748 καὶ
3329 3691 3404 3754 είς
3490 3687 3804 3750 Βαϐυλῶνα

2134 3779 2620 3856 ἀπενεχθήσονταιο
2654 3778 2830 3838 Ἀλλὰ
2866 3781 2957 3836 καὶ
3010 3780 3115 3837 ἀπὸ
3162 3785 3269 3838 τῶν
3331 3783 3464 3838 υἱῶν
3530 3803 3626 3838 σου
3683 3788 3802 3839 τῶν

2136 3867 2546 3941 ἐξεληλυθότων
2578 3870 2639 3924 ὲκ
2695 3872 2793 3924 σοῦ
2854 3866 3128 3944 λήψονται
3165 3871 3257 3927 καί
3309 3873 3602 3943 ποιήσουσι
3650 3872 3805 3928 σπά-

2136 3956 2328 4022 δοντας
2361 3958 2413 4013 ἐν
2440 3957 2522 4031 τῷ
2566 3957 2703 4031 οἴκῳ
2757 3962 2856 4014 τοῦ
2913 3959 3182 4023 Βασιλέως
3232 3955 3580 4023 Βαϐυλῶνος.
3617 3984 3645 4014 ››
3698 3963 3803 4033 Τῷ

2136 4046 2191 4104 δὲ
2257 4048 2487 4121 εἰκοστῷ
2553 4045 2658 4104 ἔτει
2739 4051 2838 4118 τῆς
2930 4047 3210 4123 βασιλείας
3275 4045 3800 4127 Ναϐουχοδονόσορ,

2132 4137 2663 4215 τετρακισχιλιοστῷ
2722 4135 2780 4193 δὲ
2835 4136 2926 4193 καὶ
2983 4137 3317 4213 ἐνενηκοστῷ
3389 4139 3633 4215 τετάρτῳ
3688 4143 3795 4196 τοῦ

2130 4226 2367 4302 κόσμου,
2400 4225 2694 4303 διεσάφησε
2716 4226 2783 4282 τὰ
2822 4226 3036 4283 ἐνύπνια
3093 4228 3260 4285 αὐτοῦ
3317 4230 3345 4284 ὁ
3412 4227 3642 4300 Δανιὴλ.
3698 4232 3806 4302 Τῷ

2135 4316 2192 4372 δὲ
2219 4314 2755 4392 τετρακισχιλιοστῷ
2785 4316 3064 4390 ἑκατοστῷ
3117 4314 3325 4391 δεκάτῳ
3373 4314 3478 4375 ἔτει
3538 4319 3605 4375 τὰ
3655 4317 3800 4374 κατᾶ

2133 4410 2235 4478 τήν
2264 4407 2492 4480 κάμινον
2524 4409 2630 4460 τῶν
2693 4405 2862 4483 ἁγίων
2920 4410 3088 4481 τριῶν
3145 4404 3353 4463 παίδων
3410 4407 3798 4483 ἐπράχθησαν.

2136 4500 2251 4555 Τοῦ
2295 4497 2395 4571 γὰρ
2452 4493 2762 4569 Βαλτάσαρ,
2815 4494 2873 4558 ὅς
2931 4495 3023 4551 καὶ
3082 4496 3485 4573 Ῥινιγλίσαρος
3545 4496 3799 4572 ἐλέγετο,

374 4587 438 4640 in
464 4585 754 4657 parietem
800 4586 1150 4656 scribentes,
1212 4606 1390 4659 quam
1432 4589 1789 4661 scripturam
1848 4604 2024 4643 nemo

2134 4587 2384 4649 πίνοντος
2445 4585 2497 4640 εν
2557 4589 2675 4647 τοῖς
2722 4585 2893 4657 ἱεροῖς
2949 4585 3186 4642 σκεύεσιν
3245 4585 3401 4643 οἷ’κου
3461 4588 3667 4664 Κυρίου
3707 4585 3812 4643 σὺν

370 4682 591 4748 praeter
611 4692 799 4731 unum
825 4676 1139 4733 Danielum
1165 4679 1588 4751 interpretatus
1605 4679 1806 4736 est.lta
1826 4684 2025 4736 autem

445 4801 494 4838 ⁷ο
521 4805 638 4859 Jer.
672 4820 811 4871 xm,
887 4804 936 4841 ⁷³
959 4806 1033 4859 IV
1065 4807 1204 4879 Reg.
1238 4823 1341 4875 xx,
1372 4809 1453 4875 t7,
1491 4809 1575 4862 I8.

2133 4682 2251 4741 τοῖς
2288 4679 2606 4753 μεγιστᾶσιν
2639 4673 2806 4731 αὐτοῦ
2834 4674 2926 4731 καὶ
2958 4681 3077 4738 ταῖς
3128 4675 3444 4740 παλλακαῖς
3496 4698 3548 4732 εν
3596 4674 3810 4750 δείπνῳ

1578 4927 1947 4984 XYLANDRI
1987 4925 2073 4982 ET
2110 4923 2327 4981 GOARI
2367 4923 2589 4979 ΝΟΤίΕ.

442 5071 556 5141 (90)
587 5070 715 5126 Non
740 5087 870 5127 esse
891 5071 979 5126 vel
1003 5088 1141 5127 vera
1164 5072 1256 5127 vel
1280 5072 1341 5127 in
1367 5073 1496 5129 loco
1517 5074 1697 5129 etiam
1721 5089 1827 5129 suo
1845 5073 2025 5130 allata

372 5159 442 5197 ea
473 5160 605 5214 quas
638 5142 718 5218 de;
740 5144 942 5218 Iudam
968 5144 1199 5218 et_urhe
1232 5146 1776 5218 Hierosolymorum
1810 5144 2022 5217 dispu-

373 5220 594 5289 tantur,
630 5216 813 5289 cuivis
844 5216 1224 5289 perspicuum
1275 5234 1403 5271 esse
1453 5216 1614 5289 puto.
1664 5217 1766 5272 Hic
1824 5216 2023 5289 autem

376 5286 717 5358 Hieronymi
744 5288 1079 5358 versionem
1104 5304 1234 5342 sum
1259 5286 1658 5355 secutus,cum
1685 5305 1852 5343 meus
1875 5288 2027 5342 liber

377 5357 1077 5437 ρᾶὺεςῐᾩὶιστμψηφισθες,
1112 5360 1553 5437 ('T_omplutensis
1575 5361 1733 5437 apud
1766 5360 2020 5437 l’lierem.

380 5427 975 5507 Eugipiﬁeic,;A'rgént.
1010 5427 1380 5507 Συμξζιησρείς,
1413 5449 1545 5507 quae
1576 5427 1693 5487 duo
1741 5432 2026 5507 vocabula

378 5499 521 5571 guid
552 5499 908 5571 significent,
942 5520 1064 5558 non
1092 5499 1289 5559 facile
1324 5499 1621 5571 dixerim;
1670 5508 1728 5558 et
1774 5504 2025 5559 minime

372 5567 528 5622 ferre
552 5569 715 5626 locus
738 5567 968 5629 videtur
984 5581 1049 5629 ut
1068 5573 1439 5645 deploratum
1463 5582 1564 5631 aut
1589 5567 2024 5645 complocatum

370 5645 690 5714 vertamus,
717 5660 851 5699 cum
884 5645 1207 5716 Hesychius
1224 5646 1522 5721 ψιζομένην
1554 5647 1860 5703 annotarit
1890 5664 2021 5703 esse

2132 5067 2458 5153 κλαίουσαν,
2489 5075 2549 5153 et
2603 5067 2794 5153 ψιόιδες
2841 5071 3000 5142 apud
3033 5071 3600 5153 _I_Iomerpm___still_zp
3656 5072 3808 5153 sint,

2134 5143 2476 5215 sanguinem
2506 5142 2661 5215 Iovis
2694 5143 2993 5215 lacrymaa,
3025 5144 3192 5199 Iliad.
3237 5144 3306 5198 ll.
3334 5146 3486 5215 7459.
3542 5144 3810 5201 Verbum

2132 5213 2554 5289 itarsignificat
2585 5213 2857 5289 λεπτρνω,
2886 5220 2953 5289 ut
3005 5215 3188 5270 Graeci
3222 5214 3483 5289 tradunt,
3532 5222 3807 5272 attenuo.

2134 5286 2873 5360 Hebraicumn‘znoindicat
2891 5288 3014 5341 fore
3028 5294 3093 5342 ut
3108 5293 3356 5360 tractum
3382 5286 3484 5344 seu
3502 5295 3813 5360 raptatum

2134 5359 2510 5431 projiciatur,
2530 5359 2696 5413 nulla
2723 5376 2966 5432 prorsus
2985 5359 3318 5432 putredinis
3342 5359 3778 5432 significatione
3793 5403 3814 5428 ,

2133 5437 2201 5486 ut
2221 5432 2521 5500 conjicere
2544 5446 2839 5503 nequeam
2865 5431 2957 5485 vel
2978 5431 3119 5500 quid
3147 5431 3539 5503 Hieronymus
3563 5438 3818 5489 secutus

2135 5503 2233 5586 sit,
2265 5503 2357 5557 vel
2388 5502 2688 5586 quomodo
2721 5502 2783 5584 in
2814 5503 3017 5557 Graaca
3046 5503 3318 5586 versione
3350 5502 3664 5586 legendum
3699 5505 3814 5586 sit.

2134 5576 2278 5700 {iam
2309 5574 2497 5700 nc§tri
2533 5573 2785 5629 Cedreni
2818 5591 2927 5629 vox
2948 5591 3194 5645 prorsus
3223 5580 3335 5631 est.
3362 5573 3630 5632 Viderint
3647 5577 3820 5649 peri-

2160 5663 2335 5700 iores.
2424 5661 2514 5700 γι..

2134 5646 2335 5702 tiores.
2372 5646 2514 5701 XvL.
