4142 6418
340 335 460 396 233

1543 334 2086 396 HISTORIARUM
2135 338 2683 404 COMPENDIUM.

3659 356 3778 417 234

344 463 487 523 εἶδεν
517 464 815 538 ἀνθρώπου
849 461 1152 524 δακτύλους
1196 463 1508 540 γράφοντας
1563 463 1615 519 ἐν
1672 467 1750 536 τῷ
1808 481 2007 542 τοιχφ.

2131 469 2328 525 habet.
2362 472 2515 528 Mani
2549 489 2562 527 :
2596 473 2708 529 hoc
2747 478 2836 529 est
2883 476 3060 543 Deus,
3111 478 3420 538 dimensus
3474 489 3564 539 est
3611 490 3779 543 tuum

352 558 427 614 ὦν
483 559 581 627 τήν
674 558 898 634 γραφὴν
963 556 1128 629 μόνος
1187 555 1394 625 Δανιὴλ
1438 557 1800 630 ἡρμήνευσεν.
1863 557 2022 631 Ἔχει

350 647 410 702 ὃὶ
442 647 642 710 οὕτως·
685 645 846 701 Μανί·
879 645 910 699 8
943 645 1108 715 ἐστιν,
1171 645 1502 719 Ἐμέτρησεν
1535 645 1564 699 ὁ
1596 645 1727 705 Θεὸς
1756 645 1856 713 τὴν
1920 645 2022 718 βα-

353 736 561 792 σιλείαν
609 757 707 792 σου
736 735 828 790 καὶ
859 733 1180 811 ἐπλήρωσεν
1212 733 1404 804 αὐτήν.
1460 732 1649 789 Θεκέλ⁹
1707 733 1810 791 Καὶ
1868 731 2022 788 ἐστά-

347 831 557 900 θμησεν
588 824 642 880 ἐν
691 829 836 899 ζυγῷ
895 824 988 878 καὶ
1036 821 1226 897 εὑρέθη
1291 823 1605 898 ὑστεροῦσα.
1669 823 1865 897 Φαρές·
1930 830 2020 876 Δις

349 917 562 990 ᾕρηται
592 918 628 985 ἡ
665 913 920 992 βασιλεία
952 935 1048 969 σου
1078 914 1169 969 καὶ
1199 911 1363 984 ἐδόθη
1399 912 1612 986 Μήδοις
1640 914 1732 969 καὶ
1764 915 2014 990 Πέρσαις.

427 1005 986 1078 Αἰχμαλωτισθείσης
1067 1011 1166 1073 τῆς
1248 1003 1618 1078 Ἰερουσαλὴμ
1698 1002 2014 1080 Ἱερεμίας,

345 1095 527 1150 καίτοι
584 1092 774 1150 πολλὰ
855 1093 1003 1169 παρᾶ
1087 1097 1198 1148 τῶν
1285 1090 1579 1150 Χαλδαίων
1647 1093 2012 1167 ἀναβασθείς,

347 1183 641 1258 ᾑρετίσατο
678 1181 893 1257 μᾶλλον
932 1183 1067 1255 μετὰ
1110 1186 1218 1237 τῶν
1266 1179 1738 1246 καταλειωθέντῶν
1770 1183 2012 1250 πενήτων

345 1273 864 1347 ἒναπομεῖναι.Καὶ
920 1271 996 1332 ὡς
1054 1271 1214 1326 αὐτὸν
1277 1271 1354 1333 εἰς
1421 1271 1515 1326 τὸν
1573 1265 1841 1345 βόρϐορον
1901 1273 2012 1343 (91)

341 1359 612 1432 ἔϐαλλον,
665 1359 1012 1436 πολὸστιχον
1079 1355 1297 1435 βιϐλίον
1358 1361 1625 1432 συνέταξε.
1682 1361 1832 1416 Κατὰ
1887 1360 2013 1419 τοῦς

339 1453 571 1526 καιροὺς
635 1449 876 1513 ἐκείνους
953 1451 1044 1506 καὶ
1105 1451 1369 1520 Ἰεζεκιὴλ
1429 1449 1456 1504 ὁ
1520 1449 1792 1509 θειότατος
1849 1449 2015 1524 αἰχμ-

347 1541 569 1602 άλωτος
600 1539 880 1616 ἀναχθεὶς,
913 1540 1006 1595 έπὶ
1035 1545 1132 1595 τοῦ
1158 1543 1410 1612 ποταμοῦ
1441 1538 1632 1614 λαχὼν
1677 1543 1774 1594 τοῦ
1804 1533 2010 1612 Χοϐἀρ,

2135 562 2600 634 regnum,idque
2631 564 2899 622 absolvit.
2925 567 3175 623 Thecel:
3209 570 3271 624 in
3303 574 3527 629 trutina
3556 578 3783 632 exami-

2133 648 2317 711 navit,
2351 666 2417 705 ac
2476 650 2917 723 deprehensum
2949 660 3040 710 est
3095 656 3153 711 id
3187 657 3460 717 deﬁcere.
3511 664 3734 719 Phares
3767 682 3780 720 :

2132 737 2462 794 abscissum
2480 747 2572 795 est
2590 758 2839 814 regnum
2857 749 3023 800 tuum
3041 747 3342 819 Medisque
3360 756 3419 804 et
3437 752 3642 806 Persis
3663 759 3786 808 tra-

2134 825 2344 882 ditum.
2362 831 2552 900 Atque
2567 847 2636 885 ea
2648 831 2776 902 ipsa
2789 839 2964 888 nocte
2977 834 3325 893 interfectus
3344 845 3434 894 est
3449 841 3780 900 Balthasar.

2196 1000 2622 1073 Hierosolymis
2670 1005 2857 1076 captis
2877 1007 3428 1076 Jeremias,tametsi
3453 1026 3588 1066 eum
3610 1012 3780 1068 vehe-

2129 1096 2358 1145 menter
2387 1098 2667 1164 urgerent
2691 1093 2970 1158 Chaldaei,
3007 1101 3203 1153 tamen
3231 1098 3493 1168 praetulit
3523 1099 3604 1154 ibi
3639 1118 3776 1156 cum

2125 1179 2348 1235 relictis
2373 1181 2576 1252 egenis
2606 1185 3250 1256 permanere.Cumque
3284 1192 3440 1242 esset
3463 1188 3527 1242 in
3557 1190 3780 1262 voragi-

2125 1284 2263 1323 nem
2286 1269 2862 1344 abjectus,magnum
2884 1272 3103 1328 librum
3127 1276 3481 1346 composuit.
3506 1278 3586 1332 Eo
3621 1284 3776 1332 tem-

2124 1374 2266 1428 pore
2299 1358 2479 1414 etiam
2511 1358 2922 1416 divinissimus
2970 1363 3311 1418 Ezechielus
3361 1365 3626 1435 captivus
3673 1366 3778 1421 ab-

2125 1446 2361 1516 ductus,
2395 1465 2530 1503 cum
2562 1449 2636 1505 ad
2676 1449 2920 1505 {luvium
2950 1451 3281 1508 Chobarem
3318 1453 3579 1525 degeret,
3612 1454 3776 1511 caelis

2125 1537 2237 1608 ipsi
2263 1539 2483 1608 apertis
2517 1539 2893 1611 majestatem
2925 1542 3026 1597 Dei
3059 1543 3222 1609 vidit,
3255 1551 3494 1600 ventum
3527 1561 3561 1600 a
3592 1547 3776 1601 Borca

340 1629 727 1707 διανοιγέντων
760 1629 911 1702 αὐτῷ
967 1634 1075 1684 τῶν
1134 1628 1402 1701 οὐρανῶν,
1464 1625 1578 1684 εἶδε
1637 1625 1792 1698 δόξαν
1855 1632 2007 1697 Θεοῦ,

2125 1627 2279 1682 200
2311 1628 3012 1702 venientem,nubemque
3035 1633 3096 1688 in
3130 1651 3198 1689 eo
3221 1639 3280 1689 et
3301 1635 3681 1706 splendorem
3708 1637 3772 1691 in

343 1723 560 1790 πνεῦμα
600 1718 902 1794 ἐρχόμενον
930 1715 1038 1771 ἀπὸ
1095 1715 1287 1793 βορῥᾶ,
1336 1716 1426 1771 καὶ
1492 1715 1724 1794 νεφέλην
1753 1713 1807 1770 ἐν
1839 1714 2008 1786 αὐτῷ,

337 1809 428 1863 καὶ
495 1807 696 1886 ρέγγος
781 1803 1069 1874 κυκλόθεν,
1151 1807 1251 1874 τήν
1312 1802 1520 1880 Τριάδα
1573 1803 2006 1884 φανταζόμενος.

342 1897 496 1953 Ἐκεῖ
525 1895 617 1950 καὶ
647 1899 756 1950 τῶν
792 1889 1070 1970 χερουϐἰμ
1100 1891 1235 1949 εἶδεν
1300 1893 1672 1962 ὑποτύπωσιν,
1726 1894 1781 1946 ἶεν
1842 1913 2008 1966 προσ-

347 1987 484 2057 ὠπῳ
515 1985 806 2057 ἀνθρώπου
845 1984 934 2038 καὶ
1005 1982 1220 2058 μόσχου
1279 1981 1368 2036 καὶ
1428 1979 1648 2045 λέοντος
1701 1981 1793 2035 καὶ
1853 1982 2009 2037 ἀετοῦ

356 2072 832 2145 ὗποτυπουμένην.
896 2071 1166 2148 Ὑπεράνω
1216 2068 1273 2126 δὲ
1331 2070 1562 2141 τούτων,
1619 2070 1694 2132 ὡς
1744 2067 1883 2132 εἶδος
1915 2070 2008 2124 ἀν-

362 2165 597 2236 θρώπου,
627 2163 720 2217 τὸν
753 2161 886 2218 Θεὸν
918 2161 1200 2237 ἄνθρωπον
1235 2161 1377 2236 ὁρῶν
1409 2158 1478 2214 δι’
1517 2160 1686 2215 αὐτοῦ
1717 2161 2010 2236 προφήτης

431 2253 572 2306 Μετὰ
625 2248 680 2305 δὲ
777 2249 1037 2323 Ἰωακεὶμ
1113 2244 1463 2304 ἒϐασίλευσεν
1553 2247 1816 2323 Ἰεχονίας
1889 2249 2006 2311 υἱὸς

349 2341 535 2408 αὐτοῦ,
567 2342 595 2396 ὁ
643 2342 732 2395 καὶ
784 2341 1063 2413 Ἰωακεὶμ,
1115 2337 1205 2395 διὰ
1243 2343 1665 2416 προστάγματος
1721 2333 2006 2414 Ναϐουχο-

341 2427 593 2504 δονόσορ.
643 2429 750 2486 Καὶ
793 2428 1015 2500 ἐποίησε
1069 2428 1132 2484 τὸ
1189 2430 1425 2503 πονηρὸν
1484 2428 1715 2483 ἐνώπιον
1776 2428 2004 2503 κυρίου.

340 2520 440 2576 Καὶ
475 2519 758 2596 περὶτοῦς
817 2518 1016 2597 φόρους
1074 2519 1562 2594 ἆγνωμονήσαντος
1621 2516 1786 2572 αὐτοῦ
1841 2515 2007 2591 ᾗλθεν

337 2608 495 2671 αὖθις
557 2605 1052 2685 Ναϐουχοδονόσορ
1111 2609 1188 2672 εἰς
1235 2610 1334 2678 τήν
1394 2605 1558 2664 πόλιν
1615 2606 2003 2680 Ἱερουσαλὴμ,

333 2700 429 2753 καὶ
459 2700 549 2771 [Ρ.
616 2701 738 2771 114]
807 2696 1122 2773 ἐπολιόρκει
1180 2696 1367 2768 αὐτήν.
1427 2697 1570 2771 Πρὸς
1631 2697 1688 2750 ὃν
1741 2696 2004 2771 Ἰεχονίας

339 2788 535 2858 ἐξήλυε
567 2788 661 2842 σὺν
694 2787 864 2863 μητρί
904 2787 994 2843 καὶ
1047 2789 1262 2850 τέκνοις
1312 2789 1399 2842 καὶ
1462 2791 1580 2848 τοῖς
1612 2783 1875 2862 ἄρχουσιν
1909 2785 2003 2840 αὖ·

333 2883 456 2934 τοῦ.
513 2876 617 2934 Καὶ
704 2877 962 2946 εἱσῆλθον
1023 2878 1074 2932 οἱ
1136 2882 1450 2952 μεγιστᾶνες
1516 2870 2003 2952 Ναϐουχοδονόσορ

335 2968 417 3029 εἰς
443 2969 544 3034 τὴν
574 2966 761 3035 πόλιν,
805 2966 897 3021 καὶ
953 2965 1244 3043 ἐξήνεγκαν
1298 2967 1426 3029 τοὺς
1458 2965 1766 3040 θησαυροὺς
1804 2965 2004 3042 Κυρίου

338 3059 574 3113 καὶτοῦ
632 3055 904 3132 βασιλέως
969 3057 1058 3112 καὶ
1109 3058 1174 3112 τὰ
1231 3061 1412 3132 χρυσᾶ
1469 3056 1632 3126 σκεύη
1694 3055 1726 3110 ἃ
1779 3055 2007 3126 εποίησε

338 3149 616 3221 Σολομὼν
674 3146 726 3202 ἐν
786 3149 900 3220 ναῷ
959 3147 1155 3222 Κυρίου
1195 3189 1208 3203 .
1279 3147 1387 3202 Τὸν
1458 3143 1514 3201 δὶ
1574 3143 1824 3202 Σεδεκίαν
1886 3145 2005 3200 ἀντὶ

330 3238 615 3314 Ἰεχονίου
673 3239 1014 3308 καταστήσας
1099 3237 1374 3310 ἀπῴκισεν
1447 3235 1708 3310 Ἰεχονίας
1777 3235 1852 3298 εἷς
1903 3242 2008 3291 Βα-

347 3321 572 3382 ϐυλῶνα
607 3329 696 3383 καὶ
756 3327 854 3396 τήν
918 3329 1126 3402 μητέρα
1154 3326 1242 3381 καὶ
1297 3327 1424 3387 τοὺς
1484 3323 1756 3404 ἄρχοντας
1815 3325 2004 3397 αὐτοῦ,

346 3416 746 3489 βασιλεύσαντα
779 3423 956 3490 μῆνας
993 3421 1161 3492 τρεῖς.
1223 3415 1356 3490 Περὶ
1407 3415 1469 3470 οὗ
1518 3415 1678 3470 πολιν
1738 3415 2005 3490 Ἱερεμίας

342 3501 548 3582 ἔλεγεν·
583 3531 610 3557 ‹‹
643 3505 928 3578 ἹΙτιμώθη
979 3505 1240 3580 Ἰεχονίας
1274 3505 1347 3566 ὡς
1399 3508 1584 3565 σκεῦος
1617 3504 1678 3558 οὗ
1738 3503 1836 3560 οὐκ
1858 3507 2002 3559 ἔστιν

345 3597 530 3668 χρεία,
562 3593 946 3674 ὅτιᾶπερῥίφη
1000 3594 1092 3649 καὶ
1125 3589 1413 3664 ,ἐξεϐλήθη
1475 3593 1550 3655 εἰς
1606 3600 1733 3667 γῆν,
1790 3593 1856 3662 ἢν
1908 3593 2007 3649 οὐκ

342 3681 490 3758 ᾔδει,
519 3683 667 3761 λέγει
716 3685 940 3753 Κύριος.
987 3685 1086 3753 Γή,
1135 3691 1234 3759 γῆ,
1292 3679 1522 3738 ἄκουσον
1572 3682 1736 3758 λόγον
1781 3682 2001 3758 Κυρίου’

347 3775 557 3849 γράψον
587 3775 680 3829 τὸν
708 3771 878 3849 ἄνδρα
927 3777 1122 3829 τοῦτον
1182 3773 1519 3848 ὲκκήρυκτον
1578 3770 1884 3847 ἄνθρωπον,
1920 3771 2003 3828 ὅτι

351 3863 415 3917 οὐ
443 3865 521 3936 μή
560 3863 769 3937 αὐξηθῇ
830 3862 891 3918 ἐκ
942 3867 1040 3918 τοῦ
1100 3862 1409 3939 σπέρματος
1466 3863 1632 3917 αὐτοῦ
1689 3861 1824 3936 ἀνὴρ
1878 3865 2006 3918 καθ-

347 3955 550 4026 ήμενος
583 3952 672 4006 ἐπὶ
703 3951 895 4027 θρόνου
928 3946 1116 4021 Δαϐὶδ,
1177 3950 1365 4027 ἄρχων
1422 3944 1501 4006 ἔτι
1549 3949 1602 4006 ἐν
1633 3955 1713 4022 τῷ
1743 3948 1938 4023 Ἰούδᾳ.
1980 3977 2000 4003 ι

347 4041 500 4099 Μετᾶ
529 4039 586 4096 δὲ
614 4041 877 4117 Ἰεχονίαν
917 4037 1260 4096 ἐϐασίλευσεν
1315 4037 1569 4102 Σεδεκίας
1627 4037 2009 4118 πατράδελφος

345 4129 533 4198 αὐτοῦ,
619 4132 709 4184 καὶ
766 4129 997 4200 εποίησε
1050 4129 1113 4184 τὸ
1171 4129 1413 4204 πονηρὸν
1471 4127 1702 4184 ἐνώπιον
1782 4129 2004 4202 κυρίου.

342 4220 442 4274 Καὶ
503 4219 627 4295 περὶ
656 4221 758 4287 τήν
799 4219 1139 4298 φορολογίαν
1200 4219 1464 4282 ὡσαύτως
1520 4215 2009 4294 παρασπονδήσαναι

339 4330 437 4371 τος
469 4307 639 4365 αὐτοῦ
695 4308 835 4379 ἦλθε
890 4308 1055 4364 πάλιν
1117 4304 1614 4387 Ναϐουχοδονόσορ
1671 4308 1748 4373 εἷς
1803 4313 2004 4383 Ἰερου-

2117 1715 2324 1771 orbem
2356 1717 2934 1784 circumfusum.Quo
2967 1721 3090 1777 viso
3122 1722 3470 1779 Trinitatem
3513 1732 3602 1780 est
3631 1725 3773 1781 ima-

2116 1806 2464 1877 ginatusti
2479 1809 3014 1866 etCherubinorum
3025 1812 3169 1868 vidit
3181 1817 3774 1885 repraesentationem

2117 1893 2177 1948 in
2200 1894 2391 1950 forma
2408 1896 2687 1967 hominis,
2718 1899 2907 1969 vituli,
2941 1900 3132 1957 leonis
3152 1907 3211 1957 et
3228 1904 3467 1973 aquilae,
3491 1921 3559 1959 ac
3592 1921 3773 1976 supra

2117 1983 2225 2039 hos
2239 2002 2405 2055 quem
2415 1985 2550 2040 dam
2563 1988 2825 2042 humana
2838 1989 3342 2060 specie,nimirum
3355 1994 3543 2048 Deum
3557 1993 3657 2064 qui
3674 1993 3773 2048 hu-

2118 2087 2358 2128 manam
2381 2079 2656 2130 naturam
2675 2075 3172 2147 induit,cernens,
3188 2079 3288 2150 qui
3314 2096 3450 2136 eum
3473 2080 3771 2136 Israelicis

2115 2165 2304 2215 vatem
2319 2163 2628 2218 constituit
2649 2164 3104 2238 futurorumque
3137 2169 3464 2241 cognitioni
3488 2168 3766 2224 initiavit.

2190 2249 2324 2305 Post
2361 2251 2690 2308 Joacimum
2719 2255 3032 2310 Jechonias
3064 2255 3222 2312 filius
3252 2257 3402 2329 ejus,
3427 2257 3520 2313 cui
3554 2264 3612 2313 et
3641 2259 3766 2314 Joa-

2117 2339 2312 2394 chimo
2335 2357 2555 2396 nomen
2578 2342 2707 2410 fuit,
2709 2342 2882 2413 jussu
2901 2343 3505 2402 Nabuchodonosoris
3520 2364 3770 2419 regnum

2116 2428 2363 2498 accepit.
2400 2428 2554 2484 Vixit
2585 2435 2644 2485 et
2683 2430 2808 2503 ipse
2840 2431 3111 2503 impie,et
3141 2433 3429 2490 tributum
3469 2435 3628 2490 mala
3653 2434 3767 2491 ﬁde

2115 2517 2417 2588 persolvit.
2456 2520 2783 2590 Eapropter
2834 2520 2907 2576 ad
2953 2522 3360 2594 Hierosolyma
3391 2541 3597 2579 rursus
3628 2541 3765 2580 cum

2116 2606 2379 2660 exercitu
2400 2606 2945 2663 Nabuchodonosor
2967 2611 3219 2666 accessit
3237 2611 3567 2683 urbemque
3598 2612 3766 2667 obse-

2115 2693 2218 2747 dit.
2252 2695 2406 2748 Exiit
2434 2694 2508 2749 ad
2539 2712 2676 2751 cum
2705 2697 3021 2752 Jechonias
3053 2715 3187 2754 cum
3220 2705 3428 2766 matre,
3464 2699 3669 2756 liberis
3697 2707 3760 2756 et

2113 2783 2576 2854 primoribus.Et
2593 2786 2694 2856 qui
2720 2792 2891 2842 erant
2911 2787 3068 2859 apud
3092 2787 3760 2859 Nabuchodonosorem,

2114 2871 2293 2943 primi
2308 2872 2368 2927 in
2390 2872 2600 2929 urbem
2615 2873 2866 2947 ingressi
2886 2875 3201 2931 thesauros
3224 2881 3344 2932 tam
3364 2894 3562 2933 sacros
3585 2895 3766 2950 quam

2113 2961 2307 3032 regios
2357 2963 2676 3035 omniaque
2708 2980 2890 3021 aurea
2938 2965 3145 3037 templi
3190 2968 3292 3023 Dei
3339 2969 3760 3037 instrumenta,

2113 3067 2244 3121 qua:
2277 3050 2552 3107 Salomon
2583 3052 2821 3124 fecerat,
2858 3061 3264 3127 exportarunt.
3299 3057 3647 3114 Sedechiam
3681 3075 3770 3114 re-

2111 3159 2226 3216 gno
2260 3144 2551 3200 Barbarus
2599 3146 2888 3217 prmfecit,
2919 3149 3220 3217 Jechonia,
3269 3166 3404 3205 cum
3438 3151 3487 3205 is
3526 3165 3766 3206 menses

2111 3239 2232 3289 tres
2263 3251 2511 3308 regnum
2569 3237 2870 3308 gessisset,
2905 3255 3027 3295 una
3083 3257 3218 3296 cum
3251 3247 3440 3296 matre
3497 3246 3557 3295 et
3584 3241 3758 3312 prin-

2111 3324 2342 3396 cipibus
2369 3326 2731 3399 Babylonem
2758 3327 3088 3398 deportato.
3112 3331 3193 3384 De
3220 3331 3332 3385 hoc
3359 3329 3644 3385 Jechonia
3674 3330 3760 3386 sic

2109 3413 2392 3469 Ieremia;
2410 3415 2811 3485 pronuntiavit
2827 3417 2873 3452 ⁷³
2900 3434 2960 3470 :«
2992 3417 3225 3473 Nullius
3245 3418 3418 3490 pretii
3441 3424 3532 3473 est
3549 3417 3762 3473 Jecho-

2111 3502 2518 3574 nias,perinde
2549 3510 2726 3576 atque
2758 3522 2856 3561 vas
2886 3506 3072 3562 nullis
3101 3507 3308 3562 usibus
3340 3507 3759 3563 idoneum.Est

2111 3591 2270 3646 enim
2303 3591 2590 3659 ab'ectus,
2623 3599 2681 3649 et
2712 3594 2937 3666 ejectus
2967 3597 3029 3650 in
3062 3601 3283 3653 terram
3329 3597 3440 3652 sibi
3474 3596 3759 3670 ignotam,

2111 3681 2185 3736 ad
2211 3683 2520 3738 Dominus.
2555 3684 2597 3739 Ο
2629 3689 2808 3751 terra,
2861 3691 3037 3750 terra,
3070 3685 3207 3741 audi
3257 3703 3595 3742 sermonem
3626 3686 3758 3742 Dei.

2111 3772 2311 3828 Scribe
2359 3773 2517 3830 hunc
2576 3774 2883 3832 hominem
2963 3777 3152 3832 virum
3205 3777 3594 3833 abdicatum:
3641 3794 3762 3834 non

2112 3862 2271 3917 enim
2293 3879 2559 3934 unquam
2583 3881 2652 3920 ex
2679 3866 2906 3920 semine
2931 3867 3060 3937 ejus
3082 3867 3385 3924 adolescet
3424 3867 3530 3935 vir,
3564 3868 3665 3938 qui
3697 3868 3760 3922 in

2112 3951 2260 4007 solio
2293 3952 2568 4008 Davidico
2601 3953 2804 4010 sedeat
2846 3962 2949 4011 aut
2977 3973 3152 4027 porro
3203 3957 3264 4012 in
3294 3957 3443 4013 Juda
3485 3957 3765 4028 princeps

2112 4043 2257 4098 sit.»
2289 4044 2437 4116 Ergo
2467 4049 2603 4115 post
2629 4046 2973 4102 Jechoniam
3007 4053 3254 4118 patruus
3281 4047 3412 4119 ejus
3444 4048 3764 4104 Sedechias

2111 4133 2398 4204 regnavit,
2426 4133 2529 4202 qui
2577 4139 2634 4188 et
2674 4135 2800 4204 ipse
2856 4137 3039 4190 Deum
3090 4153 3196 4191 sua
3244 4137 3362 4191 vita
3405 4137 3659 4192 offendit
3705 4144 3766 4193 et

2111 4223 2267 4295 pacti
2286 4222 2489 4278 tributi
2509 4223 2688 4279 ﬁdem
2706 4225 2853 4280 201
2881 4224 3113 4280 fefellit.
3148 4228 3402 4281 Rursum
3422 4227 3621 4297 itaque
3653 4226 3764 4282 Na-

2113 4313 2570 4369 buchodonosor
2594 4313 2668 4368 ad
2700 4313 3104 4386 Hierosolyma
3135 4316 3404 4376 accessit.
3429 4315 3761 4387 urbemque

424 4369 432 4371 -
721 4369 730 4379 .
786 4369 799 4373 -
1313 4369 1351 4387 η,
1587 4369 1596 4382 .
1734 4369 1745 4373 -
1874 4369 1883 4383 .

343 4397 562 4470 σαλήμ,
595 4397 685 4452 καὶ
720 4396 1035 4474 ἐπολιόρκει
1076 4397 1244 4466 αὐτὴν
1288 4394 1381 4468 ’ἐτη
1445 4393 1560 4454 δύο.
1622 4397 1728 4453 Καὶ
1784 4417 2007 4472 προφη-

2119 4404 2426 4460 biennium
2447 4403 3044 4474 obseditJeremiam,
3075 4406 3200 4461 fore
3231 4411 3298 4461 ut
3327 4406 3468 4461 urbs
3495 4407 3765 4478 capiatur

336 4488 536 4552 τεῦσας
591 4488 852 4562 Ἱερεμίας
927 4491 1026 4558 τὴν
1101 4486 1310 4543 ἅλωσιν
1367 4493 1468 4556 τῆς
1523 4484 1740 4550 πόλεως
1801 4485 2003 4561 δέσμος

337 4575 559 4650 ἐϐλήθη
605 4580 708 4634 ὑπὸ
742 4577 996 4634 Σεδεκίου
1037 4577 1088 4634 έν
1118 4577 1327 4651 λάκκῳ.
1361 4577 1508 4633 Μετὰ
1538 4574 1595 4632 δὲ
1649 4578 1711 4632 τὸ
1770 4576 2001 4649 λυθῆναι

339 4668 506 4724 αὐτὸν
534 4674 633 4724 τοῦ
683 4666 909 4742 δεσμοῦ,
971 4663 1157 4725 λαϐὼν
1211 4669 1310 4738 τήν
1348 4663 1584 4723 κιϐωτὸν
1643 4667 1733 4722 καὶ
1789 4668 1851 4723 τὸ
1910 4680 2001 4733 θυ-

342 4759 665 4833 σιαστήριον
715 4760 804 4814 καὶ
833 4759 933 4828 τήν
961 4759 1229 4834 τράπεζαν
1261 4757 1352 4813 καὶ
1383 4759 1481 4827 τὴν
1554 4756 1785 4836 Λυχνίαν
1819 4757 1880 4812 ἐκ
1906 4761 2003 4811 τοῦ

341 4852 476 4903 ναοῦ
504 4846 557 4903 ἐν
592 4847 748 4925 λόγῳ
798 4848 1019 4923 Κυρίου,
1057 4846 1365 4921 μέλλουσαν
1395 4849 1496 4916 τήν
1548 4844 1712 4902 πόλιν
1738 4843 1846 4917 ἤδη
1899 4867 2001 4901 πα-

337 4931 808 5011 ραλαμϐάνεσθαι,
865 4938 1196 5011 κατέκρυψεν
1281 4935 1334 4991 έν
1398 4933 1592 5008 ἀδήλῳ
1675 4935 1850 5007 τόπῳ·
1911 4934 2002 4990 καὶ

341 5028 452 5108 οὐχ
510 5027 806 5103 εὗρέθησαν
861 5026 962 5097 ἔτι,
1030 5027 1106 5090 ὡς
1157 5029 1192 5096 ἡ
1250 5031 1358 5081 τῶν
1415 5020 1748 5084 Μακαϐαίων
1806 5020 2001 5100 βίϐλος

341 5115 516 5194 λέγει.
575 5118 638 5176 Ὁ
710 5114 768 5172 δέ
822 5138 885 5193 γε
943 5112 1440 5191 Ναϐουχοδονόσορ
1507 5109 1842 5189 παραλαϐὼν
1901 5115 2001 5184 τὴν

336 5207 503 5263 πόλιν
562 5206 825 5283 ἐνέπρησε
880 5207 1075 5262 πᾶσαν.
1153 5206 1258 5262 Τὸν
1318 5203 1376 5261 δὲ
1414 5203 1668 5260 Σεδεκίαν
1725 5203 2004 5282 χειρωσά-

340 5321 528 5371 μενος,
578 5299 682 5369 τήν
740 5299 836 5372 μὶν
892 5302 1122 5373 γυναῖκα
1176 5296 1267 5352 καὶ
1321 5296 1389 5352 τὰ
1443 5295 1604 5352 τέκνα
1660 5293 1825 5350 αὐτοῦ
1882 5296 2011 5351 κατ’

402 5428 450 5463 ⁷³
477 5428 602 5484 Jer.
632 5442 778 5495 xm,
814 5425 900 5480 18.

2114 4494 2879 4570 vaticinantem,Sedechias
2898 4496 3159 4551 vinctum
3185 4497 3243 4550 in
3274 4497 3500 4552 foveam
3524 4497 3762 4565 abjecit.

2113 4586 2166 4638 Is
2197 4591 2515 4656 postquam
2562 4585 2792 4641 solutus
2824 4591 2933 4648 est,
2971 4585 3224 4657 jamjam
3257 4585 3548 4658 capienda
3592 4589 3762 4656 urbe,

2104 4673 2280 4744 jussu
2312 4674 2414 4728 Dei
2441 4690 2836 4737 arcam,aram
2867 4679 2926 4730 et
2955 4691 3223 4730 mensam
3257 4680 3315 4730 et
3348 4675 3655 4730 lucernam
3688 4675 3760 4731 de

2115 4761 2332 4833 templo
2373 4761 2639 4828 abstulit,
2673 4767 2732 4818 et
2760 4763 2892 4819 loco
2943 4764 3140 4834 ignoto
3181 4764 3535 4831 occultavit;
3569 4781 3766 4835 neque

2113 4851 2326 4907 deinde
2362 4867 2432 4907 ea
2461 4852 2699 4907 inventa
2731 4857 2888 4921 sunt,
2930 4853 3016 4908 uti
3062 4853 3306 4924 quidem
3337 4853 3492 4908 liber
3539 4853 3768 4908 Macha-

2111 4941 2378 4997 baaorum
2411 4941 2768 4998 tradit.Urbe
2800 4942 3024 5014 potitus
3056 4943 3602 5000 Nabuchodonosor
3633 4959 3765 4998 eam

2114 5036 2295 5087 totam
2347 5031 2627 5088 incendio
2667 5033 2932 5089 vastavit.
2980 5033 3329 5090 Sedechiam
3367 5050 3503 5090 vero
3555 5037 3765 5088 nactus

2112 5137 2358 5177 uxorem
2401 5121 2531 5193 ejus
2583 5127 2642 5178 et
2670 5121 2888 5178 liberos
2938 5123 3066 5194 ipso
3114 5123 3342 5179 vivente
3400 5121 3761 5178 trucidavit:

2115 5215 2239 5266 tum
2272 5210 2384 5283 ipsi
2406 5211 2610 5267 oculos
2633 5213 2808 5280 eruit,
2845 5218 3021 5284 atque
3047 5212 3108 5268 in
3129 5213 3381 5268 vinculis
3404 5211 3766 5284 Babylonem

2114 5299 2382 5369 abduxit,
2414 5318 2550 5357 cum
2584 5301 2634 5357 is
2665 5303 2992 5358 triennium
3051 5303 3425 5374 imperasset.
3473 5299 3766 5372 Populum

1553 5512 1922 5568 XYLANDRI
1964 5515 2052 5569 ET
2089 5515 2300 5572 GNARI
2340 5517 2560 5572 NOTAE.

392 5610 508 5684 (91)
545 5600 1131 5684 Βόρϐορυς--οοειιυω
1164 5603 1482 5678 signiﬁcat,
1541 5601 1654 5657 fuit
1683 5606 1881 5657 autem
1939 5603 2001 5658 in
2045 5603 2276 5661 foveam
2335 5607 2666 5678 conjectus,
2724 5623 2844 5662 non
2904 5622 3058 5679 aqua
3108 5606 3208 5662 sed
3268 5623 3434 5663 coeno
3493 5607 3773 5676 obsitam,

311 5677 536 5741 Jerem.
572 5677 819 5738 xixvin.
852 5677 992 5733 Χη..

646 5793 934 5853 Panem.
981 5788 1098 5847 GI.
1144 5785 1347 5848 CXXI.
