4142 6426
333 350 449 409 23⁸1

1495 345 2038 413 ElSTORIABUM
2088 345 2634 408 COMPENDIUM.

3644 348 3766 408 238

327 479 594 555 ιτιίχισον
625 477 964 553 ἆξιολόγῶς’
997 478 1061 535 τὸ
1097 476 1262 555 βάθος
1321 478 1496 549 αὐτῆς
1549 479 1761 556 ὀργυιαὶ
1813 481 1886 546 κ’,
1938 478 1987 532 τε

2119 479 2451 536 stadiorum
2480 478 2769 549 40.Supra
2796 476 2958 533 hunc
2974 476 3257 547 plantavit
3286 478 3482 533 omnis
3529 481 3765 550 generis

331 568 396 625 δί
425 588 749 645 πιριμιτρον
785 567 958 639 αὐτῆς
1010 565 1201 625 στάδια
1260 573 1332 640 μ’.
1392 570 1648 642 ἰ’περθεν
1707 565 1768 623 δὲ
1820 566 1992 637 αὐτῆς

327 658 686 737 κατεφύτευσε
743 654 936 734 δένδρα
1000 655 1344 730 παντοδαπὰ,
1408 658 1486 719 ὡς
1553 660 1992 730 παρομοιοῦσθαι

331 746 650 810 δασυτάτοις
710 744 912 823 ὄρεσιν·
981 746 1010 801 8
1095 747 1185 802 καὶ
1268 749 1580 824 κρεμαστὸν
1667 743 1993 822 παράδιισον

332 838 637 910 ὠνόμασεν·
672 835 726 891 ἰν
783 835 937 908 αὐτῷ
992 835 1127 908 μετὰ
1178 839 1288 890 τῶν
1349 839 1624 910 γυναικῶν
1677 835 1845 890 αὐτοῦ
1903 854 1992 887 πε-

331 925 612 1003 ριπολῶν,
642 924 897 987 καὶτοὺς
952 924 1101 980 κάτω
1156 929 1406 998 καθορῶν
1462 923 1514 995 ἐξ
1571 924 1843 993 ἀπόπτου,
1901 920 1989 977 ὕπ’

335 1013 559 1077 οὐδενὸς
598 1020 708 1069 τῶν
765 1014 1008 1070 κάτωθεν
1063 1014 1263 1088 ὡρᾶτο.
1319 1016 1528 1071 Ἐκιῖσε
1593 1011 1992 1088 διαποριυόμι-

326 1127 421 1167 νος
453 1107 537 1179 [Ρ.
576 1106 700 1178 116]
733 1105 967 1178 στόματι
1030 1103 1365 1180 ὑπερηφάνῳ
1413 1103 1576 1159 εἶπεν·
1622 1127 1651 1155 α
1684 1103 1809 1177 Οὐχ
1851 1100 1986 1173 αὕτη

328 1194 474 1250 ἐστὶν
507 1198 542 1264 ἡ
581 1189 844 1249 Βαϐυλὼν
872 1197 907 1263 ἠ
944 1191 1180 1270 μεγάλη,
1221 1192 1288 1263 ἢν
1346 1192 1454 1269 ὶγὼ
1502 1193 1580 1255 εἷς
1629 1191 1781 1248 οἶκον
1836 1193 1990 1267 βασι⁸

325 1283 482 1347 λιίας
511 1283 567 1339 ἄν
595 1288 678 1357 τῷ
707 1285 892 1357 κράτει
935 1291 1039 1354 τῆς
1082 1283 1279 1359 ίσχόος
1337 1303 1469 1356 μου,
1517 1282 1594 1345 εἷς
1650 1283 1822 1355 τιμὴν
1888 1289 1989 1350 τῆς

327 1371 494 1444 δόξης
524 1394 631 1446 μου
662 1373 1042 1447 ᾠκοδόμησας
1076 1398 1103 1426 ι)
1141 1373 1243 1430 Καὶ
1293 1367 1375 1427 ἔτι
1422 1377 1519 1427 τοῦ
1575 1370 1748 1446 λόγου
1806 1371 1860 1425 ἄν
1909 1376 1988 1444 τῷ

321 1465 560 1536 στόματι
591 1465 762 1519 αὐτοῦ
811 1462 966 1526 ὄντος
1025 1463 1178 1541 ιρωνὴ
1236 1461 1295 1516 ἐκ
1348 1466 1448 1516 τοῦ
1499 1461 1734 1535 οὐρανοῦ
1779 1460 1985 1536 γέγονε·

321 1579 352 1606 κ
382 1553 483 1608 Σοὶ
516 1551 734 1630 λέγεται
765 1547 1288 1627 Ναϐουχοδονόσορο
1333 1552 1394 1607 Ἢ
1431 1548 1684 1626 βασιλεία
1711 1571 1808 1607 σου
1845 1570 1988 1625 παρ·-

323 1642 498 1712 7,10”
525 1642 634 1696 ἀπὸ
692 1645 812 1712 σοῦ,
870 1641 961 1697 καὶ
1021 1640 1128 1696 ἀπὸ
1180 1641 1478 1716 ανθρώπων
1533 1636 1850 1708 ἐκδιώξουσι
1905 1660 1981 1710 σε,

315 1733 412 1786 καὶ
449 1732 590 1803 μιτᾶ
643 1729 1266 1805 θηρίωνήκατοίκησίς
1321 1749 1438 1798 σου,
1494 1728 1582 1785 καὶ
1641 1728 1843 1803 χόρτον
1907 1729 1984 1790 ὡς

2109 568 2376 636 arbores,
2443 568 2525 624 ita
2571 572 2638 623 ut
2676 567 2867 622 monti
2928 565 3130 621 densis
3187 565 3500 622 arboribus
3570 568 3762 624 obsito

2109 659 2318 714 hortus
2350 657 2565 713 similis
2604 655 2906 711 videretur
2939 670 2953 708 :
2986 653 3307 726 appellavit
3353 655 3481 726 ipse
3525 655 3764 713 hortum

2107 746 2424 819 pensilem.
2461 749 2524 802 ln
2554 763 2624 801 eo
2655 760 2792 801 cum
2815 743 3168 799 mulieribus
3200 744 3323 798 suis
3355 743 3625 816 degebat,
3659 745 3764 801 de-

2106 853 2288 907 super
2317 836 2520 892 omnia
2577 850 2849 901 cernens,
2907 834 3034 904 ipse
3094 834 3364 888 omnium
3418 836 3765 906 conspectui

2105 931 2435 996 exemptus.
2461 923 2545 979 Ibi
2565 922 2960 980 obambulans
3008 927 3359 994 arroganter
3385 922 3471 979 ita
3490 929 3578 979 est
3609 923 3762 979 fatus

2106 1038 2132 1064 ‹‹
2165 1016 2373 1071 Nonne
2402 1015 2530 1070 hac
2563 1017 2657 1070 est
2678 1028 2891 1084 magna
2911 1009 3056 1067 urbs
3077 1011 3360 1082 Babylon,
3403 1029 3582 1083 quam
3614 1013 3762 1068 meis

2105 1123 2211 1179 ego
2243 1106 2469 1162 viribus
2498 1105 2646 1162 mihi
2679 1105 2906 1177 regiam
2936 1104 3223 1169 exstruxi,
3256 1104 3461 1176 gloria;
3484 1105 3628 1160 mihi
3663 1105 3767 1160 ho-

2102 1197 2358 1267 norique
2389 1196 2650 1252 futuram
2673 1194 2700 1250 ‘I
2721 1217 2753 1246 υ
2774 1211 2911 1250 cum
2938 1192 3134 1250 adhuc
3156 1193 3216 1247 in
3237 1210 3340 1248 ore
3360 1194 3412 1249 ei
3437 1193 3564 1250 hac
3587 1193 3766 1250 verba

2102 1286 2422 1348 haererent,
2444 1301 2552 1340 vox
2576 1283 2650 1339 de
2682 1283 2830 1340 cwlo
2862 1282 3022 1338 edita
3052 1287 3142 1338 est
3192 1282 3344 1341 talis.
3378 1305 3406 1333 «
3467 1283 3594 1338 Tibi
3649 1284 3762 1338 hoc

2101 1392 2135 1428 o
2164 1373 2734 1440 Nabuchodonosor,
2777 1371 2996 1428 dicitur
3027 1389 3042 1426 :
3072 1373 3342 1443 Regnum
3390 1376 3560 1428 tuum
3613 1389 3648 1427 a
3705 1378 3759 1427 te

2099 1463 2367 1520 ablatum
2399 1465 2576 1524 est.et
2596 1461 2669 1518 ab
2692 1461 3040 1516 hominibus
3073 1460 3417 1532 expelleris,
3463 1459 3759 1533 degesque

2099 1551 2260 1606 inter
2285 1551 2464 1620 feras,
2497 1552 2652 1607 204
2675 1551 3056 1621 pascerisqne
3087 1555 3374 1621 tanquam
3389 1549 3496 1605 bos
3532 1550 3757 1618 herbis,

2099 1648 2448 1713 septemque
2471 1657 2659 1696 annos
2682 1642 2810 1696 haec
2832 1640 3084 1696 mutatio
3110 1639 3371 1707 durabit,
3393 1640 3536 1695 dum
3561 1640 3757 1696 discas

2097 1730 2471 1785 Altissimum
2492 1731 2556 1786 in
2582 1746 2764 1800 regna
2780 1729 3093 1784 hominum
3114 1734 3468 1800 potestatem
3501 1729 3755 1786 habere:

321 1823 455 1895 βοῦν
518 1820 800 1894 ψωμιοῦσί
859 1840 938 1891 σι,
995 1817 1088 1874 καὶ
1149 1818 1283 1874 ἒπτὰ
1337 1818 1518 1891 καιροὶ
1577 1815 1985 1892 ἀλλαγήςονται

2101 1818 2199 1889 qui
2225 1833 2498 1890 regnum,
2520 1817 2615 1873 cui
2640 1817 2802 1881 velit,
2833 1817 2961 1888 ipse
3009 1817 3315 1874 concedat.
3353 1839 3382 1866 »
3412 1820 3484 1872 Et
3527 1834 3597 1873 ea
3628 1818 3758 1889 ipsa

318 1909 412 1965 ἰπὶ
443 1910 525 1978 ei,
556 1909 664 1971 ἓως
695 1909 756 1964 οὗ
785 1913 927 1984 γνῷς
959 1905 1042 1963 ὅτι
1072 1907 1310 1983 κυριεύει
1346 1907 1376 1962 ὁ
1422 1910 1682 1982 Ὕψιστος
1726 1913 1828 1975 τῆς
1886 1907 1982 1981 βα-

329 1999 540 2062 σιλιίας
569 2004 684 2056 τῶν
743 1999 1072 2074 ἀνθρώπων,
1123 1998 1213 2054 καὶ
1252 2000 1300 2072 ᾧ
1347 1997 1409 2053 ἅν
1469 1997 1597 2072 δόξῃ
1655 1995 1816 2052 δώσει
1873 1998 1983 2052 αὐ·-

332 2090 453 2158 τήν,
488 2088 643 2145 »Καὶ
701 2088 840 2152 αὐτῆ
1021 2087 1399 2162 ὥρᾳόλόγος
1455 2085 1832 2154 συνετελέσθη,
1890 2085 1982 2140 καὶ

338 2177 446 2231 ἀπὸ
510 2182 612 2232 τῶν
691 2174 999 2251 ἄνθρώπων
1083 2172 1367 2246 ἐξεδιὼθη,
1443 2174 1534 2230 καὶ
1614 2172 1665 2228 ἂν
1749 2173 1984 2249 ἰρήμοις

331 2263 568 2335 ηὐλίσθη
595 2267 678 2321 καὶ
716 2264 888 2337 ὄρεσιθ
929 2263 1119 2341 γέγονε
1169 2265 1271 2341 γὰρ
1326 2264 1395 2320 τὰ
1452 2260 1754 2338 ἔμπροσθεν
1811 2263 1981 2317 αὐτοῦ

326 2357 426 2410 σὺν
549 2354 760 2432 κεφαλῇ
793 2355 868 2416 ὡς
915 2354 1067 2428 βοῦς,
1116 2355 1207 2422 καὶ
1241 2354 1293 2408 οἱ
1336 2350 1499 2414 πόδες
1537 2353 1632 2409 σὺν
1679 2357 1798 2413 τοῖς
1857 2351 1982 2407 ὀπι-

323 2443 503 2507 σθίοις
532 2443 609 2505 ὡς
668 2442 831 2501 λέων.
895 2442 1277 2522 Ἀπεκαλόιρθη
1336 2440 1393 2497 δὲ
1449 2446 1528 2514 τῷ
1583 2440 1728 2518 ἁγίῳ
1777 2438 1979 2508 Δανιὴλ

323 2536 455 2608 περὶ
485 2531 706 2599 τοῦτον,
738 2531 824 2587 ὅτι
883 2530 976 2586 διὰ
1030 2533 1128 2600 τήν
1190 2531 1393 2608 ἄλογον
1431 2530 1598 2585 αὐτοῦ
1652 2528 1981 2603 φιληδονίαν

316 2624 410 2678 καὶ
443 2620 884 2697 σκληροκαρδίαν
941 2622 1046 2677 ὑπὸ
1104 2621 1266 2696 ζυγὸν
1314 2622 1389 2683 ὡς
1450 2621 1583 2694 βοῦς
1641 2619 1849 2693 ἐγένετο
1906 2623 1986 2690 τῷ

321 2708 549 2786 Βελίαρο
584 2709 727 2766 λέων
759 2709 837 2780 δὶ,
871 2709 961 2766 διὰ
1008 2711 1101 2767 τὸν
1147 2710 1464 2784 τυραννικὸν
1512 2710 1600 2764 καὶ
1649 2709 1981 2784 ἁρπακτικὸν

318 2803 413 2856 καὶ
467 2799 902 2875 θηριωδέστατον
962 2801 1130 2857 αὐτοῦ
1184 2800 1406 2876 τρόπον·
1468 2800 1520 2854 οἱ
1573 2799 1674 2874 γάρ
1731 2795 1982 2854 δυνάσται

315 2890 523 2959 ταύτην
567 2889 760 2965 ἔχουσι
813 2892 912 2958 τὴν
965 2890 1172 2964 ἀρχὴν,
1223 2887 1311 2944 ἐπὶ
1365 2887 1513 2943 τίλει
1571 2884 1632 2943 δὲ
1685 2887 1761 2949 ὡς
1820 2894 1984 2961 θῆρες

317 2979 662 3053 ἁρπάζουσιν
715 2978 1100 3055 ὁλοθριύοντις
1157 2978 1248 3033 καὶ
1327 2979 1696 3053 ἀναιροῦντες.
1751 2977 1850 3031 Καὶ
1906 2977 1983 3038 ὡς

317 3069 454 3143 βοῦς
482 3066 642 3137 ἤσθιε
671 3071 898 3144 χόρτον,
928 3068 1022 3124 καὶ
1066 3069 1121 3122 αἱ
1177 3069 1371 3142 τρίχες
1430 3067 1595 3122 σῦτοῦ
1643 3065 1980 3137 ηὐξήθησαν,

305 3158 403 3213 καὶ
446 3159 501 3212 οἱ
557 3155 758 3233 ὄνυχες
824 3158 1080 3232 ἰγὲνοντο
1143 3158 1220 3220 ὡς
1279 3157 1498 3230 ὀρνέου,
1556 3156 1873 3232 καὶἠσὰρξ
1931 3155 1985 3210 ἂν

2097 1907 2244 1962 hora
2271 1907 2552 1978 impletus
2593 1912 2682 1962 est
2712 1906 2808 1962 hic
2839 1921 3057 1972 sermo,
3111 1911 3473 1977 exactusque
3517 1906 3591 1962 ab
3646 1907 3754 1962 ho-

2097 1996 2381 2064 minibus,
2429 1995 2490 2051 in
2553 1995 2979 2051 solitudinibus
3033 2000 3092 2049 et
3137 1994 3444 2050 montibus
3493 1994 3752 2053 delituit.

2094 2086 2240 2139 Nam
2272 2084 2438 2155 prior
2485 2085 2753 2156 corporis
2811 2100 2949 2155 pars
2998 2100 3133 2141 cum
3194 2084 3386 2155 capite
3441 2084 3504 2139 in
3562 2083 3754 2152 bovis,

2096 2174 2396 2245 posterior
2453 2189 2591 2228 cum
2649 2172 2905 2244 pedibus
2934 2172 2994 2228 in
3053 2173 3244 2229 leonis
3289 2173 3544 2228 formam
3583 2173 3750 2228 abie-

2094 2269 2259 2318 runt.
2304 2263 2674 2318 Patefactum
2705 2267 2906 2318 autem
2953 2267 3045 2318 est
3092 2261 3266 2318 beato
3319 2262 3558 2318 Danielo
3613 2279 3752 2318 eum

2095 2358 2340 2424 propter
2369 2352 2607 2408 brutam
2634 2353 3004 2423 voluptatum
3026 2352 3415 2424 cupiditatem
3434 2353 3752 2424 cordisque

2097 2443 2563 2498 obstinationem
2593 2443 2808 2498 Beliari
2840 2443 2951 2498 su’b
2975 2443 3190 2514 jugum
3223 2443 3414 2499 instar
3436 2443 3596 2500 bovis
3631 2450 3753 2499 tra-

2098 2532 2321 2588 ditum:
2355 2532 2551 2587 leonis
2595 2531 2853 2587 formam
2908 2532 3261 2602 tyrannicis,
3318 2532 3632 2603 rapacibus
3686 2549 3756 2588 ac

2096 2620 2416 2676 ferissimis
2443 2620 2713 2676 moribus
2757 2620 3072 2676 meruisse.
3105 2621 3331 2691 Quippe
3363 2626 3760 2692 praepotentes

2099 2711 2214 2766 tale
2244 2710 2466 2766 habent
2497 2710 2832 2776 exordium,
2879 2715 2938 2764 et
2976 2709 3038 2764 in
3098 2709 3216 2765 ﬁne
3249 2711 3513 2768 ferarum
3571 2711 3762 2766 instar

2097 2801 2342 2872 rapiunt
2368 2800 2686 2872 perdentes
2717 2815 2787 2855 ac
2816 2801 3186 2855 necantes.Is
3209 2816 3345 2871 ergo
3375 2799 3540 2856 bovis
3574 2801 3762 2856 instar

2099 2891 2286 2948 herba
2315 2907 2379 2947 se
2397 2891 2578 2962 pavit,
2595 2897 3030 2960 creveruntque
3054 2890 3250 2945 crines
3283 2891 3332 2962 ej
3345 2896 3499 2960 us,et
3528 2907 3755 2963 ungues

2100 2984 2296 3039 avium
2325 2983 2624 3055 unguibus
2655 2982 2886 3038 similes
2910 2983 3048 3037 facti
3098 2987 3258 3049 sunt,
3319 2984 3754 3056 septennioque

2099 3090 2234 3129 caro
2267 3074 2397 3146 ejus
2418 3073 2749 3128 incrassata
2771 3073 3195 3143 est,victusque
3227 3089 3365 3128 eum
3397 3079 3519 3129 tam
3558 3072 3750 3130 fmdus

2099 3163 2431 3235 denigravit
2461 3179 2477 3218 :
2509 3162 2826 3233 ademptus
2855 3167 2947 3217 est
2992 3169 3052 3216 et
3115 3165 3414 3219 sermonis
3469 3181 3637 3229 usus,
3687 3169 3748 3219 et

310 3248 453 3302 ἒπτὰ
481 3251 697 3320 καιροῖς
735 3246 1014 3326 ἰπαχύννη
1073 3246 1163 3301 καὶ
1225 3244 1555 3317 ἑμιλανώθη
1615 3249 1684 3318 τῇ
1735 3265 1979 3300 κακοπαο

2101 3221 2296 3307 seeurUn
2329 3252 2596 3325 cogitans
2620 3221 2989 3323 lacrymabat
3040 3251 3360 3323 flendoque
3419 3253 3573 3308 oculi
3618 3221 3750 3324 ejus

312 3333 456 3406 θείᾳ,
493 3334 582 3389 καὶ
613 3337 648 3403 ἡ
675 3334 901 3408 γλῶσσα
934 3335 1102 3390 αὐτοῦ
1146 3336 1293 3410 ἤρθη
1337 3333 1434 3390 τοῦ
1483 3336 1560 3407 μή
1618 3333 1830 3391 λαλεῖν.
1880 3335 1982 3388 Καὶ

2101 3343 2281 3397 instar
2301 3341 2499 3396 carnis
2531 3340 2752 3395 redacti
2777 3339 3102 3395 sunt.Multi
3118 3348 3316 3396 autem
3337 3358 3473 3397 cum
3489 3341 3742 3409 exirent,

305 3429 455 3480 νοῶν
485 3424 646 3488 εὐθὺς
674 3422 923 3498 ἐδάκρυε,
955 3426 1047 3479 καὶ
1101 3424 1210 3480 ἀπὸ
1257 3429 1362 3482 τοῦ
1409 3423 1621 3480 κλαίειν
1669 3425 1722 3480 οἱ
1777 3425 1984 3501 ὀφθαλ-

310 3513 412 3587 μοὶ
446 3513 615 3568 αὐτοῦ
651 3512 902 3588 ἰγένοντο
961 3515 1038 3577 ὡς
1090 3514 1273 3589 κρέας.
1335 3515 1434 3570 Καὶ
1491 3514 1698 3569 πολλοὶ
1756 3512 1982 3588 ἐξιόντες

307 3603 424 3682 οὐχ
474 3605 662 3677 ἑώρων
720 3605 884 3660 αὐτὸν
943 3603 1092 3673 πλὴν
1151 3609 1250 3660 τοῦ
1310 3604 1463 3659 ὁσίου
1523 3603 1758 3675 Δανιήλ·
1824 3604 1983 3667 οὗτος

321 3694 434 3767 γὰρ
492 3695 669 3748 πάντα
735 3694 829 3748 τὸν
889 3695 1088 3769 χρόνον
1148 3701 1250 3763 τῆς
1307 3691 1663 3757 ἀλλοιώσεως
1721 3695 1885 3749 αὐτοῦ
1931 3694 1982 3750 ἰν

313 3790 665 3862 προσευχαῖς
701 3784 771 3853 ἦν
803 3783 935 3856 περὶ
976 3783 1159 3841 αὐτοῦ.
1212 3785 1314 3841 Καὶ
1369 3785 1504 3857 μετὰ
1555 3785 1618 3839 τὸ
1675 3785 1986 3862 ἀλΛαγῆναι

321 3876 459 3936 τοὺς
524 3875 659 3928 ἑπτὰ
715 3873 941 3948 καιροὺς
1021 3873 1362 3944 ἀποκατέστη
1451 3873 1528 3936 εἷς
1621 3874 1828 3941 ἑαυτὸν,
1896 3875 1987 3931 καὶ

320 3963 555 4034 ἐποίησε
584 3956 637 4032 ἔξ
676 3959 854 4034 ἥμισυ
908 3963 1141 4038 χρόνους
1201 3961 1520 4018 ὑποπίπτων
1575 3963 1664 4018 καὶ
1723 3962 1989 4037 ἐξομολοο

322 4057 603 4130 γοὺμενος
631 4057 712 4125 τῷ
742 4051 950 4128 Κυρίῳ,
991 4055 1132 4126 μήτε
1179 4052 1340 4129 ἄρτον
1390 4055 1598 4132 φαγὼν,
1655 4058 1794 4127 μήτε
1838 4058 1989 4111 οἶνον

326 4145 499 4211 πιὼν,
531 4141 657 4198 ἀλλ’
688 4141 740 4198 ἰν
777 4142 1027 4214 ὀσπρίοις
1060 4144 1310 4218 βρεκτοῐς
1339 4143 1432 4198 καὶ
1473 4141 1737 4217 λαχάνοις
1791 4143 1990 4214 διαζῶν

326 4233 472 4289 κατὰ
501 4234 601 4302 τήν
627 4235 725 4287 τοῦ
760 4231 1006 4307 μεγάλου
1048 4231 1250 4300 Δανιὴλ
1299 4231 1702 4308 προσλάλησιν,
1752 4233 1842 4288 καὶ
1894 4235 1989 4290 τὸν

329 4322 540 4398 Κύριον
597 4320 978 4394 ίξιλιούμινος
1033 4321 1210 4376 πάντα
1267 4321 1362 4378 τὸν
1423 4321 1622 4398 χρόνον
1676 4329 1777 4392 τῆς
1846 4329 1995 4393 ζωῆς

333 4411 527 4467 αὐτοῦ.
590 4412 735 4466 Μιτᾶ
792 4408 850 4466 δὲ
906 4415 1078 4466 ταῦτα
1132 4409 1302 4466 πάλιν
1350 4411 1515 4484 φησὶν
1569 4413 1599 4467 ὁ
1655 4411 1814 4475 αὐτὸς
1869 4415 1994 4488 περὶ

333 4509 437 4569 τῆς
471 4501 668 4556 ἑαυτοῦ
698 4499 1207 4561 ἀποκαταστάσεως·
1247 4525 1275 4553 ‹‹
1306 4501 1397 4558 ’Ev
1455 4505 1534 4572 τῷ
1573 4506 1749 4578 καιρῷ
1802 4500 1992 4575 ὶκείνῳ

321 4592 381 4645 αἱ
413 4591 607 4668 φρένις
644 4610 752 4661 μου
784 4589 1195 4670 ἐπεστράφησαν
1236 4587 1318 4644 ἐπ’
1373 4589 1494 4663 sui,
1542 4591 1633 4646 καὶ
1690 4590 1770 4652 οἷς
1815 4593 1987 4666 τιμὴν

325 4680 431 4746 τῆς
469 4677 755 4754 βασιλιίας
811 4700 917 4751 μου
975 4677 1167 4752 ἦλθον,
1233 4681 1324 4735 καὶ
1378 4682 1414 4748 ἡ
1479 4682 1663 4758 μορφὴ
1727 4702 1833 4753 μου
1899 4683 1996 4737 ξπ.

327 4768 588 4844 ἰστριψυ
627 4767 708 4821 iu‘
762 4767 881 4840 ἑμὶ,
916 4767 1005 4822 καὶ
1066 4769 1119 4822 οἱ
1175 4769 1432 4844 τύραννοί
1495 4789 1603 4842 μου
1654 4771 1742 4824 καὶ
1800 4773 1856 4826 οἱ
1907 4793 1996 4843 με-

328 4857 584 4932 γιστᾶνίς
625 4876 731 4930 μου
789 4854 1017 4927 ἐζήτουν
1075 4877 1163 4929 με,
1221 4857 1317 4911 καὶ
1371 4857 1498 4932 περὶ
1553 4859 1652 4928 τὴν
1713 4857 1995 4933 βασιλείαν

337 4969 445 5019 μου
530 4945 925 5021 ὶκραταιώθην,
1008 4945 1100 5001 καὶ
1192 4943 1559 5022 μεγαλωσύνη
1641 4949 1997 5024 περισσοτέρα

330 5036 491 5106 ἐτίθη
521 5056 640 5110 μοι.
684 5039 794 5090 Νῦν
848 5033 938 5093 οὖν
993 5035 1101 5110 ἰγὼ
1161 5031 1657 5111 Ναϐουχοδονόσορ
1710 5037 1848 5094 αἶ’νῶ
1902 5040 1993 5094 καὶ

332 5128 596 5199 ἁπερυψῶ
615 5124 705 5181 καὶ
744 5121 958 5197 δοξάζω
1010 5125 1105 5180 τὸν
1163 5125 1395 5200 βασιλὲα
1440 5129 1539 5180 τοῦ
1597 5125 1852 5202 οὐρανοῦ,
1909 5128 1994 5183 ὅτι

330 5217 509 5271 πάντα
536 5215 603 5270 τὰ
632 5213 765 5290 ἔργα
795 5212 965 5268 αὐτοῦ
1017 5211 1280 5284 ἀληθινὰ,
1338 5213 1429 5268 καὶ
1485 5215 1543 5268 αἱ
1587 5211 1770 5291 τρίϐοι
1831 5216 1996 5273 αὐτοῦ

327 5306 548 5380 aptatis,
612 5305 705 5361 καὶ
767 5302 977 5364 πάντας
1034 5301 1164 5364 τοὺς
1219 5301 1626 5377 ποριυομίνους
1682 5303 1733 5360 ἐν
1794 5305 1992 5379 ὑπιρη-

331 5396 480 5473 ρανίᾳ
534 5396 768 5454 δύναται
833 5391 1187 5448 ταπὲινῶσαι.
1224 5415 1252 5444 ››
1313 5395 1433 5462 Τήν
1485 5393 1671 5448 τοίνυν
1728 5392 1788 5450 ὲκ
1856 5397 1994 5450 Θεοῦ

317 5485 554 5557 ageam
614 5475 987 5545 πολυολείαν
1043 5480 1242 5554 ῥώμην
1297 5502 1358 5538 τι
1409 5482 1502 5538 καὶ
1574 5484 1921 5562 περιφάνειαν
1963 5486 1991 5539 ὁ

303 5591 443 5653 θεῖος
525 5581 712 5659 λόγος
811 5569 1177 5659 ὗπιμφαίνᾉων
1237 5567 1352 5659 ,διὰ
1435 5571 1706 5646 Ἱερεμίου
1777 5573 1990 5647 φάσκει*

279 5709 308 5741 α
342 5679 481 5744 Τάδε
515 5657 683 5753 λέγει
737 5661 986 5736 κύριος’
1042 5657 1181 5718 Ἰδοὺ
1230 5658 1442 5717 δέδωκα
1494 5664 1576 5734 [Ρ.
1632 5664 1759 5736 H7]
1815 5667 1988 5718 πᾶσαν

330 5810 376 5847 74
415 5806 581 5870 Dan,
625 5807 714 5859 ιγ,
748 5779 963 5838 31-34.
1040 5776 1086 5812 ⁷⁵
1113 5781 1225 5834 Jer.
1257 5797 1453 5845 xxvui,
1501 5781 1580 5835 li.
1660 5781 1703 5816 ⁷⁸
1731 5782 1846 5836 Ιεξιν,
1881 5799 1953 5852 γι,
1997 5784 2082 5838 23,

2096 3448 2231 3486 eum
2262 3448 2382 3486 non
2413 3430 2708 3497 viderunt,
2744 3429 2871 3484 solo
2918 3430 3160 3484 Danielo
3202 3435 3469 3502 excepto.
3503 3431 3557 3486 Is
3589 3431 3754 3486 enim

2097 3524 2220 3575 toto
2251 3519 2386 3590 ejus
2415 3519 2764 3574 mutationis
2799 3523 3064 3589 tempore
3095 3536 3203 3590 pro
3236 3519 3364 3590 ipso
3397 3519 3754 3592 deprecatus

2098 3609 2335 3664 assidue
2363 3607 2719 3662 luitExacto
2754 3608 3068 3678 septennio
3113 3608 3662 3666 Nabuchodonosor
3691 3610 3764 3665 ad

2098 3718 2163 3756 se
2191 3701 2397 3765 rediit,
2437 3717 2662 3771 sexque
2693 3701 2975 3772 deinceps
3023 3718 3215 3756 annos
3282 3707 3336 3756 et
3387 3702 3529 3757 anni
3561 3703 3764 3758 semis-

2098 3808 2224 3846 sem
2260 3790 2473 3862 exegit,
2508 3791 2625 3845 Deo
2659 3807 2789 3845 sese
2837 3790 3241 3846 submittendo
3273 3797 3333 3846 et
3379 3791 3598 3847 delicta
3652 3809 3760 3847 sua

2101 3879 2482 3944 confitendo;
2524 3895 2721 3949 neque
2750 3879 2838 3933 vel
2873 3895 3086 3950 panem
3121 3880 3245 3934 edit
3299 3897 3494 3952 neque
3552 3881 3756 3937 vinum

2101 3969 2268 4036 bibit,
2293 3969 2472 4022 vitam
2494 3968 2842 4024 madefactis
2866 3969 3278 4039 leguminibus
3299 3974 3360 4024 et
3379 3970 3645 4026 oleribus
3669 3977 3758 4026 to-

2100 4059 2322 4125 lerans,
2352 4057 2549 4129 magni
2583 4057 3093 4120 Danielihortatu,
3129 4058 3435 4130 Deumque
3472 4064 3592 4116 toto
3626 4060 3758 4116 vitm

2102 4164 2222 4204 suae
2249 4153 2516 4217 tempore
2576 4162 2821 4217 pacans.
2871 4147 3024 4202 τοι
3067 4147 3404 4203 Secundum
3459 4149 3587 4204 hinc
3631 4150 3756 4220 ipse

2104 4239 2186 4292 ita
2211 4237 2283 4293 de
2316 4252 2423 4291 sua
2442 4236 2822 4290 restitutione
2842 4235 3112 4306 loquitur
3129 4234 3196 4290 7‘.
3220 4259 3246 4286 α
3283 4237 3364 4291 Eo
3391 4243 3658 4308 tempore
3683 4238 3758 4293 ad

2105 4327 2372 4384 animum
2405 4325 2578 4393 redii,
2611 4323 2953 4394 regiamque
3003 4324 3353 4397 dignitatem
3411 4327 3634 4398 recepi,
3690 4342 3758 4382 ac

2106 4419 2312 4472 formai
2344 4430 2493 4470 mese
2523 4414 2835 4469 restitutus
2884 4430 3037 4483 sum,
3070 4415 3492 4487 principesque
3524 4422 3582 4471 et
3609 4432 3760 4487 prae-

2104 4506 2240 4561 fecti
2275 4505 2394 4560 mei
2431 4519 2529 4558 me
2566 4503 3029 4573 requisiverunt,
3052 4521 3122 4560 ac
3145 4505 3205 4560 in
3239 4522 3422 4578 regno
3454 4522 3588 4562 meo
3619 4523 3758 4561 con-

2109 4595 2400 4662 ﬁrmatus,
2433 4599 2645 4649 auctus
2666 4593 2845 4647 etiam
2888 4610 3018 4648 sum
3078 4595 3366 4666 ampliore
3428 4597 3761 4667 majestate.

2107 4686 2274 4739 Nunc
2301 4685 2502 4754 itaque
2537 4699 2642 4755 ego
2675 4683 3219 4739 Nabuchodonosor
3241 4684 3674 4753 laudo,extollo
3705 4691 3764 4740 et

2106 4773 2366 4845 praedico
2395 4773 2646 4844 gloriam
2707 4772 2964 4828 ccelestis
3006 4774 3185 4846 regis,
3219 4776 3502 4845 quoniam
3560 4776 3764 4831 omnia

2107 4861 2236 4932 ejus
2283 4862 2441 4916 facta
2492 4865 2658 4916 recta
2686 4866 2846 4928 sunt,
2878 4877 2947 4916 ac
2970 4861 3202 4933 justum
3233 4863 3295 4917 in
3334 4864 3601 4920 moribus
3631 4867 3761 4938 ejus

2099 4948 2419 5021 judicium.
2453 4949 2626 5018 Isque
2655 4965 2865 5004 omnes
2895 4949 3050 5004 elate
3079 4967 3209 5006 sese
3257 4958 3531 5022 gerentes
3561 4954 3763 5025 depri-

2105 5054 2272 5094 mere
2299 5038 2530 5106 novit,»
2563 5039 2715 5094 Sane
2746 5055 2889 5110 opes
2920 5040 3247 5110 potentiam
3286 5046 3467 5112 atque
3509 5042 3759 5115 gloriam

2105 5129 2192 5184 illi
2226 5145 2263 5183 a
2291 5129 2411 5183 Deo
2433 5144 2736 5195 concessa,
2769 5144 2938 5184 sacra
2959 5129 3261 5200 Scriptura
3287 5130 3760 5190 verbisJeremiaa

2106 5219 2192 5274 sic
2222 5218 2449 5273 indicat
2467 5215 2540 5274 ⁷⁸.
2579 5240 2606 5265 ‹‹
2645 5218 2777 5272 Ηωο
2808 5217 3255 5275 dicitDominus
3285 5235 3302 5274 :
3331 5222 3479 5278 Ecce
3517 5238 3760 5279 omnem

2106 5309 2260 5365 hanc
2295 5313 2513 5363 terram
2548 5306 3117 5364 Nabuchodonosori
3155 5309 3279 5382 regi
3337 5311 3652 5384 Babylonis
3698 5313 3763 5370 iu

2105 5397 2450 5454 servitutem
2483 5395 2787 5463 tmdidi,et
2818 5396 3042 5452 bestias
3095 5398 3416 5466 silvestres,
3443 5407 3511 5458 ut
3539 5403 3594 5457 ei
3625 5419 3769 5474 Ope.

2107 5493 2336 5542 rentur.
2367 5485 2520 5541 Gens
2548 5491 2748 5540 autem
2780 5490 2840 5539 et
2866 5501 3114 5557 regnum
3146 5487 3307 5557 quod
3328 5491 3460 5561 ejus
3481 5491 3618 5563 iugo
3652 5491 3770 5548 col-

2105 5574 2231 5630 lum
2281 5591 2404 5629 non
2425 5573 2778 5641 subdiderit,
2805 5574 2962 5628 ferro
2993 5579 3054 5630 et
3079 5574 3237 5630 fame
3258 5594 3294 5633 a
3317 5595 3414 5636 me
3458 5582 3762 5652 punietur,

2106 5665 2398 5736 tantisper
2427 5663 2570 5718 dum
2597 5679 2777 5718 manu
2801 5662 2932 5735 ejus
2953 5665 3514 5727 conticiatur.»ltem
3535 5669 3610 5726 7‘z
3631 5671 3768 5727 «Est
