4142 6426
385 364 501 426 239

1746 357 2071 418 GIORGII
2113 356 2460 417 CEDRENI

3685 362 3810 421 240

380 502 568 568 ferox,
600 504 660 556 et
708 516 827 556 non
885 495 1283 554 miserebitur.
1344 496 1465 550 Vox
1520 492 1651 564 ejus
1709 498 1799 547 est
1846 493 2026 548 instar

2148 489 2247 557 τὴν
2305 496 2408 564 γῆν
2466 492 2546 560 τῷ
2612 483 3108 563 Ναϐουχοδονόσορ
3190 490 3411 565 βασιλεῖ
3477 488 3810 556 Βαϐυλῶνος

385 591 617 647 sonitus
646 589 832 645 maris
846 585 1399 656 fluctuantis.Equis
1413 581 1810 654 curribusque
1833 580 2043 637 multis

383 679 893 752 instructus,ignis
907 678 969 732 in
983 691 1210 732 morem
1224 680 1279 729 te
1293 675 1491 748 cinget
1512 672 1847 739 obsidione,
1863 690 1895 728 ο
1919 672 2044 727 filia

386 769 603 825 Sionis.
639 790 666 818 »
696 770 844 823 Item
874 765 921 801 ⁷⁷
945 784 957 822 :
987 788 1013 816 ‹‹
1040 765 1123 821 Ob
1146 780 1348 819 vocem
1368 763 1626 835 impetus
1649 761 1778 834 ejus
1806 766 2043 817 etarma

384 858 603 931 pedum
638 858 845 929 ipsius,
881 863 937 910 et
965 859 1204 927 propter
1233 868 1517 908 curruum
1550 851 1679 923 ejus
1703 851 2040 922 quassatio-

386 964 526 1003 nem
558 964 625 1003 ac
651 946 914 1002 sonitum
944 949 1231 1002 rotarum.
1262 959 1384 997 non
1399 945 1821 997 convertentur
1840 945 2039 1011 patres

387 1037 459 1092 ad
485 1036 633 1092 filios
664 1052 822 1102 suos,
856 1051 977 1106 pra)
1009 1032 1367 1088 lassitudine
1392 1048 1682 1087 manuum
1715 1046 1979 1087 suarum.
2008 1052 2038 1079 ››

384 1131 403 1180 1
412 1132 529 1180 tem
550 1124 629 1178 τες
654 1147 682 1175 ‹‹
705 1127 788 1179 Ex
810 1124 971 1179 Dane
996 1122 1273 1178 audietur
1300 1121 1574 1176 fremitus
1597 1136 1887 1191 equorum
1907 1119 2036 1191 ejus

382 1214 864 1271 accelerantium.
884 1235 911 1262 »
927 1212 1038 1267 Sed
1053 1210 1465 1267 ethechielus
1479 1210 1561 1264 ita
1572 1210 1924 1264 vaticinatur
1944 1208 1992 1242 79
2016 1226 2036 1264 :

382 1327 410 1354 ‹‹
433 1306 579 1359 Ecce
604 1320 707 1375 ego
735 1307 944 1358 contra
964 1302 1215 1369 te,'l‘yre,
1240 1299 1471 1354 adduco
1486 1298 2035 1353 Nabuchodonoso-

378 1408 505 1447 rem
537 1390 691 1447 206
722 1404 923 1460 regem
956 1386 1294 1458 Babylonis,
1327 1402 1527 1459 regem
1560 1402 1788 1458 regum,
1808 1385 2035 1440 instru-

378 1486 541 1536 ctum
573 1477 763 1549 equis,
798 1476 1069 1532 curribus
1110 1480 1168 1530 et
1197 1474 1508 1530 conductis
1540 1474 1863 1529 multarum
1898 1490 2035 1545 gen—

378 1570 529 1625 tium
552 1566 893 1639 ingentibus
915 1564 1122 1635 copiis.
1151 1566 1202 1619 Is
1228 1568 1283 1618 te
1303 1563 1456 1619 vallo
1479 1564 1757 1634 fossaque
1779 1563 2033 1618 circum-

379 1659 573 1714 veniet
602 1661 662 1711 et
688 1654 921 1711 infestis
951 1653 1152 1709 armis.
1177 1656 1372 1708 Muros
1399 1658 1457 1707 et
1478 1658 1672 1707 turres
1694 1658 1826 1707 tuas
1848 1652 2032 1707 armis

377 1746 652 1819 dejiciet;
683 1743 996 1815 pulvisque
1036 1758 1070 1797 a
1120 1740 1507 1796 multitudine
1557 1757 1848 1812 equorum
1900 1740 2031 1812 ejus

2152 575 2431 633 δουλεύειν
2461 576 2629 651 αύτῷ,
2660 576 2849 633 καὶτὰ
2896 578 3059 652 θηρία
3113 583 3211 634 τοῦ
3269 579 3436 656 ἀγροῦ
3488 579 3811 658 ἐργάζεσθαι

2150 665 2319 738 αύτῷ.
2357 665 2458 723 Καὶ
2507 666 2570 722 τὸ
2631 659 2778 727 ἔθνος
2837 666 2927 722 καὶ
2987 671 3021 737 ἡ
3086 666 3355 743 βασιλεὲα,
3413 668 3531 726 ὅσοι
3598 670 3660 725 ἄν
3729 674 3807 744 μή

2151 749 2438 829 ἐμϐάλωσι
2480 756 2571 809 τὸν
2619 753 2908 832 τράχηλον
2969 757 3148 812 αὐτῶν
3207 758 3311 813 ὑπὸ
3365 759 3430 813 τὸ
3487 761 3647 834 ζυγὸν
3707 761 3812 816 αύ-

2147 848 2267 913 τοῦ,
2300 844 2353 899 ἐν
2389 843 2639 924 μαχαίρᾳ
2678 845 2769 900 καὶ
2830 847 2884 901 ἐν
2934 844 3087 919 λιμῷ
3137 846 3405 921 σκέψομαι
3456 848 3653 912 αὐτοὺς
3700 846 3812 914 ἕως

2150 933 2211 989 ἀν
2245 932 2569 989 ἐκλείπωσιν
2594 934 2646 989 ἐν
2676 935 2827 1014 χειρὶ
2860 935 3045 992 αὐτοῦ.
3096 961 3126 990 ‹‹
3162 938 3282 1007 Καὶ,
3317 961 3346 989 ››
3404 938 3619 1012 Ἱταμόν
3670 938 3808 1008 ἐστι,

2147 1023 2237 1077 καὶ
2271 1022 2370 1079 οὐκ
2401 1021 2642 1094 ἐλεήσει.
2676 1027 2843 1095 ψωνὴ
2877 1023 3043 1081 αὐτοῦ
3087 1026 3163 1087 ὡς
3219 1024 3462 1089 θάλασσα
3514 1028 3813 1095 κυμαίνου-

2148 1133 2233 1167 σα.
2297 1114 2414 1190 Ἐφ’
2465 1114 2662 1176 ’ίπποις
2717 1111 2957 1177 πολλοῖς
3012 1116 3102 1169 καὶ
3177 1116 3385 1191 ἃρμασι
3441 1118 3809 1189 παρατάξεται

2146 1201 2222 1262 ὠς
2252 1207 2385 1276 πῦρ,
2416 1202 2493 1265 εἷς
2546 1202 2796 1274 πόλεμον
2826 1202 2913 1259 ἐπὶ
2971 1205 3029 1259 σε
3109 1206 3335 1280 θύγατερ
3387 1207 3554 1263 Σιών.
3592 1229 3621 1258 ››
3672 1208 3804 1280 Καὶ,

2148 1316 2175 1342 ‹‹
2207 1291 2341 1348 Ἀπὸ
2372 1295 2553 1365 φωνῆς
2585 1294 2764 1368 ὁρμῆς
2794 1294 2960 1349 αὐτοῦ
3008 1295 3101 1350 καὶ
3147 1294 3255 1350 ἀπὸ
3302 1298 3409 1349 τῶν
3455 1294 3645 1353 ὅπλων
3692 1302 3806 1352 τῶν

2144 1380 2326 1438 ποδῶν
2387 1382 2552 1439 αὐτοῦ
2611 1384 2701 1438 καὶ
2751 1384 2858 1438 ἀπὸ
2916 1390 3145 1458 σεισμοῦ
3202 1386 3310 1440 τὼν
3380 1387 3639 1460 ἁρμάτων
3708 1387 3804 1442 καὶ

2143 1474 2293 1547 ἤχου
2348 1476 2570 1548 τροχῶν
2628 1472 2791 1528 αὐτοῦ
2867 1472 2966 1527 οὐκ
3017 1472 3512 1551 ἐπιστραφήςονται
3569 1479 3803 1551 πατέρες

2141 1559 2230 1616 ἐπὶ
2263 1561 2414 1624 υἱοὺς
2444 1560 2643 1631 αὐτῶν,
2676 1562 2782 1617 ἀπὸ
2807 1559 3080 1627 ἐκλύσεως
3117 1567 3320 1637 χειρῶν
3362 1564 3559 1620 αὐτῶν
3592 1590 3621 1618 ››
3665 1567 3800 1632 Καὶ,

2143 1673 2170 1699 ι(
2201 1652 2300 1706 Ἕκ
2320 1649 2444 1706 Διᾶν
2474 1649 2868 1722 ἀκουσθήσεται
2895 1653 3046 1728 φωνὴ
3081 1651 3339 1725 ὀξύτητος
3353 1649 3540 1707 ’ίππων
3562 1654 3799 1711 αὐτοῦ.»

2141 1739 2238 1793 Καὶ
2272 1736 2363 1794 διὰ
2394 1737 2658 1809 Ἰεζεκιῆλ
2719 1739 2895 1804 οὕτως
2953 1740 3124 1818 λέγει·
3165 1765 3185 1792 ι
3249 1738 3388 1797 Ἰδοὺ
3447 1741 3554 1815 ἐγὼ
3612 1741 3802 1820 ἐπάγω

377 1836 669 1893 excitatus
698 1840 753 1889 te
785 1832 1038 1904 obteget.
1074 1852 1102 1880 »
1147 1832 1229 1885 Ac
1260 1847 1497 1885 rursum
1526 1828 1610 1883 δοε
1646 1853 1672 1879 ι(
1710 1831 1830 1885 Hoc
1874 1829 2026 1884 fatur

2138 1821 2223 1882 ἔπὶ
2287 1829 2395 1902 Σὸρ
2458 1823 2950 1904 Ναϐουχοδονόσορ
3040 1828 3267 1905 βασιλέα
3324 1826 3677 1898 Βαϐυλῶνος,
3734 1832 3801 1895 ὅς

375 1926 665 1982 Dominus
696 1926 869 1979 Deus.
902 1924 1049 1978 Ecce
1079 1937 1185 1993 ego
1216 1923 1523 1993 JEgyptum
1555 1919 2029 1976 Nabuchodono-

379 2016 499 2071 sori
529 2013 719 2069 trado.
753 2013 809 2066 Is
839 2010 1027 2082 copiis
1057 2010 1188 2081 ejus
1218 2009 1480 2080 potietur
1529 2026 1596 2064 ac
1646 2009 1838 2081 spolia
1872 2009 2029 2082 leget

376 2109 436 2159 et
458 2102 720 2175 praedam
752 2104 995 2156 avertet.
1022 2100 1332 2170 Egyptum
1364 2098 1419 2153 ei
1445 2097 1739 2154 mercedis
1768 2097 1897 2153 loco
1928 2098 2024 2168 do,

376 2192 450 2248 ob
483 2195 757 2247 navatam
820 2187 967 2242 mihi
1024 2187 1309 2242 adversus
1357 2188 1573 2257 Tyrum
1629 2203 1912 2258 operam;
1959 2203 2027 2242 ac

370 2298 481 2354 per
508 2281 703 2352 ipsum
735 2276 980 2350 perdam
1040 2274 1489 2331 multitudinem
1537 2277 1959 2348 .Egyptiorum.
1996 2299 2025 2326 ››

371 2373 577 2441 Itaque
609 2372 1078 2425 consentaneum
1098 2371 1190 2421 est
1219 2364 1377 2435 quod
1401 2365 1456 2420 ei
1480 2366 1763 2420 Danielus
1781 2364 1986 2421 dixit81
2008 2383 2022 2421 :

373 2483 401 2512 ((
437 2462 521 2515 Tu
550 2476 655 2513 rex
711 2472 914 2530 regum
975 2472 1060 2524 es,
1121 2454 1214 2510 cui
1249 2453 1505 2511 cmlestis
1564 2455 1720 2509 Deus
1778 2471 2026 2528 regnum

372 2549 537 2606 dedit
557 2547 815 2603 validum
849 2561 916 2600 ac
945 2548 1157 2616 potens
1189 2548 1247 2598 et
1268 2542 1609 2614 ubicunque
1637 2543 1911 2599 homines
1934 2544 2027 2599 in-

372 2639 578 2695 colunt
625 2635 824 2708 magni
880 2632 1262 2689 mstimatum.
1321 2634 1388 2687 In
1442 2638 1604 2688 tuam
1669 2640 2026 2705 potestatem

373 2728 619 2785 tradidit
646 2727 802 2782 feras
834 2729 1096 2796 agrestes
1145 2728 1203 2778 et
1249 2739 1454 2778 aereas
1503 2723 1791 2789 volucres,
1853 2729 2027 2795 teque

374 2818 644 2874 omnium
676 2813 988 2870 dominum
1021 2812 1347 2868 constituit.
1380 2813 1463 2866 Tu
1494 2828 1556 2867 es
1579 2828 1827 2868 aureum
1876 2814 2025 2869 illud

374 2911 582 2961 statuas
614 2907 811 2974 caput,
846 2906 903 2955 et
932 2899 1110 2955 arbor
1138 2915 1270 2969 quae
1293 2899 1355 2954 in
1387 2900 1860 2973 magnitudinem
1891 2919 2028 2959 suc-

374 2994 574 3060 crevit,
607 2993 691 3047 ita
718 2996 784 3045 ut
831 2988 1045 3045 ccnlum
1108 2987 1416 3043 cacumine
1464 2988 1734 3061 attingat,
1790 2996 1847 3045 et
1897 3008 2025 3046 am-

370 3081 603 3156 plitudo
637 3080 700 3135 in
729 3079 1071 3134 universam
1106 3082 1324 3131 terram
1356 3076 1695 3150 porrigatur
1751 3078 1859 3133 sub
1910 3096 2028 3150 qua

368 3175 509 3231 ferte
540 3173 775 3245 degant.
808 3171 953 3225 Nam
980 3167 1307 3240 potentiam
1333 3173 1391 3222 et
1413 3168 1787 3240 majestatem
1815 3175 2027 3225 nactus

370 3281 434 3320 es
461 3262 806 3328 maximam,
855 3258 1258 3329 majestasque
1286 3262 1387 3311 tua
1415 3257 1463 3312 it
1487 3256 1656 3325 coelo,
1681 3262 1740 3313 et
1758 3260 2029 3329 potentia

366 3353 441 3411 ad
465 3354 614 3409 fines
646 3356 818 3407 terra:
849 3345 1253 3420 protenditur.
1297 3368 1316 3392 ι

2137 1914 2250 1970 ἐστι
2302 1915 2558 1991 βασιλεὺς
2619 1915 2910 1992 βασιλέων,
2978 1919 3096 1992 μεθ’
3150 1919 3335 1974 ἳππων
3401 1921 3489 1975 καὶ
3531 1920 3797 1995 ἁρμάτων

2133 2006 2223 2059 καὶ
2251 2012 2573 2082 συναγωγῆς
2605 2005 2770 2061 ἐθνῶν
2799 2006 3026 2062 πολλῶν
3078 2005 3308 2083 σφόδρα,
3366 2008 3457 2064 καὶ
3504 2005 3802 2083 περιϐαλεῖ

2137 2115 2222 2149 σοι
2250 2094 2475 2172 τάφρον,
2520 2095 2611 2150 καὶ
2661 2093 3021 2168 οἰκοδομήσει
3080 2117 3138 2153 σε
3193 2096 3384 2170 κύκλῳ
3427 2099 3641 2175 χάρακα
3697 2101 3793 2154 καὶ

2133 2184 2444 2260 περίστασιν
2492 2183 2704 2254 ὅπλων,
2763 2186 2853 2241 καὶ
2908 2187 3003 2249 τὰς
3063 2185 3276 2263 λόγχας
3319 2187 3484 2243 αὐτοῦ
3539 2189 3573 2243 ά
3617 2188 3792 2244 ἐναντί

2135 2295 2232 2330 σου
2291 2272 2475 2332 δώκει.
2535 2276 2614 2332 Τὰ
2670 2275 2832 2351 τείχη
2895 2297 2991 2332 σου
3038 2277 3130 2331 καὶ
3204 2278 3332 2340 τοὺς
3399 2277 3643 2353 πύργους
3690 2300 3792 2334 σου

2135 2362 2357 2419 καθελεῖ
2385 2363 2437 2417 ἐν
2468 2369 2585 2425 τοῖς
2616 2361 2814 2428 ὅπλοις
2870 2364 3057 2420 αὐτοῦ·
3120 2365 3225 2421 ἀπὸ
3284 2363 3341 2422 δὲ
3395 2371 3492 2422 τοῦ
3544 2366 3799 2437 πλήθους

2134 2456 2240 2507 τῶν
2286 2450 2474 2506 ’ίππων
2532 2453 2697 2508 αὐτοῦ
2754 2452 2989 2529 καλύψει
3047 2475 3106 2509 σε
3162 2458 3447 2530 κονιορτὸς
3507 2455 3705 2513 αὐτῶν.
3768 2482 3802 2510 ››

2137 2542 2236 2597 Καὶ
2264 2541 2454 2597 πάλιν·
2494 2568 2515 2594 ι
2548 2539 2683 2598 Τάδε
2728 2541 2880 2620 λέγει
2931 2541 3166 2600 Ἀδωναΐ
3214 2545 3439 2620 Κύριος·
3492 2542 3635 2604 Ἰδοὺ
3688 2547 3807 2621 ἐγὼ

2137 2629 2338 2704 δίδωμι
2372 2636 2454 2705 τῷ
2484 2627 2979 2711 Ναϐουχοδονόσορ
3030 2635 3133 2704 τὴς
3188 2641 3293 2709 γῆν
3348 2634 3653 2709 Αἰγύπτου,
3710 2636 3809 2692 καὶ

2136 2720 2371 2795 λήψεται
2400 2723 2463 2777 τὸ
2495 2719 2709 2791 πλῆθος
2767 2724 2960 2792 αὐτῆς,
3028 2724 3119 2778 καὶ
3167 2723 3452 2779 σκυλεύσει
3509 2727 3579 2779 τά
3626 2724 3811 2784 σκῦλα

2135 2810 2324 2881 αὐτῆς,
2364 2810 2454 2866 καὶ
2485 2811 2848 2885 προνομεύσει
2900 2812 3002 2881 τήν
3057 2814 3347 2887 προνομὴν
3394 2816 3587 2885 αὐτῆς.
3641 2816 3815 2873 ’Δντὶ

2134 2907 2237 2970 τῆς
2291 2900 2637 2977 λειτουργίας
2693 2901 2763 2970 ἧς
2817 2898 3136 2957 ἐδούλευσεν
3191 2902 3280 2958 ἐπὶ
3338 2903 3516 2979 Τύρον
3577 2901 3809 2960 δέδωκα

2135 2989 2291 3061 αὐτῷ’
2338 2991 2438 3061 τήν
2500 2997 2603 3067 γῆν
2665 2990 2967 3067 Αἰγύπτου,
3026 2992 3118 3047 καὶ
3202 2992 3398 3049 ἀπολῶ
3457 2995 3521 3049 τὸ
3578 2992 3810 3064 πλῆθος

2137 3078 2448 3154 Αἰγυπτίων
2505 3077 2572 3133 δι’
2626 3080 2813 3135 αὐτοῦ.
2878 3102 2903 3133 ι)
2962 3078 3207 3144 Εῗκότως
3290 3082 3385 3137 οῦν
3447 3080 3603 3158 ἔλεγε
3660 3083 3809 3160 πρὸς

2136 3168 2295 3224 αὐτὸν
2327 3169 2555 3239 Δανιήλ·
2617 3193 2644 3221 ‹‹
2677 3170 2754 3225 Σὺ
2804 3169 3062 3245 βασιλεὺς
3117 3168 3414 3245 βασιλέων,
3447 3172 3493 3245 ᾧ
3523 3172 3655 3237 Θεὸς
3699 3178 3807 3229 τοῦ

2136 3259 2369 3333 ούρανοῦ
2402 3257 2682 3334 βασιλείαν
2735 3258 2962 3334 ἰσχυράν
3011 3280 3068 3314 τε
3114 3260 3206 3315 καὶ
3255 3262 3519 3335 κραταιὰν
3566 3259 3797 3330 ἔδωκεν,

2135 3344 2355 3420 ἔντιμον
2387 3344 2439 3401 ἐν
2482 3348 2645 3402 παντὶ
2699 3347 2856 3420 τόπῳ
2894 3347 3035 3403 ’ὀπου
3090 3353 3442 3404 κατοικοῦσιν
3513 3350 3626 3405 υἱοὶ
3681 3355 3803 3405 τῶν

364 3442 686 3517 ἀνθρώπων·
748 3435 923 3511 Θηρία
976 3456 1035 3490 τε
1088 3437 1186 3488 τοῦ
1244 3434 1416 3509 ἀγροῦ
1469 3434 1556 3489 καὶ
1616 3435 1831 3489 πετεινὰ
1886 3439 1983 3490 τοῦ
2052 3435 2282 3511 ούρανοῦ
2339 3433 2535 3491 ἔδωκεν
2594 3437 2647 3491 ἐν
2705 3440 2773 3509 τῇ
2833 3435 2983 3512 χειρί
3042 3458 3159 3508 σου,
3219 3439 3309 3493 καὶ
3365 3439 3664 3510 κατέστησέ
3736 3461 3806 3495 σε

365 3528 557 3603 κύριον
607 3526 841 3583 πάντων.
913 3523 1010 3578 Καὶ
1071 3531 1134 3578 σύ
1192 3523 1243 3578 εἴ
1297 3525 1332 3592 ἡ
1387 3530 1567 3599 χρυσῆ
1623 3521 1835 3601 κεφαλή
1892 3527 1996 3590 τῆς
2053 3525 2287 3594 εικόνος,
2346 3525 2437 3581 καὶ
2491 3528 2555 3581 τὸ
2623 3523 2840 3600 δένδρον
2900 3527 2930 3581 ὅ
2990 3525 3128 3589 εἶδες
3181 3527 3246 3583 τὸ
3308 3530 3665 3605 μεγαλυνθὶν,
3727 3531 3803 3584 οὗ

370 3618 598 3690 τὸῦψος
629 3613 851 3695 ἔφθασεν
885 3612 963 3673 εἲς
993 3613 1085 3668 τὸν
1141 3612 1364 3688 οὐρανὸν
1424 3612 1515 3667 καὶ
1575 3612 1638 3668 τὸ
1692 3613 1854 3676 κύτος
1895 3614 2061 3669 αὐτοῦ
2118 3614 2195 3677 εἷς
2252 3620 2423 3671 πᾶσαν
2482 3618 2583 3685 τὴν
2632 3622 2755 3689 γῆν,
2813 3614 2902 3671 καὶ
2967 3617 3226 3673 ὑποκάτω
3289 3618 3459 3674 αὐτοῦ
3513 3621 3810 3692 κατῴκουν

370 3707 437 3763 τὰ
490 3705 673 3780 θηρία”
731 3703 813 3758 ὅτι
872 3700 1247 3776 ἐμεγαλύνθης
1299 3700 1389 3756 καὶ
1458 3701 1845 3778 ὑπερίσχυσας,
1908 3703 2000 3758 καὶ
2056 3706 2092 3774 ἡ
2155 3703 2514 3779 μεγαλωσύνη
2574 3726 2670 3760 σου
2728 3700 2953 3770 ἔφθασεν
3012 3706 3088 3768 εἰς
3145 3707 3237 3762 τὸν
3309 3707 3539 3783 οὐρανὸν
3606 3709 3695 3763 καὶ
3760 3711 3802 3779 ἡ

376 3795 562 3871 κυρεία
593 3814 690 3849 σου
720 3792 795 3855 εἷς
834 3790 901 3847 τὰ
932 3790 1137 3865 πέρατα
1165 3796 1264 3859 τῆς
1296 3796 1423 3866 γῆς;
1458 3813 1485 3842 ››

450 3881 1015 3942 Nabuchodonosori
1044 3880 1330 3936 successit
1351 3880 1857 3937 Ulemarodacbus
1871 3882 2029 3939 ﬁlius

379 3983 437 4033 et
461 3972 941 4047 quinquennium
973 3970 1255 4043 regnavit.
1289 3971 1343 4025 Is
1371 3970 1718 4026 Jechoniam
1775 3972 2028 4028 vinculis

374 4068 636 4125 solutum
667 4064 928 4121 convivio
951 4062 1241 4119 adhibuit.
1277 4062 1358 4116 De
1380 4078 1496 4132 quo
1517 4067 1573 4117 et
1605 4062 1663 4118 in
1689 4062 2025 4135 Regnorum

370 4157 621 4213 historia
641 4155 928 4227 scriptum
952 4158 1125 4220 est,et
1139 4150 1426 4207 Jeremias
1458 4151 1541 4206 sic
1566 4152 1650 4206 ait
1678 4152 1761 4206 δῖε
1790 4174 1819 4202 ‹‹
1852 4155 2023 4208 Anno

364 4252 500 4320 post
529 4247 677 4303 ποτ
714 4244 1036 4300 abductum
1057 4242 1120 4296 in
1150 4240 1402 4296 vinculis
1422 4241 1793 4296 Joachimum
1823 4259 2023 4315 regem

362 4337 526 4394 Iudae
555 4335 858 4392 tricesimo
889 4333 1163 4406 septimo,
1197 4332 1478 4387 vicesima
1499 4337 1710 4402 quarta
1728 4332 1824 4387 die
1848 4349 2020 4387 men-

365 4427 445 4481 sis
475 4425 714 4488 decimi,
747 4420 1269 4478 Evilmerodachus
1297 4436 1364 4475 eo
1397 4437 1554 4475 anno
1592 4420 2020 4490 Babylonicum

2137 3883 2288 3939 Μετᾶ
2346 3881 2402 3938 δὲ
2462 3880 2956 3962 Ναϐουχοδονόσορ
3043 3880 3387 3940 ἐϐασίλευσεν
3467 3884 3803 3961 Ούλεμαρο-

2136 3967 2246 4047 δὰχ
2275 3973 2393 4037 υἱὸς
2419 3973 2587 4028 αὐτοῦ
2618 3970 2710 4045 ἔτη
2765 3980 2821 4044 ε’,
2872 3972 2930 4035 ὅς
2987 3974 3080 4029 τὸν
3132 3974 3397 4049 Ἰεχονίαν
3454 3973 3624 4038 λύσας
3679 3980 3799 4031 τῶν

2134 4057 2345 4133 δεσμῶν
2374 4060 2602 4133 ἐποίησε
2643 4063 3029 4136 συνεστιάτορα
3076 4062 3263 4120 αὐτοῦ.
3320 4064 3450 4139 Περὶ
3512 4065 3575 4121 οῦ
3630 4086 3723 4120 και
3755 4068 3793 4136 ἡ

2129 4154 2238 4205 τῶν
2271 4150 2573 4207 Βασιλειῶν
2640 4151 2849 4228 ἱστορία
2905 4153 2993 4207 καὶ
3056 4153 3084 4207 ὁ
3135 4157 3278 4217 θεῖος
3336 4153 3606 4228 Ἰερεμίας
3661 4151 3794 4232 ἔφη·

2129 4264 2156 4292 (ι
2192 4239 2297 4295 Καὶ
2327 4238 2542 4317 ἐγένετο
2573 4239 2626 4296 ἐν
2656 4245 2735 4312 τῷ
2780 4247 3093 4316 τριακοστῷ
3143 4237 3367 4316 ἑϐδόμῳ
3412 4240 3518 4297 ἔτει
3570 4243 3798 4299 ἀποικι-

2126 4329 2343 4390 σθέντος
2372 4333 2470 4384 τοῦ
2503 4330 2761 4403 Ἰωακεὶμ
2794 4329 3068 4406 βασιλέως
3098 4328 3301 4401 Ἰούδα,
3351 4330 3403 4387 ἐν
3448 4336 3528 4404 τῷ
3580 4329 3798 4407 δεκάτῳ

2128 4419 2285 4490 μηνὶ,
2318 4419 2369 4474 ἐν
2395 4423 2464 4493 τῇ
2513 4420 2746 4494 τετάρτῃ
2806 4420 2895 4475 καὶ
2953 4418 3127 4476 εἰκάδι
3176 4425 3278 4476 τοῦ
3338 4422 3539 4493 μηνὸς,
3597 4418 3798 4477 ἔλαϐεν

364 4530 618 4585 regnum
649 4513 897 4583 adeptus
926 4515 1261 4581 respectum
1295 4508 1506 4564 habuit
1532 4507 1820 4564 Joachimi
1864 4510 2019 4582 regis

2137 4504 2341 4563 Εὐελὰδ
2397 4506 2807 4610 Ούλέεμαροδᾶχ
2866 4508 3126 4584 βασιλεὺς
3186 4506 3541 4578 Βαϐυλῶνος,
3599 4509 3651 4566 ἐν
3711 4516 3799 4583 τῷ

364 4604 548 4671 Judae,
582 4618 837 4672 eumque
871 4617 943 4655 ex
974 4598 1244 4655 custodia
1272 4598 1335 4652 in
1375 4614 1553 4669 quam
1598 4597 1772 4652 datus
1828 4597 2023 4653 fuerat

368 4692 592 4758 eduxit,
616 4690 989 4763 benigneque
1003 4687 1314 4751 allocutus,
1332 4686 1550 4741 solium
1563 4685 1614 4740 ei
1635 4685 1801 4741 soliis
1814 4702 2019 4760 regum

369 4799 518 4854 quos
558 4796 759 4836 secum
815 4777 1075 4834 habebat
1128 4775 1429 4852 Babylone
1483 4774 1649 4847 prius
1699 4775 2016 4841 attribuit;

366 4878 644 4942 vesteque
671 4885 787 4940 qua
818 4868 881 4923 in
910 4866 1181 4923 custodia
1212 4882 1356 4921 usus
1407 4869 1551 4930 erat,
1615 4869 1855 4919 exutum
1901 4865 2018 4921 alia

364 4962 593 5029 induit;
624 4961 792 5032 isque
822 4957 1122 5028 reliquum
1154 4955 1287 5009 vitas
1320 4959 1554 5026 tempus
1585 4953 1783 5009 cibum
1816 4972 2015 5010 coram

363 5069 501 5126 rege
533 5049 807 5123 sumpsit.
844 5070 872 5097 »
903 5048 958 5101 Is
983 5045 1331 5102 Joacbimus
1347 5050 1457 5109 est,
1479 5044 1580 5114 qui
1600 5044 2013 5101 etJechonias.

361 5147 599 5200 Patrem
628 5141 787 5196 enim
820 5138 949 5210 ejus
978 5135 1370 5196 Joacliimum,
1399 5133 1508 5189 sub
1542 5150 1659 5205 quo
1683 5134 1744 5188 in
1768 5134 2013 5207 captivi-

357 5238 539 5288 tatem
569 5229 860 5287 abductus
891 5231 981 5282 est
1009 5224 1312 5291 Danielus,
1335 5222 1880 5278 Nabuchodonosor
1908 5240 2014 5279 ne-

353 5329 550 5377 catum
584 5316 1012 5389 Hierosolymis
1041 5320 1207 5370 extra
1236 5312 1454 5368 maania
1483 5311 1804 5383 abjecerat.

2132 4596 2360 4670 ἐνιαυτῷ
2385 4596 2430 4670 ᾦ
2461 4593 2803 4668 ἐϐασίλουσε,
2832 4600 2930 4667 τὴν
2989 4597 3233 4678 κεφαλὴν
3290 4599 3559 4675 βασιλέως
3610 4598 3797 4658 Ἰούδα

2131 4686 2408 4759 Ἰωακεὶμ,
2441 4686 2530 4741 καὶ
2572 4686 2832 4764 ἐξήγαγεν
2893 4687 3054 4744 αὐτὸν
3112 4687 3164 4759 ἐξ
3232 4686 3388 4744 οἷ’κου
3428 4690 3495 4744 οὗ
3555 4687 3787 4769 ἐφυλάτ.

2126 4795 2271 4842 τετο,
2302 4775 2392 4829 καὶ
2433 4773 2702 4846 ἐλάλησεν
2753 4775 2901 4848 αύτῷ
2953 4777 3193 4855 χρηστὰ,
3252 4776 3343 4831 καὶ
3383 4773 3583 4832 ἔδωκεν
3638 4777 3794 4850 αύτῷ

2126 4865 2217 4918 τὸν
2258 4862 2449 4942 δίφρον
2506 4863 2684 4921 ἐπάνω
2733 4872 2843 4921 τῶν
2905 4868 3110 4942 θρόνων
3175 4871 3284 4923 τῶν
3345 4862 3616 4942 βασιλέων
3671 4872 3788 4923 τῶν

2131 4959 2247 5026 μετ’
2278 4954 2442 5009 αὐτοῦ
2474 4954 2528 5009 ἐν
2564 4950 2879 5025 Βαϐυλῶνι,
2934 4955 3024 5010 καὶ
3083 4958 3171 5026 [Ρ.
3228 4957 3355 5029 118]
3416 4955 3627 5027 ἢλλαξε
3680 4959 3789 5026 τὴν

2126 5042 2329 5112 στολὴν
2360 5049 2459 5113 τῆς
2518 5043 2767 5121 φυλακῆς
2824 5045 3012 5114 αὐτοῦ,
3070 5045 3159 5099 καὶ
3223 5042 3382 5114 ἤσθιε
3436 5042 3526 5100 διὰ
3581 5045 3785 5108 παντὸς

2123 5129 2284 5204 ἄρτον
2312 5133 2447 5185 κατὰ
2494 5131 2789 5206 πρόσωπον
2838 5133 3029 5199 αὐτοῦ,
3075 5131 3253 5196 πάσας
3297 5132 3393 5196 τὰς
3452 5132 3663 5207 ἡμέρας
3710 5133 3778 5194 ἂς

2123 5215 2333 5291 ἔζησεν·
2393 5246 2421 5273 υ
2480 5222 2738 5293 Ἰωακείμ
2793 5219 2851 5277 δέ
2916 5221 3075 5284 οὗτός
3133 5220 3245 5279 ἐστι
3329 5223 3420 5278 καὶ
3490 5222 3784 5298 Ἰεχονίας·

2124 5311 2383 5384 Ἰωακείμ
2409 5311 2514 5387 γὰρ
2546 5311 2639 5365 τὸν
2669 5311 2866 5367 τούτου
2907 5311 3134 5387 πατέρα,
3184 5312 3265 5389 ἐφ’
3326 5312 3387 5367 οὗ
3432 5312 3524 5368 καὶ
3574 5310 3789 5381 Δανιὴλ

351 5406 788 5485 ᾐχμαλωτίσθη,
820 5398 1313 5478 Ναϐουχοδονόσορ
1344 5397 1544 5454 ἀνιλὼν
1578 5398 1630 5453 ἐν
1662 5398 2029 5473 Ἰερουσαλὴμ
2057 5394 2272 5477 ἕρῥιψεν
2306 5395 2409 5471 ἔξω
2439 5405 2538 5456 τοῦ
2568 5401 2816 5480 τείχους.

423 5497 906 5553 Evilmerodacho
937 5494 1121 5549 frater
1140 5492 1450 5548 Balthasar
1470 5490 1775 5558 successit,
1798 5507 2012 5562 regna-

351 5584 547 5657 vitque
579 5602 766 5642 annos
794 5588 847 5640 3.
884 5586 987 5641 Hic
1038 5600 1172 5639 cum
1213 5583 1273 5639 in
1321 5579 1583 5638 convivio
1636 5580 2012 5651 profanasset

418 5676 461 5711 ⁷⁷
489 5676 604 5731 Jer.
638 5692 808 5744 XLVII,
847 5677 899 5728 3.
1003 5674 1045 5708 ⁷⁸
1075 5674 1188 5729 Jer.
1221 5689 1334 5739 vm,
1366 5673 1452 5725 16.

350 5747 398 5782 ⁸2
426 5749 543 5803 Jer.
577 5763 672 5813 ιιι,
706 5748 794 5802 31.

1557 5670 1602 5704 “¹⁹
1634 5670 1835 5725 Ezech.
1877 5689 2030 5739 τινι,
2088 5674 2138 5725 3.

2191 5490 2339 5545 Μετᾶ
2396 5486 2453 5543 δὲ
2510 5487 2917 5568 Ούλεμαροδάχ
3002 5485 3319 5546 ἐϐασίλευσε
3408 5489 3696 5566 Βαλτάσαρ
3759 5493 3790 5547 ὁ

2118 5575 2356 5657 ἁδελφὸς
2415 5578 2581 5634 αὐτοῦ
2666 5577 2759 5650 ἔτη
2817 5582 2963 5654 τρία·
3026 5581 3085 5641 ὃς
3154 5581 3349 5652 μιάνας
3423 5581 3490 5636 τὰ
3544 5580 3796 5655 ἱερατικᾶ.

2243 5669 2291 5704 ⁸ο
2348 5670 2556 5727 Ezech.
2609 5688 2758 5728 XXIX.
2820 5674 2903 5740 19,
2961 5675 3050 5727 20.
3155 5671 3201 5710 δι
3257 5673 3407 5730 Dan.
3474 5689 3534 5741 ιι,
3596 5672 3795 5732 37-39.
