4142 6432
358 384 471 444 2η

1551 383 2098 447 HISTORIARUM
2146 385 2691 452 COMPENDIUM.

3700 381 3817 442 242

380 516 546 585 σκεύη
585 519 686 571 τοῦ
745 520 889 574 Θεοῦ
947 516 1001 570 ἐν
1061 521 1140 588 τῷ
1198 515 1504 591 συμποσίῳ.
1569 518 1702 594 ἅπερ
1767 518 1967 593 ἢγαγεν
2027 519 2055 572 6

2170 538 2336 579 sacra
2365 540 2505 580 vasa
2536 541 2666 597 quae
2685 529 2856 597 pater
2891 523 3081 596 ipsius
3112 517 3652 577 Nabuchodonosor
3683 519 3819 576 Hie.-

385 610 567 682 πατὴρ
597 605 764 661 αὐτοῦ
819 601 1321 682 Ναϐουχοδονόσορ
1378 606 1428 676 ἐξ
1489 608 1872 682 Ἰερουσαλὴμ,
1928 609 2053 682 ἀνῃ-

393 700 522 775 ρέθη
555 697 695 752 κατὰ
723 695 871 758 θείαν
912 696 1105 771 ὀργήν.
1168 695 1313 766 Φησὶ
1372 696 1477 771 γὰρ
1533 697 1670 770 πρὸς
1731 696 1890 750 αὐτὸν
1951 718 2054 768 τη..

387 791 619 844 νικαῦτα
649 784 860 854 Δανιήλ
891 809 920 836 ‹‹
964 785 1025 842 Ὀ
1057 785 1186 840 Θεὸς
1245 785 1273 839 6
1332 783 1555 859 ὕψιστος
1613 787 1711 855 τήν
1774 785 2052 860 βασιλείαν

385 877 483 933 καὶ
543 877 643 945 τὴν
711 873 1106 949 μεγαλωσύνην
1168 869 1339 928 ἔδωκε
1422 869 1920 950 Ναϐουχοδονόσορ
1973 880 2054 948 τῷ

390 964 564 1042 πατρί
598 986 719 1034 σου,
749 964 842 1018 καὶ
873 963 980 1018 ἀπὸ
1030 969 1130 1033 τῆς
1192 961 1588 1038 μεγαλωσύνης
1641 964 1805 1020 αὐτοῦ
1855 966 2053 1028 πάντες

394 1058 448 1111 οἱ
481 1055 627 1125 λαοὶ,
663 1052 854 1130 φυλαὶ,
887 1053 1139 1127 γλῶσσαι
1171 1052 1307 1121 ἦσαν
1340 1051 1652 1127 τρέμοντες,
1703 1053 1793 1108 καὶ
1856 1049 2054 1133 φοϐού-

397 1166 552 1218 μενοι
580 1144 689 1198 ἀπὸ
720 1145 1020 1217 προσώπου
1055 1141 1241 1199 αὐτοῦ.
1278 1142 1376 1197 Καὶ
1407 1142 1501 1206 οὕς
1546 1137 1805 1199 ἐϐούλετο
1839 1143 2050 1219 ἀνῄρει,

385 1237 476 1290 καὶ
538 1234 634 1295 οῦς
695 1231 892 1302 ἤθελεν
952 1227 1140 1302 ἔσωζε.
1204 1233 1304 1289 Καὶ
1365 1231 1454 1287 ὅτε
1519 1233 1710 1304 ὑψώθη
1770 1235 1806 1304 ἡ
1859 1231 2054 1310 καρδία

382 1325 553 1380 αὐτοῦ
588 1322 680 1377 καὶ
716 1323 778 1377 τὸ
805 1325 1032 1394 Πνεῦμα
1079 1322 1244 1376 αὐτοῦ
1296 1321 1632 1397 ὲκραταιώθη
1689 1328 1785 1378 τοῦ
1845 1323 2050 1398 ὑπερη-

378 1412 724 1492 φανεύεσθαι,
759 1411 1124 1486 κατῃσχύνθη
1161 1412 1267 1465 ἀπὸ
1321 1416 1418 1466 τοῦ
1486 1410 1676 1487 θρόνου
1734 1420 1834 1483 τῆς
1896 1414 2048 1489 βασι.

389 1502 545 1566 λείας
578 1501 770 1572 αὐτοῦ,
803 1501 892 1555 καὶ
922 1503 957 1569 ἡ
989 1503 1129 1572 τιμὴ
1185 1499 1350 1555 αὐτοῦ
1408 1501 1653 1576 ἀφῃρέθη
1715 1504 1805 1558 ἅτττ
1860 1505 2051 1574 αὐτοῦ,

380 1594 477 1648 καὶ
514 1593 623 1647 ἀπὸ
671 1596 781 1646 τῶν
850 1590 1151 1664 ἀνθρώπων
1201 1587 1528 1666 ἐξεδιώχθη,
1597 1592 1687 1646 καὶ
1749 1592 1884 1666 μετᾶ
1943 1598 2050 1648 τῶν

388 1682 604 1754 θηρίων
636 1678 824 1750 ἐδόθη,
855 1678 944 1734 καὶ
996 1679 1133 1751 μετᾶ
1184 1684 1295 1734 τῶν
1350 1679 1590 1754 ὀνάγρων
1647 1683 1682 1750 ἡ
1734 1683 2055 1752 κατοίκησις

385 1770 587 1836 αὐτοῦ,
647 1767 738 1824 καὶ
793 1769 998 1844 χόρτον
1057 1768 1130 1830 ὡς
1180 1770 1308 1842 βοῦν
1369 1769 1648 1842 ἐψώμιζον
1726 1771 1908 1839 αὐτὸν,
1962 1772 2052 1826 καὶ

2159 615 2474 686 rosolymis
2505 623 2800 684 avexerat,
2830 615 2965 670 irati
2995 612 3100 669 Dei
3125 611 3300 684 jussu
3329 609 3676 665 interfectus
3703 615 3814 677 est,

2159 706 2320 760 Tunc
2339 706 2494 760 enim
2511 707 2593 760 ita
2609 722 2743 760 eum
2765 704 3045 760 Danielus
3076 707 3166 758 est
3183 697 3566 758 allocutus”:
3601 721 3629 748 «
3662 700 3816 754 Deus

2161 793 2485 850 altissimus
2511 812 2760 867 regnum
2793 799 2853 849 et
2881 794 3256 866 majestatem
3289 789 3443 861 patri
3485 794 3584 843 tuo
3623 787 3818 843 Nabu-

2161 883 2557 940 chodonosori
2588 884 2772 953 dedit,
2807 885 2890 939 ita
2920 882 3164 955 quidem
3184 885 3251 937 ut
3271 879 3548 934 omnibus
3579 877 3817 950 populis

2159 974 2436 1045 gentibus
2453 990 2519 1029 ac
2539 974 2743 1044 quavis
2765 973 3069 1029 utentibus
3099 971 3303 1042 lingua
3330 967 3672 1025 nationibus
3694 966 3814 1022 for-

2159 1063 2454 1119 midolosa
2482 1064 2660 1119 fuerit
2721 1064 2910 1136 ipsius
2951 1060 3237 1134 potentia,
3295 1064 3472 1130 atque
3504 1058 3632 1130 ipse
3664 1073 3816 1128 quos

2160 1153 2358 1222 vellet,
2387 1160 2489 1209 aut
2518 1159 2760 1210 necaret
2781 1159 2884 1209 aut
2902 1153 3093 1207 vivere
3126 1152 3368 1206 sineret.
3403 1148 3580 1219 Atqui
3613 1163 3748 1202 cum
3769 1145 3819 1201 is

2160 1243 2360 1324 animo
2392 1244 2781 1300 extolleretur
2811 1244 3176 1316 spiritusque
3208 1239 3495 1312 superbos
3533 1243 3816 1302 sumeret,

2158 1349 2267 1405 per
2295 1333 2686 1406 ignominiam
2701 1339 2791 1390 est
2819 1333 2971 1388 solio
2985 1331 3152 1403 regni
3177 1331 3266 1386 sui
3289 1329 3567 1384 detrusus
3591 1341 3816 1397 suoque

2160 1423 2384 1477 honore
2417 1423 2726 1495 spoliatus,
2761 1428 2819 1477 et
2847 1423 2920 1478 ab
2952 1419 3296 1476 hominibus
3327 1417 3693 1489 profligatus,
3724 1416 3818 1469 in-

2159 1517 2252 1566 ter
2280 1511 2434 1568 208
2468 1513 2621 1567 feras
2650 1513 2812 1577 vixit,
2845 1528 2914 1567 ac
2944 1509 3101 1582 apud
3137 1509 3336 1564 asinos
3365 1508 3665 1562 silvestres
3706 1505 3812 1558 ha-

2159 1601 2386 1668 bitavit,
2421 1603 2722 1674 herbaque
2756 1619 2839 1668 se,
2872 1602 3038 1657 bovis
3067 1601 3276 1667 instar,
3301 1598 3478 1670 pavit,
3503 1601 3563 1652 et
3592 1595 3816 1651 caelesti

2159 1708 2292 1746 rore
2316 1708 2531 1762 corpus
2549 1692 2678 1762 ejus
2703 1691 2953 1758 maduit,
2977 1706 3046 1745 eo
3069 1706 3258 1760 usque
3280 1689 3422 1743 dum
3440 1687 3817 1742 Altissimum

2159 1797 2341 1852 regna
2371 1781 2682 1835 hominum
2715 1781 3047 1852 gubernare
3077 1794 3265 1849 eaque
3292 1776 3661 1832 suoarbitrio
3685 1791 3820 1830 con-

389 1859 502 1913 ἆπὸ
531 1865 638 1928 τῆς
671 1855 868 1932 δρόσου
915 1860 1013 1912 τοῦ
1075 1856 1306 1930 οὐρανοῦ
1333 1856 1396 1912 τὸ
1427 1861 1590 1932 σῶμα
1639 1857 1802 1913 αὐτοῦ
1853 1853 2050 1929 ἐδάφη,

2170 1870 2379 1926 cedere
2412 1870 2627 1941 quibus
2661 1869 2780 1925 vult
2810 1867 3123 1924 intellexit.
3154 1868 3236 1920 Tu
3276 1882 3435 1932 vero,
3476 1865 3634 1919 ﬁlius
3666 1863 3818 1933 ejus,

385 1951 496 2012 ’ἐως
527 1952 593 2005 οὗ
623 1948 767 2025 ’ἑγνω
797 1948 880 2003 ὅτι
921 1947 1157 2022 κυριεύει
1217 1949 1244 2002 6
1301 1950 1556 2022 Ὕψιστος
1610 1957 1708 2019 τῆς
1772 1949 2051 2026 βασιλείας

386 2046 494 2095 τῶν
523 2039 846 2112 ἀνθρώπων,
873 2037 963 2092 καὶ
996 2035 1042 2109 ᾧ
1074 2035 1132 2091 ἂν
1157 2035 1303 2111 δόξῃ,
1329 2035 1491 2093 δώσει
1514 2039 1703 2109 αὐτήν.
1739 2039 1835 2095 Καὶ
1869 2039 1930 2094 σὺ
1963 2041 2053 2096 οὖν

395 2131 423 2183 6
454 2130 566 2189 υἱὸς
599 2126 767 2182 αὐτοῦ
801 2124 1091 2202 Βαλτάσαρ
1125 2125 1224 2181 οὐκ
1281 2127 1640 2190 ἒςαπείνωσας
1683 2130 1781 2197 τήν
1826 2127 2050 2204 καρδίαν

400 2239 518 2285 σου,
542 2217 627 2272 καὶ
658 2218 710 2270 οἱ
745 2220 1066 2291 μεγιστᾶνες
1096 2216 1185 2271 καὶ
1227 2216 1278 2270 οἱ
1326 2215 1650 2291 παράκοιτοι
1699 2220 1788 2272 καὶ
1821 2221 1876 2272 αἱ
1910 2218 2049 2274 παλ-

397 2305 562 2362 λακαί
591 2327 705 2374 σου,
739 2309 888 2361 οἶνον
922 2304 1130 2360 ἐπίνετε
1159 2303 1209 2359 ἐν
1242 2310 1358 2368 τοῖς
1399 2307 1578 2379 ἁγίοις
1624 2307 1856 2366 σκεύεσι.
1893 2332 1920 2358 ››
1955 2311 2051 2364 Διὰ

2167 1959 2368 2014 animo
2391 1975 2770 2029 nequaquam
2797 1956 3116 2024 submisso,
3141 1971 3276 2011 cum
3294 1953 3662 2026 principibus
3679 1967 3820 2006 con-

2164 2047 2400 2104 cubinis
2433 2053 2492 2104 et
2521 2047 2836 2119 pellicibus
2870 2047 2988 2102 tuis
3019 2045 3219 2100 vinum
3251 2043 3323 2098 de
3356 2043 3540 2098 sacris
3563 2040 3715 2096 vasis
3737 2039 3816 2094 bi'

2164 2135 2321 2190 bisti.
2359 2158 2387 2186 »
2420 2138 2561 2191 Eam
2587 2135 2662 2190 ob
2687 2152 2814 2190 rem
2840 2149 3074 2189 summa
3103 2131 3380 2204 apparuit
3401 2131 3454 2184 ei
3478 2145 3548 2185 ex
3571 2128 3818 2184 adverso

2163 2243 2397 2292 manus,
2413 2226 2584 2298 cujus
2603 2226 2912 2296 scriptura)
2935 2223 3297 2279 sententiam
3315 2219 3661 2292 exquisivit;
3688 2234 3820 2286 qua)

2163 2332 2197 2370 a
2226 2316 2398 2370 nobis
2429 2332 2608 2387 supra
2634 2321 2725 2370 est
2752 2315 2991 2385 scripta.

383 2401 548 2452 τοῦτο
579 2394 859 2466 ἀπεστάλη
891 2394 1236 2472 ἀστράγαλος
1267 2414 1455 2470 χειρος
1487 2394 1546 2450 ἐκ
1577 2398 1874 2470 προσώπου
1905 2399 2091 2470 αὐτοῦ,
2125 2403 2215 2457 καὶ
2245 2405 2345 2471 τήν
2379 2405 2596 2480 Γραφήν
2629 2401 2794 2458 αὐτοῦ
2825 2401 3084 2471 ὲνέταξεν,
3117 2401 3192 2461 ὡς
3220 2398 3562 2475 προεγράφη.

462 2487 562 2540 Καὶ
599 2486 734 2558 μετὰ
761 2485 825 2540 τὸ
883 2486 1231 2559 ἀναιρεθῆναι
1287 2481 1572 2559 Βαλτάσαρ
1631 2491 1854 2562 Δαρεῖος
1911 2509 2048 2562 παρ-

389 2570 556 2630 ἔλαϐε
621 2577 723 2644 την
785 2571 1060 2648 βασιλείαν
1123 2575 1152 2627 6
1191 2571 1404 2644 Μῆδος,
1467 2576 1496 2629 6
1535 2576 1622 2630 καὶ
1688 2575 2047 2652 ’Δρταζέρξης

386 2667 479 2722 καὶ
541 2665 872 2740 Ἀστυάγης,
951 2662 1044 2734 ἔτη
1138 2667 1217 2734 ιζ’.
1304 2667 1397 2728 ’ος
1448 2665 1581 2742 ’ὲσχε
1661 2673 1884 2743 γυναῖκα
1952 2672 2050 2738 τήν

387 2764 490 2814 τοῦ
549 2755 774 2836 Μαρδιχ
835 2759 1057 2832 Ἐσθὴρ,
1120 2756 1498 2833 ἒπιλεχθεῖσαν
1561 2756 1650 2814 διὰ
1723 2758 1932 2823 κάλλος
1991 2760 2050 2817 ἐκ

386 2849 498 2905 τῶν
531 2843 838 2921 Ἑϐραϊκῶν
898 2845 1176 2902 νεανίδων
1228 2845 1351 2917 ἥτις
1407 2849 1498 2903 καὶ
1554 2851 1644 2904 τὸν
1708 2848 1854 2904 ’ἴδιον
1917 2851 2046 2907 λαὸν

386 2942 481 2995 τὸν
532 2935 830 2994 Ἰουδαϊκὸν
896 2937 1234 3012 ἀναιρεῖσθαι
1295 2937 1568 3010 μὲλλοντα
1627 2939 1678 3008 ἐξ
1742 2934 2048 3009 ἒπιϐουλῆς

2230 2495 2349 2549 Hoc
2381 2494 2721 2550 Balthasare
2753 2492 3086 2557 interfecto,
3119 2490 3329 2545 Darius
3362 2502 3608 2559 regnum
3659 2485 3818 2540 obti-

2157 2585 2287 2639 nuit
2334 2602 2524 2639 annos
2571 2589 2656 2650 l7,
2707 2582 3228 2650 Medusnatione,
3288 2579 3389 2650 qui
3450 2584 3806 2632 Artaxerxes

2157 2675 2336 2732 etiam
2368 2675 2713 2729 nominatur
2754 2679 2814 2728 et
2864 2675 3168 2744 Astyages.
3211 2673 3266 2725 Is
3310 2683 3557 2723 uxorem
3599 2664 3808 2720 habuit

2156 2765 2486 2831 Estheram,
2521 2764 2595 2818 ob
2631 2761 3139 2835 pulchritudinem
3190 2776 3262 2815 ex
3291 2756 3551 2813 Judaicis
3595 2753 3807 2826 puellis

2156 2855 2393 2921 lectam,
2408 2853 2759 2909 Mardochaai
2783 2857 3090 2924 cognatam
3115 2870 3130 2919 ;
3155 2849 3286 2906 duae
3309 2847 3596 2920 populum
3617 2843 3810 2900 Judai-

2158 2960 2316 3008 cum,
2349 2943 2442 2998 cui
2468 2950 2657 2997 Aman
2676 2941 2980 3013 COpiarum
3002 2939 3299 3011 regiarum
3316 2936 3631 3009 praefectus
3653 2950 3810 2989 sum-

385 3029 564 3100 Ἀμὰν
613 3030 712 3082 τοῦ
770 3027 1220 3101 ἀρχιστρατήγου
1280 3023 1697 3102 λυτρωσαμένη,
1751 3029 2044 3104 παρεσκεύ-

2170 3053 2290 3091 mus
2323 3035 2795 3090 internecionem
2828 3038 2956 3088 erat
2985 3031 3378 3096 machinatus,
3415 3027 3652 3099 eripuit,
3677 3027 3811 3081 effeL

389 3139 515 3174 ασεν
542 3115 749 3172 ἐκεῖνον
807 3113 1341 3186 ἀνασκολοπισθῆναι
1374 3116 1451 3179 εἷς
1502 3117 1634 3190 ὅπερ
1687 3116 1848 3189 ξύλον
1887 3115 2046 3174 ἐϐου-

385 3207 623 3264 λεύσατο
709 3202 1071 3284 Μαρδοχαῖον
1147 3206 1238 3260 τὸν
1332 3207 1534 3276 ἑαυτῆς
1617 3206 2048 3263 ἀνασκολοπίσαι

387 3301 558 3364 θεῖον,
609 3297 685 3369 μὴ
744 3299 992 3368 τιμῶντα
1060 3294 1219 3350 αὐτὸν
1267 3295 1356 3350 καὶ
1417 3301 1842 3370 προσκυνοῦντα.
1903 3299 2050 3369 Φησὶ

386 3389 490 3464 γάρ
519 3407 604 3446 τις
637 3391 745 3440 τῶν
779 3386 1137 3460 μεγιστάνων·
1190 3381 1332 3442 Ἰδοὺ
1382 3383 1540 3455 ξύλον
1591 3387 1814 3456 ἔστησεν
1874 3388 2050 3460 Ἀμαν

391 3484 474 3550 τῷ
539 3473 884 3551 Μαρδοχαίῳ
942 3480 1143 3549 πηχῶν
1204 3476 1265 3533 ν’.
1324 3477 1420 3530 Καὶ
1485 3476 1630 3531 εἶπεν
1691 3478 1719 3531 6
1773 3476 2049 3552 βασιλεύς·

398 3570 787 3643 Σταυρωθήτω
849 3568 1020 3639 Ἀμᾶν
1081 3564 1209 3623 ἐκεῖ.
1267 3568 1364 3623 Καὶ
1422 3565 1631 3642 ἐγένετο
1690 3568 1865 3632 οὕτως
1921 3571 2056 3625 κατά

393 3663 494 3729 τὴν
547 3659 798 3714 κὲλευσιν
855 3661 954 3712 τοῦ
1018 3655 1285 3733 βασιλέως
1347 3658 1722 3732 Ἀρταξέρξου.
1815 3661 2055 3724 Εἰκότως

401 3753 498 3806 0.3.,
548 3747 910 3822 πεπλήρωται
968 3748 1004 3815 ἡ
1059 3747 1248 3821 Γραφή
1307 3749 1341 3816 ἡ
1398 3745 1649 3824 λέγουσα·
1707 3775 1733 3800 ‹‹
1775 3755 1832 3808 Ὁ
1887 3755 2058 3806 ποιῶν

399 3840 620 3909 πονηρά
675 3837 753 3901 εἰς
823 3835 957 3892 αὐτὰ
1042 3833 1515 3910 ἐγκυλισθήσεται,
1597 3839 1689 3892 καὶ
1776 3839 1835 3900 ὅς
1893 3836 1940 3893 δ’
1997 3837 2058 3894 ἄν

399 3930 644 4002 ἐκκαύσῃ
728 3925 940 3994 κακίαν,
1027 3925 1312 3981 ἀπολεῖται
1399 3926 1489 3980 ὕπ’
1578 3927 1762 3997 αὐτῆς.
1851 3928 1954 3984 Καὶ
2000 3931 2058 3992 ὅς

396 4016 863 4094 παρασκευάζεται
898 4013 1113 4070 δίκτυον
1172 4014 1258 4070 ἐπὶ
1315 4015 1609 4089 πρόσωπον
1657 4021 1753 4071 τοῦ
1800 4015 2058 4090 πλησίον,

395 4102 693 4182 πιριὸαλεῖ
723 4104 854 4160 αὐτὸ
880 4110 1000 4166 τοῖς
1041 4106 1232 4160 ἑαυτοῦ
1285 4104 1437 4159 ποσί.
1482 4105 1578 4159 Καὶ
1614 4107 1641 4160 6
1674 4106 1916 4180 ὀρύσσων
1971 4107 2063 4182 βό-

398 4212 531 4272 θρον
559 4200 641 4267 τῷ
671 4194 908 4264 πλησίον
961 4193 1039 4256 εἷς
1102 4192 1261 4249 αὐτὸν
1316 4193 1652 4267 ἐμπεσεῖται.
1685 4218 1713 4246 ››
1750 4197 1869 4267 Kal,
1923 4222 1948 4249 ‹‹
1985 4199 2062 4251 Δι’

399 4291 477 4343 ὧν
507 4307 594 4346 τις
637 4284 952 4358 ἁμαρτάνει,
987 4280 1057 4337 δι’
1089 4283 1261 4337 αὐτῶν
1290 4283 1378 4337 καὶ
1430 4289 1516 4355 [Ρ.
1575 4287 1700 4356 119]
1748 4284 2058 4354 κολάζεται.

2158 3125 2355 3195 citque
2413 3130 2477 3178 ut
2508 3125 2558 3177 is
2615 3126 2803 3178 Aman
2862 3122 2924 3175 in
2956 3136 3194 3176 crucem
3247 3119 3422 3174 istam
3479 3116 3814 3179 tolleretur,

2159 3231 2338 3284 quam
2397 3215 2456 3267 in
2509 3228 2744 3268 crucem
2799 3215 3087 3265 statuerat
3143 3209 3404 3263 Estherae
3461 3203 3816 3260 avunculum

2161 3304 2591 3359 Mardochwum
2623 3318 2816 3374 agere,
2852 3299 3010 3371 quod
3041 3298 3114 3354 ab
3143 3315 3213 3353 eo
3232 3299 3458 3352 honore
3479 3295 3726 3350 affectus
3759 3297 3818 3346 et

2161 3393 2440 3448 adoratus
2464 3409 2583 3446 non
2605 3391 2833 3446 fuisset.
2862 3389 3015 3444 Dixit
3037 3388 3194 3443 enim
3220 3384 3463 3457 quidam
3477 3384 3816 3455 principum

2163 3487 2308 3540 Ecce
2344 3491 2531 3539 Aman
2553 3498 2789 3537 crucem
2809 3479 3174 3535 Mardochteo
3199 3477 3526 3545 constituit,
3552 3477 3620 3529 50
3651 3473 3815 3528 cubi-

2164 3580 2254 3628 tos
2285 3573 2487 3635 altam,
2523 3576 2581 3626 et
2600 3587 2703 3625 rex
2727 3570 2911 3641 jussit
2936 3569 2995 3622 in
3019 3584 3150 3624 eam
3174 3582 3411 3622 crucem
3433 3563 3627 3635 sufﬁgi
3650 3565 3820 3617 Ama-

2166 3685 2302 3723 nem
2333 3668 2556 3737 itaque,
2588 3667 2673 3720 uti
2707 3666 3122 3736 imperaverat,
3163 3662 3385 3718 factum
3417 3665 3526 3715 est.
3561 3660 3641 3712 Ac
3675 3673 3818 3713 sane

2167 3763 2293 3812 tum
2327 3755 2638 3826 impletum
2662 3760 2751 3809 est
2773 3753 2923 3808 illud
2948 3752 3264 3823 Scriptura;
3289 3768 3300 3804 :
3340 3773 3361 3799 ι
3387 3749 3497 3813 Qui
3521 3747 3680 3802 mala
3698 3762 3818 3801 mo-

2167 3847 2330 3913 litur,
2364 3847 2436 3899 iis
2468 3845 2835 3912 involvetur;
2870 3849 2930 3898 et
2972 3843 3073 3913 qui
3107 3848 3314 3897 auctor
3364 3839 3647 3894 facinoris
3677 3837 3819 3892 mali

2169 3938 2434 4005 exsistet,
2455 3953 2523 3990 eo
2546 3935 2844 4006 perdetur.
2881 3934 2987 3999 Qui
3012 3938 3136 3987 rete
3163 3931 3334 3988 alteri
3384 3930 3575 4001 ponit,
3608 3927 3732 3983 suis
3762 3927 3823 3981 id

2171 4025 2421 4098 pedibus
2453 4025 2605 4081 209
2639 4023 2882 4091 induet;
2917 4039 2984 4077 ac
3025 4023 3126 4092 qui
3175 4021 3404 4076 foveam
3449 4017 3622 4074 altari
3653 4016 3822 4084 fodit,

2169 4115 2234 4168 in
2261 4130 2392 4168 eam
2425 4113 2668 4167 incidet.
2703 4137 2730 4162 ι»
2766 4113 2911 4165 Item
2939 4128 2951 4166 :
2987 4133 3015 4159 «
3049 4111 3162 4164 Per
3191 4126 3322 4180 qum
3365 4107 3585 4178 aliquis
3633 4105 3824 4161 delin-

2173 4202 2319 4272 quit,
2353 4201 2567 4255 iisdem
2599 4202 2778 4256 etiam
2828 4199 3094 4272 punitur.
3129 4221 3158 4249 »
3193 4196 3310 4251 Sub
3366 4197 3478 4250 hoc
3505 4196 3624 4249 sive
3654 4196 3824 4248 Arta-

2171 4308 2347 4347 xerxe
2379 4291 2499 4345 sive
2542 4292 2808 4362 Astyage,
2860 4288 3104 4344 Danielo
3154 4285 3498 4358 angelorum
3549 4283 3827 4355 princeps

398 4378 525 4454 Ἐφ’
598 4375 661 4429 οὗ
719 4372 1096 4447 Ἀρταξέρξου,
1156 4377 1252 4428 τοῦ
1309 4375 1398 4427 καὶ
1458 4375 1788 4449 Ἀστυάγου,
1841 4376 1930 4430 καὶ
1984 4380 2056 4448 τῷ

2173 4382 2371 4437 divina
2401 4381 2738 4452 spectacula
2798 4378 3084 4444 exhibuit,
3146 4382 3498 4448 tempusque
3538 4373 3828 4428 adventus

401 4465 616 4530 ΔανιήΑ
651 4463 940 4537 ὡράθησαν
971 4461 1026 4516 αἱ
1077 4458 1165 4516 διὰ
1220 4466 1317 4517 τοῦ
1375 4460 1724 4540 ἂρχαγγέλου
1783 4463 2059 4534 ὀπτασίαι,

398 4555 494 4612 καὶ
530 4556 558 4609 6
592 4553 794 4628 χρόνος
826 4550 1083 4622 ἐδηλώθη
1116 4559 1215 4622 τῆς
1272 4555 1508 4627 Χριστοῦ
1556 4553 1876 4628 παρουσίας.
1927 4556 2061 4612 Ὄσ-

395 4666 488 4706 τις
521 4645 616 4698 καὶ
658 4641 946 4719 φθονηθεὶς
1003 4641 1106 4695 ὑπὸ
1157 4645 1267 4696 τῶν
1331 4644 1665 4716 μεγιστάνων
1717 4640 1805 4697 διὰ
1846 4644 1910 4698 τὸ
1969 4665 2060 4716 με·

393 4733 590 4810 γάλως
635 4732 893 4804 τιμᾶσθαι
958 4731 1061 4784 ὑπὸ
1117 4735 1216 4785 τοῦ
1278 4730 1546 4805 βασιλέως
1607 4727 1819 4802 ἐϐλήθη
1874 4731 1927 4786 ἐν
1981 4736 2062 4805 τῷ

2172 4471 2386 4525 Christi
2419 4470 2473 4525 ei
2505 4476 2594 4524 est
2650 4469 2998 4524 indicatum.
3061 4466 3220 4522 Idem
3265 4463 3549 4520 Danielus
3606 4459 3829 4516 invidia

2172 4560 2509 4632 principum
2543 4558 2698 4630 quod
2732 4558 2794 4612 in
2844 4573 3059 4629 magno
3091 4561 3248 4611 esset
3301 4553 3456 4626 apud
3486 4568 3685 4625 regem
3717 4552 3827 4606 ho-

2174 4664 2338 4714 nore,
2372 4648 2433 4702 in
2456 4647 2696 4702 leonum
2729 4646 2956 4701 foveam
2979 4644 3300 4716 projectus,
3338 4642 3437 4696 Dei
3464 4641 3828 4712 benignitate

2174 4736 2255 4790 ibi
2287 4735 2606 4792 incolumis
2637 4739 2724 4790 est
2757 4738 3040 4789 servatus.

399 4821 600 4891 λάκκῳ
629 4823 737 4874 τῶν
771 4816 1024 4872 λεόντων’
1061 4819 1120 4880 ὃς
1147 4818 1238 4872 καὶ
1263 4813 1517 4888 ἀϐλαϐής
1548 4815 1848 4893 διετηρήθη
1881 4822 1950 4893 τῇ
1982 4819 2169 4896 χάριτι
2199 4825 2295 4876 νοῦ
2323 4824 2478 4876 Θεοῦ.

479 4908 632 4965 Μετᾶ
696 4905 754 4962 δὲ
811 4912 1030 4982 Δαρεῖον
1116 4902 1432 4963 ἐϐασίλευσε
1523 4909 1701 4984 Κῦρος
1759 4909 1788 4963 6
1863 4909 2074 4985 Πέρσης

403 4998 506 5068 ἔτη
541 4997 655 5074 λβ’,
690 4999 751 5059 ὃς
780 4997 988 5052 ἀνελὼν
1020 5001 1246 5073 Δαρεῖον
1278 4998 1456 5067 πάσης
1486 5004 1588 5072 γῆς
1629 4997 1937 5072 ἐκράτησενο

486 5091 576 5145 Ἐν
612 5093 728 5148 τοῖς
761 5087 992 5165 χρόνοις
1021 5091 1130 5141 τῶν
1188 5090 1402 5162 Κριτῶν
1458 5088 1550 5142 καὶ
1609 5089 1660 5142 οἱ
1721 5089 2074 5163 Ἀργοναῦται

405 5183 459 5235 οἱ
512 5178 638 5253 περὶ
699 5179 909 5234 Ἰάσονα
964 5175 1057 5230 τὸν
1123 5174 1518 5232 Θεσσαλονικὲα
1570 5177 1660 5232 καὶ
1719 5175 2074 5248 Πολυδεύκην

398 5269 497 5325 καὶ
559 5267 722 5322 Ὕλαν
785 5265 880 5321 καὶ
937 5263 1246 5337 Τελαμῶνα
1311 5265 1402 5320 καὶ
1458 5274 1585 5328 τοὺς
1646 5265 1877 5327 λοιποὺς
1939 5268 2075 5342 πρὸς

404 5360 504 5427 τῆν
541 5353 803 5434 Κολχίδα
835 5353 1180 5424 ἐκπλέοντες,
1213 5355 1302 5408 καὶ
1371 5351 1460 5408 διὰ
1487 5359 1584 5409 τοῦ
1644 5353 1890 5410 ἀνάπλου
1938 5355 2076 5431 πρὸς

398 5454 497 5522 τήν
568 5447 855 5514 Ποντικήν
922 5444 1193 5508 θάλασσαν
1257 5439 1509 5512 διαϐῆναι
1595 5441 1859 5511 θέλοντες,
1922 5445 2074 5500 ἀντι-

401 5547 622 5606 στάντος
673 5540 882 5596 αὐτοῖς
944 5532 1179 5602 Κυζίκου
1237 5537 1334 5588 τοῦ
1381 5532 1436 5588 ἐν
1495 5531 1896 5607 Ἑλλησπόντῳ
1941 5555 2076 5590 τοπ-

386 5635 700 5717 αρχοῦντος
763 5628 826 5683 ἐν
899 5623 1201 5698 ναυμαχίᾳ,
1289 5623 1382 5678 τὸν
1463 5625 1556 5696 μὲν
1614 5621 1923 5702 ἐφόνευσαν,
1975 5627 2076 5695 τὴν

443 5714 493 5768 ὦ
518 5733 678 5788 Dan.
725 5737 780 5789 ν,
821 5714 1017 5773 18-23.

2258 4912 2497 4967 Darium
2511 4910 2811 4966 interfecit
2829 4913 3013 4982 Cyrus
3031 4913 3229 4978 Persa,
3255 4926 3623 4982 regnumque
3646 4926 3834 4964 annos

2187 5004 2256 5056 32
2285 5002 2562 5071 obtinuit,
2596 5001 2840 5059 subacta
2869 5002 3031 5057 omni
3061 5001 3320 5074 regione.

2229 5105 2234 5108 '
2256 5092 2380 5156 Quo
2403 5098 2670 5164 tempore
2676 5092 2913 5164 judices
2925 5091 3203 5147 Israelico
3217 5091 3436 5162 populo
3450 5090 3837 5162 praefuerunt,

2186 5183 2539 5254 Argonautae
2566 5199 2702 5237 cum
2745 5183 2958 5236 Jasone
2989 5180 3294 5248 Thessalo,
3344 5179 3610 5247 Polluce,
3672 5179 3840 5250 Hyla,

2185 5271 2500 5328 Telamone
2532 5289 2601 5328 ac
2630 5272 2880 5342 reliquis
2911 5271 2970 5326 in
3004 5269 3347 5325 Colchidem
3397 5270 3841 5342 navigaverunt.

2187 5362 2459 5426 Quicum
2489 5379 2596 5433 per
2655 5378 2851 5417 .auces
2910 5361 2970 5414 in
3001 5361 3316 5414 Ponticum
3373 5375 3535 5414 mare
3586 5361 3844 5416 transire

2187 5451 2428 5515 vellent,
2455 5451 2727 5521 Cyzicum
2741 5448 3106 5520 Hellesponti
3143 5447 3452 5501 dominum
3474 5448 3666 5503 navali
3690 5466 3844 5520 pray—

2189 5539 2269 5594 lio
2295 5540 2456 5611 ipsos
2479 5538 2794 5610 prohibere
2814 5542 3128 5592 conantem
3164 5534 3611 5606 interfecerunt,
3636 5554 3703 5593 ac
3733 5539 3844 5609 Cy-

2187 5631 2375 5684 zicum
2391 5627 2598 5684 urbem
2616 5625 2982 5697 Hellesponti
3005 5625 3352 5696 primariam
3375 5631 3683 5698 ceperunt.
3717 5628 3845 5681 Mox
