4142 6412
358 397 478 459 243
1723 395 2018 458 GEORGI

2133 397 2434 458 lEDBENl
3665 392 3787 452 244

355 531 596 604 cognito
627 530 899 602 Cyzicum
953 529 1064 585 sibi
1111 545 1325 603 genere
1374 530 1772 601 propinquam
1811 530 2016 596 fuisse,

2133 525 2189 584 δὲ
2219 529 2450 599 Κύζικον
2491 524 2710 599 ἔλαϐον,
2746 526 3093 603 μητρόπολιν
3127 527 3283 581 οὖσαν
3347 523 3797 596 Ἑλλησπόντου*

358 621 534 676 venia
545 620 844 692 postulata
857 620 1146 692 templum
1171 619 1491 675 condidere
1512 619 1834 675 admodum
1848 620 2019 679 mira-

2133 618 2221 674 Καὶ
2291 619 2550 691 μαθόντες
2608 617 2691 674 ὅτι
2752 618 2982 687 Κύζικος
3043 617 3071 670 ὁ
3141 614 3370 688 σφαγεὶς
3425 613 3554 688 παρ’
3611 612 3794 668 αὐτῶν

361 711 522 777 bile;
555 715 734 780 atque
784 708 860 764 ad
912 709 1244 773 oraculum,
1299 709 1457 780 quod
1487 715 1579 764 est
1607 715 1743 764 ante
1777 709 2018 780 Pythias

2133 711 2392 788 συγγενὴς
2421 708 2488 776 ἦν
2538 707 2744 779 αύτοῖς,
2805 707 3138 784 συγγνώμην
3201 707 3457 779 ᾐτοῦντο,
3515 704 3606 758 καὶ
3668 703 3796 757 κτίο

364 801 650 866 thermas,
692 797 943 868 profecti
969 797 1257 854 Phoebum
1283 797 1624 868 Apollinem
1666 803 2021 869 rogaverunt

2133 804 2306 867 ζουσιν
2336 799 2480 870 ἱερὸν
2523 799 2826 870 θαυμάσιον
2885 795 3023 850 οἷον.
3086 794 3228 867 Πρὸς
3279 791 3336 848 Si
3391 793 3454 848 τὸ
3509 794 3618 846 τῶν
3675 792 3800 865 θερ·

363 895 430 944 ut
459 889 574 944 sibi
624 887 890 942 ediceret
921 888 1014 942 cui
1074 903 1143 942 ea
1172 886 1330 943 sedes
1390 888 1793 943 consecranda
1842 893 2018 943 esset.

365 981 734 1049 Responsum
765 977 837 1031 iis
870 978 929 1030 in
962 977 1115 1034 hanc
1147 982 1238 1032 est
1268 978 1628 1036 sententiam
1655 995 1668 1033 :

364 1069 602 1124 Assidue
629 1067 858 1121 sublime
884 1067 1046 1121 decus
1075 1065 1285 1122 virtute
1297 1073 1521 1137 parate,

363 1159 548 1225 Atque
575 1170 745 1211 unum
775 1153 875 1226 (sic
905 1155 1128 1223 mando)
1181 1157 1372 1223 Deum,
1400 1158 1498 1224 qui
1529 1161 1725 1211 cuncta
1753 1157 2026 1226 gubernat

365 1245 587 1300 Caelesti
615 1244 861 1299 residens
889 1244 1050 1310 solio,
1080 1243 1247 1301 colite
1276 1251 1442 1314 atque
1467 1247 1673 1299 timete.

362 1336 520 1390 Illius
549 1341 816 1388 atomum
841 1340 1038 1388 natum
1065 1340 1301 1404 anteque
1329 1335 1538 1390 saecula
1575 1335 1810 1389 Verbum

362 1427 556 1482 Nescia
592 1427 762 1494 Virgo
790 1425 898 1478 viri
925 1425 1205 1494 quondam
1231 1431 1407 1494 partu
1437 1431 1624 1480 tenera
1649 1426 1801 1492 edet;

365 1515 520 1571 210
552 1516 656 1578 Qui
691 1513 836 1568 velut
866 1512 1125 1582 igniferis
1154 1515 1396 1584 impulsa
1426 1516 1612 1583 sagita
1635 1514 1917 1584 procellis,

365 1601 688 1658 Edomitum
717 1602 910 1657 reddet
941 1604 1102 1657 Patri
1127 1618 1235 1672 pro
1265 1619 1493 1658 munere
1521 1604 1808 1658 mundum.

366 1694 568 1763 Hujus,
601 1708 768 1761 quam
800 1689 994 1746 Mariae
1037 1707 1230 1745 nomen
1283 1699 1494 1758 manet,
1554 1693 1704 1746 alma
1750 1691 2028 1762 Genitrix,

367 1785 639 1851 Agnoscat
670 1782 936 1851 templum
961 1782 1283 1851 proprium,
1314 1781 1420 1835 sibi
1448 1782 1558 1835 rite
1577 1779 1850 1837 dicatum.

2130 891 2246 960 μῶν
2313 893 2565 960 μαντεῖον
2622 885 2910 963 γενόμενοι
2965 885 3056 940 καὶ
3117 885 3416 956 θυσάμενοι
3501 880 3793 944 ἐπύθοντο·

2130 999 2158 1028 α
2192 979 2580 1054 Προφήτευσον
2609 969 2964 1048 ἡμῖν,Φοῖ6,
3019 971 3331 1039 ”Δπολλον,
3390 971 3538 1033 τίνος
3595 973 3653 1024 ἂν
3706 967 3794 1039 εἴη

2129 1060 2300 1139 δόμος
2368 1065 2632 1133 οὗτος;»
2694 1065 2783 1121 καὶ
2845 1063 3158 1118 ἀκούουσιν⁸
3203 1087 3231 1115 ‹‹
3290 1065 3432 1120 ’Όσα
3495 1061 3589 1133 μὶν
3651 1059 3792 1130 πρὸς

2129 1155 2325 1230 ἀρετὴν
2381 1156 2473 1210 καὶ
2529 1153 2737 1228 κόσμον
2795 1152 2991 1228 ὄρωρε,
3047 1157 3280 1208 ποιεῖτε,
3345 1152 3493 1227 Ἐγὼ
3552 1147 3609 1204 δὶ
3666 1148 3795 1224 ἐφε-

2127 1245 2280 1319 τμέω
2308 1250 2458 1319 τρεῖΛ
2485 1241 2576 1300 ἵνα
2621 1247 2822 1317 μοῦνον
2885 1239 3218 1316 ὑψιμέδοντα
3275 1240 3431 1308 Θεὸν,
3493 1239 3556 1294 οὗ
3613 1238 3800 1314 Λόγος

2130 1333 2355 1410 ἂφθιτος
2387 1333 2438 1388 ἐν
2470 1331 2622 1389 ἆδαεῖ
2673 1333 2844 1404 κούρη
2896 1327 3084 1406 ἔγκυος
3142 1325 3309 1388 ἔσται.
3367 1329 3545 1392 Οὗτος
3603 1326 3798 1405 ὥσπερ

2129 1423 2283 1494 τόξον
2316 1423 2617 1501 πυριφόρον
2681 1424 2841 1495 μέσον
2904 1418 3222 1494 διαδραμὼν
3280 1420 3490 1475 ἅπαντα
3545 1419 3796 1489 κόσμον,

2135 1515 2425 1588 ζωγρήσας
2497 1512 2665 1586 Πατρὶ
2751 1510 3009 1584 προσάξει
3097 1507 3292 1584 δῶρον.
3375 1507 3559 1575 Αὐτῆς
3641 1501 3798 1562 ἔσται

2135 1601 2305 1678 δόμος
2363 1603 2542 1668 οὗτοςο
2605 1603 2786 1678 Μαρία
2844 1599 2900 1657 δὶ
2957 1598 3204 1674 τοῦνομα
3257 1597 3447 1668 αὐτῆς.
3508 1623 3532 1650 ι›
3587 1603 3800 1654 Τοῦτον

2132 1693 2226 1749 τὸν
2259 1694 2515 1769 χρησμὸν
2550 1693 2601 1748 ἐν
2634 1693 2774 1766 λίθῳ
2811 1691 3138 1766 μαρμαρίνῳ
3191 1688 3456 1769 χαλκέοις
3503 1691 3800 1766 γράμμασι

2132 1783 2432 1857 γράψαντες
2465 1781 2540 1843 εἰς
2567 1781 2630 1836 τὸ
2658 1784 2756 1835 τοῦ
2805 1783 2935 1834 ναοῦ
2986 1778 3284 1853 ὑπέρθυρον
3339 1776 3621 1844 ἀννθεσαν,
3669 1777 3800 1831 τότε

368 1873 487 1930 Hoc
517 1871 825 1927 oraculum
857 1871 1029 1926 mrcis
1061 1871 1278 1926 litteris
1307 1871 1370 1926 in
1399 1887 1698 1926 marmore
1723 1872 2021 1943 impressis

2140 1873 2233 1945 μὲν
2295 1871 2618 1934 καλέσαντες
2703 1872 2794 1926 τὸν
2873 1889 3023 1926 οικον
3103 1869 3256 1930 Ῥέας
3346 1868 3554 1942 μητρὸς
3634 1871 3795 1935 θεῶν,

366 1961 876 2032 conscriptumilli
903 1960 964 2015 in
985 1976 1198 2032 supero
1226 1967 1410 2032 portas
1431 1960 1637 2016 limine
1664 1966 2014 2032 posuerunt.

360 2054 552 2121 Atque
581 2050 693 2121 ipsi
708 2049 949 2121 quidem
963 2055 1106 2104 tunc
1127 2049 1318 2104 eadem
1341 2050 1516 2105 Rheae
1539 2051 1747 2106 matris
1770 2052 2017 2106 deorum

361 2138 774 2207 dixerunt,sed
789 2155 859 2193 ea
879 2141 1344 2210 postea,Zenone
1359 2139 1712 2210 imperante,
1730 2139 2019 2210 templum

359 2235 582 2283 sanctm
615 2227 717 2282 Dei
750 2228 1064 2284 Genitricis
1093 2228 1477 2285 denominata
1508 2229 1639 2285 fuit.
1676 2231 1756 2286 Ex
1789 2245 1856 2284 eo
1890 2229 2020 2284 loco

359 2323 664 2372 moventes
682 2319 1198 2388 Argonautaa,cum
1217 2317 1438 2372 vellent
1464 2335 1570 2390 per
1592 2317 2018 2389 Propontidem

357 2407 656 2480 navigare,
706 2405 780 2461 ad
806 2409 1024 2477 Amyco
1074 2406 1356 2478 prohibiti
1390 2413 1550 2473 sunt,
1603 2407 1746 2478 ipsis
1787 2407 2019 2462 obviam

358 2512 494 2552 cum
524 2497 710 2567 copiis
759 2496 1046 2567 profecto.
1108 2496 1287 2567 Cujus
1319 2502 1485 2551 metu
1515 2513 1649 2551 cum
1699 2497 1762 2550 in
1819 2497 2016 2551 sinum

362 2586 681 2657 quemdam
695 2586 994 2640 desertum
1009 2592 1187 2657 atque
1203 2585 1548 2641 nemoribus
1561 2585 1822 2641 obsitum
1842 2602 2020 2640 naves

361 2674 810 2743 subduxissent,
843 2675 1169 2746 conspicati
1202 2681 1342 2730 sunt
1371 2675 1608 2730 caelitus
1642 2675 1786 2747 ipsis
1845 2693 2020 2748 appa-

356 2770 590 2822 rentem
620 2764 728 2818 viri
750 2765 1005 2819 formam
1025 2764 1728 2836 lerribilisaquilinisque
1743 2766 2019 2820 instructi

359 2854 613 2923 pennis;
647 2869 763 2923 quo
794 2853 916 2909 viso
957 2853 1292 2908 confirmati
1325 2870 1584 2926 pugnam
1633 2872 1768 2910 cum
1799 2857 2020 2926 Amyco

366 2947 820 3006 conseruerant,
854 2958 1043 3012 eoque
1075 2941 1408 3011 interfecto,
1442 2960 1558 3013 quo
1592 2943 1720 2999 loco
1751 2944 1810 2999 id
1832 2944 2020 2999 visum

366 3033 510 3104 ipsis
535 3031 801 3088 oblatum
819 3031 1030 3099 fuerat,
1054 3031 1345 3102 templum
1369 3032 1767 3088 condiderunt
1791 3049 2022 3088 :exem-

366 3123 638 3196 plerique
671 3122 801 3192 ejus
832 3122 990 3194 quod
1020 3129 1378 3193 apparuerat
1406 3124 1595 3178 visum
1620 3123 1679 3178 in
1703 3129 1898 3179 statua
1919 3139 2018 3178 ex-

365 3230 594 3286 presso,
626 3213 940 3284 templum,
973 3229 1005 3269 a
1055 3213 1246 3270 salute
1278 3214 1361 3268 ibi
1394 3221 1584 3285 parta,
1639 3215 2022 3272 Sosthenium

366 3301 849 3356 nominaverunt.
883 3301 1002 3355 Hoc
1043 3307 1253 3372 postea
1283 3301 1708 3358 Constantinus
1758 3304 2020 3374 Magnus,

365 3391 605 3447 oraculo
637 3407 742 3462 per
772 3391 1036 3462 quietem
1069 3391 1432 3459 admonitus,
1487 3393 1755 3458 mutavit,
1801 3409 2023 3464 araque

367 3479 441 3535 ad
472 3486 670 3535 ortum
703 3480 845 3536 solis
877 3497 1186 3545 conversa,
1218 3481 1510 3552 templum
1535 3482 1807 3538 Michaeli
1841 3499 2021 3554 angev

364 3571 562 3624 lorum
593 3568 851 3640 principi
878 3570 1266 3634 consecravit,
1300 3572 1600 3641 expressis
1629 3571 1689 3626 in
1731 3589 1800 3626 eo
1832 3572 2022 3627 omni-

371 3659 482 3714 bus
509 3658 820 3730 elegantias
847 3663 906 3713 et
926 3658 1308 3715 abundantius
1334 3660 1634 3732 operibus.
1666 3662 1830 3717 Victo
1853 3665 2026 3733 Amy-

370 3765 439 3802 co
499 3753 852 3819 Argonautse
911 3764 1045 3803 cum
1093 3749 1336 3806 Heracle
1399 3749 1460 3804 in
1492 3766 1654 3806 mare
1712 3751 2024 3807 Ponticum

371 3835 597 3890 advecti
621 3841 780 3892 sunt.
806 3834 1135 3906 urbemque
1159 3837 1424 3894 Herculis
1446 3839 1862 3910 cognominem
1891 3857 2025 3896 con-

372 3925 671 3982 diderunt.
701 3925 845 3980 Inde
894 3925 1058 3981 aurei
1091 3925 1325 3983 vellecis
1374 3943 1551 3985 causa
1580 3928 1643 3986 in
1681 3928 2024 3986 Colchidem

372 4031 613 4069 cursum
670 4019 1031 4080 tenuerunt;
1083 4016 1229 4072 211
1290 4021 1348 4072 et
1393 4034 1528 4074 cum
1578 4033 1758 4075 aureo
1805 4020 2025 4076 vellere

370 4103 572 4159 Medea
603 4103 804 4170 etiam,
836 4103 992 4175 regis
1017 4103 1138 4161 lilia
1161 4104 1444 4164 Colchicl.
1468 4124 1600 4177 qum
1620 4124 1823 4164 amore
1856 4109 2023 4165 laso-

365 4196 458 4250 nis
482 4199 754 4264 correpta
776 4193 988 4259 fuerat,
1027 4193 1300 4259 abducta.
1335 4196 1557 4252 reversi
1579 4203 1738 4252 sunt.
1764 4200 1842 4254 Eo
1875 4204 2026 4256 temo

366 4300 510 4355 pore
542 4285 684 4339 Tros
721 4282 784 4338 lli
818 4288 876 4339 et
905 4283 1262 4354 Ganymedis
1323 4290 1490 4355 pater
1546 4287 1812 4358 Phrygia:
1845 4289 2024 4359 impc-

363 4374 532 4428 rarit.
592 4373 645 4426 Is
704 4371 852 4428 duas
910 4372 1088 4428 urbes
1147 4374 1455 4443 exstruxit,
1521 4391 1735 4446 nempe
1790 4378 2023 4449 Trojam

367 4467 545 4530 atque
575 4461 750 4515 Ilium
774 4477 787 4526 ;
822 4459 896 4515 ad
929 4477 1178 4531 quarum
1202 4461 1620 4520 delioationem
1644 4481 1777 4520 cum
1801 4466 2026 4522 vicinos

370 4556 772 4607 convocasset.
796 4550 1024 4607 Tantali
1054 4553 1430 4621 Mycenarum
1462 4554 1618 4625 regis
1639 4554 1860 4611 oblitus
1891 4556 2019 4624 fuit,

2135 1960 2356 2036 ὕστερον
2419 1958 2474 2015 δὲ
2530 1960 2617 2016 ἐπὶ
2680 1963 2928 2031 Ζήνωνος
2988 1964 3084 2014 τοῦ
3157 1955 3428 2034 βασιλέως
3512 1957 3636 2018 ναὸς
3690 1963 3796 2025 τῆς

2131 2035 2286 2125 ἁγίας
2345 2051 2613 2106 Θεοτόκου
2671 2049 3104 2123 μετωνόμασται.
3201 2049 3436 2102 Ἐκείθεν
3494 2045 3678 2100 τοίνυν
3739 2035 3799 2098 οἱ

2131 2143 2491 2216 Ἀργοναῦται
2551 2140 2972 2214 έξορμήσαντες,
3057 2137 3150 2192 καί
3235 2133 3325 2190 διὰ
3380 2139 3477 2190 τοῦ
3543 2132 3793 2190 ἀνάπλου

2133 2228 2462 2304 βουλόμενοι
2496 2228 2813 2303 παρελθεῖν,
2846 2225 3153 2282 ἐκωλύοντο
3185 2225 3291 2280 ύπὸ
3342 2222 3592 2297 Ἀμύκου
3623 2243 3801 2296 στρα-

2128 2319 2428 2390 τευομένου
2481 2319 2600 2371 κατ’
2661 2316 2860 2372 αὐτῶν.
2923 2313 3170 2377 Δεδιότες
3232 2313 3327 2368 οὖν
3407 2313 3602 2385 κόλπῳ
3679 2311 3793 2367 τινὶ

2128 2406 2302 2482 ἀγρίῳ
2360 2405 2449 2462 καὶ
2510 2403 2750 2461 ἀλσώδει
2806 2405 3194 2480 προσίσχουσι.
3285 2402 3454 2460 Κάκεῖ
3524 2401 3784 2456 ὀπτασίαν

2131 2496 2274 2552 θείαν
2332 2495 2382 2566 ἐξ
2442 2497 2679 2570 ούρανοῦ
2751 2493 2937 2555 αὐτοῖς
3024 2493 3372 2572 ἐπιφανεῖσαν
3456 2491 3508 2546 ἂν
3591 2488 3785 2564 ἀνδρὸς

2130 2579 2366 2663 φοϐεροῦ
2424 2581 2576 2650 εἴδει,
2636 2584 2914 2659 πτέρυγας
2973 2582 3048 2643 ὡς
3132 2581 3293 2636 ἀετοῦ
3375 2579 3800 2652 περικειμένου,

2131 2674 2450 2746 θασᾶμενοι,
2518 2671 2698 2744 τούτῳ
2780 2670 3288 2747 καταθαῤῥτςσαντες
3383 2668 3461 2730 εἰς
3540 2666 3791 2739 πόλεμον

2127 2769 2205 2836 τῷ
2230 2765 2456 2837 Ἀμύκῳ
2523 2759 2924 2837 συμϐαλλουσι.
2987 2761 3088 2818 Καὶ
3149 2760 3556 2820 ἀποκτείναντες
3613 2754 3800 2812 αὺτὸν»

2128 2852 2343 2910 ἱέκτισαν
2388 2853 2440 2908 ἐν
2499 2857 2578 2925 τῷ
2639 2860 2738 2922 τῆς
2797 2851 3057 2913 ὀπτασίας
3128 2851 3283 2921 τόπῳ
3336 2849 3499 2922 ἱερόν.
3559 2845 3662 2903 Καὶ
3722 2843 3779 2901 δι

2133 2943 2338 3005 εἷ’κόνος
2370 2951 2470 3013 τῆς
2502 2942 2689 3002 αὐτοῖς
2744 2941 3034 3015 ὁραθείσης
3093 2945 3308 3018 μορφῆς
3362 2937 3426 2992 τὸ
3489 2936 3795 3008 ἐκτύπωμα

2131 3033 2614 3104 ἀναστηλώσαντες
2670 3030 2966 3087 Σωσθένιον
3027 3029 3090 3086 τὸ
3145 3024 3290 3102 ἱέρὸν
3349 3027 3640 3099 ὠνόμασαν
3699 3022 3792 3080 διὰ

2131 3124 2217 3199 [Ρ.
2256 3125 2378 3196 120]
2403 3123 2466 3178 τὸ
2496 3123 2552 3179 έν
2583 3123 2763 3194 τούτῳ
2791 3119 2990 3183 αὐτοὺς
3018 3120 3280 3187 σωθῆναι.
3315 3117 3486 3174 Τοῦὶο
3535 3115 3597 3171 τὸ
3637 3115 3790 3188 ἱερὸν

2133 3212 2353 3288 ὕστερον
2409 3213 2438 3267 ό
2501 3209 2669 3286 μέγας
2727 3211 2780 3264 έν
2842 3206 3127 3284 βασιλεῦσι
3205 3211 3611 3266 Κωνσταντῖνος
3666 3204 3794 3258 κατ’

2136 3301 2264 3376 ὄναρ
2297 3301 2696 3382 χρηματισθεὶς
2760 3298 3109 3374 μετεποίησε,
3170 3298 3259 3351 καὶ
3315 3296 3378 3351 τὸ
3443 3295 3792 3382 μενέουσια-

2134 3381 2358 3468 στήριον
2387 3392 2526 3467 πρὸς
2577 3389 2846 3450 ἀνατολὰς
2886 3389 3014 3463 όρᾷν
3074 3387 3342 3453 ἱτύπωσε,
3400 3384 3492 3439 τὸν
3553 3381 3609 3438 δὶ
3659 3382 3792 3437 ναὸν

2136 3489 2232 3541 τοῦ
2263 3479 2619 3558 ἀρχαγγέλου
2653 3476 2882 3555 Μιχαὴλ
2919 3475 3159 3547 ξκᾶλεσε,
3210 3479 3381 3530 πᾶσαν
3427 3471 3790 3548 καλλιεργίαν

2134 3575 2223 3629 καὶ
2281 3570 2654 3650 καρποφορίαν
2715 3569 2769 3627 έν
2822 3569 2974 3640 αὐτῷ
3027 3567 3306 3628 τυπώσας.
3369 3564 3516 3621 Μετᾶ
3572 3563 3631 3618 δὲ
3683 3563 3792 3631 τὴν

2134 3667 2289 3734 νίκην
2348 3661 2592 3735 Ἀμύκου
2651 3659 2704 3714 οἱ
2781 3660 3150 3734 Ἀργοναῦται
3239 3655 3355 3728 μεθ’
3440 3650 3784 3728 Ἡρακλέους

2135 3753 2219 3808 ἰπὶ
2287 3755 2388 3821 τὴν
2474 3750 2744 3818 Ποντικὴν
2817 3747 3088 3802 θάλασσαν
3171 3742 3560 3802 ἐκπλεύσαντες
3623 3739 3794 3797 πόλιν

2134 3840 2416 3915 έδείμαντο
2469 3838 2557 3895 ἐπὶ
2614 3843 2694 3910 τῷ
2765 3839 2862 3892 τοῦ
2912 3833 3246 3910 Ἡρακλέους
3321 3832 3571 3905 ὀνόματι.
3654 3831 3796 3886 Εἶτα

2136 3929 2225 3988 διὰ
2255 3931 2316 3986 τὸ
2348 3933 2584 4006 χρυσοῦν
2616 3925 2772 4000 δέρας
2804 3923 2892 3980 imi
2923 3925 3022 3993 τήν
3083 3919 3338 4000 Κολχίδα
3368 3918 3796 3994 διαπεράσαντες

2134 4020 2264 4077 αὐτό
2303 4041 2361 4076 τε
2396 4005 2505 4074 καὶ
2558 4013 2805 4087 Μήδειαν
2859 4017 2958 4084 τὴν
3016 4017 3113 4068 τοῦ
3174 4008 3448 4086 βασιλέως
3509 4005 3791 4082 Κολχίδος

2133 4108 2422 4185 θυγατέρα,
2494 4108 2732 4166 Ἰάσονος
2840 4103 3169 4177 ἐρασθεῖσαν,
3281 4098 3599 4172 ἀνελόμενοι
3686 4097 3793 4154 ὑπ-

2137 4200 2416 4272 έστρεψαν.
2449 4197 2586 4253 Τότε
2622 4195 2712 4249 καὶ
2745 4195 2902 4267 Τρὼς
2947 4198 3048 4260 τῆς
3097 4194 3329 4266 Φρυγῶν
3377 4189 3564 4263 χώρας
3615 4187 3796 4260 ἦρχεν

2137 4285 2347 4344 ὁἿλου
2379 4287 2470 4342 καὶ
2533 4281 2888 4357 Γανυμήδους
2940 4283 3144 4353 πατήρ.
3205 4279 3380 4340 Οὗτος
3440 4274 3536 4332 δύο
3593 4276 3793 4336 πόλεις

2135 4376 2335 4452 Τροίαν
2377 4376 2466 4431 καὶ
2496 4373 2666 4431 ’Ἴλιον
2692 4369 3042 4444 ᾠκοδόμησε,
3083 4369 3173 4424 καὶ
3229 4368 3358 4429 τοὺς
3409 4365 3795 4439 ἀστυγείτονας

2137 4467 2212 4529 εἰς
2267 4468 2358 4522 τὸν
2424 4463 2768 4540 ἐγκαινισμὸν
2839 4465 2944 4516 τῶν
3002 4458 3219 4515 πόλεων
3279 4453 3796 4532 προσκαλεσάμενος

2135 4561 2233 4614 τοῦ
2293 4553 2623 4623 Μυκηναίων
2712 4551 3030 4612 ἀνάσσοντος
3095 4547 3376 4607 Ταντάλου
3472 4543 3794 4608 έπελάθετο’

371 4646 550 4709 atque
582 4640 741 4694 hunc
773 4644 1087 4709 propterea
1117 4641 1228 4695 sibi
1261 4641 1562 4698 infensum
1585 4643 1809 4699 habuit.
1848 4647 2021 4701 Vove-

2137 4647 2195 4708 ὅς
2253 4646 2342 4700 καὶ
2405 4645 2482 4706 εἰς
2539 4641 2738 4717 ἔχθραν
2794 4639 2946 4713 αὑτῷ
3004 4637 3093 4694 διὰ
3162 4642 3326 4693 τοῦτο
3413 4635 3796 4704 ἀντεκατέστη.

373 4735 464 4784 rat
495 4735 630 4782 ante
663 4727 982 4783 mdiﬁcatas
1008 4727 1186 4784 urbes
1205 4731 1346 4785 Tros
1361 4730 1765 4788 Jovivictimas
1787 4751 1847 4789 se
1879 4735 1929 4789 ei
1964 4740 2024 4790 et

372 4816 530 4872 dona
561 4817 620 4869 in
650 4817 945 4886 Europam
979 4815 1328 4872 missurum.»
1359 4818 1583 4874 Idcirco
1622 4821 1871 4878 urbibus
1893 4823 2021 4894 jam

370 4905 660 4962 absolutis
691 4905 1091 4976 Ganymedem
1133 4922 1268 4961 cum
1299 4909 1368 4961 50
1397 4908 1538 4964 viris
1569 4908 1727 4966 dona
1757 4916 1816 4966 et
1847 4913 2020 4968 victi-

367 5012 494 5051 mas
526 4996 599 5050 ad
661 4994 951 5066 templum
1007 4995 1160 5052 Jovis
1210 4995 1459 5052 allatum
1489 4999 1690 5056 mittit.
1747 5002 2025 5058 Tantalus

367 5102 504 5143 vero
537 5084 740 5143 dolum
801 5082 1047 5141 subesse
1104 5084 1460 5156 suspicatus,
1518 5088 1698 5145 misso
1738 5091 2021 5158 exercitu,

367 5173 774 5246 Ganymedem
810 5189 944 5231 cum
967 5173 1252 5230 comitatu
1274 5176 1492 5246 rapuit,
1519 5176 1786 5233 dicentes
1816 5196 1878 5234 se
1909 5181 2024 5236 Eu-

365 5285 561 5338 ropaao
591 5266 712 5324 Jovi
730 5265 996 5322 victimas
1012 5266 1244 5321 afferre.
1267 5269 1636 5339 Ganymedes
1657 5272 2023 5342 turpitudine

365 5360 450 5414 rei
481 5365 542 5414 et
567 5364 732 5416 metu
756 5364 1174 5414 consternatus
1198 5359 1256 5414 in
1284 5362 1556 5416 morbum
1583 5363 1812 5430 incidit,
1838 5364 2022 5435 impe-

368 5453 636 5516 trataque
669 5448 972 5504 venianon
991 5447 1181 5503 multo
1203 5455 1336 5520 post
1355 5451 1473 5504 vita
1494 5450 1746 5508 exccdtt.
1768 5453 2023 5509 Proinde

371 5550 622 5590 munera
650 5538 877 5591 Tantali
922 5537 1108 5606 jussu
1138 5537 1274 5593 fano
1304 5540 1458 5593 lovis
1515 5540 1746 5597 reddita
1777 5547 1933 5610 sunt,
1969 5548 2027 5598 et

371 5622 642 5694 reliquiae
659 5625 1012 5695 Ganymedis
1031 5627 1090 5680 in
1102 5629 1326 5698 templo
1340 5631 1500 5686 intus
1519 5631 1862 5685 reconditae.
1881 5633 2024 5688 Hinc

370 5712 575 5768 fabula
603 5715 855 5769 conficta
875 5720 986 5783 est,
1019 5716 1416 5787 Ganymedem
1449 5737 1481 5775 a
1511 5722 1646 5776 Jove
1674 5721 1733 5776 in
1761 5723 2025 5792 aquilam

2133 4739 2233 4794 Ἤν
2303 4733 2358 4790 δὲ
2424 4737 2452 4790 ό
2511 4734 2670 4808 Τρὼς
2727 4733 2832 4807 πρὸ
2887 4733 2987 4800 τῆς
3043 4734 3152 4784 τῶν
3207 4727 3423 4783 πόλεων
3486 4722 3797 4797 οἰκοδομῆς

2134 4827 2418 4900 εὐξάμενος
2441 4825 2610 4899 εὐχὴν
2663 4828 2741 4896 τῷ
2798 4823 2905 4893 Διὶ,
2961 4819 3146 4881 θυσίας
3203 4818 3293 4873 καὶ
3353 4814 3502 4889 δῶρα
3559 4814 3797 4887 πέμπων

2135 4917 2210 4979 εἷς
2242 4916 2538 4990 Εὐρώπην.
2573 4913 2677 4973 Καὶ
2727 4911 2843 4967 ἐπεὶ
2901 4912 2957 4965 αἳ
3009 4908 3200 4970 πόλεις
3259 4905 3637 4975 έτελέσθησαν,
3695 4904 3794 4958 τὸν

2139 5003 2461 5080 Γανυμήδην
2522 5002 2616 5058 σὺν
2705 4999 2924 5077 ἀνδράσι
2980 4999 3319 5068 πεντήκοντα
3387 4993 3539 5068 δῶρά
3593 5014 3650 5050 τε
3698 4994 3796 5048 καὶ

2136 5098 2320 5159 θυσίας
2348 5095 2486 5170 πρὸς
2511 5095 2574 5148 τὸ
2617 5098 2713 5147 τοῦ
2772 5091 2893 5153 Διὸς
2953 5090 3096 5164 ἱερὸν
3157 5087 3445 5158 ἐκπέμπει.
3506 5081 3797 5144 Τάνταλος

2137 5186 2193 5243 δὶ
2247 5185 2412 5243 δόλον
2472 5183 2698 5254 εῗηθεὶς,
2760 5178 2990 5252 δύναμιν
3045 5175 3378 5236 ἀποστείλας
3433 5175 3644 5245 ἥρπασε
3695 5178 3801 5227 Γα-

2136 5273 2388 5350 νυμήδην
2417 5272 2660 5333 καὶτοὺς
2695 5272 2809 5344 μετ’
2840 5269 3028 5338 αὐτοῦ,
3091 5265 3146 5322 ο¹ί
3205 5267 3295 5321 καὶ
3355 5262 3549 5338 ἔλεγον
3609 5262 3803 5326 θυσίας

2134 5347 2382 5439 κομίζειν
2430 5368 2509 5434 τῷ
2566 5360 2874 5435 Εὐρωπαίῳ
2932 5357 3035 5413 Διί.
3083 5358 3144 5414 Ὁ
3203 5353 3260 5410 8t
3314 5350 3641 5426 Γανυμήδης
3703 5347 3802 5406 διὰ

2133 5457 2232 5524 τήν
2292 5454 2558 5529 αἰσχύνην
2619 5452 2733 5519 ’ἁμα
2799 5449 2889 5504 καὶ
2942 5449 3033 5503 τὸν
3091 5440 3258 5523 φόϐον
3338 5442 3627 5517 ἀβρωστεῖ,
3697 5442 3792 5496 καὶ

2135 5545 2462 5622 συγγνώμης
2518 5539 2799 5615 τυγχάνει,
2882 5537 3028 5594 ἀλλὰ
3118 5538 3230 5609 μετ’
3290 5532 3484 5607 ὀλίγον
3541 5529 3793 5601 τελευτᾷ.

2138 5621 2237 5692 Καὶ
2295 5634 2363 5688 τὰ
2425 5632 2519 5706 μὲν
2579 5628 2726 5700 δῶρα
2785 5633 2882 5683 τοῦ
2939 5625 3220 5682 Ταντάλου
3299 5621 3654 5681 κελεύσαντος
3710 5625 3797 5691 τῷ

2137 5727 2269 5801 ἰερῶ
2299 5727 2394 5778 τοῦ
2427 5723 2549 5783 Διὸς
2581 5716 2845 5790 ἀπεδόθη,
2877 5717 2938 5774 τὸ
2991 5715 3048 5772 δὶ
3097 5715 3350 5790 λείψανον
3399 5711 3564 5767 αὐτοῦ
3612 5709 3666 5764 ἑν
3708 5713 3797 5781 τῷ
