4142 6426
340 396 461 460 145

1513 399 2062 466 HISTORIARUN
2106 401 2656 472 OOMPINDIUM.

3664 415 3784 476 246

354 537 469 606 ναῷ
532 527 685 588 Mor
773 531 1040 605 ἀπετίθη.
1130 536 1400 600 Ἐντεῦθεν
1481 536 1846 610 ἐμυθεύσαντο
1918 535 2004 594 τὸν

2127 557 2407 601 converso
2438 547 2674 619 (nempe
2705 545 2779 603 ob
2806 545 3174 606 celeritatem
3208 553 3436 626 raptus)
3466 552 3778 627 abreptum

362 624 456 679 Δία
515 621 811 698 γενόμενον
883 624 1063 693 ἀετὸν,
1131 621 1223 680 διὰ
1284 625 1348 680 τὸ
1411 632 1514 696 τῆς
1585 627 1837 703 ἁρπαγῆς
1905 625 2020 702 ὀξὺ,

357 715 447 770 τὸν
478 709 811 786 Γανυμήδην
845 708 1140 769 ἀναλαϐεῖν
1170 714 1246 776 εἷς
1273 715 1338 769 τὸ
1367 715 1641 792 οἰνοχοεῖν
1672 718 1839 790 αὐτῷ,

429 804 515 860 Ἐν
573 806 692 863 τοῖς
753 803 942 864 αὐτοῖς
1003 804 1228 878 χρόνοις
1283 809 1390 858 τῶν
1453 810 1664 877 Κριτῶν
1706 802 2022 862 ἐϐασίλευσε

351 899 450 960 τῆς
485 890 760 965 Εὐρώπης
812 892 841 947 ὁ
900 892 1176 960 Λάπαθος,
1226 889 1356 972 ἔσχε
1393 891 1451 949 δὶ
1482 892 1579 949 δύο
1609 895 1760 959 υἱοὺς
1793 895 2019 972 Ἀχαιὸν

355 983 444 1037 καὶ
503 983 760 1038 Λάκωνα.
815 981 1256 1052 Τελευτήσαντος
1315 980 1373 1038 δὲ
1428 989 1525 1039 τοῦ
1574 987 1780 1060 πατρὸς
1815 985 1890 1047 είς
1923 984 2018 1041 δύο

359 1071 722 1145 κατεμερισθη
755 1073 791 1140 ἡ
825 1071 995 1145 ἀρχή.
1057 1072 1118 1128 Ὀ
1155 1069 1334 1126 τοίνυν
1391 1072 1580 1128 Λάκων
1628 1075 1727 1143 τὴν
1765 1074 2020 1148 ἡμίσειαν

362 1162 546 1236 χώραν
607 1158 800 1235 λαχὼν
868 1161 1188 1228 Λακωνικὴν
1267 1159 1540 1217 ἐκάλεσεν·
1607 1166 1674 1232 ἧς
1724 1165 2020 1237 τριάκοντα

353 1255 504 1324 τρεῖς
564 1248 800 1327 χρόνους
863 1247 1192 1324 βασιλεύσας
1249 1248 1424 1306 ἔκτισε
1498 1250 1660 1306 πόλιν
1746 1251 2015 1324 παράλιον

354 1341 457 1406 τήν
513 1339 796 1394 Γαθυνίαν.
859 1339 958 1392 Καὶ
1021 1343 1136 1411 μετ’
1207 1337 1367 1394 αὐτὸν
1425 1337 1589 1395 ἄλλοι
1647 1340 1789 1402 τινες
1849 1340 2014 1415 ἦρξαν

351 1425 459 1488 ἕως
491 1424 738 1496 Θεστίου,
799 1425 858 1487 ὅς
914 1427 1062 1500 παρὰ
1117 1427 1208 1481 τὸν
1260 1426 1516 1501 Εὐρώταν
1558 1429 1804 1501 ποταμὸν
1851 1428 2016 1484 πόλιν

349 1513 642 1587 οἰκοδομεῖ
668 1515 768 1582 τήν
799 1513 1044 1570 Θεστίαν.
1079 1516 1252 1577 Οῧτος
1286 1517 1314 1570 ὁ
1347 1517 1569 1579 Θέστιος
1598 1522 1706 1571 τῶν
1742 1517 2013 1572 Λακώνων

352 1603 686 1680 βασιλεύσας
738 1605 912 1660 τίκτει
972 1606 1266 1680 θυγατέρας
1339 1611 1480 1680 τρεῖς
1553 1605 1630 1670 είς
1698 1601 2015 1680 ὕπερὸολήν

347 1694 662 1768 εὐπρεπεῖς.
731 1691 917 1763 Λήδαν
985 1694 1076 1749 καὶ
1139 1695 1369 1751 Κλυτίαν
1437 1696 1528 1750 καὶ
1598 1694 1920 1767 Μελίππην,
1953 1695 2010 1751 αῖ

345 1783 437 1838 καὶ
475 1781 782 1845 Λακωνίδες
815 1781 1129 1840 ἐκαλοῦντο.
1175 1786 1288 1854 Τήν
1343 1783 1524 1858 μέντοι
1577 1784 1760 1855 Λήδαν
1803 1785 2010 1844 Τυνδά-

2127 648 2194 689 ac
2226 634 2355 706 ejus
2386 636 2735 707 pincernam
2765 635 3010 695 factum.

2196 817 2413 874 Eadem
2462 817 2737 876 Iudicum
2789 824 2961 877 astate
2989 837 3238 896 regnum
3287 824 3535 898 Europae
3589 828 3780 882 tenuit

2125 907 2438 980 Lapathus.
2469 908 2625 964 Duos
2649 908 2746 965 hic
2773 907 2928 965 filios
2961 909 3186 979 habuit,
3215 911 3496 970 Achaeum
3521 917 3580 970 et
3599 914 3777 971 Laco-

2124 1011 2283 1052 nem.
2343 1000 2548 1069 Itaque
2579 997 2708 1070 ipso
2741 1007 2976 1055 mortuo
3022 1015 3273 1073 regnum
3304 1002 3365 1058 in
3400 999 3548 1060 duas
3579 1009 3777 1076 partes

2125 1092 2215 1142 est
2245 1087 2560 1143 divulsum.
2593 1088 2743 1145 Laco
2775 1087 3039 1146 dimidiae
3068 1093 3232 1165 regni
3267 1093 3444 1165 parti,
3485 1107 3618 1168 quae
3668 1095 3778 1152 sibi

2124 1174 2434 1245 obtigerat,
2465 1192 2685 1233 nomen
2744 1177 3046 1235 Laconicae
3097 1181 3336 1248 indidit,
3371 1188 3429 1238 et
3467 1183 3528 1238 in
3571 1197 3640 1239 ea
3668 1185 3780 1239 tri-

2122 1265 2284 1339 ginta
2313 1270 2434 1321 tres
2457 1282 2648 1323 annos
2695 1271 2978 1341 regnavit,
3035 1269 3364 1343 urbemque
3413 1272 3776 1330 maritimam

2121 1353 2471 1427 Gathyniam
2505 1353 2835 1413 aedificavit.
2857 1359 2997 1414 Post
3026 1356 3186 1415 hunc
3215 1360 3315 1415 alii
3337 1359 3578 1432 quidam
3608 1379 3776 1436 reges

2119 1444 2361 1500 fuerunt
2391 1444 2545 1503 212
2576 1463 2765 1518 usque
2796 1446 2870 1504 ad
2899 1447 3227 1517 Thestium,
3261 1451 3360 1524 qui
3394 1449 3467 1508 ad
3497 1452 3775 1508 Eurotam

2121 1532 2364 1590 ﬂuvium
2419 1533 2630 1592 urbem
2679 1535 2979 1592 Thestiam
3041 1536 3324 1594 fundavit.
3397 1540 3451 1596 Is
3505 1539 3777 1596 Thestius

2122 1622 2418 1678 Laconum
2445 1640 2547 1678 rex
2581 1631 2698 1679 tres
2729 1624 2896 1696 longe
2932 1625 3363 1697 pulcherrimas
3395 1625 3548 1683 filias
3569 1643 3775 1702 proge-

2119 1711 2364 1779 neravit,
2391 1710 2630 1777 Ledam,
2645 1712 2918 1784 Clytiam,
2935 1712 3249 1786 Melippam
3263 1761 3274 1785 ,
3290 1715 3557 1784 nomine,
3575 1731 3705 1790 quae
3719 1724 3778 1773 et

2120 1799 2444 1856 Laconides
2456 1801 3157 1873 appellabantur.Ledam
3170 1805 3511 1878 Tyndareus
3527 1823 3773 1862 uxorem

347 1895 493 1948 ρεως
523 1869 709 1929 λαϐὼν
766 1874 842 1936 εἷς
901 1880 1152 1948 γυναῖκα,
1207 1875 1266 1937 ὅς
1323 1876 1414 1931 καὶ
1477 1877 1612 1949 μετὰ
1660 1879 1877 1933 Θεστιον
1907 1884 2004 1946 τῆς

2119 1887 2306 1959 duxit,
2341 1890 2442 1962 qui
2475 1869 2606 1963 post
2634 1889 2940 1948 Thestinm
2986 1869 3288 1949 Laconicae
3339 1910 3518 1967 regno
3550 1897 3772 1966 potitus

346 1969 456 2019 τῶν
505 1963 780 2019 Λακώνων
842 1965 1033 2038 γώρας
1090 1963 1476 2038 ἐπεκράτησεν,
1535 1961 1692 2044 ἔσχεν
1740 1965 1792 2037 ἐξ
1842 1965 2007 2036 αὐτῆς

349 2056 448 2120 τήν
519 2053 1043 2129 Κλυταιμνήστραν,
1107 2054 1172 2124 ἢν
1239 2056 1375 2128 μετὰ
1436 2059 1604 2110 ταῦτα
1643 2055 2003 2130 ’Δγαμὲμνων

354 2145 585 2219 ἠγάγετο
652 2149 903 2221 γυναῖκα,
969 2149 1077 2199 τῶν
1139 2143 1467 2215 Μυκηναίων
1519 2145 1548 2199 ὁ
1595 2144 1876 2220 βασιλευς.
1941 2152 2004 2204 Ὴ

356 2234 532 2306 μέντοι
597 2231 753 2304 Λήδα
852 2233 905 2290 ἰν
1010 2234 1282 2308 προστείῳ
1349 2237 1498 2310 παρὰ
1555 2237 1646 2290 τὸν
1749 2236 2006 2311 Εὐρώταν

344 2323 708 2396 ὡραϊζομένη,
742 2321 861 2380 ἐπεὶ
914 2321 1234 2397 Τυνδάρεως
1286 2325 1363 2396 μὴ
1416 2326 1604 2399 παρὼν
1657 2327 1741 2398 [Ρ.
1782 2327 1902 2399 121]
1934 2327 2002 2396 ἦν

347 2414 701 2487 μοιχευθεῖσα
735 2412 840 2468 ὑπὸ
878 2413 1148 2485 νεωτέρου
1194 2411 1342 2474 τινὸς
1393 2411 1604 2469 Κύκνου
1635 2411 2004 2487 καλουμένου,

341 2502 464 2554 υἱοῦ
527 2500 850 2575 Ἑδερίωνος
921 2499 1192 2576 βασιλέως·
1261 2503 1513 2577 Ἀχαῒας,
1582 2501 1752 2558 τίκτει
1824 2505 2000 2583 βρέφη

338 2591 464 2664 τρία
503 2591 557 2645 ἓν
605 2591 683 2645 ivi
728 2594 959 2662 τοκετῷ,
1007 2590 1279 2664 Κάστορα,
1329 2587 1678 2661 Πολυδεύκην
1723 2593 1810 2647 καὶ
1846 2589 2004 2649 Ἑλέο

336 2699 452 2748 νην.
503 2681 604 2735 Ἦν
655 2676 712 2734 δὲ
776 2681 810 2748 ἡ
879 2677 1068 2751 Ἑλένη
1138 2679 1471 2755 ὡραιοτάτη,
1513 2678 1579 2749 ἤν
1609 2681 1638 2735 ὁ
1681 2678 2002 2758 Τυνδάρεως

339 2767 604 2840 Μενελάῳ
633 2766 860 2845 ἀδελφῳ
891 2768 1310 2842 Ἀγαμέμνονος,
1349 2768 1694 2843 βασιλεύοντι
1742 2770 1866 2826 τότε
1893 2777 2002 2826 τῶν

339 2860 632 2932 Ἀργείων,
701 2857 779 2920 εἷς
844 2864 1071 2934 γυναῖκα
1140 2856 1372 2928 ἐξέδοτο.
1439 2857 1576 2933 Είκῇ
1636 2860 1728 2914 οὗν
1772 2860 1863 2914 τὸν
1911 2860 2005 2916 Δία

339 2949 537 3005 κύκνον
586 2951 830 3025 γενέσθαι
885 2950 974 3004 καὶ
1044 2953 1112 3023 τῇ
1162 2946 1318 3021 Λήδᾳ
1363 2949 1635 3014 συνελθεῖν
1688 2951 2003 3024 μεμυθολο-

338 3043 574 3115 γῆκασιν
607 3041 660 3093 οἱ
691 3041 939 3108 ποιηταί.

409 3133 498 3188 Ἑν
559 3135 679 3193 τοῖς
732 3131 965 3206 χρόνοις
1021 3132 1117 3185 τοῦ
1173 3133 1366 3203 κριτοῦ
1425 3128 1670 3204 Σαμψὼν
1731 3129 2002 3206 Δάρδανος

342 3224 437 3294 μὲν
500 3223 619 3284 υίὸς
657 3221 810 3278 Ἴλου
866 3226 974 3276 τῶν
1029 3225 1286 3298 Φρυγῶν,
1325 3219 1612 3292 Ἐλλήνων
1655 3221 1712 3277 εὶ
1776 3223 2000 3292 καὶτῆς
2034 3273 2074 3298 Π

2117 1985 2227 2047 est,
2261 1986 2318 2034 et
2349 1998 2417 2036 ex
2448 1997 2516 2035 ea
2548 1982 2788 2036 sustulit
2819 1981 3350 2052 Clytmmnestram,
3385 1999 3565 2055 quam
3605 1991 3772 2056 post—

2113 2087 2183 2125 ea
2213 2071 2499 2141 temporis
2531 2074 2895 2142 Agamemno
2929 2074 3306 2142 Mycenarum
3357 2090 3460 2128 rex
3491 2075 3768 2147 conjugio

2113 2159 2222 2213 sibi
2257 2158 2571 2230 copulavit.
2599 2159 2817 2214 Verum
2836 2160 2990 2215 Leda
3011 2161 3073 2215 in
3091 2161 3376 2216 suburbio
3395 2161 3468 2216 ad
3488 2162 3766 2218 Eurotam

2113 2261 2248 2303 cum
2272 2263 2356 2312 se,
2390 2247 2635 2304 absente
2663 2249 2992 2320 Tyndareo,
3016 2249 3344 2306 oblectaret
3372 2265 3507 2308 cum
3550 2253 3771 2324 juvene

2113 2337 2370 2406 quodam
2401 2337 2496 2392 cui
2554 2339 2784 2409 Cygnus
2813 2351 3056 2403 nomen,
3116 2339 3369 2395 Ederion
3417 2340 3770 2398 Achaeorum

2112 2443 2212 2483 rex
2243 2433 2413 2500 pater
2440 2429 2574 2499 fuit,
2607 2428 2972 2486 adulterium
3003 2431 3341 2499 commisit;
3375 2437 3550 2504 atque
3583 2451 3651 2489 ex
3704 2451 3772 2490 eo

2111 2527 2233 2577 tres
2263 2536 2384 2578 uno
2414 2529 2587 2594 partu
2609 2521 2868 2578 infantes
2890 2521 3096 2592 edidit,
3130 2524 3432 2582 Castorem
3464 2523 3771 2598 nimirum,

2112 2609 2416 2666 Pollucem
2479 2616 2656 2683 atque
2743 2609 3049 2669 Helenam.
3125 2613 3584 2670 Formosissima
3661 2613 3775 2672 fuit

2111 2698 2336 2755 Helena
2364 2715 2379 2768 ;
2405 2713 2584 2771 quam
2610 2697 2946 2773 Tyndareas
2969 2700 3233 2757 Menelao
3265 2703 3386 2775 regi
3409 2718 3477 2758 eo
3502 2708 3769 2776 tempore

2108 2789 2480 2863 Argivorum,
2509 2791 2678 2846 fratri
2713 2792 3198 2863 Agamemnonis,
3223 2798 3476 2864 nuptum
3500 2792 3766 2849 tradidit.

2111 2882 2281 2939 Falso
2313 2881 2511 2955 itaque
2553 2889 2744 2957 poetae
2777 2885 3096 2940 commenti
3133 2891 3271 2940 sunt
3299 2885 3498 2941 Jovem
3547 2886 3608 2940 in
3645 2887 3768 2941 olo-

2113 2989 2237 3029 rem
2260 2988 2609 3030 conversum
2643 2988 2776 3030 cum
2809 2972 2964 3030 Leda
2992 2989 3120 3031 rem
3149 2973 3447 3032 habuisse.

2183 3134 2468 3190 Samsone
2489 3134 2721 3190 Iudaeos
2740 3136 3130 3208 gubernante,
3155 3135 3468 3193 Dardanus
3491 3136 3561 3193 lli
3585 3137 3764 3206 filius,

2115 3225 2393 3296 Phryges,
2427 3225 2656 3279 Grascos
2688 3224 2842 3281 Abas
2872 3239 3062 3280 annos
3092 3223 3158 3280 23
3191 3225 3362 3280 rexit.
3392 3228 3529 3281 Post
3567 3225 3763 3282 Aban-

335 3286 611 3373 Ἑλλάδος
653 3306 925 3373 ’Ἄϐαντος
991 3286 1094 3380 ἔτη.
1143 3286 1221 3384 κγ“
1274 3286 1614 3368 ἐϐασίλευσε.
1677 3317 1911 3386 Προῖτος
1942 3286 2000 3367 δὲ

2118 3286 2518 3369 temeraetus
2566 3327 2756 3369 annos
2801 3317 2886 3367 Π.
2940 3313 3126 3384 Hujus
3183 3329 3335 3369 uxor
3389 3312 3764 3384 Stheneboea,

340 3405 463 3476 μετ’
519 3402 683 3456 αὐτὸν
747 3400 842 3472 ἔτη
907 3401 989 3471 ιζ’.
1051 3399 1262 3458 Τούτου
1317 3403 1353 3470 ἡ
1409 3403 1540 3476 γυνὴ
1617 3398 1909 3457 Σθενέϐοια
1962 3405 1996 3472 ἡ

334 3492 425 3546 καὶ
466 3493 683 3548 Ἄντεια
736 3489 1180 3569 Βελλεροφόντοΰ
1239 3490 1438 3565 ἐρῶσα,
1498 3491 1556 3546 ὅν
1618 3496 1852 3566 Προῖτος
1911 3492 2000 3546 εύ-

337 3582 448 3655 ρὼν
483 3585 802 3656 χαμαιριφῆ
863 3578 954 3634 καὶ
1012 3577 1446 3654 ἀναθρεψάμενος
1503 3581 1595 3634 καὶ
1625 3587 1794 3653 τιμῆς
1827 3580 1998 3655 ῄξιω.

334 3673 450 3732 κὼς
529 3667 845 3743 ὁμοδίαιτον
917 3670 1060 3743 εἶχε,
1137 3668 1334 3722 τούτου
1414 3674 1657 3741 μανικῶς
1724 3668 1899 3744 ἐρῶσα
1965 3673 1998 3740 ἡ

335 3765 578 3829 Ἄντεια,
639 3759 915 3821 πολλάκις
979 3779 1037 3814 τε
1101 3759 1468 3835 προαγωγοὺς
1525 3763 1868 3838 πεπομφυία,
1910 3761 1999 3816 καὶ

337 3853 775 3925 ἀποκρουσθεῖσα
832 3847 903 3903 δι’
961 3848 1156 3922 ἀρετὴν
1212 3852 1309 3902 τοῦ
1364 3847 1485 3903 νέου
1539 3848 1629 3902 καὶ
1692 3849 1872 3906 πίστιν
1903 3853 2002 3921 τὴν

338 3943 477 4015 πρὸς
525 3941 622 3994 τὸν
686 3937 993 4014 εὐεργέτην,
1042 3937 1179 4014 πρὸς
1226 3947 1320 3992 τον
1375 3933 1544 4013 ἄνδρα
1593 3941 1826 4013 Προῖτον
1884 3937 1999 3995 8m-

336 4027 560 4086 ὅαλλει.
609 4029 674 4084 Ὀ
717 4025 776 4083 δι
838 4029 912 4100 μή
973 4027 1112 4081 εἶναι
1163 4027 1331 4099 νόμον
1382 4020 1483 4102 ἔφη
1516 4031 1596 4098 τῷ
1627 4026 1776 4082 ἀλῶν
1807 4035 2002 4083 κοινῶν

336 4120 672 4194 μετασχόντι
724 4117 800 4181 εἷς
855 4119 1044 4192 ψυχήν
1109 4112 1521 4174 ἐπιϐουλεύσω.
1576 4117 1755 4174 Ἀλλὰ
1803 4123 1881 4191 τῷ
1925 4124 2002 4191 σῷ

331 4212 502 4284 πατρὶ
578 4205 790 4283 Ἰοῧατῃ
859 4209 1072 4285 γράψας
1141 4208 1301 4263 αύτον
1367 4207 1682 4282 ἀποστελῶ,
1754 4213 1870 4284 μεθ’
1938 4213 2001 4266 οὗ

333 4299 602 4356 οὐδέποτε
633 4297 819 4376 ἔφαγεν
855 4296 1041 4372 ἄρτον,
1091 4297 1182 4352 καὶ
1241 4298 1404 4359 αὐτὸς
1459 4303 1652 4353 τοῦτον
1699 4299 1998 4376 ἀναιρήσει.

331 4391 558 4466 Γραψας
616 4388 709 4442 οὖν
768 4387 857 4442 καὶ
928 4384 1180 4464 σφραγῖδι
1261 4389 1558 4467 σφραγίσας
1620 4388 1882 4464 βασιλικῇ
1937 4392 2001 4446 τὸ

327 4481 570 4556 γραμμα
601 4475 950 4533 αποστέλλει.
1007 4477 1200 4549 Ἀπῄει
1261 4472 1318 4530 δὲ
1376 4477 1534 4539 οὗτος
1580 4474 1750 4549 μηδὲν
1785 4479 2004 4558 ὑφορώ-

333 4590 496 4642 μενος
556 4568 746 4624 κακόν.
806 4566 1062 4640 Εὗρίσκει
1121 4565 1219 4620 οὖν
1303 4565 1466 4620 αὐτὸν
1525 4563 1577 4621 ἐν
1636 4566 1714 4639 τῷ
1772 4567 1998 4643 ἀρίστῳ,

327 4659 426 4714 καὶ
458 4659 535 4719 ὡς
579 4656 684 4712 ὁπό
731 4659 827 4710 τοῦ
865 4649 1118 4729 γαμϐροῦ
1162 4651 1572 4726 ἀπεσταλμένον
1621 4656 2002 4732 ὁμοτράπεζον

330 4749 588 4818 ἐποίησε.
652 4744 804 4801 Μετᾶ
861 4741 920 4798 δὶ
973 4745 1140 4798 ταῦτα
1198 4742 1458 4817 ἀναγνοὺς
1504 4743 1568 4798 τὸ
1618 4746 1849 4820 γράμμα
1881 4745 2002 4801 οὔτε

334 4837 587 4916 ρρονεύειν
648 4832 740 4890 δὶὰ
791 4834 883 4890 τὸν
939 4840 1038 4902 τῆς
1099 4834 1490 4896 συνεστιάσεως
1544 4835 1717 4907 νόμον
1753 4835 2000 4911 εὐχερῶς

334 4930 510 5002 εἶχεν,
545 4923 692 4981 ἀλλᾶ
746 4925 837 4979 καὶ
887 4922 1248 5002 συκοφαντίαν
1306 4924 1368 4978 τὸ
1425 4927 1655 4999 πρᾶγμα
1702 4921 1761 4979 ἐκ
1791 4945 1995 4998 τεκμη-

333 5020 469 5094 ρίων
537 5015 808 5071 πλειόνων
868 5013 1195 5088 καταμαθὼν
1255 5012 1502 5088 ἐφείσατο
1578 5016 1762 5072 αὐτοῦ.
1806 5015 1996 5078 Οὕτως

331 5108 478 5167 οἶδεν
512 5109 708 5183 ἀρετήν
763 5108 860 5160 τὸν
917 5104 1250 5177 κεκτημένον
1311 5103 1750 5181 ἀπολυτροῦσθαι
1787 5112 1991 5166 κακῶν.

331 5202 486 5259 Μετᾶ
536 5198 592 5255 δὲ
653 5202 888 5274 Προῖτον
948 5196 977 5249 ὁ
1039 5193 1288 5271 δεύτερος
1343 5195 1616 5268 Ἀκρίσιος
1651 5190 1991 5254 ἐϐασίλευσεν

335 5292 424 5363 ἔτη
490 5290 591 5347 λα’.
656 5288 794 5348 Μεθ’
853 5286 910 5340 ὅν
979 5283 1162 5358 Πέλοψ
1240 5283 1331 5355 ἔτη
1392 5283 1503 5358 λβ“,
1564 5286 1620 5347 δς
1679 5287 1771 5340 καὶ
1829 5286 1994 5360 πρλιν

334 5385 515 5445 κτίσας
566 5375 1004 5445 Πελοπόννησον
1059 5373 1262 5442 ταύτην
1319 5372 1617 5446 ὠνόμασεν·
1681 5372 1732 5446 ἐξ
1791 5374 1853 5430 οὗ
1907 5377 1997 5432 καὶ

329 5473 768 5544 Πελοποννήσιοι
805 5465 859 5520 οἱ
891 5459 1216 5520 Ἑλλαδικοῖ
1251 5460 1522 5537 λέγονται.

356 5745 495 5806 Τότε
557 5737 660 5795 καὶ
733 5726 1100 5801 Δημόκριτος
1161 5724 1484 5804 ἐγνωρίζετο
1555 5726 1879 5809 φιλόσοφος,
1937 5729 1997 5794 ὅς

2112 3419 2242 3475 quas
2267 3405 2444 3458 etiam
2465 3405 2675 3459 Anteia
2692 3404 3046 3476 appellatur,
3072 3402 3766 3476 Bellerophontisamore

2110 3498 2281 3564 capta
2310 3495 2470 3563 (eum
2503 3495 2835 3565 expositum
2863 3495 3092 3549 Prmtus
3123 3495 3451 3560 invenerat,
3484 3496 3766 3552 educave-

2109 3587 2221 3648 rat,
2283 3582 2591 3654 multoque
2651 3583 2875 3638 honore
2935 3584 3210 3656 dignatus
3277 3585 3770 3642 contubernalem

2110 3672 2427 3743 habebat);
2464 3673 2622 3727 hunc
2673 3690 2808 3745 ergo
2867 3690 3002 3728 cum
3043 3673 3343 3746 deperiret
3396 3675 3636 3744 Anteia,
3697 3693 3766 3732 ac

2110 3779 2520 3834 smpenumaro
2596 3763 2796 3820 missis
2864 3765 3250 3820 internuntiis
3324 3763 3627 3839 repulsam
3691 3768 3764 3823 ab

2104 3853 2322 3922 juvene
2345 3853 2558 3907 virtute
2601 3853 2848 3924 praedito
2889 3859 2948 3908 et
2978 3853 3341 3910 benefactori
3374 3871 3480 3911 suo
3511 3855 3769 3911 ﬁdeliter

2108 3947 2273 4014 grato
2303 3957 2479 4012 passa
2510 3946 2687 4006 esset,
2721 3942 2879 3998 hunc
2906 3943 3062 4014 apud
3091 3944 3375 4000 maritum
3402 3945 3554 4001 falso
3584 3959 3765 4002 accu-

2111 4036 2200 4086 sat
2229 4029 2501 4086 crimine.
2557 4029 2782 4086 Prmtus
2819 4031 2931 4086 sibi
2981 4033 3110 4102 ejus
3139 4031 3291 4098 vitae,
3327 4035 3568 4104 quicum
3600 4049 3768 4090 com-

2112 4134 2354 4175 munem
2385 4120 2571 4175 ealem
2596 4121 2748 4174 vesci
2781 4121 3201 4189 consuevisset,
3237 4121 3390 4178 213
3432 4124 3764 4194 periculum

2111 4222 2310 4264 creare
2337 4207 2506 4263 nefas
2532 4224 2662 4264 esse
2711 4214 3008 4276 causatus,
3061 4211 3384 4265 missurum
3417 4225 3479 4265 se
3525 4226 3662 4267 eum
3695 4213 3765 4268 ad

2109 4297 2334 4354 Anteia)
2355 4303 2586 4368 patrem
2608 4297 2876 4352 Iobatem
2901 4297 3068 4366 dixit,
3102 4314 3223 4353 una
3253 4312 3388 4353 cum
3409 4298 3623 4354 litteris
3647 4317 3660 4355 :
3695 4301 3769 4358 ab

2110 4388 2222 4442 hoc
2251 4387 2444 4452 illum,
2495 4387 2652 4457 quod
2702 4388 3010 4442 communi
3067 4403 3278 4444 mensa
3335 4388 3421 4443 usi
3456 4402 3764 4461 nunquam

2111 4477 2252 4541 sint,
2311 4476 2694 4532 interfectum
2751 4477 2844 4532 iri.
2912 4479 2993 4533 ita
3051 4478 3570 4550 Bellerophontem
3629 4497 3764 4536 cum

2113 4566 2329 4622 litteris
2355 4567 2514 4638 regio
2541 4567 2736 4638 sigillo
2769 4582 2875 4622 suo
2907 4566 3250 4639 obsignatus
3281 4567 3355 4623 ad
3384 4584 3521 4624 eum
3563 4571 3765 4637 mittit,

2117 4656 2266 4711 nihil
2298 4655 2437 4710 mali
2471 4656 2894 4728 suspicantem.
2918 4658 3189 4712 Pervenit
3211 4673 3348 4730 ergo
3378 4657 3453 4714 ad
3473 4659 3768 4732 Iobatem,

2117 4746 2268 4802 forte
2300 4750 2423 4801 tum
2455 4746 2884 4818 prandentem;
2920 4750 3022 4819 qui
3053 4749 3598 4822 Bellerophontem,
3638 4760 3705 4808 ut
3735 4768 3770 4809 a

2115 4853 2334 4910 genero
2353 4839 2628 4907 missum,
2650 4841 2849 4894 statim
2872 4854 3093 4896 mensae
3117 4840 3406 4898 adhibuit.
3435 4842 3578 4898 Inde
3599 4843 3771 4900 lectis

2118 4929 2334 4984 litteris
2364 4940 2558 4999 neque
2575 4930 2700 5000 jam
2722 4945 2936 4985 necare
2963 4929 3266 4987 hominem
3285 4933 3413 5005 lege
3436 4932 3772 4988 communi-

2116 5025 2261 5074 cata:
2294 5034 2515 5074 mensa;
2543 5019 3018 5091 permittebatur,
3053 5027 3112 5075 et
3143 5020 3441 5078 calumnia
3481 5040 3616 5078 eum
3650 5022 3765 5078 cir-

2115 5113 2495 5167 cumventum
2535 5123 2606 5164 ex
2665 5109 2870 5164 multis
2897 5110 3270 5167 evidentibus
3313 5111 3497 5183 signis
3556 5111 3768 5183 dcpre-

2113 5199 2385 5255 hendens
2417 5199 2700 5270 pepercit.
2737 5200 2822 5254 Ita
2853 5199 3034 5254 virtus
3065 5215 3199 5254 eum
3233 5200 3333 5270 qui
3383 5216 3452 5254 ea
3482 5200 3766 5271 praeditus

2111 5295 2201 5344 est
2233 5288 2406 5344 malis
2448 5286 2704 5343 liberare
2738 5288 2907 5343 valet.
2968 5290 3160 5343 Proeto
3192 5289 3479 5345 successit
3506 5290 3771 5346 Acrisius

2111 5378 2428 5451 posterior,
2461 5382 2520 5430 et
2548 5376 2813 5450 regnavit
2843 5392 3033 5432 annos
3078 5379 3165 5434 3i.
3217 5379 3357 5433 Post
3388 5393 3525 5433 eum
3557 5379 3771 5450 PeIOps

2109 5485 2301 5524 annos
2331 5468 2420 5522 32'
2453 5467 2560 5530 Qui
2594 5466 2805 5521 urbem
2839 5465 3080 5521 nomine
3112 5466 3592 5538 Peloponnesum
3625 5485 3764 5524 con-

2110 5557 2282 5626 didit,
2315 5555 2474 5612 unde
2495 5555 2674 5610 etiam
2706 5555 2890 5609 Graeci
2932 5554 3506 5627 Peloponnesiorum
3547 5573 3767 5614 nomen

2107 5651 2437 5703 traxerunt.

2180 5737 2259 5792 Ea
2290 5740 2462 5791 aetate
2492 5732 2864 5790 Democritus
2897 5733 3163 5791 innotuit
3200 5733 3629 5811 philosophus;
3666 5739 3766 5808 qui
