  <div class='ocr_page' id='page_1' title='image "/cluster/home/n/w/nwhite01/storage/ocr_20150623/121:no.1/coo.31924054870260/132.png"; bbox 0 0 4142 6424; ppageno 0'>
   <div class='ocr_carea' id='block_1_1' title="bbox 376 403 496 465">
    <p class='ocr_par' dir='ltr' id='par_1_1' title="bbox 376 403 496 465">
     <span class='ocr_line' id='line_1_1' title="bbox 376 403 496 465; baseline -0.017 0"><span class='ocrx_word' id='word_1_1' title='bbox 376 403 496 465; x_wconf 70' lang='grc'><strong>949</strong></span> 
     </span>
    </p>
   </div>
   <div class='ocr_carea' id='block_1_2' title="bbox 1584 397 2718 466">
    <p class='ocr_par' dir='ltr' id='par_1_2' title="bbox 1584 397 2718 466">
     <span class='ocr_line' id='line_1_2' title="bbox 1584 397 2718 466; baseline -0.004 -2"><span class='ocrx_word' id='word_1_2' title='bbox 1584 399 2128 466; x_wconf 73' lang='lat' dir='ltr'><strong>HlSTORIABUM</strong></span> <span class='ocrx_word' id='word_1_3' title='bbox 2173 397 2718 462; x_wconf 79' lang='lat' dir='ltr'><strong>COMPENDIUM.</strong></span> 
     </span>
    </p>
   </div>
   <div class='ocr_carea' id='block_1_3' title="bbox 3671 404 3794 465">
    <p class='ocr_par' dir='ltr' id='par_1_3' title="bbox 3671 404 3794 465">
     <span class='ocr_line' id='line_1_3' title="bbox 3671 404 3794 465; baseline -0.008 0"><span class='ocrx_word' id='word_1_4' title='bbox 3671 404 3794 465; x_wconf 75' lang='lat'><strong>250</strong></span> 
     </span>
    </p>
   </div>
   <div class='ocr_carea' id='block_1_4' title="bbox 383 529 2026 610">
    <p class='ocr_par' dir='ltr' id='par_1_4' title="bbox 383 529 2026 610">
     <span class='ocr_line' id='line_1_4' title="bbox 383 529 2026 610; baseline -0.002 -20"><span class='ocrx_word' id='word_1_5' title='bbox 383 534 534 609; x_wconf 74' lang='grc' dir='ltr'>λύπῃ</span> <span class='ocrx_word' id='word_1_6' title='bbox 573 532 906 598; x_wconf 80' lang='grc' dir='ltr'>καταποθεὶς</span> <span class='ocrx_word' id='word_1_7' title='bbox 963 529 1176 610; x_wconf 77' lang='grc' dir='ltr'>ἔῤῥιψεν</span> <span class='ocrx_word' id='word_1_8' title='bbox 1230 534 1422 589; x_wconf 58' lang='grc' dir='ltr'>ἑαυτὸν</span> <span class='ocrx_word' id='word_1_9' title='bbox 1476 534 1552 595; x_wconf 83' lang='grc' dir='ltr'><strong>είς</strong></span> <span class='ocrx_word' id='word_1_10' title='bbox 1608 535 1708 603; x_wconf 80' lang='grc' dir='ltr'><strong>τήν</strong></span> <span class='ocrx_word' id='word_1_11' title='bbox 1767 531 2026 599; x_wconf 71' lang='grc' dir='ltr'>θάλασσαι</span> 
     </span>
    </p>
   </div>
   <div class='ocr_carea' id='block_1_5' title="bbox 2140 529 3793 610">
    <p class='ocr_par' dir='ltr' id='par_1_5' title="bbox 2151 532 3793 606">
     <span class='ocr_line' id='line_1_5' title="bbox 2151 532 3793 606; baseline 0.003 -17"><span class='ocrx_word' id='word_1_12' title='bbox 2151 533 2465 600; x_wconf 85' lang='lat' dir='ltr'><strong>absorpius</strong></span> <span class='ocrx_word' id='word_1_13' title='bbox 2486 534 2550 589; x_wconf 89' lang='lat' dir='ltr'><strong>in</strong></span> <span class='ocrx_word' id='word_1_14' title='bbox 2575 549 2739 590; x_wconf 91' lang='lat' dir='ltr'><strong>mare</strong></span> <span class='ocrx_word' id='word_1_15' title='bbox 2771 548 2833 588; x_wconf 88' lang='lat' dir='ltr'><strong>se</strong></span> <span class='ocrx_word' id='word_1_16' title='bbox 2863 532 3061 605; x_wconf 89' lang='lat' dir='ltr'><strong>ipsum</strong></span> <span class='ocrx_word' id='word_1_17' title='bbox 3091 534 3343 606; x_wconf 77' lang='lat' dir='ltr'><strong>proiecit</strong></span> <span class='ocrx_word' id='word_1_18' title='bbox 3372 551 3439 591; x_wconf 89' lang='lat' dir='ltr'><strong>ac</strong></span> <span class='ocrx_word' id='word_1_19' title='bbox 3468 538 3793 594; x_wconf 79' lang='lat' dir='ltr'><strong>suﬂ‘ocatus</strong></span> 
     </span>
    </p>
   </div>
   <div class='ocr_carea' id='block_1_6' title="bbox 382 621 2030 701">
    <p class='ocr_par' dir='ltr' id='par_1_6' title="bbox 382 621 2030 701">
     <span class='ocr_line' id='line_1_6' title="bbox 382 621 2030 701; baseline -0.001 -21"><span class='ocrx_word' id='word_1_20' title='bbox 382 624 472 680; x_wconf 78' lang='grc' dir='ltr'>καὶ</span> <span class='ocrx_word' id='word_1_21' title='bbox 510 621 802 698; x_wconf 77' lang='grc' dir='ltr'>ἀπεπνίγη·</span> <span class='ocrx_word' id='word_1_22' title='bbox 862 623 984 687; x_wconf 83' lang='grc' dir='ltr'>’ὀθεν</span> <span class='ocrx_word' id='word_1_23' title='bbox 1041 622 1134 677; x_wconf 89' lang='grc' dir='ltr'><strong>καὶ</strong></span> <span class='ocrx_word' id='word_1_24' title='bbox 1188 622 1415 700; x_wconf 77' lang='grc' dir='ltr'>Αἷγαῖον</span> <span class='ocrx_word' id='word_1_25' title='bbox 1466 623 1531 679; x_wconf 82' lang='grc' dir='ltr'>τὸ</span> <span class='ocrx_word' id='word_1_26' title='bbox 1585 622 1827 701; x_wconf 70' lang='grc' dir='ltr'>πέλαγος</span> <span class='ocrx_word' id='word_1_27' title='bbox 1889 621 2030 679; x_wconf 83' lang='grc' dir='ltr'>ὦνό-</span> 
     </span>
    </p>
   </div>
   <div class='ocr_carea' id='block_1_7' title="bbox 382 710 2029 789">
    <p class='ocr_par' dir='ltr' id='par_1_7' title="bbox 382 710 2029 789">
     <span class='ocr_line' id='line_1_7' title="bbox 382 710 2029 789; baseline -0.001 -20"><span class='ocrx_word' id='word_1_28' title='bbox 382 734 605 789; x_wconf 79' lang='grc' dir='ltr'>μασται.</span> <span class='ocrx_word' id='word_1_29' title='bbox 661 713 724 771; x_wconf 84' lang='grc' dir='ltr'>Ὀ</span> <span class='ocrx_word' id='word_1_30' title='bbox 781 710 841 768; x_wconf 63' lang='grc' dir='ltr'>δὲ</span> <span class='ocrx_word' id='word_1_31' title='bbox 893 712 1100 783; x_wconf 80' lang='grc' dir='ltr'>Θησεύς</span> <span class='ocrx_word' id='word_1_32' title='bbox 1155 714 1254 782; x_wconf 75' lang='grc' dir='ltr'>τήν</span> <span class='ocrx_word' id='word_1_33' title='bbox 1343 716 1559 789; x_wconf 80' lang='grc' dir='ltr'><strong>Κρήτην</strong></span> <span class='ocrx_word' id='word_1_34' title='bbox 1621 715 1801 786; x_wconf 73' lang='grc' dir='ltr'>ἐάσας,</span> <span class='ocrx_word' id='word_1_35' title='bbox 1867 733 2029 769; x_wconf 79' lang='grc' dir='ltr'>κατα-</span> 
     </span>
    </p>
   </div>
   <div class='ocr_carea' id='block_1_8' title="bbox 379 798 2031 879">
    <p class='ocr_par' dir='ltr' id='par_1_8' title="bbox 379 798 2031 879">
     <span class='ocr_line' id='line_1_8' title="bbox 379 798 2031 879; baseline -0.001 -22"><span class='ocrx_word' id='word_1_36' title='bbox 379 804 654 879; x_wconf 68' lang='grc' dir='ltr'>φρονήσας</span> <span class='ocrx_word' id='word_1_37' title='bbox 698 798 757 858; x_wconf 63' lang='grc' dir='ltr'>δὲ</span> <span class='ocrx_word' id='word_1_38' title='bbox 812 803 906 857; x_wconf 76' lang='grc' dir='ltr'><strong>καὶ</strong></span> <span class='ocrx_word' id='word_1_39' title='bbox 961 798 1281 878; x_wconf 74' lang='grc' dir='ltr'>’Δριάδνης,</span> <span class='ocrx_word' id='word_1_40' title='bbox 1328 803 1453 875; x_wconf 64' lang='grc' dir='ltr'>ἣτις</span> <span class='ocrx_word' id='word_1_41' title='bbox 1507 805 1561 861; x_wconf 67' lang='grc' dir='ltr'>ἐν</span> <span class='ocrx_word' id='word_1_42' title='bbox 1616 809 1697 878; x_wconf 79' lang='grc' dir='ltr'>τῷ</span> <span class='ocrx_word' id='word_1_43' title='bbox 1751 805 1886 879; x_wconf 75' lang='grc' dir='ltr'>ἰερῷ</span> <span class='ocrx_word' id='word_1_44' title='bbox 1933 805 2031 857; x_wconf 79' lang='grc' dir='ltr'><strong>τοῦ</strong></span> 
     </span>
    </p>
   </div>
   <div class='ocr_carea' id='block_1_9' title="bbox 381 887 2028 975">
    <p class='ocr_par' dir='ltr' id='par_1_9' title="bbox 381 887 2028 975">
     <span class='ocr_line' id='line_1_9' title="bbox 381 887 2028 975; baseline -0.001 -27"><span class='ocrx_word' id='word_1_45' title='bbox 381 893 507 955; x_wconf 79' lang='grc' dir='ltr'>Διὸς</span> <span class='ocrx_word' id='word_1_46' title='bbox 594 887 1002 966; x_wconf 72' lang='grc' dir='ltr'><strong>παρεδρεύουσα</strong></span> <span class='ocrx_word' id='word_1_47' title='bbox 1083 890 1370 967; x_wconf 69' lang='grc' dir='ltr'>παρθὲνος,</span> <span class='ocrx_word' id='word_1_48' title='bbox 1442 892 1517 958; x_wconf 78' lang='grc' dir='ltr'><strong>ὥς</strong></span> <span class='ocrx_word' id='word_1_49' title='bbox 1577 916 1725 975; x_wconf 85' lang='grc' dir='ltr'>φασι,</span> <span class='ocrx_word' id='word_1_50' title='bbox 1781 891 2028 962; x_wconf 78' lang='grc' dir='ltr'><strong>τελευτᾷ,</strong></span> 
     </span>
    </p>
   </div>
   <div class='ocr_carea' id='block_1_10' title="bbox 378 978 2028 1063">
    <p class='ocr_par' dir='ltr' id='par_1_10' title="bbox 378 978 2028 1063">
     <span class='ocr_line' id='line_1_10' title="bbox 378 978 2028 1063; baseline -0.001 -26"><span class='ocrx_word' id='word_1_51' title='bbox 378 988 479 1052; x_wconf 72' lang='grc' dir='ltr'>τῆς</span> <span class='ocrx_word' id='word_1_52' title='bbox 510 979 809 1043; x_wconf 74' lang='grc' dir='ltr'><strong>Θεσσαλίας</strong></span> <span class='ocrx_word' id='word_1_53' title='bbox 842 980 1165 1055; x_wconf 77' lang='grc' dir='ltr'>βασιλεύσας</span> <span class='ocrx_word' id='word_1_54' title='bbox 1195 983 1431 1059; x_wconf 78' lang='grc' dir='ltr'>ἠγάγετο</span> <span class='ocrx_word' id='word_1_55' title='bbox 1481 989 1712 1063; x_wconf 83' lang='grc' dir='ltr'>γυναῖκα</span> <span class='ocrx_word' id='word_1_56' title='bbox 1763 978 2028 1057; x_wconf 77' lang='grc' dir='ltr'>Φαίδραν.</span> 
     </span>
    </p>
   </div>
   <div class='ocr_carea' id='block_1_11' title="bbox 381 1069 2031 1149">
    <p class='ocr_par' dir='ltr' id='par_1_11' title="bbox 381 1069 2031 1149">
     <span class='ocr_line' id='line_1_11' title="bbox 381 1069 2031 1149; baseline 0 -23"><span class='ocrx_word' id='word_1_57' title='bbox 381 1073 455 1129; x_wconf 83' lang='grc' dir='ltr'><strong><em>Ἦ</em></strong></span> <span class='ocrx_word' id='word_1_58' title='bbox 483 1069 572 1126; x_wconf 76' lang='grc' dir='ltr'>καί</span> <span class='ocrx_word' id='word_1_59' title='bbox 631 1071 1040 1149; x_wconf 73' lang='grc' dir='ltr'>ὶσυκοφαντηθη</span> <span class='ocrx_word' id='word_1_60' title='bbox 1072 1071 1148 1132; x_wconf 87' lang='grc' dir='ltr'><strong>ὡς</strong></span> <span class='ocrx_word' id='word_1_61' title='bbox 1204 1071 1540 1147; x_wconf 81' lang='grc' dir='ltr'>Ἱππολύτῳ,</span> <span class='ocrx_word' id='word_1_62' title='bbox 1600 1074 1705 1146; x_wconf 78' lang='grc' dir='ltr'>υἱῷ</span> <span class='ocrx_word' id='word_1_63' title='bbox 1766 1072 1862 1146; x_wconf 71' lang='grc' dir='ltr'>μὲν</span> <span class='ocrx_word' id='word_1_64' title='bbox 1919 1077 2031 1140; x_wconf 85' lang='grc' dir='ltr'><strong>Θη-</strong></span> 
     </span>
    </p>
   </div>
   <div class='ocr_carea' id='block_1_12' title="bbox 389 1154 2032 1237">
    <p class='ocr_par' dir='ltr' id='par_1_12' title="bbox 389 1154 2032 1237">
     <span class='ocr_line' id='line_1_12' title="bbox 389 1154 2032 1237; baseline -0.001 -23"><span class='ocrx_word' id='word_1_65' title='bbox 389 1160 521 1221; x_wconf 68' lang='grc' dir='ltr'>σέως</span> <span class='ocrx_word' id='word_1_66' title='bbox 569 1158 631 1215; x_wconf 71' lang='grc' dir='ltr'>ἐκ</span> <span class='ocrx_word' id='word_1_67' title='bbox 685 1157 980 1227; x_wconf 76' lang='grc' dir='ltr'>παλλακῆς</span> <span class='ocrx_word' id='word_1_68' title='bbox 1058 1157 1228 1229; x_wconf 79' lang='grc' dir='ltr'>αὐτῆς</span> <span class='ocrx_word' id='word_1_69' title='bbox 1282 1157 1339 1215; x_wconf 73' lang='grc' dir='ltr'>δὲ</span> <span class='ocrx_word' id='word_1_70' title='bbox 1394 1154 1674 1237; x_wconf 80' lang='grc' dir='ltr'>προγονῷ,</span> <span class='ocrx_word' id='word_1_71' title='bbox 1752 1163 2032 1236; x_wconf 79' lang='grc' dir='ltr'>πορνικῶς</span> 
     </span>
    </p>
   </div>
   <div class='ocr_carea' id='block_1_13' title="bbox 391 1247 2032 1331">
    <p class='ocr_par' dir='ltr' id='par_1_13' title="bbox 391 1247 2032 1331">
     <span class='ocr_line' id='line_1_13' title="bbox 391 1247 2032 1331; baseline -0.001 -27"><span class='ocrx_word' id='word_1_72' title='bbox 391 1255 626 1325; x_wconf 85' lang='grc' dir='ltr'>μιγεῖσα.</span> <span class='ocrx_word' id='word_1_73' title='bbox 693 1254 754 1307; x_wconf 93' lang='grc' dir='ltr'>Ὁ</span> <span class='ocrx_word' id='word_1_74' title='bbox 812 1250 908 1322; x_wconf 79' lang='grc' dir='ltr'>μὶν</span> <span class='ocrx_word' id='word_1_75' title='bbox 961 1249 1057 1304; x_wconf 79' lang='grc' dir='ltr'><strong>οὗν</strong></span> <span class='ocrx_word' id='word_1_76' title='bbox 1119 1247 1453 1314; x_wconf 83' lang='grc' dir='ltr'>Ἰππόλυτος</span> <span class='ocrx_word' id='word_1_77' title='bbox 1506 1249 1742 1331; x_wconf 82' lang='grc' dir='ltr'>ἔφιππος</span> <span class='ocrx_word' id='word_1_78' title='bbox 1798 1248 2032 1326; x_wconf 82' lang='grc' dir='ltr'>σύαγρον</span> 
     </span>
    </p>
   </div>
   <div class='ocr_carea' id='block_1_14' title="bbox 386 1336 2032 1415">
    <p class='ocr_par' dir='ltr' id='par_1_14' title="bbox 386 1336 2032 1415">
     <span class='ocr_line' id='line_1_14' title="bbox 386 1336 2032 1415; baseline -0.001 -21"><span class='ocrx_word' id='word_1_79' title='bbox 386 1336 603 1395; x_wconf 80' lang='grc' dir='ltr'>διώκων</span> <span class='ocrx_word' id='word_1_80' title='bbox 631 1342 730 1393; x_wconf 76' lang='grc' dir='ltr'><strong>τοῦ</strong></span> <span class='ocrx_word' id='word_1_81' title='bbox 789 1339 972 1393; x_wconf 79' lang='grc' dir='ltr'>ὺππου</span> <span class='ocrx_word' id='word_1_82' title='bbox 1031 1339 1376 1415; x_wconf 72' lang='grc' dir='ltr'>ὲξετινάχθη,</span> <span class='ocrx_word' id='word_1_83' title='bbox 1434 1344 1532 1396; x_wconf 77' lang='grc' dir='ltr'><strong>τοῦ</strong></span> <span class='ocrx_word' id='word_1_84' title='bbox 1589 1338 1646 1396; x_wconf 74' lang='grc' dir='ltr'>δὲ</span> <span class='ocrx_word' id='word_1_85' title='bbox 1702 1338 1890 1415; x_wconf 83' lang='grc' dir='ltr'>λώρου</span> <span class='ocrx_word' id='word_1_86' title='bbox 1935 1342 2032 1394; x_wconf 72' lang='grc' dir='ltr'><strong>τοῦ</strong></span> 
     </span>
    </p>
   </div>
   <div class='ocr_carea' id='block_1_15' title="bbox 382 1425 2029 1507">
    <p class='ocr_par' dir='ltr' id='par_1_15' title="bbox 382 1425 2029 1507">
     <span class='ocr_line' id='line_1_15' title="bbox 382 1425 2029 1507; baseline -0.001 -26"><span class='ocrx_word' id='word_1_87' title='bbox 382 1428 621 1507; x_wconf 77' lang='grc' dir='ltr'>χαλινοῦ</span> <span class='ocrx_word' id='word_1_88' title='bbox 651 1425 1093 1502; x_wconf 72' lang='grc' dir='ltr'><strong>περιελιχθέντος</strong></span> <span class='ocrx_word' id='word_1_89' title='bbox 1120 1432 1237 1491; x_wconf 82' lang='grc' dir='ltr'>τοῖς</span> <span class='ocrx_word' id='word_1_90' title='bbox 1295 1426 1589 1491; x_wconf 78' lang='grc' dir='ltr'>δακτύλοις</span> <span class='ocrx_word' id='word_1_91' title='bbox 1637 1427 1803 1484; x_wconf 74' lang='grc' dir='ltr'>αὐτοῦ</span> <span class='ocrx_word' id='word_1_92' title='bbox 1864 1428 2029 1499; x_wconf 72' lang='grc' dir='ltr'>ὲσύρη</span> 
     </span>
    </p>
   </div>
   <div class='ocr_carea' id='block_1_16' title="bbox 384 1513 2032 1594">
    <p class='ocr_par' dir='ltr' id='par_1_16' title="bbox 384 1513 2032 1594">
     <span class='ocr_line' id='line_1_16' title="bbox 384 1513 2032 1594; baseline -0.001 -23"><span class='ocrx_word' id='word_1_93' title='bbox 384 1517 491 1572; x_wconf 74' lang='grc' dir='ltr'><strong>ὑπὸ</strong></span> <span class='ocrx_word' id='word_1_94' title='bbox 518 1521 618 1572; x_wconf 76' lang='grc' dir='ltr'><strong>τοῦ</strong></span> <span class='ocrx_word' id='word_1_95' title='bbox 641 1513 843 1586; x_wconf 70' lang='grc' dir='ltr'>ἵππου,</span> <span class='ocrx_word' id='word_1_96' title='bbox 874 1517 961 1571; x_wconf 82' lang='grc' dir='ltr'>καὶ</span> <span class='ocrx_word' id='word_1_97' title='bbox 991 1522 1061 1593; x_wconf 80' lang='grc' dir='ltr'><strong>τῇ</strong></span> <span class='ocrx_word' id='word_1_98' title='bbox 1092 1515 1220 1593; x_wconf 81' lang='grc' dir='ltr'>ἕκτῃ</span> <span class='ocrx_word' id='word_1_99' title='bbox 1253 1519 1437 1594; x_wconf 69' lang='grc' dir='ltr'>ἡμέρᾳ</span> <span class='ocrx_word' id='word_1_100' title='bbox 1476 1517 1723 1587; x_wconf 82' lang='grc' dir='ltr'>τελευτᾷ.</span> <span class='ocrx_word' id='word_1_101' title='bbox 1774 1517 1897 1574; x_wconf 64' lang='lat' dir='ltr'><strong>&#39;Eé’</strong></span> <span class='ocrx_word' id='word_1_102' title='bbox 1928 1516 1974 1588; x_wconf 82' lang='grc' dir='ltr'>ᾧ</span> <span class='ocrx_word' id='word_1_103' title='bbox 2003 1516 2032 1570; x_wconf 84' lang='grc' dir='ltr'>ὁ</span> 
     </span>
    </p>
   </div>
   <div class='ocr_carea' id='block_1_17' title="bbox 385 1602 2030 1683">
    <p class='ocr_par' dir='ltr' id='par_1_17' title="bbox 385 1602 2030 1683">
     <span class='ocr_line' id='line_1_17' title="bbox 385 1602 2030 1683; baseline -0.002 -21"><span class='ocrx_word' id='word_1_104' title='bbox 385 1606 591 1677; x_wconf 74' lang='grc' dir='ltr'>Θησεὺς</span> <span class='ocrx_word' id='word_1_105' title='bbox 639 1602 886 1683; x_wconf 90' lang='grc' dir='ltr'>σφοδρῶς</span> <span class='ocrx_word' id='word_1_106' title='bbox 946 1605 1204 1675; x_wconf 81' lang='grc' dir='ltr'>ἀνιαθεὶς,</span> <span class='ocrx_word' id='word_1_107' title='bbox 1262 1605 1409 1662; x_wconf 74' lang='grc' dir='ltr'>ἀλλὰ</span> <span class='ocrx_word' id='word_1_108' title='bbox 1466 1610 1548 1681; x_wconf 85' lang='grc' dir='ltr'><strong>[Ρ.</strong></span> <span class='ocrx_word' id='word_1_109' title='bbox 1616 1607 1739 1680; x_wconf 81' lang='grc'><strong>123]</strong></span> <span class='ocrx_word' id='word_1_110' title='bbox 1794 1604 1885 1662; x_wconf 89' lang='grc' dir='ltr'><strong>καὶ</strong></span> <span class='ocrx_word' id='word_1_111' title='bbox 1929 1608 2030 1675; x_wconf 78' lang='grc' dir='ltr'><strong>τήν</strong></span> 
     </span>
    </p>
   </div>
   <div class='ocr_carea' id='block_1_18' title="bbox 385 1696 2031 1775">
    <p class='ocr_par' dir='ltr' id='par_1_18' title="bbox 385 1696 2031 1775">
     <span class='ocr_line' id='line_1_18' title="bbox 385 1696 2031 1775; baseline -0.002 -20"><span class='ocrx_word' id='word_1_112' title='bbox 385 1696 627 1773; x_wconf 74' lang='grc' dir='ltr'>Φαίδραν</span> <span class='ocrx_word' id='word_1_113' title='bbox 654 1699 836 1753; x_wconf 87' lang='grc' dir='ltr'>καίτοι</span> <span class='ocrx_word' id='word_1_114' title='bbox 876 1698 1067 1755; x_wconf 86' lang='grc' dir='ltr'>πολλᾶ</span> <span class='ocrx_word' id='word_1_115' title='bbox 1120 1698 1486 1775; x_wconf 77' lang='grc' dir='ltr'>ὲξομνυμένην</span> <span class='ocrx_word' id='word_1_116' title='bbox 1544 1698 1879 1774; x_wconf 71' lang='grc' dir='ltr'>λοιδορήσας</span> <span class='ocrx_word' id='word_1_117' title='bbox 1925 1697 2031 1752; x_wconf 78' lang='grc' dir='ltr'><strong>ἀπὸ</strong></span> 
     </span>
    </p>
   </div>
   <div class='ocr_carea' id='block_1_19' title="bbox 379 1785 2029 1867">
    <p class='ocr_par' dir='ltr' id='par_1_19' title="bbox 379 1785 2029 1867">
     <span class='ocr_line' id='line_1_19' title="bbox 379 1785 2029 1867; baseline -0.002 -24"><span class='ocrx_word' id='word_1_118' title='bbox 379 1786 560 1862; x_wconf 77' lang='grc' dir='ltr'>δψιως</span> <span class='ocrx_word' id='word_1_119' title='bbox 589 1787 861 1854; x_wconf 80' lang='grc' dir='ltr'>ἐποίησεν.</span> <span class='ocrx_word' id='word_1_120' title='bbox 891 1788 1048 1857; x_wconf 78' lang='grc' dir='ltr'>Δύτή</span> <span class='ocrx_word' id='word_1_121' title='bbox 1081 1786 1138 1844; x_wconf 76' lang='grc' dir='ltr'>δὲ</span> <span class='ocrx_word' id='word_1_122' title='bbox 1175 1792 1245 1863; x_wconf 82' lang='grc' dir='ltr'><strong>τῇ</strong></span> <span class='ocrx_word' id='word_1_123' title='bbox 1297 1785 1579 1867; x_wconf 75' lang='grc' dir='ltr'>ὑπερϐολῇ</span> <span class='ocrx_word' id='word_1_124' title='bbox 1636 1796 1736 1860; x_wconf 78' lang='grc' dir='ltr'><strong>τῆς</strong></span> <span class='ocrx_word' id='word_1_125' title='bbox 1788 1787 2029 1861; x_wconf 79' lang='grc' dir='ltr'>θλίψεως</span> 
     </span>
    </p>
   </div>
   <div class='ocr_carea' id='block_1_20' title="bbox 379 1873 2109 1969">
    <p class='ocr_par' dir='ltr' id='par_1_20' title="bbox 379 1873 2109 1969">
     <span class='ocr_line' id='line_1_20' title="bbox 379 1873 2109 1969; baseline -0.001 -38"><span class='ocrx_word' id='word_1_126' title='bbox 379 1873 820 1969; x_wconf 70' lang='grc' dir='ltr'>δεινοπαθήσασα</span> <span class='ocrx_word' id='word_1_127' title='bbox 854 1874 1145 1969; x_wconf 61' lang='grc' dir='ltr'><strong>ἐτεθνήκειΓ</strong></span> <span class='ocrx_word' id='word_1_128' title='bbox 1204 1878 1356 1969; x_wconf 6' lang='grc' dir='ltr'>Τότε,</span> <span class='ocrx_word' id='word_1_129' title='bbox 1387 1879 1499 1969; x_wconf 18' lang='grc' dir='ltr'>καὶ,</span> <span class='ocrx_word' id='word_1_130' title='bbox 1527 1877 1832 1969; x_wconf 59' lang='grc' dir='ltr'>Ιεξύρυσθεὺς</span> <span class='ocrx_word' id='word_1_131' title='bbox 1879 1874 2032 1969; x_wconf 59' lang='grc' dir='ltr'>ἂκρα·</span> <span class='ocrx_word' id='word_1_132' title='bbox 2059 1903 2109 1969; x_wconf 80' lang='grc' dir='ltr'><strong>Β</strong></span> 
     </span>
    </p>
   </div>
   <div class='ocr_carea' id='block_1_21' title="bbox 376 1960 2033 2043">
    <p class='ocr_par' dir='ltr' id='par_1_21' title="bbox 376 1960 2033 2043">
     <span class='ocr_line' id='line_1_21' title="bbox 376 1960 2033 2043; baseline -0.001 -22"><span class='ocrx_word' id='word_1_133' title='bbox 376 1985 460 2021; x_wconf 88' lang='grc' dir='ltr'><strong>τει</strong></span> <span class='ocrx_word' id='word_1_134' title='bbox 489 1969 601 2022; x_wconf 87' lang='grc' dir='ltr'><strong>τῶν</strong></span> <span class='ocrx_word' id='word_1_135' title='bbox 632 1961 1078 2039; x_wconf 83' lang='grc' dir='ltr'>Λακεδαιμονίων</span> <span class='ocrx_word' id='word_1_136' title='bbox 1110 1960 1204 2038; x_wconf 73' lang='grc' dir='ltr'>ἔτη</span> <span class='ocrx_word' id='word_1_137' title='bbox 1267 1967 1359 2043; x_wconf 79' lang='grc' dir='ltr'><strong>μβ⁹</strong></span> <span class='ocrx_word' id='word_1_138' title='bbox 1414 1967 1507 2023; x_wconf 84' lang='grc' dir='ltr'><strong>καὶ</strong></span> <span class='ocrx_word' id='word_1_139' title='bbox 1553 1966 1718 2024; x_wconf 74' lang='grc' dir='ltr'>ἄλλοι</span> <span class='ocrx_word' id='word_1_140' title='bbox 1773 1971 1888 2039; x_wconf 86' lang='grc' dir='ltr'>μετ’</span> <span class='ocrx_word' id='word_1_141' title='bbox 1941 1963 2033 2019; x_wconf 76' lang='grc' dir='ltr'><strong>αὖ·</strong></span> 
     </span>
    </p>
   </div>
   <div class='ocr_carea' id='block_1_22' title="bbox 375 2050 2029 2136">
    <p class='ocr_par' dir='ltr' id='par_1_22' title="bbox 375 2050 2029 2136">
     <span class='ocr_line' id='line_1_22' title="bbox 375 2050 2029 2136; baseline 0.001 -26"><span class='ocrx_word' id='word_1_142' title='bbox 375 2055 469 2110; x_wconf 80' lang='grc' dir='ltr'><strong>τὸν</strong></span> <span class='ocrx_word' id='word_1_143' title='bbox 498 2056 576 2125; x_wconf 82' lang='grc' dir='ltr'><strong>η’.</strong></span> <span class='ocrx_word' id='word_1_144' title='bbox 605 2056 687 2112; x_wconf 78' lang='grc' dir='ltr'>Τὰ</span> <span class='ocrx_word' id='word_1_145' title='bbox 718 2050 778 2110; x_wconf 75' lang='grc' dir='ltr'>δὲ</span> <span class='ocrx_word' id='word_1_146' title='bbox 804 2053 978 2111; x_wconf 73' lang='grc' dir='ltr'>πάντα</span> <span class='ocrx_word' id='word_1_147' title='bbox 1005 2054 1098 2126; x_wconf 78' lang='grc' dir='ltr'>ἔτη</span> <span class='ocrx_word' id='word_1_148' title='bbox 1125 2056 1387 2136; x_wconf 79' lang='grc' dir='ltr'>κατέσχεν</span> <span class='ocrx_word' id='word_1_149' title='bbox 1419 2059 1455 2126; x_wconf 81' lang='grc' dir='ltr'><strong>ἡ</strong></span> <span class='ocrx_word' id='word_1_150' title='bbox 1489 2058 1670 2113; x_wconf 81' lang='grc' dir='ltr'>αὐτῶν</span> <span class='ocrx_word' id='word_1_151' title='bbox 1701 2056 1848 2133; x_wconf 79' lang='grc' dir='ltr'>ἀρχὴ</span> <span class='ocrx_word' id='word_1_152' title='bbox 1879 2058 2029 2127; x_wconf 68' lang='grc' dir='ltr'>ζτκέ.</span> 
     </span>
    </p>
   </div>
   <div class='ocr_carea' id='block_1_23' title="bbox 446 2143 2031 2223">
    <p class='ocr_par' dir='ltr' id='par_1_23' title="bbox 446 2143 2031 2223">
     <span class='ocr_line' id='line_1_23' title="bbox 446 2143 2031 2223; baseline 0.001 -21"><span class='ocrx_word' id='word_1_153' title='bbox 446 2144 570 2202; x_wconf 84' lang='grc' dir='ltr'>Ὀτι</span> <span class='ocrx_word' id='word_1_154' title='bbox 606 2143 660 2198; x_wconf 71' lang='grc' dir='ltr'>ἐν</span> <span class='ocrx_word' id='word_1_155' title='bbox 687 2150 805 2207; x_wconf 86' lang='grc' dir='ltr'>τοῖς</span> <span class='ocrx_word' id='word_1_156' title='bbox 834 2144 1058 2220; x_wconf 83' lang='grc' dir='ltr'>χρόνοις</span> <span class='ocrx_word' id='word_1_157' title='bbox 1087 2144 1273 2201; x_wconf 84' lang='grc' dir='ltr'>Σαοὺλ</span> <span class='ocrx_word' id='word_1_158' title='bbox 1331 2151 1549 2221; x_wconf 90' lang='grc' dir='ltr'>πρῶτον</span> <span class='ocrx_word' id='word_1_159' title='bbox 1595 2148 1777 2223; x_wconf 83' lang='grc' dir='ltr'>ἀγῶνα</span> <span class='ocrx_word' id='word_1_160' title='bbox 1828 2148 1880 2202; x_wconf 79' lang='lat' dir='ltr'><strong>o&#39;t</strong></span> <span class='ocrx_word' id='word_1_161' title='bbox 1933 2153 2031 2202; x_wconf 85' lang='grc' dir='ltr'><strong>Πι-</strong></span> 
     </span>
    </p>
   </div>
   <div class='ocr_carea' id='block_1_24' title="bbox 377 2230 2032 2309">
    <p class='ocr_par' dir='ltr' id='par_1_24' title="bbox 377 2230 2032 2309">
     <span class='ocr_line' id='line_1_24' title="bbox 377 2230 2032 2309; baseline 0.001 -21"><span class='ocrx_word' id='word_1_162' title='bbox 377 2238 526 2288; x_wconf 81' lang='grc' dir='ltr'>σαῖοι</span> <span class='ocrx_word' id='word_1_163' title='bbox 585 2231 641 2288; x_wconf 73' lang='grc' dir='ltr'>ἓν</span> <span class='ocrx_word' id='word_1_164' title='bbox 696 2234 981 2308; x_wconf 78' lang='grc' dir='ltr'>Ὀλυμπίᾳ</span> <span class='ocrx_word' id='word_1_165' title='bbox 1034 2230 1404 2291; x_wconf 71' lang='grc' dir='ltr'>κατεϐάλοντο</span> <span class='ocrx_word' id='word_1_166' title='bbox 1450 2236 1542 2291; x_wconf 86' lang='grc' dir='ltr'><strong>καὶ</strong></span> <span class='ocrx_word' id='word_1_167' title='bbox 1600 2236 1683 2291; x_wconf 86' lang='grc' dir='ltr'>Διὶ</span> <span class='ocrx_word' id='word_1_168' title='bbox 1741 2234 2032 2309; x_wconf 84' lang='grc' dir='ltr'>Ὀλυμπίῳ</span> 
     </span>
    </p>
   </div>
   <div class='ocr_carea' id='block_1_25' title="bbox 374 2323 2032 2401">
    <p class='ocr_par' dir='ltr' id='par_1_25' title="bbox 374 2323 2032 2401">
     <span class='ocr_line' id='line_1_25' title="bbox 374 2323 2032 2401; baseline 0.002 -24"><span class='ocrx_word' id='word_1_169' title='bbox 374 2326 652 2397; x_wconf 75' lang='grc' dir='ltr'>κοσμικὴν</span> <span class='ocrx_word' id='word_1_170' title='bbox 735 2325 963 2401; x_wconf 79' lang='grc' dir='ltr'>πρώτην</span> <span class='ocrx_word' id='word_1_171' title='bbox 1041 2323 1359 2381; x_wconf 76' lang='grc' dir='ltr'>ἐπετέλεσαν</span> <span class='ocrx_word' id='word_1_172' title='bbox 1454 2327 1670 2401; x_wconf 70' lang='grc' dir='ltr'>ἑορτήν.</span> <span class='ocrx_word' id='word_1_173' title='bbox 1757 2328 2032 2392; x_wconf 80' lang='grc' dir='ltr'>Ἐντεῦθεν</span> 
     </span>
    </p>
   </div>
   <div class='ocr_carea' id='block_1_26' title="bbox 373 2408 2032 2491">
    <p class='ocr_par' dir='ltr' id='par_1_26' title="bbox 373 2408 2032 2491">
     <span class='ocr_line' id='line_1_26' title="bbox 373 2408 2032 2491; baseline 0.003 -24"><span class='ocrx_word' id='word_1_174' title='bbox 373 2412 515 2468; x_wconf 81' lang='grc' dir='ltr'>κατᾶ</span> <span class='ocrx_word' id='word_1_175' title='bbox 540 2412 775 2486; x_wconf 70' lang='grc' dir='ltr'>τέσσαρα</span> <span class='ocrx_word' id='word_1_176' title='bbox 820 2408 916 2485; x_wconf 82' lang='grc' dir='ltr'>ἔτη</span> <span class='ocrx_word' id='word_1_177' title='bbox 973 2414 1066 2469; x_wconf 83' lang='grc' dir='ltr'><strong>τὸν</strong></span> <span class='ocrx_word' id='word_1_178' title='bbox 1112 2415 1290 2491; x_wconf 85' lang='grc' dir='ltr'>ἀγῶνα</span> <span class='ocrx_word' id='word_1_179' title='bbox 1334 2414 1426 2471; x_wconf 77' lang='grc' dir='ltr'><strong>καὶ</strong></span> <span class='ocrx_word' id='word_1_180' title='bbox 1463 2416 1563 2485; x_wconf 81' lang='grc' dir='ltr'><strong>τήν</strong></span> <span class='ocrx_word' id='word_1_181' title='bbox 1608 2416 1801 2490; x_wconf 71' lang='grc' dir='ltr'>ἑορτὴν</span> <span class='ocrx_word' id='word_1_182' title='bbox 1850 2415 2032 2472; x_wconf 70' lang='grc' dir='ltr'>ἐπιτε-</span> 
     </span>
    </p>
   </div>
   <div class='ocr_carea' id='block_1_27' title="bbox 380 2500 2035 2581">
    <p class='ocr_par' dir='ltr' id='par_1_27' title="bbox 380 2500 2035 2581">
     <span class='ocr_line' id='line_1_27' title="bbox 380 2500 2035 2581; baseline 0.003 -24"><span class='ocrx_word' id='word_1_183' title='bbox 380 2501 634 2571; x_wconf 82' lang='grc' dir='ltr'>λοῦντες,</span> <span class='ocrx_word' id='word_1_184' title='bbox 693 2500 1073 2576; x_wconf 71' lang='grc' dir='ltr'>Ὀλυμπιάδας</span> <span class='ocrx_word' id='word_1_185' title='bbox 1128 2504 1227 2566; x_wconf 79' lang='grc' dir='ltr'><strong>τὰς</strong></span> <span class='ocrx_word' id='word_1_186' title='bbox 1308 2501 1725 2581; x_wconf 83' lang='grc' dir='ltr'>τετραετηρίδας</span> <span class='ocrx_word' id='word_1_187' title='bbox 1804 2507 2035 2577; x_wconf 77' lang='grc' dir='ltr'>καθεξῆς</span> 
     </span>
    </p>
   </div>
   <div class='ocr_carea' id='block_1_28' title="bbox 380 2590 2037 2672">
    <p class='ocr_par' dir='ltr' id='par_1_28' title="bbox 380 2590 2037 2672">
     <span class='ocr_line' id='line_1_28' title="bbox 380 2590 2037 2672; baseline 0.002 -26"><span class='ocrx_word' id='word_1_188' title='bbox 380 2590 680 2665; x_wconf 71' lang='grc' dir='ltr'>ἠρίθμουν.</span> <span class='ocrx_word' id='word_1_189' title='bbox 714 2593 807 2649; x_wconf 84' lang='grc' dir='ltr'>Ἐν</span> <span class='ocrx_word' id='word_1_190' title='bbox 837 2594 922 2655; x_wconf 78' lang='grc' dir='ltr'>οἷς</span> <span class='ocrx_word' id='word_1_191' title='bbox 977 2594 1203 2672; x_wconf 85' lang='grc' dir='ltr'>χρόνοις</span> <span class='ocrx_word' id='word_1_192' title='bbox 1244 2593 1334 2648; x_wconf 85' lang='grc' dir='ltr'><strong>καὶ</strong></span> <span class='ocrx_word' id='word_1_193' title='bbox 1386 2595 1678 2670; x_wconf 86' lang='grc' dir='ltr'>Κορίνθιοι</span> <span class='ocrx_word' id='word_1_194' title='bbox 1729 2594 1864 2667; x_wconf 85' lang='grc' dir='ltr'>μετᾶ</span> <span class='ocrx_word' id='word_1_195' title='bbox 1908 2595 2037 2660; x_wconf 74' lang='grc' dir='ltr'>τοὺς</span> 
     </span>
    </p>
   </div>
   <div class='ocr_carea' id='block_1_29' title="bbox 378 2676 2035 2760">
    <p class='ocr_par' dir='ltr' id='par_1_29' title="bbox 378 2676 2035 2760">
     <span class='ocr_line' id='line_1_29' title="bbox 378 2676 2035 2760; baseline 0.001 -24"><span class='ocrx_word' id='word_1_196' title='bbox 378 2676 845 2753; x_wconf 77' lang='grc' dir='ltr'>Λακεδαιμονίους</span> <span class='ocrx_word' id='word_1_197' title='bbox 899 2685 1310 2760; x_wconf 87' lang='grc' dir='ltr'>τοπαρχοῦντες</span> <span class='ocrx_word' id='word_1_198' title='bbox 1342 2680 1626 2754; x_wconf 74' lang='grc' dir='ltr'>Ἑλλήνων</span> <span class='ocrx_word' id='word_1_199' title='bbox 1679 2678 2035 2740; x_wconf 74' lang='grc' dir='ltr'>ἐϐασίλευσαν</span> 
     </span>
    </p>
   </div>
   <div class='ocr_carea' id='block_1_30' title="bbox 376 2764 2035 2847">
    <p class='ocr_par' dir='ltr' id='par_1_30' title="bbox 376 2764 2035 2847">
     <span class='ocr_line' id='line_1_30' title="bbox 376 2764 2035 2847; baseline 0.001 -24"><span class='ocrx_word' id='word_1_200' title='bbox 376 2767 445 2823; x_wconf 75' lang='grc' dir='ltr'>τὰ</span> <span class='ocrx_word' id='word_1_201' title='bbox 474 2769 649 2824; x_wconf 69' lang='grc' dir='ltr'>πάντα</span> <span class='ocrx_word' id='word_1_202' title='bbox 677 2764 773 2839; x_wconf 80' lang='grc' dir='ltr'>ἔτη</span> <span class='ocrx_word' id='word_1_203' title='bbox 825 2770 956 2841; x_wconf 65' lang='lat' dir='ltr'><strong>tm‘.</strong></span> <span class='ocrx_word' id='word_1_204' title='bbox 1017 2770 1121 2827; x_wconf 85' lang='grc' dir='ltr'><strong>Καὶ</strong></span> <span class='ocrx_word' id='word_1_205' title='bbox 1182 2771 1318 2845; x_wconf 78' lang='grc' dir='ltr'>μετὰ</span> <span class='ocrx_word' id='word_1_206' title='bbox 1375 2768 1674 2847; x_wconf 78' lang='grc' dir='ltr'>Δάρδανον,</span> <span class='ocrx_word' id='word_1_207' title='bbox 1731 2772 1826 2828; x_wconf 90' lang='grc' dir='ltr'>τὸν</span> <span class='ocrx_word' id='word_1_208' title='bbox 1881 2770 2035 2827; x_wconf 83' lang='grc' dir='ltr'>Ἴλου</span> 
     </span>
    </p>
   </div>
   <div class='ocr_carea' id='block_1_31' title="bbox 375 2856 2036 2936">
    <p class='ocr_par' dir='ltr' id='par_1_31' title="bbox 375 2856 2036 2936">
     <span class='ocr_line' id='line_1_31' title="bbox 375 2856 2036 2936; baseline 0.004 -24"><span class='ocrx_word' id='word_1_209' title='bbox 375 2859 517 2928; x_wconf 76' lang='grc' dir='ltr'>υἱὸν,</span> <span class='ocrx_word' id='word_1_210' title='bbox 548 2858 640 2914; x_wconf 88' lang='grc' dir='ltr'><strong>καὶ</strong></span> <span class='ocrx_word' id='word_1_211' title='bbox 668 2860 763 2914; x_wconf 83' lang='grc' dir='ltr'>τὸν</span> <span class='ocrx_word' id='word_1_212' title='bbox 794 2856 1065 2934; x_wconf 80' lang='grc' dir='ltr'>Δαρδάνου</span> <span class='ocrx_word' id='word_1_213' title='bbox 1095 2860 1212 2916; x_wconf 77' lang='grc' dir='ltr'>υἱὸν</span> <span class='ocrx_word' id='word_1_214' title='bbox 1272 2856 1653 2935; x_wconf 71' lang='grc' dir='ltr'>Λαομέδοντα,</span> <span class='ocrx_word' id='word_1_215' title='bbox 1709 2860 1978 2936; x_wconf 85' lang='grc' dir='ltr'>Πρίαμος,</span> <span class='ocrx_word' id='word_1_216' title='bbox 2007 2863 2036 2918; x_wconf 86' lang='grc' dir='ltr'>ὁ</span> 
     </span>
    </p>
   </div>
   <div class='ocr_carea' id='block_1_32' title="bbox 375 2944 2035 3028">
    <p class='ocr_par' dir='ltr' id='par_1_32' title="bbox 375 2944 2035 3028">
     <span class='ocr_line' id='line_1_32' title="bbox 375 2944 2035 3028; baseline 0.003 -26"><span class='ocrx_word' id='word_1_217' title='bbox 375 2944 784 3021; x_wconf 70' lang='grc' dir='ltr'>Λαομέδοντος,</span> <span class='ocrx_word' id='word_1_218' title='bbox 814 2955 914 3019; x_wconf 83' lang='grc' dir='ltr'><strong>τῆς</strong></span> <span class='ocrx_word' id='word_1_219' title='bbox 946 2954 1174 3026; x_wconf 74' lang='grc' dir='ltr'>Φρυγῶν</span> <span class='ocrx_word' id='word_1_220' title='bbox 1224 2950 1413 3026; x_wconf 85' lang='grc' dir='ltr'>χώρας</span> <span class='ocrx_word' id='word_1_221' title='bbox 1463 2950 1831 3027; x_wconf 75' lang='grc' dir='ltr'>ἃνηγορεύετο</span> <span class='ocrx_word' id='word_1_222' title='bbox 1884 2952 2035 3028; x_wconf 84' lang='grc' dir='ltr'>βασι-</span> 
     </span>
    </p>
   </div>
   <div class='ocr_carea' id='block_1_33' title="bbox 375 3034 2038 3116">
    <p class='ocr_par' dir='ltr' id='par_1_33' title="bbox 375 3034 2038 3116">
     <span class='ocr_line' id='line_1_33' title="bbox 375 3034 2038 3116; baseline 0.004 -25"><span class='ocrx_word' id='word_1_223' title='bbox 375 3034 524 3099; x_wconf 87' lang='grc' dir='ltr'>λεύς.</span> <span class='ocrx_word' id='word_1_224' title='bbox 560 3037 695 3094; x_wconf 83' lang='grc' dir='ltr'>Τότε</span> <span class='ocrx_word' id='word_1_225' title='bbox 721 3036 813 3094; x_wconf 84' lang='grc' dir='ltr'>καί</span> <span class='ocrx_word' id='word_1_226' title='bbox 840 3039 905 3095; x_wconf 86' lang='grc' dir='ltr'>τὸ</span> <span class='ocrx_word' id='word_1_227' title='bbox 930 3037 1200 3115; x_wconf 85' lang='grc' dir='ltr'>Δάρδανον</span> <span class='ocrx_word' id='word_1_228' title='bbox 1219 3042 1312 3095; x_wconf 79' lang='grc' dir='ltr'>καὶ</span> <span class='ocrx_word' id='word_1_229' title='bbox 1356 3040 1422 3096; x_wconf 89' lang='grc' dir='ltr'>τὸ</span> <span class='ocrx_word' id='word_1_230' title='bbox 1471 3039 1640 3097; x_wconf 84' lang='grc' dir='ltr'>Ἴλιον</span> <span class='ocrx_word' id='word_1_231' title='bbox 1682 3043 1773 3096; x_wconf 87' lang='grc' dir='ltr'><strong>καὶ</strong></span> <span class='ocrx_word' id='word_1_232' title='bbox 1804 3044 1838 3111; x_wconf 82' lang='grc' dir='ltr'>ἠ</span> <span class='ocrx_word' id='word_1_233' title='bbox 1871 3043 2038 3116; x_wconf 88' lang='grc' dir='ltr'>Γροία</span> 
     </span>
    </p>
   </div>
   <div class='ocr_carea' id='block_1_34' title="bbox 369 3126 2036 3205">
    <p class='ocr_par' dir='ltr' id='par_1_34' title="bbox 369 3126 2036 3205">
     <span class='ocr_line' id='line_1_34' title="bbox 369 3126 2036 3205; baseline 0.002 -24"><span class='ocrx_word' id='word_1_234' title='bbox 369 3126 465 3181; x_wconf 80' lang='grc' dir='ltr'><strong>καὶ</strong></span> <span class='ocrx_word' id='word_1_235' title='bbox 494 3131 530 3196; x_wconf 75' lang='grc' dir='ltr'><strong>ἡ</strong></span> <span class='ocrx_word' id='word_1_236' title='bbox 562 3131 710 3182; x_wconf 81' lang='grc' dir='ltr'>πᾶσα</span> <span class='ocrx_word' id='word_1_237' title='bbox 760 3128 920 3202; x_wconf 86' lang='grc' dir='ltr'>χώρα</span> <span class='ocrx_word' id='word_1_238' title='bbox 969 3129 1249 3204; x_wconf 79' lang='grc' dir='ltr'>Φρυγγίας</span> <span class='ocrx_word' id='word_1_239' title='bbox 1289 3128 1378 3184; x_wconf 70' lang='grc' dir='ltr'><strong>ἐπὶ</strong></span> <span class='ocrx_word' id='word_1_240' title='bbox 1426 3133 1536 3185; x_wconf 85' lang='grc' dir='ltr'><strong>τῶν</strong></span> <span class='ocrx_word' id='word_1_241' title='bbox 1595 3132 1821 3205; x_wconf 76' lang='grc' dir='ltr'>ἡμερῶν</span> <span class='ocrx_word' id='word_1_242' title='bbox 1880 3130 2036 3186; x_wconf 83' lang='grc' dir='ltr'>ἐκπε-</span> 
     </span>
    </p>
   </div>
   <div class='ocr_carea' id='block_1_35' title="bbox 370 3215 2031 3296">
    <p class='ocr_par' dir='ltr' id='par_1_35' title="bbox 370 3215 2031 3296">
     <span class='ocr_line' id='line_1_35' title="bbox 370 3215 2031 3296; baseline 0.002 -24"><span class='ocrx_word' id='word_1_243' title='bbox 370 3215 745 3292; x_wconf 85' lang='grc' dir='ltr'>πολιόρκηται</span> <span class='ocrx_word' id='word_1_244' title='bbox 777 3220 1053 3293; x_wconf 78' lang='grc' dir='ltr'>Πριάμουο</span> <span class='ocrx_word' id='word_1_245' title='bbox 1084 3221 1148 3277; x_wconf 85' lang='grc' dir='ltr'>Ἡ</span> <span class='ocrx_word' id='word_1_246' title='bbox 1180 3218 1237 3275; x_wconf 76' lang='grc' dir='ltr'>δὲ</span> <span class='ocrx_word' id='word_1_247' title='bbox 1291 3220 1442 3275; x_wconf 81' lang='grc' dir='ltr'>αἶτία</span> <span class='ocrx_word' id='word_1_248' title='bbox 1490 3224 1591 3287; x_wconf 81' lang='grc' dir='ltr'><strong>τῆς</strong></span> <span class='ocrx_word' id='word_1_249' title='bbox 1631 3218 2031 3296; x_wconf 81' lang='grc' dir='ltr'>καταδῃώσεως</span> 
     </span>
    </p>
   </div>
   <div class='ocr_carea' id='block_1_36' title="bbox 372 3304 2027 3387">
    <p class='ocr_par' dir='ltr' id='par_1_36' title="bbox 372 3304 2027 3387">
     <span class='ocr_line' id='line_1_36' title="bbox 372 3304 2027 3387; baseline 0.002 -24"><span class='ocrx_word' id='word_1_250' title='bbox 372 3304 728 3383; x_wconf 80' lang='grc' dir='ltr'>Ἀλέξανδρος</span> <span class='ocrx_word' id='word_1_251' title='bbox 776 3308 805 3362; x_wconf 86' lang='grc' dir='ltr'>ὁ</span> <span class='ocrx_word' id='word_1_252' title='bbox 850 3309 939 3363; x_wconf 85' lang='grc' dir='ltr'><strong>καὶ</strong></span> <span class='ocrx_word' id='word_1_253' title='bbox 1002 3309 1190 3383; x_wconf 75' lang='grc' dir='ltr'>Πάρις.</span> <span class='ocrx_word' id='word_1_254' title='bbox 1250 3309 1461 3368; x_wconf 81' lang='grc' dir='ltr'>Τούτου</span> <span class='ocrx_word' id='word_1_255' title='bbox 1519 3310 1621 3387; x_wconf 69' lang='grc' dir='ltr'><strong>γὰρ</strong></span> <span class='ocrx_word' id='word_1_256' title='bbox 1679 3310 2027 3385; x_wconf 72' lang='grc' dir='ltr'>γεννηθέντος</span> 
     </span>
    </p>
   </div>
   <div class='ocr_carea' id='block_1_37' title="bbox 372 3395 2022 3476">
    <p class='ocr_par' dir='ltr' id='par_1_37' title="bbox 372 3395 2022 3476">
     <span class='ocr_line' id='line_1_37' title="bbox 372 3395 2022 3476; baseline 0.003 -26"><span class='ocrx_word' id='word_1_257' title='bbox 372 3395 481 3450; x_wconf 80' lang='grc' dir='ltr'><strong>ὑπὸ</strong></span> <span class='ocrx_word' id='word_1_258' title='bbox 540 3395 792 3471; x_wconf 76' lang='grc' dir='ltr'>Πριάμου</span> <span class='ocrx_word' id='word_1_259' title='bbox 844 3397 1103 3476; x_wconf 87' lang='grc' dir='ltr'>χρησμὸς</span> <span class='ocrx_word' id='word_1_260' title='bbox 1159 3398 1309 3471; x_wconf 76' lang='grc' dir='ltr'>αὐτῷ</span> <span class='ocrx_word' id='word_1_261' title='bbox 1364 3395 1684 3454; x_wconf 74' lang='grc' dir='ltr'>ἀναδὲδοται</span> <span class='ocrx_word' id='word_1_262' title='bbox 1755 3404 2022 3463; x_wconf 71' lang='grc' dir='ltr'>τοιοῦτος·</span> 
     </span>
    </p>
   </div>
   <div class='ocr_carea' id='block_1_38' title="bbox 373 3482 2026 3566">
    <p class='ocr_par' dir='ltr' id='par_1_38' title="bbox 373 3482 2026 3566">
     <span class='ocr_line' id='line_1_38' title="bbox 373 3482 2026 3566; baseline 0.005 -29"><span class='ocrx_word' id='word_1_263' title='bbox 373 3508 402 3535; x_wconf 80' lang='grc' dir='ltr'><strong>ιι</strong></span> <span class='ocrx_word' id='word_1_264' title='bbox 438 3482 675 3559; x_wconf 70' lang='grc' dir='ltr'>Ἐτὲχθη</span> <span class='ocrx_word' id='word_1_265' title='bbox 726 3506 811 3540; x_wconf 88' lang='grc' dir='ltr'><strong>σοι</strong></span> <span class='ocrx_word' id='word_1_266' title='bbox 862 3485 1035 3561; x_wconf 84' lang='grc' dir='ltr'>Πάρις</span> <span class='ocrx_word' id='word_1_267' title='bbox 1093 3483 1378 3563; x_wconf 88' lang='grc' dir='ltr'>δύσπαρις·</span> <span class='ocrx_word' id='word_1_268' title='bbox 1440 3489 1861 3564; x_wconf 80' lang='grc' dir='ltr'>τριακοντούνης</span> <span class='ocrx_word' id='word_1_269' title='bbox 1920 3491 2026 3566; x_wconf 74' lang='grc' dir='ltr'><strong>γὰρ</strong></span> 
     </span>
    </p>
   </div>
   <div class='ocr_carea' id='block_1_39' title="bbox 369 3574 2026 3655">
    <p class='ocr_par' dir='ltr' id='par_1_39' title="bbox 369 3574 2026 3655">
     <span class='ocr_line' id='line_1_39' title="bbox 369 3574 2026 3655; baseline 0.005 -26"><span class='ocrx_word' id='word_1_270' title='bbox 369 3574 666 3650; x_wconf 83' lang='grc' dir='ltr'>γενόμενος</span> <span class='ocrx_word' id='word_1_271' title='bbox 724 3575 905 3632; x_wconf 73' lang='grc' dir='ltr'>ὀλὲσει</span> <span class='ocrx_word' id='word_1_272' title='bbox 968 3575 1247 3653; x_wconf 87' lang='grc' dir='ltr'>βασιλείαν</span> <span class='ocrx_word' id='word_1_273' title='bbox 1300 3583 1547 3655; x_wconf 79' lang='grc' dir='ltr'>Φρυγῶν.</span> <span class='ocrx_word' id='word_1_274' title='bbox 1583 3604 1612 3633; x_wconf 88' lang='grc'><strong>››</strong></span> <span class='ocrx_word' id='word_1_275' title='bbox 1669 3580 1844 3645; x_wconf 80' lang='grc' dir='ltr'>Εὐθὺς</span> <span class='ocrx_word' id='word_1_276' title='bbox 1876 3579 1967 3636; x_wconf 78' lang='grc' dir='ltr'>οὖν</span> <span class='ocrx_word' id='word_1_277' title='bbox 1997 3584 2026 3637; x_wconf 85' lang='grc' dir='ltr'>ὁ</span> 
     </span>
    </p>
   </div>
   <div class='ocr_carea' id='block_1_40' title="bbox 375 3663 2026 3744">
    <p class='ocr_par' dir='ltr' id='par_1_40' title="bbox 375 3663 2026 3744">
     <span class='ocr_line' id='line_1_40' title="bbox 375 3663 2026 3744; baseline 0.004 -24"><span class='ocrx_word' id='word_1_278' title='bbox 375 3664 627 3737; x_wconf 75' lang='grc' dir='ltr'>Πρίαμος</span> <span class='ocrx_word' id='word_1_279' title='bbox 717 3663 1069 3743; x_wconf 72' lang='grc' dir='ltr'>Ἀλὲξανδρον</span> <span class='ocrx_word' id='word_1_280' title='bbox 1160 3668 1531 3743; x_wconf 79' lang='grc' dir='ltr'>μετονομάσας</span> <span class='ocrx_word' id='word_1_281' title='bbox 1624 3667 1861 3744; x_wconf 81' lang='grc' dir='ltr'>ἔπεμψεν</span> <span class='ocrx_word' id='word_1_282' title='bbox 1947 3671 2026 3735; x_wconf 68' lang='grc' dir='ltr'>εἷς</span> 
     </span>
    </p>
   </div>
   <div class='ocr_carea' id='block_1_41' title="bbox 372 3750 2026 3837">
    <p class='ocr_par' dir='ltr' id='par_1_41' title="bbox 372 3750 2026 3837">
     <span class='ocr_line' id='line_1_41' title="bbox 372 3750 2026 3837; baseline 0.005 -30"><span class='ocrx_word' id='word_1_283' title='bbox 372 3752 562 3827; x_wconf 71' lang='grc' dir='ltr'>ἀγρὸν,</span> <span class='ocrx_word' id='word_1_284' title='bbox 630 3750 867 3831; x_wconf 73' lang='grc' dir='ltr'>Πανδρῶ</span> <span class='ocrx_word' id='word_1_285' title='bbox 924 3754 1240 3833; x_wconf 84' lang='grc' dir='ltr'>λεγόμενον,</span> <span class='ocrx_word' id='word_1_286' title='bbox 1296 3756 1889 3837; x_wconf 79' lang='grc' dir='ltr'>γαλακτοτροφηθῆναι</span> <span class='ocrx_word' id='word_1_287' title='bbox 1935 3761 2026 3817; x_wconf 76' lang='grc' dir='ltr'><strong>καὶ</strong></span> 
     </span>
    </p>
   </div>
   <div class='ocr_carea' id='block_1_42' title="bbox 372 3842 2028 3925">
    <p class='ocr_par' dir='ltr' id='par_1_42' title="bbox 372 3842 2028 3925">
     <span class='ocr_line' id='line_1_42' title="bbox 372 3842 2028 3925; baseline 0.007 -29"><span class='ocrx_word' id='word_1_288' title='bbox 372 3842 677 3913; x_wconf 74' lang='grc' dir='ltr'>αὐξηθῆναι</span> <span class='ocrx_word' id='word_1_289' title='bbox 705 3845 851 3918; x_wconf 82' lang='grc' dir='ltr'><strong>παρὰ</strong></span> <span class='ocrx_word' id='word_1_290' title='bbox 881 3845 1108 3918; x_wconf 80' lang='grc' dir='ltr'>γηπόνῳ</span> <span class='ocrx_word' id='word_1_291' title='bbox 1134 3847 1263 3915; x_wconf 78' lang='grc' dir='ltr'>τινὶ,</span> <span class='ocrx_word' id='word_1_292' title='bbox 1290 3846 1456 3925; x_wconf 81' lang='grc' dir='ltr'>ἄχρις</span> <span class='ocrx_word' id='word_1_293' title='bbox 1510 3847 1573 3903; x_wconf 76' lang='grc' dir='ltr'>οὗ</span> <span class='ocrx_word' id='word_1_294' title='bbox 1619 3849 1687 3904; x_wconf 73' lang='grc' dir='ltr'><strong>τὰ</strong></span> <span class='ocrx_word' id='word_1_295' title='bbox 1734 3851 2028 3925; x_wconf 84' lang='grc' dir='ltr'>τριάκοντα</span> 
     </span>
    </p>
   </div>
   <div class='ocr_carea' id='block_1_43' title="bbox 370 3928 2028 4015">
    <p class='ocr_par' dir='ltr' id='par_1_43' title="bbox 370 3928 2028 4015">
     <span class='ocr_line' id='line_1_43' title="bbox 370 3928 2028 4015; baseline 0.006 -30"><span class='ocrx_word' id='word_1_296' title='bbox 370 3928 465 4001; x_wconf 79' lang='grc' dir='ltr'>ἔτη</span> <span class='ocrx_word' id='word_1_297' title='bbox 500 3936 601 3987; x_wconf 78' lang='grc' dir='ltr'><strong>τοῦ</strong></span> <span class='ocrx_word' id='word_1_298' title='bbox 634 3938 895 4007; x_wconf 79' lang='grc' dir='ltr'>χρησμοῦ</span> <span class='ocrx_word' id='word_1_299' title='bbox 951 3932 1224 4009; x_wconf 69' lang='grc' dir='ltr'>παρέλθῃ.</span> <span class='ocrx_word' id='word_1_300' title='bbox 1285 3935 1545 4005; x_wconf 84' lang='grc' dir='ltr'>Ἐποίησε</span> <span class='ocrx_word' id='word_1_301' title='bbox 1598 3934 1783 3992; x_wconf 77' lang='grc' dir='ltr'>δὲκαὶ</span> <span class='ocrx_word' id='word_1_302' title='bbox 1839 3945 2028 4015; x_wconf 84' lang='grc' dir='ltr'>τεῖχος</span> 
     </span>
    </p>
   </div>
   <div class='ocr_carea' id='block_1_44' title="bbox 373 4018 2025 4099">
    <p class='ocr_par' dir='ltr' id='par_1_44' title="bbox 373 4018 2025 4099">
     <span class='ocr_line' id='line_1_44' title="bbox 373 4018 2025 4099; baseline 0.005 -25"><span class='ocrx_word' id='word_1_303' title='bbox 373 4020 513 4094; x_wconf 65' lang='grc' dir='ltr'>μέγα</span> <span class='ocrx_word' id='word_1_304' title='bbox 550 4018 604 4075; x_wconf 80' lang='grc' dir='ltr'>ἐν</span> <span class='ocrx_word' id='word_1_305' title='bbox 655 4026 736 4094; x_wconf 79' lang='grc' dir='ltr'><strong>τῷ</strong></span> <span class='ocrx_word' id='word_1_306' title='bbox 794 4023 967 4097; x_wconf 80' lang='grc' dir='ltr'>ἀγρῷ,</span> <span class='ocrx_word' id='word_1_307' title='bbox 1000 4022 1030 4078; x_wconf 79' lang='grc' dir='ltr'>ὅ</span> <span class='ocrx_word' id='word_1_308' title='bbox 1059 4023 1149 4078; x_wconf 82' lang='grc' dir='ltr'><strong>καὶ</strong></span> <span class='ocrx_word' id='word_1_309' title='bbox 1208 4023 1412 4099; x_wconf 74' lang='grc' dir='ltr'>Πάριον</span> <span class='ocrx_word' id='word_1_310' title='bbox 1467 4025 1764 4099; x_wconf 81' lang='grc' dir='ltr'>ὠνόμασεν.</span> <span class='ocrx_word' id='word_1_311' title='bbox 1821 4029 2025 4085; x_wconf 87' lang='grc' dir='ltr'>Ἐκεἷὸ</span> 
     </span>
    </p>
   </div>
   <div class='ocr_carea' id='block_1_45' title="bbox 367 4106 2027 4193">
    <p class='ocr_par' dir='ltr' id='par_1_45' title="bbox 367 4106 2027 4193">
     <span class='ocr_line' id='line_1_45' title="bbox 367 4106 2027 4193; baseline 0.004 -27"><span class='ocrx_word' id='word_1_312' title='bbox 367 4110 545 4185; x_wconf 67' lang='grc' dir='ltr'>Πάρις</span> <span class='ocrx_word' id='word_1_313' title='bbox 578 4106 800 4186; x_wconf 84' lang='grc' dir='ltr'>διάγων,</span> <span class='ocrx_word' id='word_1_314' title='bbox 842 4112 1085 4185; x_wconf 76' lang='grc' dir='ltr'>εὐμαθής</span> <span class='ocrx_word' id='word_1_315' title='bbox 1150 4134 1209 4169; x_wconf 87' lang='grc' dir='ltr'><strong>τε</strong></span> <span class='ocrx_word' id='word_1_316' title='bbox 1265 4115 1390 4187; x_wconf 83' lang='grc' dir='ltr'><strong>περὶ</strong></span> <span class='ocrx_word' id='word_1_317' title='bbox 1448 4115 1813 4192; x_wconf 74' lang='grc' dir='ltr'>τάγράμματα</span> <span class='ocrx_word' id='word_1_318' title='bbox 1871 4117 2027 4193; x_wconf 90' lang='grc' dir='ltr'>γενό-</span> 
     </span>
    </p>
   </div>
   <div class='ocr_carea' id='block_1_46' title="bbox 373 4197 2025 4285">
    <p class='ocr_par' dir='ltr' id='par_1_46' title="bbox 373 4197 2025 4285">
     <span class='ocr_line' id='line_1_46' title="bbox 373 4197 2025 4285; baseline 0.006 -33"><span class='ocrx_word' id='word_1_319' title='bbox 373 4218 537 4270; x_wconf 77' lang='grc' dir='ltr'>μενος</span> <span class='ocrx_word' id='word_1_320' title='bbox 591 4199 682 4253; x_wconf 85' lang='grc' dir='ltr'><strong>καὶ</strong></span> <span class='ocrx_word' id='word_1_321' title='bbox 735 4197 983 4262; x_wconf 83' lang='grc' dir='ltr'>παιδείας</span> <span class='ocrx_word' id='word_1_322' title='bbox 1043 4202 1108 4256; x_wconf 84' lang='grc' dir='ltr'>οὐ</span> <span class='ocrx_word' id='word_1_323' title='bbox 1164 4209 1266 4271; x_wconf 77' lang='grc' dir='ltr'>τῆς</span> <span class='ocrx_word' id='word_1_324' title='bbox 1326 4203 1606 4279; x_wconf 86' lang='grc' dir='ltr'>τυχούσης</span> <span class='ocrx_word' id='word_1_325' title='bbox 1709 4208 2025 4285; x_wconf 79' lang='grc' dir='ltr'>μετασχὼν,</span> 
     </span>
    </p>
   </div>
   <div class='ocr_carea' id='block_1_47' title="bbox 368 4285 2022 4373">
    <p class='ocr_par' dir='ltr' id='par_1_47' title="bbox 368 4285 2022 4373">
     <span class='ocr_line' id='line_1_47' title="bbox 368 4285 2022 4373; baseline 0.006 -31"><span class='ocrx_word' id='word_1_326' title='bbox 368 4285 807 4363; x_wconf 77' lang='grc' dir='ltr'>ἐγκωμιαστικὸν</span> <span class='ocrx_word' id='word_1_327' title='bbox 836 4287 1001 4366; x_wconf 91' lang='grc' dir='ltr'>λόγον</span> <span class='ocrx_word' id='word_1_328' title='bbox 1043 4290 1134 4345; x_wconf 86' lang='grc' dir='ltr'>καὶ</span> <span class='ocrx_word' id='word_1_329' title='bbox 1194 4291 1358 4365; x_wconf 79' lang='grc' dir='ltr'>ὕμνον</span> <span class='ocrx_word' id='word_1_330' title='bbox 1407 4294 1485 4357; x_wconf 79' lang='grc' dir='ltr'><strong>εἰς</strong></span> <span class='ocrx_word' id='word_1_331' title='bbox 1538 4295 1639 4363; x_wconf 73' lang='grc' dir='ltr'>τὴν</span> <span class='ocrx_word' id='word_1_332' title='bbox 1695 4295 2022 4373; x_wconf 77' lang='grc' dir='ltr'>Ἀφροδίτην</span> 
     </span>
    </p>
   </div>
   <div class='ocr_carea' id='block_1_48' title="bbox 367 4373 2026 4459">
    <p class='ocr_par' dir='ltr' id='par_1_48' title="bbox 367 4373 2026 4459">
     <span class='ocr_line' id='line_1_48' title="bbox 367 4373 2026 4459; baseline 0.006 -27"><span class='ocrx_word' id='word_1_333' title='bbox 367 4373 801 4449; x_wconf 76' lang='grc' dir='ltr'>διετιὶξατο,τήν</span> <span class='ocrx_word' id='word_1_334' title='bbox 830 4378 1118 4453; x_wconf 78' lang='grc' dir='ltr'>ἐπιθυμίαν</span> <span class='ocrx_word' id='word_1_335' title='bbox 1172 4379 1338 4451; x_wconf 73' lang='grc' dir='ltr'>αὐτὴν</span> <span class='ocrx_word' id='word_1_336' title='bbox 1396 4381 1574 4459; x_wconf 71' lang='grc' dir='ltr'>λέγων</span> <span class='ocrx_word' id='word_1_337' title='bbox 1636 4383 1794 4455; x_wconf 83' lang='grc' dir='ltr'>εἶναι,</span> <span class='ocrx_word' id='word_1_338' title='bbox 1852 4384 1904 4457; x_wconf 78' lang='grc' dir='ltr'><strong>ἐξ</strong></span> <span class='ocrx_word' id='word_1_339' title='bbox 1960 4390 2026 4455; x_wconf 74' lang='grc' dir='ltr'>ἧς</span> 
     </span>
    </p>
   </div>
   <div class='ocr_carea' id='block_1_49' title="bbox 364 4466 2023 4550">
    <p class='ocr_par' dir='ltr' id='par_1_49' title="bbox 364 4466 2023 4550">
     <span class='ocr_line' id='line_1_49' title="bbox 364 4466 2023 4550; baseline 0.004 -29"><span class='ocrx_word' id='word_1_340' title='bbox 364 4466 461 4521; x_wconf 79' lang='grc' dir='ltr'>καὶ</span> <span class='ocrx_word' id='word_1_341' title='bbox 515 4467 676 4521; x_wconf 78' lang='grc' dir='ltr'>τὲκνα</span> <span class='ocrx_word' id='word_1_342' title='bbox 730 4467 818 4522; x_wconf 79' lang='grc' dir='ltr'><strong>καὶ</strong></span> <span class='ocrx_word' id='word_1_343' title='bbox 877 4468 1069 4546; x_wconf 78' lang='grc' dir='ltr'>σοφίαν</span> <span class='ocrx_word' id='word_1_344' title='bbox 1124 4470 1217 4525; x_wconf 72' lang='grc' dir='ltr'><strong>καὶ</strong></span> <span class='ocrx_word' id='word_1_345' title='bbox 1267 4470 1460 4547; x_wconf 75' lang='grc' dir='ltr'>τέχνας</span> <span class='ocrx_word' id='word_1_346' title='bbox 1521 4470 1576 4527; x_wconf 75' lang='grc' dir='ltr'>ἐν</span> <span class='ocrx_word' id='word_1_347' title='bbox 1630 4470 1878 4550; x_wconf 84' lang='grc' dir='ltr'>λογικοῖς</span> <span class='ocrx_word' id='word_1_348' title='bbox 1933 4475 2023 4530; x_wconf 88' lang='grc' dir='ltr'><strong>καὶ</strong></span> 
     </span>
    </p>
   </div>
   <div class='ocr_carea' id='block_1_50' title="bbox 364 4552 2024 4638">
    <p class='ocr_par' dir='ltr' id='par_1_50' title="bbox 364 4552 2024 4638">
     <span class='ocr_line' id='line_1_50' title="bbox 364 4552 2024 4638; baseline 0.005 -29"><span class='ocrx_word' id='word_1_349' title='bbox 364 4552 603 4629; x_wconf 78' lang='grc' dir='ltr'>ἆλόγαις</span> <span class='ocrx_word' id='word_1_350' title='bbox 652 4553 1058 4625; x_wconf 81' lang='grc' dir='ltr'>ἀποτίκτεσθαι,</span> <span class='ocrx_word' id='word_1_351' title='bbox 1122 4557 1212 4612; x_wconf 79' lang='grc' dir='ltr'><strong>καὶ</strong></span> <span class='ocrx_word' id='word_1_352' title='bbox 1253 4557 1424 4627; x_wconf 76' lang='grc' dir='ltr'>αὐτὴν</span> <span class='ocrx_word' id='word_1_353' title='bbox 1483 4558 1536 4615; x_wconf 71' lang='grc' dir='ltr'>ἐν</span> <span class='ocrx_word' id='word_1_354' title='bbox 1597 4561 1874 4638; x_wconf 87' lang='grc' dir='ltr'>συγκρίσει</span> <span class='ocrx_word' id='word_1_355' title='bbox 1925 4566 2024 4633; x_wconf 80' lang='grc' dir='ltr'><strong>τήν</strong></span> 
     </span>
    </p>
   </div>
   <div class='ocr_carea' id='block_1_51' title="bbox 2143 624 3789 699">
    <p class='ocr_par' dir='ltr' id='par_1_51' title="bbox 2143 624 3789 699">
     <span class='ocr_line' id='line_1_51' title="bbox 2143 624 3789 699; baseline 0.002 -18"><span class='ocrx_word' id='word_1_356' title='bbox 2143 630 2267 693; x_wconf 86' lang='lat' dir='ltr'><strong>est;</strong></span> <span class='ocrx_word' id='word_1_357' title='bbox 2303 624 2461 680; x_wconf 90' lang='lat' dir='ltr'><strong>unde</strong></span> <span class='ocrx_word' id='word_1_358' title='bbox 2493 630 2554 680; x_wconf 89' lang='lat' dir='ltr'><strong>et</strong></span> <span class='ocrx_word' id='word_1_359' title='bbox 2570 626 2812 697; x_wconf 68' lang='lat' dir='ltr'><strong>Egeum</strong></span> <span class='ocrx_word' id='word_1_360' title='bbox 2841 624 2991 679; x_wconf 89' lang='lat' dir='ltr'><strong>mari</strong></span> <span class='ocrx_word' id='word_1_361' title='bbox 3019 640 3240 680; x_wconf 89' lang='lat' dir='ltr'><strong>nomen</strong></span> <span class='ocrx_word' id='word_1_362' title='bbox 3261 625 3789 699; x_wconf 82' lang='lat' dir='ltr'><strong>obtigit.Caetorum</strong></span> 
     </span>
    </p>
   </div>
   <div class='ocr_carea' id='block_1_52' title="bbox 2140 714 3788 788">
    <p class='ocr_par' dir='ltr' id='par_1_52' title="bbox 2140 714 3788 788">
     <span class='ocr_line' id='line_1_52' title="bbox 2140 714 3788 788; baseline 0.003 -18"><span class='ocrx_word' id='word_1_363' title='bbox 2140 716 2422 771; x_wconf 83' lang='lat' dir='ltr'><strong>Theseus.</strong></span> <span class='ocrx_word' id='word_1_364' title='bbox 2491 716 2665 770; x_wconf 81' lang='lat' dir='ltr'><strong>Creta</strong></span> <span class='ocrx_word' id='word_1_365' title='bbox 2721 714 2961 782; x_wconf 89' lang='lat' dir='ltr'><strong>omissa,</strong></span> <span class='ocrx_word' id='word_1_366' title='bbox 3017 721 3216 788; x_wconf 85' lang='lat' dir='ltr'><strong>spreta</strong></span> <span class='ocrx_word' id='word_1_367' title='bbox 3274 717 3453 772; x_wconf 88' lang='lat' dir='ltr'><strong>etiam</strong></span> <span class='ocrx_word' id='word_1_368' title='bbox 3507 718 3788 788; x_wconf 82' lang='lat' dir='ltr'><strong>Ariadna,</strong></span> 
     </span>
    </p>
   </div>
   <div class='ocr_carea' id='block_1_53' title="bbox 2141 803 3792 877">
    <p class='ocr_par' dir='ltr' id='par_1_53' title="bbox 2141 803 3792 877">
     <span class='ocr_line' id='line_1_53' title="bbox 2141 803 3792 877; baseline 0.001 -17"><span class='ocrx_word' id='word_1_369' title='bbox 2141 821 2320 877; x_wconf 89' lang='lat' dir='ltr'><strong>quam</strong></span> <span class='ocrx_word' id='word_1_370' title='bbox 2351 805 2555 860; x_wconf 83' lang='lat' dir='ltr'><strong>ferunt</strong></span> <span class='ocrx_word' id='word_1_371' title='bbox 2582 804 2646 859; x_wconf 92' lang='lat' dir='ltr'><strong>in</strong></span> <span class='ocrx_word' id='word_1_372' title='bbox 2676 803 2800 858; x_wconf 58' lang='lat' dir='ltr'><strong>avde</strong></span> <span class='ocrx_word' id='word_1_373' title='bbox 2830 804 2984 859; x_wconf 76' lang='lat' dir='ltr'><strong>Iovis</strong></span> <span class='ocrx_word' id='word_1_374' title='bbox 3014 804 3300 877; x_wconf 81' lang='lat' dir='ltr'><strong>virginem</strong></span> <span class='ocrx_word' id='word_1_375' title='bbox 3331 804 3634 861; x_wconf 90' lang='lat' dir='ltr'><strong>desedisse</strong></span> <span class='ocrx_word' id='word_1_376' title='bbox 3684 808 3792 861; x_wconf 87' lang='lat' dir='ltr'><strong>ibi-</strong></span> 
     </span>
    </p>
   </div>
   <div class='ocr_carea' id='block_1_54' title="bbox 2141 892 3792 966">
    <p class='ocr_par' dir='ltr' id='par_1_54' title="bbox 2141 892 3792 966">
     <span class='ocr_line' id='line_1_54' title="bbox 2141 892 3792 966; baseline 0.001 -18"><span class='ocrx_word' id='word_1_377' title='bbox 2141 909 2257 964; x_wconf 88' lang='lat' dir='ltr'><strong>que</strong></span> <span class='ocrx_word' id='word_1_378' title='bbox 2289 898 2609 961; x_wconf 89' lang='lat' dir='ltr'><strong>mortuam,</strong></span> <span class='ocrx_word' id='word_1_379' title='bbox 2628 892 2948 948; x_wconf 64' lang='lat' dir='ltr'><strong>Thessalia:</strong></span> <span class='ocrx_word' id='word_1_380' title='bbox 2978 909 3228 965; x_wconf 86' lang='lat' dir='ltr'><strong>regnum</strong></span> <span class='ocrx_word' id='word_1_381' title='bbox 3258 895 3489 966; x_wconf 88' lang='lat' dir='ltr'><strong>accepit</strong></span> <span class='ocrx_word' id='word_1_382' title='bbox 3510 911 3792 950; x_wconf 85' lang='lat' dir='ltr'><strong>uxorem-</strong></span> 
     </span>
    </p>
   </div>
   <div class='ocr_carea' id='block_1_55' title="bbox 2142 981 3792 1055">
    <p class='ocr_par' dir='ltr' id='par_1_55' title="bbox 2142 981 3792 1055">
     <span class='ocr_line' id='line_1_55' title="bbox 2142 981 3792 1055; baseline 0.002 -18"><span class='ocrx_word' id='word_1_383' title='bbox 2142 999 2258 1055; x_wconf 86' lang='lat' dir='ltr'><strong>que</strong></span> <span class='ocrx_word' id='word_1_384' title='bbox 2288 981 2455 1038; x_wconf 81' lang='lat' dir='ltr'><strong>duxit</strong></span> <span class='ocrx_word' id='word_1_385' title='bbox 2480 982 2810 1038; x_wconf 73' lang='lat' dir='ltr'><strong>Phaadram.</strong></span> <span class='ocrx_word' id='word_1_386' title='bbox 2836 982 2969 1037; x_wconf 63' lang='lat' dir='ltr'><strong>Hinc</strong></span> <span class='ocrx_word' id='word_1_387' title='bbox 2995 982 3153 1055; x_wconf 89' lang='lat' dir='ltr'><strong>apud</strong></span> <span class='ocrx_word' id='word_1_388' title='bbox 3185 982 3382 1055; x_wconf 89' lang='lat' dir='ltr'><strong>ipsum</strong></span> <span class='ocrx_word' id='word_1_389' title='bbox 3412 983 3562 1039; x_wconf 88' lang='lat' dir='ltr'><strong>falso</strong></span> <span class='ocrx_word' id='word_1_390' title='bbox 3593 983 3792 1042; x_wconf 88' lang='lat' dir='ltr'><strong>delata</strong></span> 
     </span>
    </p>
   </div>
   <div class='ocr_carea' id='block_1_56' title="bbox 2139 1072 3792 1147">
    <p class='ocr_par' dir='ltr' id='par_1_56' title="bbox 2139 1072 3792 1147">
     <span class='ocr_line' id='line_1_56' title="bbox 2139 1072 3792 1147; baseline 0.002 -20"><span class='ocrx_word' id='word_1_391' title='bbox 2139 1072 2253 1128; x_wconf 87' lang='lat' dir='ltr'><strong>fuit</strong></span> <span class='ocrx_word' id='word_1_392' title='bbox 2290 1089 2426 1128; x_wconf 88' lang='lat' dir='ltr'><strong>cum</strong></span> <span class='ocrx_word' id='word_1_393' title='bbox 2480 1072 2794 1145; x_wconf 85' lang='lat' dir='ltr'><strong>Hippolyto</strong></span> <span class='ocrx_word' id='word_1_394' title='bbox 2843 1074 3111 1147; x_wconf 82' lang='lat' dir='ltr'>privigno</span> <span class='ocrx_word' id='word_1_395' title='bbox 3144 1091 3274 1142; x_wconf 89' lang='lat' dir='ltr'><strong>suo,</strong></span> <span class='ocrx_word' id='word_1_396' title='bbox 3310 1075 3410 1145; x_wconf 90' lang='lat' dir='ltr'><strong>qui</strong></span> <span class='ocrx_word' id='word_1_397' title='bbox 3461 1076 3688 1131; x_wconf 88' lang='lat' dir='ltr'><strong>Theseo</strong></span> <span class='ocrx_word' id='word_1_398' title='bbox 3722 1093 3792 1131; x_wconf 83' lang='lat' dir='ltr'><strong>ex</strong></span> 
     </span>
    </p>
   </div>
   <div class='ocr_carea' id='block_1_57' title="bbox 2139 1161 3789 1236">
    <p class='ocr_par' dir='ltr' id='par_1_57' title="bbox 2139 1161 3789 1236">
     <span class='ocr_line' id='line_1_57' title="bbox 2139 1161 3789 1236; baseline 0.002 -20"><span class='ocrx_word' id='word_1_399' title='bbox 2139 1161 2353 1233; x_wconf 87' lang='lat' dir='ltr'><strong>pellice</strong></span> <span class='ocrx_word' id='word_1_400' title='bbox 2384 1167 2557 1218; x_wconf 88' lang='lat' dir='ltr'><strong>natus</strong></span> <span class='ocrx_word' id='word_1_401' title='bbox 2587 1162 2802 1230; x_wconf 83' lang='lat' dir='ltr'><strong>fuerat,</strong></span> <span class='ocrx_word' id='word_1_402' title='bbox 2834 1181 3051 1236; x_wconf 90' lang='lat' dir='ltr'><strong>corpus</strong></span> <span class='ocrx_word' id='word_1_403' title='bbox 3081 1182 3189 1236; x_wconf 90' lang='lat' dir='ltr'><strong>per</strong></span> <span class='ocrx_word' id='word_1_404' title='bbox 3235 1165 3597 1220; x_wconf 81' lang='lat' dir='ltr'><strong>adulterium</strong></span> <span class='ocrx_word' id='word_1_405' title='bbox 3643 1166 3789 1220; x_wconf 89' lang='lat' dir='ltr'><strong>mis-</strong></span> 
     </span>
    </p>
   </div>
   <div class='ocr_carea' id='block_1_58' title="bbox 2142 1251 3789 1327">
    <p class='ocr_par' dir='ltr' id='par_1_58' title="bbox 2142 1251 3789 1327">
     <span class='ocr_line' id='line_1_58' title="bbox 2142 1251 3789 1327; baseline 0.002 -20"><span class='ocrx_word' id='word_1_406' title='bbox 2142 1251 2356 1307; x_wconf 89' lang='lat' dir='ltr'><strong>cuisse.</strong></span> <span class='ocrx_word' id='word_1_407' title='bbox 2391 1254 2472 1307; x_wconf 89' lang='lat' dir='ltr'><strong>Ac</strong></span> <span class='ocrx_word' id='word_1_408' title='bbox 2520 1253 2869 1325; x_wconf 85' lang='lat' dir='ltr'><strong>Hyppolitus</strong></span> <span class='ocrx_word' id='word_1_409' title='bbox 2898 1254 3139 1325; x_wconf 88' lang='lat' dir='ltr'><strong>quidem</strong></span> <span class='ocrx_word' id='word_1_410' title='bbox 3186 1271 3320 1309; x_wconf 85' lang='lat' dir='ltr'><strong>cum</strong></span> <span class='ocrx_word' id='word_1_411' title='bbox 3352 1271 3535 1326; x_wconf 89' lang='lat' dir='ltr'><strong>eques</strong></span> <span class='ocrx_word' id='word_1_412' title='bbox 3578 1271 3789 1327; x_wconf 90' lang='lat' dir='ltr'><strong>aprum</strong></span> 
     </span>
    </p>
   </div>
   <div class='ocr_carea' id='block_1_59' title="bbox 2142 1340 3791 1417">
    <p class='ocr_par' dir='ltr' id='par_1_59' title="bbox 2142 1340 3791 1417">
     <span class='ocr_line' id='line_1_59' title="bbox 2142 1340 3791 1417; baseline 0.002 -22"><span class='ocrx_word' id='word_1_413' title='bbox 2142 1340 2741 1412; x_wconf 89' lang='lat' dir='ltr'><strong>insequeretur,equo</strong></span> <span class='ocrx_word' id='word_1_414' title='bbox 2757 1359 3062 1411; x_wconf 84' lang='lat' dir='ltr'><strong>excussus,</strong></span> <span class='ocrx_word' id='word_1_415' title='bbox 3082 1343 3331 1399; x_wconf 85' lang='lat' dir='ltr'><strong>habenis</strong></span> <span class='ocrx_word' id='word_1_416' title='bbox 3349 1360 3562 1399; x_wconf 87' lang='lat' dir='ltr'><strong>manus</strong></span> <span class='ocrx_word' id='word_1_417' title='bbox 3594 1344 3791 1417; x_wconf 83' lang='lat' dir='ltr'><strong>digitis</strong></span> 
     </span>
    </p>
   </div>
   <div class='ocr_carea' id='block_1_60' title="bbox 2142 1430 3791 1509">
    <p class='ocr_par' dir='ltr' id='par_1_60' title="bbox 2142 1430 3791 1509">
     <span class='ocr_line' id='line_1_60' title="bbox 2142 1430 3791 1509; baseline 0.002 -24"><span class='ocrx_word' id='word_1_418' title='bbox 2142 1430 2485 1503; x_wconf 85' lang='lat' dir='ltr'><strong>implicatis,</strong></span> <span class='ocrx_word' id='word_1_419' title='bbox 2519 1431 2591 1487; x_wconf 92' lang='lat' dir='ltr'><strong>ab</strong></span> <span class='ocrx_word' id='word_1_420' title='bbox 2620 1447 2772 1503; x_wconf 87' lang='lat' dir='ltr'><strong>equo</strong></span> <span class='ocrx_word' id='word_1_421' title='bbox 2800 1437 3067 1509; x_wconf 80' lang='lat' dir='ltr'><strong>raptatus</strong></span> <span class='ocrx_word' id='word_1_422' title='bbox 3120 1439 3284 1489; x_wconf 88' lang='lat' dir='ltr'><strong>sexto</strong></span> <span class='ocrx_word' id='word_1_423' title='bbox 3315 1439 3451 1505; x_wconf 89' lang='lat' dir='ltr'><strong>post</strong></span> <span class='ocrx_word' id='word_1_424' title='bbox 3489 1433 3584 1488; x_wconf 90' lang='lat' dir='ltr'><strong>die</strong></span> <span class='ocrx_word' id='word_1_425' title='bbox 3615 1433 3791 1489; x_wconf 89' lang='lat' dir='ltr'><strong>vitam</strong></span> 
     </span>
    </p>
   </div>
   <div class='ocr_carea' id='block_1_61' title="bbox 2143 1518 3794 1585">
    <p class='ocr_par' dir='ltr' id='par_1_61' title="bbox 2143 1518 3794 1585">
     <span class='ocr_line' id='line_1_61' title="bbox 2143 1518 3794 1585; baseline 0.002 -12"><span class='ocrx_word' id='word_1_426' title='bbox 2143 1518 2372 1575; x_wconf 84' lang='lat' dir='ltr'><strong>clausit.</strong></span> <span class='ocrx_word' id='word_1_427' title='bbox 2398 1520 2524 1585; x_wconf 88' lang='lat' dir='ltr'><strong>Qua</strong></span> <span class='ocrx_word' id='word_1_428' title='bbox 2543 1537 2606 1575; x_wconf 91' lang='lat' dir='ltr'><strong>re</strong></span> <span class='ocrx_word' id='word_1_429' title='bbox 2633 1536 2768 1576; x_wconf 90' lang='lat' dir='ltr'><strong>cum</strong></span> <span class='ocrx_word' id='word_1_430' title='bbox 2792 1522 2852 1577; x_wconf 91' lang='lat' dir='ltr'><strong>in</strong></span> <span class='ocrx_word' id='word_1_431' title='bbox 2887 1522 3217 1577; x_wconf 83' lang='lat' dir='ltr'><strong>maximum</strong></span> <span class='ocrx_word' id='word_1_432' title='bbox 3238 1522 3496 1577; x_wconf 85' lang='lat' dir='ltr'><strong>venisset</strong></span> <span class='ocrx_word' id='word_1_433' title='bbox 3526 1522 3794 1577; x_wconf 89' lang='lat' dir='ltr'><strong>dolorem</strong></span> 
     </span>
    </p>
   </div>
   <div class='ocr_carea' id='block_1_62' title="bbox 2141 1609 3791 1684">
    <p class='ocr_par' dir='ltr' id='par_1_62' title="bbox 2141 1609 3791 1684">
     <span class='ocr_line' id='line_1_62' title="bbox 2141 1609 3791 1684; baseline 0.001 -21"><span class='ocrx_word' id='word_1_434' title='bbox 2141 1609 3064 1682; x_wconf 74' lang='lat' dir='ltr'><strong>Theseus,Phaedraa,quanquam</strong></span> <span class='ocrx_word' id='word_1_435' title='bbox 3096 1611 3413 1684; x_wconf 78' lang='lat' dir='ltr'><strong>dejerantl,</strong></span> <span class='ocrx_word' id='word_1_436' title='bbox 3430 1611 3791 1667; x_wconf 87' lang='lat' dir='ltr'><strong>adulterium</strong></span> 
     </span>
    </p>
   </div>
   <div class='ocr_carea' id='block_1_63' title="bbox 2143 1698 3789 1773">
    <p class='ocr_par' dir='ltr' id='par_1_63' title="bbox 2143 1698 3789 1773">
     <span class='ocr_line' id='line_1_63' title="bbox 2143 1698 3789 1773; baseline 0.002 -22"><span class='ocrx_word' id='word_1_437' title='bbox 2143 1698 2797 1770; x_wconf 79' lang='lat' dir='ltr'><strong>exprobravit,eamque</strong></span> <span class='ocrx_word' id='word_1_438' title='bbox 2832 1717 2862 1754; x_wconf 91' lang='lat' dir='ltr'><strong>e</strong></span> <span class='ocrx_word' id='word_1_439' title='bbox 2893 1706 3216 1773; x_wconf 84' lang='lat' dir='ltr'><strong>conspectu</strong></span> <span class='ocrx_word' id='word_1_440' title='bbox 3249 1718 3355 1756; x_wconf 91' lang='lat' dir='ltr'><strong>suo</strong></span> <span class='ocrx_word' id='word_1_441' title='bbox 3378 1701 3647 1756; x_wconf 84' lang='lat' dir='ltr'><strong>removit.</strong></span> <span class='ocrx_word' id='word_1_442' title='bbox 3690 1702 3789 1770; x_wconf 90' lang='lat' dir='ltr'><strong>Ea,</strong></span> 
     </span>
    </p>
   </div>
   <div class='ocr_carea' id='block_1_64' title="bbox 2142 1786 3791 1858">
    <p class='ocr_par' dir='ltr' id='par_1_64' title="bbox 2142 1786 3791 1858">
     <span class='ocr_line' id='line_1_64' title="bbox 2142 1786 3791 1858; baseline 0.001 -16"><span class='ocrx_word' id='word_1_443' title='bbox 2142 1786 2478 1842; x_wconf 87' lang='lat' dir='ltr'><strong>calamitate</strong></span> <span class='ocrx_word' id='word_1_444' title='bbox 2505 1787 2827 1844; x_wconf 88' lang='lat' dir='ltr'><strong>immodica</strong></span> <span class='ocrx_word' id='word_1_445' title='bbox 2843 1788 3344 1858; x_wconf 69' lang='lat' dir='ltr'><strong>afflicta,muarore</strong></span> <span class='ocrx_word' id='word_1_446' title='bbox 3367 1790 3662 1844; x_wconf 86' lang='lat' dir='ltr'><strong>exstincta</strong></span> <span class='ocrx_word' id='word_1_447' title='bbox 3681 1794 3791 1844; x_wconf 86' lang='lat' dir='ltr'><strong>est.</strong></span> 
     </span>
    </p>
   </div>
   <div class='ocr_carea' id='block_1_65' title="bbox 2142 1876 3794 1949">
    <p class='ocr_par' dir='ltr' id='par_1_65' title="bbox 2142 1876 3794 1949">
     <span class='ocr_line' id='line_1_65' title="bbox 2142 1876 3794 1949; baseline 0.002 -18"><span class='ocrx_word' id='word_1_448' title='bbox 2142 1878 2302 1931; x_wconf 90' lang='lat' dir='ltr'><strong>Tunc</strong></span> <span class='ocrx_word' id='word_1_449' title='bbox 2349 1876 2527 1931; x_wconf 89' lang='lat' dir='ltr'><strong>etiam</strong></span> <span class='ocrx_word' id='word_1_450' title='bbox 2560 1877 2922 1947; x_wconf 84' lang='lat' dir='ltr'><strong>Eurystheus</strong></span> <span class='ocrx_word' id='word_1_451' title='bbox 2953 1894 3200 1949; x_wconf 86' lang='lat' dir='ltr'><strong>regnum</strong></span> <span class='ocrx_word' id='word_1_452' title='bbox 3242 1878 3397 1934; x_wconf 66' lang='lat'><strong>216</strong></span> <span class='ocrx_word' id='word_1_453' title='bbox 3431 1879 3492 1932; x_wconf 92' lang='lat' dir='ltr'><strong>in</strong></span> <span class='ocrx_word' id='word_1_454' title='bbox 3526 1878 3794 1934; x_wconf 70' lang='lat' dir='ltr'><strong>Lacedae-</strong></span> 
     </span>
    </p>
   </div>
   <div class='ocr_carea' id='block_1_66' title="bbox 2141 1964 3791 2039">
    <p class='ocr_par' dir='ltr' id='par_1_66' title="bbox 2141 1964 3791 2039">
     <span class='ocr_line' id='line_1_66' title="bbox 2141 1964 3791 2039; baseline 0.001 -21"><span class='ocrx_word' id='word_1_455' title='bbox 2141 1964 2377 2020; x_wconf 90' lang='lat' dir='ltr'><strong>monios</strong></span> <span class='ocrx_word' id='word_1_456' title='bbox 2400 1965 2602 2037; x_wconf 86' lang='lat' dir='ltr'><strong>gessit,</strong></span> <span class='ocrx_word' id='word_1_457' title='bbox 2641 1982 2832 2021; x_wconf 89' lang='lat' dir='ltr'><strong>annos</strong></span> <span class='ocrx_word' id='word_1_458' title='bbox 2859 1969 2953 2034; x_wconf 79' lang='grc'>42,</span> <span class='ocrx_word' id='word_1_459' title='bbox 2977 1973 3035 2021; x_wconf 88' lang='lat' dir='ltr'><strong>et</strong></span> <span class='ocrx_word' id='word_1_460' title='bbox 3055 1972 3189 2039; x_wconf 89' lang='lat' dir='ltr'><strong>post</strong></span> <span class='ocrx_word' id='word_1_461' title='bbox 3220 1968 3389 2022; x_wconf 89' lang='lat' dir='ltr'><strong>illum</strong></span> <span class='ocrx_word' id='word_1_462' title='bbox 3419 1968 3662 2023; x_wconf 81' lang='lat' dir='ltr'><strong>fuerunt</strong></span> <span class='ocrx_word' id='word_1_463' title='bbox 3690 1966 3791 2022; x_wconf 88' lang='lat' dir='ltr'><strong>alii</strong></span> 
     </span>
    </p>
   </div>
   <div class='ocr_carea' id='block_1_67' title="bbox 2141 2055 3500 2129">
    <p class='ocr_par' dir='ltr' id='par_1_67' title="bbox 2141 2055 3500 2129">
     <span class='ocr_line' id='line_1_67' title="bbox 2141 2055 3500 2129; baseline 0.002 -21"><span class='ocrx_word' id='word_1_464' title='bbox 2141 2059 2273 2109; x_wconf 89' lang='lat' dir='ltr'><strong>octo</strong></span> <span class='ocrx_word' id='word_1_465' title='bbox 2302 2070 2491 2126; x_wconf 91' lang='lat' dir='ltr'><strong>reges.</strong></span> <span class='ocrx_word' id='word_1_466' title='bbox 2524 2056 2768 2111; x_wconf 89' lang='lat' dir='ltr'><strong>Duravit</strong></span> <span class='ocrx_word' id='word_1_467' title='bbox 2791 2055 2852 2111; x_wconf 93' lang='lat' dir='ltr'><strong>id</strong></span> <span class='ocrx_word' id='word_1_468' title='bbox 2881 2072 3128 2129; x_wconf 85' lang='lat' dir='ltr'><strong>regnum</strong></span> <span class='ocrx_word' id='word_1_469' title='bbox 3159 2073 3349 2112; x_wconf 88' lang='lat' dir='ltr'><strong>annos</strong></span> <span class='ocrx_word' id='word_1_470' title='bbox 3375 2059 3500 2112; x_wconf 79' lang='lat'><strong>325.</strong></span> 
     </span>
    </p>
   </div>
   <div class='ocr_carea' id='block_1_68' title="bbox 2214 2144 3791 2218">
    <p class='ocr_par' dir='ltr' id='par_1_68' title="bbox 2214 2144 3791 2218">
     <span class='ocr_line' id='line_1_68' title="bbox 2214 2144 3791 2218; baseline 0.003 -19"><span class='ocrx_word' id='word_1_471' title='bbox 2214 2144 2375 2199; x_wconf 87' lang='lat' dir='ltr'><strong>Sauli</strong></span> <span class='ocrx_word' id='word_1_472' title='bbox 2406 2150 2674 2216; x_wconf 91' lang='lat' dir='ltr'><strong>tempore</strong></span> <span class='ocrx_word' id='word_1_473' title='bbox 2697 2146 2956 2217; x_wconf 90' lang='lat' dir='ltr'><strong>primum</strong></span> <span class='ocrx_word' id='word_1_474' title='bbox 2978 2151 3281 2202; x_wconf 88' lang='lat' dir='ltr'><strong>certamen</strong></span> <span class='ocrx_word' id='word_1_475' title='bbox 3307 2147 3479 2202; x_wconf 64' lang='lat' dir='ltr'><strong>Pisazi</strong></span> <span class='ocrx_word' id='word_1_476' title='bbox 3496 2147 3570 2203; x_wconf 87' lang='lat' dir='ltr'><strong>ad</strong></span> <span class='ocrx_word' id='word_1_477' title='bbox 3591 2147 3791 2218; x_wconf 84' lang='lat' dir='ltr'><strong>Olym-</strong></span> 
     </span>
    </p>
   </div>
   <div class='ocr_carea' id='block_1_69' title="bbox 2140 2233 3786 2308">
    <p class='ocr_par' dir='ltr' id='par_1_69' title="bbox 2140 2233 3786 2308">
     <span class='ocr_line' id='line_1_69' title="bbox 2140 2233 3786 2308; baseline 0.003 -21"><span class='ocrx_word' id='word_1_478' title='bbox 2140 2233 2298 2305; x_wconf 88' lang='lat' dir='ltr'><strong>piam</strong></span> <span class='ocrx_word' id='word_1_479' title='bbox 2316 2233 2725 2299; x_wconf 89' lang='lat' dir='ltr'><strong>instituerunt,</strong></span> <span class='ocrx_word' id='word_1_480' title='bbox 2742 2236 2987 2307; x_wconf 75' lang='lat' dir='ltr'><strong>Iovique</strong></span> <span class='ocrx_word' id='word_1_481' title='bbox 3005 2236 3277 2308; x_wconf 90' lang='lat' dir='ltr'><strong>Olympio</strong></span> <span class='ocrx_word' id='word_1_482' title='bbox 3294 2237 3549 2308; x_wconf 59' lang='lat' dir='ltr'><strong>primam</strong></span> <span class='ocrx_word' id='word_1_483' title='bbox 3568 2236 3756 2292; x_wconf 90' lang='lat' dir='ltr'><strong>solem</strong></span> <span class='ocrx_word' id='word_1_484' title='bbox 3769 2268 3786 2279; x_wconf 89' lang='lat'><strong>-</strong></span> 
     </span>
    </p>
   </div>
   <div class='ocr_carea' id='block_1_70' title="bbox 2142 2323 3791 2397">
    <p class='ocr_par' dir='ltr' id='par_1_70' title="bbox 2142 2323 3791 2397">
     <span class='ocr_line' id='line_1_70' title="bbox 2142 2323 3791 2397; baseline 0.002 -20"><span class='ocrx_word' id='word_1_485' title='bbox 2142 2339 2280 2378; x_wconf 91' lang='lat' dir='ltr'><strong>nem</strong></span> <span class='ocrx_word' id='word_1_486' title='bbox 2312 2323 2691 2380; x_wconf 84' lang='lat' dir='ltr'><strong>festivitatem</strong></span> <span class='ocrx_word' id='word_1_487' title='bbox 2723 2324 3192 2381; x_wconf 87' lang='lat' dir='ltr'><strong>celebraverunt.</strong></span> <span class='ocrx_word' id='word_1_488' title='bbox 3218 2326 3362 2381; x_wconf 91' lang='lat' dir='ltr'><strong>Inde</strong></span> <span class='ocrx_word' id='word_1_489' title='bbox 3395 2326 3791 2397; x_wconf 89' lang='lat' dir='ltr'><strong>quadriennio</strong></span> 
     </span>
    </p>
   </div>
   <div class='ocr_carea' id='block_1_71' title="bbox 2143 2412 3789 2488">
    <p class='ocr_par' dir='ltr' id='par_1_71' title="bbox 2143 2412 3789 2488">
     <span class='ocr_line' id='line_1_71' title="bbox 2143 2412 3789 2488; baseline 0.001 -20"><span class='ocrx_word' id='word_1_490' title='bbox 2143 2412 2392 2485; x_wconf 89' lang='lat' dir='ltr'><strong>singulis</strong></span> <span class='ocrx_word' id='word_1_491' title='bbox 2424 2413 2483 2469; x_wconf 92' lang='lat' dir='ltr'><strong>id</strong></span> <span class='ocrx_word' id='word_1_492' title='bbox 2516 2414 2877 2470; x_wconf 84' lang='lat' dir='ltr'><strong>sacriﬁcium</strong></span> <span class='ocrx_word' id='word_1_493' title='bbox 2909 2416 3196 2471; x_wconf 89' lang='lat' dir='ltr'><strong>iterantes</strong></span> <span class='ocrx_word' id='word_1_494' title='bbox 3251 2420 3442 2472; x_wconf 84' lang='lat' dir='ltr'><strong>lustra</strong></span> <span class='ocrx_word' id='word_1_495' title='bbox 3487 2415 3789 2488; x_wconf 88' lang='lat' dir='ltr'><strong>Olympia-</strong></span> 
     </span>
    </p>
   </div>
   <div class='ocr_carea' id='block_1_72' title="bbox 2142 2501 3794 2571">
    <p class='ocr_par' dir='ltr' id='par_1_72' title="bbox 2142 2501 3794 2571">
     <span class='ocr_line' id='line_1_72' title="bbox 2142 2501 3794 2571; baseline 0.002 -15"><span class='ocrx_word' id='word_1_496' title='bbox 2142 2501 2285 2557; x_wconf 91' lang='lat' dir='ltr'><strong>dum</strong></span> <span class='ocrx_word' id='word_1_497' title='bbox 2308 2503 2554 2559; x_wconf 87' lang='lat' dir='ltr'><strong>nomine</strong></span> <span class='ocrx_word' id='word_1_498' title='bbox 2585 2503 2662 2559; x_wconf 78' lang='lat' dir='ltr'><strong>ah</strong></span> <span class='ocrx_word' id='word_1_499' title='bbox 2693 2520 2763 2559; x_wconf 90' lang='lat' dir='ltr'><strong>eo</strong></span> <span class='ocrx_word' id='word_1_500' title='bbox 2790 2504 2957 2559; x_wconf 92' lang='lat' dir='ltr'><strong>initio</strong></span> <span class='ocrx_word' id='word_1_501' title='bbox 2990 2506 3603 2571; x_wconf 85' lang='lat' dir='ltr'><strong>numeraverunt.Quo</strong></span> <span class='ocrx_word' id='word_1_502' title='bbox 3637 2511 3794 2560; x_wconf 66' lang='lat' dir='ltr'><strong>temo</strong></span> 
     </span>
    </p>
   </div>
   <div class='ocr_carea' id='block_1_73' title="bbox 2142 2592 3792 2665">
    <p class='ocr_par' dir='ltr' id='par_1_73' title="bbox 2142 2592 3792 2665">
     <span class='ocr_line' id='line_1_73' title="bbox 2142 2592 3792 2665; baseline 0.001 -19"><span class='ocrx_word' id='word_1_503' title='bbox 2142 2608 2285 2662; x_wconf 82' lang='lat' dir='ltr'><strong>pore</strong></span> <span class='ocrx_word' id='word_1_504' title='bbox 2322 2592 2504 2647; x_wconf 87' lang='lat' dir='ltr'><strong>etiam</strong></span> <span class='ocrx_word' id='word_1_505' title='bbox 2534 2592 2822 2648; x_wconf 89' lang='lat' dir='ltr'><strong>Corinthii</strong></span> <span class='ocrx_word' id='word_1_506' title='bbox 2853 2598 2989 2665; x_wconf 86' lang='lat' dir='ltr'><strong>post</strong></span> <span class='ocrx_word' id='word_1_507' title='bbox 3018 2593 3518 2661; x_wconf 80' lang='lat' dir='ltr'><strong>Lacedaemonios,</strong></span> <span class='ocrx_word' id='word_1_508' title='bbox 3551 2595 3792 2664; x_wconf 90' lang='lat' dir='ltr'><strong>regione</strong></span> 
     </span>
    </p>
   </div>
   <div class='ocr_carea' id='block_1_74' title="bbox 2142 2681 3793 2755">
    <p class='ocr_par' dir='ltr' id='par_1_74' title="bbox 2142 2681 3793 2755">
     <span class='ocr_line' id='line_1_74' title="bbox 2142 2681 3793 2755; baseline 0.001 -19"><span class='ocrx_word' id='word_1_509' title='bbox 2142 2681 2207 2736; x_wconf 88' lang='lat' dir='ltr'><strong>in</strong></span> <span class='ocrx_word' id='word_1_510' title='bbox 2239 2697 2408 2737; x_wconf 87' lang='lat' dir='ltr'><strong>suam</strong></span> <span class='ocrx_word' id='word_1_511' title='bbox 2432 2687 2784 2753; x_wconf 88' lang='lat' dir='ltr'><strong>potestatem</strong></span> <span class='ocrx_word' id='word_1_512' title='bbox 2807 2682 3309 2748; x_wconf 70' lang='lat' dir='ltr'><strong>redacta,Graacia3</strong></span> <span class='ocrx_word' id='word_1_513' title='bbox 3333 2699 3580 2755; x_wconf 88' lang='lat' dir='ltr'><strong>regnum</strong></span> <span class='ocrx_word' id='word_1_514' title='bbox 3603 2699 3793 2738; x_wconf 87' lang='lat' dir='ltr'><strong>annos</strong></span> 
     </span>
    </p>
   </div>
   <div class='ocr_carea' id='block_1_75' title="bbox 2144 2771 3793 2843">
    <p class='ocr_par' dir='ltr' id='par_1_75' title="bbox 2144 2771 3793 2843">
     <span class='ocr_line' id='line_1_75' title="bbox 2144 2771 3793 2843; baseline 0.001 -18"><span class='ocrx_word' id='word_1_515' title='bbox 2144 2771 2390 2826; x_wconf 91' lang='lat' dir='ltr'><strong>omnino</strong></span> <span class='ocrx_word' id='word_1_516' title='bbox 2440 2773 2544 2826; x_wconf 84' lang='grc'><strong>318</strong></span> <span class='ocrx_word' id='word_1_517' title='bbox 2600 2771 3013 2827; x_wconf 89' lang='lat' dir='ltr'><strong>obtinuerunt.</strong></span> <span class='ocrx_word' id='word_1_518' title='bbox 3062 2773 3130 2826; x_wconf 88' lang='lat' dir='ltr'><strong>Et</strong></span> <span class='ocrx_word' id='word_1_519' title='bbox 3182 2777 3316 2843; x_wconf 89' lang='lat' dir='ltr'><strong>post</strong></span> <span class='ocrx_word' id='word_1_520' title='bbox 3353 2772 3693 2827; x_wconf 86' lang='lat' dir='ltr'><strong>Dardanum</strong></span> <span class='ocrx_word' id='word_1_521' title='bbox 3724 2773 3793 2827; x_wconf 89' lang='lat' dir='ltr'><strong>Ili</strong></span> 
     </span>
    </p>
   </div>
   <div class='ocr_carea' id='block_1_76' title="bbox 2144 2859 3793 2927">
    <p class='ocr_par' dir='ltr' id='par_1_76' title="bbox 2144 2859 3793 2927">
     <span class='ocr_line' id='line_1_76' title="bbox 2144 2859 3793 2927; baseline 0.002 -14"><span class='ocrx_word' id='word_1_522' title='bbox 2144 2859 2357 2927; x_wconf 90' lang='lat' dir='ltr'><strong>ﬁlium,</strong></span> <span class='ocrx_word' id='word_1_523' title='bbox 2390 2875 2458 2915; x_wconf 89' lang='lat' dir='ltr'><strong>ac</strong></span> <span class='ocrx_word' id='word_1_524' title='bbox 2490 2860 2949 2916; x_wconf 87' lang='lat' dir='ltr'><strong>Laomedontem</strong></span> <span class='ocrx_word' id='word_1_525' title='bbox 2982 2860 3239 2916; x_wconf 89' lang='lat' dir='ltr'><strong>Dardani</strong></span> <span class='ocrx_word' id='word_1_526' title='bbox 3281 2860 3495 2925; x_wconf 89' lang='lat' dir='ltr'><strong>ﬁlium,</strong></span> <span class='ocrx_word' id='word_1_527' title='bbox 3528 2862 3793 2917; x_wconf 90' lang='lat' dir='ltr'><strong>Priames</strong></span> 
     </span>
    </p>
   </div>
   <div class='ocr_carea' id='block_1_77' title="bbox 2146 2949 3790 3024">
    <p class='ocr_par' dir='ltr' id='par_1_77' title="bbox 2146 2949 3790 3024">
     <span class='ocr_line' id='line_1_77' title="bbox 2146 2949 3790 3024; baseline 0 -19"><span class='ocrx_word' id='word_1_528' title='bbox 2146 2949 2564 3006; x_wconf 86' lang='lat' dir='ltr'><strong>Laomedontis</strong></span> <span class='ocrx_word' id='word_1_529' title='bbox 2609 2950 2767 3006; x_wconf 90' lang='lat' dir='ltr'><strong>ﬁlius</strong></span> <span class='ocrx_word' id='word_1_530' title='bbox 2816 2951 3085 3024; x_wconf 65' lang='lat' dir='ltr'><strong>Phrygiae</strong></span> <span class='ocrx_word' id='word_1_531' title='bbox 3144 2967 3249 3007; x_wconf 80' lang='lat' dir='ltr'><strong>rex</strong></span> <span class='ocrx_word' id='word_1_532' title='bbox 3288 2951 3622 3007; x_wconf 86' lang='lat' dir='ltr'><strong>declaratus</strong></span> <span class='ocrx_word' id='word_1_533' title='bbox 3681 2958 3790 3007; x_wconf 89' lang='lat' dir='ltr'><strong>est.</strong></span> 
     </span>
    </p>
   </div>
   <div class='ocr_carea' id='block_1_78' title="bbox 2145 3038 3795 3114">
    <p class='ocr_par' dir='ltr' id='par_1_78' title="bbox 2145 3038 3795 3114">
     <span class='ocr_line' id='line_1_78' title="bbox 2145 3038 3795 3114; baseline 0.001 -20"><span class='ocrx_word' id='word_1_534' title='bbox 2145 3038 2263 3095; x_wconf 90' lang='lat' dir='ltr'><strong>Sub</strong></span> <span class='ocrx_word' id='word_1_535' title='bbox 2296 3056 2412 3111; x_wconf 91' lang='lat' dir='ltr'><strong>quo</strong></span> <span class='ocrx_word' id='word_1_536' title='bbox 2446 3040 2785 3096; x_wconf 87' lang='lat' dir='ltr'><strong>Dardanum</strong></span> <span class='ocrx_word' id='word_1_537' title='bbox 2822 3041 3017 3106; x_wconf 84' lang='lat' dir='ltr'><strong>Ilium,</strong></span> <span class='ocrx_word' id='word_1_538' title='bbox 3051 3042 3228 3114; x_wconf 89' lang='lat' dir='ltr'><strong>Troja</strong></span> <span class='ocrx_word' id='word_1_539' title='bbox 3256 3057 3324 3097; x_wconf 88' lang='lat' dir='ltr'><strong>ac</strong></span> <span class='ocrx_word' id='word_1_540' title='bbox 3358 3046 3483 3097; x_wconf 90' lang='lat' dir='ltr'><strong>tota</strong></span> <span class='ocrx_word' id='word_1_541' title='bbox 3540 3041 3795 3113; x_wconf 83' lang='lat' dir='ltr'><strong>Phrygia</strong></span> 
     </span>
    </p>
   </div>
   <div class='ocr_carea' id='block_1_79' title="bbox 2146 3128 3795 3201">
    <p class='ocr_par' dir='ltr' id='par_1_79' title="bbox 2146 3128 3795 3201">
     <span class='ocr_line' id='line_1_79' title="bbox 2146 3128 3795 3201; baseline 0.002 -20"><span class='ocrx_word' id='word_1_542' title='bbox 2146 3128 2346 3184; x_wconf 81' lang='lat' dir='ltr'><strong>excisa</strong></span> <span class='ocrx_word' id='word_1_543' title='bbox 2359 3130 2771 3185; x_wconf 87' lang='lat' dir='ltr'><strong>sunt.Causam</strong></span> <span class='ocrx_word' id='word_1_544' title='bbox 2786 3130 2840 3185; x_wconf 90' lang='lat' dir='ltr'><strong>ei</strong></span> <span class='ocrx_word' id='word_1_545' title='bbox 2858 3129 3250 3186; x_wconf 86' lang='lat' dir='ltr'><strong>devastationi</strong></span> <span class='ocrx_word' id='word_1_546' title='bbox 3270 3129 3526 3201; x_wconf 64' lang='lat' dir='ltr'><strong>praebuit</strong></span> <span class='ocrx_word' id='word_1_547' title='bbox 3547 3130 3795 3185; x_wconf 78' lang='lat' dir='ltr'><strong>Alexan-</strong></span> 
     </span>
    </p>
   </div>
   <div class='ocr_carea' id='block_1_80' title="bbox 2145 3217 3793 3287">
    <p class='ocr_par' dir='ltr' id='par_1_80' title="bbox 2145 3217 3793 3287">
     <span class='ocr_line' id='line_1_80' title="bbox 2145 3217 3793 3287; baseline 0.001 -15"><span class='ocrx_word' id='word_1_548' title='bbox 2145 3217 2272 3287; x_wconf 88' lang='lat' dir='ltr'><strong>der,</strong></span> <span class='ocrx_word' id='word_1_549' title='bbox 2342 3218 2460 3273; x_wconf 89' lang='lat' dir='ltr'><strong>alio</strong></span> <span class='ocrx_word' id='word_1_550' title='bbox 2519 3220 2762 3275; x_wconf 85' lang='lat' dir='ltr'><strong>nomine</strong></span> <span class='ocrx_word' id='word_1_551' title='bbox 2820 3219 2987 3274; x_wconf 89' lang='lat' dir='ltr'><strong>Paris</strong></span> <span class='ocrx_word' id='word_1_552' title='bbox 3040 3218 3255 3274; x_wconf 89' lang='lat' dir='ltr'><strong>dictus.</strong></span> <span class='ocrx_word' id='word_1_553' title='bbox 3312 3219 3369 3275; x_wconf 90' lang='lat' dir='ltr'><strong>Is</strong></span> <span class='ocrx_word' id='word_1_554' title='bbox 3426 3236 3563 3275; x_wconf 88' lang='lat' dir='ltr'><strong>cum</strong></span> <span class='ocrx_word' id='word_1_555' title='bbox 3618 3225 3793 3276; x_wconf 91' lang='lat' dir='ltr'><strong>natus</strong></span> 
     </span>
    </p>
   </div>
   <div class='ocr_carea' id='block_1_81' title="bbox 2144 3307 3790 3379">
    <p class='ocr_par' dir='ltr' id='par_1_81' title="bbox 2144 3307 3790 3379">
     <span class='ocr_line' id='line_1_81' title="bbox 2144 3307 3790 3379; baseline 0.002 -18"><span class='ocrx_word' id='word_1_556' title='bbox 2144 3309 2378 3362; x_wconf 89' lang='lat' dir='ltr'><strong>Priamo</strong></span> <span class='ocrx_word' id='word_1_557' title='bbox 2427 3314 2605 3375; x_wconf 91' lang='lat' dir='ltr'><strong>esset,</strong></span> <span class='ocrx_word' id='word_1_558' title='bbox 2657 3308 2769 3364; x_wconf 87' lang='lat' dir='ltr'><strong>tale</strong></span> <span class='ocrx_word' id='word_1_559' title='bbox 2815 3308 3121 3364; x_wconf 90' lang='lat' dir='ltr'><strong>oraculum</strong></span> <span class='ocrx_word' id='word_1_560' title='bbox 3154 3308 3309 3379; x_wconf 89' lang='lat' dir='ltr'><strong>patri</strong></span> <span class='ocrx_word' id='word_1_561' title='bbox 3359 3313 3451 3363; x_wconf 90' lang='lat' dir='ltr'><strong>est</strong></span> <span class='ocrx_word' id='word_1_562' title='bbox 3490 3307 3790 3364; x_wconf 89' lang='lat' dir='ltr'><strong>allatum:</strong></span> 
     </span>
    </p>
   </div>
   <div class='ocr_carea' id='block_1_82' title="bbox 2143 3397 3790 3468">
    <p class='ocr_par' dir='ltr' id='par_1_82' title="bbox 2143 3397 3790 3468">
     <span class='ocr_line' id='line_1_82' title="bbox 2143 3397 3790 3468; baseline 0.001 -16"><span class='ocrx_word' id='word_1_563' title='bbox 2143 3419 2171 3445; x_wconf 88' lang='grc'><strong>‹‹</strong></span> <span class='ocrx_word' id='word_1_564' title='bbox 2203 3397 2370 3452; x_wconf 91' lang='lat' dir='ltr'><strong>Paris</strong></span> <span class='ocrx_word' id='word_1_565' title='bbox 2397 3398 2608 3454; x_wconf 71' lang='lat' dir='ltr'><strong>infelix</strong></span> <span class='ocrx_word' id='word_1_566' title='bbox 2629 3398 2735 3453; x_wconf 88' lang='lat' dir='ltr'><strong>tibi</strong></span> <span class='ocrx_word' id='word_1_567' title='bbox 2765 3403 2941 3453; x_wconf 91' lang='lat' dir='ltr'><strong>natus</strong></span> <span class='ocrx_word' id='word_1_568' title='bbox 2971 3404 3081 3465; x_wconf 91' lang='lat' dir='ltr'><strong>est,</strong></span> <span class='ocrx_word' id='word_1_569' title='bbox 3114 3398 3215 3468; x_wconf 93' lang='lat' dir='ltr'><strong>qui</strong></span> <span class='ocrx_word' id='word_1_570' title='bbox 3256 3414 3413 3452; x_wconf 91' lang='lat' dir='ltr'><strong>anno</strong></span> <span class='ocrx_word' id='word_1_571' title='bbox 3445 3398 3636 3453; x_wconf 65' lang='lat' dir='ltr'><strong>aetatis</strong></span> <span class='ocrx_word' id='word_1_572' title='bbox 3668 3413 3790 3453; x_wconf 74' lang='lat' dir='ltr'><strong>sum</strong></span> 
     </span>
    </p>
   </div>
   <div class='ocr_carea' id='block_1_83' title="bbox 2141 3486 3791 3561">
    <p class='ocr_par' dir='ltr' id='par_1_83' title="bbox 2141 3486 3791 3561">
     <span class='ocr_line' id='line_1_83' title="bbox 2141 3486 3791 3561; baseline 0.001 -20"><span class='ocrx_word' id='word_1_573' title='bbox 2141 3487 2445 3543; x_wconf 83' lang='lat' dir='ltr'><strong>tricesimo</strong></span> <span class='ocrx_word' id='word_1_574' title='bbox 2475 3487 2743 3560; x_wconf 64' lang='lat' dir='ltr'><strong>Phrygiae</strong></span> <span class='ocrx_word' id='word_1_575' title='bbox 2774 3504 3023 3561; x_wconf 88' lang='lat' dir='ltr'><strong>regnum</strong></span> <span class='ocrx_word' id='word_1_576' title='bbox 3055 3486 3280 3558; x_wconf 88' lang='lat' dir='ltr'><strong>perdet.</strong></span> <span class='ocrx_word' id='word_1_577' title='bbox 3294 3508 3322 3536; x_wconf 87' lang='lat'><strong>»</strong></span> <span class='ocrx_word' id='word_1_578' title='bbox 3349 3487 3558 3542; x_wconf 89' lang='lat' dir='ltr'><strong>Statim</strong></span> <span class='ocrx_word' id='word_1_579' title='bbox 3591 3486 3791 3557; x_wconf 86' lang='lat' dir='ltr'><strong>itaque</strong></span> 
     </span>
    </p>
   </div>
   <div class='ocr_carea' id='block_1_84' title="bbox 2141 3575 3787 3643">
    <p class='ocr_par' dir='ltr' id='par_1_84' title="bbox 2141 3575 3787 3643">
     <span class='ocr_line' id='line_1_84' title="bbox 2141 3575 3787 3643; baseline 0.001 -13"><span class='ocrx_word' id='word_1_580' title='bbox 2141 3577 2413 3632; x_wconf 86' lang='lat' dir='ltr'><strong>Priamus</strong></span> <span class='ocrx_word' id='word_1_581' title='bbox 2469 3593 2605 3632; x_wconf 91' lang='lat' dir='ltr'><strong>eum</strong></span> <span class='ocrx_word' id='word_1_582' title='bbox 2662 3577 2905 3632; x_wconf 90' lang='lat' dir='ltr'><strong>nomine</strong></span> <span class='ocrx_word' id='word_1_583' title='bbox 2968 3575 3287 3631; x_wconf 81' lang='lat' dir='ltr'><strong>Alexandri</strong></span> <span class='ocrx_word' id='word_1_584' title='bbox 3367 3576 3667 3643; x_wconf 83' lang='lat' dir='ltr'><strong>allectum,</strong></span> <span class='ocrx_word' id='word_1_585' title='bbox 3728 3577 3787 3631; x_wconf 92' lang='lat' dir='ltr'><strong>in</strong></span> 
     </span>
    </p>
   </div>
   <div class='ocr_carea' id='block_1_85' title="bbox 2141 3665 3789 3738">
    <p class='ocr_par' dir='ltr' id='par_1_85' title="bbox 2141 3665 3789 3738">
     <span class='ocr_line' id='line_1_85' title="bbox 2141 3665 3789 3738; baseline 0 -18"><span class='ocrx_word' id='word_1_586' title='bbox 2141 3665 2432 3738; x_wconf 63' lang='lat' dir='ltr'><strong>praedium</strong></span> <span class='ocrx_word' id='word_1_587' title='bbox 2493 3668 2587 3722; x_wconf 91' lang='lat' dir='ltr'><strong>cui</strong></span> <span class='ocrx_word' id='word_1_588' title='bbox 2641 3666 2882 3722; x_wconf 89' lang='lat' dir='ltr'><strong>Mandro</strong></span> <span class='ocrx_word' id='word_1_589' title='bbox 2942 3682 3184 3734; x_wconf 89' lang='lat' dir='ltr'><strong>nomen,</strong></span> <span class='ocrx_word' id='word_1_590' title='bbox 3230 3665 3503 3738; x_wconf 72' lang='lat' dir='ltr'><strong>agricolas</strong></span> <span class='ocrx_word' id='word_1_591' title='bbox 3551 3665 3789 3722; x_wconf 88' lang='lat' dir='ltr'><strong>cuidam</strong></span> 
     </span>
    </p>
   </div>
   <div class='ocr_carea' id='block_1_86' title="bbox 2139 3754 3791 3822">
    <p class='ocr_par' dir='ltr' id='par_1_86' title="bbox 2139 3754 3791 3822">
     <span class='ocr_line' id='line_1_86' title="bbox 2139 3754 3791 3822; baseline -0.001 -11"><span class='ocrx_word' id='word_1_592' title='bbox 2139 3756 2291 3811; x_wconf 89' lang='lat' dir='ltr'><strong>lacte</strong></span> <span class='ocrx_word' id='word_1_593' title='bbox 2339 3756 2622 3813; x_wconf 90' lang='lat' dir='ltr'><strong>alendum</strong></span> <span class='ocrx_word' id='word_1_594' title='bbox 2684 3763 2742 3813; x_wconf 89' lang='lat' dir='ltr'><strong>et</strong></span> <span class='ocrx_word' id='word_1_595' title='bbox 2800 3755 3174 3812; x_wconf 87' lang='lat' dir='ltr'><strong>educandum</strong></span> <span class='ocrx_word' id='word_1_596' title='bbox 3222 3754 3542 3822; x_wconf 86' lang='lat' dir='ltr'><strong>mandavit,</strong></span> <span class='ocrx_word' id='word_1_597' title='bbox 3603 3755 3791 3809; x_wconf 90' lang='lat' dir='ltr'><strong>donec</strong></span> 
     </span>
    </p>
   </div>
   <div class='ocr_carea' id='block_1_87' title="bbox 2137 3844 3787 3917">
    <p class='ocr_par' dir='ltr' id='par_1_87' title="bbox 2137 3844 3787 3917">
     <span class='ocr_line' id='line_1_87' title="bbox 2137 3844 3787 3917; baseline 0 -18"><span class='ocrx_word' id='word_1_598' title='bbox 2137 3845 2209 3899; x_wconf 90' lang='lat'><strong>30</strong></span> <span class='ocrx_word' id='word_1_599' title='bbox 2267 3846 2409 3901; x_wconf 90' lang='lat' dir='ltr'><strong>anni</strong></span> <span class='ocrx_word' id='word_1_600' title='bbox 2468 3845 2712 3902; x_wconf 90' lang='lat' dir='ltr'><strong>oraculo</strong></span> <span class='ocrx_word' id='word_1_601' title='bbox 2773 3845 3063 3917; x_wconf 88' lang='lat' dir='ltr'><strong>designati</strong></span> <span class='ocrx_word' id='word_1_602' title='bbox 3120 3844 3516 3916; x_wconf 66' lang='lat' dir='ltr'><strong>praeterirent.</strong></span> <span class='ocrx_word' id='word_1_603' title='bbox 3576 3846 3787 3899; x_wconf 88' lang='lat' dir='ltr'><strong>Arcem</strong></span> 
     </span>
    </p>
   </div>
   <div class='ocr_carea' id='block_1_88' title="bbox 2139 3933 3792 4009">
    <p class='ocr_par' dir='ltr' id='par_1_88' title="bbox 2139 3933 3792 4009">
     <span class='ocr_line' id='line_1_88' title="bbox 2139 3933 3792 4009; baseline -0.001 -19"><span class='ocrx_word' id='word_1_604' title='bbox 2139 3951 2377 4009; x_wconf 89' lang='lat' dir='ltr'><strong>quoque</strong></span> <span class='ocrx_word' id='word_1_605' title='bbox 2412 3936 2471 3991; x_wconf 90' lang='lat' dir='ltr'><strong>in</strong></span> <span class='ocrx_word' id='word_1_606' title='bbox 2504 3952 2644 4008; x_wconf 90' lang='lat' dir='ltr'><strong>agro</strong></span> <span class='ocrx_word' id='word_1_607' title='bbox 2676 3950 2955 4008; x_wconf 85' lang='lat' dir='ltr'><strong>magnam</strong></span> <span class='ocrx_word' id='word_1_608' title='bbox 2995 3934 3311 3999; x_wconf 77' lang='lat' dir='ltr'><strong>exstruxit,</strong></span> <span class='ocrx_word' id='word_1_609' title='bbox 3353 3933 3513 4004; x_wconf 90' lang='lat' dir='ltr'><strong>quod</strong></span> <span class='ocrx_word' id='word_1_610' title='bbox 3552 3933 3792 3989; x_wconf 88' lang='lat' dir='ltr'><strong>Parium</strong></span> 
     </span>
    </p>
   </div>
   <div class='ocr_carea' id='block_1_89' title="bbox 2137 4023 3794 4103">
    <p class='ocr_par' dir='ltr' id='par_1_89' title="bbox 2137 4023 3794 4103">
     <span class='ocr_line' id='line_1_89' title="bbox 2137 4023 3794 4103; baseline -0.005 -15"><span class='ocrx_word' id='word_1_611' title='bbox 2137 4029 2480 4103; x_wconf 87' lang='lat' dir='ltr'><strong>appellavit.</strong></span> <span class='ocrx_word' id='word_1_612' title='bbox 2520 4027 2601 4082; x_wconf 90' lang='lat' dir='ltr'><strong>lbi</strong></span> <span class='ocrx_word' id='word_1_613' title='bbox 2635 4026 2857 4099; x_wconf 87' lang='lat' dir='ltr'><strong>degens</strong></span> <span class='ocrx_word' id='word_1_614' title='bbox 2885 4025 3076 4091; x_wconf 88' lang='lat' dir='ltr'><strong>Paris,</strong></span> <span class='ocrx_word' id='word_1_615' title='bbox 3110 4042 3245 4081; x_wconf 89' lang='lat' dir='ltr'><strong>cum</strong></span> <span class='ocrx_word' id='word_1_616' title='bbox 3279 4029 3338 4079; x_wconf 91' lang='lat' dir='ltr'><strong>et</strong></span> <span class='ocrx_word' id='word_1_617' title='bbox 3365 4023 3604 4096; x_wconf 90' lang='lat' dir='ltr'><strong>ingenio</strong></span> <span class='ocrx_word' id='word_1_618' title='bbox 3636 4029 3794 4080; x_wconf 88' lang='lat' dir='ltr'><strong>esset</strong></span> 
     </span>
    </p>
   </div>
   <div class='ocr_carea' id='block_1_90' title="bbox 2135 4114 3791 4187">
    <p class='ocr_par' dir='ltr' id='par_1_90' title="bbox 2135 4114 3791 4187">
     <span class='ocr_line' id='line_1_90' title="bbox 2135 4114 3791 4187; baseline -0.005 -10"><span class='ocrx_word' id='word_1_619' title='bbox 2135 4120 2297 4177; x_wconf 81' lang='lat' dir='ltr'><strong>felici</strong></span> <span class='ocrx_word' id='word_1_620' title='bbox 2328 4125 2387 4174; x_wconf 88' lang='lat' dir='ltr'><strong>et</strong></span> <span class='ocrx_word' id='word_1_621' title='bbox 2416 4118 2792 4174; x_wconf 89' lang='lat' dir='ltr'><strong>institutione</strong></span> <span class='ocrx_word' id='word_1_622' title='bbox 2818 4132 2939 4172; x_wconf 91' lang='lat' dir='ltr'><strong>non</strong></span> <span class='ocrx_word' id='word_1_623' title='bbox 2968 4115 3194 4187; x_wconf 87' lang='lat' dir='ltr'><strong>vulgari</strong></span> <span class='ocrx_word' id='word_1_624' title='bbox 3225 4114 3604 4184; x_wconf 79' lang='lat' dir='ltr'><strong>formaretur,</strong></span> <span class='ocrx_word' id='word_1_625' title='bbox 3655 4132 3791 4170; x_wconf 90' lang='lat' dir='ltr'><strong>ora-</strong></span> 
     </span>
    </p>
   </div>
   <div class='ocr_carea' id='block_1_91' title="bbox 2138 4204 3789 4277">
    <p class='ocr_par' dir='ltr' id='par_1_91' title="bbox 2138 4204 3789 4277">
     <span class='ocr_line' id='line_1_91' title="bbox 2138 4204 3789 4277; baseline -0.005 -11"><span class='ocrx_word' id='word_1_626' title='bbox 2138 4213 2361 4267; x_wconf 91' lang='lat' dir='ltr'><strong>tionem</strong></span> <span class='ocrx_word' id='word_1_627' title='bbox 2394 4206 2786 4263; x_wconf 86' lang='lat' dir='ltr'><strong>laudatoriam</strong></span> <span class='ocrx_word' id='word_1_628' title='bbox 2810 4211 2867 4260; x_wconf 92' lang='lat' dir='ltr'><strong>et</strong></span> <span class='ocrx_word' id='word_1_629' title='bbox 2897 4205 3189 4277; x_wconf 86' lang='lat' dir='ltr'><strong>hymnum</strong></span> <span class='ocrx_word' id='word_1_630' title='bbox 3220 4204 3280 4257; x_wconf 91' lang='lat' dir='ltr'><strong>in</strong></span> <span class='ocrx_word' id='word_1_631' title='bbox 3315 4205 3603 4258; x_wconf 86' lang='lat' dir='ltr'><strong>Venerem</strong></span> <span class='ocrx_word' id='word_1_632' title='bbox 3631 4220 3789 4258; x_wconf 89' lang='lat' dir='ltr'><strong>com-</strong></span> 
     </span>
    </p>
   </div>
   <div class='ocr_carea' id='block_1_92' title="bbox 2136 4292 3786 4374">
    <p class='ocr_par' dir='ltr' id='par_1_92' title="bbox 2136 4292 3786 4374">
     <span class='ocr_line' id='line_1_92' title="bbox 2136 4292 3786 4374; baseline -0.005 -18"><span class='ocrx_word' id='word_1_633' title='bbox 2136 4300 2356 4374; x_wconf 90' lang='lat' dir='ltr'><strong>posuit,</strong></span> <span class='ocrx_word' id='word_1_634' title='bbox 2398 4298 2604 4353; x_wconf 87' lang='lat' dir='ltr'><strong>dicens</strong></span> <span class='ocrx_word' id='word_1_635' title='bbox 2634 4312 2764 4351; x_wconf 89' lang='lat' dir='ltr'><strong>eam</strong></span> <span class='ocrx_word' id='word_1_636' title='bbox 2798 4310 2925 4349; x_wconf 89' lang='lat' dir='ltr'><strong>esse</strong></span> <span class='ocrx_word' id='word_1_637' title='bbox 2956 4292 3366 4365; x_wconf 89' lang='lat' dir='ltr'><strong>cupiditatem,</strong></span> <span class='ocrx_word' id='word_1_638' title='bbox 3402 4309 3534 4363; x_wconf 70' lang='lat' dir='ltr'><strong>quae</strong></span> <span class='ocrx_word' id='word_1_639' title='bbox 3565 4292 3786 4348; x_wconf 86' lang='lat' dir='ltr'><strong>liberos</strong></span> 
     </span>
    </p>
   </div>
   <div class='ocr_carea' id='block_1_93' title="bbox 2137 4383 3788 4463">
    <p class='ocr_par' dir='ltr' id='par_1_93' title="bbox 2137 4383 3788 4463">
     <span class='ocr_line' id='line_1_93' title="bbox 2137 4383 3788 4463; baseline -0.007 -16"><span class='ocrx_word' id='word_1_640' title='bbox 2137 4390 2495 4463; x_wconf 87' lang='lat' dir='ltr'><strong>sapientiam</strong></span> <span class='ocrx_word' id='word_1_641' title='bbox 2528 4392 2587 4443; x_wconf 91' lang='lat' dir='ltr'><strong>et</strong></span> <span class='ocrx_word' id='word_1_642' title='bbox 2616 4390 2773 4442; x_wconf 89' lang='lat' dir='ltr'><strong>artes</strong></span> <span class='ocrx_word' id='word_1_643' title='bbox 2824 4384 2981 4457; x_wconf 84' lang='lat' dir='ltr'><strong>apud</strong></span> <span class='ocrx_word' id='word_1_644' title='bbox 3037 4383 3313 4439; x_wconf 89' lang='lat' dir='ltr'><strong>homines</strong></span> <span class='ocrx_word' id='word_1_645' title='bbox 3345 4388 3405 4437; x_wconf 86' lang='lat' dir='ltr'><strong>et</strong></span> <span class='ocrx_word' id='word_1_646' title='bbox 3432 4383 3606 4437; x_wconf 89' lang='lat' dir='ltr'><strong>bruta</strong></span> <span class='ocrx_word' id='word_1_647' title='bbox 3658 4399 3788 4454; x_wconf 87' lang='lat' dir='ltr'><strong>pro-</strong></span> 
     </span>
    </p>
   </div>
   <div class='ocr_carea' id='block_1_94' title="bbox 2136 4472 3787 4548">
    <p class='ocr_par' dir='ltr' id='par_1_94' title="bbox 2136 4472 3787 4548">
     <span class='ocr_line' id='line_1_94' title="bbox 2136 4472 3787 4548; baseline -0.005 -12"><span class='ocrx_word' id='word_1_648' title='bbox 2136 4486 2336 4547; x_wconf 90' lang='lat' dir='ltr'><strong>creet;</strong></span> <span class='ocrx_word' id='word_1_649' title='bbox 2370 4479 2518 4536; x_wconf 72' lang='lat'><strong>217</strong></span> <span class='ocrx_word' id='word_1_650' title='bbox 2559 4492 2811 4548; x_wconf 87' lang='lat' dir='ltr'><strong>eamque</strong></span> <span class='ocrx_word' id='word_1_651' title='bbox 2842 4475 2904 4529; x_wconf 92' lang='lat' dir='ltr'><strong>in</strong></span> <span class='ocrx_word' id='word_1_652' title='bbox 2937 4472 3385 4545; x_wconf 89' lang='lat' dir='ltr'><strong>comparatione</strong></span> <span class='ocrx_word' id='word_1_653' title='bbox 3417 4473 3687 4528; x_wconf 81' lang='lat' dir='ltr'><strong>Minervae</strong></span> <span class='ocrx_word' id='word_1_654' title='bbox 3720 4489 3787 4528; x_wconf 91' lang='lat' dir='ltr'><strong>ac</strong></span> 
     </span>
    </p>
   </div>
   <div class='ocr_carea' id='block_1_95' title="bbox 2133 4562 3783 4640">
    <p class='ocr_par' dir='ltr' id='par_1_95' title="bbox 2133 4562 3783 4640">
     <span class='ocr_line' id='line_1_95' title="bbox 2133 4562 3783 4640; baseline -0.005 -15"><span class='ocrx_word' id='word_1_655' title='bbox 2133 4569 2352 4625; x_wconf 88' lang='lat' dir='ltr'><strong>Junoni</strong></span> <span class='ocrx_word' id='word_1_656' title='bbox 2384 4566 2665 4640; x_wconf 62' lang='lat' dir='ltr'><strong>praetulit.</strong></span> <span class='ocrx_word' id='word_1_657' title='bbox 2700 4565 2844 4620; x_wconf 89' lang='lat' dir='ltr'><strong>Inde</strong></span> <span class='ocrx_word' id='word_1_658' title='bbox 2874 4570 3004 4619; x_wconf 90' lang='lat' dir='ltr'><strong>orta</strong></span> <span class='ocrx_word' id='word_1_659' title='bbox 3031 4569 3122 4618; x_wconf 90' lang='lat' dir='ltr'><strong>est</strong></span> <span class='ocrx_word' id='word_1_660' title='bbox 3170 4562 3395 4629; x_wconf 80' lang='lat' dir='ltr'><strong>fabula,</strong></span> <span class='ocrx_word' id='word_1_661' title='bbox 3429 4578 3568 4618; x_wconf 90' lang='lat' dir='ltr'><strong>eum</strong></span> <span class='ocrx_word' id='word_1_662' title='bbox 3624 4562 3783 4619; x_wconf 90' lang='lat' dir='ltr'><strong>arbi-</strong></span> 
     </span>
    </p>
   </div>
   <div class='ocr_carea' id='block_1_96' title="bbox 365 4639 2026 4725">
    <p class='ocr_par' dir='ltr' id='par_1_96' title="bbox 365 4639 2018 4725">
     <span class='ocr_line' id='line_1_96' title="bbox 365 4639 2018 4725; baseline 0.007 -29"><span class='ocrx_word' id='word_1_663' title='bbox 365 4639 705 4717; x_wconf 77' lang='grc' dir='ltr'>Ἀφροδίτην</span> <span class='ocrx_word' id='word_1_664' title='bbox 742 4642 1030 4707; x_wconf 82' lang='grc' dir='ltr'>Παλλάδος</span> <span class='ocrx_word' id='word_1_665' title='bbox 1073 4647 1361 4723; x_wconf 68' lang='grc' dir='ltr'>προέκρινε</span> <span class='ocrx_word' id='word_1_666' title='bbox 1404 4649 1495 4704; x_wconf 82' lang='grc' dir='ltr'><strong>καὶ</strong></span> <span class='ocrx_word' id='word_1_667' title='bbox 1539 4652 1736 4725; x_wconf 78' lang='grc' dir='ltr'>’¹Ηρας.</span> <span class='ocrx_word' id='word_1_668' title='bbox 1788 4652 1882 4707; x_wconf 84' lang='grc' dir='ltr'><strong>Διὸ</strong></span> <span class='ocrx_word' id='word_1_669' title='bbox 1928 4651 2018 4707; x_wconf 84' lang='grc' dir='ltr'><strong>καὶ</strong></span> 
     </span>
    </p>
   </div>
   <div class='ocr_carea' id='block_1_97' title="bbox 2140 4639 3781 4725">
    <p class='ocr_par' dir='ltr' id='par_1_97' title="bbox 2140 4639 3781 4723">
     <span class='ocr_line' id='line_1_97' title="bbox 2140 4639 3781 4723; baseline -0.004 -7"><span class='ocrx_word' id='word_1_670' title='bbox 2140 4667 2285 4716; x_wconf 76' lang='lat' dir='ltr'><strong>trum</strong></span> <span class='ocrx_word' id='word_1_671' title='bbox 2309 4639 2606 4715; x_wconf 73' lang='lat' dir='ltr'><strong>delectum</strong></span> <span class='ocrx_word' id='word_1_672' title='bbox 2631 4657 2786 4712; x_wconf 88' lang='lat' dir='ltr'><strong>inter</strong></span> <span class='ocrx_word' id='word_1_673' title='bbox 2807 4656 2947 4710; x_wconf 89' lang='lat' dir='ltr'><strong>deas</strong></span> <span class='ocrx_word' id='word_1_674' title='bbox 2972 4653 3185 4709; x_wconf 89' lang='lat' dir='ltr'><strong>Veneri</strong></span> <span class='ocrx_word' id='word_1_675' title='bbox 3207 4653 3292 4708; x_wconf 89' lang='lat' dir='ltr'><strong>uti</strong></span> <span class='ocrx_word' id='word_1_676' title='bbox 3317 4653 3531 4723; x_wconf 90' lang='lat' dir='ltr'><strong>potiori</strong></span> <span class='ocrx_word' id='word_1_677' title='bbox 3557 4653 3781 4709; x_wconf 88' lang='lat' dir='ltr'><strong>malum</strong></span> 
     </span>
    </p>
   </div>
   <div class='ocr_carea' id='block_1_98' title="bbox 365 4732 2020 4817">
    <p class='ocr_par' dir='ltr' id='par_1_98' title="bbox 365 4732 2020 4817">
     <span class='ocr_line' id='line_1_98' title="bbox 365 4732 2020 4817; baseline 0.005 -28"><span class='ocrx_word' id='word_1_678' title='bbox 365 4732 735 4807; x_wconf 69' lang='grc' dir='ltr'>ἇμυθεύσαντο</span> <span class='ocrx_word' id='word_1_679' title='bbox 763 4738 954 4790; x_wconf 77' lang='grc' dir='ltr'>τοῦτον</span> <span class='ocrx_word' id='word_1_680' title='bbox 998 4738 1192 4809; x_wconf 73' lang='grc' dir='ltr'>κριτὴν</span> <span class='ocrx_word' id='word_1_681' title='bbox 1246 4741 1354 4792; x_wconf 84' lang='grc' dir='ltr'><strong>τῶν</strong></span> <span class='ocrx_word' id='word_1_682' title='bbox 1395 4742 1565 4813; x_wconf 81' lang='grc' dir='ltr'>τριῶν</span> <span class='ocrx_word' id='word_1_683' title='bbox 1614 4739 1905 4817; x_wconf 81' lang='grc' dir='ltr'>γενόμενον</span> <span class='ocrx_word' id='word_1_684' title='bbox 1950 4745 2020 4816; x_wconf 76' lang='grc' dir='ltr'><strong>τῇ</strong></span> 
     </span>
    </p>
   </div>
   <div class='ocr_carea' id='block_1_99' title="bbox 362 4820 2018 4902">
    <p class='ocr_par' dir='ltr' id='par_1_99' title="bbox 362 4820 2018 4902">
     <span class='ocr_line' id='line_1_99' title="bbox 362 4820 2018 4902; baseline 0.004 -23"><span class='ocrx_word' id='word_1_685' title='bbox 362 4820 669 4901; x_wconf 80' lang='grc' dir='ltr'>’Δφροδίτῃ</span> <span class='ocrx_word' id='word_1_686' title='bbox 695 4823 757 4878; x_wconf 86' lang='grc' dir='ltr'>τὸ</span> <span class='ocrx_word' id='word_1_687' title='bbox 789 4824 970 4895; x_wconf 86' lang='grc' dir='ltr'>μῆλον</span> <span class='ocrx_word' id='word_1_688' title='bbox 999 4822 1172 4902; x_wconf 75' lang='grc' dir='ltr'>ἤγουν</span> <span class='ocrx_word' id='word_1_689' title='bbox 1203 4826 1303 4895; x_wconf 77' lang='grc' dir='ltr'>τὴν</span> <span class='ocrx_word' id='word_1_690' title='bbox 1340 4826 1494 4899; x_wconf 81' lang='grc' dir='ltr'>νίκην</span> <span class='ocrx_word' id='word_1_691' title='bbox 1546 4828 1623 4893; x_wconf 82' lang='grc' dir='ltr'><strong>ὡς</strong></span> <span class='ocrx_word' id='word_1_692' title='bbox 1666 4835 1775 4885; x_wconf 90' lang='grc' dir='ltr'><strong>τῶν</strong></span> <span class='ocrx_word' id='word_1_693' title='bbox 1828 4829 2018 4887; x_wconf 75' lang='grc' dir='ltr'>ἄλλων</span> 
     </span>
    </p>
   </div>
   <div class='ocr_carea' id='block_1_100' title="bbox 359 4908 2019 4995">
    <p class='ocr_par' dir='ltr' id='par_1_100' title="bbox 359 4908 2019 4995">
     <span class='ocr_line' id='line_1_100' title="bbox 359 4908 2019 4995; baseline 0.005 -26"><span class='ocrx_word' id='word_1_694' title='bbox 359 4912 633 4988; x_wconf 83' lang='grc' dir='ltr'>κρείττονι</span> <span class='ocrx_word' id='word_1_695' title='bbox 668 4908 983 4989; x_wconf 75' lang='grc' dir='ltr'>βραϐεῦσαι.</span> <span class='ocrx_word' id='word_1_696' title='bbox 1015 4917 1167 4973; x_wconf 71' lang='grc' dir='ltr'>Μετὰ</span> <span class='ocrx_word' id='word_1_697' title='bbox 1198 4914 1257 4971; x_wconf 71' lang='grc' dir='ltr'>δὲ</span> <span class='ocrx_word' id='word_1_698' title='bbox 1285 4917 1418 4980; x_wconf 78' lang='grc' dir='ltr'>τοὺς</span> <span class='ocrx_word' id='word_1_699' title='bbox 1454 4917 1744 4993; x_wconf 81' lang='grc' dir='ltr'>τριάκοντα</span> <span class='ocrx_word' id='word_1_700' title='bbox 1783 4922 2019 4995; x_wconf 83' lang='grc' dir='ltr'>χρόνους</span> 
     </span>
    </p>
   </div>
   <div class='ocr_carea' id='block_1_101' title="bbox 360 5004 2017 5087">
    <p class='ocr_par' dir='ltr' id='par_1_101' title="bbox 360 5004 2017 5087">
     <span class='ocr_line' id='line_1_101' title="bbox 360 5004 2017 5087; baseline 0.005 -29"><span class='ocrx_word' id='word_1_701' title='bbox 360 5004 726 5080; x_wconf 79' lang='grc' dir='ltr'>λογισάμενος</span> <span class='ocrx_word' id='word_1_702' title='bbox 779 5005 807 5058; x_wconf 83' lang='grc' dir='ltr'>ὁ</span> <span class='ocrx_word' id='word_1_703' title='bbox 864 5004 1111 5079; x_wconf 88' lang='grc' dir='ltr'>Πρίαμος</span> <span class='ocrx_word' id='word_1_704' title='bbox 1171 5007 1266 5062; x_wconf 85' lang='grc' dir='ltr'><strong>τὸν</strong></span> <span class='ocrx_word' id='word_1_705' title='bbox 1349 5010 1471 5085; x_wconf 86' lang='grc' dir='ltr'>περὶ</span> <span class='ocrx_word' id='word_1_706' title='bbox 1532 5009 1701 5066; x_wconf 78' lang='grc' dir='ltr'>αὐτοῦ</span> <span class='ocrx_word' id='word_1_707' title='bbox 1760 5015 2017 5087; x_wconf 83' lang='grc' dir='ltr'>χρησμὸν</span> 
     </span>
    </p>
   </div>
   <div class='ocr_carea' id='block_1_102' title="bbox 355 5094 2017 5177">
    <p class='ocr_par' dir='ltr' id='par_1_102' title="bbox 355 5094 2017 5177">
     <span class='ocr_line' id='line_1_102' title="bbox 355 5094 2017 5177; baseline 0.005 -28"><span class='ocrx_word' id='word_1_708' title='bbox 355 5094 683 5168; x_wconf 82' lang='grc' dir='ltr'>παρελθεῖν,</span> <span class='ocrx_word' id='word_1_709' title='bbox 721 5097 1137 5171; x_wconf 73' lang='grc' dir='ltr'>καταφρονήσας</span> <span class='ocrx_word' id='word_1_710' title='bbox 1164 5098 1541 5176; x_wconf 73' lang='grc' dir='ltr'>προσηγάγετο</span> <span class='ocrx_word' id='word_1_711' title='bbox 1589 5101 1775 5159; x_wconf 80' lang='grc' dir='ltr'>αὐσόν.</span> <span class='ocrx_word' id='word_1_712' title='bbox 1825 5103 2017 5177; x_wconf 73' lang='grc' dir='ltr'>Γραμ-</span> 
     </span>
    </p>
   </div>
   <div class='ocr_carea' id='block_1_103' title="bbox 358 5180 2015 5264">
    <p class='ocr_par' dir='ltr' id='par_1_103' title="bbox 358 5180 2015 5264">
     <span class='ocr_line' id='line_1_103' title="bbox 358 5180 2015 5264; baseline 0.004 -25"><span class='ocrx_word' id='word_1_713' title='bbox 358 5186 508 5258; x_wconf 78' lang='grc' dir='ltr'>ματᾶ</span> <span class='ocrx_word' id='word_1_714' title='bbox 560 5204 618 5238; x_wconf 89' lang='grc' dir='ltr'><strong>τε</strong></span> <span class='ocrx_word' id='word_1_715' title='bbox 675 5183 765 5239; x_wconf 82' lang='grc' dir='ltr'>καὶ</span> <span class='ocrx_word' id='word_1_716' title='bbox 824 5180 977 5258; x_wconf 81' lang='grc' dir='ltr'>δῶρα</span> <span class='ocrx_word' id='word_1_717' title='bbox 1030 5185 1121 5239; x_wconf 82' lang='grc' dir='ltr'><strong>καὶ</strong></span> <span class='ocrx_word' id='word_1_718' title='bbox 1183 5185 1366 5250; x_wconf 84' lang='grc' dir='ltr'>θυσίας</span> <span class='ocrx_word' id='word_1_719' title='bbox 1424 5186 1649 5252; x_wconf 72' lang='grc' dir='ltr'>ἐπιδοὺς</span> <span class='ocrx_word' id='word_1_720' title='bbox 1735 5190 1872 5264; x_wconf 82' lang='grc' dir='ltr'>μετᾶ</span> <span class='ocrx_word' id='word_1_721' title='bbox 1925 5192 2015 5246; x_wconf 85' lang='grc' dir='ltr'><strong>καὶ</strong></span> 
     </span>
    </p>
   </div>
   <div class='ocr_carea' id='block_1_104' title="bbox 348 5273 2015 5356">
    <p class='ocr_par' dir='ltr' id='par_1_104' title="bbox 348 5273 2015 5356">
     <span class='ocr_line' id='line_1_104' title="bbox 348 5273 2015 5356; baseline 0.004 -27"><span class='ocrx_word' id='word_1_722' title='bbox 348 5274 545 5329; x_wconf 72' lang='grc' dir='ltr'>ὶκατόν</span> <span class='ocrx_word' id='word_1_723' title='bbox 584 5273 882 5329; x_wconf 85' lang='grc' dir='ltr'>νεανίσκων</span> <span class='ocrx_word' id='word_1_724' title='bbox 927 5277 1159 5349; x_wconf 77' lang='grc' dir='ltr'>Φρυγῶν</span> <span class='ocrx_word' id='word_1_725' title='bbox 1212 5276 1352 5350; x_wconf 83' lang='grc' dir='ltr'>πρὸς</span> <span class='ocrx_word' id='word_1_726' title='bbox 1396 5277 1524 5339; x_wconf 76' lang='grc' dir='ltr'>τοὺς</span> <span class='ocrx_word' id='word_1_727' title='bbox 1570 5280 1857 5356; x_wconf 85' lang='grc' dir='ltr'>τοπάρχας</span> <span class='ocrx_word' id='word_1_728' title='bbox 1909 5280 2015 5337; x_wconf 80' lang='grc' dir='ltr'><strong>Εὐ-</strong></span> 
     </span>
    </p>
   </div>
   <div class='ocr_carea' id='block_1_105' title="bbox 361 5358 2013 5445">
    <p class='ocr_par' dir='ltr' id='par_1_105' title="bbox 361 5358 2013 5445">
     <span class='ocr_line' id='line_1_105' title="bbox 361 5358 2013 5445; baseline 0.005 -28"><span class='ocrx_word' id='word_1_729' title='bbox 361 5364 556 5440; x_wconf 84' lang='grc' dir='ltr'>ρώπης</span> <span class='ocrx_word' id='word_1_730' title='bbox 584 5358 847 5433; x_wconf 78' lang='grc' dir='ltr'>διαϐῆναι</span> <span class='ocrx_word' id='word_1_731' title='bbox 879 5359 1091 5416; x_wconf 80' lang='grc' dir='ltr'>κελεύει</span> <span class='ocrx_word' id='word_1_732' title='bbox 1121 5365 1207 5419; x_wconf 75' lang='grc' dir='ltr'><strong>καὶ</strong></span> <span class='ocrx_word' id='word_1_733' title='bbox 1250 5370 1330 5438; x_wconf 78' lang='grc' dir='ltr'><strong>τῷ</strong></span> <span class='ocrx_word' id='word_1_734' title='bbox 1387 5365 1640 5445; x_wconf 62' lang='grc' dir='ltr'>Δαφναίῳ</span> <span class='ocrx_word' id='word_1_735' title='bbox 1692 5368 2013 5425; x_wconf 81' lang='grc' dir='ltr'>Ἀπόλλωνι</span> 
     </span>
    </p>
   </div>
   <div class='ocr_carea' id='block_1_106' title="bbox 358 5447 2014 5531">
    <p class='ocr_par' dir='ltr' id='par_1_106' title="bbox 358 5447 2014 5531">
     <span class='ocr_line' id='line_1_106' title="bbox 358 5447 2014 5531; baseline 0.004 -22"><span class='ocrx_word' id='word_1_736' title='bbox 358 5457 533 5526; x_wconf 72' lang='grc' dir='ltr'>θῦσαι,</span> <span class='ocrx_word' id='word_1_737' title='bbox 564 5452 655 5511; x_wconf 76' lang='grc' dir='ltr'>καί</span> <span class='ocrx_word' id='word_1_738' title='bbox 685 5456 916 5526; x_wconf 79' lang='grc' dir='ltr'>πρῶτον</span> <span class='ocrx_word' id='word_1_739' title='bbox 955 5447 1005 5502; x_wconf 66' lang='grc' dir='ltr'>ἓν</span> <span class='ocrx_word' id='word_1_740' title='bbox 1036 5454 1103 5524; x_wconf 80' lang='grc' dir='ltr'><strong>τῇ</strong></span> <span class='ocrx_word' id='word_1_741' title='bbox 1133 5454 1356 5531; x_wconf 73' lang='grc' dir='ltr'>Σπάρτῃ</span> <span class='ocrx_word' id='word_1_742' title='bbox 1387 5454 1550 5512; x_wconf 83' lang='grc' dir='ltr'>πόλει</span> <span class='ocrx_word' id='word_1_743' title='bbox 1601 5464 1701 5527; x_wconf 78' lang='grc' dir='ltr'>τῆς</span> <span class='ocrx_word' id='word_1_744' title='bbox 1744 5455 2014 5522; x_wconf 84' lang='grc' dir='ltr'>Ἑλλάδος</span> 
     </span>
    </p>
   </div>
   <div class='ocr_carea' id='block_1_107' title="bbox 353 5537 2014 5622">
    <p class='ocr_par' dir='ltr' id='par_1_107' title="bbox 353 5537 2014 5622">
     <span class='ocr_line' id='line_1_107' title="bbox 353 5537 2014 5622; baseline 0.001 -21"><span class='ocrx_word' id='word_1_745' title='bbox 353 5543 544 5617; x_wconf 74' lang='grc' dir='ltr'>ἰλθεῖν,</span> <span class='ocrx_word' id='word_1_746' title='bbox 583 5543 689 5601; x_wconf 79' lang='grc' dir='ltr'><strong>ὑπᾶ</strong></span> <span class='ocrx_word' id='word_1_747' title='bbox 724 5537 1005 5608; x_wconf 62' lang='grc' dir='ltr'>Μενελάῳ</span> <span class='ocrx_word' id='word_1_748' title='bbox 1033 5539 1152 5597; x_wconf 82' lang='grc' dir='ltr'>τότε</span> <span class='ocrx_word' id='word_1_749' title='bbox 1192 5544 1619 5622; x_wconf 70' lang='grc' dir='ltr'>βασιλευομένῃ,</span> <span class='ocrx_word' id='word_1_750' title='bbox 1659 5547 1718 5610; x_wconf 75' lang='grc' dir='ltr'><strong>ὅς</strong></span> <span class='ocrx_word' id='word_1_751' title='bbox 1768 5548 1883 5609; x_wconf 78' lang='grc' dir='ltr'>υἱὸς</span> <span class='ocrx_word' id='word_1_752' title='bbox 1918 5550 2014 5621; x_wconf 71' lang='grc' dir='ltr'>μὶν</span> 
     </span>
    </p>
   </div>
   <div class='ocr_carea' id='block_1_108' title="bbox 356 5623 2014 5711">
    <p class='ocr_par' dir='ltr' id='par_1_108' title="bbox 356 5623 2014 5711">
     <span class='ocr_line' id='line_1_108' title="bbox 356 5623 2014 5711; baseline 0.002 -20"><span class='ocrx_word' id='word_1_753' title='bbox 356 5632 709 5696; x_wconf 69' lang='grc' dir='ltr'>Πλεισθένους</span> <span class='ocrx_word' id='word_1_754' title='bbox 772 5631 849 5700; x_wconf 76' lang='grc' dir='ltr'>ἦν</span> <span class='ocrx_word' id='word_1_755' title='bbox 913 5623 1158 5699; x_wconf 81' lang='grc' dir='ltr'>ἀληθῶς,</span> <span class='ocrx_word' id='word_1_756' title='bbox 1222 5633 1323 5689; x_wconf 82' lang='grc' dir='ltr'>ὑπὸ</span> <span class='ocrx_word' id='word_1_757' title='bbox 1387 5636 1572 5709; x_wconf 79' lang='grc' dir='ltr'>’Λτρεῖ</span> <span class='ocrx_word' id='word_1_758' title='bbox 1631 5636 1847 5711; x_wconf 87' lang='grc' dir='ltr'>βασιλεῖ</span> <span class='ocrx_word' id='word_1_759' title='bbox 1903 5643 2014 5694; x_wconf 88' lang='grc' dir='ltr'><strong>τῶν</strong></span> 
     </span>
    </p>
   </div>
   <div class='ocr_carea' id='block_1_109' title="bbox 351 5714 2014 5807">
    <p class='ocr_par' dir='ltr' id='par_1_109' title="bbox 351 5714 2014 5807">
     <span class='ocr_line' id='line_1_109' title="bbox 351 5714 2014 5807; baseline -0.003 -21"><span class='ocrx_word' id='word_1_760' title='bbox 351 5726 611 5807; x_wconf 79' lang='grc' dir='ltr'>Δργείων,</span> <span class='ocrx_word' id='word_1_761' title='bbox 648 5726 771 5796; x_wconf 74' lang='grc' dir='ltr'>ἅμα</span> <span class='ocrx_word' id='word_1_762' title='bbox 806 5718 898 5787; x_wconf 76' lang='grc' dir='ltr'><strong>τῷ</strong></span> <span class='ocrx_word' id='word_1_763' title='bbox 930 5714 1037 5785; x_wconf 60' lang='grc' dir='ltr'><strong>9ἳῷ</strong></span> <span class='ocrx_word' id='word_1_764' title='bbox 1064 5717 1245 5776; x_wconf 73' lang='grc' dir='ltr'>αὐτοῦ.</span> <span class='ocrx_word' id='word_1_765' title='bbox 1282 5723 1655 5801; x_wconf 66' lang='grc' dir='ltr'>Ἀγαμέμνονι</span> <span class='ocrx_word' id='word_1_766' title='bbox 1685 5726 2014 5803; x_wconf 71' lang='grc' dir='ltr'>ἀνατραφεὶς</span> 
     </span>
    </p>
   </div>
   <div class='ocr_carea' id='block_1_110' title="bbox 2133 4744 3783 4820">
    <p class='ocr_par' dir='ltr' id='par_1_110' title="bbox 2133 4744 3783 4820">
     <span class='ocr_line' id='line_1_110' title="bbox 2133 4744 3783 4820; baseline -0.002 -18"><span class='ocrx_word' id='word_1_767' title='bbox 2133 4750 2392 4805; x_wconf 72' lang='lat' dir='ltr'><strong>victoriae</strong></span> <span class='ocrx_word' id='word_1_768' title='bbox 2453 4749 2685 4820; x_wconf 84' lang='lat' dir='ltr'><strong>signum</strong></span> <span class='ocrx_word' id='word_1_769' title='bbox 2743 4745 3141 4817; x_wconf 85' lang='lat' dir='ltr'><strong>adjudicasse.</strong></span> <span class='ocrx_word' id='word_1_770' title='bbox 3229 4745 3464 4800; x_wconf 80' lang='lat' dir='ltr'><strong>Exactis</strong></span> <span class='ocrx_word' id='word_1_771' title='bbox 3541 4744 3783 4817; x_wconf 88' lang='lat' dir='ltr'><strong>triginta</strong></span> 
     </span>
    </p>
   </div>
   <div class='ocr_carea' id='block_1_111' title="bbox 2132 4834 3779 4911">
    <p class='ocr_par' dir='ltr' id='par_1_111' title="bbox 2132 4834 3779 4911">
     <span class='ocr_line' id='line_1_111' title="bbox 2132 4834 3779 4911; baseline -0.005 -15"><span class='ocrx_word' id='word_1_772' title='bbox 2132 4840 2329 4911; x_wconf 86' lang='lat' dir='ltr'><strong>annis,</strong></span> <span class='ocrx_word' id='word_1_773' title='bbox 2360 4839 2630 4893; x_wconf 84' lang='lat' dir='ltr'><strong>Priamus</strong></span> <span class='ocrx_word' id='word_1_774' title='bbox 2646 4834 2871 4892; x_wconf 88' lang='lat' dir='ltr'><strong>oraculi</strong></span> <span class='ocrx_word' id='word_1_775' title='bbox 2897 4840 3131 4905; x_wconf 90' lang='lat' dir='ltr'><strong>tempus</strong></span> <span class='ocrx_word' id='word_1_776' title='bbox 3145 4834 3274 4905; x_wconf 89' lang='lat' dir='ltr'><strong>jam</strong></span> <span class='ocrx_word' id='word_1_777' title='bbox 3307 4834 3558 4889; x_wconf 86' lang='lat' dir='ltr'><strong>exivisse</strong></span> <span class='ocrx_word' id='word_1_778' title='bbox 3593 4838 3779 4901; x_wconf 89' lang='lat' dir='ltr'><strong>ratus,</strong></span> 
     </span>
    </p>
   </div>
   <div class='ocr_carea' id='block_1_112' title="bbox 2134 4922 3781 4995">
    <p class='ocr_par' dir='ltr' id='par_1_112' title="bbox 2134 4922 3781 4995">
     <span class='ocr_line' id='line_1_112' title="bbox 2134 4922 3781 4995; baseline -0.005 -11"><span class='ocrx_word' id='word_1_779' title='bbox 2134 4946 2380 4985; x_wconf 90' lang='lat' dir='ltr'><strong>securus</strong></span> <span class='ocrx_word' id='word_1_780' title='bbox 2411 4926 2599 4982; x_wconf 87' lang='lat' dir='ltr'><strong>animi</strong></span> <span class='ocrx_word' id='word_1_781' title='bbox 2630 4924 2905 4981; x_wconf 89' lang='lat' dir='ltr'><strong>Paridem</strong></span> <span class='ocrx_word' id='word_1_782' title='bbox 2938 4923 3241 4995; x_wconf 82' lang='lat' dir='ltr'><strong>produxit,</strong></span> <span class='ocrx_word' id='word_1_783' title='bbox 3275 4939 3531 4994; x_wconf 89' lang='lat' dir='ltr'><strong>eumque</strong></span> <span class='ocrx_word' id='word_1_784' title='bbox 3565 4922 3781 4978; x_wconf 89' lang='lat' dir='ltr'><strong>additis</strong></span> 
     </span>
    </p>
   </div>
   <div class='ocr_carea' id='block_1_113' title="bbox 2139 5012 3782 5088">
    <p class='ocr_par' dir='ltr' id='par_1_113' title="bbox 2139 5012 3782 5088">
     <span class='ocr_line' id='line_1_113' title="bbox 2139 5012 3782 5088; baseline -0.005 -15"><span class='ocrx_word' id='word_1_785' title='bbox 2139 5020 2236 5073; x_wconf 90' lang='lat' dir='ltr'><strong>lOO</strong></span> <span class='ocrx_word' id='word_1_786' title='bbox 2268 5014 2596 5088; x_wconf 87' lang='lat' dir='ltr'><strong>Phrygibus</strong></span> <span class='ocrx_word' id='word_1_787' title='bbox 2626 5012 3129 5079; x_wconf 88' lang='lat' dir='ltr'><strong>adolescentibus,</strong></span> <span class='ocrx_word' id='word_1_788' title='bbox 3161 5028 3295 5067; x_wconf 88' lang='lat' dir='ltr'><strong>cum</strong></span> <span class='ocrx_word' id='word_1_789' title='bbox 3327 5012 3782 5079; x_wconf 82' lang='lat' dir='ltr'><strong>litteris,mune-</strong></span> 
     </span>
    </p>
   </div>
   <div class='ocr_carea' id='block_1_114' title="bbox 2133 5099 3778 5174">
    <p class='ocr_par' dir='ltr' id='par_1_114' title="bbox 2133 5099 3778 5174">
     <span class='ocr_line' id='line_1_114' title="bbox 2133 5099 3778 5174; baseline -0.007 -12"><span class='ocrx_word' id='word_1_790' title='bbox 2133 5107 2297 5162; x_wconf 85' lang='lat' dir='ltr'><strong>ribus</strong></span> <span class='ocrx_word' id='word_1_791' title='bbox 2345 5112 2405 5161; x_wconf 91' lang='lat' dir='ltr'><strong>et</strong></span> <span class='ocrx_word' id='word_1_792' title='bbox 2459 5104 2713 5159; x_wconf 89' lang='lat' dir='ltr'><strong>victimis</strong></span> <span class='ocrx_word' id='word_1_793' title='bbox 2769 5102 2844 5158; x_wconf 90' lang='lat' dir='ltr'><strong>ad</strong></span> <span class='ocrx_word' id='word_1_794' title='bbox 2896 5101 3133 5174; x_wconf 90' lang='lat' dir='ltr'><strong>regulos</strong></span> <span class='ocrx_word' id='word_1_795' title='bbox 3197 5102 3446 5172; x_wconf 69' lang='lat' dir='ltr'><strong>Europae</strong></span> <span class='ocrx_word' id='word_1_796' title='bbox 3504 5099 3778 5171; x_wconf 85' lang='lat' dir='ltr'><strong>trajicere</strong></span> 
     </span>
    </p>
   </div>
   <div class='ocr_carea' id='block_1_115' title="bbox 2127 5187 3777 5270">
    <p class='ocr_par' dir='ltr' id='par_1_115' title="bbox 2127 5187 3777 5270">
     <span class='ocr_line' id='line_1_115' title="bbox 2127 5187 3777 5270; baseline -0.007 -18"><span class='ocrx_word' id='word_1_797' title='bbox 2127 5196 2310 5270; x_wconf 88' lang='lat' dir='ltr'><strong>jussit</strong></span> <span class='ocrx_word' id='word_1_798' title='bbox 2365 5200 2425 5248; x_wconf 89' lang='lat' dir='ltr'><strong>et</strong></span> <span class='ocrx_word' id='word_1_799' title='bbox 2481 5192 2782 5264; x_wconf 77' lang='lat' dir='ltr'><strong>Daphnan</strong></span> <span class='ocrx_word' id='word_1_800' title='bbox 2840 5191 3100 5264; x_wconf 84' lang='lat' dir='ltr'><strong>Apollini</strong></span> <span class='ocrx_word' id='word_1_801' title='bbox 3162 5189 3517 5246; x_wconf 86' lang='lat' dir='ltr'><strong>sacriﬁcare.</strong></span> <span class='ocrx_word' id='word_1_802' title='bbox 3574 5187 3777 5242; x_wconf 90' lang='lat' dir='ltr'><strong>Primo</strong></span> 
     </span>
    </p>
   </div>
   <div class='ocr_carea' id='block_1_116' title="bbox 2132 5276 3777 5351">
    <p class='ocr_par' dir='ltr' id='par_1_116' title="bbox 2132 5276 3777 5351">
     <span class='ocr_line' id='line_1_116' title="bbox 2132 5276 3777 5351; baseline -0.005 -11"><span class='ocrx_word' id='word_1_803' title='bbox 2132 5285 2403 5340; x_wconf 87' lang='lat' dir='ltr'><strong>omnium</strong></span> <span class='ocrx_word' id='word_1_804' title='bbox 2438 5282 2602 5337; x_wconf 89' lang='lat' dir='ltr'><strong>Paris</strong></span> <span class='ocrx_word' id='word_1_805' title='bbox 2652 5279 2814 5334; x_wconf 84' lang='lat' dir='ltr'><strong>venit</strong></span> <span class='ocrx_word' id='word_1_806' title='bbox 2841 5280 3110 5351; x_wconf 88' lang='lat' dir='ltr'><strong>Spartam</strong></span> <span class='ocrx_word' id='word_1_807' title='bbox 3142 5277 3379 5333; x_wconf 71' lang='lat' dir='ltr'><strong>Graeciaa</strong></span> <span class='ocrx_word' id='word_1_808' title='bbox 3408 5276 3617 5331; x_wconf 90' lang='lat' dir='ltr'><strong>urbem</strong></span> <span class='ocrx_word' id='word_1_809' title='bbox 3673 5276 3777 5332; x_wconf 90' lang='lat' dir='ltr'><strong>ubi</strong></span> 
     </span>
    </p>
   </div>
   <div class='ocr_carea' id='block_1_117' title="bbox 2130 5364 3776 5446">
    <p class='ocr_par' dir='ltr' id='par_1_117' title="bbox 2130 5364 3776 5446">
     <span class='ocr_line' id='line_1_117' title="bbox 2130 5364 3776 5446; baseline -0.005 -16"><span class='ocrx_word' id='word_1_810' title='bbox 2130 5371 2415 5446; x_wconf 86' lang='lat' dir='ltr'><strong>regnabat</strong></span> <span class='ocrx_word' id='word_1_811' title='bbox 2447 5369 2823 5425; x_wconf 80' lang='lat' dir='ltr'><strong>Manelanst</strong></span> <span class='ocrx_word' id='word_1_812' title='bbox 2854 5367 3175 5423; x_wconf 89' lang='lat' dir='ltr'><strong>Plisthenis</strong></span> <span class='ocrx_word' id='word_1_813' title='bbox 3196 5366 3356 5421; x_wconf 90' lang='lat' dir='ltr'><strong>ﬁlius</strong></span> <span class='ocrx_word' id='word_1_814' title='bbox 3384 5382 3447 5420; x_wconf 92' lang='lat' dir='ltr'><strong>re</strong></span> <span class='ocrx_word' id='word_1_815' title='bbox 3478 5381 3616 5421; x_wconf 85' lang='lat' dir='ltr'><strong>vera</strong></span> <span class='ocrx_word' id='word_1_816' title='bbox 3642 5364 3776 5434; x_wconf 83' lang='lat' dir='ltr'><strong>fuit,</strong></span> 
     </span>
    </p>
   </div>
   <div class='ocr_carea' id='block_1_118' title="bbox 2130 5456 3774 5531">
    <p class='ocr_par' dir='ltr' id='par_1_118' title="bbox 2130 5456 3774 5531">
     <span class='ocr_line' id='line_1_118' title="bbox 2130 5456 3774 5531; baseline -0.004 -13"><span class='ocrx_word' id='word_1_817' title='bbox 2130 5463 2234 5518; x_wconf 87' lang='lat' dir='ltr'><strong>sed</strong></span> <span class='ocrx_word' id='word_1_818' title='bbox 2261 5461 2333 5518; x_wconf 89' lang='lat' dir='ltr'><strong>ab</strong></span> <span class='ocrx_word' id='word_1_819' title='bbox 2366 5463 2543 5515; x_wconf 83' lang='lat' dir='ltr'><strong>Atreo</strong></span> <span class='ocrx_word' id='word_1_820' title='bbox 2575 5459 2918 5531; x_wconf 81' lang='lat' dir='ltr'><strong>Argivorum</strong></span> <span class='ocrx_word' id='word_1_821' title='bbox 2970 5472 3106 5528; x_wconf 92' lang='lat' dir='ltr'><strong>rege</strong></span> <span class='ocrx_word' id='word_1_822' title='bbox 3145 5471 3267 5510; x_wconf 90' lang='lat' dir='ltr'><strong>una</strong></span> <span class='ocrx_word' id='word_1_823' title='bbox 3309 5471 3445 5510; x_wconf 89' lang='lat' dir='ltr'><strong>cum</strong></span> <span class='ocrx_word' id='word_1_824' title='bbox 3488 5456 3618 5527; x_wconf 88' lang='lat' dir='ltr'><strong>ejus</strong></span> <span class='ocrx_word' id='word_1_825' title='bbox 3649 5456 3774 5511; x_wconf 92' lang='lat' dir='ltr'><strong>ﬁlio</strong></span> 
     </span>
    </p>
   </div>
   <div class='ocr_carea' id='block_1_119' title="bbox 2128 5545 3774 5627">
    <p class='ocr_par' dir='ltr' id='par_1_119' title="bbox 2128 5545 3774 5627">
     <span class='ocr_line' id='line_1_119' title="bbox 2128 5545 3774 5627; baseline -0.004 -17"><span class='ocrx_word' id='word_1_826' title='bbox 2128 5556 2572 5627; x_wconf 77' lang='lat' dir='ltr'><strong>Agamemnone</strong></span> <span class='ocrx_word' id='word_1_827' title='bbox 2628 5550 2913 5605; x_wconf 87' lang='lat' dir='ltr'><strong>educatus</strong></span> <span class='ocrx_word' id='word_1_828' title='bbox 2968 5545 3202 5602; x_wconf 83' lang='lat' dir='ltr'><strong>Atrides</strong></span> <span class='ocrx_word' id='word_1_829' title='bbox 3251 5546 3662 5619; x_wconf 86' lang='lat' dir='ltr'><strong>appellabatur</strong></span> <span class='ocrx_word' id='word_1_830' title='bbox 3707 5565 3774 5604; x_wconf 90' lang='lat' dir='ltr'><strong>ac</strong></span> 
     </span>
    </p>
   </div>
   <div class='ocr_carea' id='block_1_120' title="bbox 2125 5635 3775 5714">
    <p class='ocr_par' dir='ltr' id='par_1_120' title="bbox 2125 5635 3775 5714">
     <span class='ocr_line' id='line_1_120' title="bbox 2125 5635 3775 5714; baseline -0.004 -15"><span class='ocrx_word' id='word_1_831' title='bbox 2125 5644 2311 5699; x_wconf 83' lang='lat' dir='ltr'><strong>frater</strong></span> <span class='ocrx_word' id='word_1_832' title='bbox 2340 5635 3120 5714; x_wconf 84' lang='lat' dir='ltr'><strong>Agamennonis.Menelaus</strong></span> <span class='ocrx_word' id='word_1_833' title='bbox 3145 5635 3419 5691; x_wconf 89' lang='lat' dir='ltr'><strong>Paridem</strong></span> <span class='ocrx_word' id='word_1_834' title='bbox 3451 5637 3775 5708; x_wconf 86' lang='lat' dir='ltr'><strong>perhuma-</strong></span> 
     </span>
    </p>
   </div>
   <div class='ocr_carea' id='block_1_121' title="bbox 2127 5724 3770 5799">
    <p class='ocr_par' dir='ltr' id='par_1_121' title="bbox 2127 5724 3770 5799">
     <span class='ocr_line' id='line_1_121' title="bbox 2127 5724 3770 5799; baseline -0.004 -13"><span class='ocrx_word' id='word_1_835' title='bbox 2127 5732 2285 5786; x_wconf 89' lang='lat' dir='ltr'><strong>niter</strong></span> <span class='ocrx_word' id='word_1_836' title='bbox 2317 5728 2567 5799; x_wconf 82' lang='lat' dir='ltr'><strong>excepit,</strong></span> <span class='ocrx_word' id='word_1_837' title='bbox 2601 5727 2780 5796; x_wconf 87' lang='lat' dir='ltr'><strong>inque</strong></span> <span class='ocrx_word' id='word_1_838' title='bbox 2813 5742 2918 5781; x_wconf 88' lang='lat' dir='ltr'><strong>suo</strong></span> <span class='ocrx_word' id='word_1_839' title='bbox 2942 5724 3163 5796; x_wconf 84' lang='lat' dir='ltr'><strong>palatio</strong></span> <span class='ocrx_word' id='word_1_840' title='bbox 3204 5725 3365 5781; x_wconf 89' lang='lat' dir='ltr'><strong>omni</strong></span> <span class='ocrx_word' id='word_1_841' title='bbox 3428 5725 3623 5781; x_wconf 87' lang='lat' dir='ltr'><strong>ofﬁcio</strong></span> <span class='ocrx_word' id='word_1_842' title='bbox 3654 5730 3770 5779; x_wconf 85' lang='lat' dir='ltr'><strong>sta-</strong></span> 
     </span>
    </p>
   </div>
  </div>
