4142 6416
354 404 470 466 231

350 630 541 685 visum
572 625 783 683 fuisset
814 627 927 700 ipsi
982 625 1224 700 jubens,
1258 634 1436 699 atque
1494 627 1578 684 ita
1630 626 1870 684 demum
1929 622 2002 679 ad

354 717 807 776 sacrificandum
865 716 1184 789 proﬁcisci.
1238 718 1368 790 Ipse
1430 732 1565 773 cum
1617 714 1882 788 cognatis
1939 711 2001 767 in

355 810 588 865 Cretam
645 804 929 861 continuo
1009 807 1322 877 navigavit,
1409 812 1477 862 ut
1539 806 1810 878 Gortynze
1876 818 2003 857 rem

356 912 584 954 sacram
609 895 732 951 Jovi
763 892 995 951 Asterio
1028 893 1540 960 faceret.Quadam
1563 894 1658 950 die
1681 893 1845 948 Paris
1868 905 2004 946 cum

355 988 419 1044 in
452 985 689 1041 Helenaa
718 984 961 1041 hortum
992 984 1384 1058 despexisset,
1438 984 1581 1041 vidit
1612 1000 1743 1041 eam
1776 983 2004 1038 incom-

356 1074 607 1149 parabili
660 1090 789 1130 esse
835 1073 1287 1148 pulchritudine
1327 1093 1338 1129 :
1392 1080 1519 1130 erat
1548 1074 1707 1130 enim
1748 1071 2009 1146 gracilis,

357 1164 597 1238 papillis
626 1162 926 1232 formosis,
972 1164 1123 1218 nivis
1161 1164 1353 1220 instar
1408 1162 1561 1232 alba,
1596 1163 1862 1235 specioso
1912 1174 2008 1215 su-

353 1253 624 1325 percilio,
659 1252 916 1326 eleganti
947 1268 1119 1324 naso,
1156 1252 1321 1308 crine
1371 1253 1567 1324 crispo
1607 1268 1674 1307 ac
1725 1248 2008 1316 subﬂavo,

354 1343 544 1399 oculis
584 1341 931 1416 grandibus.
994 1342 1253 1398 Proinde
1314 1343 1442 1415 ejus
1497 1356 1700 1397 amore
1747 1339 2009 1403 saucius,

358 1452 538 1508 opera
566 1435 783 1491 A-Zthrae
807 1449 939 1506 qua:
972 1435 1237 1491 Menelao
1270 1440 1523 1508 cognota
1554 1440 1700 1500 erat,
1721 1448 1852 1489 eam
1885 1447 2009 1487 cor-

357 1526 521 1597 rupit
551 1541 619 1580 ac
667 1540 800 1579 cum
851 1523 1054 1580 multis
1105 1524 1319 1596 opibus
1370 1529 1705 1595 ornatuque
1754 1526 1813 1576 et
1855 1519 2009 1577 218

364 1618 628 1688 quinque
689 1614 926 1671 ancillis
986 1616 1225 1687 rapuit;
1284 1620 1342 1671 et
1406 1614 1717 1671 sacriﬁciis
1757 1628 2010 1685 quorum

363 1722 543 1762 causa
572 1711 815 1761 venerat
846 1705 1105 1773 omissis,
1135 1703 1414 1761 Sidonem
1447 1704 1520 1761 ad
1552 1703 1779 1777 .Egypti
1813 1716 2012 1765 regem

355 1797 637 1851 Proteum
668 1795 922 1867 trajecit.
982 1794 1093 1859 Qui
1149 1795 1431 1850 custodiae
1491 1794 1703 1850 domus
1762 1792 2011 1847 Menelai

1726 394 2046 464 GEORGII
2091 394 2437 461 CBDRINI

351 537 721 597 diossissime
774 538 1064 599 tractavit.
1124 539 1501 610 requiescere
1558 538 1640 593 ibi
1708 532 1993 609 quamdiu

2122 525 2393 603 Ατρείδης
2471 527 2694 607 Ἐλέγετο

3661 398 3791 462 252

2784 528 2877 584 καὶ
2978 530 3239 607 σύγγονος
3342 529 3779 607 Ἀγαμέμνονος.

2112 618 2290 680 Οὗτος
2346 616 2699 696 φιλοφρόνως
2757 619 2886 694 ἄγαν
2941 622 3035 675 τὸν
3094 621 3264 695 Πάριν
3336 618 3779 695 προσδεξάμενος

2116 706 2442 781 παντοδαπῇ
2474 707 2731 779 θεραπείᾳ
2784 713 2978 765 τοῦτον
3034 708 3086 765 έν
3144 713 3227 783 τῷ
3284 707 3538 783 παλατίῳ
3600 711 3776 768 αὑτοῦ

2115 796 2486 871 έθεράπεοσεν,
2568 800 2651 870 [Ρ.
2732 800 2855 872 124]
2952 797 3321 869 άναπαυθῆναι
3389 796 3777 874 ἐντειλάμενος

2114 887 2239 942 ’ὅσον
2279 886 2369 941 καὶ
2404 885 2688 961 βούλοινο,
2719 887 2809 942 καὶ
2851 883 3025 950 οὕτως
3085 885 3172 944 ἐπὶ
3226 890 3328 959 τὴν
3378 888 3562 953 θυσίαν
3604 888 3777 946 άπελο

2117 980 2248 1040 θεῖν.
2304 974 2480 1038 Αὐτὸς
2538 973 2597 1031 δέ
2663 977 2691 1030 6
2748 975 3024 1039 Μενέλαος
3080 977 3193 1051 ἅμα
3274 982 3392 1038 τοῖς
3456 980 3777 1057 συγγενέσιν

2116 1070 2273 1136 εὐθὺς
2333 1070 2420 1128 ἐπὶ
2481 1074 2698 1145 Κρήτην
2782 1071 3013 1128 ἀπέπλει
3103 1074 3178 1136 ὡς
3248 1074 3513 1150 ’Λστερίῳ
3571 1076 3660 1132 As!
3718 1073 3774 1132 έν

2116 1163 2356 1237 Γορτύνῃ
2390 1160 2552 1217 πόλει
2585 1163 2899 1227 θυσιάσωνι.
2935 1162 3022 1220 Ἐν
3073 1166 3172 1235 μιᾷ
3217 1163 3400 1218 τοίνυν
3436 1164 3464 1219 6
3498 1164 3671 1240 Πάρις
3700 1164 3779 1229 είς

2117 1251 2209 1305 τὸν
2240 1256 2341 1320 τῆς
2373 1248 2602 1320 Ἑλένης
2657 1247 2981 1325 παράδεισον
3030 1249 3266 1329 ἐγκύψας
3313 1252 3415 1328 δρᾷ
3467 1253 3639 1322 αὐτὴν
3698 1253 3785 1326 τῷ

2119 1337 2320 1395 κάλλει
2349 1339 2643 1418 ἀμήχανον
2680 1338 2861 1395 οὖσανθ
2893 1340 2960 1410 ἦν
2993 1340 3099 1417 γὰρ
3131 1339 3390 1406 εὕστολος
3438 1344 3576 1419 (94),
3607 1339 3788 1418 εἰῖμο-

2121 1449 2267 1499 στος,
2301 1427 2467 1499 λευκή
2502 1430 2629 1485 ὡτεί
2688 1430 2856 1509 χιὼν,
2908 1426 3161 1507 εὕοφρυς,
3213 1429 3449 1504 είίρινος,
3501 1428 3784 1508 οὐλόθριε,

2124 1513 2443 1590 ὑπόξανθος,
2484 1517 2806 1595 ὀφθαλμοὺς
2835 1513 3040 1594 ἔχουσα
3075 1517 3373 1597 μεγάλους.
3416 1520 3520 1577 Καὶ
3548 1519 3786 1595 τρωθεὶς

2120 1611 2200 1679 τῷ
2230 1606 2433 1677 ταύτης
2462 1606 2628 1683 ἒρωτι
2662 1602 2751 1662 διὰ
2778 1613 2879 1676 τῆς
2938 1605 3165 1684 Αἴθρας,
3222 1608 3346 1678 ἣτις
3396 1608 3463 1678 ἦν
3513 1610 3783 1687 συγγενὴς

2118 1694 2420 1766 Μενελάου,
2466 1696 2493 1751 ὑ
2528 1694 2816 1760 ονοθεύσας
2872 1698 2973 1766 τὴν
3033 1694 3255 1767 Ἑλένην
3308 1695 3550 1770 ἥρπασεν
3609 1695 3779 1771 αὐτὴν

2122 1784 2255 1856 μετὰ
2310 1783 2403 1838 καὶ
2461 1781 2708 1839 πλούτου
2763 1782 2981 1839 πολλοῦ
3036 1784 3129 1839 καὶ
3211 1785 3422 1858 κόσμοο
3476 1786 3567 1840 καὶ
3623 1785 3786 1840 πέντε

362 1891 531 1941 erant
563 1884 834 1957 profecti,
868 1882 1279 1940 animadverso
1312 1884 1550 1940 Helenae
1581 1888 1776 1954 raptu,
1812 1882 2010 1937 statim

2124 1870 2395 1928 δουλίδων
2425 1872 2719 1948 κορασίων.
2752 1874 2854 1928 Καὶ
2882 1879 2991 1928 τῶν
3023 1876 3246 1941 θυσιῶν,
3279 1871 3350 1928 δι’
3382 1876 3443 1937 ἅς
3490 1875 3580 1930 καὶ
3632 1895 3782 1949 παρ-

359 1975 409 2031 ei
435 1976 497 2030 in
519 1975 791 2029 Creatum
810 1990 937 2029 rem
960 1973 1375 2042 nuntiant.Qui
1399 1973 1624 2045 ingenti
1642 1970 2011 2028 doloreictus

356 2066 516 2121 illico
548 2065 819 2136 Spartam
849 2063 1048 2130 rediit,
1078 2067 1138 2118 et
1173 2064 1235 2118 in
1267 2079 1476 2119 omnes
1507 2068 1705 2135 partes
1763 2060 2014 2117 dimittit

360 2154 461 2226 qui
492 2153 780 2208 Helenam
820 2153 1153 2223 requirant.
1186 2150 1509 2224 Aliquanto
1554 2156 1687 2224 post
1746 2156 2011 2222 tempore

356 2242 525 2298 Paris
558 2258 627 2295 ex
658 2243 899 2313 .Egypto
932 2240 1177 2295 domum
1218 2240 1414 2296 salvus
1445 2239 1797 2307 revertitur;
1833 2254 2009 2309 quem

357 2329 632 2387 Priamus
665 2334 725 2383 et
754 2328 991 2384 Hecuba
1020 2328 1379 2400 recipientes
1411 2328 1535 2383 visa
1562 2326 1785 2382 Helena
1816 2326 2015 2380 obstu-

359 2423 639 2492 puerunt,
694 2422 754 2472 et
801 2433 1076 2489 quaenam
1129 2432 1198 2472 ea
1248 2415 1481 2485 mulier,
1527 2416 1804 2486 undeque
1856 2420 2013 2471 esset

359 2507 643 2563 sciscitati
704 2511 862 2563 sunt.
954 2507 1087 2578 lpsa
1145 2521 1207 2561 se
1296 2504 1611 2561 Alexandri
1679 2508 2007 2577 cognatam,

358 2596 667 2668 magisque
695 2611 757 2650 se
787 2593 859 2649 ad
918 2594 1219 2650 Priamum
1252 2600 1309 2649 et
1365 2593 1665 2649 Hecubam
1725 2608 1902 2665 quam
1936 2590 2011 2647 ad

355 2684 677 2741 Plisthenis
705 2684 897 2739 filium
929 2685 962 2737 ἢ
984 2682 1264 2739 enelaum
1294 2668 1596 2755 pertinere
1651 2681 1961 2754 respondit
1992 2697 2006 2736 :

360 2775 578 2847 quippe
604 2772 943 2829 Dardanum
975 2774 1184 2829 Troem
1217 2788 1285 2828 ac
1315 2772 1580 2843 reliquos
1612 2770 1684 2827 ab
1715 2772 1826 2827 hoc
1872 2787 2008 2843 pro-

360 2867 590 2920 creatos
620 2878 789 2936 reges
821 2860 1110 2933 originem
1142 2862 1358 2917 ducere
1393 2877 1425 2917 a
1489 2860 1673 2916 Danai
1705 2860 1827 2916 filia
1884 2859 2011 2915 Ple-

360 2952 548 3009 siona.
611 2949 859 3021 Dymam
918 2966 1094 3021 porro
1153 2966 1379 3023 regem,
1439 2947 1710 3005 Herculea
1752 2952 2007 3021 patrem,

354 3057 543 3112 genus
580 3045 849 3113 repetere
909 3038 981 3095 ab
1007 3039 1277 3111 Agenore
1334 3038 1521 3093 Danai
1565 3043 1819 3110 patruo:
1874 3053 2007 3093 cum

356 3133 603 3204 Dymam
648 3131 1159 3204 consanguineum
1209 3146 1343 3187 esce
1374 3128 1564 3198 Ledae,
1598 3146 1719 3185 suae
1776 3128 2006 3185 matris.

355 3222 488 3278 Haec
517 3220 716 3277 locuta
748 3221 1059 3290 Helena,et
1081 3222 1427 3293 juramento
1458 3218 1822 3276 confirmans
1853 3218 2005 3275 nihil

2125 1968 2215 2032 ἦν,
2249 1961 2554 2037 ἠμεληκὼς
2597 1961 2673 2023 εἲς
2733 1961 2951 2019 Σιδῶνα
2988 1963 3125 2038 πρὸς
3184 1962 3407 2033 Πρωτέα
3459 1965 3551 2020 τὸν
3610 1964 3789 2041 Αἶγύ-

2122 2073 2262 2107 πτου
2295 2048 2526 2126 βασιλέα
2557 2049 2896 2125 διεπέρασεν.
2943 2054 3009 2109 Oi
3052 2050 3110 2107 δὲ
3157 2052 3249 2107 τὸν
3301 2054 3453 2108 οἶκον
3503 2051 3794 2109 Μενελάου

2125 2137 2425 2214 φυλάσσειύ
2507 2138 2853 2215 τεταγμένοι,
2932 2142 3032 2211 τὴν
3088 2142 3342 2217 ἁρπαγὴν
3399 2148 3500 2212 τῆς
3558 2141 3790 2213 Ἑλένης

2125 2225 2353 2296 ίδόντες,
2389 2227 2543 2290 εὐθὺς
2574 2228 2782 2284 ἅπαντα
2811 2228 2864 2284 έν
2909 2230 2977 2294 τῆ
3029 2231 3220 2304 Κρήτῃ
3272 2228 3423 2303 αὖτῷ
3485 2229 3781 2303 μηνύουσι.

2122 2317 2351 2395 Ἐιρόῒς
2388 2317 2416 2370 6
2462 2316 2733 2380 Μενέλαος
2790 2314 3127 2382 δεινοπαθῶν
3195 2317 3490 2374 καταπλέει
3554 2319 3647 2393 μὶν
3707 2318 3788 2382 είς

2119 2408 2218 2475 τὴν
2253 2408 2511 2481 Σπάρτην
2544 2406 2721 2474 εὐθὺς,
2776 2408 2979 2480 πέμπει
3042 2406 3099 2463 δὶ
3152 2408 3229 2470 εἲς
3289 2408 3619 2481 ἀναζήτησιν
3677 2415 3782 2479 τῆς

2120 2493 2349 2567 Ἑλένης
2399 2501 2704 2571 πανταχοῦ.
2767 2498 2921 2555 Μετὰ
2973 2495 3032 2552 δὲ
3080 2496 3285 2576 χρόνον
3342 2500 3471 2567 ἧκεν
3540 2498 3569 2552 6
3612 2499 3787 2572 Πάρις

2119 2585 2228 2641 ἀπὸ
2257 2592 2357 2655 τῆς
2391 2585 2675 2660 Αἶγύπτου
2706 2586 2919 2650 σωθείς,
2967 2587 3067 2643 "Ov
3126 2586 3373 2663 Πρίαμος
3432 2587 3521 2642 καὶ
3577 2581 3777 2657 Ἐκέϐη

2119 2669 2565 2751 ἀποδεδεγμένοι,
2602 2671 2807 2737 ἰδόντες
2864 2677 2967 2744 τήν
3019 2676 3267 2749 Ἐλένην,
3330 2676 3636 2747 ἐξέστησαν,
3684 2677 3782 2732 καὶ

2117 2763 2201 2826 τίς
2233 2766 2292 2819 ἂν
2316 2761 2402 2834 εί¹η
2435 2764 2525 2819 καὶ
2557 2764 2718 2829 πόθεν
2750 2765 3130 2829 ἐπυνθάνοντο.
3184 2768 3245 2822 ’11
3307 2763 3364 2821 δὲ
3415 2763 3782 2842 Ἀλεξάνδρου

2120 2848 2221 2931 ἔφη
2257 2854 2397 2908 εἶναι
2449 2854 2738 2931 συγγενής,
2794 2853 2885 2908 καὶ
2926 2852 3075 2926 αὐτῷ
3136 2851 3351 2927 μᾶλλον
3406 2856 3641 2931 Πριάμῳ
3685 2855 3782 2910 καὶ

2118 2947 2189 3017 τῇ
2239 2938 2448 3018 Ἑκάϐῃ
2501 2944 2591 2998 καὶ
2655 2942 2716 2998 οὐ
2768 2948 2850 3016 τῷ
2906 2943 3265 3008 Πλεισθένους
3318 2945 3423 3018 υἱῷ
3478 2946 3786 3020 προσήκειν

2119 3029 2401 3105 Μενελάῳ.
2434 3034 2531 3088 Ἐκ
2567 3037 2669 3102 τῆς
2727 3035 2931 3089 Δαναοῦ
2986 3033 3089 3107 γὰρ
3146 3034 3410 3107 θυγατρὸς
3468 3031 3783 3104 Πλησιόνης

2122 3118 2395 3197 Δάρδανον
2426 3121 2516 3178 καὶ
2564 3126 2728 3197 Τρῶα
2783 3123 3104 3200 κατάγεσθαι
3160 3124 3250 3179 καὶ
3307 3124 3436 3184 τοὺς
3495 3124 3549 3194 έξ
3610 3123 3785 3179 αὐτοῦ

2126 3210 2393 3286 βασιλεῖς*
2452 3213 2756 3287 Ἀγήνορος
2821 3209 2880 3266 δὶ
2934 3214 3032 3267 τοῦ
3113 3210 3499 3287 πατραδέλφου
3575 3217 3785 3269 Δαναοῦ

358 3328 419 3368 se
453 3310 525 3367 de
558 3311 732 3367 bonis
780 3310 1030 3366 Menelai
1083 3325 1287 3367 secum
1334 3308 1565 3377 tulisse,
1615 3324 1751 3366 cum
1775 3308 2010 3382 jureju-

2123 3278 2392 3375 άπόγονος
2460 3278 2672 3374 Δύξῂξ
2714 3296 2973 3376 βασιλεὺς
3034 3302 3062 3357 6
3121 3278 3359 3372 '[t'xit6m
3409 3278 3637 3379 ’πατήρο
3719 3300 3785 3357 ὲκ

357 3401 545 3457 rando
606 3400 721 3455 sibi
780 3400 1123 3455 confirmari
1180 3399 1441 3455 vicissim
1512 3400 1891 3473 impetrasset
1948 3413 2010 3454 se

359 3490 627 3546 deditum
664 3505 785 3543 non
820 3488 913 3553 iri,
938 3489 1095 3561 apud
1127 3489 1292 3561 ipsos
1323 3489 1503 3544 chara
1532 3493 1894 3559 acceptaque
1916 3502 2009 3543 re-

365 3579 587 3635 mansit
612 3581 975 3651 Agamemno
1001 3597 1065 3635 re
1098 3579 1333 3652 cognita
1358 3583 1496 3634 ante
1519 3577 1743 3633 bellum
1772 3577 2014 3634 nuntios

365 3670 524 3744 legat
553 3670 885 3725 Menelaum
916 3676 976 3725 et
1002 3669 1293 3744 Ulyssem,
1327 3685 1461 3724 cum
1496 3669 1709 3724 litteris
1738 3669 2016 3741 Clytaem—

365 3765 605 3829 nestrm,
649 3776 779 3831 quae
831 3777 999 3815 soror
1049 3758 1307 3827 Helenae,
1358 3775 1510 3814 uxor
1551 3757 2016 3831 Agamemnonis

366 3847 788 3915 erat,Menelao
811 3848 979 3905 reddi
1004 3849 1321 3922 conjugem
1341 3865 1506 3904 suam
1534 3847 1866 3920 postulans.
1902 3848 2015 3903 Sed

362 3940 405 3995 ii
441 3955 502 3994 re
533 3940 752 3995 infecta
781 3944 922 3994 sunt
949 3938 1417 4009 dimissi.ltaque
1440 3940 1803 4011 Agamemno
1830 3941 1889 3992 et
1908 3937 2018 3993 Me-

361 4028 575 4085 nelaus
597 4028 874 4085 omnibus
890 4029 1139 4100 Europae
1159 4027 1379 4101 regul.s
1395 4026 1469 4084 ad
1487 4026 1629 4083 belli
1672 4026 2015 4083 societatem

367 4118 698 4186 conductis,
724 4119 900 4175 etiam
931 4117 1053 4174 filio
1076 4117 1339 4174 Thetidis
1363 4122 1421 4173 et
1448 4116 1604 4173 Pelci
1626 4115 1857 4172 Achille
1880 4131 2014 4172 cum

366 4210 519 4270 219
554 4209 991 4280 Myrmidonum
1030 4207 1141 4280 ipsi
1177 4207 1415 4263 subdita
1472 4206 1734 4261 cohorte.
1769 4207 2014 4261 Nestore

362 4311 653 4378 praeterea
676 4299 838 4363 Eleo,
865 4299 1074 4370 Ulysse
1102 4297 1421 4364 lthacensi,
1447 4295 1679 4351 duobus
1712 4295 2013 4367 Ajacibus,

362 4390 668 4458 Diomede,
700 4388 1019 4443 Idomeneo
1053 4385 1307 4456 aliisque
1342 4384 1545 4439 multis
1579 4389 1636 4438 et
1684 4384 2013 4457 generosis,

363 4498 499 4539 cum
529 4481 720 4535 classe
752 4477 989 4531 navium
1016 4480 1436 4530 sexcentarum
1456 4472 1755 4545 octoginta
1787 4478 1919 4528 octo
1942 4472 2015 4528 ad

363 4570 591 4626 bellum
622 4565 727 4622 Ilio
758 4564 1136 4620 inferendum
1168 4562 1660 4635 proficiscuntur;
1697 4566 1873 4633 atque
1894 4564 2017 4617 Au-

2122 3391 2311 3466 γένους
2353 3386 2412 3445 δέ
2439 3395 2538 3445 τοῦ
2598 3390 2752 3464 Δῦμα
2810 3392 2897 3446 καὶ
2970 3388 3119 3462 Λήδα
3178 3390 3289 3450 {uti
3356 3391 3779 3466 μήτηρήέμῆ.

2119 3480 2301 3539 Ταῦτα
2343 3480 2534 3552 Ἑλένη
2591 3480 2841 3551 εἰποῦσα,
2899 3479 2991 3536 καὶ
3046 3482 3159 3554 ἅμα
3215 3480 3556 3556 διομνυμένη
3601 3478 3779 3555 μηδὲν

2121 3573 2229 3624 τῶν
2272 3566 2551 3623 Μενελάου
2592 3563 2780 3623 Λαϐεῖν
2837 3572 2927 3624 καὶ
2985 3569 3146 3644 ὅρκον
3185 3567 3242 3624 δὶ
3298 3569 3643 3641 άπαιτησασα
3695 3573 3779 3643 μή

2122 3655 2479 3731 προδοθῆναι,
2507 3651 2717 3731 ἔμεινεν
2774 3659 3112 3736 ἀγαπωμένη
3163 3659 3300 3737 πρὸς
3350 3659 3551 3716 αὐτῶν.
3602 3663 3782 3718 Τοῦτο

2127 3748 2387 3820 μαθόντες
2442 3747 2494 3802 οἱ
2554 3746 2678 3820 περὶ
2732 3748 3122 3826 ’Λγαμέμνονα
3186 3748 3465 3821 πέμπουσι
3525 3743 3787 3823 πρέσϐεις

2122 3837 2230 3912 πρὸ
2257 3833 2358 3890 τοῖ’)
2390 3834 2665 3908 πολέμου,
2696 3836 2861 3892 αὐτόε
2904 3856 2964 3891 τε
3019 3836 3302 3894 Μενέλαον
3359 3838 3447 3893 καὶ
3501 3832 3790 3907 Ὀδυσσέα,

2121 3926 2213 3980 καὶ
2271 3926 2575 4000 γράμματα
2633 3925 3127 4001 Κλυτα-μνήστρας
3219 3928 3472 4003 γυναικὸς
3534 3926 3786 4000 Ἀγαμέ-

2129 4035 2340 4088 μνονος,
2372 4011 2616 4096 ἀδελφῆς
2650 4013 2892 4086 Ἑλένης,
2956 4015 3223 4088 ἀξιοῦντες
3282 4014 3613 4084 ἀποδοθῆναι
3664 4017 3789 4072 Με-

2123 4106 2306 4179 νελάῳ
2335 4109 2435 4177 τήν
2465 4110 2712 4181 γυναῖκα.
2765 4103 2833 4163 Ο⁹ί
2885 4107 2976 4161 καὶ
3023 4105 3441 4179 ἆποπέμπονται
3490 4104 3788 4183 ἄπρακτοι.

2126 4196 2219 4251 Διὸ
2247 4196 2338 4249 καὶ
2377 4196 2505 4256 τοὺς
2559 4200 2977 4273 τοπαρχτῦντας
3035 4201 3135 4263 τῆς
3196 4195 3465 4270 Εὐρώπης
3523 4197 3786 4262 ἅπαντας,

2122 4286 2215 4340 καὶ
2245 4285 2338 4341 τὸν
2369 4281 2590 4347 Θέτιδος
2621 4285 2709 4339 καὶ
2766 4284 2999 4355 Πηλέως
3051 4283 3321 4359 Ἀχιλλέα
3372 4286 3505 4359 μετᾶ
3548 4285 3611 4340 τὸ
3643 4287 3751 4341 ὑπο
3774 4323 3787 4331 -

2123 4375 2365 4447 κείμενον
2400 4373 2549 4445 αὐτῷ
2576 4377 2684 4428 τῶν
2716 4370 3085 4448 Μυρμιδόνων
3139 4378 3349 4450 στῖφος,
3399 4373 3489 4429 καὶ
3541 4375 3789 4450 Νέστορα

2122 4465 2215 4519 τὸν
2258 4461 2477 4521 Ἠλεῖον
2532 4462 2623 4518 καὶ
2672 4464 2766 4517 τὸν
2821 4463 3127 4534 Ἰθακήσιον
3182 4459 3442 4520 Ὀδυσσέά
3496 4468 3583 4519 καὶ
3651 4464 3790 4530 τοὺς

2125 4550 2224 4608 δύο
2256 4553 2484 4616 Δῖαντας
2514 4550 2797 4625 Διομήδην
2846 4573 2905 4607 τε
2950 4553 3038 4607 καὶ
3094 4550 3369 4626 Ἰδομενέα
3422 4555 3512 4608 καί
3572 4552 3788 4618 ἄλλους

363 4657 485 4715 lide
515 4656 773 4729 primum
808 4653 870 4708 in
901 4652 1170 4708 hibernis
1199 4650 1553 4708 subsistunt.
1577 4651 1665 4706 Ibi
1697 4667 1831 4707 cum
1864 4656 2007 4706 tem-

2126 4642 2377 4705 πολλοὺς
2434 4643 2527 4699 καὶ
2609 4642 2884 4719 γενναίους
2964 4642 3060 4698 σὺν
3114 4643 3265 4697 ναυσὶ
3318 4638 3534 4719 χιλίαις
3592 4644 3789 4700 ἑκατὸν

363 4753 591 4821 pestate
623 4743 847 4800 diutius
874 4740 1307 4811 detinerentur,
1340 4741 1584 4797 Calchas
1615 4745 1776 4796 vates
1835 4740 2018 4795 edixit

366 4835 583 4893 debere
615 4838 1123 4906 Agamemnonem
1156 4829 1342 4886 filiam
1374 4845 1542 4886 suam
1602 4830 1823 4899 Dianae,
1881 4845 2013 4900 qum

362 4928 475 4985 dea
505 4927 633 4999 ejus
666 4923 777 4979 loci
830 4927 1006 4988 esset,
1057 4920 1386 4977 immolare.
1415 4921 1633 4976 Verum
1692 4920 1805 4975 hoc
1863 4922 2010 4991 Aga-

360 5032 603 5075 memno
665 5013 886 5069 renuit.
939 5008 1052 5065 Sed
1104 5016 1160 5065 et
1206 5009 1426 5065 mulier
1480 5008 1822 5065 Calchantis
1879 5023 2012 5064 ora.-

360 5107 493 5164 culo
525 5109 933 5162 consentanea
976 5098 1436 5169 vaticinabatur,
1471 5098 1846 5170 tempestatis
1893 5113 2015 5153 non

359 5206 497 5258 ante
530 5199 712 5255 finem
745 5195 870 5251 fore
905 5208 1089 5265 quam
1122 5191 1316 5263 prima
1374 5189 1836 5264 Agamemnonis
1894 5187 2019 5244 filia

2128 4732 2452 4803 ένενήκοντα
2509 4731 2657 4788 ὀκτὼ
2722 4731 3202 4806 ἓκστρατεῦσαντες
3259 4728 3620 4792 άποπλέουσι.
3677 4734 3790 4790 Καὶ

2121 4823 2269 4898 παρὰ
2304 4819 2496 4876 Αὐλίδι
2529 4821 2675 4877 οὕτω
2704 4820 3037 4895 καλουμένῳ
3093 4820 3289 4897 χωρίῳ
3332 4822 3789 4898 παραχειμάσαν-

2121 4933 2210 4975 τες
2242 4913 2376 4967 κατὰ
2408 4909 2578 4968 Ἰλίου
2636 4908 3175 4986 ἐστρατοπεδεύοντο.
3224 4913 3338 4968 Teii
3395 4916 3675 4987 χειμῶνος
3726 4910 3794 4970 δὶ

2124 5000 2502 5075 ἀντικειμένου
2533 5001 2720 5063 αὐτοῖς
2753 4999 2841 5056 ἐπι
2872 4999 3018 5055 πολὺ
3051 4999 3274 5076 Κά’⁸.χάς
3303 5002 3331 5056 6
3375 5000 3568 5074 μάντις
3600 5001 3793 5066 θυσίαν

2126 5092 2364 5170 ὀφείλειν
2391 5091 2486 5147 τὸν
2524 5091 2912 5169 Ἀγαμέμνονα
2970 5090 3089 5145 εἶπε
3142 5092 3241 5161 την
3303 5091 3471 5146 αὐτοῦ
3520 5091 3793 5168 θυγατέρα

2125 5188 2195 5259 τῇ
2228 5180 2513 5258 Ἀρτέμιδι
2544 5186 2872 5259 παρασχεῖν,
2914 5186 3007 5254 θεᾷ
3053 5186 3153 5252 τῆς
3206 5181 3399 5261 χώρας
3450 5180 3608 5258 οὕσῃ’
3642 5184 3671 5238 6
3724 5180 3794 5240 δὲ

1558 5342 1929 5398 ΧΥιΑΝΠΒΙ
1967 5342 2052 5395 ΕΤ
2092 5338 2309 5395 GOARI
2351 5339 2578 5395 NOTAE.

432 5494 542 5562 (94)
576 5487 847 5551 Εὕστολον
950 5489 1165 5545 acilem
1199 5487 1507 5554 verti,cum
1538 5483 1702 5540 aliud
1735 5500 1853 5538 non
1888 5500 2015 5538 sue-

432 5570 629 5615 ;rreret
657 5579 849 5615 neque
881 5507 953 5615 ﬁt:
987 5561 1201 5615 vestitu
1239 5557 1335 5613 hic
1365 5557 1744 5615 aaaturﬁam
1778 5555 2013 5615 gracili-

364 5555 629 5618 cu'rre'ret
657 5579 849 5634 neque
882 5555 953 5634 Cie
987 5561 1201 5634 vestitu
1239 5557 1335 5613 hic
1365 5557 1750 5634 agatur.Nam_
1778 5555 2013 5634 gracili-

2124 5499 2259 5551 cum
2292 5480 2625 5551 antiquitus
2662 5478 2909 5535 laudata
2939 5478 3258 5535 mulierum
3304 5480 3629 5551 gracilitate
3673 5499 3793 5541 vox

2123 5548 2381 5614 εῧστολρς
2424 5548 2622 5619 habet,
2653 5568 2786 5622 quas
2816 5557 3087 5622 comptam
3119 5567 3187 5606 ac
3217 5548 3450 5608 vestibus
3480 5553 3791 5624 elegantem

366 5616 557 5688 tatem
580 5616 640 5688 in
664 5616 1025 5690 "mulieribus
1056 5630 1358 5686 laudatam
1389 5616 1572 5684 fuisse
1595 5628 1754 5699 apud
1779 5616 2014 5698 priscos
2120 5627 2324 5681 refert.
2350 5625 2527 5680 Goan.

365 5710 573 5760 notum
607 5712 698 5760 est
724 5704 814 5760 vel
846 5720 916 5761 ex
946 5702 1381 5759 TerentiOXVL.
1407 5732 1475 5741 ——-
1510 5699 1665 5757 Nihil
1695 5715 2011 5756 commune
