4142 6412
374 378 493 437 255
1736 369 2062 432 GEORGII
2105 371 2451 433 GEDRENI
3670 320 3804 437 «256

374 511 639 585 palidem
672 508 1062 580 scripserunt,
1095 506 1400 578 multaque
1431 507 1675 562 omnino
1709 507 1823 562 alia
1860 524 2031 562 voca-

2152 506 2207 561 :a‘t
2236 505 2371 561 ἒπτά
2401 506 2569 580 ἂστρα
2600 511 2707 561 τῶν
2737 505 3060 578 πλανήτων,
3086 504 3179 562 τόν
3236 503 3294 561 δὲ
3343 507 3549 583 πύργον
3575 507 3638 562 τὸ
3670 506 3806 581 ὕψος

374 602 520 658 bula
578 616 753 656 secus
826 598 1365 669 pronuntiaverunt
1423 612 1601 668 quam
1675 597 2030 652 scriberunt.

2152 599 2243 651 τοῦ
2274 594 2594 669 ούρανοῦ,ἐξ
2627 597 2689 651 οὗ
2711 593 3137 651 ἀνταποδίδοται
3169 601 3300 651 πᾶσι
3332 594 3475 651 καλά
3503 594 3539 665 ἤ
3561 597 3718 652 κακά.
3745 597 3803 651 Ὁ

375 690 614 763 Adjecit
648 689 737 743 his
768 688 917 742 duas
948 684 1282 741 Simonides
1313 686 1615 754 Ceus,‘qw,
1641 686 2032 757 Epicharmus

2152 683 2302 746 αὐτὸς
2332 685 2451 759 εὗρε
2479 685 2569 739 καὶ
2599 685 2665 740 τὰ
2699 693 2761 750 ις’
2788 684 3086 762 γράμματα
3119 687 3234 760 (99)
3297 689 3393 740 τοῦ
3444 679 3801 764 ἀλφαϐήτου,

377 783 784 853 Syracusanus
818 782 939 831 tres
970 776 1088 846 ζξψ,
1126 774 1301 845 alque
1355 775 1439 830 sic
1493 775 1729 847 virginti
1776 781 2033 846 quatuor

2152 795 2194 844 ι,
2224 776 2282 850 β,
2314 798 2370 852 γ,
2403 773 2453 847 δ,
2495 796 2540 842 ε,
2580 777 3229 852 ι,κ,λ,μ,ν,ο,π,ρ,σ,τ,υ.
3265 774 3575 852 Προσέθηκε
3606 773 3663 830 δὲ
3692 775 3799 831 αύ-

376 872 714 928 litterarum
744 883 980 922 summa
1008 864 1255 936 impleta
1286 873 1393 921 est.

2152 869 2256 926 τοῖς
2288 862 2512 937 Κάδμος
2545 867 2573 920 6
2602 865 2879 938 Μιλήσιος
2905 865 3063 941 ἕτερα
3085 866 3388 941 γράμματα
3403 864 3552 942 τρία,
3576 867 3628 935 θ,
3648 887 3707 943 φ,
3738 886 3802 941 χ.

376 969 471 1026 Διὸ
500 967 590 1023 καὶ
620 963 821 1035 πολλῷ
850 968 930 1036 τῷ
961 965 1148 1042 χρόνῳ
1179 968 1297 1025 τοῖς
1334 964 1401 1018 ιϐ’
1430 962 1694 1041 έχρῶντοο
1727 961 1907 1026 ὅθενοὶ
1937 963 2164 1039 ἀρχαῖοι
2202 964 2280 1035 μή
2314 956 2535 1039 ἔχοντες
2594 965 2658 1019 τὸ
2716 966 2755 1038 ψ
2803 987 2903 1034 την
2934 964 3103 1039 ψαλίδ
3134 962 3344 1022 παλίδα
3397 963 3643 1041 αέλεγον,
3704 963 3801 1019 καὶ

380 1067 527 1125 ἄλλα
557 1068 745 1125 πολλὰ
771 1066 997 1144 ῥήματα
1026 1063 1217 1127 ἄλλως
1249 1064 1544 1140 ἐξεφώνουν
1577 1063 1667 1118 καὶ
1696 1059 1927 1141 ἔγραφον
1956 1063 2045 1118 καὶ
2078 1060 2335 1139 ἔγραφον,
2398 1063 2543 1138 Πρὸς
2597 1067 2767 1118 ταῦτα
2796 1063 3112 1138 Σιμωνίδης
3139 1067 3167 1120 6
3220 1067 3352 1129 Χῖος
3378 1067 3457 1138 (1)
3488 1062 3796 1139 προσέθηκε

384 1168 504 1237 δύο,
539 1189 572 1238 η
605 1166 698 1222 καὶ
729 1190 796 1234 ω,
831 1165 1180 1240 Ἐπίχαρμος
1216 1161 1273 1218 δὲ
1305 1165 1333 1218 6
1367 1162 1744 1239 Συρακούσιος
1773 1163 1919 1237 τρία,
1954 1167 2001 1231 ζ,
2038 1162 2083 1233 ξ,
2125 1164 2185 1235 ψ,
2226 1161 2318 1215 καὶ
2352 1160 2526 1224 οὕτως
2556 1160 2957 1238 ἐπληρώθησαν
2989 1163 3054 1219 τὰ
3101 1161 3182 1220 κδ’
3211 1169 3481 1240 στοιχεῖα.

449 1258 830 1331 Appellentes
856 1258 931 1313 ad
956 1257 1125 1311 littus
1146 1256 1334 1324 Trojaa
1357 1255 1609 1309 classem
1642 1255 1873 1310 Graecos
1892 1255 2035 1309 Tro-

364 1348 496 1421 jani
524 1348 722 1403 conati
748 1352 887 1403 sunt
908 1346 1107 1402 littore
1130 1344 1448 1416 prohibere
1473 1359 1485 1409 ;
1508 1359 1705 1415 pugna
1724 1343 1845 1398 acri
1871 1359 2034 1398 com-

374 1439 556 1493 missa
585 1437 758 1492 multi
819 1436 1100 1506 utrinque
1155 1433 1522 1499 ceciderunt,
1560 1434 1704 1489 22!
1755 1432 2028 1501 interque

373 1529 483 1583 hos
515 1526 902 1589 Protesilaus,
936 1526 1276 1580 Graecorum
1329 1522 1795 1589 antesignamus.
1850 1522 2028 1576 Nocte

371 1618 529 1674 facta
547 1616 777 1687 Trsjani
811 1615 1021 1669 urbem
1045 1613 1733 1684 repetiverunt,eamque
1756 1616 2028 1666 accurate

2219 1246 2688 1326 Παρεμϐαλόντων
2741 1249 2798 1308 δὶ
2846 1257 2955 1308 τῶν
3013 1251 3305 1325 Ἐλλήνων
3364 1254 3458 1308 σὺν
3496 1258 3615 1317 ταῖς
3646 1256 3805 1311 ναυσὶ

2143 1341 2280 1396 κατὰ
2307 1348 2406 1410 τῆς
2438 1340 2641 1417 Τροίας
2674 1343 2736 1397 οὐ
2770 1344 3116 1419 συνεχώρουν
3178 1344 3230 1399 οἱ
3283 1346 3469 1419 Τρῶες
3497 1346 3807 1421 προσορμί-

2144 1451 2254 1487 σαι.
2289 1428 2545 1504 Πολέμου
2590 1428 2647 1485 δὲ
2707 1430 3069 1507 συρραγέντος
3126 1432 3379 1509 ἰσχυροῦ,
3427 1433 3518 1488 καὶ
3568 1432 3803 1490 πολλῶν

2141 1518 2191 1589 ἐξ
2225 1520 2493 1595 έκατέρων
2538 1520 2893 1596 ἀνῃρημένων
2948 1521 3041 1576 σὺν
3100 1522 3184 1595 [Ρ.
3248 1524 3375 1596 126]
3435 1521 3808 1598 Πρωτεσιλάῳ

2140 1612 2426 1687 προμᾶχῳ
2469 1615 2705 1684 Δαναῶν,
2766 1611 2957 1672 νυκτὸς
3007 1608 3402 1686 ἐπιγενομένης
3460 1614 3647 1685 Τρῶες
3706 1614 3803 1687 μὶν

383 1683 748 1772 clauserunt,
782 1703 965 1759 Graeci
1021 1683 1155 1756 vero
1199 1700 1503 1756 subductis
1534 1700 1597 1754 in
1628 1700 1796 1754 littus
1846 1699 2034 1770 Trojaa

2152 1683 2222 1761 εἷς
2274 1683 2375 1767 τὴν
2436 1700 2599 1754 πόλιν
2648 1699 2907 1762 εἰσιόντες
2975 1683 3240 1778 ἀσφαλῶς
3320 1683 3801 1773 συνεκλείσθησαν,

376 1794 625 1849 navibus
660 1799 838 1864 atque
869 1789 1147 1847 stabilitis
1178 1806 1458 1846 auroram
1505 1788 1831 1860 praestolati
1866 1793 2019 1843 sunt.

376 1883 565 1939 Media
596 1888 769 1938 nocte
801 1882 1035 1953 Cygnus
1073 1880 1340 1951 quidam,
1391 1884 1678 1951 cognatus
1709 1877 1931 1932 Priami
1961 1893 2028 1932 ac

373 1973 542 2028 urbis
573 1971 832 2028 Neandri
857 1970 1156 2037 dominus,
1171 1986 1305 2024 cum
1324 1985 1542 2041 magna
1565 1968 1825 2023 militum
1849 1983 2032 2022 manu

373 2062 593 2119 adoriri
646 2062 878 2116 Grmcos
930 2075 1131 2125 ausus,
1165 2058 1486 2113 commissa
1541 2072 1743 2128 pugna
1787 2057 1912 2127 ipse
1960 2056 2032 2111 ab

378 2152 601 2206 Achille
633 2151 865 2205 occisus
899 2154 1009 2211 est,
1036 2165 1103 2203 ac
1130 2146 1401 2218 plerique
1419 2147 1520 2216 qui
1543 2163 1677 2201 cum
1710 2147 1840 2217 ipso
1864 2151 2036 2200 erant

377 2239 678 2295 interfecti
712 2244 869 2293 sunt.
922 2237 1027 2292 Die
1078 2242 1229 2303 orta,
1263 2237 1548 2292 consil....
1590 2236 1776 2307 Trojae
1827 2240 1886 2290 et
1932 2235 2034 2289 Ilio

381 2331 443 2384 in
503 2328 710 2382 orbem
771 2326 1267 2397 circumjacentes
1324 2324 1526 2391 urbes,
1583 2323 1745 2396 quod
1800 2324 2034 2379 Priamo

380 2416 839 2489 opitularentur,
876 2414 1255 2487 subegerunt.
1294 2412 1632 2481 Diomedes,
1654 2413 1832 2484 Tydei
1857 2412 2034 2481 filius,

376 2505 745 2570 Neandrum,
779 2504 961 2576 Cygni
992 2503 1223 2572 urbem,
1258 2503 1415 2558 filios
1448 2503 1576 2575 ejus
1609 2507 1667 2557 et
1696 2502 2037 2557 universam

385 2595 676 2651 ditionem
755 2592 1173 2665 depopulatus,
1245 2591 1511 2663 praedam
1568 2592 1628 2646 in
1712 2592 1924 2647 castris
1976 2592 2038 2646 in

384 2685 649 2742 medium
681 2684 954 2739 contulit.
994 2683 1253 2739 Achilles
1285 2700 1421 2739 cum
1471 2682 1938 2755 Myrmidonibus
1977 2682 2041 2737 in

382 2774 635 2831 Lesbum
688 2778 747 2829 et
774 2773 1033 2828 vicinam
1085 2772 1389 2845 regionem
1435 2771 1813 2843 expeditione
1863 2769 2038 2837 facta,

382 2863 787 2918 Phorbantem
839 2878 1048 2916 eorum
1106 2862 1377 2916 locorum
1436 2861 1769 2927 dominum,
1822 2860 2042 2915 Priami

393 2951 931 3022 consanguineum,
957 2949 1287 3015 interfecit;
1316 2949 1499 3003 ﬁliam
1522 2949 1649 3020 ejus
1676 2948 2044 3017 Diomedem,

2136 1789 2189 1842 οἱ
2251 1785 2308 1842 δὲ
2336 1787 2402 1842 τὰ
2448 1787 2619 1843 πλοῖα
2650 1792 2719 1863 τῇ
2775 1788 3035 1864 παραλίῳ
3090 1797 3191 1858 τῆς
3241 1790 3437 1865 Τροίας
3468 1790 3607 1867 ἀκτῇ
3666 1813 3802 1847 κατ-

2136 1875 2583 1955 ασφαλισάμενοι
2622 1876 2814 1952 ἔμενον
2844 1882 2945 1950 την
2971 1876 3067 1935 ἕω.
3102 1881 3234 1955 Περὶ
3277 1881 3441 1955 μέσας
3501 1878 3559 1936 δὲ
3599 1881 3802 1943 νύκτας

2138 1966 2349 2029 Κύκνος
2378 1987 2462 2028 τις
2502 1962 2698 2041 ὄνομα,
2763 1969 3027 2043 συγγενὴς
3083 1964 3157 2023 ὤν
3213 1968 3465 2046 Πριάμου
3496 1971 3688 2049 ἄρχων
3749 1961 3811 2025 δὲ

2137 2054 2354 2118 πόλεως
2407 2054 2712 2132 Νεάνδρου,
2773 2057 2909 2131 μετὰ
2948 2056 3172 2113 πολλοῦ
3201 2056 3456 2129 πλήθους
3498 2058 3811 2132 πολεμικοῦ

2137 2147 2430 2217 τολμήσας
2461 2145 2683 2209 ἐπέθετο
2720 2148 2841 2201 κατ’
2872 2145 3071 2201 αὐτῶν
3125 2143 3414 2221 συμϐολῆς
3481 2145 3539 2204 δὲ
3577 2148 3809 2225 γενομέ-

2139 2255 2259 2305 νης,
2290 2233 2455 2296 αὐτός
2483 2255 2543 2289 τε
2576 2233 2779 2297 Κύκνος
2842 2236 2947 2290 ὑπὸ
3004 2232 3316 2311 Ἀχιλλέως
3347 2237 3437 2291 καὶ
3497 2237 3549 2291 οἱ
3578 2235 3810 2299 πλείους

2142 2328 2249 2377 τῶν
2314 2326 2431 2395 μετ’
2488 2324 2654 2379 αὐτοῦ
2703 2325 3059 2399 ἀνῃρέθησαν.
3094 2325 3330 2400 Ἡμέρας
3397 2322 3455 2381 δὲ
3506 2326 3809 2400 γενομένης

2147 2410 2418 2487 βουλευ...
2456 2412 2550 2474 τὰς
2595 2412 2791 2485 κύκλῳ
2849 2413 3042 2476 πόλεις
3105 2413 3275 2470 Ἰλίου
3342 2415 3431 2469 καὶ
3487 2416 3681 2491 Τροίας
3730 2421 3814 2489 τῷ

2147 2501 2383 2575 Πριάμῳ
2429 2501 2837 2575 συμμαχούσας
2875 2504 3308 2577 παρεστήσαντο.
3364 2503 3464 2558 Καὶ
3497 2504 3526 2558 6
3559 2504 3655 2578 μὶν
3709 2509 3812 2559 τοῦ

2145 2586 2366 2651 Τυδέως
2426 2590 2542 2652 υἱὸς
2606 2587 2897 2662 Διομήδης
2955 2592 3056 2661 τήν
3108 2596 3207 2647 τοῦ
3265 2591 3560 2668 εἰρημένου
3601 2593 3811 2647 Κύκνου

2147 2676 2620 2754 πόλινεΝέανδρον
2652 2679 2744 2734 καὶ
2776 2680 2905 2740 τοὺς
2934 2678 3087 2745 υἱοὺς
3115 2682 3206 2736 καὶ
3252 2683 3353 2750 τὴν
3403 2681 3591 2758 χώραν
3643 2682 3815 2737 αὐτοῦ

2148 2772 2321 2823 πᾶσαν
2382 2769 2761 2842 προνομεύσας
2833 2771 2921 2825 καὶ
2979 2768 3339 2846 καταδῃώσας
3396 2772 3473 2833 εἷς
3524 2772 3587 2826 τὸ
3648 2772 3815 2845 μέσον

2151 2857 2324 2933 ἤγαγε
2354 2856 2452 2915 τοῦ
2484 2846 2753 2934 στρατῶ,-
2791 2857 3092 2935 ’Δχιλλεὺς
3143 2858 3199 2915 δὲ
3251 2860 3387 2915 κατά
3445 2856 3654 2916 Λέσϐου
3720 2861 3815 2914 καὶ

2149 2956 2252 3019 τῆς
2288 2950 2375 3004 ὑπ’
2409 2947 2576 3019 αὐτὴν
2610 2950 2803 3024 χώρας
2862 2949 2998 3021 μετὰ
3050 2953 3156 3004 τῶν
3190 2948 3554 3025 Μυρμιδόνων
3586 2950 3816 3026 ἐκστρο-

395 3056 531 3095 cum
562 3039 761 3111 praada
792 3055 971 3108 quam
1003 3056 1074 3094 ex
1117 3044 1240 3093 tota
1284 3039 1397 3092 ista
1444 3038 1684 3108 regione
1732 3044 1949 3111 egerat,
1984 3038 2040 3092 in

2153 3037 2321 3107 τεύει,
2351 3038 2440 3092 καὶ
2477 3032 2771 3107 Φόρϐαντα
2834 3038 2926 3111 μὲν
2972 3038 3067 3093 τὸν
3114 3038 3403 3114 τοπάρχην
3461 3038 3636 3095 αὐτῶν
3691 3060 3817 3115 συγ-

398 3134 592 3185 castra
621 3127 890 3183 adduxit.
923 3127 1063 3183 Inde
1087 3127 1160 3183 ad
1194 3128 1516 3198 Lyrnesum
1549 3126 1737 3195 duxit,
1791 3143 2042 3197 eamque

394 3217 606 3275 urbem
640 3218 815 3289 cepit,
844 3222 901 3272 et
930 3218 1233 3272 Eetionem
1267 3217 1396 3288 ejus
1427 3216 1760 3288 principem
1790 3216 2037 3271 occidit:

395 3324 639 3364 uxorem
663 3308 792 3380 ejus
822 3310 1232 3377 Astynomam,
1261 3322 1391 3376 quae
1420 3312 1478 3360 et
1497 3305 1772 3377 Chryseis
1804 3304 2044 3374 dicitur,

396 3399 582 3454 tiliam
614 3398 887 3469 Chryseae
912 3396 1239 3453 sacerdotis
1262 3395 1570 3466 Apollinis,
1596 3412 1733 3450 cum
1763 3396 2044 3451 omnibus

396 3488 607 3560 opibus
624 3489 675 3560 ej
688 3505 754 3542 us
776 3486 1015 3542 urbisin
1030 3493 1221 3542 castra
1237 3486 1482 3542 abduxit
1502 3492 1679 3558 atque
1694 3487 1756 3542 in
1779 3487 2043 3542 medium

395 3577 664 3633 contilut.
700 3578 911 3631 Postea
940 3576 1014 3631 ad
1046 3576 1386 3648 Legopolim
1436 3575 1747 3631 contendit
1774 3577 2040 3647 pueris...

394 3666 542 3722 Brisi
577 3665 762 3720 ﬁliam
797 3664 1270 3736 Hippodameim,
1304 3682 1551 3720 uxorem
1602 3667 1893 3736 Amyntae,
1942 3666 2042 3737 qui

392 3772 645 3828 regnum
675 3755 737 3809 in
769 3771 839 3809 ea
867 3754 1014 3808 urbe
1042 3754 1303 3809 tenebat.
1332 3755 1383 3808 Is
1410 3759 1549 3809 tunc
1565 3753 1787 3809 aberat.
1813 3760 1893 3809 Ac
1914 3760 2047 3826 post

396 3845 596 3901 ascitis
627 3844 910 3899 adversus
927 3845 1172 3899 'Graacos
1200 3844 1511 3915 Lyciorum
1542 3843 1696 3900 222
1729 3848 1786 3898 et
1826 3844 2044 3916 Lycao-

394 3952 539 3990 num
571 3933 825 3999 auxiliis,
874 3949 1090 4005 magna
1120 3950 1254 3987 cum
1297 3932 1607 3987 hominum
1653 3933 1828 3988 turba
1884 3934 2042 4005 gravi

394 4025 485 4079 ira
527 4024 787 4096 percitus
829 4022 1026 4078 rediit.
1076 4023 1161 4077 Ibi
1212 4040 1347 4077 cum
1395 4022 1622 4077 Achille
1668 4039 2042 4095 congressus,

395 4128 591 4183 neque
623 4112 759 4166 filiae
783 4111 1039 4182 ﬁliisque
1062 4111 1267 4165 eturbi
1302 4128 1423 4166 sum
1447 4111 1767 4181 quicquam
1800 4112 2041 4183 profuit,

396 4207 455 4256 et
485 4202 608 4272 ipse
654 4217 787 4256 cum
832 4201 1097 4256 exercitu
1146 4217 1251 4255 suo
1301 4200 1652 4254 interfectus
1703 4205 1812 4254 est.
1851 4200 2045 4256 Divisa

393 4289 552 4343 inter
569 4288 789 4343 milites
810 4286 1426 4359 praeda.Chryseidem
1453 4288 1884 4359 Agamemnon.
1902 4289 2041 4360 Hip-

396 4377 735 4449 podamiam
782 4376 1045 4431 Achilles
1096 4376 1325 4445 pellicis
1375 4376 1504 4430 loco
1554 4375 1831 4431 obtinuit.
1872 4379 2043 4431 Peste

396 4471 596 4521 autem
645 4465 971 4520 exercitum
1027 4463 1366 4527 infestante,
1400 4464 1739 4519 Calchantis
1771 4466 2047 4522 vaticinio

398 4555 671 4626 Chryseis
685 4554 839 4625 patri
868 4554 1157 4616 redditur,
1180 4553 1728 4608 BriseidemAchilli
1746 4558 2049 4627 Agamem-

398 4660 516 4697 non
541 4643 752 4710 aufert,
777 4642 1196 4713 etaliquandiu
1220 4658 1419 4697 secum
1446 4647 1625 4697 tenet.
1651 4644 2049 4708 Quamobrem

397 4732 661 4786 Achilles
692 4731 877 4787 iratus
910 4748 971 4787 se
1000 4737 1059 4786 et
1078 4732 1474 4802 Myrmidonas
1494 4748 1527 4786 a
1554 4749 1751 4804 pugna
1779 4733 2048 4788 abstituit

398 4825 713 4897 tantisper,
777 4824 963 4879 donec
1016 4827 1424 4897 Agamemnon
1466 4825 1738 4895 gravibus
1778 4826 2048 4882 cladibus

397 4915 636 4969 attritus
670 4913 874 4969 multis
907 4930 1041 4968 eum
1076 4912 1247 4968 donis
1277 4930 1345 4968 ac
1378 4911 1896 4983 deprecationibus
1916 4932 2048 4986 per-

330 5040 333 5041 ν
396 5004 581 5059 movit
609 5008 676 5058 ut
706 5019 943 5058 rursum
967 5019 1105 5057 cum
1137 5003 1352 5057 Craecis
1378 5002 1440 5056 in
1470 5003 1659 5057 aciem
1692 5005 2050 5077 exiret.Ajax

396 5100 596 5152 autem
636 5094 1017 5149 Telamonius
1037 5094 1291 5148 Thraces
1315 5092 1643 5159 obsidebat,
1669 5094 1768 5165 qui
1788 5095 1847 5149 in
1869 5096 2046 5150 Cher-

391 5201 612 5241 roneso
643 5183 935 5240 habitant.
971 5185 1119 5237 Eum
1151 5182 1371 5236 timens
1393 5198 1495 5236 rex
1527 5182 1741 5238 horum
1773 5183 2046 5253 Polyme-

2153 3132 2282 3200 γενῆ
2318 3125 2571 3199 Πριάμου
2632 3120 2757 3182 ὄντα
2812 3126 3041 3201 ἀναιρεῖ,
3103 3127 3202 3196 τήν
3253 3128 3420 3183 αὐτοῦ
3461 3125 3519 3183 δὲ
3547 3128 3816 3203 θυγατέρα

2153 3212 2440 3286 Διομήδην
2525 3215 2618 3268 καὶ
2676 3218 2852 3269 πᾶσαν
2908 3217 3008 3284 τήν
3082 3215 3271 3291 χώραν
3326 3215 3813 3294 λαφυραγωγήσας

2152 3303 2376 3377 ἤνεγκεν
2411 3302 2488 3364 εἰς
2515 3304 2607 3358 τὸν
2641 3303 2892 3378 στρατόν.
2930 3301 3094 3367 Αὖθις
3144 3302 3203 3359 δὲ
3261 3306 3399 3380 πρὸς
3451 3308 3551 3376 τήν
3586 3314 3812 3382 Λυρνη-

2154 3393 2247 3447 σὸν
2280 3392 2529 3468 ὁρμήσας
2561 3392 2652 3447 καὶ
2683 3394 2783 3462 τὴν
2835 3391 2999 3447 πόλιν
3059 3392 3221 3458 έλὼν,
3255 3396 3345 3449 καὶ
3404 3396 3673 3452 Ἠετίωνα
3717 3396 3814 3451 τὸν

2153 3482 2324 3550 αὐτῆς
2387 3479 2701 3556 πολιοῦχον
2747 3480 2980 3550 ἀνελὼν,
3041 3482 3128 3537 καὶ
3194 3484 3294 3552 τὴν
3348 3490 3578 3559 γυναῖκα
3645 3484 3815 3541 αὐτοῦ

2154 3571 2497 3644 Ἀστυνόμην
2548 3572 2648 3641 τὴν
2725 3569 2815 3626 καί
2875 3569 3182 3646 Χρυσηίδα,
3270 3574 3538 3648 θυγατέρα
3594 3574 3814 3649 Χρύσου

2153 3662 2343 3734 ἱερέως
2373 3656 2754 3732 Ἀπόλλωνος,
2807 3659 2971 3732 ἑλὼν,
3030 3662 3118 3716 καὶ
3180 3662 3350 3717 πάντα
3414 3663 3505 3718 τὸν
3562 3662 3812 3719 πλοῦτον

2154 3751 2382 3827 ἐνεγκὼν
2430 3752 2506 3814 εἷς
2563 3753 2626 3807 τὸ
2669 3752 2836 3826 μέσον
2892 3753 3095 3809 τέθεικε
3147 3759 3246 3809 τοῦ
3298 3760 3549 3829 στρατοῦ.
3602 3758 3816 3813 Ἐντεῦ-

2151 3842 2236 3895 θεν
2324 3840 2641 3920 ἐφορμήσας
2700 3844 2835 3897 κατὰ
2890 3845 2993 3911 τῆς
3083 3841 3390 3918 λεγομένης
3448 3846 3816 3923 Λεγοπόλεως

2151 3935 2267 3992 τοῖς
2330 3929 2578 3988 παισὶ...
2641 3930 2842 4007 Βρίσου
2902 3931 3171 4008 θυγατέρα
3239 3930 3650 4007 Ἱπποδάμειαν,
3711 3956 3815 4010 γυ-

2151 4025 2307 4075 ναῖκα
2339 4020 2500 4075 οὖσαν
2535 4020 2810 4093 ’Δμύντου
2845 4018 3117 4094 βασιλέως
3147 4020 3360 4093 ἐκείνης
3415 4031 3517 4093 τῆς
3566 4022 3809 4094 πόλεως,

2153 4109 2212 4173 ὅς
2241 4108 2308 4163 ού
2340 4114 2517 4184 παρῆν
2550 4110 2693 4165 τότε.
2729 4109 2876 4164 Μετᾶ
2901 4114 3074 4165 ταῦτα
3133 4108 3190 4165 δὲ
3248 4110 3486 4174 Λυκίους
3542 4114 3631 4168 καὶ
3694 4118 3811 4171 Λυ-

2152 4198 2352 4260 κάονας
2381 4198 2517 4252 κατὰ
2545 4201 2653 4251 τῶν
2702 4196 2990 4268 Ἑλλήνων
3050 4198 3127 4262 εἷς
3193 4203 3518 4277 συμμαχίαν
3551 4200 3810 4258 ἐπικαλε-

2155 4290 2406 4363 σάμενος,
2467 4286 2658 4357 ἐπειδὴ
2716 4289 2817 4358 ἧκε
2875 4287 2967 4343 σὺν
3025 4287 3187 4366 ὄχλῳ
3248 4291 3447 4366 πολλῷ
3505 4293 3593 4348 καὶ
3650 4297 3813 4367 θυμῷ

2158 4381 2336 4454 βαρεῖ,
2366 4382 2445 4450 τῷ
2480 4376 2745 4456 Ἀχιλλεῖ
2773 4373 3074 4451 συμϐαλὼν
3104 4381 3168 4435 οὐ
3206 4381 3371 4453 μόνον
3415 4383 3514 4450 τήν
3550 4382 3817 4459 θυγατέρα

2157 4469 2247 4523 καὶ
2276 4467 2405 4529 τοὺς
2437 4465 2707 4545 ἀδελφοὺς
2767 4467 2935 4539 αὐτῆς
2962 4469 3053 4524 καὶ
3102 4472 3202 4540 τὴν
3235 4471 3404 4525 αὐτοῦ
3436 4470 3598 4526 πόλιν
3658 4471 3815 4527 οὐδὲν

2163 4558 2391 4628 ὤνησεν,
2442 4554 2589 4612 ἀλλὰ
2638 4556 2729 4611 καὶ
2788 4556 2949 4621 αὐτὸς
3004 4558 3095 4612 καὶ
3155 4561 3210 4612 οἱ
3271 4558 3362 4614 σὺν
3419 4558 3566 4632 αὗτῷ
3622 4564 3820 4624 πάντες

2162 4643 2319 4723 ἔργον
2375 4648 2626 4718 πολέμου
2680 4648 2948 4723 γεγόνασι.
3013 4649 3116 4705 Καὶ
3175 4650 3245 4704 τὰ
3305 4650 3402 4722 μὶν
3444 4648 3590 4707 ἂλλα
3643 4654 3820 4707 πάντα

2156 4742 2237 4810 τῷ
2267 4740 2483 4809 στρατῷ
2521 4733 2807 4810 ἐμερίσθη,
2868 4738 2968 4807 τήν
3030 4733 3087 4792 δὶ
3143 4735 3425 4811 Χρυσηίδα
3492 4744 3520 4795 ὁ
3583 4740 3821 4817 Ἀγαμέ-

2163 4848 2336 4900 μνων,
2365 4822 2753 4899 Ἱπποδάμειαν
2792 4824 2849 4880 δὲ
2900 4829 3000 4896 τήν
3038 4828 3127 4882 καὶ
3161 4826 3429 4898 Βρισηΐδα
3460 4830 3489 4884 6
3520 4828 3818 4894 Ἀχιλλεὺς

2160 4913 2311 4991 λόγῳ
2370 4912 2669 4989 ἒκράτησαν
2757 4912 3078 4971 παλλακῶν.
3140 4915 3466 4989 Λοιμώδους
3534 4916 3590 4974 δὲ
3654 4921 3820 4976 νόσου

2158 5005 2500 5079 ἔνσκηψάσης
2548 5011 2628 5079 τῷ
2660 5010 2894 5081 στρατῷ,
2945 5010 3014 5078 τῇ
3072 5011 3168 5061 τοῦ
3227 5006 3551 5083 Κάλχαντος
3592 5013 3820 5085 μαντείᾳ

2161 5093 2409 5171 Χρυσηῒς
2461 5100 2543 5168 τῷ
2600 5097 2764 5170 πατρὶ
2795 5092 3138 5166 ἀποδίδοται,
3190 5096 3454 5172 Βρισηΐδα
3486 5096 3544 5154 δέ
3573 5101 3672 5169 τήν
3720 5106 3820 5157 τοῦ

2155 5182 2473 5259 Ἀχιλλέως
2547 5182 2855 5261 ἀφαιρεῖται
2926 5184 3293 5259 Ἀγαμέμνων
3378 5185 3511 5262 ἄχρι
3597 5195 3818 5263 καιροῦ.

1606 5306 1971 5362 XYLANDRI
2010 5310 2096 5364 ET
2136 5310 2352 5364 GOARI
2392 5309 2615 5365 NOTIE.

466 5425 581 5495 (99)
613 5424 691 5477 De
727 5422 941 5478 litteris
991 5422 1346 5495 Graecishest
1395 5420 1549 5495 alius
1608 5424 2052 5479 commentandi

2165 5425 2514 5512 oriundum.
2546 5431 2779 5512 constat
2827 5442 2896 5481 ex
2954 5425 3227 5512 probatis
3277 5427 3655 5512 auctoribus;
3689 5447 3828 5512 quae

398 5491 568 5568 locus
597 5494 808 5568 aptior.
844 5496 1136 5568 Caeterum
1176 5491 1401 5568 aliquot
1431 5492 1874 5568 deincepsgloca
1916 5501 2055 5551 sunt
2163 5497 2361 5553 insula
2391 5503 2523 5568 post
2576 5498 2855 5552 Helenam
2910 5491 3105 5568 prima
3147 5505 3237 5552 est
3293 5498 3365 5553 ab
3400 5500 3592 5556 Attica
3622 5491 3831 5559 Asiam

401 5563 651 5623 mutila,
669 5566 883 5634 quibus
906 5566 1226 5620 astericum
1250 5563 1471 5617 idcirco
1503 5564 1697 5621 allevi.
1732 5566 1871 5623 ΧΠ..

474 5636 553 5707 (1)
602 5635 731 5694 Χῖος
784 5635 989 5708 vitiose
1050 5636 1427 5708 legitur_pro
1474 5638 1653 5708 Κεῖος·
1689 5643 1792 5691 aut
1841 5639 2051 5694 saltem

398 5706 610 5763 auctor
669 5706 919 5760 erravit:
970 5708 1084 5762 Ceo
1116 5706 1358 5774 'insula,
1406 5706 1554 5761 urbe
1610 5708 1799 5765 Julide
1866 5711 2048 5765 fuisse

2163 5570 3301 5647 versus._Erroremuuoiiannotassem_1
3346 5570 3462 5626 nisi
3513 5574 3832 5647 pervulga-

2163 5646 2290 5695 tum
2323 5640 2502 5695 etiam
2531 5640 2591 5694 in
2622 5638 2757 5696 aliis
2788 5640 2957 5695 libris
2989 5641 3225 5697 scirem.
3260 5642 3395 5697 Χγι..
