4142 6428
324 364 443 425 257

1488 356 2035 420 HISTORIARUM
2082 357 2639 431 COMPENDIUM.

3636 375 3754 435 258

322 500 595 561 Ἐντεῦθεν
641 493 927 557 Χολωθεὲς
1004 492 1305 574 Ἀχιλλεὺς
1360 494 1633 579 ἀπέσχετο
1696 490 1831 564 μετὰ
1878 495 1986 545 τῶν

2112 507 2230 556 stor
2275 503 2403 558 auri
2454 505 2707 561 multum
2731 505 2843 578 ipsi
2867 505 3051 570 dedit,
3076 511 3428 579 tantumque
3469 507 3755 564 frumenti

323 583 685 663 Μυρμιδόνων
727 589 828 639 τοῦ
858 586 983 646 τοῖς
1013 584 1195 658 Τρωσί
1236 582 1524 658 πολεμεῖν,
1582 577 1685 645 ἔως
1738 582 1996 657 ἰσχυροῖς

325 687 598 758 πολέμοις
639 684 865 760 ὕστερον
923 684 978 739 o't
1018 684 1143 755 περὶ
1192 685 1285 739 τὸν
1344 684 1723 759 Ἀγαμέμνονα
1778 702 1996 738 κατανι-

326 777 571 850 κώμενοι
597 771 800 848 δώροις
842 771 1080 835 πολλοῖς
1111 774 1200 828 καὶ
1256 771 1649 849 παρακλέσεσιν
1709 768 1995 840 ὲδυσώπη-

329 887 424 921 σαν
484 864 648 918 αὐτον
699 860 941 933 ὶξελθεῖν
1001 864 1118 935 μετ’
1166 862 1366 918 αὐτῶν.
1399 860 1533 923 Αἴας
1574 859 1631 916 δὲ
1662 862 1690 917 ὁ
1716 858 1995 933 Τελαμώ·⁵

326 974 441 1015 νιος
480 953 619 1029 πρὸς
651 950 778 1013 τοὺς
809 949 865 1006 ἐν
924 950 1267 1027 Χερρονήσῳ
1300 955 1511 1025 Θρᾷκας
1545 950 1834 1028 γενόμενος
1863 950 1996 1003 ἰπο-

335 1042 567 1119 λιόρυει·
602 1037 661 1096 ὅν
722 1040 1111 1116 Πολυμήστωρ
1144 1041 1172 1095 ὁ
1200 1040 1410 1096 τούτων
1442 1038 1701 1116 βασιλεὺς
1733 1034 1997 1117 φοϐηθεῖς

340 1132 540 1209 χρυσὸν
586 1128 772 1185 ἐδίδου
832 1128 1027 1200 πολὺν,
1079 1128 1170 1183 καὶ
1234 1134 1383 1185 σῖτον
1430 1133 1688 1184 τοσοῦτον
1736 1128 1861 1183 ὅσον
1919 1131 1998 1199 τῷ

340 1231 584 1308 Ἀχαϊκῴ
642 1232 860 1305 στρατῷ
909 1227 985 1292 εἷς
1053 1229 1295 1284 ἑνιαυτὸν
1366 1229 1666 1304 ἑξαρκέσαι.
1738 1229 1882 1307 Εἶχε
1940 1223 1998 1282 δὶ

336 1321 449 1377 ἐκεῖ
478 1317 811 1395 Πολύδωρον
869 1321 962 1374 τὸν
1001 1321 1216 1375 πάντων
1273 1325 1381 1375 τῶν
1441 1320 1690 1392 Πριάμου
1738 1319 1872 1373 υἱῶν
1905 1339 1997 1391 μι-

334 1412 618 1487 κρότερον,
680 1410 739 1465 δν
783 1409 1047 1465 παρέθετο
1102 1407 1508 1486 Παλυμήστορι
1567 1409 1814 1486 Πρίαμος
1868 1408 1999 1463 ἀνα-

334 1507 626 1577 τραφῆναισ
687 1502 772 1573 [Ρ.
835 1501 960 1572 127]
1017 1496 1147 1554 ἀλλ’
1194 1498 1360 1562 αὐτὸς
1432 1497 1591 1554 αὐτόν
1640 1495 1861 1554 ἔκδοτον
1917 1501 1998 1570 τῷ

344 1588 538 1647 Α’ῗαντι
567 1586 844 1660 δεδωκὼς,
884 1589 975 1643 καὶ
1034 1587 1306 1665 ἐγγράφου
1354 1591 1624 1660 συνθήκας
1678 1588 2035 1657 πεποιηκὼς·

340 1676 619 1753 μηδέποτε
643 1678 1059 1751 ὑπερμαχήσειν
1121 1677 1395 1753 Πριάμου,
1455 1678 1770 1735 ἀπέστειλεν
1816 1678 1997 1733 αὐτὸν.

333 1769 398 1825 Ὀ
431 1767 575 1829 Αἶας
631 1764 690 1821 δὲ
741 1765 941 1821 ἐκεῖθεν
1001 1768 1254 1838 ὁρμήσας
1305 1767 1444 1842 πρὸς
1502 1767 1810 1842 Τεύθραντα
1860 1765 2001 1835 ἦλθε

330 1856 647 1931 τοπάρχηνο
707 1855 767 1909 ’ὃν
819 1852 1028 1910 ἀνελὼν
1082 1855 1174 1909 καὶ
1246 1856 1347 1924 τὴν
1406 1854 1575 1911 αὐτοῦ
1624 1853 1788 1909 πόλιν
1839 1855 1998 1910 ἐκπο-

344 1943 651 2020 λιορκήσας
697 1943 788 1999 καὶ
833 1944 934 2013 τήν
987 1944 1267 2020 θυγατέρα,
1327 1945 1647 2018 Τέκμησσαν
1705 1944 2008 2023 αἰχμαλω-

342 2036 502 2097 τίσας
554 2032 730 2111 ἤγαγε
787 2054 963 2088 παντα
1015 2034 1108 2089 τὸν
1179 2032 1420 2090 πλοῦτον
1475 2033 1667 2096 νυκτὸς
1750 2032 1839 2089 ἐπὶ
1916 2033 2008 2088 τὸν

342 2122 596 2195 στρατόν.
627 2125 708 2195 Τῇ
738 2127 865 2197 γοῦν
899 2122 1022 2193 ἑξῆς
1053 2123 1242 2178 ίστῶσι
1294 2122 1578 2178 κατέναντι
1635 2128 1736 2179 τοῦ
1790 2122 2008 2197 τείχους

342 2215 438 2268 τὸν
498 2210 830 2288 Πολύδωρον
866 2257 881 2280 ,
932 2212 1023 2267 καὶ
1078 2216 1158 2284 τῷ
1216 2214 1448 2288 Πριάμῳ
1505 2210 1736 2283 δηλοῦσι
1795 2211 2007 2285 πέμψαι

347 2302 452 2369 τὴν
485 2300 709 2371 Ἐλὲνην
761 2300 855 2355 καὶ
913 2295 1105 2356 λαϐεῖν
1164 2300 1350 2356 αὐτόν·
1410 2299 1501 2356 καὶ
1561 2299 1785 2376 εἰρήνης
1834 2320 2009 2375 κυρω-

342 2391 531 2461 θείσης
584 2389 891 2463 ἀποίρομεν
955 2388 1213 2454 ἐντεῦθεν.
1273 2389 1482 2445 Τούτου
1534 2388 1592 2444 δὲ
1644 2392 1719 2463 μὴ
1781 2390 2007 2465 γινομε-

334 2499 456 2547 νου,
502 2477 818 2555 βλεπόντων
870 2476 933 2534 ἐκ
987 2483 1085 2534 τοῦ
1129 2478 1350 2554 τείχους
1418 2477 1653 2546 πάντων,
1702 2478 1794 2533 τὸν
1825 2478 2006 2534 Πολύ-

345 2575 525 2652 δωρον
554 2582 771 2632 ανεῖλον
794 2575 1140 2654 ὑπογραφεὺς
1154 2579 1220 2646 ἦν
1245 2577 1274 2631 ὁ
1306 2576 1497 2639 Δίκτυς
1522 2578 1618 2650 (2),
1641 2575 1781 2651 ἀνὴρ
1798 2575 2009 2649 ἀξιόΛο-

345 2666 575 2742 γοςγκαὶ
608 2667 826 2731 συνετὸς
853 2666 913 2728 ’ὸς
946 2665 1053 2721 ἀπὸ
1082 2672 1182 2735 τῆς
1230 2667 1459 2741 Κρήτης
1515 2670 1633 2728 τοῖς
1691 2663 1780 2720 ἐπὶ
1835 2664 2006 2722 Ἴλιον

336 2757 538 2826 ἥκουσι
572 2756 1039 2830 συνεστρατεύετο.
1082 2754 1259 2819 Οὗτος
1286 2755 1378 2809 τὸν
1426 2760 1527 2810 τοῦ
1585 2755 1837 2828 πολέμου
1867 2755 2009 2831 χρό-

342 2867 436 2901 νον
471 2843 642 2901 πᾶντα
673 2846 848 2901 συνὼν
876 2850 958 2918 τῷ
1006 2841 1271 2919 Ἰδομενεῖ
1323 2846 1391 2900 τὰ
1445 2843 2010 2920 παρακολουθήσαντα

345 2938 527 2991 πάντα
556 2934 654 2990 ἀπ’
700 2936 884 3014 ἀρχῆς
942 2932 1075 3010 ἄχρι
1122 2934 1318 2998 τέλους
1377 2935 1517 3008 μετὰ
1569 2933 1832 3005 ἀληθείας
1886 2955 2009 2990 συν-

343 3028 569 3100 έγραψε,
618 3023 711 3079 καὶ
765 3023 893 3089 τοὺς
955 3031 1311 3100 χαρακτῆρας
1368 3028 1477 3080 τῶν
1533 3026 1869 3104 προμάχων,
1933 3024 2008 3087 ὡς

340 3126 548 3189 πάντας
580 3125 860 3194 ἑωρακὼς,
897 3125 1177 3199 ὑπέγραψε
1227 3123 1320 3179 καὶ
1379 3119 1620 3200 ἀκριϐῶς
1679 3123 2007 3198 ὑπεμνημά-

333 3233 474 3270 τισε.
506 3211 646 3276 Τοὺς
676 3210 733 3267 δὲ
774 3212 1009 3288 χρόνους
1066 3210 1157 3266 καὶ
1214 3212 1416 3274 τόπους
1472 3213 1562 3268 καὶ
1622 3212 1884 3304 τρόπουςΔ
1912 3211 2002 3267 καὶ
2043 3237 2086 3304 C

337 3302 405 3358 τά
446 3301 662 3358 ἑκεὲνου
718 3306 818 3358 τοῦ
873 3300 1129 3374 πολέμου
1182 3300 1483 3382 διασαφῶν,
1536 3304 1672 3376 μετὰ
1725 3298 2003 3378 ἀκριϐείας

337 3392 805 3469 ἱστοριόγραφῶν,
861 3393 952 3448 καὶ
1028 3393 1148 3448 καθ’
1224 3389 1319 3447 ἕνα
1371 3398 1481 3448 τῶν
1541 3392 1824 3468 ἀρχόντων
1883 3394 2001 3466 μεθ’

338 3483 485 3536 ὅσων
515 3485 666 3553 νηῶν
699 3502 1020 3557 παρεγενετο
1053 3482 1317 3552 συνέταξε.
1362 3484 1537 3538 Τοῦτο
1570 3480 1627 3537 δὲ
1672 3482 1760 3537 καὶ
1819 3482 1872 3538 ἓν
1930 3487 1999 3559 τῇ

348 3577 578 3655 δευτέρᾳ
603 3584 703 3650 τῆς
734 3578 967 3643 Ἰλιάδος
1015 3577 1268 3655 ῥαψῳδίᾳ
1321 3582 1449 3655 παρ’
1505 3582 1738 3656 Ὁμήρῳ
1792 3581 2003 3653 δηλοῦ-

333 3690 448 3727 ται.
484 3671 601 3728 Τοῦ
633 3668 690 3725 δὲ
719 3671 985 3743 Ἕκτορος
1032 3671 1100 3725 τὰ
1152 3674 1261 3725 τῶν
1320 3668 1608 3741 Ἑλλήνων
1666 3672 2002 3747 στρατόπεδα

342 3758 767 3824 συνελαύνοντος
840 3758 932 3815 καί
1004 3757 1252 3823 πολλοὺς
1301 3759 1656 3834 ἀναιροῦντος
1690 3762 1999 3838 ἠναγκάση-

337 3869 432 3903 σαν
490 3849 630 3925 πρὸς
690 3845 962 3928 Ἀχιλλέα
1037 3845 1561 3924 διακηρυκεύσασθαι
1598 3895 1611 3908 .
1671 3848 1849 3914 Μόλις
1908 3850 2001 3908 οὖν

341 3937 486 4009 εἴξας
519 3937 846 4013 Πάτροκλον
916 3936 1102 4002 αὐτοῖς
1147 3936 1240 3993 τὸν
1303 3935 1564 4016 φίλαττον
1611 3939 1821 4014 ἑταῖρον
1868 3941 2006 4014 μετὰ

336 4032 449 4082 τῶν
487 4025 884 4103 Μυρμιδόνωνν
906 4025 1252 4083 ἀποστέλλει·
1287 4028 1377 4083 καί
1400 4029 1459 4091 ὃς
1492 4027 1720 4099 ἐξελθὼν
1753 4030 2002 4094 πολλοὺς

339 4126 437 4197 μὲν
501 4125 714 4200 ἀναιρεῖ
760 4130 869 4180 τῶν
940 4119 1252 4201 βαρϐάρων,
1301 4124 1428 4188 τοὺς
1484 4123 1542 4181 δὲ
1599 4124 1809 4199 διώκει,
1868 4131 2002 4205 πρὸς

336 4215 528 4274 αὐτοῖς
560 4210 619 4269 δὶ
648 4212 850 4276 πύλαις
877 4220 978 4283 τῆς
1011 4213 1228 4277 πόλεως
1261 4213 1365 4269 ὕπὸ
1422 4221 1685 4290 ’Έκτορος
1741 4217 2001 4275 κτείνεται

336 4304 689 4378 μαχόμενος,
721 4304 926 4360 Ττοῦτο
975 4303 1158 4376 μαθὼν
1217 4301 1545 4382 Ἀχιλλεὺς,
1576 4306 1666 4360 κσὶ
1725 4308 1889 4382 γνοὺς
1919 4306 2003 4365 ὅτι

340 4390 526 4469 βουλή
557 4391 672 4448 ἐστι
703 4397 783 4464 τῷ
813 4394 1036 4468 Ἕκτορι
1077 4392 1269 4453 νυκτὸς
1325 4395 1393 4466 τῇ
1455 4392 1702 4468 βασιλίδι
1752 4401 2006 4462 Πενθεσι-

332 4490 460 4562 λείᾳ
517 4492 848 4561 ἀπαντῆσαι,
924 4489 1097 4568 λάθρα
1175 4490 1490 4569 προφθάσας
1576 4494 1691 4565 ἅμα
1747 4500 1824 4567 τῷ
1876 4495 2004 4572 ἰδίῳ

338 4585 559 4656 στρατῷ
587 4579 680 4635 καὶ
711 4579 1029 4654 ἀποκρύψας
1063 4580 1254 4635 ἑαυτον
1314 4581 1406 4635 τὸν
1467 4583 1715 4656 ποταμὸν
1764 4591 2022 4661 περῶντα

332 4682 578 4755 Ἕκτορα
623 4679 841 4747 κτείνει,
894 4679 957 4735 οὐ
1012 4679 1174 4751 μόνον
1222 4678 1407 4748 αὐτὸν,
1456 4678 1606 4737 ἀλλᾶ
1650 4682 1740 4737 καὶ
1802 4686 2007 4753 πάντας

332 4771 466 4831 τοὺς
522 4768 830 4843 ἑπομένους
887 4768 1054 4841 αὐτῷ,
1105 4768 1256 4838 πλήν
1312 4768 1427 4831 ἐνὸς
1481 4770 1540 4825 ’ὸν
1597 4779 2005 4847 χειροκοπήσας

337 4858 578 4934 ἄγγελον
627 4855 841 4932 ἔπεμψε
908 4858 1159 4934 Πριάμῳ·
1245 4856 1407 4921 αὐτὸς
1466 4856 1523 4914 δὲ
1577 4861 1640 4915 τὸ
1701 4867 1861 4936 σῶμα
1908 4871 2006 4922 τοῦ

336 4952 610 5024 Ἕκτορος
642 4945 837 5027 δίφρου
884 4947 1198 5023 ἐξηρτηκὼς
1258 4944 1495 5022 μηδενὸς
1546 4955 1658 5005 τῶν
1719 4952 2005 5025 Ἑλλήνων

337 5046 565 5120 γνόντος
650 5045 729 5107 είς
801 5045 900 5112 τήν
953 5044 1119 5100 αὐτοῦ
1191 5045 1396 5115 σκηνὴν
1465 5042 1580 5120 ἄγει
1628 5049 1736 5123 πρὸ
1793 5050 2005 5126 ἡμέρας

338 5133 705 5192 καταικισθίν.
739 5134 798 5188 Ὀ
842 5131 901 5189 δὲ
929 5132 1179 5208 Πρίαμος
1211 5137 1279 5208 τῇ
1324 5134 1444 5203 ἑξῆς
1491 5143 1687 5211 σχῆμα
1742 5137 2006 5215 πένθιμον

334 5224 719 5299 περιθέμενος,
783 5221 988 5297 χρυσόν
1078 5243 1139 5278 τε
1221 5222 1313 5277 καί
1370 5218 1602 5299 ἄργυρον
1655 5225 1743 5281 καὶ
1804 5226 2007 5300 ἐσθῆτα

2106 597 2396 662 quantum
2429 594 2684 650 Achaico
2745 594 3029 649 exercitui
3086 594 3148 649 in
3179 611 3402 650 annum
3435 596 3757 652 sufficeret.

2108 681 2372 737 Habebat
2400 700 2602 739 secum
2633 683 3007 755 Polymestor
3037 684 3256 739 Priami
3292 684 3552 740 filiorum
3587 692 3760 741 aetate

2108 770 2424 826 minimum
2468 773 2851 844 Polydorum,
2910 773 3023 827 sibi
3076 791 3111 827 a
3164 779 3329 844 patre
3384 774 3761 829 educandum

2109 859 2412 916 traditum.
2446 862 2612 917 Hunc
2672 879 2908 934 quoque
2956 862 3120 934 Ajaci
3154 862 3418 930 tradidit,
3452 863 3761 934 foedusque

2107 950 2394 1021 scriptum
2426 952 2997 1023 pepigit,nanquam
3030 968 3091 1007 se
3120 952 3355 1007 Priamo
3401 969 3574 1024 opem
3607 953 3766 1008 latu-

2108 1055 2274 1094 rum:
2309 1040 2510 1110 itaque
2558 1041 2799 1112 Ajacem
2828 1046 3105 1112 pacatum
3144 1040 3392 1097 dimisit.
3429 1042 3579 1112 Ajax
3626 1041 3763 1098 iude

2108 1127 2184 1182 ad
2226 1129 2648 1184 Teuthrantem
2693 1130 2965 1201 regulum
3026 1146 3087 1185 se
3142 1130 3417 1198 contulit,
3479 1147 3658 1201 quem
3708 1138 3769 1186 et

2109 1217 2357 1285 necavit,
2386 1218 2596 1274 urbem
2619 1218 2748 1289 ejus
2772 1219 3145 1291 sxpugnavit,
3172 1219 3479 1289 filiamque
3503 1221 3772 1275 Tecmes-

2110 1322 2235 1361 sam
2268 1308 2558 1378 captivam
2607 1307 2875 1375 abduxit,
2929 1325 2996 1364 ac
3055 1314 3236 1363 noctu
3296 1325 3506 1364 omnes
3538 1325 3680 1380 opes
3705 1309 3768 1363 in

2108 1401 2301 1453 castra
2341 1398 2677 1453 Graecorum
2732 1398 2983 1454 advexit.
3037 1399 3328 1454 Postridie
3385 1399 3539 1453 228
3582 1397 3767 1452 Grmci

2107 1486 2461 1557 polydorum
2492 1506 2523 1543 e
2541 1489 2779 1560 regione
2812 1489 2965 1543 muri
2989 1488 3380 1552 constituuni,
3406 1489 3761 1558 Priamoque

2108 1575 2528 1647 significantut
2556 1578 2844 1632 Helenam
2875 1577 3085 1633 reddat
3138 1578 3447 1649 filiumque
3478 1577 3762 1647 recipiat:

2110 1679 2179 1718 eo
2208 1664 2362 1719 facto
2390 1680 2452 1719 se
2470 1682 2614 1737 pace
2640 1666 2991 1721 confirmata
3010 1665 3253 1721 domum
3276 1666 3576 1721 redituros
3620 1666 3768 1721 Cum

2110 1751 2171 1806 id
2202 1769 2322 1807 non
2353 1753 2877 1825 conseque'zentur,
2909 1754 3186 1810 omnibus
3217 1755 3289 1810 de
3323 1771 3493 1810 muro
3527 1756 3770 1827 conspi-

2038 1864 2084 1928 Β
2114 1841 2412 1897 cientibus
2438 1843 2799 1913 Polydorum
2829 1843 3024 1916 gladio
3059 1843 3402 1899 trucidiant.
3443 1843 3770 1913 Idomenei,

2117 1930 2218 2001 qui
2249 1947 2406 1985 unus
2445 1931 2519 1987 de
2568 1931 2819 1987 ducibus
2878 1934 3215 1988 Grmcorum
3275 1932 3405 1997 fuit,
3438 1932 3634 1988 scriba
3662 1932 3776 1987 fuit

2115 2019 2336 2091 Dictys,
2367 2021 2455 2074 vir
2484 2020 2803 2092 praeclarus
2835 2026 2894 2075 et
2922 2021 3208 2092 prudens,
3246 2022 3402 2076 inter
3430 2038 3533 2076 eos
3565 2021 3666 2091 qui
3698 2037 3771 2076 ex

2115 2110 2287 2164 Creta
2316 2109 2392 2165 ad
2419 2109 2596 2166 Ilium
2628 2110 2770 2166 belli
2804 2128 2984 2167 causa
3039 2110 3288 2182 profecti
3347 2117 3504 2166 sunt.
3539 2112 3593 2165 Is
3652 2116 3772 2165 toto

2115 2197 2256 2253 belli
2290 2204 2557 2271 tempore
2588 2216 2724 2255 cum
2751 2199 3069 2255 Idomeneo
3093 2200 3223 2263 fuit,
3246 2205 3304 2254 et
3324 2200 3593 2255 omnium
3616 2216 3775 2269 qua:-

2117 2304 2350 2358 cunque
2370 2287 2440 2342 ab
2464 2288 2635 2343 initio
2660 2287 2733 2343 ad
2767 2289 2947 2343 finem
2979 2305 3167 2360 usque
3197 2294 3361 2361 gesta
3392 2293 3551 2352 sunt,
3576 2305 3773 2343 veram

2116 2377 2425 2433 historiam
2458 2378 2828 2449 conscripsit.
2867 2379 3152 2433 Ductores
3184 2378 3363 2433 etiam
3414 2378 3774 2443 Graecorum,

2116 2483 2266 2537 quos
2297 2482 2507 2521 omnes
2539 2466 2784 2534 viderat,
2808 2467 2931 2521 suis
2959 2482 3257 2537 quemque
3289 2467 3446 2521 notis
3483 2466 3777 2537 expressif

2116 2561 2510 2626 accurateque
2552 2555 2821 2626 depinxit
2854 2571 2869 2621 ;
2904 2561 3175 2627 tempora
3203 2571 3463 2625 quoque,
3498 2554 3628 2610 loca
3658 2555 3776 2609 cir-

2116 2647 2625 2717 cumstantiasque
2648 2640 3150 2702 omnesomnium
3175 2662 3306 2716 quae
3334 2644 3438 2699 illo
3461 2644 3619 2699 bello
3643 2661 3775 2699 eve—

2115 2740 2353 2803 nerunt,
2379 2736 2692 2807 perspicue
2714 2735 3036 2801 annotavit,
3073 2741 3131 2789 et
3161 2740 3305 2805 quot
3328 2734 3581 2805 quisque
3610 2734 3775 2805 prin-

2116 2825 2314 2896 cipum
2338 2841 2516 2879 naves
2540 2841 2742 2880 secum
2771 2825 3121 2891 adduxerit;
3156 2823 3315 2895 quod
3343 2824 3538 2894 ipsum
3588 2823 3768 2877 etiam

2117 2914 2190 2970 ab
2216 2915 2469 2969 Homero
2497 2920 2585 2970 est
2616 2915 2677 2969 in
2711 2915 2861 2969 libro
2894 2913 3158 2969 secundo
3183 2913 3383 2968 Iliadis
3414 2913 3770 2984 expositum.

2115 3004 2426 3059 Enimvero
2458 3020 2591 3058 cum
2628 3005 2842 3059 Hector
2899 3005 3236 3058 Graecorum
3288 3002 3489 3073 copias
3536 3006 3777 3074 urgeret

2116 3092 2457 3164 multosque
2488 3093 2872 3158 interficeret,
2906 3092 3094 3147 coacti
3140 3097 3280 3147 sunt
3310 3092 3489 3147 Graeci
3522 3091 3777 3146 Achillis

2117 3198 2291 3254 opem
2305 3182 2505 3237 missis
2519 3182 2727 3255 legatis
2739 3183 3058 3255 implorare
3083 3182 3251 3251 isque
3268 3197 3421 3254 aegre
3435 3179 3772 3236 concedens

2116 3271 2456 3327 Patroclum
2479 3288 2652 3327 suum
2674 3271 3092 3327 charissimum
3117 3271 3343 3325 socium
3371 3286 3506 3325 cum
3529 3270 3769 3339 Myrmi-

2110 3360 2366 3416 donibus
2397 3361 2596 3416 mittit.
2623 3361 2929 3417 Patroclus
2950 3360 3154 3415 multis
3186 3358 3580 3415 Barbarorum
3603 3357 3770 3428 deje-

2110 3449 2241 3516 ctis,
2266 3450 2415 3505 alios
2435 3449 2731 3523 fugientes
2754 3447 3243 3522 persequens,‘ad
3260 3448 3419 3519 ipsas
3444 3446 3608 3501 urbis
3631 3464 3770 3518 por—

2112 3545 2199 3596 tas
2232 3556 2499 3612 pugnans
2528 3540 2600 3595 ab
2634 3542 2880 3595 Hectore
2909 3539 3293 3595 interimitur.
3317 3536 3497 3592 Idubi
3528 3536 3765 3592 Achiles

2110 3630 2421 3701 comperit,
2456 3646 2524 3685 ac
2572 3635 2863 3701 praeterea
2912 3630 3193 3685 statuisse
3243 3629 3556 3682 Hectorem
3589 3632 3768 3681 noctu

2109 3718 2329 3790 reginae
2362 3718 2752 3773 Penthesilea:
2804 3717 3037 3773 obviam
3096 3718 3203 3784 ire,
3263 3716 3417 3771 clam
3459 3720 3770 3786 amecapta
3865 3720 3880 3734 '

2111 3808 2553 3878 opportunitate
2575 3825 2710 3862 cum
2733 3825 2839 3862 suo
2857 3807 3123 3863 exercitu
3145 3807 3207 3861 in
3228 3805 3464 3860 insidiis
3489 3821 3551 3859 se
3583 3804 3769 3877 abdit,

2114 3899 2544 3969 llectoremque
2566 3897 2812 3953 fluvium
2831 3902 3235 3953 trauscuntem
3253 3894 3537 3950 interficit
3552 3910 3770 3965 tneque

2110 3989 2313 4059 ipsum
2341 3989 2498 4044 224
2527 3988 2725 4053 modo,
2759 3988 2863 4043 sed
2894 3994 2951 4043 et
2996 4003 3203 4043 omnes
3265 3986 3363 4056 qui
3390 3985 3442 4041 ei
3501 3984 3771 4055 aderant,

2112 4093 2230 4131 uno
2262 4076 2525 4147 dempto,
2549 4094 2727 4147 quem
2746 4076 3012 4149 praecisis
3036 4076 3311 4131 manibus
3335 4074 3570 4129 Priamo
3586 4073 3772 4129 cladis

2111 4165 2393 4220 nuntium
2416 4165 2618 4220 mittit.
2646 4168 2773 4236 Ipse
2796 4182 3011 4236 corpus
3045 4164 3309 4219 Hectoris
3327 4163 3527 4217 currui
3549 4178 3772 4233 appen-

2112 4271 2244 4309 sum
2266 4259 2683 4325 raptatumque
2714 4259 2851 4308 ante
2902 4252 3097 4308 lucem
3121 4252 3180 4306 in
3213 4267 3385 4305 suum
3418 4250 3767 4319 tentorium,

2112 4343 2353 4398 nemine
2374 4344 2713 4398 Graecorum
2735 4343 2980 4403 sciente,
3016 4341 3261 4413 perfert.
3294 4338 3584 4394 Postridie
3609 4338 3771 4393 Pria-

2113 4449 2247 4487 mus
2280 4431 2486 4486 habitu
2517 4431 2744 4504 lcgubri
2776 4437 3031 4502 sumpte,
3084 4446 3286 4486 secum
3318 4429 3516 4484 ferens
3549 4444 3763 4483 aurum

2112 4528 2422 4593 argentum
2452 4539 2520 4577 ac
2550 4521 2839 4593 pretiosas
2871 4526 3080 4585 vestes,
3115 4519 3341 4575 ducens
3359 4518 3537 4572 etiam
3566 4532 3768 4572 secum

2116 4614 2302 4670 filiam
2333 4614 2720 4685 Polyxenam,
2750 4612 3078 4668 formosam
3111 4610 3422 4683 virginem,
3456 4614 3516 4663 et
3545 4608 3774 4663 Andro-

2114 4702 2389 4758 macham
2461 4702 2726 4758 Hectoris
2808 4718 3079 4770 uxorem,
3163 4700 3557 4771 parvulosque
3645 4698 3775 4769 ejus

2118 4790 2334 4846 filiolas
2364 4794 2784 4862 Astyanactem
2817 4798 2873 4845 et
2917 4790 3398 4853 Laomedontem,
3453 4804 3635 4843 ausus
3687 4790 3780 4841 est

2117 4880 2275 4935 inter
2330 4880 2559 4936 medios
2610 4882 2946 4936 Graecorum
3006 4880 3309 4951 principes
3369 4894 3431 4933 se
3479 4879 3774 4949 ingerere,

2117 4986 2338 5041 eosque
2370 4970 2620 5041 supplex
2651 4987 2822 5026 orare
2851 4969 2937 5024 uti
2983 4986 3090 5041 pro
3150 4986 3212 5024 se
3260 4967 3418 5039 apud
3477 4966 3771 5023 Achillem

2116 5058 2532 5129 deprecatores
2551 5061 2862 5126 ﬁerent,ut
2882 5059 2931 5116 is
2955 5060 3222 5115 Hectoris
3246 5073 3461 5129 corpus
3480 5055 3780 5110 redimen-

2116 5147 2259 5203 dum
2292 5149 2478 5207 daret.
2513 5150 2733 5205 Miserti
2768 5155 2909 5205 sunt
2930 5149 3109 5213 senis,
3135 5165 3270 5203 cum
3304 5152 3544 5217 stupore
3585 5142 3776 5197 admi-

2116 5238 2229 5293 rati
2259 5238 2591 5307 audaciam,
2625 5240 2832 5295 Nestor
2881 5243 2939 5293 et
2972 5236 3364 5301 Idomeneus;
3424 5250 3491 5289 ac
3548 5233 3776 5304 priores

1521 5342 1885 5400 XYLANDRI
1941 5349 2029 5403 ET
2083 5353 2305 5409 GOARI
2347 5356 2570 5411 ΝΟΤίΕ.

398 5470 470 5540 (2)
502 5472 567 5557 ἔα
603 5466 926 5557 margins:
981 5461 1280 5557 Δίκῑυειέξ
1335 5464 1398 5517 οδ
1431 5466 1710 5557 forte“
1752 5465 2006 5557 ἐφορμῇν

331 5526 570 5617 εἰκηξρὼς
598 5541 707 5617 -ςὴν
744 5526 1284 5617 Ἰλιάδαᾼσυνέταξεν,
1320 5534 1454 5617 inid-
1486 5526 1562 5617 ρθ¹
1588 5526 1821 5617 ἔτηντῆς

330 5609 719 5690 enimsales-
750 5611 880 5690 ES?
912 5612 981 5662 ιιι
1005 5622 1363 5690 90.9.113st
1386 5609 1595 5690 9‘0"?"
1626 5616 1806 5690 “‘1‘.”
1825 5616 2001 5690 etiam

320 5677 591 5749 Daretein
634 5677 975 5744 historiam
1005 5677 1145 5734 belli
1175 5677 1412 5754 Trojani
1454 5677 1885 5755 composuisse,
1924 5688 2008 5745 ita

2116 5479 2461 5551 persuaderi
2497 5481 2642 5536 mihi
2675 5496 2981 5551 nunquam
3005 5480 3197 5551 patiar
3228 5482 3291 5531 ut
3321 5473 3623 5551 quihodie
3646 5471 3776 5551 istis

2114 5542 2307 5605 titulis
2333 5542 2840 5609 circumferuntur
2868 5542 3054 5605 libelli
3081 5567 3184 5621 pro
3207 5542 3487 5622 genuinis
3516 5550 3620 5601 aut
3660 5542 3776 5598 fide

2117 5623 2205 5677 vel
2237 5625 2416 5679 etiam
2452 5624 2607 5681 lectu
2639 5624 2835 5697 dignis
2866 5622 3141 5679 habeam.
3171 5622 3307 5677 XvL.
