4142 6410
384 366 504 426 259

391 587 697 643 Priamum
728 588 1089 643 admitteret.
1115 587 1386 643 Priamus
1417 586 1609 658 capite
1641 585 1879 656 pulvere
1902 599 2044 638 con-

386 692 615 748 sperso,
649 694 893 749 unaque
926 678 1345 733 Andromacha
1375 693 1510 734 cum
1531 676 1756 741 liberis,
1780 672 1952 745 proni
1984 674 2044 727 in

388 770 611 821 terram
661 766 1113 838 procubuerunt
1168 765 1768 835 misericordiamque
1831 776 2049 834 magna

389 854 809 911 vociferatione
866 855 1283 928 ﬂagitaverunt
1312 858 1386 911 At
1438 854 1764 925 Polyxena,
1801 850 2046 906 Achillis

386 944 568 1014 pedes
598 945 874 1015 amplexa
903 961 1014 1016 pro
1044 944 1227 1000 fratre
1280 960 1389 1001 suo
1447 945 1698 1000 Hectore
1754 941 1875 998 alta
1905 954 2044 995 voce

384 1032 611 1102 prolixe
649 1034 965 1103 deprecata
998 1039 1090 1089 est
1118 1034 1408 1105 pollicens
1465 1050 1527 1088 se
1582 1031 1851 1097 Achillis,
1914 1029 1962 1084 si
1994 1029 2044 1083 is

382 1121 637 1177 cadaver
658 1123 927 1178 Hectoris
954 1123 1254 1189 redderet,
1284 1139 1514 1178 servam
1545 1135 1957 1178 remansuram
1982 1118 2043 1173 in

374 1210 823 1267 castris.Nestor
838 1228 892 1266 m
911 1211 1117 1267 isereri
1137 1213 1463 1271 senectutis
1475 1208 2043 1269 hertabatur.Multis

373 1299 535 1354 ultro
574 1300 849 1372 citroque
880 1303 1272 1358 commutatis
1302 1301 1516 1367 verbis,
1551 1300 1797 1356 tandem
1835 1297 2043 1353 Achil-

377 1389 485 1457 les,
520 1391 711 1460 pretio
756 1391 1191 1463 redemptionis
1239 1397 1504 1463 accepto,
1535 1407 1598 1446 se
1629 1389 1877 1445 cadaver
1920 1387 2044 1443 suis

376 1478 751 1534 redditurum
787 1481 1020 1536 annuit.
1083 1483 1329 1553 Accepit
1383 1486 1583 1537 autem
1650 1494 1886 1548 aurum,
1948 1493 2041 1532 ar.

379 1575 623 1638 gentum
678 1574 739 1624 et
792 1570 1047 1625 vestium
1125 1576 1389 1641 partem:
1449 1569 1682 1640 reliqua
1729 1567 2043 1639 Polyxenia

378 1655 639 1712 donavit.
675 1657 911 1714 Priamo
957 1666 1206 1733 urgente
1236 1666 1303 1715 ut
1342 1658 1601 1715 Achilles
1632 1659 1786 1714 hanc
1838 1671 2041 1712 secum

376 1761 621 1802 manere
671 1753 996 1819 pateretur,
1055 1749 1310 1804 Achilles
1340 1750 1401 1803 in
1431 1764 1697 1820 praseus
1728 1762 1861 1802 eam
1891 1744 2044 1800 reti-

1750 359 2065 421 GEOltGll
2112 359 2453 422 CEDRENI

388 498 504 569 ipsi
535 498 597 554 in
631 498 875 558 Achillis
904 498 1154 571 ingressi
1204 498 1525 555 tentorium
1584 495 1929 551 obtinerunt
1970 499 2031 548 ut

2150 495 2434 569 πολυτελῇ
2522 488 2708 551 λαϐὼν
2793 490 2851 548 δὶ
2923 493 3011 549 καὶ

3700 365 3824 428 260

3117 496 3217 564 τὴν
3300 496 3564 572 θυγατέρα
3642 497 3826 572 Πολυ-

2152 592 2302 664 ξένην
2380 568 2561 655 εὕειδῆ
2636 583 2901 658 παρθένον
2982 582 3072 638 καὶ
3150 568 3545 661 Ἀνδρομάχην
3589 568 3820 661 γυίαῖκει

2149 677 2522 739 Ἀστυάνακτά
2578 696 2636 731 τε
2701 672 2813 729 ’καὶ
2882 671 3235 746 Λαομέδοντα
3324 675 3558 746 νηπίους
3644 677 3820 745 αὐτῆς

2150 768 2366 838 παῖδας,
2398 770 2499 837 ἧκε
2526 763 2816 837 τολμήσας
2858 762 2935 825 είς
2998 764 3161 836 μέσον
3214 768 3323 819 τῶν
3379 764 3669 840 ἡγεμόνων
3706 769 3815 822 τῶν

2152 858 2465 929 Ἑλλήνων,
2549 854 2643 910 καὶ
2714 853 2918 914 πάντας
3002 851 3205 908 ἱκέτευε
3271 850 3817 928 προκυλινδούμενος

2152 949 2328 1009 ἱκέτας
2368 945 2464 1001 σὺν
2524 943 2674 1015 αὐτῷ
2722 942 2859 1015 πρὸς
2919 940 3191 1015 Ἀχιλλέα
3247 940 3490 1018 γενέσθαι
3528 945 3626 997 τοῦ
3683 941 3816 998 ἀπο-

2150 1035 2532 1111 λυτρώσασθαι
2560 1032 2625 1087 τὸ
2658 1035 2818 1103 σῶμα
2844 1034 2942 1085 τυῦ
2999 1030 3283 1105 Ἕκτορος.
3341 1030 3438 1085 Καὶ
3496 1051 3559 1106 γε
3615 1029 3815 1103 ᾠκτεί.

2153 1147 2321 1204 ρησαν
2357 1121 2715 1196 ἐκπλαγέντες
2746 1122 2830 1193 [Ρ.
2866 1121 2991 1192 128]
3048 1120 3149 1188 τήν
3203 1118 3416 1193 τόλμαν
3469 1122 3567 1175 τοῦ
3622 1118 3819 1194 γέρον-

2148 1235 2243 1280 τος
2291 1215 2522 1288 Νέστωρ
2599 1211 2692 1267 καὶ
2779 1206 3097 1273 ἰδομενεύςο
3160 1205 3220 1264 οἴ
3269 1209 3358 1266 καὶ
3413 1207 3815 1284 προσελθόντες

2155 1304 2406 1379 Πριάμου
2445 1301 2521 1364 εἷς
2574 1301 2678 1370 τὴν
2738 1288 2943 1370 σκηνὴν
3001 1295 3360 1368 ἑδυσώπησαν
3418 1297 3511 1355 καὶ
3569 1297 3816 1372 Πρίαμον

2152 1393 2437 1452 εἰσελθεῖν.
2479 1393 2580 1453 Ὃς
2633 1390 2786 1446 κόνιν
2835 1388 2973 1446 κατὰ
3025 1385 3269 1461 κεφαλῆς
3331 1383 3476 1462 ἔχων
3536 1383 3650 1459 ἅμα
3700 1387 3818 1446 Ἀν-

2151 1481 2411 1561 δρομὰχῃ
2491 1480 2584 1537 καὶ
2651 1484 2767 1540 τοῖς
2822 1477 3005 1535 παισὶν
3059 1476 3146 1534 ἰπὶ
3199 1477 3498 1551 πρόσωπον
3552 1473 3809 1539 πέσοντες

2149 1571 2229 1636 εἷς
2256 1559 2555 1648 τοῦδαφος,
2592 1566 2855 1645 μεγάλαις
2891 1559 3165 1623 κατεϐόων
3228 1563 3643 1639 οἴκτειρηθῆναι
3698 1585 3814 1640 φω-

2148 1668 2289 1727 ναῖς.
2372 1660 2650 1733 Πολυξένη
2748 1655 2805 1717 δὶ
2873 1658 2996 1719 τοῖς
3050 1654 3363 1732 Ἀχιλλέως
3417 1653 3815 1725 περιπλακεῖσα

2148 1754 2276 1808 ποσὶ
2327 1751 2453 1825 περὶ
2525 1754 2627 1806 τοῦ
2686 1744 2925 1825 ἀδελφοῦ
2984 1745 3151 1816 αὐτῆς
3199 1747 3464 1819 Ἕκτορος
3514 1741 3814 1818 διωλύγιον

374 1852 519 1891 nere
548 1837 760 1904 noluit,
790 1838 910 1893 alio
934 1855 997 1893 se
1018 1845 1399 1911 recepturum
1432 1854 1563 1907 eam
1585 1844 1851 1909 tempore
1885 1836 2031 1893 απ

374 1926 722 1946 ,μμεηη-
798 1927 875 1946 ν.-
934 1929 974 1946 π
1014 1928 1057 1946 .,
1300 1944 1388 1946 κη
1805 1931 1852 1946 Α.

2150 1841 2351 1898 ἱκέτευε
2379 1843 2698 1915 κεκραγυῖα,
2733 1837 2915 1911 μένειν
2943 1855 3003 1891 τε
3042 1836 3134 1893 σὺν
3167 1834 3320 1908 αὖτῷ
3374 1834 3462 1891 καὶ
3533 1831 3811 1891 δουλεύειν

2149 1930 2163 1946 ιε
2356 1928 2414 1946 κει
2517 1928 2528 1946 ι
2717 1924 2731 1942 θ
2796 1926 2816 1946 ι
2873 1921 2963 1946 κδ·-
3037 1924 3085 1946 μὶ
3204 1923 3368 1946 ,____!,_
3439 1922 3500 1946 ns
3564 1919 3616 1946 ex
3684 1921 3807 1946 ---ξ

373 1926 748 1996 promittens.
798 1927 886 1981 Ita
932 1928 1204 1983 Priamus
1263 1944 1398 1984 cum
1456 1926 1738 1983 cadavere
1799 1931 1857 1981 et
1913 1926 2031 1980 suis

2145 1928 2629 2007 ἰπαγγελλομένη,
2691 1924 2737 1982 εἰ
2786 1921 2978 1999 ἀποδῷ
3032 1924 3126 1982 τὸν
3183 1923 3389 1998 νεκρόν.
3439 1922 3506 1980 Οἳ
3560 1919 3619 1977 δι
3682 1921 3812 1995 περὶ

375 2015 655 2071 omnibus
675 2015 856 2071 rediit
884 2016 1125 2073 domum
1153 2034 1166 2085 ;
1192 2018 1524 2089 Hectorque
1554 2018 1825 2089 ploratus
1854 2016 2037 2073 abun-

371 2102 467 2171 de,
499 2105 671 2158 etuti
705 2105 927 2160 assolet
975 2112 1295 2176 crematus,
1338 2111 1504 2163 extra
1550 2106 1759 2161 urbem
1819 2110 1909 2161 est
1941 2121 2033 2159 se.

370 2193 593 2263 pultus.
629 2195 778 2248 Dum
812 2194 941 2249 haec
970 2194 1043 2250 de
1084 2197 1332 2251 Hectore
1374 2196 1545 2261 ﬁunt,
1582 2195 1824 2250 interim
1858 2201 2034 2249 Ama-

369 2298 478 2336 zon
510 2282 888 2338 Penthesilea
920 2299 991 2339 ex
1023 2285 1298 2355 opposita
1317 2284 1686 2340 Cherroneso
1719 2283 1920 2355 copias
1952 2284 2037 2337 vi-

372 2384 580 2424 rerum
616 2385 685 2423 ac
717 2369 1145 2425 Amazonidum
1179 2370 1407 2425 ducens
1437 2370 1679 2426 advenit
1728 2371 1914 2435 Quam
1945 2387 2036 2425 co-

374 2457 540 2529 gnita
566 2458 834 2513 Hectoris
865 2466 1055 2516 morte
1104 2460 1481 2517 retrocedere
1530 2466 1847 2515 conantem
1872 2458 2035 2514 Paris

376 2562 588 2618 magna
613 2546 665 2600 vi
697 2548 828 2603 auri
859 2547 1138 2606 donatam
1171 2549 1446 2604 detinuit.
1500 2552 1580 2605 Ea
1625 2555 1760 2621 post
1813 2565 2034 2621 paucos

372 2635 499 2690 dies
516 2636 579 2691 in
610 2652 883 2708 campum
903 2638 1127 2708 prmliis
1151 2638 1513 2695 destinatum
1545 2641 1746 2711 copias
1766 2638 2031 2709 deduxit,

364 2727 556 2799 iisque
586 2728 649 2783 in
673 2728 820 2785 duas
840 2737 1037 2801 partes
1068 2731 1272 2786 divisis
1290 2748 1324 2786 a
1345 2731 1553 2787 dextro
1582 2731 1768 2789 latere
1800 2731 2035 2803 sagitta-

357 2818 480 2872 rios
511 2819 846 2886 constituit,
880 2820 941 2874 in
972 2820 1123 2875 laevo
1156 2821 1350 2892 gravis
1408 2824 1729 2877 armatura)
1787 2820 2029 2886 milites,

364 2906 570 2976 plures
600 2908 834 2977 pedites
855 2925 1033 2978 quam
1082 2910 1349 2980 equites:
1411 2910 1541 2981 ipsa
1596 2910 1670 2965 ad
1702 2909 1935 2981 signum
1969 2909 2032 2963 in

366 2996 564 3051 medio
595 2998 865 3067 equitum
889 3000 1175 3057 constitit.
1196 3000 1526 3054 Commissa
1548 3015 1748 3072 pugna
1775 2999 2030 3069 aliisque

367 3085 518 3140 alios
550 3086 937 3153 credentibus,
996 3088 1261 3143 Achilles
1320 3088 1763 3144 Penthesileam
1815 3090 2032 3143 acriter

363 3173 737 3245 praeliantem
787 3177 957 3232 hasta
1000 3193 1153 3248 equo
1176 3177 1458 3243 detrusit;
1485 3194 1663 3249 quam
1688 3177 2029 3233 crinibusin

363 3264 785 3320 Scamandrum
811 3272 1170 3336 protractam
1198 3268 1652 3322 sut‘t‘ocaverunt.
1679 3264 2022 3337 Oppidanos
2052 3253 2096 3317 (Σ

361 3353 573 3425 Ajaces
601 3353 734 3409 loco
751 3355 1112 3426 pepulerunt
1136 3373 1149 3421 ;
1176 3356 1257 3411 ita
1284 3361 1355 3411 ut
1382 3356 1445 3410 in
1476 3356 1688 3410 urbem
1720 3356 1857 3427 fuga
1877 3355 2033 3411 facta

362 3448 565 3512 portas
626 3443 981 3515 objecerint.
1034 3445 1318 3515 Reliquos
1375 3445 1557 3500 Graeci
1614 3445 1781 3517 juxta
1829 3461 2031 3500 muros

365 3531 660 3600 persecuti
696 3530 1144 3587 interfecerunt.
1182 3532 1572 3588 Amazonibus
1606 3538 1805 3588 autem
1838 3532 2030 3587 absti-

363 3625 576 3673 nentes
599 3619 926 3674 secundum
950 3637 1204 3692 pugnam
1227 3638 1326 3675 eas
1356 3621 1608 3676 vinculis
1630 3621 1865 3692 injectis
1889 3621 2033 3675 divi-

364 3713 591 3762 serunt.
629 3709 728 3763 His
761 3710 908 3763 actis
933 3710 1107 3764 multi
1141 3709 1293 3774 Indi,
1327 3711 1557 3781 equites
1589 3727 1657 3766 ac
1687 3711 1939 3782 pedites,
1973 3718 2031 3765 et

359 3797 670 3852 Pbmnices
702 3797 1165 3865 bellicosissimi,
1199 3815 1334 3854 cum
1368 3800 1603 3872 regibus
1656 3799 1779 3855 suis
1838 3800 2030 3855 classe

359 3885 738 3957 appulerunt,
773 3903 807 3941 a
839 3888 1068 3958 priamo
1088 3888 1160 3942 ad
1194 3888 1471 3943 ferendas
1494 3889 1797 3960 suppetias
1828 3888 2024 3944 exciti.

362 3980 549 4033 Tanta
579 3984 776 4034 autem
829 3985 958 4035 erat
987 3980 1329 4046 multitudo,
1364 3987 1429 4035 ut
1473 3998 1575 4036 eos
1604 3997 1798 4052 neque
1852 3982 2026 4036 llium

358 4083 554 4138 neque
587 4069 832 4123 omnino
864 4086 1111 4140 campus
1128 4069 1435 4125 universos
1467 4075 1723 4141 caperet.
1764 4072 1821 4124 ln
1847 4086 2026 4140 quem

362 4155 625 4211 universi
657 4173 779 4212 una
819 4173 957 4212 cum
1015 4158 1309 4229 Trojanis,
1372 4159 1685 4214 Memnone
1742 4156 2025 4212 Indorum

359 4263 518 4319 rege,
548 4247 707 4317 quod
730 4248 782 4302 is
803 4248 1259 4319 potentissimus
1290 4254 1419 4303 erat
1433 4254 1612 4318 atque
1638 4247 2023 4306 bellicosissi-

360 4351 516 4401 mus,
552 4335 805 4391 ducente
839 4337 1132 4407 exierunt,
1169 4337 1323 4392 220
1356 4340 1486 4408 Ipse
1518 4339 1790 4392 Memnon
1824 4337 2025 4410 splen-

359 4424 496 4479 dide
528 4441 704 4480 curru
735 4425 1143 4482 invehebatur.
1188 4425 1633 4497 Obstupuerunt
1664 4427 1869 4486 Graeci.
1902 4426 2024 4497 gla-

355 4512 485 4567 dios
518 4528 804 4584 armaque
856 4519 1172 4568 cernentes
1231 4512 1547 4579 terribilia,
1602 4513 1935 4584 fundasque
1967 4519 2029 4570 et

357 4602 648 4673 quadrata
704 4610 889 4670 scuta,
941 4604 1283 4674 multosque
1339 4604 1643 4675 Ethiopes
1696 4596 2102 4664 horrendosD

363 4690 634 4745 homines
678 4691 995 4748 irruentes.
1057 4691 1167 4746 Sed
1214 4697 1275 4746 et
1319 4691 1556 4761 Trojani
1612 4707 1826 4763 magno
1884 4708 2020 4747 cum

360 4779 622 4835 clamore
681 4785 739 4835 et
800 4781 957 4835 saltu
1009 4781 1301 4851 impetum
1343 4779 1569 4844 dantes
1624 4780 1917 4851 plurimos
1949 4780 2022 4837 de

361 4869 580 4926 Gracis
600 4870 1055 4926 interﬁciebant.
1090 4870 1293 4940 Itaque
1314 4871 1527 4925 horum
1551 4870 1734 4926 duces
1749 4870 2020 4926 multitu-

357 4960 516 5015 dinis
536 4958 885 5015 violentiam
900 4975 1019 5014 non
1046 4960 1432 5025 sustinentes,
1459 4959 1533 5015 ad
1556 4975 1735 5016 naves
1764 4976 2026 5016 recesse-

357 5054 499 5105 runt
527 5069 541 5118 ;
578 5065 711 5120 quas
734 5053 794 5104 et
826 5049 954 5121 ipse
988 5055 1113 5104 tum
1147 5047 1403 5105 fuissent
1429 5065 1465 5105 a
1489 5049 1761 5105 barbaris
1789 5066 2021 5107 crema-

354 5145 448 5208 ιω,
472 5139 590 5195 nisi
615 5155 733 5194 nox
751 5139 1178 5210 superveniens
1198 5154 1404 5193 eorum
1424 5144 1701 5195 conatum
1726 5140 2018 5195 inhibuis-

357 5235 466 5285 set.
501 5231 642 5286 Orta
683 5235 860 5284 nocte
918 5228 1101 5284 (irasci
1160 5228 1447 5284 cadavera
1496 5245 1741 5284 suorum
1801 5230 1900 5300 qui
1959 5230 2019 5284 in

356 5320 563 5389 praelio
584 5319 946 5387 ceciderant,
979 5319 1463 5377 combusserunt.
1496 5320 1849 5391 sauciosque
1879 5320 2018 5377 dili-

358 5414 566 5479 genter
594 5415 967 5467 curaverunt.
1030 5409 1113 5463 lbi
1149 5426 1283 5464 cum
1330 5410 1623 5480 primores
1681 5410 2018 5466 Graecorum

359 5498 773 5555 consultarent
800 5498 1079 5571 quisnam
1126 5497 1263 5555 aliis
1284 5499 1443 5554 circa
1493 5497 1643 5554 alios
1692 5501 2018 5573 occupatis,

357 5600 493 5639 cum
526 5586 843 5642 Memnone
874 5604 1119 5645 manum
1152 5603 1465 5645 conserere
1498 5586 1764 5655 auderet,
1797 5589 1855 5645 id
1886 5608 2020 5647 mu-

354 5674 708 5745 nerisAjaci
762 5675 1099 5731 Telamonis
1159 5678 1281 5732 ﬁlio
1351 5684 1507 5732 sorte
1576 5677 1802 5750 obtigit.
1864 5685 2016 5739 Ante

2142 2020 2236 2076 τὸν
2282 2018 2547 2093 Νέστορα,
2595 2016 2860 2089 οἰκτεῖραι
2916 2013 2978 2070 τὸ
3027 2019 3202 2089 γῆρας
3258 2011 3409 2083 ἡξίον
3467 2012 3558 2069 καὶ
3616 2009 3811 2080 ἐλεεῖν,

2147 2109 2243 2166 Καὶ
2275 2107 2505 2164 πολλῶν
2556 2106 2608 2177 ἐξ
2674 2105 2999 2181 ἀμφοτέρων
3050 2100 3377 2171 κινηθέντων
3435 2097 3618 2176 λόγων
3653 2100 3809 2172 δμως

2144 2201 2393 2255 ὶπένευσε
2460 2196 2633 2269 λύτρα
2690 2189 2886 2252 λαϐεῖν
2938 2192 3030 2248 καὶ
3086 2192 3180 2249 τὸν
3234 2192 3425 2265 νεκρὸν
3471 2195 3591 2253 τοῖς
3649 2186 3809 2251 ἰδίοις

2143 2292 2521 2364 παραχωρεῖν.
2552 2286 2659 2343 Τὸν
2693 2284 2903 2360 χρϋσὸν
2938 2280 3030 2338 οὖν
3082 2281 3174 2339 καὶ
3201 2282 3292 2338 τὸν
3325 2278 3559 2356 ἄργυρον
3590 2279 3679 2335 καὶ
3709 2282 3811 2335 τοῦ

2143 2378 2447 2453 ἱματισμοῦ
2482 2374 2643 2451 μέρος
2672 2369 2858 2430 λαϐὼν
2885 2370 3068 2429 τᾶλλα
3097 2371 3384 2447 χαρίζεται
3412 2373 3481 2443 τῇ
3504 2366 3800 2440 Πολυξένη.

2142 2468 2392 2543 Πρίαμος
2418 2463 2475 2520 δὲ
2502 2465 2591 2520 καὶ
2625 2463 2791 2531 αὐτὴν
2819 2462 2948 2538 παρ’
2979 2460 3128 2533 αὐτῷ
3182 2456 3536 2533 κατελιπάρει
3595 2457 3799 2543 λιπεῖνο

2141 2542 2207 2615 Ὁν
2236 2556 2294 2614 δὲ
2324 2556 2401 2621 εἷς
2428 2553 2602 2612 ἄλλον
2634 2558 2799 2610 τοῦτο
2858 2548 2989 2625 δρᾷν
3043 2548 3314 2625 ὑπέσχετο
3364 2546 3571 2622 καιρόν.
3629 2546 3689 2601 ⁸0
3748 2542 3809 2601 δὶ

2140 2669 2201 2723 γε
2232 2646 2482 2719 Πρίαμος
2512 2644 2604 2703 καὶ
2635 2642 2729 2698 τὸν
2760 2640 2951 2715 νεκρὸν
2981 2638 3074 2695 καὶ
3101 2638 3228 2700 τοὺς
3252 2638 3347 2695 σὺν
3396 2636 3549 2707 αὐτῷ
3600 2633 3807 2694 πάντας

2141 2735 2363 2810 έπανῂει
2396 2734 2606 2809 λαχὼν,
2668 2730 2726 2787 ὅν
2786 2730 3145 2803 ἀποχρῶντος
3194 2728 3553 2795 πενθήσαντες
3609 2723 3700 2779 καὶ
3733 2724 3810 2785 ὡς

2140 2825 2296 2899 θέμις
2335 2825 2713 2901 τεφρώσαντες
2772 2815 2876 2890 ἔξω
2913 2822 3011 2875 τοῦ
3060 2818 3287 2893 τείχους
3342 2815 3807 2880 καταθάπτουσιν.

2140 2916 2228 2972 Ἑν
2260 2913 2376 2987 ὅσῳ
2428 2910 2488 2969 δὲ
2531 2916 2702 2970 ταῦτα
2751 2909 2879 2985 περὶ
2925 2909 3020 2967 τὸν
3068 2909 3309 2981 Ἕκτορα
3368 2901 3807 2977 διῳκονόμηται,

2138 3003 2227 3060 καὶ
2261 3000 2378 3058 ἰδοὺ
2406 3004 2442 3071 ἡ
2485 2999 2737 3074 ’Δμαζὼν
2797 2996 3147 3056 Πενθεσίλεια
3192 2994 3253 3049 ἐκ
3308 2992 3659 3070 Χερρονήσου
3701 2998 3805 3061 τῆς

2140 3087 2426 3166 ἀντιπέρας
2449 3089 2640 3162 πλήθη
2696 3087 2957 3166 γενναίων
3020 3082 3234 3162 ἀνδρῶν
3274 3084 3366 3140 καὶ
3424 3078 3798 3156 Ἀμαζονίδων

2138 3183 2267 3253 ἧκεν
2315 3179 2624 3255 ἐπαγομένη
2662 3222 2675 3235 .
2737 3181 2940 3235 Γνοῦσα
2997 3174 3056 3234 δὲ
3100 3176 3168 3231 τά
3225 3173 3365 3232 κατᾶ
3418 3173 3508 3229 τὸν
3558 3175 3798 3248 Ἕκτορα

2136 3268 2487 3345 ὑποστρέφειν
2521 3268 2794 3341 ἐπειρᾶτο.
2828 3267 3001 3339 Πάρις
3035 3261 3093 3320 δέ
3121 3263 3323 3330 ταύτην
3354 3259 3557 3331 πολλῷ
3606 3262 3798 3339 χρυσῷ

2140 3368 2319 3433 μεῖναι
2364 3357 2563 3416 πείθει.
2626 3358 2699 3416 ’Ἡ
2759 3356 2875 3429 μετ’
2925 3352 3118 3429 ὀλίγας
3179 3350 3391 3427 ἡμέρας
3445 3347 3796 3423 ὀπλισαμένη

2136 3448 2223 3504 ἐπὶ
2253 3449 2316 3503 τὸ
2342 3445 2646 3520 πολεμικὸν
2716 3441 2946 3503 δάπεδον
3003 3441 3198 3517 είσῄει.
3248 3446 3393 3519 Διχῆ
3448 3435 3507 3494 δὲ
3534 3439 3627 3493 τὸν
3696 3436 3801 3492 αὖ·-

2134 3546 2233 3606 τῆς
2268 3535 2526 3593 διελοῦσα
2553 3534 2801 3609 στρατὸν,
2833 3532 2926 3588 καὶ
2974 3531 3026 3587 ἐν
3080 3528 3225 3602 δεξίᾷ
3286 3530 3382 3603 μὶν
3440 3528 3609 3598 αὐτῆς
3668 3527 3795 3589 τοὺς

2132 3627 2377 3699 τοξότας,
2426 3631 2507 3698 τῷ
2570 3624 2713 3697 λαιῷ
2770 3620 2827 3679 δὲ
2887 3615 3036 3699 μέρει
3094 3619 3226 3682 τοὺς
3284 3616 3515 3680 ὁπλίτας
3572 3614 3797 3686 πεζοὺς,

2134 3716 2358 3780 πλείους
2388 3720 2497 3771 τῶν
2530 3715 2741 3769 ἱππέων
2796 3712 2970 3778 ὄντας,
3030 3708 3293 3779 ἐκσάξασα
3351 3709 3386 3778 ἠ
3448 3704 3798 3764 Πενθεσίλεια

2138 3802 2298 3881 μέσον
2355 3809 2463 3860 τῶν
2522 3802 2729 3860 ἱππέων
2786 3802 2853 3871 ἦν
2912 3799 2963 3855 ἐν
3012 3804 3092 3873 τῷ
3146 3799 3334 3872 σίγνῳ·
3395 3797 3486 3852 καὶ
3544 3792 3795 3868 πολέμου

2134 3880 2329 3953 λοιπὸν
2370 3880 2727 3968 κροτηθέντος
2785 3886 2951 3946 ἄλλοι
3012 3889 3109 3962 μὲν
3158 3885 3366 3949 ἄλλους
3424 3883 3794 3941 ἀπεκτίννυον.

2131 3984 2436 4061 Ἀχιλλεὺς
2470 3979 2527 4038 δι
2558 3982 2658 4053 τήν
2711 3976 3059 4036 Πενθεσίλεαν
3113 3975 3301 4053 δόρατι
3352 3977 3564 4051 πικρῶς
3613 3992 3795 4050 μαχοο

2136 4073 2299 4147 μένην
2331 4071 2564 4149 κρούσας
2595 4076 2693 4127 τοῦ
2721 4070 2899 4124 ἳππου
2932 4061 3290 4122 καταϐάλλει·
3334 4066 3399 4137 ἢν
3456 4070 3556 4132 τῆς
3607 4062 3793 4137 κόμης

2133 4162 2460 4223 ἑλκύσαντες
2516 4164 2595 4231 τῷ
2662 4155 3010 4233 Σκαμάνδρῳ
3095 4154 3451 4228 ἐναπεπνιξμν
3533 4155 3791 4225 ποταμῷ,

2130 4253 2268 4315 Τοὺς
2300 4252 2529 4311 πολίτας
2572 4245 2620 4303 δ’
2651 4250 2717 4303 αὖ
2769 4246 2996 4324 ἔτρεψαν
3057 4246 3108 4302 οἱ
3167 4243 3415 4305 Αἴαντεςσ
3473 4241 3562 4297 καὶ
3612 4239 3797 4296 εἴσελ-

2132 4343 2316 4403 θὸντες
2344 4337 2590 4396 ἔκλεισαν
2622 4337 2717 4400 τὰς
2749 4337 2949 4400 πύλας.
3010 4335 3078 4393 Οἱ
3111 4332 3301 4389 λοιποί⁵
3334 4329 3391 4390 δὲ
3420 4336 3528 4388 τῶν
3582 4327 3795 4400 Ἐλλή-

2129 4453 2235 4487 νων
2287 4428 2415 4491 τοῦς
2470 4424 2917 4505 περιλειφθέντας
2984 4423 3106 4499 περὶ
3162 4423 3225 4479 τὸ
3284 4427 3471 4497 τεῖχος
3531 4418 3794 4474 ἀπεκτίν-

2129 4542 2287 4575 νυσαν
2347 4515 2756 4580 ἐπιδιώκοντες·
2824 4520 2935 4571 τῶν
2987 4512 3300 4586 Ἀμαζόνων
3358 4507 3415 4565 δὲ
3471 4508 3797 4585 ἀποσχόμε-

2131 4632 2235 4681 νοι,
2281 4609 2415 4682 μετᾶ
2444 4607 2535 4662 τὸν
2582 4602 2831 4679 πόλεμον
2885 4604 2913 4659 ὁ
2972 4602 3200 4677 πρατὸς
3249 4598 3447 4662 ταύτας
3494 4594 3799 4671 δεσμεόσας

2132 4697 2443 4773 ἐμερίσατο.
2504 4694 2653 4751 Μετὰ
2707 4697 2877 4750 ταῦτα
2933 4688 3097 4750 Ἰνδοὶ
3150 4687 3361 4745 πολλοὶ
3418 4683 3655 4773 ἔφιπποι
3701 4686 3799 4741 καὶ

2129 4772 2285 4857 πεζοὶ
2306 4787 2395 4841 καὶ
2426 4783 2678 4841 Φοίτικες
2716 4779 3111 4857 μαχιμώτατοι
3169 4778 3303 4851 μετὰ
3349 4780 3460 4831 τῶν
3516 4772 3798 4850 βασιλέων

2131 4875 2306 4932 αὐτῶν
2334 4878 2392 4929 ἓν
2421 4877 2656 4945 ναυτικῷ
2711 4872 2894 4944 στόλῳ
2952 4866 3327 4946 παρεγένοντο,
3377 4865 3481 4920 ὁπὸ
3538 4862 3797 4938 Πριάμου

2129 4961 2567 5040 προσκληθέντες
2640 4960 2715 5024 είς
2791 4956 3136 5033 συμμαχίαν.
3214 4955 3320 5011 Καὶ
3389 4957 3645 5040 τοσοῦτοι
3703 4951 3797 5040 ⁸τὰ

2130 5036 2320 5125 πλήθη
2349 5052 2487 5122 ἦσαν
2520 5053 2598 5113 ὡς
2642 5052 2785 5124 μήτε
2810 5050 2874 5104 τὸ
2903 5047 3084 5106 Ἴλιον
3147 5045 3278 5117 μήθ’
3307 5041 3440 5098 ὅλον
3468 5042 3531 5097 τὸ
3560 5036 3793 5096 δάπεδον

2132 5143 2332 5207 αὐτοὺς
2391 5146 2599 5221 χωρεῖν
2659 5141 2859 5201 Πάντες
2908 5135 2965 5192 δὶ
3025 5137 3127 5191 ὑπὸ
3193 5135 3484 5208 Μέμνονος
3533 5134 3632 5187 τοῦ
3681 5133 3794 5185 τῶν

2131 5231 2315 5292 Ἰνδῶν
2350 5218 2641 5307 βασιλέως,
2698 5230 2774 5291 ὡς
2832 5225 3210 5283 δυνατωτάτου
3249 5224 3340 5278 καὶ
3398 5218 3794 5292 πολεμικωτά-

2127 5343 2248 5391 του,
2276 5320 2331 5381 οἳ
2380 5316 2883 5395 τεΠριαμίδαικαὶ
2916 5319 3121 5390 Τρῶες,
3177 5312 3268 5368 καὶ
3327 5315 3432 5370 πᾶς
3490 5310 3518 5364 ὁ
3563 5307 3791 5383 στρατὸς

2134 5413 2223 5468 ὑπ’
2245 5411 2410 5466 αὐτοῦ
2442 5408 2863 5480 διαταττόμενος
2894 5403 2973 5480 ἐφ’
3021 5400 3264 5479 ἅρματος
3320 5400 3593 5475 λαμπρῶς
3621 5397 3791 5472 ὀχου-

2133 5500 2327 5576 μένους
2356 5500 2431 5561 εἰς
2462 5500 2524 5557 τὸ
2557 5494 2789 5554 δάπεδον
2816 5494 3055 5569 ἐξῄεσαν.
3108 5491 3427 5563 Ἐεέστησαν
3475 5485 3533 5545 δὶ
3581 5483 3793 5576 Έλλη-

2128 5574 2238 5659 νες,
2268 5590 2393 5669 ξίφη
2425 5588 2518 5644 καὶ
2586 5584 2733 5643 ὅπλα
2783 5580 2991 5661 φοϐερᾶ
3047 5584 3135 5639 καὶ
3168 5579 3427 5659 σφεδόνας
3482 5576 3573 5633 καὶ
3628 5574 3793 5669 cit-crti-

2131 5678 2225 5741 δας
2255 5662 2632 5753 τετραγῶνους
2688 5674 2780 5730 καὶ
2827 5673 3097 5738 Αἰθίοπας
3144 5669 3391 5732 πολλοὺς
3438 5669 3557 5722 κατ’
3613 5662 3791 5719 αὖτῶΑ
