4142 6418
334 322 449 388 36!

1503 318 2049 387 HISTORIARUM
2093 315 2632 381 CONPENDIUM.

3658 321 3779 384 262

338 458 580 532 ὁρῶντες
613 454 907 531 ὁρμῶντας
949 451 1216 534 φοϐεροὺς
1275 458 1363 533 [Ρ.
1395 456 1518 532 129]
1571 455 1661 512 καὶ
1719 449 1999 533 φρικτούς.

2115 451 2258 515 solis
2291 456 2487 507 ortum
2533 451 2745 507 armati
2792 450 2866 505 ad
2917 467 3176 526 pugnam
3227 453 3544 509 exiverunt
3588 456 3779 511 Graeci

354 547 459 608 Καὶ
492 546 544 603 cl
575 546 768 620 Τρῶες
800 542 860 601 δὲ
903 546 999 602 σὺν
1059 546 1163 621 βοῇ
1222 544 1412 622 πολλῇ
1454 545 1544 603 καὶ
1576 543 1814 621 ἂλμασιν
1845 540 2022 598 ἐπιτι-

345 640 566 710 θέμενοι
615 634 912 698 πλείστους
961 634 1198 709 ἀνῄρουν
1241 636 1333 692 καὶ
1383 634 1536 692 αὐτοὶ
1585 639 1693 691 τῶν
1748 633 2017 706 Ἀχαιῶν,

345 728 413 784 Οἱ
444 724 718 800 ἡγεμύνες
777 722 840 780 δὲ
893 726 994 797 τήν
1058 724 1178 802 βίαν
1234 729 1333 782 τοῦ
1386 725 1634 797 πλήθους
1670 723 1731 779 οὐ
1763 720 2018 797 φέροντες

347 816 678 892 ὑπεχώρουν
714 814 851 890 πρὸς
887 814 989 877 τὰς
1045 820 1195 886 ναῦς,
1230 813 1290 878 ἃς
1348 813 1438 871 καὶ
1472 813 1633 877 αὐτὰς
1667 812 1719 868 οἱ
1754 804 2019 886 βάρϐαροι

342 908 684 961 κατέκαυσαν
741 898 827 972 ἄν,
879 901 924 959 εἰ
978 904 1055 978 μὴ
1100 903 1188 974 νὺξ
1239 903 1466 961 ἐπιοῦσα
1514 904 1616 972 τήν
1662 899 1837 958 αὐτῶν
1888 918 2017 953 κατα

350 996 510 1073 ἐσχεν
561 995 764 1068 ὁρμήν.
821 992 1244 1070 ’Βπιγενομένης
1313 993 1403 1047 οὖν
1456 998 1556 1061 τῆς
1597 990 1786 1054 νυκτὸς
1815 989 1882 1044 τὰ
1911 991 2018 1042 τῶν

352 1083 712 1161 ἀνῃρημένων
765 1082 1140 1162 τερρώσαντες
1205 1082 1434 1155 σώματα
1518 1079 1608 1137 καὶ
1688 1082 1796 1134 τῶν
1852 1095 2018 1154 τραυ-

354 1177 566 1249 ματιῶν
613 1170 1108 1249 ἆπιμελησάμενοι,
1168 1171 1243 1234 ὡς
1297 1170 1466 1241 εἰκὸς,
1527 1170 1580 1224 οἱ
1638 1164 1850 1244 ἄριστοι
1905 1165 2013 1221 τῶν

353 1263 604 1337 Ἀχαιῶν
656 1254 1049 1318 ὶϐουλεύσαντο
1104 1259 1190 1323 τίς
1253 1258 1313 1316 ἂν
1377 1257 1639 1334 τολμήσῃ
1726 1255 1862 1312 κατὰ
1918 1256 2015 1310 τοῦ

346 1351 637 1427 Μέμνονος
669 1347 886 1426 βαλεῖν,
914 1351 1024 1405 τῶν
1083 1344 1269 1405 ἄλλων
1311 1346 1436 1425 περὶ
1492 1344 1700 1409 ἄλλους
1733 1343 2012 1421 ἀσχολου-

356 1440 561 1515 μένων.
626 1438 942 1514 Κληροῦται
998 1436 1177 1494 τοίνυν
1235 1435 1363 1499 Αἴας
1396 1437 1423 1492 6
1471 1433 1853 1511 Τελαμώνιος.
1913 1433 2013 1489 Καὶ

355 1549 490 1603 πριν
522 1528 682 1598 ἣλιον
741 1525 989 1589 ἀνελθεῖς
1047 1524 1411 1602 ὁπλισάμενοι
1451 1524 1691 1600 ἐξῄεσαν,
1740 1521 2014 1598 Ἕλληνες

346 1622 451 1694 μὲν
486 1623 726 1695 πρῶτοι,
756 1616 912 1680 εὐθὺς
971 1614 1029 1675 δὲ
1066 1616 1155 1673 καὶ
1195 1617 1223 1671 6
1291 1615 1528 1692 Μέμνων
1585 1616 1674 1673 καὶ
1733 1615 1928 1679 πάντες
1959 1613 2011 1670 οἱ

338 1709 435 1764 ὑπ’
486 1706 652 1763 αὐτὸν
700 1710 1046 1784 στρατιῶται.
1080 1703 1281 1763 Ἀλλοι
1333 1706 1427 1779 μὲν
1473 1704 1567 1760 οὖν
1608 1703 1745 1780 πρὸς
1779 1700 2009 1773 ἄλλους,

2126 539 2409 613 primum,
2443 558 2577 595 mox
2610 539 2789 595 etiam
2821 542 3097 596 Memnon
3130 558 3265 596 cum
3297 542 3568 599 universo
3602 560 3775 600 exer-

2124 629 2245 683 citu
2272 629 2355 684 lbi
2390 647 2524 685 cum
2545 629 2647 689 alii
2675 629 2825 687 alios
2847 629 3328 704 aggrederentur,
3365 632 3511 703 Ajax
3543 633 3769 689 Achille

2122 735 2158 776 a
2188 724 2348 793 tergo
2382 720 2575 793 ipsum
2607 721 3002 777 conﬁrmante
3049 723 3423 779 Memnomen
3484 722 3771 779 adoritur.

2122 810 2396 866 Memnon
2428 827 2604 865 curru
2662 809 2973 883 degressus
3005 811 3173 866 hasta
3227 811 3467 884 Ajacem
3502 812 3769 868 tentavit.

2121 896 2232 952 Sed
2263 896 2407 971 Ajax
2429 898 2657 969 primus
2679 915 2836 965 eum,
2872 905 3041 953 sento
3067 899 3254 971 ipsius
3276 899 3610 969 deturbato,
3635 917 3771 975 gra—

2119 985 2268 1041 viter
2295 987 2480 1056 ursit;
2512 1005 2767 1060 cumque
2800 1005 3009 1043 omnes
3043 989 3171 1044 indi
3206 989 3267 1045 in
3300 990 3541 1063 Ajacem
3569 995 3771 1047 essent

2119 1074 2356 1146 intenti,
2417 1076 2680 1132 Achilles
2738 1077 3025 1133 cervicem
3094 1080 3423 1135 Memnonis
3481 1080 3767 1136 nudatam

2117 1167 2286 1225 hasta
2298 1170 2816 1246 trajecit,eumque
2831 1179 3048 1245 prazter
3059 1174 3328 1231 omnium
3347 1191 3513 1248 spem
3526 1174 3767 1231 occidtt.

2117 1257 2259 1315 Inde
2284 1260 2472 1317 eﬂ’usa
2492 1260 2883 1320 barbarorum
2906 1262 3044 1337 fuga
3070 1262 3260 1319 caedes
3277 1270 3454 1337 atque
3487 1263 3766 1337 ejulatus,

2117 1347 2453 1409 ercorum
2487 1357 2694 1408 contra
2726 1351 3040 1408 exsultatio
3081 1359 3360 1425 certaque
3411 1359 3469 1408 et
3516 1353 3768 1410 illustris

2117 1438 2380 1497 victoria.
2416 1442 2573 1499 Tunc
2607 1443 2785 1498 etiam
2820 1441 3174 1515 Polydamas
3204 1443 3561 1500 fortissimus
3616 1444 3766 1500 υτ

2116 1527 2464 1588 Phoenicum
2492 1548 2598 1588 rex
2631 1529 2841 1604 ingens
2866 1532 3036 1588 hasta
3065 1532 3266 1604 Ajacis
3292 1533 3603 1591 confossus
3621 1533 3771 1589 ceci-

2117 1615 2224 1671 dit.
2278 1617 2619 1689 A‘lthioqum
2677 1637 2812 1676 vero
2876 1626 2935 1675 et
2990 1619 3384 1679 barbarorum
3446 1621 3767 1679 ineffabilis

2116 1706 2293 1782 periit
2320 1707 2756 1771 multitudo,ita
2784 1716 2850 1764 ut
2875 1726 3151 1782 campum
3183 1710 3467 1769 cadavera
3497 1712 3771 1788 0ppleve-

333 1800 365 1855 6
402 1794 545 1859 Αἴας
580 1792 640 1851 δὲ
669 1792 989 1871 Ἀχιλλέως
1025 1794 1189 1851 αὑτοῦ
1248 1792 1307 1850 ἐκ
1354 1799 1462 1850 τῶν
1516 1790 1734 1858 ὄπισθεν
1796 1812 2006 1846 συνεπι-

2116 1794 2257 1863 rint,
2290 1812 2423 1852 cum
2456 1796 2684 1871 pedites
2715 1798 2788 1854 ab
2820 1799 3119 1872 equitibus
3153 1801 3370 1857 mirum
3400 1801 3462 1856 in
3520 1802 3765 1859 modum

337 1887 627 1967 σχύοντος
680 1884 815 1940 κατᾶ
852 1888 949 1939 τοῦ
1007 1883 1292 1956 Μέμνονος
1347 1883 1513 1956 ὁρμᾷ.
1564 1882 1792 1954 Νέμνων
1825 1877 1881 1936 δὲ
1906 1883 2004 1935 τοῦ

335 1966 590 2051 ἅρματος
619 1967 859 2037 καταϐὰς
917 1977 995 2049 τῷ
1034 1970 1218 2049 δόρατι
1278 1971 1553 2047 ἐπείραζεν
1614 1966 1832 2028 Αίάντα.
1868 1968 2005 2031 Αἷ¹ας

334 2059 395 2118 δὶ
449 2067 678 2138 πρῶτος
730 2062 828 2131 τήν
886 2059 1057 2118 αὐτοῦ
1126 2061 1455 2137 ἀναστρέψας
1525 2057 1725 2116 ἀσπίδα
1786 2056 2004 2123 ἐπέθετο

344 2155 559 2229 βαρεως
591 2153 761 2228 αὐτῷ’
792 2151 1012 2207 πάντων
1062 2146 1119 2207 δὲ
1165 2155 1271 2206 τῶν
1310 2151 1402 2205 σὺν
1436 2149 1583 2224 αύτῷ
1616 2148 1798 2205 Ἰνδῶν
1837 2170 2006 2224 προσο

351 2244 584 2319 εχύντων
613 2247 694 2316 τῷ
728 2239 944 2309 Αἴαντι,
995 2242 1057 2295 τὸ
1101 2236 1231 2316 δόρυ
1266 2237 1455 2320 βαλὼν
1488 2238 1565 2305 εἰς
1592 2240 1685 2294 τὸν
1722 2239 2008 2312 Μέμνονος

355 2328 631 2409 τράχηλον
686 2332 1044 2407 γυμνωθέντα
1099 2328 1294 2386 κτείνει
1360 2332 1555 2384 τοῦτον
1618 2328 1753 2405 ὑπὲρ
1809 2326 2008 2384 ἐλπίδα

353 2426 522 2476 πᾶσαν
577 2422 606 2476 ὁ
656 2416 983 2497 Ἀχιλλεύς.
1048 2418 1338 2476 Κάντεῦθεν
1405 2414 1692 2495 βαρϐάρων
1745 2417 1838 2493 μὲν
1871 2419 2006 2474 κατὰ

337 2511 541 2585 κράτος
594 2511 745 2589 φυγή
784 2509 876 2565 καὶ
935 2509 1101 2587 φόνος
1152 2508 1243 2564 καὶ
1306 2508 1554 2584 οἰμωγὴ,
1612 2506 1900 2579 Ἑλλήνων
1949 2505 2007 2564 δὲ

333 2599 674 2676 ἀλαλαγμὸς
705 2600 795 2654 καὶ
826 2598 950 2670 νίκη
1011 2598 1422 2677 ἆναμιρήριστος
1481 2598 1571 2653 καὶ
1630 2596 1883 2673 λαμπρά,
1915 2598 2005 2655 ’ὀτε

335 2689 431 2743 καὶ
463 2684 800 2765 Πολυδάμας
833 2688 860 2743 6
891 2692 998 2744 τῶν
1033 2688 1301 2744 Φοινίκων
1324 2684 1712 2760 άλκι;.ι.ώτατος
1746 2685 2003 2763 βασιλεὺς

331 2782 422 2851 τῷ
481 2775 717 2841 Αἴαντος
769 2774 956 2855 δόρατι
1017 2775 1107 2833 τὸν
1164 2770 1418 2854 βαυϐὦνα
1469 2775 1744 2847 κεντηθεῖς
1790 2774 2001 2833 πίπτει.

332 2867 622 2929 Αἲθιόπων
680 2889 739 2923 τε
792 2868 886 2923 καὶ
964 2861 1253 2947 βαρϐάρων
1333 2866 1614 2941 ἀμύθητος
1673 2865 1838 2941 ἐσμὸς
1892 2864 2004 2920 ἐκεῖ

332 2959 586 3029 θνήσκει,
615 2956 691 3021 ὡς
719 2956 1030 3028 πλησθῆναι
1088 2957 1152 3012 τὸ
1211 2953 1444 3014 δάπεδον
1495 2958 1722 3031 νεκρῶν,
1758 2954 1862 3009 ὑπὸ
1892 2959 1999 3009 τῶν

326 3045 550 3101 ἱππέων
584 3042 776 3109 δεινῶς
823 3051 931 3101 τῶν
982 3048 1159 3117 πεζῶν
1210 3042 1682 3121 συμπατουμένων
1729 3045 1819 3101 καὶ
1851 3044 1999 3099 ἀναι-

327 3134 642 3211 ρουμένων.
712 3134 866 3193 Μετᾶ
921 3139 1089 3191 ταῦτα
1142 3134 1269 3199 τοὺς
1324 3137 1520 3207 Τρῶας
1576 3133 1894 3210 Ἀχιλλέως
1923 3133 2000 3197 είς

329 3224 590 3299 πόλεμον
620 3223 1131 3299 προσκαλουμὲνου,
1192 3224 1454 3302 ἄρχοντες
1509 3221 1739 3294 ἐξῆλθον
1773 3224 1800 3279 6
1834 3225 2001 3299 Πάρις

334 3313 429 3370 καὶ
461 3309 741 3394 Δηίφοϐος
793 3312 903 3368 υἲοὶ
964 3313 1236 3391 Πριάμου,
1292 3313 1383 3369 καὶ
1441 3313 1493 3368 οἱ
1548 3310 1774 3394 άδελφοῖ
1807 3312 2003 3369 τούτου

340 3403 602 3480 ’Τρωίλος
655 3404 747 3461 καὶ
807 3405 1058 3472 Λυκάων,
1138 3404 1234 3461 σὺν
1289 3409 1371 3480 τῷ
1427 3404 1610 3478 λοιπῷ
1676 3404 1836 3461 πάντὶ
1892 3409 2000 3461 τῶν

336 3503 552 3577 Τρώων
614 3507 847 3578 στρατῑξν
921 3504 1014 3567 οῧς
1072 3500 1375 3580 Ἀχιλλεὺς
1435 3504 1572 3581 μετὰ
1606 3506 1714 3558 τῖον
1746 3524 2001 3558 συνασπι-

335 3590 584 3663 ζομένων
638 3592 792 3664 αὐτῷ
852 3594 1089 3669 Ἀχαιῶν
1148 3592 1484 3670 amatam-Bia;
1513 3591 1640 3656 τοὺς
1677 3592 1769 3668 μὶν
1804 3597 2002 3663 ζῶντας

334 3679 476 3749 εἷλε,
522 3680 651 3745 τοὺς
706 3678 764 3737 δὲ
818 3681 893 3745 εἰς
946 3685 1036 3739 τὸν
1095 3682 1449 3762 Σκάμανδρον
1510 3684 1758 3759 ποταμὸν
1820 3684 2004 3740 ἐνοιπὲ-

330 3770 513 3842 πνιξε,
547 3770 801 3843 Τρωῖλον
861 3768 920 3828 δὲ
971 3772 1061 3827 καὶ
1122 3775 1372 3831 Λυκάονα
1423 3773 1625 3832 ἀνεῖλε.
1660 3772 1810 3831 Μετᾶ
1838 3778 2004 3830 ταῦτα

329 3860 533 3929 ἁνεστη
592 3863 627 3930 ἡ
689 3864 798 3916 τῶν
851 3861 1216 3935 ἀναθημάτων
1276 3862 1463 3938 ἑορτή,
1514 3863 1722 3939 ἀνοχὴν
1771 3861 2006 3942 φέρουσα

329 3947 619 4021 πολέμου,
652 3947 744 4005 ὅτε
773 3946 841 4021 δὴ
873 3950 1090 4005 πάντων
1141 3950 1192 4006 ἐν
1248 3951 1439 4028 εἰρήνῃ
1474 3953 1711 4008 θυόντων
1743 3956 1821 4024 τῷ
1854 3960 2002 4027 Guyu-

327 4034 516 4115 ϐραὲῳ
544 4037 894 4112 Ἀπόλλωνι,
953 4048 1169 4097 Δαναῶν
1219 4044 1311 4097 καὶ
1368 4044 1590 4122 Τρώων,
1653 4043 1706 4097 ἐν
1765 4048 1844 4116 τῷ
1900 4043 2004 4100 άπὸ

328 4132 540 4203 μικροῦ
595 4135 694 4201 τῆς
754 4127 975 4195 πολεως
1046 4129 1223 4203 ἃλσει,
1308 4130 1633 4205 ἐξελθούσης
1693 4133 2007 4209 Πολυξένης

327 4217 471 4291 μετᾶ
500 4220 602 4284 τῆς
628 4224 737 4289 μῆς
767 4221 979 4297 μητρὸς
1003 4215 1243 4293 Ἑκάϐης
1275 4221 1353 4286 εἷς
1382 4223 1446 4279 τὸ
1476 4223 1621 4296 ἱερὸν
1652 4225 1680 4279 6
1708 4222 2005 4302 Ἀχιλλεὺς

324 4305 541 4377 ταύτην
572 4306 873 4383 ἐθαύμασεν
930 4307 1084 4367 ἰδών.
1149 4311 1440 4386 Ἐωρακὼς
1497 4309 1554 4367 δὲ
1581 4314 1608 4368 6
1641 4312 1887 4390 Πρίαμος
1915 4315 2006 4371 τὸν

335 4392 645 4472 Ἀχιλλέα,
695 4399 902 4474 πέμπει
956 4399 1050 4455 τὸν
1110 4396 1309 4456 Ἰδαῖον
1368 4402 1506 4479 πρὸς
1561 4401 1721 4458 αὐτὸν
1769 4402 1820 4458 ἐν
1852 4402 2005 4460 ἄλσει

340 4485 578 4564 φέροντα
607 4482 809 4565 λόγους
866 4486 989 4562 περὶ
1047 4486 1377 4562 Πολυξένης.
1435 4492 1640 4550 Τοῦτον
1689 4489 2007 4565 ἰδιαζόντως

330 4573 648 4648 ὁμιλούντα
702 4581 783 4649 τῷ
843 4575 1109 4656 Ἀχιλλεῖ
1163 4575 1272 4634 τῶι
1336 4578 1620 4653 Ἑλλήνων
1688 4582 1740 4636 οἱ
1798 4584 2010 4658 ἄριστοι

324 4661 570 4734 ἰδόντες,
601 4661 694 4718 καί
738 4660 1150 4742 θορυϐηθέντες,
1192 4665 1395 4727 Αἴαντα
1450 4670 1541 4725 καὶ
1598 4669 1855 4745 Διομήδη
1910 4673 1997 4728 καὶ

326 4749 597 4807 Ὀδυσσέα
623 4753 927 4829 πέμπουσι,
974 4759 1051 4829 μή
1103 4753 1407 4813 ἐπιδιδόναι
1440 4765 1850 4840 παρεγγυῶντες
1886 4767 2003 4829 τοῖς

332 4834 669 4926 βαρϐάροις,
706 4838 848 4919 μηδὲ
877 4844 1147 4902 πιστεύειν
1207 4847 1394 4903 ἑαυτὸν
1454 4853 1572 4912 τοῖς
1596 4834 1865 4926 Ῠὲχθροῖς.
1901 4851 2001 4912 Καὶ

327 4927 492 4984 αὖτοὲ
526 4924 717 5005 ἔμενον
747 4929 849 5007 ἔξω
880 4938 976 4989 τοῦ
1013 4933 1239 5006 ἄλσους,
1290 4933 1647 5015 ἐκδεχομενοι
1675 4924 1769 4994 τὸν
1803 4936 2005 5015 Ἀχιλ-

326 5015 450 5103 λέα,
514 5018 595 5094 ξΡ.
647 5020 777 5095 130]
834 5020 972 5078 ὣστε
1027 5022 1143 5079 κατ’
1203 5019 1343 5079 ἰδίαν
1400 5024 1771 5103 παραγγεῖλαι
1831 5029 1999 5101 αὐτῷ.

326 5093 390 5164 Ὀ
449 5103 498 5162 δ’
551 5108 623 5183 ἦν
686 5111 1078 5186 ὑποσχόμενος
1132 5117 1212 5187 τῷ
1267 5109 1449 5188 Ἰδαίῳ
1498 5115 1633 5189 πρὸς
1688 5115 1863 5192 γάμον
1902 5118 2000 5187 τὴν

328 5193 638 5275 Πολυξένην
706 5195 920 5259 λαϐεῖν·
982 5197 1067 5255 διὸ
1124 5202 1216 5258 καὶ
1271 5203 1604 5279 προσέμενεν
1657 5201 2002 5277 ἐντῷᾶλσει

330 5284 631 5350 ἀναπατῶν.
686 5289 844 5347 Μετὰ
910 5287 1092 5370 βραχὺ
1151 5287 1208 5345 δὲ
1261 5292 1288 5345 6
1345 5292 1511 5368 Πάρις
1543 5292 1635 5349 καὶ
1667 5294 1694 5348 6
1728 5290 2000 5367 Δηίφοϐος

324 5376 466 5455 ἧκον,
523 5379 999 5459 παρακαλοῦντες
1050 5379 1217 5437 αὐτὸν
1273 5379 1438 5453 δῆθεν
1460 5382 1594 5459 περὶ
1649 5388 1749 5439 τοῦ
1797 5383 2002 5460 γάμου.

316 5472 355 5524 0
386 5466 442 5529 δὲ
473 5471 705 5532 φαῦλον
737 5465 926 5545 μηδὲν
960 5468 1231 5528 ὑπονοῶν.
1285 5468 1336 5525 ἐν
1396 5476 1475 5545 τῷ
1506 5476 1605 5528 τοῖ’)
1637 5472 2001 5540 Ἀπόλλωνος

298 5549 463 5635 ἑστὼς
527 5565 677 5643 ἱερῷ
742 5555 1082 5630 κατεδέξατο
1135 5558 1354 5623 αὐτοὺς.
1418 5561 1519 5617 Καὶ
1579 5564 1606 5618 6
1667 5563 1762 5641 μὲν
1826 5565 2002 5641 Πάρις

284 5659 436 5737 ὅρκῳ
466 5657 540 5715 τὰ
598 5647 827 5731 μεταξῦ
886 5646 1215 5727 ἀμφοτέρων
1269 5649 1542 5729 λεγόμενα
1586 5645 1823 5727 βεϐαιῶν
1856 5655 2006 5731 παρὰ

2115 1881 2533 1940 obtererentur
2574 1893 2753 1957 atque
2809 1894 3187 1945 necarentur.
3248 1889 3588 1945 Secundum
3640 1888 3766 1947 haec

2110 1974 2370 2047 Trojani,
2401 1976 2632 2033 Achille
2665 1994 2766 2033 eos
2797 1976 2871 2033 ad
2906 1994 3165 2051 pugnam
3198 1985 3576 2054 provocante,
3627 1997 3764 2036 om-

2112 2080 2257 2119 num
2284 2064 2612 2121 exercitum
2631 2065 2692 2121 in
2716 2066 2905 2122 aciem
2924 2068 3256 2124 eduxerunt
3277 2067 3528 2125 ducibus
3554 2068 3762 2125 Paride

2110 2170 2178 2209 ac
2204 2153 2507 2227 Deiphobo
2541 2163 2599 2211 et
2655 2173 2861 2211 eorum
2892 2157 3175 2214 fratribus
3205 2157 3393 2214 Troilo
3452 2164 3628 2231 atque
3658 2159 3763 2231 Ly-

2109 2260 2315 2300 caone.
2373 2246 2528 2310 Quos
2578 2245 2839 2303 Achilles
2878 2263 3013 2305 cum
3075 2247 3347 2305 auxiliari
3408 2248 3760 2305 Achaeorum

2110 2349 2292 2389 manu
2323 2340 2671 2406 persecutus
2702 2335 2919 2408 partim
2945 2338 3106 2392 vivos
3137 2339 3314 2411 cepit,
3346 2338 3498 2397 alios
3531 2339 3591 2396 in
3624 2340 3758 2397 Sca-

2108 2422 2426 2478 mandrum
2450 2423 2698 2480 ﬂuvium
2723 2426 3063 2497 compulsos
3085 2427 3767 2495 submersit,interfectis

2107 2513 2303 2569 Troilo
2331 2519 2390 2568 et
2424 2514 2451 2566 1.
2470 2531 2718 2586 ycaone.
2744 2516 2843 2571 His
2864 2517 3044 2589 gestis
3064 2517 3451 2575 denariorum
3476 2520 3639 2575 feriae
3662 2536 3767 2593 ap-

2107 2603 2408 2674 petierunt
2439 2603 2829 2677 induciasque
2862 2606 3206 2662 attulerunt.
3240 2606 3345 2662 Ubi
3399 2625 3558 2677 cum,
3601 2614 3667 2664 ut
3697 2610 3759 2664 in

2108 2691 2539 2765 pace,universi
2572 2697 2630 2748 et
2659 2693 2842 2748 Danai
2879 2698 2935 2748 et
2960 2694 3138 2750 Troes
3168 2693 3425 2767 Apollini
3452 2696 3761 2770 Tymbrmo

2107 2798 2236 2835 rem
2268 2797 2498 2835 sacram
2528 2781 2870 2838 facerentin
2900 2782 3030 2840 luco
3054 2784 3154 2857 qui
3188 2785 3332 2839 urbe
3365 2786 3523 2841 haud
3552 2786 3761 2859 procul

2108 2869 2332 2937 aberat,
2353 2870 2613 2926 Achilles
2643 2872 3004 2948 Polyxenam
3036 2890 3170 2929 cum
3204 2879 3392 2930 matre
3425 2876 3663 2932 Hecuba
3694 2876 3755 2932 in

2108 2958 2398 3033 templum
2420 2959 2748 3034 ingressam
2780 2962 3387 3037 conspicatus,forma3
3419 2966 3549 3038 ejus
3571 2964 3758 3020 admi-

2106 3050 2338 3107 ratione
2397 3056 2485 3107 est
2532 3051 2793 3124 percitus
2834 3051 3102 3109 Priamus
3160 3052 3391 3109 Achille
3450 3054 3759 3111 observato

2115 3139 2334 3196 Idaeum
2386 3140 2586 3211 mittit,
2622 3141 2721 3213 qui
2756 3142 2815 3195 in
2847 3140 2981 3197 luco
3042 3159 3177 3198 cum
3210 3160 3277 3198 co
3325 3143 3396 3198 de
3448 3144 3758 3217 Polyxena

2113 3229 2655 3305 colloqueretur.At
2684 3230 3017 3286 Graecorum
3052 3231 3352 3306 principes
3383 3233 3540 3289 hunc
3572 3233 3764 3289 solum

2110 3337 2249 3379 cum
2287 3320 2521 3376 Achille
2551 3319 2727 3375 verba
2757 3328 3123 3378 commutare
3156 3329 3467 3378 cernentes
3490 3330 3765 3380 cantur--

2108 3407 2239 3464 bari
2265 3425 2279 3477 ;
2310 3410 2626 3483 missisque
2659 3407 2856 3481 Ajace,
2890 3408 3171 3465 Diomede
3204 3415 3263 3465 et
3292 3411 3750 3483 Ulysse,hortari

2110 3515 2183 3553 ne
2217 3497 2359 3570 quid
2393 3498 2667 3554 Barbaris
2726 3499 3081 3554 concederet
3109 3517 3257 3554 neve
3315 3500 3584 3556 hostibus
3625 3518 3755 3557 sese

2111 3589 2419 3655 crederet;
2444 3588 2555 3662 ipsi
2579 3594 2744 3644 extra
2778 3589 2977 3645 lucum
3001 3590 3425 3661 prmstolarimt
3451 3608 3754 3664 egressum

2112 3678 2361 3733 seorsim
2394 3684 2733 3734 monerent.
2771 3683 2839 3732 At
2870 3697 3004 3734 vero
3037 3680 3300 3736 Achilles
3332 3681 3653 3737 ducturum
3688 3698 3752 3736 se

2109 3768 2474 3843 Polyxenam
2507 3785 2750 3824 uxorem
2784 3768 3142 3841 promiserat
3170 3768 3345 3841 Idaeo,
3380 3771 3628 3842 ejusque
3675 3771 3761 3825 rei

2111 3876 2288 3916 causa
2312 3860 2374 3914 in
2406 3859 2540 3915 luco
2572 3860 2963 3915 obambulans
2996 3859 3394 3932 exspectabat.
3412 3862 3595 3918 Paulo
3624 3868 3763 3934 post

2111 3951 2274 4007 Paris
2304 3967 2371 4006 ac
2428 3950 2767 4027 Deiphobus
2801 3951 3138 4021 adfuerunt,
3173 3953 3273 4023 qui
3307 3970 3446 4008 eum
3498 3954 3628 4026 jam
3681 3952 3757 4009 ad

2111 4040 2590 4097 confirmandum
2623 4040 2964 4114 conjugium
2991 4048 3286 4096 vocarent.
3315 4042 3573 4098 Achilles
3604 4043 3758 4098 228

2111 4129 2265 4185 nihil
2299 4127 2526 4185 sinistri
2550 4130 2881 4203 suSpicans,
2916 4129 2977 4184 in
3001 4130 3223 4204 templo
3244 4131 3540 4203 Apollinis
3573 4138 3760 4200 stans,

2112 4235 2212 4273 eos
2245 4217 2505 4273 admisit.
2540 4216 2626 4270 lbi
2659 4217 2821 4272 Paris
2852 4216 3023 4272 altari
3058 4218 3757 4292 assistensjurejurando

2114 4326 2183 4364 ea
2204 4326 2336 4383 qua)
2354 4313 2522 4363 erant
2545 4306 2783 4379 utrique
2806 4306 2965 4363 dicta
2986 4308 3201 4363 sanxit.
3230 4307 3530 4380 Deiphobo
3553 4315 3753 4367 autem

2112 4397 2405 4457 Achillem
2456 4395 2730 4469 amplexo
2785 4402 2841 4451 et
2871 4395 3278 4461 deosculante,
3322 4415 3524 4454 ensem
3584 4416 3763 4470 quem

2115 4487 2382 4562 gestabat
2413 4487 2475 4542 in
2506 4486 2754 4542 Achillis
2785 4486 3069 4543 intestina
3121 4488 3327 4544 deﬁxit
3358 4507 3370 4555 ;
3421 4489 3762 4561 statimque,

2119 4576 2318 4633 adhuc
2343 4593 2477 4631 eum
2500 4575 2804 4649 Deiphobo
2831 4579 3264 4646 tenente,Paris
3294 4578 3548 4635 alterum
3581 4579 3766 4637 ictum

2112 4665 2333 4721 intulit.
2365 4664 2627 4722 Achilles
2654 4665 2875 4721 viribus
2906 4666 3324 4723 deﬁcientibus
3355 4667 3634 4725 concidit.
3670 4668 3764 4724 Illi

2114 4756 2263 4811 citra
2291 4755 2695 4828 suspicionem
2728 4755 2814 4811 rei
2839 4755 2957 4812 alia
2987 4757 3076 4813 via
3109 4776 3178 4813 ex
3210 4757 3346 4814 lnco
3379 4758 3763 4833 egressi,cum

2113 4846 2424 4920 paululum
2447 4845 2585 4901 inde
2601 4847 3241 4919 processissent,citato
3268 4867 3447 4907 cursu
3471 4851 3532 4907 in
3555 4849 3763 4908 urbem

2114 4955 2175 4996 se
2208 4937 2653 5011 proripuerunt.
2689 4936 2925 5013 Ulysses
2969 4957 3105 4996 cum
3160 4941 3336 4996 sociis
3363 4957 3602 4997 currere
3662 4957 3762 4997 eos

2114 5027 2518 5098 cernentes,in
2541 5026 2825 5102 templum
2850 5029 3402 5103 acourrunt,ibique
3427 5047 3580 5102 pone
3603 5046 3767 5087 aram

2106 5119 2407 5195 jacentem
2438 5117 2730 5174 Achillem
2763 5137 2973 5181 cruore
3005 5121 3291 5181 fmdatum
3322 5121 3764 5195 reperiunt.Cui

2116 5209 2260 5282 Ajax
2290 5224 2303 5262 :
2330 5229 2357 5257 «
2381 5207 2649 5261 Profecto
2673 5224 2848 5265 nemo
2870 5210 3181 5267 hominum
3206 5217 3260 5266 te
3281 5216 3514 5283 poterat
3535 5209 3762 5267 interﬁ-

2114 5295 2382 5362 cere,sed
2416 5301 2517 5355 tua
2550 5299 2853 5358 temeritas
2886 5303 2939 5355 te
2969 5301 3093 5359 solo
3128 5300 3407 5374 perdidit.
3442 5324 3461 5347 ιι
3500 5302 3763 5372 Respon-

2114 5385 2203 5442 dit
2234 5383 2491 5445 Achilles
2523 5384 3009 5447 haecextremum
3042 5389 3319 5461 spiritum
3355 5389 3485 5461 jam
3514 5388 3763 5455 ducens,

2114 5498 2141 5521 υ
2178 5474 2320 5531 Dolo
2356 5490 2447 5529 me
2506 5474 2675 5529 Paris
2708 5482 2763 5529 et
2822 5477 3164 5549 Deiphobus
3210 5478 3526 5551 Polyxena:
3585 5494 3765 5537 causa

2114 5568 2532 5622 necaverunt.»
2568 5563 2822 5620 Proinde
2855 5583 3068 5641 corpus
3102 5567 3350 5626 Achillis
3380 5567 3421 5625 ii
3451 5568 3767 5630 celerrime

2116 5657 2463 5729 rapuerunt,
2501 5658 2559 5707 et
2609 5652 2873 5709 humeris
2905 5655 3029 5713 suis
3078 5655 3425 5731 impositum
3468 5658 3530 5718 in
3574 5662 3768 5717 castra
