4142 6434
369 376 485 434 263

1732 358 2050 424 GEORGII
2094 356 2439 417 GEDRENI

3673 348 3791 409 264

364 506 1214 580 pertuleruat,crematumque
1236 502 1580 556 humarunt.
1608 499 1749 552 Post
1762 498 2016 550 mortem

2138 486 2218 543 τὸν
2252 487 2442 562 βωμὸν
2480 486 2695 554 ἳστατο,
2745 481 3218 580 περιπλεκομένου
3269 478 3326 537 δὲ
3375 475 3661 580 Δηϊφόϐου
3698 481 3793 536 τὸν

362 597 612 653 Achillis
630 611 827 667 pugna
843 596 1117 649 conserta
1137 590 1459 660 multisque
1476 587 1755 658 utrinque
1770 582 2019 654 dejectis

364 685 651 758 singulari
685 682 1019 739 certamine
1049 680 1409 735 Philoctetes
1439 682 1497 733 et
1552 675 1719 731 Paris
1772 687 2020 745 congre-

369 776 637 830 diuntur.
693 773 863 827 Prior
908 775 1065 827 sorte
1129 769 1293 825 Paris
1361 767 1751 822 Philoctetem
1809 761 2020 834 sagitta

365 870 572 936 petens
594 861 830 918 aberrat
850 876 883 915 a
899 856 1437 929 s00p0.Philocteta
1450 854 1710 910 vicissim
1734 851 2016 923 primum.

366 953 575 1008 laevam
622 950 853 1005 Paridis
902 964 1146 1003 manum
1196 946 1409 1018 sagitta
1464 944 1706 1016 trajicit,
1758 939 2018 997 secundo

370 1042 645 1097 dextrum
677 1041 805 1111 ejus
835 1036 1075 1093 oculum
1130 1036 1304 1105 eruit,
1340 1035 1513 1091 tertio
1547 1033 1697 1089 talos
1738 1037 1797 1086 et
1837 1028 2022 1101 pedes

367 1132 664 1203 impetens
693 1147 828 1185 eum
859 1131 985 1187 solo
1024 1127 1372 1202 prosternit.
1406 1125 1513 1190 Qui
1564 1119 1939 1179 semianimis
1988 1138 2022 1176 a

368 1221 491 1275 suis
522 1220 806 1290 abreptus
838 1224 898 1274 et
926 1219 1100 1274 Ilium
1124 1216 1389 1288 perlatus
1420 1218 1547 1278 est;
1579 1212 1679 1268 ubi
1714 1218 1852 1277 tres,
1870 1228 2021 1283 quos

369 1310 421 1363 ei
453 1308 679 1364 Helena
698 1312 1032 1380 pepererat,
1068 1306 1612 1375 filios,Bunymum,
1645 1301 2020 1373 Corythaaum

371 1403 429 1455 et
457 1397 703 1463 Idaeum,
760 1396 1042 1467 parvulos
1075 1395 1426 1458 etiamnum,
1478 1392 1631 1447 5229
1665 1390 1776 1445 sibi
1827 1394 2022 1444 astare

369 1486 599 1547 videns,
625 1485 953 1539 interclusa
982 1482 1259 1551 voce,sub
1283 1481 1542 1537 mediam
1565 1484 1802 1534 noctem
1825 1478 2022 1549 exspi-

368 1574 539 1630 ravit.
574 1574 725 1628 Tum
757 1574 1017 1637 OEnone,
1052 1589 1184 1643 quae
1214 1570 1380 1642 prius
1434 1583 1585 1624 uxor
1604 1565 1845 1622 Paridis
1893 1566 2019 1621 fue-

369 1668 481 1729 rat,
516 1662 773 1734 seipsam
825 1660 1231 1734 strangulavit.
1283 1657 1621 1730 Deiphobus
1652 1654 1852 1710 statim
1906 1656 2020 1708 He-

368 1751 566 1808 lenam
596 1767 841 1806 uxorem
874 1750 1041 1806 duxit
1074 1766 1087 1816 ;
1128 1764 1305 1820 quem
1356 1746 1667 1818 postmodo
1721 1744 2021 1801 Menelaus

2131 574 2404 651 Ἀχιλλέα
2451 575 2542 630 καὶ
2599 572 3029 652 καταφιλοῦντος
3078 566 3364 627 ἐϐάπτισεν
3425 566 3453 624 ὅ
3503 570 3791 649 ἐπεφέρετο

2127 666 2279 743 ξίφος
2334 666 2472 720 κατά
2525 668 2634 720 τῶν
2694 663 2863 720 αὐτοῦ
2920 661 3242 741 σπλάγχων·
3275 660 3365 716 καὶ
3415 657 3494 715 ἔτι
3524 663 3795 734 κρατοῦν-

2126 774 2218 815 τος
2252 751 2423 807 αὐτοῦ
2476 750 2724 827 δευτέραν
2759 752 2918 813 εὐθὺς
2968 752 2995 806 ὁ
3046 752 3220 825 Πάρις
3251 749 3441 823 ἐπάγει
3471 750 3591 804 κατ’
3624 746 3791 803 αὐτοῦ

2126 842 2372 918 πληγήν.
2436 840 2535 896 Καὶ
2603 841 2663 904 ὅς
2720 837 2951 903 ἔκλυτος
2990 840 3236 916 γεγονὼς
3292 837 3497 895 πίπτει.
3561 838 3793 893 Ἐκεῖνει

2128 929 2184 986 δὲ
2214 931 2541 993 ἀνυπόπτως
2601 927 2670 986 δι’
2729 928 2912 1000 ἄλλης
2964 933 3063 985 τοῦ
3121 926 3325 990 ἄλσους
3359 925 3680 997 ἐξελθόντες,
3716 926 3791 988 ὡς

2132 1030 2323 1106 μικρὸν
2355 1028 2609 1107 ἀπεῖχον,
2659 1025 2853 1103 δρόμῳ
2896 1027 3095 1098 πολλῷ
3151 1026 3497 1102 χρησάμενοι
3538 1021 3792 1093 εἰσῆλθον

2130 1117 2204 1181 εἷς
2232 1119 2333 1186 τὴν
2364 1116 2547 1177 πόλιν.
2581 1119 2646 1175 Oi
2687 1117 2810 1193 περὶ
2858 1116 2952 1171 τὸν
2979 1113 3237 1173 Ὀδυσσέα
3268 1113 3328 1170 δὲ
3354 1112 3562 1175 ἰδόντες
3587 1112 3791 1172 αύτοὸς

2126 1206 2446 1281 τρέχοντας,
2528 1203 2908 1283 εἰσδραμόντες
2992 1204 3302 1277 εὑρίσκουσι
3368 1204 3459 1258 τὸν
3519 1199 3795 1277 Ἀχιλλέα

2129 1294 2445 1370 ᾑμαγμένον
2504 1294 2756 1366 κείμενον
2813 1292 2959 1366 παρὰ
3015 1290 3108 1347 τὸν
3174 1290 3386 1365 βωμόν.
3449 1289 3590 1365 Πρὸς
3646 1289 3704 1343 δν
3765 1288 3792 1343 6

2128 1380 2285 1444 A'iazc'
2328 1404 2350 1433 α
2381 1383 2509 1458 Ἆρ’
2535 1384 2600 1451 ἧν
2632 1383 2917 1456 ἄνθρωπος
2963 1378 3264 1453 δυνάμενος
3295 1379 3503 1434 κτεῖναί
3534 1398 3592 1433 σε
3618 1397 3632 1448 ;
3664 1374 3795 1432 ἀλλ’

2129 1473 2163 1541 ἡ
2226 1472 2293 1541 σὴ
2353 1470 2651 1547 προπέτεια
2710 1471 2851 1544 μόνη
2905 1491 2963 1525 σε
3020 1469 3291 1529 ἀπώλεσε.
3355 1493 3383 1521 ››
3455 1469 3599 1542 Πρὸς
3655 1467 3715 1522 ’ὀν
3765 1467 3795 1521 6

2132 1558 2433 1635 ’Λχιλλεὺς
2465 1557 2673 1635 ἔςχατα
2706 1560 2900 1628 πνέων,
2923 1584 2950 1612 ‹‹
2977 1559 3136 1631 Δόλῳ
3170 1558 3489 1634 εἰργάσαντο
3527 1578 3612 1631 με,
3638 1554 3796 1635 φησῖ,

2131 1650 2300 1724 Πάρις
2334 1649 2426 1704 καὶ
2482 1644 2761 1722 Δηῒφοϐος
2823 1645 2913 1704 διὰ
2971 1647 3307 1721 Πολυξένην.
3343 1674 3363 1702 ι
3401 1645 3665 1716 Ὀξύτατα
3697 1642 3793 1699 οὖν

2129 1744 2212 1801 ἐπ’
2247 1744 2414 1819 ὥμων
2445 1746 2780 1820 ἁρπάσαντες
2838 1745 2901 1801 τὸ
2961 1749 3120 1819 σῶμα
3178 1744 3269 1799 καὶ
3328 1743 3416 1799 ἐπὶ
3464 1743 3561 1805 τὰς
3593 1740 3794 1811 σκηνὰς

367 1846 684 1912 propterea
740 1839 983 1895 auribus
1032 1842 1092 1892 et
1138 1854 1283 1892 naso
1335 1834 1729 1906 manibusque
1781 1842 2020 1891 trunca-

2138 1831 2428 1911 Ξιγαγόντες
2483 1834 2575 1891 καὶ
2636 1837 3011 1913 τεφρώσαντες
3070 1835 3336 1890 θάπτουσι
3369 1838 3463 1910 γῇ.
3521 1833 3673 1890 Μετᾶ
3702 1832 3797 1887 τὸν

367 1930 468 1986 vit.

2130 1926 2358 1980 θάνατον
2405 1922 2720 2000 Ἀχιλλέως
2778 1923 3030 1998 πολέμου
3087 1923 3409 1999 γενομένου,
3443 1922 3532 1977 καὶ
3564 1919 3794 1977 πολλῶν

367 2016 419 2087 ἐξ
450 2018 716 2091 ἑκατέρων
773 2016 1074 2085 πεσόντων,
1134 2013 1208 2075 εἷς
1268 2011 1613 2088 μονομαχίαν
1675 2014 1703 2068 ὁ
1762 2013 2117 2085 Φιλοκτήτης
2176 2015 2264 2069 καὶ
2322 2014 2351 2069 6
2414 2014 2583 2089 Πάρις
2640 2008 2918 2090 ἔρχονται.
2952 2014 3056 2071 Καὶ
3089 2017 3306 2089 πρῶτος
3339 2010 3531 2087 λαχὼν
3563 2012 3591 2066 6
3622 2011 3796 2085 Πάρις

375 2104 571 2180 βάλλει
629 2104 764 2160 κατᾶ
822 2105 1196 2174 Φιλοκτήτου,
1252 2102 1486 2180 ἀστοχεῖ
1542 2100 1619 2161 δέ.
1679 2103 1741 2160 Ὁ
1799 2099 1856 2157 δὶ
1914 2102 2281 2173 ἀντιτοξεύσας
2336 2106 2437 2173 τὴν
2496 2103 2781 2179 ἀριστεράν
2839 2109 3003 2179 χεῖρα
3052 2100 3289 2177 Πάριδος
3356 2099 3645 2175 διαπείρει,
3703 2099 3799 2154 καὶ

372 2186 707 2269 δευτερώσας
773 2194 863 2248 τὸν
929 2190 1098 2263 δεξιὸν
1164 2191 1333 2247 αὐτοῦ
1401 2191 1683 2266 ἐπήρωσεν
1754 2190 2061 2267 ὀφθαλμὸν,
2128 2193 2218 2248 καὶ
2284 2192 2468 2267 τρίτον
2540 2190 2726 2267 βαλὼν
2787 2192 2875 2249 ἐπὶ
2940 2192 3071 2255 τοὺς
3134 2190 3307 2255 πόδας
3364 2191 3455 2247 καὶ
3509 2191 3577 2247 τὰ
3625 2191 3803 2269 σφυρά

373 2282 550 2359 ῥίπτει
612 2282 779 2357 Πάριν
842 2281 919 2344 εἷς
975 2288 1101 2358 γῆν.
1160 2284 1258 2338 "Ov
1320 2278 1652 2354 ἁρπάσαντες
1709 2283 1955 2353 ἡμιθανῆ
2016 2281 2093 2343 εἰς
2150 2283 2250 2350 τὴν
2312 2280 2489 2338 Ἴλιον
2549 2281 2825 2348 εἰσῆλθον.
2861 2283 2963 2340 Καὶ
3012 2281 3173 2344 αὐτὸς
3202 2281 3327 2343 τοῦς
3360 2280 3421 2337 ἐκ
3443 2288 3543 2351 τῆς
3571 2278 3800 2350 Ἑλένης

371 2370 524 2431 υἱοὺς
553 2376 720 2444 τρεῖς,
752 2369 1060 2443 Βούνυμον,
1094 2374 1395 2444 Κορυθαῖον
1427 2368 1518 2424 καὶ
1551 2366 1767 2438 Ἰδαῖον,
1833 2368 2064 2444 μικροὺς
2119 2369 2268 2443 αὐτῷ
2324 2371 2699 2446 παραστάντας
2734 2369 2864 2426 ἰδὼν
2917 2370 3128 2449 ἄφωνος
3158 2366 3355 2445 ἔμεινε,
3389 2370 3481 2425 καὶ
3512 2366 3603 2425 διὰ
3630 2369 3799 2442 μέσης

369 2461 570 2532 ἐξέπνει
599 2462 812 2523 νυκτός.
839 2462 904 2518 Ἢ
939 2459 996 2516 δὲ
1024 2462 1261 2536 προτέρα
1292 2460 1459 2515 αὐτοῦ
1489 2461 1624 2536 γυνὴ
1659 2459 1870 2531 Οἰνώνη
1914 2461 2079 2535 ἑαυτῇ
2137 2462 2495 2537 ἀπεχρήσατο
2553 2462 2788 2539 άγχόνῇ.
2844 2461 3069 2533 Ἑλένην
3127 2460 3185 2518 δὲ
3243 2466 3473 2538 γυναῖκα
3524 2453 3799 2537 Δηΐφοϐος

366 2551 605 2627 ἠγάγετο
637 2550 913 2626 παραυτὰ,
944 2549 1003 2605 δν
1031 2552 1059 2605 6
1091 2547 1369 2611 Μενέλαος
1403 2549 1625 2624 ὕστερον
1658 2548 2046 2625 ἠκρωτηρίασε
2074 2546 2144 2604 δι’
2175 2550 2367 2622 αὐτήν.

443 2651 776 2707 Palladium
808 2651 1006 2723 lignea
1036 2650 1150 2707 fuit
1179 2649 1614 2721 Minervamque;
1647 2649 1854 2704 eadem
1888 2649 2023 2705 Pal.

372 2741 464 2796 los
495 2741 739 2810 dicitur,
771 2741 988 2813 imago.
1020 2740 1203 2796 Aiunt
1233 2739 1295 2794 id
1343 2739 1619 2794 nefandis
1668 2739 2027 2810 quibusdam

378 2830 722 2886 dmmonum
781 2828 1335 2885 consecrationibus
1392 2828 1745 2898 arcanisque
1815 2828 2028 2884 ritibus

378 2918 720 2974 dedicatum
765 2935 837 2974 ea
887 2919 941 2972 vi
990 2917 1194 2984 fuisse,
1240 2924 1307 2972 ut
1352 2917 1562 2973 urbem
1608 2917 1671 2973 in
1717 2935 1835 2990 qua
1873 2923 2032 2974 esset

381 3006 907 3079 inexpugnabilem
938 3013 1334 3063 conservaret.
1367 3006 1431 3061 Id
1463 3007 1700 3080 signum
1748 3008 2028 3080 Trojano-

377 3113 511 3151 rum
542 3096 665 3169 regi
698 3096 875 3153 Ilium
906 3095 1221 3151 condituro
1254 3096 1645 3167 philosophus
1677 3096 1922 3167 quidam
1973 3100 2033 3151 et

377 3184 891 3240 innominatarum
924 3185 1360 3257 praestigiarum
1391 3184 1689 3240 sacerdos.
1722 3187 1899 3240 Asius
1928 3201 2031 3241 no-

375 3274 560 3341 mine,
584 3274 743 3332 dono
771 3274 970 3330 attulit
997 3294 1010 3342 ;
1045 3275 1106 3329 in
1138 3275 1308 3346 cujus
1336 3274 1589 3346 gratiam
1620 3275 1761 3329 Tros
1789 3274 2031 3329 univer-

2206 2650 2331 2706 ⁶Οτι
2359 2650 2422 2705 τὸ
2456 2647 2771 2705 Παλλάδιον
2830 2649 3131 2725 λεγομενον
3185 2648 3397 2720 ξύλινον
3443 2650 3692 2727 ὑπῆρχεν
3724 2646 3801 2702 εἲ-

2139 2734 2318 2793 δωλον
2352 2746 2453 2808 τῆς
2486 2736 2799 2801 Παλλάδος.
2822 2741 3002 2796 Τοῦτο
3033 2735 3220 2813 ἔλεγον
3249 2736 3629 2811 τετελεσμένον
3661 2736 3801 2791 εἶναι

2138 2826 2400 2905 ἇρῥήτοις
2458 2827 2568 2883 τισὶ
2626 2829 2717 2883 καὶ
2773 2826 3160 2903 δαιμονιώδεσι
3218 2827 3619 2901 τελεστηρίοις,
3673 2822 3803 2894 ἤτοι

2145 2922 2408 2992 μυσαροῖς
2481 2918 2808 2993 μυστηρίοις
2864 2914 3343 2993 ἐστοιχειωμένον,
3402 2916 3727 2996 νικηφόρον,
3771 2911 3803 2969 8

2140 3028 2289 3086 φασι,
2322 3008 2413 3062 καὶ
2469 3004 2753 3062 ἀνάλωτον
2811 3005 3090 3082 διατηρεῖν
3151 3008 3250 3076 τήν
3308 3005 3473 3061 πόλιν
3507 3004 3557 3061 ἐν
3668 3004 3804 3059 ἀπό-

2139 3118 2335 3154 κειται.
2362 3102 2533 3152 Τοῦτο
2590 3097 2653 3153 τὸ
2713 3094 2913 3167 ζώδιον
2966 3098 3068 3166 τὴν
3123 3096 3288 3153 πόλιν
3322 3094 3502 3154 Ἴλιον
3537 3094 3806 3168 μέλλοντι

2141 3186 2342 3256 κτίζειν
2372 3187 2522 3261 Τρωὶ
2564 3190 2645 3259 τῷ
2702 3191 2810 3242 τῶν
2869 3189 3077 3259 Τρώων
3136 3184 3362 3262 βασιλεῖ
3390 3183 3694 3266 φιλόσοφός
3723 3203 3808 3245 τις

2143 3276 2233 3331 καὶ
2273 3274 2525 3352 ἀρρήτων
2587 3280 2859 3353 γοητειῶν
2919 3275 3202 3347 τελεστὴς,
3251 3277 3440 3338 Ἀσιος
3486 3275 3679 3348 ὄνομα,
3714 3271 3810 3350 φέ-

376 3379 501 3418 sam
526 3380 695 3419 suam
717 3365 1024 3437 regionem
1046 3364 1334 3419 hactenus
1365 3364 1739 3436 Epirrhopon
1771 3364 2027 3435 appella-

2146 3386 2255 3441 ρων
2313 3365 2628 3441 ἐχαρίσατο·
2709 3367 2755 3438 ᾧ
2840 3366 3331 3442 ἀντιχαριζόμενος
3390 3366 3418 3420 ὁ
3479 3365 3640 3440 Τρὼς
3674 3364 3804 3469 fit"

377 3457 496 3507 tam
529 3453 600 3509 ab
632 3453 761 3525 ipso
792 3455 991 3510 Asiam
1024 3453 1447 3509 denominavit.
1480 3455 1665 3509 Crzeci
1688 3470 1822 3508 cum
1853 3453 2028 3509 Ilium

378 3542 510 3615 capi
545 3560 666 3599 non
696 3560 891 3615 posse,
944 3544 1210 3615 quandiu
1245 3544 1631 3600 simulacrum
1664 3544 1724 3599 id
1772 3561 1843 3599 ea
1874 3549 2030 3600 esset

376 3631 439 3685 in
462 3631 1087 3700 urbe,inaudivissent,
1114 3633 1271 3688 furto
1303 3632 1363 3688 id
1380 3633 1774 3701 abstulerunt,
1805 3634 2028 3706 Ulyssis

373 3726 433 3776 et
458 3721 759 3776 Diomedis
787 3738 988 3793 opera.
1022 3723 1091 3777 Hi
1122 3723 1276 3778 clam
1306 3722 1558 3794 ingressi
1590 3723 1819 3791 urbem,
1858 3729 1917 3778 et
1964 3725 2027 3779 in

370 3809 510 3865 fano
542 3811 813 3866 Minervas
844 3828 951 3883 per
978 3812 1157 3867 ferias
1189 3813 1819 3881 commorati,consilio
1852 3815 2031 3869 Ante-

374 3899 537 3954 noris
561 3900 950 3971 Trojanarum
970 3901 1283 3973 principis,
1304 3900 1621 3973 adjuvante
1644 3903 1824 3974 hujus
1845 3920 2026 3957 uxore

373 3989 712 4054 Theanone,
766 4008 898 4062 qua
957 3991 1233 4047 sacerdos
1291 3997 1419 4047 erat
1484 3992 1779 4062 Minervae,
1846 3998 2028 4049 noctu

376 4078 679 4134 sublatum
702 4080 1091 4136 simulacrum
1125 4095 1329 4136 secum
1356 4080 1418 4135 in
1449 4086 1644 4138 castra
1673 4081 2025 4138 attulerunt.

372 4170 455 4224 Ea
484 4174 657 4225 nocte
689 4170 959 4242 Trojanis
990 4170 1361 4226 miserabilia
1390 4177 1667 4242 portenta
1699 4178 1759 4226 et
1795 4171 2030 4228 abumi-

373 4257 572 4313 nanda
602 4263 1169 4330 apparuerunt,quae
1201 4275 1378 4314 mane
1411 4260 1631 4332 egressi
1657 4260 1873 4316 Graecis
1896 4277 2029 4315 nar-

372 4352 672 4402 raverunt.
706 4348 929 4403 Ferunt
958 4349 1284 4415 enim,cum
1316 4348 1553 4420 Trojani
1585 4365 1712 4404 rem
1766 4348 2029 4421 Apollini

377 4430 607 4493 sacram
640 4439 835 4494 facere
868 4439 1269 4494 instituissent
1300 4439 1549 4510 ejusque
1581 4440 1753 4495 altari
1782 4440 1945 4514 ligna
1974 4446 2032 4496 et

378 4542 588 4580 carnes
633 4527 747 4580 rite
795 4528 1243 4599 imposuissent,
1294 4528 1450 4584 280
1480 4529 1677 4599 ignem
1722 4528 1898 4601 lignis
1944 4530 2032 4584 in-

372 4614 603 4685 jectum
625 4632 744 4669 non
767 4617 983 4670 arsisse
1007 4616 1111 4671 sed
1132 4617 1491 4672 exstinctum
1516 4618 1793 4686 fuisse,ac
1817 4619 2031 4691 saepius

380 4704 701 4773 repetitum
725 4704 924 4777 ignem
955 4722 1075 4760 non
1098 4705 1315 4760 arsisse
1341 4726 1354 4773 ;
1380 4711 1439 4761 et
1469 4707 1759 4777 quidquid
1777 4724 1893 4762 arae
1923 4708 2034 4762 im-

2144 3456 2231 3510 ὑπ’
2263 3455 2423 3509 αὐτὸν
2458 3456 2645 3531 χώραν
2706 3460 2903 3524 πᾶσαν,
2968 3453 3301 3531 Ἐπίῤῥοπον
3342 3458 3558 3530 πρῶτον
3603 3450 3810 3507 καλου-

2137 3545 2324 3617 μένην,
2360 3544 2435 3608 εἱς
2465 3544 2528 3599 τὸ
2560 3542 2772 3599 ἐκείνου
2806 3542 2981 3618 ὄνομα
3029 3543 3215 3600 Ἀσίαν
3253 3543 3593 3617 ἐπωνόμασε.
3626 3544 3805 3599 Τοῦτο

2135 3634 2226 3689 οὗν
2286 3636 2348 3689 τὸ
2407 3635 2624 3710 βρέτας,
2684 3633 3010 3697 ἀκούσαντες
3070 3635 3124 3689 οἱ
3178 3631 3456 3703 Ἕλληνες
3502 3633 3576 3695 ὡς
3605 3632 3708 3687 οὐκ
3737 3628 3808 3685 ἂν

2136 3720 2388 3778 δύναιντο
2418 3724 2519 3793 τήν
2558 3723 2723 3779 πόλιν
2780 3721 2924 3779 ἑλεῖν
2987 3727 3071 3797 [Ρ.
3109 3725 3230 3796 131]
3281 3719 3388 3787 ἕως
3444 3721 3504 3777 ἂν
3560 3720 3614 3777 ἐν
3662 3719 3802 3795 αὐτῇ

2132 3811 2498 3886 ἀποκείμενον
2556 3811 2612 3886 ᾖ,
2671 3810 2873 3886 κλέψαι
2931 3811 3184 3888 ἴσχυσαν,
3218 3808 3524 3873 Ὀδυσσέως
3554 3809 3643 3865 καὶ
3675 3818 3807 3864 Διο-

2139 3898 2351 3974 μήδους
2380 3909 2558 3979 κρυφῆ
2595 3901 2953 3957 εἰσελθόντων
2998 3902 3089 3956 καὶ
3139 3903 3190 3955 ἐν
3240 3904 3320 3972 τῷ
3350 3901 3484 3975 ἱερῷ
3518 3906 3619 3969 τῆς
3651 3896 3804 3955 Ηαλ-

2136 3987 2303 4054 λάδος
2363 3989 2415 4045 ἐν
2476 3992 2712 4066 ἡμέραις
2761 3996 2872 4046 τῶν
2933 3991 3137 4065 ἑορτῶν
3212 3989 3655 4065 παραμενόντων,
3714 3985 3805 4042 καὶ

2132 4080 2329 4156 γνώμῃ
2361 4083 2459 4135 τοῦ
2517 4082 2847 4155 ’Λντήνορος
2904 4078 3138 4155 ἐξάρχου
3193 4083 3306 4135 τῶν
3362 4079 3570 4153 Τρώων
3612 4072 3801 4143 ὄντος,

2136 4168 2225 4223 διὰ
2255 4175 2353 4238 τῆς
2385 4168 2643 4244 γυναικὸς
2698 4170 2864 4224 αὐτοῦ
2918 4172 3149 4230 Θεανοῦς
3205 4167 3404 4239 ἱερείας
3436 4173 3538 4236 τῆς
3570 4166 3803 4226 Ἀθηνᾶς

2136 4254 2328 4327 οὔσης,
2387 4261 2551 4313 τοῦτο
2607 4259 2801 4320 νυκτὸς
2857 4256 3192 4335 ἀφελόμενοι
3254 4256 3507 4330 ἐξῆλτον,
3566 4254 3655 4310 ὅτε
3708 4272 3809 4323 καὶ

2134 4347 2201 4402 τὰ
2266 4341 2548 4420 συμϐάντα
2611 4351 2729 4409 τοῖς
2789 4349 2973 4423 Τρωσὶ
3030 4349 3147 4402 κατ’
3207 4345 3419 4417 ἐκείνην
3477 4346 3580 4414 τήν
3638 4343 3811 4423 νύκτα

2138 4436 2349 4492 ἐλεεινὰ
2390 4430 2646 4510 σύμϐολα
2701 4436 2793 4491 καὶ
2851 4435 3080 4491 ἀπαίσια
3133 4440 3466 4501 κατεθεῶντο
3504 4433 3596 4490 καὶ
3657 4419 3812 4508 πρω³ί

2137 4522 2444 4594 ἐξελθόντες
2472 4530 2591 4586 τοῖς
2647 4525 2917 4596 Ἕλλησιν
2975 4524 3355 4600 ἀπήγγελλον.
3416 4525 3558 4580 Φασὶ
3585 4522 3690 4600 γὰρ
3723 4522 3811 4577 ὅτι

2138 4618 2250 4668 τῶν
2279 4615 2479 4688 Τρώων
2512 4612 2601 4669 ἐπὶ
2628 4615 2721 4670 τὸν
2773 4616 2964 4690 βωμὸν
3012 4618 3110 4670 τοῦ
3140 4613 3499 4675 ’Λπόλλωνος
3530 4610 3806 4682 θυσιάζειν

2140 4703 2558 4777 ἀγωνιζομένων
2598 4704 2665 4759 τὰ
2710 4702 2845 4776 ξύλα
2907 4705 3000 4779 μὲν
3056 4704 3146 4759 καὶ
3177 4705 3245 4758 τὰ
3276 4703 3427 4774 κρέα,
3458 4703 3590 4757 κατὸ
3622 4700 3810 4775 θέμις,

452 4757 468 4773 ι
614 4757 658 4758 η
747 4757 923 4777 σκηνὴ
1103 4757 1310 4760 ww"-
1341 4757 1354 4773 .
1387 4757 1437 4761 --
1475 4757 1890 4777 γ--η--τ--η

378 4794 640 4864 positum
670 4794 885 4859 fuerat,
918 4795 981 4849 in
1032 4801 1252 4851 terram
1302 4795 1616 4853 decidisse.
1670 4798 1848 4852 Troes
1897 4814 2027 4853 cum

2138 4791 2430 4863 ἐπετίθετο,
2492 4798 2598 4870 πῦρ
2656 4791 2713 4850 δὲ
2780 4757 2916 4858 τοῖςι
2962 4794 3147 4866 ξύλοις
3206 4789 3649 4866 ἐπιϐαλλόμενον
3693 4791 3818 4869 οὐχ

377 4882 692 4938 adversum
724 4883 836 4939 sibi
860 4884 1090 4956 aliquid
1119 4885 1231 4940 hoc
1250 4889 1484 4940 ostento
1516 4886 1853 4942 denuntiari
1874 4886 2035 4958 judi-

378 4979 602 5044 carent,
636 4973 911 5030 Priamus
940 4992 1009 5031 ac
1038 4975 1255 5047 reliqui
1287 4978 1651 5032 Antenorem
1682 4978 1876 5050 legatu
1898 4976 2038 5034 mad

377 5067 609 5122 Graacos
645 5065 913 5130 mittunt,
934 5071 1204 5138 rogatum
1237 5071 1302 5120 ut
1331 5066 1373 5120 ii
1407 5084 1612 5138 pacem
1643 5067 1810 5139 ipsis,
1844 5067 2036 5139 pretio

377 5172 484 5211 suo
516 5154 765 5211 arbitrio
794 5155 1141 5224 constituto,
1204 5155 1619 5211 redimendam
1650 5157 1877 5213 darent.
1924 5159 2037 5213 An-

378 5250 556 5302 tonor
605 5245 836 5318 legatus
894 5243 971 5300 ad
1030 5244 1262 5300 Graecos
1307 5245 1651 5315 hujusmodi
1703 5246 2035 5303 orationem

378 5333 590 5389 habuit
621 5356 667 5388 .c
705 5331 1008 5403 Quidquid
1041 5349 1353 5403 poenarum
1387 5333 1528 5389 dare
1558 5350 1668 5388 nos
1700 5333 1774 5387 ob
1832 5339 2038 5389 nostra

378 5420 607 5491 ﬂagitia
645 5423 984 5488 debuimus,
1019 5422 1316 5478 dedimus.
1351 5423 1539 5485 Paris,
1575 5422 1733 5494 quod
1765 5422 1838 5477 ob
1872 5423 2034 5496 inju-

381 5509 533 5564 riam
554 5512 814 5568 Menelao
836 5512 1053 5568 factam
1078 5512 1365 5569 luendum
1395 5513 2033 5584 fuit,pependit.Etiam

381 5595 552 5651 Ilium
578 5615 591 5651 :
615 5601 744 5670 ejus
774 5601 861 5656 rei
890 5602 1246 5658 documento
1270 5608 1409 5659 sunt
1434 5602 2032 5674 sepulcracaesorum.

382 5686 503 5740 Mos
528 5685 728 5756 itaque
758 5690 974 5759 reliqui
1024 5693 1282 5762 pretium
1328 5693 1491 5749 vobis
1538 5692 1864 5765 alTerimus,
1916 5712 2032 5766 quo

2146 4886 2334 4953 ἧπτεν,
2367 4877 2645 4939 ἐσϐέννυτο
2679 4880 2755 4941 δέ.
2790 4882 3074 4946 Πολλάκις
3129 4881 3186 4938 δὲ
3229 4886 3327 4938 τοῦ
3357 4883 3529 4957 πυρὸς
3562 4879 3817 4955 ἐνεχθέν-

2145 4991 2239 5032 τος
2268 4971 2359 5026 καὶ
2392 4974 2469 5045 μὴ
2501 4972 2817 5047 καιομένου,
2850 4971 3037 5027 πίπτει
3080 4971 3147 5027 τὰ
3197 4970 3251 5027 ἐν
3298 4976 3379 5043 τῷ
3431 4972 3608 5048 βωμῷ
3638 4968 3817 5024 πάντα

2147 5060 2222 5122 εἰς
2250 5058 2539 5141 τοῦδαφος.
2572 5063 2639 5119 Οἱ
2670 5065 2855 5136 Τρῶες
2916 5058 2974 5116 δὲ
3030 5062 3133 5117 οὐκ
3199 5061 3398 5138 ἀγαθὸν
3448 5059 3636 5121 αὐτοῖς
3666 5059 3813 5114 εἶναι

2147 5151 2338 5207 οἰωνὸν
2391 5155 2559 5207 ταῦτα
2614 5152 3045 5228 τεκμηράμενοι,
3104 5150 3135 5207 6'
3187 5172 3245 5206 τε
3310 5150 3558 5226 Πρίαμος
3616 5149 3705 5205 καὶ
3755 5150 3814 5203 οἱ

2147 5240 2337 5297 λοιποὶ
2365 5242 2459 5296 τὸν
2484 5241 2785 5317 Ἀντήνορα
2817 5236 3149 5316 πρεσϐεῦσαι
3207 5241 3346 5314 πρὸς
3398 5241 3638 5300 Δαναοὺς
3667 5237 3811 5293 ἀπο·

2147 5328 2492 5403 στέλλουσιν,
2553 5330 2692 5386 ὥστε
2755 5326 2930 5406 λύτρα
2990 5325 3262 5393 λαϐόντας
3319 5328 3419 5385 ὅσα
3477 5328 3539 5384 ἃν
3578 5326 3812 5384 ἐθέλωσι

2145 5417 2306 5474 λῦσαι
2331 5420 2423 5474 τὸν
2457 5416 2729 5493 πόλεμον.
2790 5421 2890 5475 Καὶ
2949 5421 2977 5474 6
3037 5421 3319 5494 ’Δντήνωρ
3360 5412 3674 5494 πρεσϐεύων
3702 5411 3810 5493 ἔφη

2144 5509 2282 5584 πρὸς
2314 5509 2594 5584 Ἀχαιούς
2627 5535 2654 5561 ‹‹
2689 5510 2864 5564 Πάντα
2925 5507 3195 5584 ἐπάθομεν
3245 5508 3345 5564 ὅσα
3394 5508 3522 5569 τοὺς
3552 5510 3815 5581 ἡμαρτη-

2144 5601 2305 5661 κότας
2362 5601 2550 5654 παθεῖν
2612 5596 2807 5674 ἐχρῆν.
2872 5599 3014 5663 Ἀνθ’
3075 5600 3150 5653 ὧν
3209 5596 3494 5657 Μενέλαον
3555 5598 3582 5652 6
3632 5595 3811 5671 Πάρις

2144 5685 2398 5760 ἠδίκησε,
2458 5684 2611 5750 δίκας
2666 5682 2887 5744 ἔδωκεν⁸
2952 5689 3065 5752 ἀνθ’
3122 5689 3197 5743 ὧν
3255 5688 3316 5743 τὸ
3369 5685 3561 5757 Ἳλιον,
3605 5704 3816 5761 μαρτυ-
