4142 6426
364 396 442 455 65
1489 399 2042 465 HISTORIARUM
2087 403 2643 468 COMPENDIUM.
3654 409 3774 468 266

348 532 540 603 ροῦσιν
569 528 624 583 οἱ
668 529 834 606 τάφοι
890 532 1004 584 τῶν
1048 528 1426 604 ἀνῃρημένων.
1478 531 1594 588 Νῦν
1627 531 1720 589 οὖν
1767 533 1820 588 οἱ
1852 553 2007 609 περι-

2129 552 2234 592 nos
2263 537 2651 594 redimamus.
2707 541 2818 595 Vos
2864 555 2972 612 per
3003 539 3169 604 deos.
3200 557 3307 613 per
3355 541 3633 612 patriam,
3678 557 3788 612 per

352 615 664 698 λειφθέντες
724 619 892 690 ⁴ἡμεῖς
954 616 1123 693 Λύτρα
1178 619 1413 698 φερομεν
1471 618 1623 694 ὑμῖν.
1669 621 1827 697 ’Υπὲρ
1858 624 2016 689 θεῶν,

2129 626 2341 682 liberos
2390 627 2778 698 obtestamur,
2844 630 3029 685 Grmci
3087 647 3221 686 cum
3283 630 3433 698 sitis,
3484 630 3794 702 supplices

358 709 495 784 ὗπὶρ
523 704 818 781 πατρίδος,
877 706 1012 783 ὑπὲρ
1068 705 1288 763 τὲκνων.
1346 707 1627 782 Ἓλληνες
1685 708 1857 782 ὄντες,
1888 711 2017 776 τοὺς

2129 732 2279 771 nunc
2305 718 2863 789 vestros,quondam
2894 718 3709 786 contumaces,miseremini.
3743 741 3772 769 ιι

358 798 488 874 πρὶν
547 797 814 863 ἀπειθεῖς,
870 801 965 853 νῦν
1023 795 1205 860 ίκὲτας
1260 800 1490 870 σώσατε,
1545 824 1566 851 ι
1625 802 1750 858 Ἐπὶ
1797 803 2016 864 τούτοις

2129 805 2223 860 His
2246 806 2389 861 moti
2423 807 2607 862 Graeci
2640 807 2911 879 Ulyssem
2940 814 2999 863 et
3020 808 3367 865 Diomedem
3387 808 3651 873 mittunt,
3672 808 3774 878 qui

355 886 665 949 πεισθὲντες
695 888 748 941 οἱ
798 883 1074 955 Ἕλληνες
1119 885 1381 945 Ὀδυσσέα
1426 889 1517 944 καὶ
1568 888 1852 964 Διομήδην
1882 891 2017 947 ἀπο-

2129 895 2347 966 argenti
2372 894 2607 967 pondus
2628 896 3468 970 signarentﬁignaveruntque
3491 896 3530 951 ii
3557 896 3779 951 talenta

357 974 658 1031 στέλλουσι
712 975 815 1043 τὴν
873 977 988 1029 τῶν
1040 973 1347 1049 χρημάτων
1412 977 1695 1047 ποσότητα
1749 982 2017 1037 τυπῶσαι.

2129 984 2252 1039 auri
2282 983 2375 1039 bis
2402 984 2567 1040 mille
2599 985 2970 1058 totidemque
3001 988 3249 1056 argenti.
3280 988 3544 1058 Cumque
3577 986 3779 1042 omnia

356 1065 461 1120 Καὶ
495 1086 560 1141 γε
589 1063 873 1119 ἐτύπωσαν
904 1064 1136 1139 χρυσίου
1163 1063 1406 1121 τάλαντα
1450 1062 1707 1146 δισχίλια
1732 1068 1822 1123 καὶ
1856 1067 2017 1143 ἀργύ-

2129 1089 2232 1145 pro
2272 1089 2378 1128 suo
2418 1074 2664 1129 arbitrio
2716 1074 3127 1145 abstulissent,
3179 1092 3249 1131 ex
3280 1075 3428 1131 urbe
3478 1075 3537 1130 in
3586 1080 3781 1131 castra

365 1175 467 1230 ρου
494 1152 740 1209 τάλαντα
770 1149 1038 1224 δισχίλια,
1068 1152 1160 1209 καὶ
1202 1154 1270 1209 τά
1326 1152 1556 1226 δόξαντα
1590 1157 1759 1212 πάντα
1786 1157 2017 1229 κομισά-

2129 1162 2345 1217 reversi
2375 1167 2534 1218 sunt.
2580 1164 2721 1219 Post
2749 1162 2878 1220 hare
2931 1165 3404 1221 sacrificantibus
3455 1165 3670 1219 Graecis
3724 1168 3784 1219 et

366 1266 531 1319 μενοι
560 1245 653 1299 καὶ
702 1242 1111 1324 ἀφορμηθέντες
1166 1251 1267 1315 τῆς
1324 1244 1543 1309 πόλεως
1575 1246 1909 1322 ὑπέστρεψαν
1947 1245 2017 1309 εἷς

2129 1251 2453 1307 discessum
2472 1253 3083 1326 parantibus,Ulysses
3106 1256 3412 1311 universos
3437 1254 3595 1309 inter
3617 1271 3787 1310 sacra

356 1335 457 1389 τὸν
491 1334 743 1408 στρατόν.
777 1333 928 1390 Μετὰ
981 1337 1148 1388 ταῦτα
1206 1333 1569 1404 θυσιαζόντων
1598 1339 1706 1389 τῶν
1735 1332 2017 1405 Ἑλλήνων

2129 1339 2519 1411 jurejurando
2549 1343 2828 1398 astrinxit
2857 1360 2975 1399 non
3004 1349 3142 1399 ante
3172 1344 3539 1400 discessuros
3570 1343 3642 1399 ab
3673 1343 3782 1399 Ilio

348 1424 444 1478 καὶ
480 1422 829 1477 ἀποπλεῦσαι
857 1420 1238 1496 βουλομένων,
1258 1424 1462 1487 πάντας
1487 1422 1801 1498 ἒνώρκωσεν
1827 1419 2022 1480 Ὀδυσο

356 1513 489 1574 σεὺς
520 1512 574 1567 ἓν
603 1517 727 1574 ταῖς
759 1510 971 1575 θυσίαις
1007 1513 1083 1584 μή
1118 1509 1456 1575 ἆποπλεῦςαι
1491 1518 1593 1582 τῆς
1625 1511 1796 1569 Ἰλίου
1827 1510 1954 1587 πρὶν
1985 1511 2023 1581 ἢ

353 1600 452 1657 τὸν
484 1599 738 1675 δούρειον
792 1598 964 1656 ’ίππον
1023 1603 1545 1667 κατασκευασθῆναι.
1604 1602 1788 1666 Ἔνθεν
1816 1621 1904 1656 τοι
1933 1598 2025 1654 καὶ

354 1691 554 1762 ξύλοις
608 1696 731 1752 τοῖς
782 1687 1225 1765 ἆρμοδιωτάτοις
1282 1692 1662 1764 συμπήξαντες
1689 1694 1781 1746 καί
1814 1689 2025 1767 εὐφυῶς

353 1781 901 1853 κατακοσμήσαντες,
932 1780 1021 1835 καὶ
1065 1784 1189 1845 ταῖς
1235 1781 1453 1837 Ἐπειοῦ
1481 1780 1868 1856 τεχνουργίαις
1896 1781 2027 1833 θαυ-

359 1869 570 1944 μαστὸν
631 1869 796 1924 αὐτὸν
880 1869 1169 1948 ὑπερφυῶς
1246 1870 1778 1944 κατασκευασάμενοι
1829 1868 2026 1928 πάσαις
2058 1897 2105 1963 Β

363 1956 880 2035 μηχανορῥαφίαις,
938 1956 1079 2013 ὥστε
1139 1957 1231 2015 καὶ
1292 1959 1521 2034 στρατὸν
1578 1958 2027 2031 εἰκοσιτεσσάρων

361 2047 610 2104 ὁπλιτῶν
634 2042 788 2102 ἔνδον
819 2047 1127 2119 κρύπτοντα
1156 2042 1386 2104 ἆόίαστά
1416 2046 1505 2104 διὰ
1533 2046 1906 2124 τροχιλίσκων
1931 2044 2027 2101 ἐλ-

372 2137 603 2209 κόμενον
629 2139 727 2201 τῆς
785 2130 1049 2214 φορϐειᾶς
1104 2135 1451 2207 ἀκολουθεῖν,
1507 2137 1596 2193 καὶ
1653 2141 1846 2191 τοῦτον
1880 2135 2025 2191 οὕτω

377 2224 773 2297 τεκτηνάμενοι,
809 2225 908 2287 τάς
937 2227 1143 2297 σκηνάς
1186 2247 1246 2282 τε
1291 2226 1723 2290 κατακαύσαντες
1764 2225 1855 2281 καὶ
1884 2224 2025 2279 ἄπο-

377 2313 693 2377 πλεύσαντες
717 2314 808 2370 καὶ
840 2315 917 2377 εἰς
947 2312 1170 2371 Τένεδον
1219 2316 1524 2387 ὑποθήκαις
1553 2313 1853 2376 Ὀδυσσέως
1885 2315 2025 2370 ἀπο-

364 2398 649 2476 κρυϐἐντες
702 2404 804 2473 τήν
859 2411 1048 2475 νῆσον,
1099 2402 1190 2459 ἕνα
1243 2406 1368 2461 τινὰ
1415 2409 1652 2481 γενναῖον
1694 2401 1861 2480 ἄνδρα
1894 2426 2021 2460 κατ-

355 2492 730 2567 αικισάμενοι,
790 2492 880 2548 καὶ
972 2491 1207 2567 μετρίως
1293 2493 1455 2551 αὐτὸν
1516 2496 2023 2570 ἀκρωτηριάσαντες

346 2582 615 2638 ἕθὲλοντα
664 2581 757 2637 καί
819 2582 1089 2658 χαίροντα
1148 2588 1229 2656 τῷ
1285 2582 1489 2658 ἐπαίνῳ
1544 2584 1635 2639 καὶ
1684 2588 1767 2656 τῷ
1819 2587 2018 2656 μισθῷ,

340 2669 643 2746 προδότην
696 2671 920 2752 ἀφιᾶσιν
976 2671 1159 2727 αὐτόν’
1218 2674 1279 2735 ὅς
1335 2670 1856 2747 διαπυνθανομένοις
1902 2678 2018 2735 τοῖς

353 2757 659 2838 βαρϐάροις
685 2762 740 2817 τί
790 2760 854 2817 ἃν
906 2760 993 2833 εἴη
1045 2762 1108 2818 τὸ
1164 2762 1520 2838 προκείμενον
1551 2758 1715 2840 ἔργον
1743 2763 1894 2818 τουτὶ
1929 2763 2014 2817 καὶ

343 2853 485 2928 πρὸς
541 2852 597 2908 τί
658 2851 905 2931 φέροιτο,
965 2851 1288 2930 ἀπεκρίνατο
1346 2852 1556 2929 λὲγωνο
1620 2856 1714 2926 Τῷ
1754 2854 1888 2929 ἱερῷ
1914 2857 2015 2920 τῆς

347 2943 593 3015 Ἀθηνᾶς
634 2942 940 3008 ἀνατιθέασι
999 2946 1192 2999 Δαναοὶ
1247 2947 1435 3014 τοῦτο,
1496 2943 1638 3018 ὁμοῦ
1685 2943 1780 3017 μὶν
1809 2942 2016 2999 ἀπολο-

340 3032 469 3108 γίαν
524 3032 661 3107 ὑπὲρ
708 3034 786 3087 ὧν
833 3031 910 3096 εἴς
959 3034 1063 3103 τήν
1115 3030 1278 3088 πόλιν
1326 3032 1495 3102 αὐτῆς
1545 3036 1625 3108 [Ρ.
1660 3035 1781 3107 132]
1813 3030 2015 3103 ἠδίκη-

348 3144 469 3193 σαν,
504 3123 651 3196 ὁμοῧ
682 3119 744 3177 δὲ
769 3122 859 3178 καὶ
892 3119 1070 3199 δῶρον
1117 3126 1280 3179 τοῦτο
1335 3121 1469 3197 ὑπὲρ
1513 3129 1616 3193 τῆς
1656 3122 1733 3178 εἷς
1762 3122 1859 3185 τὰς
1892 3124 2014 3178 εαυ-

344 3217 461 3269 τῶν
532 3210 797 3288 πατρῖδας
858 3212 1134 3285 σωτηρίας
1210 3213 1305 3268 καὶ
1390 3212 1469 3276 εἷς
1538 3214 1763 3286 μνήμην
1832 3213 2012 3268 αὐτῶν

2132 1445 2309 1499 quam
2346 1447 2532 1501 equus
2563 1430 2814 1503 ligneus,
2836 1433 2936 1503 qui
2969 1433 3042 1488 ob
3075 1432 3136 1487 id
3169 1438 3227 1487 et
3247 1434 3499 1488 Dureius
3522 1438 3780 1503 vocatur,

2132 1517 2442 1575 absolutus
2474 1527 2651 1577 esset.
2694 1522 2858 1577 Hunc
2891 1522 3097 1591 Graeci,
3124 1523 3265 1594 Ερεί
3298 1522 3572 1590 artificio,
3605 1521 3782 1592 lignis

2134 1607 2598 1665 concinnissime
2630 1610 3199 1683 compactis,insigni
3231 1616 3444 1667 ornatu
3466 1609 3785 1666 admirabi-

2133 1693 2295 1766 lique
2327 1712 2505 1769 opere
2538 1700 3109 1766 construxerunt,ita
3128 1705 3195 1755 ut
3217 1700 3379 1755 intus
3403 1702 3470 1754 24
3492 1699 3785 1755 militibus

2132 1785 2324 1858 gravis
2373 1793 2690 1843 armaturae
2744 1788 2984 1857 abditis,
3037 1788 3251 1844 rotulis
3298 1789 3615 1861 impositus
3666 1794 3785 1845 tra-

2134 1873 2343 1930 bentes
2373 1876 2523 1933 581
2555 1877 2882 1948 capistrum
2913 1876 3085 1933 facile
3117 1882 3488 1948 sequeretur.
3507 1881 3584 1933 Eo
3611 1877 3785 1933 abso-

2136 1962 2261 2018 luto
2294 1963 2681 2021 tabernacula
2701 1982 2806 2021 sua
2829 1966 3375 2034 combusserunt,et
3395 1967 3457 2020 in
3480 1965 3783 2021 Tenedum

2134 2051 2392 2108 insulam
2425 2054 2769 2127 navigantes
2802 2054 2882 2110 ibi
2918 2071 3046 2111 sese
3078 2054 3527 2110 occultaverunt
3556 2054 3782 2126 Ulyssis

2135 2141 2401 2211 consilio,
2452 2142 2864 2199 tantummodo
2910 2143 3115 2199 relicto
3168 2143 3496 2216 proditore,
3536 2143 3782 2199 homine

2133 2231 2406 2302 generosi
2437 2231 2751 2303 animi;qui
2784 2232 2961 2288 laude
2989 2238 3049 2288 et
3101 2233 3347 2305 praemio
3381 2232 3659 2289 inductus
3707 2232 3783 2288 ad

2133 2317 2244 2373 hoc
2272 2336 2402 2375 sese
2437 2320 2782 2377 vulneribus
2813 2320 3154 2376 fmdandum
3188 2324 3248 2377 et
3277 2321 3559 2376 extremis
3598 2321 3783 2393 parti-

2131 2407 2244 2463 bus
2268 2408 2479 2464 leviter
2507 2408 2904 2465 mutilandum
2935 2409 3093 2466 ultro
3119 2411 3536 2482 praebuere.th
3567 2411 3786 2466 Barba-

2132 2496 2214 2551 ris
2238 2497 2743 2570 interrogantibus
2762 2499 3048 2570 quidnam
3070 2500 3181 2554 sibi
3209 2500 3321 2555 ista
3343 2500 3479 2571 equi
3507 2500 3784 2556 machina

2129 2586 2325 2655 vellet,
2384 2587 2695 2659 respondit
2760 2590 2995 2645 Graecos
3052 2605 3184 2643 eam
3246 2589 3467 2661 templo
3513 2590 3781 2645 Minervae

2130 2690 2480 2731 consecrare
2503 2681 2680 2747 atque
2712 2674 3156 2742 dedicare,cum
3188 2676 3264 2732 ad
3285 2677 3610 2748 expiandas
3633 2693 3782 2749 quas

2129 2763 2259 2835 ejus
2288 2764 2418 2820 urbi
2452 2764 2799 2821 intulissent
2828 2764 3233 2837 injurias,tum
3265 2770 3333 2821 ut
3370 2770 3526 2822 esset
3554 2766 3780 2823 donum

2127 2868 2235 2923 pro
2261 2852 2457 2908 reditu
2488 2853 2752 2925 ipsorum
2782 2852 2843 2907 in
2876 2853 3130 2925 patriam
3172 2854 3558 2926 ipsorumque
3585 2856 3778 2911 moni-

2126 2946 2419 2999 mentum.
2479 2943 2658 2998 Troes
2710 2958 2847 3014 ergo
2897 2942 2990 2997 his
3054 2942 3234 2998 fidem
3294 2942 3583 2999 habentes
3641 2962 3777 3000 cum

2126 3032 2338 3106 gaudio
2366 3039 2424 3088 et
2442 3031 2649 3088 laetitia
2671 3032 2953 3088 Dureium
2976 3048 3195 3104 equum
3220 3033 3363 3104 (imo
3386 3038 3582 3089 autem
3605 3047 3775 3087 suam

2126 3121 2395 3193 ipsorum
2426 3121 2779 3195 perniciem)
2813 3122 3055 3177 funibus
3112 3122 3421 3195 alligatum
3446 3122 3509 3178 in
3563 3121 3775 3177 urbem

2128 3217 2457 3280 traxerunt,
2490 3228 2761 3283 pmanem
2809 3212 3153 3267 accinentes
3186 3254 3200 3281 ,
3243 3217 3550 3284 portaeque
3599 3228 3775 3283 supe-

348 3267 613 3380 άφιεροῦν
644 3267 959 3377 ’Ϋκεκρίκασι
995 3267 1146 3360 ’δεῖκλ
1200 3267 1279 3360 Ol
1338 3267 1549 3357 τοίνυνΙ
1821 3304 2011 3372 πειθή-

2129 3302 2280 3358 riore
2310 3301 2515 3356 limine
2545 3307 2908 3365 amoto,eum
2940 3307 3004 3356 ut
3034 3306 3160 3356 erat
3190 3300 3460 3356 hostibus
3494 3300 3771 3369 refertus,

346 3413 461 3446 νιοι
518 3391 741 3456 τούτοις
794 3390 1098 3466 γενόμενοι,
1154 3386 1416 3454 λαϐόντες
1492 3391 1585 3447 σὺν
1638 3391 1869 3465 εὐθυμία
1922 3391 2011 3446 καὶ

351 3485 620 3560 χαρμονῇ
678 3478 772 3536 τὸν
833 3477 1081 3555 δούρειον
1130 3477 1326 3551 ἵππον,
1378 3479 1596 3554 μᾶλλον
1652 3478 1712 3536 δὲ
1747 3482 1836 3536 τὸν
1867 3478 2007 3536 ἴδιον

347 3569 613 3646 ὂλεθρον,
642 3571 736 3625 καὶ
765 3568 1065 3633 καλωδίοις
1103 3569 1420 3635 ἄνὲλκοντες
1475 3571 1566 3626 καὶ
1622 3569 1919 3641 εύάζοντες,
1946 3572 2011 3626 τὸ

343 3666 451 3728 τῆς
484 3657 673 3731 πύλης
704 3658 1006 3735 ὑπέρθυρον
1064 3657 1288 3736 ἄραντες
1343 3665 1461 3725 τοῖς
1513 3664 1612 3716 τοῦ
1669 3662 1793 3716 θεοῦ
1831 3659 2008 3717 αὐτῶν

345 3745 572 3810 ἀδύτοις
610 3748 748 3823 μετὰ
802 3753 912 3805 τῶν
973 3746 1186 3828 ἐχθρῶν
1246 3748 1559 3828 εἰσήγαγον.
1590 3751 1685 3808 Ἕν
1717 3747 1775 3805 δὶ
1800 3754 1880 3822 τῷ
1912 3770 2009 3824 με-

344 3839 628 3909 σονυκτίῳ
659 3837 719 3894 οἷ’
745 3836 797 3893 ἐν
844 3839 927 3910 τῷ
975 3837 1132 3912 ἳππῳ
1186 3836 1467 3918 λοχῶντες
1496 3836 1584 3894 ἐπὶ
1616 3838 1831 3915 σχολῆς
1861 3839 2013 3894 ἐκπε-

345 3923 695 3997 πηδηκότες,
726 3927 892 3983 αὐτόν
947 3947 1008 3983 τε
1060 3929 1153 3983 τὸν
1212 3927 1459 4003 Πρίαμον
1515 3927 1605 3984 καὶ
1656 3927 1785 3990 τοὺς
1813 3925 2013 3990 παῖδας

340 4013 514 4069 αὑτοῦ
545 4012 849 4083 ἀνελόντες,
905 4015 999 4071 τόν
1057 4036 1116 4072 τε
1175 4011 1449 4094 Δηίφοϐον
1480 4016 2011 4093 ἀκρωτηριάσαντες,

338 4104 410 4158 τὸ
440 4102 662 4169 πλῆθος
692 4101 752 4160 δε
771 4110 880 4160 τῶν
913 4102 1124 4181 ἀνδρῶν
1152 4105 1830 4182 ἀποκτείναντες,πυρσοῖς
1862 4103 2013 4179 μάλα

348 4192 640 4269 λαμπροῖς
669 4194 757 4249 καὶ
794 4199 1020 4271 συχνοῖς
1046 4199 1165 4258 τοῖς
1186 4192 1245 4250 ἐκ
1273 4199 1372 4251 τοῦ
1399 4196 1618 4272 τείχους
1644 4197 1739 4250 τὸν
1770 4199 1877 4250 τῶν
1908 4204 2013 4251 Δα-

341 4286 499 4336 ναῶν
533 4281 731 4338 στόλον
758 4284 898 4358 πρὸς
929 4283 1149 4346 ἑαυτούς
1174 4283 1527 4361 ἐπέστρεψαν.
1549 4284 1790 4361 Ἡμέρας
1819 4281 1878 4340 δὶ
1900 4281 2011 4355 ἤδη

344 4368 700 4445 διαγελώσης
744 4371 835 4427 καὶ
884 4372 1042 4429 αὐτοὶ
1094 4372 1461 4448 παραστάντες
1500 4372 1627 4436 τοὺς
1657 4372 2014 4453 ὑπολειφθέν·

336 4479 444 4521 τας
475 4458 688 4523 πάντας
746 4459 1080 4517 ἆπέκτειναν·
1136 4463 1235 4525 τάς
1294 4458 1354 4518 δὶ
1397 4467 1655 4537 γυναῖκας
1710 4462 2012 4538 αἰχμαλώ-

2122 3392 2187 3447 in
2214 3391 2517 3463 penetrale
2547 3391 2672 3445 dem
2702 3390 3377 3445 introduxerunt.Media
3406 3395 3577 3445 nocte
3610 3388 3647 3443 ii
3668 3389 3770 3460 qui

2120 3482 2184 3536 in
2211 3497 2363 3552 equo
2389 3497 2495 3553 per
2516 3479 2768 3535 insidias
2798 3478 2987 3534 abditi
3018 3479 3483 3551 latebant,capto
3504 3483 3771 3549 tempore

2119 3570 2797 3639 desilientes,Priamum
2834 3571 3081 3644 ejusque
3115 3569 3272 3626 ﬁlios
3302 3570 3601 3638 occidunt,
3636 3570 3774 3625 Dei-

2120 3661 2383 3734 phobum
2416 3660 2696 3716 extremis
2728 3659 2997 3731 corporis
3027 3659 3298 3732 partibus
3329 3663 3610 3715 truncant
3642 3674 3658 3726 ;
3702 3674 3772 3715 ac

2119 3750 2504 3807 multitudine
2531 3748 2793 3805 hostium
2817 3748 3386 3817 trucidata,celebris
3412 3766 3481 3804 ac
3500 3747 3774 3821 fulgenti-

2118 3840 2230 3897 bus
2260 3839 2496 3911 ignibus
2525 3838 2598 3894 de
2625 3856 2795 3894 muro
2828 3837 3024 3904 editis,
3060 3838 3235 3894 classi
3268 3840 3482 3894 Graeca:
3513 3837 3587 3893 ad
3609 3837 3772 3910 ipsos

2120 3928 2455 3986 revertendi
2486 3928 2724 4001 signum
2773 3927 3075 3983 exhibent.
3130 3928 3202 3984 Ut
3242 3928 3505 4000 primum
3553 3926 3771 3992 illuxit,

2120 4016 2319 4073 caeteri
2367 4016 2547 4071 etiam
2601 4015 2943 4072 adfuerunt.
2990 4014 3076 4069 Ibi
3135 4016 3426 4087 Trojanis,
3483 4020 3774 4087 quotquot

2121 4109 2493 4178 supererant,
2555 4103 2833 4159 omnibus
2892 4103 3243 4172 interfectis,
3302 4120 3517 4159 uxores
3566 4120 3773 4161 eorum

2121 4199 2298 4266 atque
2329 4194 2520 4265 ipsam
2553 4208 2794 4264 quoque
2827 4191 3125 4247 Hecubam
3173 4193 3463 4264 captivam
3512 4192 3773 4249 abduxe-

2120 4286 2397 4350 runt,nec
2427 4297 2547 4337 non
2587 4285 2647 4336 et
2675 4296 2856 4352 pecus
2888 4280 3249 4349 omne,232
3273 4281 3773 4353 suppellectilem-

2122 4390 2236 4445 que
2268 4372 2426 4427 inter
2455 4387 2518 4427 se
2548 4370 2750 4443 partiti
2774 4374 2952 4437 sunt;
2988 4368 3340 4442 redditaque
3374 4370 3638 4426 Menelao
3662 4372 3772 4426 He-

2120 4464 2344 4532 lena,et
2364 4460 2511 4518 urbe
2534 4460 2800 4532 undique
2822 4460 3068 4516 incensa
3097 4466 3277 4533 atque
3302 4458 3773 4531 diruta,domum

335 4568 479 4610 τους
510 4548 608 4603 καὶ
634 4551 737 4619 τήν
763 4545 999 4622 Ἑκάϐην
1055 4551 1146 4607 καὶ
1209 4551 1276 4608 τὰ
1333 4533 1507 4623 κτήνη
1541 4533 1827 4623 λαϐόντες,
1858 4552 1921 4608 τά
1948 4572 2007 4607 τε

2129 4551 2309 4608 redire
2338 4549 2745 4606 intenderunt.

341 4638 521 4710 σκεύη
550 4639 643 4693 καὶ
675 4636 795 4711 εἴδη
825 4640 1349 4717 καταχαρισάμενοι,
1379 4642 1480 4713 τήν
1513 4661 1573 4698 τε
1599 4641 1828 4714 Έλὶνην
1876 4646 1957 4715 τῷ
2004 4636 2273 4711 Μενελάῳ
2305 4636 2599 4701 ἂποδόντες
2628 4637 2720 4693 καὶ
2746 4638 2845 4707 τήν
2875 4636 3040 4695 πόλιν
3072 4643 3246 4694 πᾶσαν
3275 4634 3655 4715 ἔμπρήσαντες
3685 4636 3775 4694 καὶ

342 4728 858 4803 καταστρεψάμενοι
889 4727 1297 4788 ἐπαλινόστουν.

419 4815 575 4872 lla-ci
602 4817 668 4871 τὸ
707 4817 913 4873 ἁλῶναι
959 4818 1024 4873 τὸ
1072 4817 1248 4877 Ἴλιον
1304 4816 1440 4883 Αἴας
1467 4820 1496 4875 ὁ
1527 4817 1890 4894 Τελαμώνιος
1918 4824 2011 4879 καὶ

344 4904 650 4969 Ὀδυσσεὺς
705 4911 803 4962 τοῦ
861 4905 1064 4978 ζωδίου
1119 4905 1410 4974 Παλλάδος
1465 4909 1717 4984 ἑκάτερος
1763 4910 2011 4968 ἀντεποι-

347 4999 541 5063 οῦντο,
572 4994 651 5058 ὡς
682 4994 828 5069 αὗτῷ
858 4992 1207 5076 διαφὲροντος
1260 4996 1351 5051 καὶ
1403 4999 1475 5072 τῇ
1536 4994 1648 5069 ἰδίᾳ
1685 4996 1851 5054 πόλει
1878 4996 2013 5068 ’ἕξειν

352 5085 491 5142 αύτό
532 5083 933 5165 φυλακτήριον,
990 5086 1065 5149 ὡς
1120 5086 1339 5143 πάντων
1385 5087 1711 5162 ἒπίπροσθεν
1753 5088 2017 5165 ἀγωνιζό-

356 5196 548 5247 μενον.
622 5173 820 5233 Βολλᾶ
876 5173 935 5232 δὲ
990 5178 1424 5252 στρατηγήματα
1476 5177 1529 5253 ἦε
1558 5178 1884 5257 ἀμφοτέρων
1916 5178 2015 5254 ῥη-

347 5265 530 5327 θέντα.
564 5263 723 5337 ὅμως
755 5264 810 5320 ἰν
855 5267 1149 5341 παραθήκῃ
1200 5262 1409 5322 δίδοται
1453 5268 1518 5323 τὸ
1567 5265 1882 5324 Παλλάδιον
1910 5267 2018 5331 ’ὲως

344 5355 502 5428 πρωί
528 5358 612 5427 τῷ
646 5352 943 5429 Διομήδει.
987 5356 1084 5411 Διὰ
1145 5356 1327 5429 μέντοι
1382 5357 1571 5420 νυκτὸς
1626 5356 1853 5429 ἀδήλως
1885 5357 2021 5436 σφά-

345 5450 498 5514 ζεται
528 5441 693 5507 Αἴας.
756 5444 980 5519 ΙΙρωΐας
1038 5442 1098 5500 δὲ
1145 5446 1444 5523 γενομένης
1475 5446 1553 5509 ὡς
1581 5444 1774 5523 εἷ’)ρέοη
1806 5448 2022 5522 νεκρὸς,

340 5533 571 5605 πολλῆς
629 5533 876 5595 στάσεως
930 5536 1234 5612 γενομένης
1293 5534 1369 5599 εἷς
1426 5534 1713 5612 ὒπόληψιν
1752 5536 1892 5606 ἦλθε
1917 5544 2020 5607 τῆς

340 5626 594 5700 πράξεως
623 5621 946 5684 Ὀδυσσεύς’
1008 5624 1128 5688 ὅθεν
1185 5626 1274 5681 καὶ
1335 5625 1413 5689 εἰς
1467 5624 1744 5703 ἐμφύλιον
1785 5628 2025 5683 ἀναπτο-

336 5716 509 5789 μένου
566 5718 667 5772 τοῦ
728 5714 1064 5791 πράγματος
1117 5712 1391 5789 πόλεμον,
1448 5719 1667 5791 πρῶτος
1732 5714 2023 5780 Ὀδυσσεὺς

576 5838 859 5909 ΡΑτιιοιε.
910 5833 1021 5894 Gn.
1066 5833 1274 5897 CXXI.

2193 4819 2300 4875 Ilio
2333 4822 2526 4892 capto,
2558 4818 2707 4890 Ajax
2743 4816 3127 4873 Telamonius
3156 4822 3216 4873 et
3245 4817 3482 4891 Ulysses
3525 4822 3777 4889 uterque

2125 4910 2239 4967 sibi
2265 4908 2598 4965 Palladium
2623 4906 3105 4973 vindicavit,cum
3126 4913 3379 4979 uterque
3402 4907 3476 4962 ob
3497 4907 3777 4964 toleratos

2126 5016 2231 5072 pro
2266 5002 2389 5054 toto
2410 4996 2675 5053 exercitu
2704 4995 2938 5051 labores
2961 4996 3075 5051 sibi
3100 4996 3158 5051 id
3190 4996 3265 5052 ad
3291 5013 3412 5051 sua;
3442 4996 3609 5052 urbis
3632 5001 3780 5051 tute-

2127 5089 2248 5145 lam
2280 5086 2484 5143 doberi
2516 5085 2926 5142 contenderet.
2949 5089 3095 5141 Cum
3125 5090 3377 5156 uterque
3407 5084 3598 5140 multa
3626 5101 3782 5155 prm-

2130 5178 2290 5235 clara
2304 5193 2413 5233 sua
2434 5177 2562 5249 ejus
2585 5175 2727 5232 belli
2751 5175 3019 5231 facinora
3041 5172 3781 5241 commemorasset,Palla-

2130 5268 2295 5325 dium
2314 5273 2513 5323 tamen
2537 5280 2729 5336 usque
2748 5266 2808 5319 in
2834 5263 3161 5319 crastinum
3185 5263 3339 5319 diem
3365 5263 3521 5335 apud
3545 5263 3782 5319 Diome-

2129 5359 2268 5414 dem
2298 5355 2632 5428 depositum
2666 5353 2777 5408 fuit
2806 5352 2917 5408 Sed
2951 5369 3021 5407 ea
3051 5358 3222 5408 nocte
3255 5352 3724 5423 Ajax,incertum
3748 5367 3784 5406 ει

2132 5465 2271 5521 quo,
2332 5444 2644 5501 occiditur.
2704 5444 2845 5507 Qum
2898 5458 2992 5496 res
3042 5458 3176 5496 cum
3229 5458 3505 5515 magnam
3546 5440 3782 5496 turbam

2134 5533 2717 5604 excitasset,Ulysses
2744 5531 2807 5585 in
2838 5529 3243 5601 suspicionem
3277 5530 3411 5601 ejus
3439 5531 3581 5587 facti
3611 5529 3785 5585 deve-

2132 5627 2261 5693 nit;
2295 5637 2550 5693 cumque
2568 5620 2644 5676 ad
2674 5619 3026 5675 intestinum
3046 5619 3175 5691 jam
3196 5634 3293 5674 res
3314 5618 3540 5675 bellum
3561 5624 3785 5690 specta-

2134 5715 2483 5789 ret,primus
2513 5710 2747 5783 Ulysses
2777 5707 3049 5766 deductis
3100 5709 3222 5766 suis
3271 5709 3525 5766 navibus
3553 5726 3584 5765 e
3612 5706 3787 5778 Troja

3506 5825 3542 5886 9
