4142 6424
355 363 471 424 267

1704 356 2025 421 GEORGII
2068 357 2414 426 CEDRENI

3652 365 3774 429 268

353 499 518 566 abiit,
554 513 810 571 eumque
843 512 1051 552 omnes
1084 500 1227 553 sunt
1256 495 1463 552 secuti.
1487 496 1605 551 Hoc
1637 493 1748 551 fuit
1776 493 1998 566 princi-

2121 492 2342 557 έλκόσας
2399 497 2468 555 τὰ
2524 499 2717 555 ἑαυτοῦ
2774 499 2947 557 πλοῖα
3024 499 3329 579 ἀφωρμησε
3385 504 3487 567 τῆς
3546 502 3774 575 Τροίας,

354 588 520 659 pium
542 588 878 644 Graecorum
902 584 1609 643 discessionisﬂecubnm
1636 588 1998 650 autem,cum

357 695 427 735 ea
455 677 739 735 exercitui
773 675 902 731 dira
934 674 1631 748 imprecaretur,Ulysses
1663 691 1795 730 cum
1830 674 2003 729 sociis

356 767 651 840 lapidibus
678 766 937 821 obruunt
968 771 1027 822 et
1082 765 1143 821 in
1173 782 1337 821 mare
1396 764 1644 836 ejiciunt
1673 764 1747 820 ad
1804 763 2004 819 locum

359 858 453 913 cui
484 873 706 913 nomen
740 858 1056 920 Maronea;
1089 855 1191 926 qui
1225 858 1283 909 et
1313 855 1504 926 Cynos
1537 870 1722 924 sema,
1751 853 1861 908 hoc
1893 858 2002 922 est,

360 945 534 1003 Canis
563 945 1023 1013 monimentum,
1056 943 1387 1016 appellatus
1417 942 1489 999 ab
1521 942 1595 997 iis
1627 946 1735 998 est.

431 1034 653 1090 Deinde
686 1034 923 1104 Ulysses
951 1032 1111 1104 apud
1140 1032 1408 1088 Sicilium
1439 1031 1649 1088 incidit
1685 1031 1746 1087 in
1805 1031 2007 1101 Cyclo-

361 1141 518 1196 pem.
543 1125 667 1180 Non
693 1122 805 1178 fuit
834 1122 907 1193 is,
934 1127 999 1177 ut
1027 1122 1318 1178 Homerus
1347 1121 1665 1187 iabulatur,
1687 1120 2003 1191 unoculus,

363 1214 467 1270 sed
498 1214 768 1269 omnium
793 1212 1107 1269 hominum
1138 1218 1353 1269 natura
1376 1212 1684 1281 similis,ut
1713 1210 2005 1280 etreliqui

360 1302 665 1375 Cyclopes.
701 1302 815 1357 Sed
872 1302 913 1356 ii
956 1301 1135 1356 vastis
1194 1300 1545 1373 corporibus
1596 1305 1786 1368 erant,
1839 1297 2005 1355 eil‘eri

360 1397 538 1464 atque
578 1392 892 1457 immanes,
926 1389 1255 1458 smvissimi,
1286 1388 1792 1455 inhumanissimi,
1827 1392 2004 1459 atque

363 1480 624 1537 caedibus
652 1478 929 1535 humanis
987 1478 1364 1534 deditissimi.
1424 1477 1565 1535 Inde
1625 1477 1697 1533 ad
1754 1477 2005 1532 Aiolicas

356 1567 585 1625 insulas
625 1566 855 1623 delatus
881 1572 1131 1641 est.post
1158 1566 1231 1623 ad
1263 1566 1471 1622 Circen
1503 1570 1561 1621 et
1589 1565 2004 1637 Calypsonem,

354 1657 607 1715 Atlantis
640 1657 812 1715 ﬁlias.
845 1658 927 1711 Ex
959 1657 1125 1712 Circe
1155 1656 1336 1712 etiam
1365 1653 1557 1711 ﬁlium
1605 1655 1814 1712 habuit
1843 1653 2004 1710 Tele-

355 1763 596 1819 genum.
647 1748 860 1803 Postea
903 1747 978 1801 ad
1025 1744 1301 1819 paludem
1356 1745 1598 1801 nomine
1647 1745 2002 1817 Necyopam,

356 1834 458 1892 ubi
490 1852 558 1891 ex
578 1835 716 1891 visis
741 1834 1097 1907 quibusdam
1119 1851 1190 1890 ea
1212 1850 1342 1908 quae
1367 1833 1480 1889 sibi
1502 1837 1785 1890 eventura
1804 1834 2007 1887 essent
2043 1876 2087 1941 Β

583 1925 779 1941 ...ι
906 1923 1007 1941 .,..
1700 1929 1771 1941 ί,
1855 1920 2003 1941 _._,

356 1925 644 1998 cognovit.
678 1925 819 1980 Inde
850 1923 924 1980 ad
955 1924 1229 1982 Sirenum
1261 1940 1401 1980 saxa
1431 1924 1659 1995 ejectus
1690 1929 1800 1991 est,
1846 1927 1903 1977 et
1934 1920 2009 1977 ad

357 2016 693 2089 Charybdin
724 2033 792 2072 ac
825 2015 1102 2088 Scyllam,
1125 2033 1256 2088 quae
1279 2016 1342 2071 in
1364 2015 1634 2073 faucibus
1660 2015 1775 2071 sita
1791 2012 2008 2071 Oceani

359 2106 575 2163 ﬂuctus
605 2106 825 2177 excipit
854 2123 922 2162 ac
950 2104 1514 2179 przeternavigantes
1546 2104 1893 2176 submergit.
1923 2103 2007 2158 lbi

363 2194 643 2253 omnibus
690 2194 938 2252 navibus
987 2211 1056 2250 ac
1106 2193 1283 2251 sociis
1322 2192 1582 2261 amissis,
1629 2193 1759 2267 ipse
1809 2192 2012 2249 tabula

363 2290 600 2355 arrepta
627 2300 763 2339 cum
814 2282 988 2339 undis
1019 2282 1294 2349 ferretur,
1327 2282 1409 2339 ita
1436 2281 1656 2338 vehens
1688 2299 1723 2337 a
1771 2281 2008 2339 Phwni-

360 2375 529 2431 cibus
559 2378 839 2444 exceptus
867 2371 1184 2442 nudusque
1215 2372 1277 2427 in
1298 2372 1531 2427 Cretam
1563 2377 1652 2428 est
1681 2371 1755 2427 ad
1783 2371 2013 2427 Idomec

359 2480 539 2521 neum
567 2461 878 2519 deductus.
941 2460 1296 2517 Idomeneus
1329 2478 1467 2517 eum
1511 2460 1730 2517 additis
1781 2459 2011 2517 duabus

364 2551 613 2609 navibus
644 2568 713 2608 ac
742 2554 811 2607 50
837 2549 976 2605 viris
1007 2550 1254 2606 delectis
1285 2550 1359 2606 ad
1389 2550 1703 2606 Alcinoum
1740 2548 1904 2605 misit
1948 2548 2011 2605 in

358 2641 619 2698 insulam
665 2640 1020 2709 Plizeaciam,
1080 2656 1212 2709 quas
1259 2656 1421 2697 nunc
1470 2641 1737 2711 Corcyra:
1788 2654 2009 2693 nomen

356 2730 527 2803 gerit.
552 2728 832 2784 Alcinous
864 2744 1021 2796 eum,
1054 2727 1325 2799 pluribus
1355 2726 1549 2785 adhuc
1578 2726 1874 2782 militibus
1905 2725 2010 2782 ad-

360 2819 585 2886 hibitis,
626 2818 688 2873 in
720 2817 986 2874 Ithacum
1017 2815 1301 2882 deduxit;
1332 2832 1452 2888 qua
1496 2816 1719 2887 potitus
1771 2815 2009 2888 Ulysses

361 2908 555 2980 procis
584 2905 1243 2975 interfectis,domoque
1272 2905 1345 2960 ab
1377 2905 1449 2961 iis
1480 2906 1581 2978 qui
1615 2905 1727 2978 ipsi
1758 2905 2009 2962 insidia-

361 2997 579 3053 bantur
608 3000 878 3068 purgata,
925 3010 1176 3065 regnum
1207 2992 1601 3064 recuperavit.
1631 2994 1776 3048 Cum
1807 2999 2006 3049 autem

360 3085 583 3141 multos
617 3100 807 3139 annos
835 3082 1095 3147 vixisset,
1129 3098 1163 3139 a
1192 3082 1507 3154 Telegono,
1541 3098 1647 3138 suo
1706 3087 1765 3136 et
1812 3082 2008 3138 Circes

359 3174 505 3243 ﬁlio,
539 3174 770 3231 occisus
803 3178 913 3229 est.
945 3175 1091 3230 Nam
1123 3189 1257 3228 cum
1291 3188 1500 3227 necem
1533 3188 1566 3227 a
1617 3171 1738 3227 lilio
1773 3188 1878 3227 suo
1935 3187 2005 3226 ex

359 3262 713 3335 quibusdam
745 3262 1044 3320 vaticiniis
1074 3266 1386 3329 metueret,
1417 3277 1453 3316 a
1482 3260 1833 3316 Telemacho
1890 3262 2003 3317 sibi
2035 3224 2076 3289 Ο

359 3352 601 3409 cavebat
670 3352 917 3425 ejusque
970 3350 1244 3406 convictu
1301 3349 1659 3405 abstinebat.
1721 3356 1800 3405 Ac
1871 3367 2007 3406 cum

356 3441 688 3516 Telegonus
717 3441 983 3497 Ithacam
1013 3439 1719 3511 appulisset,seque,cum
1754 3455 1788 3494 a
1818 3445 2008 3495 custo-

361 3530 536 3586 dibus
586 3546 710 3587 non
757 3528 1349 3600 admitteretur,patri
1381 3545 1486 3584 suo
1520 3527 1768 3584 indicari
1794 3528 2013 3601 jussis-

358 3620 633 3692 set.quod
667 3626 794 3677 tum
825 3638 937 3677 nox
969 3626 1115 3683 erat,
1140 3618 1563 3675 vociferatione
1597 3618 1823 3688 oborta,
1847 3620 2009 3675 Tele-

357 3710 641 3767 machum
673 3710 880 3765 adesse
912 3715 1075 3765 ratus
1109 3708 1509 3779 Ulysses,cum
1542 3707 1738 3781 gladio
1781 3707 2012 3764 obviam

362 3803 489 3869 ivit,
548 3817 1022 3875 congressasque
1079 3800 1388 3871 Telegono,
1450 3799 1521 3855 ab
1582 3817 1650 3855 eo
1694 3801 2014 3873 pastinaca)

360 3892 532 3963 spina
560 3891 712 3947 ictus
744 3891 938 3962 periit.

2113 584 2204 637 καὶ
2238 587 2355 658 μετ’
2384 583 2589 645 ἐκεῖνον
2615 587 2867 659 ἅπαντες,
2916 588 3009 644 καὶ
3062 592 3222 644 τοῦτο
3274 588 3422 665 ἀρχὴ
3453 590 3641 666 γέγονε
3671 598 3773 660 τῆς

2112 678 2220 728 τῶν
2258 673 2536 748 Ἑλλήνων
2591 678 3024 754 ὑποχωρήσεως.
3084 678 3198 749 Τὴν
3259 677 3317 734 δὲ
3374 676 3609 751 Ἑκάϐην
3640 702 3777 737 κατ-

2115 766 2404 841 αρωμένην
2443 771 2523 841 τῷ
2554 773 2765 843 στρατῷ
2814 770 2867 825 οἱ
2899 770 3035 843 μετὰ
3085 767 3386 831 Ὀδυσσέως
3420 768 3597 835 λίθοις
3633 768 3776 844 βαλ-

2118 852 2271 909 λουσι
2303 855 2393 910 καὶ
2422 859 2490 930 τῇ
2522 855 2765 930 θαλάσσῃ
2813 858 3093 932 ῥίπτουσιν
3133 857 3212 922 εἷς
3242 858 3434 935 χώραν
3467 856 3778 934 λεγομένην

2116 945 2454 1017 Μαρώνειαν,
2486 946 2551 1019 ἥν
2583 948 2674 1003 καὶ
2709 949 2881 1011 Κυνὸς
2913 956 3066 1021 σῆμα
3097 948 3413 1022 ὠνόμασαν.

2186 1033 2420 1090 Ἐκεῖθεν
2479 1032 2694 1091 ἐπίπτει
2760 1034 2812 1091 ἐν
2886 1034 3112 1108 Σικελίᾳ
3162 1034 3455 1108 Κύκλωπι,
3507 1035 3637 1111 οὐχὶ
3696 1035 3775 1092 ἑνὶ

2119 1119 2391 1198 ὀφθαλμῷ
2418 1124 2557 1181 κατὰ
2604 1126 2698 1190 τὰς
2743 1124 3081 1203 μυθολογίας
3139 1128 3388 1203 Ὁμήρου
3419 1128 3774 1202 κεχρημένῳ’

2118 1208 2245 1266 ἀλλ’
2272 1210 2552 1285 ἄνθρωπος
2587 1216 2681 1287 μὲν
2713 1215 2781 1285 ἦν
2819 1216 2918 1285 τὴν
2975 1215 3131 1295 φόσιν
3162 1216 3236 1278 ὡς
3265 1217 3463 1279 πάντες
3496 1215 3772 1292 ἅνθρωποι

2116 1297 2206 1354 καὶ
2240 1300 2291 1355 οἱ
2324 1299 2511 1357 λοιποὶ
2544 1301 2861 1375 Κύκλωπες,
2892 1303 2946 1359 οἳ
2973 1303 3064 1360 καὶ
3105 1304 3170 1361 τὸ
3202 1300 3345 1370 εἶδος
3371 1305 3503 1377 ἦσαν
3542 1304 3774 1382 μεγάλοι

2116 1387 2205 1443 καὶ
2280 1388 2693 1467 ἀπηγριωμένοι
2768 1392 2858 1448 καὶ
2934 1392 3217 1465 ἀπευκτοὶ,
3292 1395 3393 1465 τὴν
3461 1396 3777 1470 προαίρεσιν

2117 1478 2472 1554 παγχάλεποι
2527 1482 2618 1537 καὶ
2681 1484 3192 1559 μισανθρωπότατοι
3251 1484 3342 1538 καὶ
3387 1488 3775 1560 ερονικώτατοι.

2119 1569 2254 1624 Εἶτα
2284 1568 2359 1630 εἰς
2388 1569 2482 1632 τὰς
2514 1570 2744 1635 Αἰολίας
2781 1574 2984 1644 νήσους
3042 1573 3118 1635 εἰς
3178 1572 3381 1648 Κίρκην
3413 1572 3504 1629 καὶ
3537 1572 3777 1648 Καλυψὼ

2116 1656 2212 1712 τὰς
2272 1659 2568 1733 θυγατέρας
2628 1658 2952 1723 νΑτλαντοςο
3008 1660 3100 1735 ἀφ’
3156 1663 3223 1730 ἧς
3274 1661 3482 1736 Κίρκης
3538 1663 3628 1717 καὶ
3658 1663 3776 1719 υἱὸν

2117 1741 2247 1824 ἔσχε
2275 1746 2367 1801 τὸν
2395 1745 2723 1823 Τηλέγονον.
2771 1749 2904 1806 Εἶτα
2960 1749 3035 1813 είς
3068 1748 3269 1825 λίμνην
3299 1752 3399 1820 τήν
3428 1751 3778 1825 καλουμένην

2117 1834 2426 1907 Νεκόοπον,
2466 1836 2517 1891 ἐν
2565 1834 2602 1911 ᾖ
2654 1834 2744 1893 διὰ
2795 1838 3193 1916 φαντασμάτων
3228 1835 3370 1914 ἔγνω
3400 1840 3466 1894 τά
3499 1838 3781 1913 μέλλοντα

2116 1918 2431 1997 συμϐαίνειν
2485 1923 2653 1999 αὐτῷ.
2716 1928 2954 1992 Ἐκεῖθεν
3030 1928 3106 1990 εἰς
3162 1928 3257 1990 τὰς
3306 1934 3575 2003 Σειρῆνας
3628 1928 3776 2006 ἐκρί-

2114 2033 2301 2069 πτεται
2357 2014 2558 2091 πέτρας
2613 2017 2704 2072 καὶ
2760 2017 2859 2087 τὴν
2941 2017 3293 2091 καλουμένην
3354 2014 3632 2091 Χάρυϐδιν
3683 2016 3771 2074 καὶ

2117 2101 2392 2176 Σκύλλαν,
2424 2103 2547 2175 ἥτις
2578 2101 2629 2160 ὲν
2691 2111 2859 2178 στινῷ
2909 2114 3064 2180 τόπῳ
3098 2105 3413 2181 διακειμένη
3444 2105 3774 2183 ὑποδέχεται

2113 2192 2182 2246 τά
2234 2197 2331 2249 τοῦ
2386 2194 2644 2250 Ὠκεανοῦ
2704 2194 2948 2271 ῥεύματα
3013 2196 3106 2250 καὶ
3172 2195 3299 2258 τοὺς
3365 2195 3779 2271 παραπλέοντας

2117 2282 2197 2352 [Ρ.
2234 2283 2353 2354 133]
2416 2282 2645 2357 βυθίζει.
2707 2285 2795 2342 Ἐν
2850 2285 2896 2357 ᾧ
2952 2285 3022 2340 τὰ
3079 2283 3251 2341 πλοῖα
3303 2286 3479 2341 πάντα
3520 2284 3654 2361 μετὰ
3683 2287 3774 2342 καὶ

2112 2374 2220 2425 τῶν
2255 2371 2480 2447 ἑταίρων
2540 2368 2862 2444 ἀποϐαλὼν,
2922 2373 3086 2436 αὐτὸς
3143 2378 3418 2450 κρατήσας
3473 2374 3690 2441 σανίδος
3723 2377 3781 2448 ἐν

2112 2466 2231 2523 τοῖς
2264 2459 2493 2536 ῥεύμασι
2549 2466 2659 2518 τῶν
2720 2460 2929 2520 ὑδάτων
2986 2462 3229 2541 ἐφέρετο.
3283 2467 3491 2524 Τοῦτον
3521 2468 3778 2529 Φοίνικες

2112 2550 2347 2606 πλέοντα
2377 2546 2634 2613 λαϐόντες
2691 2551 2766 2615 εἰς
2818 2555 3042 2627 Κρήτην
3075 2555 3212 2626 πρὸς
3261 2551 3538 2628 Ἰδομενέα
3566 2556 3776 2631 γυμνὸν

2114 2635 2348 2714 ἤγαγον.
2385 2640 2483 2695 Καὶ
2515 2640 2676 2704 αὐτὸς
2729 2642 2934 2715 πέμπει
2989 2646 3184 2698 τοῦτον
3247 2642 3324 2705 εἷς
3380 2647 3651 2701 Φαιακίαν
3678 2647 3778 2716 τὴν

2112 2729 2204 2779 νῦν
2267 2725 2575 2803 λεγομένην
2634 2727 2903 2801 Κέρκυραν
2962 2728 3099 2803 πρὸς
3158 2728 3465 2802 Ἀλκίνοον,
3521 2728 3779 2794 δεδωκὼς

2114 2813 2261 2887 αὐτῷ
2290 2820 2417 2876 ναῦς
2450 2813 2545 2871 δόο
2576 2818 2668 2872 καὶ
2699 2814 2893 2893 ἄνδρας
2942 2816 3262 2881 ἐπιλέκτους
3293 2820 3353 2875 ν’.
3388 2820 3449 2878 Ὁ
3482 2819 3781 2883 ’Λλκίνοος

2110 2902 2291 2960 τοίνυν
2356 2905 2489 2977 μετα
2565 2911 2664 2963 τοῦ
2723 2904 3025 2971 Ὀδυσσέως
3105 2907 3364 2972 πλείονας
3436 2909 3779 2985 στρατιώτας

2112 2988 2522 3068 ἀναλαϐόμενος
2572 2991 2978 3071 καταλαμϐάνει
3036 2997 3136 3067 τήν
3190 2998 3426 3068 Ἰθάκην.
3489 2999 3588 3055 Καὶ
3650 2999 3778 3061 τοὺς

2117 3091 2431 3158 μνηστῆρας
2489 3085 2832 3157 ἀποκτείνας,
2892 3087 3127 3161 καθάρας
3183 3108 3243 3143 τι
3296 3089 3390 3144 τὸν
3450 3090 3604 3144 οἶκον
3664 3088 3771 3144 ἀπὸ

2110 3178 2222 3229 τῶν
2253 3168 2722 3230 ἐπιϐουλευόντων
2775 3176 2942 3249 αὐτῷ,
3002 3177 3291 3234 ἀνακτᾶται
3330 3178 3434 3246 τήν
3466 3174 3771 3253 βασιλείαν.

2116 3263 2325 3325 Βιὼσας
2385 3260 2477 3319 οὗν
2536 3265 2564 3320 ὁ
2609 3262 2897 3329 Ὀδυσσεὺς
2952 3264 3200 3327 πολλοὺς
3260 3267 3494 3343 χρόνους
3541 3266 3642 3321 ὑπὸ
3672 3270 3773 3322 τοῦ

2116 3348 2260 3407 ἰδίου
2298 3349 2490 3415 παιδὸς
2527 3356 2619 3407 τοῦ
2667 3354 2773 3408 ἀπὸ
2829 3360 2929 3425 τῆς
2992 3356 3201 3430 Κίρκης
3231 3354 3379 3426 αὖτῷ
3405 3353 3780 3432 γεγενημένου

2116 3445 2212 3497 τοῦ
2243 3440 2560 3516 Τηλεγόνου
2616 3443 2708 3497 τὸν
2768 3443 2887 3517 βίον
2947 3442 3226 3501 καταλόει.
3269 3444 3370 3500 Τὸν
3402 3445 3507 3521 γάρ
3539 3443 3645 3500 ἀπὸ
3677 3446 3778 3500 τοῦ

2120 3531 2241 3585 υἱοῦ
2272 3531 2498 3586 θάνατον
2532 3525 2589 3586 ἔκ
2623 3553 2783 3587 τινων
2847 3531 3241 3605 μαντευμάτων
3296 3532 3653 3610 ὑφορώμενος
3685 3531 3781 3588 τὸν

2122 3616 2462 3693 Τηλέμαχον
2493 3617 2825 3691 ὶφυλάττετο
2856 3619 2947 3675 καὶ
2999 3626 3233 3676 συνεῖναι
3275 3620 3424 3692 αὐτῷ
3454 3626 3780 3696 παρῃτεῖτο.

2119 3710 2235 3766 Τοῦ
2295 3706 2389 3763 οὖν
2445 3706 2760 3784 Τηλεγόνου
2817 3706 2918 3780 τήν
2977 3709 3192 3780 Ἰθάκην
3250 3702 3657 3774 καταλαϐόντος
3688 3708 3782 3765 καὶ

2123 3796 2311 3852 ἑαυτὸν
2343 3800 2422 3869 τῷ
2452 3796 2611 3871 πατρῖ
2643 3798 3144 3871 καταμηνόσαντος,
3196 3799 3272 3871 μὴ
3330 3795 3782 3873 προσδεχομένου

2124 3886 2271 3962 παρὰ
2299 3888 2406 3943 τῶν
2466 3886 2747 3964 φυλάκων,
2807 3883 3001 3947 νυκτός
3058 3908 3117 3945 τε
3177 3883 3340 3959 οὔσης
3393 3887 3485 3943 καὶ
3542 3894 3785 3967 κραυγῆς

358 3978 652 4055 γενομένης
683 3979 912 4051 νομίσας
944 3976 1236 4041 Ὀδυσσεὺς
1265 3978 1357 4034 τὸν
1389 3978 1722 4053 Τηλέμαχον
1752 3979 1886 4034 εἶναι
1916 3977 2195 4034 ἀνίσταται
2229 3977 2365 4051 μετὰ
2395 3974 2601 4055 ξίφους,
2660 3977 2749 4033 καὶ
2809 3978 3097 4050 συμπεσὼν
3145 3975 3452 4055 Τηλεγόνῳ
3478 3975 3784 4051 πλήττεται

360 4069 452 4125 ὑπ’
481 4070 650 4125 αὐτοῦ
677 4066 881 4142 κέντρῳ
912 4069 1192 4144 τρυγόνος,
1224 4068 1312 4123 καὶ
1345 4068 1527 4140 τούτῳ
1557 4072 1635 4140 τῷ
1672 4069 1866 4142 τρόπῳ
1892 4066 2141 4137 τελευτᾷ.

430 4162 833 4233 Agamemnon
867 4176 1002 4215 cum
1036 4176 1155 4216 una
1179 4175 1315 4216 cum
1346 4158 1648 4215 Casandra
1668 4158 1729 4214 in
1752 4158 2009 4231 patriam

358 4249 730 4322 navigatione
762 4254 920 4305 esset
948 4248 1200 4315 delatus,
1234 4247 1296 4303 in
1322 4247 1833 4319 Clytaemnestram
1864 4266 2008 4306 uxo-

358 4354 485 4397 rem
534 4354 701 4394 suam
734 4337 807 4394 ab
867 4337 1127 4409 .Egistho
1160 4336 1555 4395 adulteratam
1612 4337 1829 4394 incidit
1855 4339 2012 4395 284

355 4430 503 4484 Nam
536 4444 605 4485 ea
654 4445 791 4484 cum
842 4426 1226 4483 insudivisset
1274 4429 1802 4499 Agamemnomem
1852 4422 2013 4499 apud

358 4516 595 4586 Trojam
628 4515 927 4571 Casandra
951 4515 1062 4580 uti,
1092 4520 1347 4568 mortem
1380 4515 1595 4571 marito
1628 4515 1713 4570 sic
1740 4519 1832 4571 est
1874 4531 2011 4570 ma-

2190 4155 2551 4230 Ἀγαμέμνων
2610 4156 2638 4210 ὁ
2699 4154 2953 4233 βασιλεὺς
3024 4154 3100 4218 εἷς
3183 4157 3282 4226 τήν
3344 4152 3581 4232 πατρίδα
3640 4156 3778 4231 μετὰ

2122 4243 2432 4322 Κασάνδρας
2491 4244 2841 4310 ἀποπλεέσας
2901 4248 3022 4325 εὗρε
3097 4246 3593 4325 Κλυταιμνήστραν
3657 4268 3783 4322 μοι·

2123 4337 2428 4413 χευομένην
2462 4334 2734 4414 Αἰγίσθῳ.
2794 4335 2945 4408 Αὕτη
3000 4338 3104 4414 γάρ
3165 4337 3438 4394 ἀκούσασα
3493 4338 3569 4401 ὡς
3616 4338 3783 4413 Ἀγα-

2126 4425 2345 4500 μέμνων
2399 4427 2499 4495 τὴν
2559 4424 2869 4502 Κασάνδραν
2925 4424 3083 4503 ἔσχεν
3163 4429 3218 4483 ἐν
3279 4426 3474 4503 Τροίᾳ,
3555 4426 3782 4492 θάνατον

2120 4514 2550 4590 καταψηιρίζεται
2613 4520 2692 4588 τῷ
2751 4513 2907 4592 ἀνδρὶ
2962 4521 3228 4573 τοιοῦτον.
3302 4514 3596 4573 Ἐνδόσασα
3678 4517 3785 4591 γὰρ

361 4604 624 4671 chinata,
658 4609 724 4659 ut
757 4620 1059 4659 reversum
1114 4608 1275 4659 veste
1306 4603 1691 4674 undiquaque
1738 4609 2009 4661 contexta

2124 4603 2281 4660 αὐτὸν
2332 4603 2698 4670 ἐπανελθόντα
2768 4613 2976 4684 χιτῶνα
3052 4609 3394 4686 πανταχόθεν
3452 4607 3785 4687 ὑφασμένον,

359 4691 990 4759 indueret,subornato
1024 4692 1123 4763 qui
1158 4710 1292 4747 eum
1326 4691 1410 4747 sic
1443 4692 1886 4764 deprehensum
1912 4694 2013 4764 ju-

358 4783 591 4855 gularet
616 4783 918 4855 Egistho;
966 4785 1060 4839 cui
1113 4789 1173 4839 et
1221 4784 1419 4838 statim
1467 4783 1693 4854 nupsit.
1742 4786 1810 4838 At
1855 4784 2011 4841 ﬁlius

359 4873 819 4943 Agamemnonis
847 4871 1213 4942 0restes,qui
1239 4888 1389 4942 puer
1420 4888 1455 4926 a
1484 4876 1651 4941 patre
1681 4870 1755 4926 ad
1786 4870 2014 4929 bellum

359 4962 400 5016 Τ
408 4961 681 5033 rojanum
714 4962 1127 5033 prolicisccnte
1158 4960 1233 5015 ad
1263 4960 1618 5016 Schmneum
1648 4960 1844 5016 fuerat
1872 4960 2013 5018 edu-

359 5057 560 5109 catum
589 5052 902 5118 missus,re
933 5056 1239 5122 comperta
1268 5050 1511 5105 domum
1544 5066 1816 5106 reversus
1840 5067 2012 5109 suam

358 5148 610 5200 matrem
641 5158 762 5199 una
791 5158 928 5198 cum
974 5140 1232 5212 :Egistho
1289 5138 1592 5195 interfecit
1642 5155 2009 5213 regnumque

358 5232 749 5304 recuperavit.

428 5321 733 5381 Menelaus
760 5337 899 5378 cum
930 5320 1148 5376 Helena
1180 5320 1240 5374 in
1272 5321 1583 5391 A‘ngptum
1633 5319 1885 5391 ejectus,
1916 5321 2010 5376 vix

360 5409 599 5466 tandem
631 5410 900 5481 Spartam
922 5426 1059 5465 cum
1083 5409 1844 5480 rediisset,Agamemnonis
1867 5426 2009 5466 casu

360 5499 697 5569 cognito,in
725 5517 939 5573 magna
969 5498 1373 5557 sollicitudine
1402 5498 1582 5553 vitam
1611 5498 1822 5571 exegit.
1859 5500 2009 5570 Ajax

361 5585 511 5642 Oilei
538 5587 698 5645 ﬁlius
727 5604 848 5647 una
876 5606 1013 5647 cum
1045 5605 1152 5646 suo
1182 5588 1449 5645 exercitu
1472 5587 1755 5644 ﬂuctibus
1779 5592 1868 5643 est
1891 5605 2007 5647 ma-

358 5673 514 5732 rinis
541 5675 1132 5737 obrutus.Diomedes
1161 5678 1340 5750 Tydei
1366 5677 1531 5734 ﬁlius
1557 5693 1691 5734 cum
1723 5677 1798 5733 ad
1837 5695 2007 5735 suam

2122 4694 2513 4767 παρασκευάζει
2573 4699 2764 4751 τοῦτον
2825 4694 2929 4751 ὑπὸ
3014 4695 3277 4770 Αἲγίσθου
3338 4703 3633 4774 σφαγῆναι,
3692 4695 3785 4751 καὶ

2123 4777 2390 4855 λαμϐάνει
2418 4783 2511 4840 τὸν
2558 4782 2838 4858 Αἴγισθον.
2902 4786 2963 4843 Ὀ
3022 4790 3151 4864 γοῦν
3211 4790 3306 4840 τοῦ
3361 4786 3783 4861 Ἀγαμέμνονος

2121 4873 2237 4929 υἱὸς
2270 4872 2552 4946 Ὀρέστης,
2609 4872 2667 4936 ὅς
2731 4874 2834 4930 ὑπὸ
2890 4879 2989 4930 τοῦ
3047 4872 3193 4930 ἰδίου
3222 4875 3429 4951 πατρὸς
3458 4874 3511 4930 ἐν
3542 4878 3612 4949 τῇ
3646 4875 3787 4948 πρὸς

2121 4960 2290 5017 Ἴλιον
2353 4960 2667 5037 έκστρατείᾳ
2721 4964 2838 5027 νέος
2893 4961 2967 5017 ὢν
3008 4965 3147 5039 πρὸς
3204 4963 3447 5039 Σχοινέα
3501 4962 3783 5034 ἀπεστάλη

2119 5049 2513 5127 ἀνατραφῆναι,
2569 5056 2732 5108 τοῦτο
2790 5052 2977 5125 μαθὼν
3040 5052 3199 5122 ἦλθε,
3260 5052 3351 5109 καὶ
3409 5050 3618 5109 ἀνελὼν
3688 5049 3786 5109 Δί’-

2118 5152 2305 5213 γισθον
2353 5140 2443 5196 καὶ
2498 5143 2596 5213 τήν
2661 5141 2870 5219 μητέρα
2927 5141 3090 5198 αὐτοῦ
3148 5138 3649 5218 ἀναλαμϐὴιιτὴν
3683 5142 3783 5216 βα-

2127 5226 2360 5286 σιλείαν.

2192 5319 2473 5384 Μενέλαος
2526 5317 2583 5375 δὲ
2638 5320 2731 5375 σὺν
2783 5324 2854 5396 τῇ
2908 5319 3107 5397 Ἑλένῃ
3169 5318 3245 5385 εἷς
3300 5321 3577 5396 Αἰγυπτον
3612 5315 3788 5394 ἀποῤ-

2121 5407 2318 5486 ῥιφεῖς,
2379 5409 2468 5464 καὶ
2533 5407 2697 5483 μόλις
2752 5410 2828 5472 εἰς
2891 5408 3275 5485 Λακεδαίμονα
3340 5407 3659 5485 καταχθεὶς,
3717 5408 3789 5463 τὰ

2116 5497 2252 5553 κατὰ
2305 5498 2395 5554 τὸν
2457 5499 2843 5573 Ἀγαμέμνονα
2904 5499 3091 5577 μαθὼν
3156 5502 3292 5576 μετά
3352 5496 3571 5555 πολλοῦ
3631 5495 3787 5559 δέους

2117 5581 2291 5644 ἐϐὶου.
2344 5586 2478 5650 Αἴας
2530 5583 2586 5643 δὲ
2645 5589 2673 5643 ὁ
2730 5592 2827 5645 τοῦ
2869 5588 3100 5653 Ὀἰλέως
3156 5588 3275 5654 υἱὸς
3316 5589 3451 5664 μετὰ
3488 5591 3587 5643 τοῦ
3639 5583 3787 5642 ίδίου

2119 5681 2355 5752 στρατοῦ
2411 5676 2725 5750 ἐποντίσθη.
2787 5676 3078 5754 Δὶομήδης
3113 5676 3171 5737 δὲ
3218 5681 3247 5735 ὁ
3296 5682 3394 5737 τοῦ
3419 5674 3637 5740 Τυδέως
3666 5674 3786 5738 υἱὸς
