  <div class='ocr_page' id='page_1' title='image "/cluster/home/n/w/nwhite01/storage/ocr_20150623/121:no.1/coo.31924054870260/143.png"; bbox 0 0 4142 6426; ppageno 0'>
   <div class='ocr_carea' id='block_1_1' title="bbox 373 418 483 480">
    <p class='ocr_par' dir='ltr' id='par_1_1' title="bbox 373 418 483 480">
     <span class='ocr_line' id='line_1_1' title="bbox 373 418 483 480; baseline -0.009 0"><span class='ocrx_word' id='word_1_1' title='bbox 373 418 483 480; x_wconf 75' lang='grc' dir='ltr'>2ῖ1</span> 
     </span>
    </p>
   </div>
   <div class='ocr_carea' id='block_1_2' title="bbox 1717 419 2427 484">
    <p class='ocr_par' dir='ltr' id='par_1_2' title="bbox 1717 419 2427 484">
     <span class='ocr_line' id='line_1_2' title="bbox 1717 419 2427 484; baseline 0.006 -5"><span class='ocrx_word' id='word_1_2' title='bbox 1717 419 2038 481; x_wconf 78' lang='lat' dir='ltr'>GEORGII</span> <span class='ocrx_word' id='word_1_3' title='bbox 2081 419 2427 484; x_wconf 80' lang='lat' dir='ltr'>CEDRENI</span> 
     </span>
    </p>
   </div>
   <div class='ocr_carea' id='block_1_3' title="bbox 3672 424 3791 484">
    <p class='ocr_par' dir='ltr' id='par_1_3' title="bbox 3672 424 3791 484">
     <span class='ocr_line' id='line_1_3' title="bbox 3672 424 3791 484; baseline 0 -1"><span class='ocrx_word' id='word_1_4' title='bbox 3672 424 3791 484; x_wconf 76' lang='grc'>272</span> 
     </span>
    </p>
   </div>
   <div class='ocr_carea' id='block_1_4' title="bbox 374 552 1993 634">
    <p class='ocr_par' dir='ltr' id='par_1_4' title="bbox 374 552 1985 626">
     <span class='ocr_line' id='line_1_4' title="bbox 374 552 1985 626; baseline 0.001 -19"><span class='ocrx_word' id='word_1_5' title='bbox 374 553 731 609; x_wconf 86' lang='lat' dir='ltr'>traditurum</span> <span class='ocrx_word' id='word_1_6' title='bbox 762 559 820 609; x_wconf 92' lang='lat' dir='ltr'>et</span> <span class='ocrx_word' id='word_1_7' title='bbox 848 554 1008 610; x_wconf 90' lang='lat' dir='ltr'>hunc</span> <span class='ocrx_word' id='word_1_8' title='bbox 1038 553 1111 609; x_wconf 86' lang='lat' dir='ltr'>ad</span> <span class='ocrx_word' id='word_1_9' title='bbox 1140 554 1327 626; x_wconf 82' lang='lat' dir='ltr'>ipsam</span> <span class='ocrx_word' id='word_1_10' title='bbox 1359 552 1773 608; x_wconf 87' lang='lat' dir='ltr'>adducturum.</span> <span class='ocrx_word' id='word_1_11' title='bbox 1795 556 1985 625; x_wconf 84' lang='lat' dir='ltr'>Accep</span> 
     </span>
    </p>
   </div>
   <div class='ocr_carea' id='block_1_5' title="bbox 2106 552 3790 634">
    <p class='ocr_par' dir='ltr' id='par_1_5' title="bbox 2127 553 3790 634">
     <span class='ocr_line' id='line_1_5' title="bbox 2127 553 3790 634; baseline 0.001 -24"><span class='ocrx_word' id='word_1_12' title='bbox 2127 553 2388 627; x_wconf 82' lang='grc' dir='ltr'>Ὀρέστης</span> <span class='ocrx_word' id='word_1_13' title='bbox 2420 553 2736 631; x_wconf 62' lang='grc' dir='ltr'>ἐφρουρεῖτο</span> <span class='ocrx_word' id='word_1_14' title='bbox 2767 554 3015 629; x_wconf 77' lang='grc' dir='ltr'>ᾐτήσατο</span> <span class='ocrx_word' id='word_1_15' title='bbox 3070 554 3199 619; x_wconf 75' lang='grc' dir='ltr'>τοὺς</span> <span class='ocrx_word' id='word_1_16' title='bbox 3246 556 3520 634; x_wconf 69' lang='grc' dir='ltr'>φρουροὺς</span> <span class='ocrx_word' id='word_1_17' title='bbox 3553 557 3790 625; x_wconf 72' lang='grc' dir='ltr'>Σκύθας,</span> 
     </span>
    </p>
   </div>
   <div class='ocr_carea' id='block_1_6' title="bbox 367 642 2015 715">
    <p class='ocr_par' dir='ltr' id='par_1_6' title="bbox 367 642 2015 715">
     <span class='ocr_line' id='line_1_6' title="bbox 367 642 2015 715; baseline 0.001 -18"><span class='ocrx_word' id='word_1_18' title='bbox 367 644 565 714; x_wconf 87' lang='lat' dir='ltr'>tisque</span> <span class='ocrx_word' id='word_1_19' title='bbox 596 643 810 699; x_wconf 82' lang='lat' dir='ltr'>litteris</span> <span class='ocrx_word' id='word_1_20' title='bbox 840 644 977 698; x_wconf 88' lang='lat' dir='ltr'>fano</span> <span class='ocrx_word' id='word_1_21' title='bbox 1018 659 1285 715; x_wconf 85' lang='lat' dir='ltr'>egressus</span> <span class='ocrx_word' id='word_1_22' title='bbox 1336 659 1403 697; x_wconf 90' lang='lat' dir='ltr'>eo</span> <span class='ocrx_word' id='word_1_23' title='bbox 1436 642 1593 697; x_wconf 80' lang='lat' dir='ltr'>venit</span> <span class='ocrx_word' id='word_1_24' title='bbox 1622 642 1723 697; x_wconf 90' lang='lat' dir='ltr'>ubi</span> <span class='ocrx_word' id='word_1_25' title='bbox 1779 644 2015 698; x_wconf 78' lang='lat' dir='ltr'>Orestes</span> 
     </span>
    </p>
   </div>
   <div class='ocr_carea' id='block_1_7' title="bbox 369 732 2013 804">
    <p class='ocr_par' dir='ltr' id='par_1_7' title="bbox 369 732 2013 804">
     <span class='ocr_line' id='line_1_7' title="bbox 369 732 2013 804; baseline -0.001 -16"><span class='ocrx_word' id='word_1_26' title='bbox 369 732 842 789; x_wconf 79' lang='lat' dir='ltr'>custodiebatur:</span> <span class='ocrx_word' id='word_1_27' title='bbox 870 733 1303 804; x_wconf 86' lang='lat' dir='ltr'>impetratoque</span> <span class='ocrx_word' id='word_1_28' title='bbox 1331 748 1364 787; x_wconf 89' lang='lat' dir='ltr'>a</span> <span class='ocrx_word' id='word_1_29' title='bbox 1387 732 1618 802; x_wconf 77' lang='lat' dir='ltr'>Scythis</span> <span class='ocrx_word' id='word_1_30' title='bbox 1641 732 1824 799; x_wconf 85' lang='lat' dir='ltr'>aditu,</span> <span class='ocrx_word' id='word_1_31' title='bbox 1843 732 2013 788; x_wconf 88' lang='lat' dir='ltr'>tabu-</span> 
     </span>
    </p>
   </div>
   <div class='ocr_carea' id='block_1_8' title="bbox 369 821 2013 893">
    <p class='ocr_par' dir='ltr' id='par_1_8' title="bbox 369 821 2013 893">
     <span class='ocr_line' id='line_1_8' title="bbox 369 821 2013 893; baseline 0 -17"><span class='ocrx_word' id='word_1_32' title='bbox 369 822 488 877; x_wconf 85' lang='lat' dir='ltr'>lam</span> <span class='ocrx_word' id='word_1_33' title='bbox 520 823 709 878; x_wconf 91' lang='lat' dir='ltr'>Oresti</span> <span class='ocrx_word' id='word_1_34' title='bbox 741 821 1005 888; x_wconf 79' lang='lat' dir='ltr'>tradidit,</span> <span class='ocrx_word' id='word_1_35' title='bbox 1034 823 1124 876; x_wconf 90' lang='lat' dir='ltr'>his</span> <span class='ocrx_word' id='word_1_36' title='bbox 1154 821 1351 877; x_wconf 79' lang='lat' dir='ltr'>verbis</span> <span class='ocrx_word' id='word_1_37' title='bbox 1378 838 1389 875; x_wconf 91' lang='lat'><strong>:</strong></span> <span class='ocrx_word' id='word_1_38' title='bbox 1423 845 1448 871; x_wconf 88' lang='grc'><strong>‹‹</strong></span> <span class='ocrx_word' id='word_1_39' title='bbox 1488 824 1511 875; x_wconf 94' lang='grc' dir='ltr'>Ι</span> <span class='ocrx_word' id='word_1_40' title='bbox 1542 839 1719 892; x_wconf 89' lang='lat' dir='ltr'>quam</span> <span class='ocrx_word' id='word_1_41' title='bbox 1754 822 2013 893; x_wconf 90' lang='lat' dir='ltr'>primum</span> 
     </span>
    </p>
   </div>
   <div class='ocr_carea' id='block_1_9' title="bbox 367 910 2013 984">
    <p class='ocr_par' dir='ltr' id='par_1_9' title="bbox 367 910 2013 984">
     <span class='ocr_line' id='line_1_9' title="bbox 367 910 2013 984; baseline -0.001 -18"><span class='ocrx_word' id='word_1_42' title='bbox 367 911 442 966; x_wconf 84' lang='lat' dir='ltr'>ad</span> <span class='ocrx_word' id='word_1_43' title='bbox 473 911 859 984; x_wconf 79' lang='lat' dir='ltr'>Iphigeniam,</span> <span class='ocrx_word' id='word_1_44' title='bbox 894 927 1157 966; x_wconf 83' lang='lat' dir='ltr'>sororem</span> <span class='ocrx_word' id='word_1_45' title='bbox 1182 915 1369 967; x_wconf 89' lang='lat' dir='ltr'>tuam.</span> <span class='ocrx_word' id='word_1_46' title='bbox 1396 933 1423 959; x_wconf 86' lang='lat'>»</span> <span class='ocrx_word' id='word_1_47' title='bbox 1445 910 1889 983; x_wconf 89' lang='lat' dir='ltr'>Obstupuerunt</span> <span class='ocrx_word' id='word_1_48' title='bbox 1912 928 2013 967; x_wconf 83' lang='lat' dir='ltr'>au-</span> 
     </span>
    </p>
   </div>
   <div class='ocr_carea' id='block_1_10' title="bbox 362 1000 2012 1073">
    <p class='ocr_par' dir='ltr' id='par_1_10' title="bbox 362 1000 2012 1073">
     <span class='ocr_line' id='line_1_10' title="bbox 362 1000 2012 1073; baseline -0.001 -17"><span class='ocrx_word' id='word_1_49' title='bbox 362 1001 487 1057; x_wconf 91' lang='lat' dir='ltr'>dito</span> <span class='ocrx_word' id='word_1_50' title='bbox 516 1003 627 1057; x_wconf 90' lang='lat' dir='ltr'>hoc</span> <span class='ocrx_word' id='word_1_51' title='bbox 658 1018 795 1056; x_wconf 90' lang='lat' dir='ltr'>casu</span> <span class='ocrx_word' id='word_1_52' title='bbox 836 1001 1086 1073; x_wconf 74' lang='lat' dir='ltr'>Scythae.</span> <span class='ocrx_word' id='word_1_53' title='bbox 1122 1001 1212 1055; x_wconf 85' lang='lat' dir='ltr'>Illi</span> <span class='ocrx_word' id='word_1_54' title='bbox 1245 1000 1420 1057; x_wconf 90' lang='lat' dir='ltr'>ambo</span> <span class='ocrx_word' id='word_1_55' title='bbox 1454 1008 1615 1057; x_wconf 87' lang='lat' dir='ltr'>recta</span> <span class='ocrx_word' id='word_1_56' title='bbox 1645 1002 1719 1057; x_wconf 86' lang='lat' dir='ltr'>ad</span> <span class='ocrx_word' id='word_1_57' title='bbox 1779 1002 2012 1073; x_wconf 80' lang='lat' dir='ltr'>Iphige-</span> 
     </span>
    </p>
   </div>
   <div class='ocr_carea' id='block_1_11' title="bbox 359 1090 2013 1163">
    <p class='ocr_par' dir='ltr' id='par_1_11' title="bbox 359 1090 2013 1163">
     <span class='ocr_line' id='line_1_11' title="bbox 359 1090 2013 1163; baseline 0 -19"><span class='ocrx_word' id='word_1_58' title='bbox 359 1091 521 1145; x_wconf 91' lang='lat' dir='ltr'>niam</span> <span class='ocrx_word' id='word_1_59' title='bbox 562 1107 624 1145; x_wconf 90' lang='lat' dir='ltr'>se</span> <span class='ocrx_word' id='word_1_60' title='bbox 646 1090 1138 1146; x_wconf 87' lang='lat' dir='ltr'>contulerunt.Ac</span> <span class='ocrx_word' id='word_1_61' title='bbox 1169 1090 1441 1163; x_wconf 85' lang='lat' dir='ltr'>Pylades,</span> <span class='ocrx_word' id='word_1_62' title='bbox 1470 1092 1659 1147; x_wconf 79' lang='lat' dir='ltr'>«Ecce</span> <span class='ocrx_word' id='word_1_63' title='bbox 1681 1091 1894 1161; x_wconf 84' lang='lat' dir='ltr'>inquit,</span> <span class='ocrx_word' id='word_1_64' title='bbox 1919 1091 2013 1145; x_wconf 92' lang='lat' dir='ltr'>hic</span> 
     </span>
    </p>
   </div>
   <div class='ocr_carea' id='block_1_12' title="bbox 358 1180 2015 1252">
    <p class='ocr_par' dir='ltr' id='par_1_12' title="bbox 358 1180 2015 1252">
     <span class='ocr_line' id='line_1_12' title="bbox 358 1180 2015 1252; baseline 0.001 -18"><span class='ocrx_word' id='word_1_65' title='bbox 358 1180 595 1235; x_wconf 85' lang='lat' dir='ltr'>Orestes</span> <span class='ocrx_word' id='word_1_66' title='bbox 630 1180 815 1234; x_wconf 80' lang='lat' dir='ltr'>frater</span> <span class='ocrx_word' id='word_1_67' title='bbox 844 1185 1000 1235; x_wconf 89' lang='lat' dir='ltr'>tuus.</span> <span class='ocrx_word' id='word_1_68' title='bbox 1046 1201 1075 1230; x_wconf 84' lang='lat'>»</span> <span class='ocrx_word' id='word_1_69' title='bbox 1110 1182 1236 1235; x_wconf 84' lang='lat' dir='ltr'>Non</span> <span class='ocrx_word' id='word_1_70' title='bbox 1292 1186 1489 1235; x_wconf 89' lang='lat' dir='ltr'>tamen</span> <span class='ocrx_word' id='word_1_71' title='bbox 1525 1197 1659 1235; x_wconf 88' lang='lat' dir='ltr'>eum</span> <span class='ocrx_word' id='word_1_72' title='bbox 1707 1180 2015 1252; x_wconf 77' lang='lat' dir='ltr'>Iphigenia</span> 
     </span>
    </p>
   </div>
   <div class='ocr_carea' id='block_1_13' title="bbox 356 1268 2012 1342">
    <p class='ocr_par' dir='ltr' id='par_1_13' title="bbox 356 1268 2012 1342">
     <span class='ocr_line' id='line_1_13' title="bbox 356 1268 2012 1342; baseline -0.001 -17"><span class='ocrx_word' id='word_1_73' title='bbox 356 1268 596 1341; x_wconf 80' lang='lat' dir='ltr'>agnovit</span> <span class='ocrx_word' id='word_1_74' title='bbox 625 1272 762 1323; x_wconf 83' lang='lat' dir='ltr'>ante</span> <span class='ocrx_word' id='word_1_75' title='bbox 794 1285 972 1339; x_wconf 88' lang='lat' dir='ltr'>quam</span> <span class='ocrx_word' id='word_1_76' title='bbox 1017 1270 1249 1342; x_wconf 92' lang='lat' dir='ltr'>signum</span> <span class='ocrx_word' id='word_1_77' title='bbox 1283 1269 1523 1341; x_wconf 88' lang='lat' dir='ltr'>Pelopei</span> <span class='ocrx_word' id='word_1_78' title='bbox 1556 1270 1791 1341; x_wconf 63' lang='lat' dir='ltr'>generis</span> <span class='ocrx_word' id='word_1_79' title='bbox 1818 1268 2012 1324; x_wconf 88' lang='lat' dir='ltr'>oleam</span> 
     </span>
    </p>
   </div>
   <div class='ocr_carea' id='block_1_14' title="bbox 359 1357 2014 1430">
    <p class='ocr_par' dir='ltr' id='par_1_14' title="bbox 359 1357 2014 1430">
     <span class='ocr_line' id='line_1_14' title="bbox 359 1357 2014 1430; baseline 0 -18"><span class='ocrx_word' id='word_1_80' title='bbox 359 1358 423 1412; x_wconf 88' lang='lat' dir='ltr'>in</span> <span class='ocrx_word' id='word_1_81' title='bbox 453 1358 659 1413; x_wconf 78' lang='lat' dir='ltr'>dextro</span> <span class='ocrx_word' id='word_1_82' title='bbox 692 1358 942 1413; x_wconf 86' lang='lat' dir='ltr'>humero</span> <span class='ocrx_word' id='word_1_83' title='bbox 974 1357 1141 1413; x_wconf 89' lang='lat' dir='ltr'>vidit.</span> <span class='ocrx_word' id='word_1_84' title='bbox 1175 1358 1325 1413; x_wconf 91' lang='lat' dir='ltr'>Tum</span> <span class='ocrx_word' id='word_1_85' title='bbox 1362 1375 1497 1414; x_wconf 90' lang='lat' dir='ltr'>eum</span> <span class='ocrx_word' id='word_1_86' title='bbox 1533 1359 1808 1430; x_wconf 83' lang='lat' dir='ltr'>amplexa</span> <span class='ocrx_word' id='word_1_87' title='bbox 1836 1374 2014 1414; x_wconf 88' lang='lat' dir='ltr'>naves</span> 
     </span>
    </p>
   </div>
   <div class='ocr_carea' id='block_1_15' title="bbox 359 1446 2011 1519">
    <p class='ocr_par' dir='ltr' id='par_1_15' title="bbox 359 1446 2011 1519">
     <span class='ocr_line' id='line_1_15' title="bbox 359 1446 2011 1519; baseline 0.001 -18"><span class='ocrx_word' id='word_1_88' title='bbox 359 1446 610 1502; x_wconf 88' lang='lat' dir='ltr'>subduci</span> <span class='ocrx_word' id='word_1_89' title='bbox 652 1448 714 1501; x_wconf 93' lang='lat' dir='ltr'>in</span> <span class='ocrx_word' id='word_1_90' title='bbox 754 1447 961 1502; x_wconf 81' lang='lat' dir='ltr'>navale</span> <span class='ocrx_word' id='word_1_91' title='bbox 998 1447 1201 1519; x_wconf 88' lang='lat' dir='ltr'>jussit,</span> <span class='ocrx_word' id='word_1_92' title='bbox 1249 1448 1499 1519; x_wconf 90' lang='lat' dir='ltr'>ipsoque</span> <span class='ocrx_word' id='word_1_93' title='bbox 1553 1464 1755 1503; x_wconf 87' lang='lat' dir='ltr'>secum</span> <span class='ocrx_word' id='word_1_94' title='bbox 1824 1454 2011 1504; x_wconf 87' lang='lat' dir='ltr'>totam</span> 
     </span>
    </p>
   </div>
   <div class='ocr_carea' id='block_1_16' title="bbox 358 1537 2011 1609">
    <p class='ocr_par' dir='ltr' id='par_1_16' title="bbox 358 1537 2011 1609">
     <span class='ocr_line' id='line_1_16' title="bbox 358 1537 2011 1609; baseline 0 -17"><span class='ocrx_word' id='word_1_95' title='bbox 358 1553 490 1592; x_wconf 90' lang='lat' dir='ltr'>eam</span> <span class='ocrx_word' id='word_1_96' title='bbox 520 1537 779 1593; x_wconf 88' lang='lat' dir='ltr'>hiemem</span> <span class='ocrx_word' id='word_1_97' title='bbox 814 1537 1092 1592; x_wconf 84' lang='lat' dir='ltr'>detinuit.</span> <span class='ocrx_word' id='word_1_98' title='bbox 1124 1539 1344 1592; x_wconf 65' lang='lat' dir='ltr'>jEstate</span> <span class='ocrx_word' id='word_1_99' title='bbox 1374 1538 1529 1593; x_wconf 86' lang='lat' dir='ltr'>facta</span> <span class='ocrx_word' id='word_1_100' title='bbox 1552 1542 1789 1594; x_wconf 75' lang='lat' dir='ltr'>Orestes</span> <span class='ocrx_word' id='word_1_101' title='bbox 1824 1544 1883 1593; x_wconf 93' lang='lat' dir='ltr'>et</span> <span class='ocrx_word' id='word_1_102' title='bbox 1908 1543 2011 1609; x_wconf 85' lang='lat' dir='ltr'>Py-</span> 
     </span>
    </p>
   </div>
   <div class='ocr_carea' id='block_1_17' title="bbox 356 1628 2013 1701">
    <p class='ocr_par' dir='ltr' id='par_1_17' title="bbox 356 1628 2013 1701">
     <span class='ocr_line' id='line_1_17' title="bbox 356 1628 2013 1701; baseline 0.002 -18"><span class='ocrx_word' id='word_1_103' title='bbox 356 1628 521 1685; x_wconf 84' lang='lat' dir='ltr'>lades</span> <span class='ocrx_word' id='word_1_104' title='bbox 552 1629 705 1685; x_wconf 89' lang='lat' dir='ltr'>clam</span> <span class='ocrx_word' id='word_1_105' title='bbox 750 1629 1069 1685; x_wconf 87' lang='lat' dir='ltr'>simulacro</span> <span class='ocrx_word' id='word_1_106' title='bbox 1096 1629 1318 1698; x_wconf 63' lang='lat' dir='ltr'>Dianae,</span> <span class='ocrx_word' id='word_1_107' title='bbox 1353 1630 1512 1701; x_wconf 86' lang='lat' dir='ltr'>quod</span> <span class='ocrx_word' id='word_1_108' title='bbox 1562 1647 1631 1686; x_wconf 88' lang='lat' dir='ltr'>ex</span> <span class='ocrx_word' id='word_1_109' title='bbox 1664 1631 1853 1686; x_wconf 92' lang='lat' dir='ltr'>solido</span> <span class='ocrx_word' id='word_1_110' title='bbox 1887 1637 2013 1687; x_wconf 89' lang='lat' dir='ltr'>erat</span> 
     </span>
    </p>
   </div>
   <div class='ocr_carea' id='block_1_18' title="bbox 355 1718 2006 1791">
    <p class='ocr_par' dir='ltr' id='par_1_18' title="bbox 355 1718 2006 1791">
     <span class='ocr_line' id='line_1_18' title="bbox 355 1718 2006 1791; baseline 0 -17"><span class='ocrx_word' id='word_1_111' title='bbox 355 1735 523 1786; x_wconf 87' lang='lat' dir='ltr'>auro,</span> <span class='ocrx_word' id='word_1_112' title='bbox 559 1718 807 1790; x_wconf 67' lang='lat' dir='ltr'>ipsaque</span> <span class='ocrx_word' id='word_1_113' title='bbox 838 1724 1147 1790; x_wconf 88' lang='lat' dir='ltr'>assumpta</span> <span class='ocrx_word' id='word_1_114' title='bbox 1176 1718 1501 1790; x_wconf 75' lang='lat' dir='ltr'>Iphigenia,</span> <span class='ocrx_word' id='word_1_115' title='bbox 1535 1719 1751 1791; x_wconf 91' lang='lat' dir='ltr'>quibus</span> <span class='ocrx_word' id='word_1_116' title='bbox 1782 1720 2006 1776; x_wconf 81' lang='lat' dir='ltr'>advecti</span> 
     </span>
    </p>
   </div>
   <div class='ocr_carea' id='block_1_19' title="bbox 352 1807 2009 1880">
    <p class='ocr_par' dir='ltr' id='par_1_19' title="bbox 352 1807 2009 1880">
     <span class='ocr_line' id='line_1_19' title="bbox 352 1807 2009 1880; baseline 0.001 -17"><span class='ocrx_word' id='word_1_117' title='bbox 352 1808 591 1863; x_wconf 87' lang='lat' dir='ltr'>fuerant</span> <span class='ocrx_word' id='word_1_118' title='bbox 611 1807 859 1863; x_wconf 86' lang='lat' dir='ltr'>navibus</span> <span class='ocrx_word' id='word_1_119' title='bbox 880 1807 1627 1880; x_wconf 85' lang='lat' dir='ltr'>aufugerunt;trajectaque</span> <span class='ocrx_word' id='word_1_120' title='bbox 1658 1808 1919 1865; x_wconf 90' lang='lat' dir='ltr'>Diabena</span> <span class='ocrx_word' id='word_1_121' title='bbox 1936 1810 2009 1865; x_wconf 91' lang='lat' dir='ltr'>ad</span> 
     </span>
    </p>
   </div>
   <div class='ocr_carea' id='block_1_20' title="bbox 2124 640 3786 715">
    <p class='ocr_par' dir='ltr' id='par_1_20' title="bbox 2124 640 3786 715">
     <span class='ocr_line' id='line_1_20' title="bbox 2124 640 3786 715; baseline 0.003 -19"><span class='ocrx_word' id='word_1_122' title='bbox 2124 642 2212 696; x_wconf 76' lang='grc' dir='ltr'>καὶ</span> <span class='ocrx_word' id='word_1_123' title='bbox 2270 641 2527 708; x_wconf 80' lang='grc' dir='ltr'>εἶσελθὼν</span> <span class='ocrx_word' id='word_1_124' title='bbox 2589 640 2841 699; x_wconf 77' lang='grc' dir='ltr'>ἐπεδίδου</span> <span class='ocrx_word' id='word_1_125' title='bbox 2899 647 2999 715; x_wconf 76' lang='grc' dir='ltr'>τήν</span> <span class='ocrx_word' id='word_1_126' title='bbox 3068 648 3278 715; x_wconf 76' lang='grc' dir='ltr'>πυκτὴν</span> <span class='ocrx_word' id='word_1_127' title='bbox 3336 647 3515 708; x_wconf 69' lang='grc' dir='ltr'>οὕτως</span> <span class='ocrx_word' id='word_1_128' title='bbox 3590 645 3786 701; x_wconf 81' lang='grc' dir='ltr'>εἰπών·</span> 
     </span>
    </p>
   </div>
   <div class='ocr_carea' id='block_1_21' title="bbox 2132 730 3783 813">
    <p class='ocr_par' dir='ltr' id='par_1_21' title="bbox 2132 730 3783 813">
     <span class='ocr_line' id='line_1_21' title="bbox 2132 730 3783 813; baseline -0.001 -25"><span class='ocrx_word' id='word_1_129' title='bbox 2132 753 2152 778; x_wconf 69' lang='grc' dir='ltr'>ι</span> <span class='ocrx_word' id='word_1_130' title='bbox 2186 734 2289 796; x_wconf 84' lang='grc' dir='ltr'>Ἴοι</span> <span class='ocrx_word' id='word_1_131' title='bbox 2317 733 2381 786; x_wconf 84' lang='grc' dir='ltr'>τὸ</span> <span class='ocrx_word' id='word_1_132' title='bbox 2410 730 2580 808; x_wconf 69' lang='grc' dir='ltr'>τάχος</span> <span class='ocrx_word' id='word_1_133' title='bbox 2616 733 2755 806; x_wconf 59' lang='grc' dir='ltr'>πρὸς</span> <span class='ocrx_word' id='word_1_134' title='bbox 2810 733 3126 811; x_wconf 66' lang='grc' dir='ltr'>Ἰφιγένειαν</span> <span class='ocrx_word' id='word_1_135' title='bbox 3180 736 3283 803; x_wconf 79' lang='grc' dir='ltr'>τήν</span> <span class='ocrx_word' id='word_1_136' title='bbox 3334 736 3432 804; x_wconf 68' lang='grc' dir='ltr'>σὴν</span> <span class='ocrx_word' id='word_1_137' title='bbox 3462 733 3725 813; x_wconf 66' lang='grc' dir='ltr'>ἀδελφήν.</span> <span class='ocrx_word' id='word_1_138' title='bbox 3754 757 3783 787; x_wconf 81' lang='grc'><strong>››</strong></span> 
     </span>
    </p>
   </div>
   <div class='ocr_carea' id='block_1_22' title="bbox 2123 818 3783 899">
    <p class='ocr_par' dir='ltr' id='par_1_22' title="bbox 2123 818 3783 899">
     <span class='ocr_line' id='line_1_22' title="bbox 2123 818 3783 899; baseline 0 -22"><span class='ocrx_word' id='word_1_139' title='bbox 2123 826 2360 893; x_wconf 84' lang='grc' dir='ltr'>’Έμενον</span> <span class='ocrx_word' id='word_1_140' title='bbox 2394 819 2487 875; x_wconf 70' lang='grc' dir='ltr'>οὖν</span> <span class='ocrx_word' id='word_1_141' title='bbox 2520 820 2687 876; x_wconf 79' lang='grc' dir='ltr'>ἐννεοὶ</span> <span class='ocrx_word' id='word_1_142' title='bbox 2738 822 2789 877; x_wconf 69' lang='grc' dir='ltr'>οἱ</span> <span class='ocrx_word' id='word_1_143' title='bbox 2842 823 3044 887; x_wconf 74' lang='grc' dir='ltr'>Σκύθαι</span> <span class='ocrx_word' id='word_1_144' title='bbox 3101 823 3241 899; x_wconf 75' lang='grc' dir='ltr'>πρὸς</span> <span class='ocrx_word' id='word_1_145' title='bbox 3284 824 3349 878; x_wconf 86' lang='grc' dir='ltr'>τὸ</span> <span class='ocrx_word' id='word_1_146' title='bbox 3408 818 3641 896; x_wconf 73' lang='grc' dir='ltr'>συμϐάν.</span> <span class='ocrx_word' id='word_1_147' title='bbox 3678 824 3783 879; x_wconf 86' lang='grc' dir='ltr'>Καὶ</span> 
     </span>
    </p>
   </div>
   <div class='ocr_carea' id='block_1_23' title="bbox 2125 906 3778 987">
    <p class='ocr_par' dir='ltr' id='par_1_23' title="bbox 2125 906 3778 987">
     <span class='ocr_line' id='line_1_23' title="bbox 2125 906 3778 987; baseline 0.001 -25"><span class='ocrx_word' id='word_1_148' title='bbox 2125 906 2190 977; x_wconf 79' lang='grc' dir='ltr'>δὴ</span> <span class='ocrx_word' id='word_1_149' title='bbox 2246 908 2437 964; x_wconf 77' lang='grc' dir='ltr'>αὐτίκα</span> <span class='ocrx_word' id='word_1_150' title='bbox 2522 910 2660 982; x_wconf 73' lang='grc' dir='ltr'>πρὸς</span> <span class='ocrx_word' id='word_1_151' title='bbox 2739 910 3051 987; x_wconf 63' lang='grc' dir='ltr'>Ἰφίγένειαν</span> <span class='ocrx_word' id='word_1_152' title='bbox 3133 909 3389 982; x_wconf 80' lang='grc' dir='ltr'>εἰσῆλθον</span> <span class='ocrx_word' id='word_1_153' title='bbox 3449 912 3778 986; x_wconf 78' lang='grc' dir='ltr'>ἀμφότεροι,</span> 
     </span>
    </p>
   </div>
   <div class='ocr_carea' id='block_1_24' title="bbox 2123 996 3778 1077">
    <p class='ocr_par' dir='ltr' id='par_1_24' title="bbox 2123 996 3778 1077">
     <span class='ocr_line' id='line_1_24' title="bbox 2123 996 3778 1077; baseline 0.002 -25"><span class='ocrx_word' id='word_1_154' title='bbox 2123 998 2210 1052; x_wconf 73' lang='grc' dir='ltr'>καὶ</span> <span class='ocrx_word' id='word_1_155' title='bbox 2247 997 2274 1052; x_wconf 85' lang='grc' dir='ltr'><strong>ὁ</strong></span> <span class='ocrx_word' id='word_1_156' title='bbox 2306 996 2584 1069; x_wconf 76' lang='grc' dir='ltr'>Πυλάδης,</span> <span class='ocrx_word' id='word_1_157' title='bbox 2618 1022 2647 1050; x_wconf 92' lang='grc'>‹‹</span> <span class='ocrx_word' id='word_1_158' title='bbox 2677 996 2806 1067; x_wconf 83' lang='grc' dir='ltr'>Ἴδε,</span> <span class='ocrx_word' id='word_1_159' title='bbox 2853 998 2979 1072; x_wconf 72' lang='grc' dir='ltr'>ἔφη,</span> <span class='ocrx_word' id='word_1_160' title='bbox 3037 999 3296 1075; x_wconf 83' lang='grc' dir='ltr'>Ὀρέστης</span> <span class='ocrx_word' id='word_1_161' title='bbox 3329 1001 3357 1056; x_wconf 86' lang='grc' dir='ltr'>ὁ</span> <span class='ocrx_word' id='word_1_162' title='bbox 3389 1000 3482 1062; x_wconf 87' lang='grc' dir='ltr'>σὸς</span> <span class='ocrx_word' id='word_1_163' title='bbox 3520 998 3778 1077; x_wconf 77' lang='grc' dir='ltr'>ἀδελφός.</span> 
     </span>
    </p>
   </div>
   <div class='ocr_carea' id='block_1_25' title="bbox 2121 1084 3781 1163">
    <p class='ocr_par' dir='ltr' id='par_1_25' title="bbox 2121 1084 3781 1163">
     <span class='ocr_line' id='line_1_25' title="bbox 2121 1084 3781 1163; baseline 0.001 -21"><span class='ocrx_word' id='word_1_164' title='bbox 2121 1088 2184 1143; x_wconf 85' lang='grc' dir='ltr'><strong><em>Ἢ</em></strong></span> <span class='ocrx_word' id='word_1_165' title='bbox 2218 1084 2275 1141; x_wconf 75' lang='grc' dir='ltr'>δὲ</span> <span class='ocrx_word' id='word_1_166' title='bbox 2307 1088 2407 1142; x_wconf 77' lang='grc' dir='ltr'>οὐκ</span> <span class='ocrx_word' id='word_1_167' title='bbox 2462 1086 2748 1163; x_wconf 75' lang='grc' dir='ltr'>ἐγνώρισεν</span> <span class='ocrx_word' id='word_1_168' title='bbox 2806 1090 2891 1162; x_wconf 85' lang='grc' dir='ltr'>[Ρ.</span> <span class='ocrx_word' id='word_1_169' title='bbox 2930 1092 3054 1162; x_wconf 79' lang='grc'>135]</span> <span class='ocrx_word' id='word_1_170' title='bbox 3112 1088 3295 1156; x_wconf 70' lang='grc' dir='ltr'>αὐτὸν,</span> <span class='ocrx_word' id='word_1_171' title='bbox 3350 1088 3456 1157; x_wconf 80' lang='grc' dir='ltr'>ἓως</span> <span class='ocrx_word' id='word_1_172' title='bbox 3511 1090 3572 1144; x_wconf 82' lang='grc' dir='ltr'>τὸ</span> <span class='ocrx_word' id='word_1_173' title='bbox 3604 1087 3781 1144; x_wconf 81' lang='grc' dir='ltr'>Πελό-</span> 
     </span>
    </p>
   </div>
   <div class='ocr_carea' id='block_1_26' title="bbox 2123 1173 3780 1253">
    <p class='ocr_par' dir='ltr' id='par_1_26' title="bbox 2123 1173 3780 1253">
     <span class='ocr_line' id='line_1_26' title="bbox 2123 1173 3780 1253; baseline 0.002 -24"><span class='ocrx_word' id='word_1_174' title='bbox 2123 1195 2272 1230; x_wconf 82' lang='grc' dir='ltr'>πειον</span> <span class='ocrx_word' id='word_1_175' title='bbox 2299 1180 2396 1231; x_wconf 71' lang='grc' dir='ltr'>τοῦ</span> <span class='ocrx_word' id='word_1_176' title='bbox 2424 1176 2612 1251; x_wconf 80' lang='grc' dir='ltr'>γένους</span> <span class='ocrx_word' id='word_1_177' title='bbox 2660 1179 2973 1251; x_wconf 81' lang='grc' dir='ltr'>σήμαντρον</span> <span class='ocrx_word' id='word_1_178' title='bbox 3024 1179 3123 1246; x_wconf 79' lang='grc' dir='ltr'>τήν</span> <span class='ocrx_word' id='word_1_179' title='bbox 3184 1175 3371 1232; x_wconf 87' lang='grc' dir='ltr'>ἐλαίαν</span> <span class='ocrx_word' id='word_1_180' title='bbox 3405 1175 3547 1233; x_wconf 75' lang='grc' dir='ltr'>εἶδεν</span> <span class='ocrx_word' id='word_1_181' title='bbox 3578 1173 3780 1253; x_wconf 75' lang='grc' dir='ltr'>ἔχοντα</span> 
     </span>
    </p>
   </div>
   <div class='ocr_carea' id='block_1_27' title="bbox 2122 1262 3777 1340">
    <p class='ocr_par' dir='ltr' id='par_1_27' title="bbox 2122 1262 3777 1340">
     <span class='ocr_line' id='line_1_27' title="bbox 2122 1262 3777 1340; baseline 0.003 -23"><span class='ocrx_word' id='word_1_182' title='bbox 2122 1262 2172 1318; x_wconf 88' lang='grc' dir='ltr'>ἐν</span> <span class='ocrx_word' id='word_1_183' title='bbox 2222 1268 2302 1335; x_wconf 82' lang='grc' dir='ltr'>τῷ</span> <span class='ocrx_word' id='word_1_184' title='bbox 2359 1262 2498 1339; x_wconf 83' lang='grc' dir='ltr'>ὣμῳ</span> <span class='ocrx_word' id='word_1_185' title='bbox 2555 1262 2733 1338; x_wconf 73' lang='grc' dir='ltr'>δεξιῷο</span> <span class='ocrx_word' id='word_1_186' title='bbox 2788 1266 3235 1340; x_wconf 83' lang='grc' dir='ltr'>Περιπτυξαμένη</span> <span class='ocrx_word' id='word_1_187' title='bbox 3285 1287 3342 1322; x_wconf 82' lang='grc' dir='ltr'>τε</span> <span class='ocrx_word' id='word_1_188' title='bbox 3373 1265 3531 1322; x_wconf 79' lang='grc' dir='ltr'>αὐτὸν</span> <span class='ocrx_word' id='word_1_189' title='bbox 3560 1265 3777 1322; x_wconf 83' lang='grc' dir='ltr'>ἐκέλευ-</span> 
     </span>
    </p>
   </div>
   <div class='ocr_carea' id='block_1_28' title="bbox 2122 1353 3778 1427">
    <p class='ocr_par' dir='ltr' id='par_1_28' title="bbox 2122 1353 3778 1427">
     <span class='ocr_line' id='line_1_28' title="bbox 2122 1353 3778 1427; baseline 0.002 -19"><span class='ocrx_word' id='word_1_190' title='bbox 2122 1373 2207 1409; x_wconf 90' lang='grc' dir='ltr'>σεν</span> <span class='ocrx_word' id='word_1_191' title='bbox 2238 1353 2566 1425; x_wconf 68' lang='grc' dir='ltr'>ἑλκυσθῆναι</span> <span class='ocrx_word' id='word_1_192' title='bbox 2618 1358 2684 1411; x_wconf 79' lang='grc' dir='ltr'>τὰ</span> <span class='ocrx_word' id='word_1_193' title='bbox 2737 1355 2910 1412; x_wconf 85' lang='grc' dir='ltr'>πλοῖα</span> <span class='ocrx_word' id='word_1_194' title='bbox 2964 1358 3144 1412; x_wconf 79' lang='grc' dir='ltr'>αὐτῶν</span> <span class='ocrx_word' id='word_1_195' title='bbox 3198 1358 3304 1413; x_wconf 83' lang='grc' dir='ltr'>ἀπὸ</span> <span class='ocrx_word' id='word_1_196' title='bbox 3342 1364 3443 1427; x_wconf 71' lang='grc' dir='ltr'>τῆς</span> <span class='ocrx_word' id='word_1_197' title='bbox 3475 1357 3778 1427; x_wconf 79' lang='grc' dir='ltr'>θαλάσσης,</span> 
     </span>
    </p>
   </div>
   <div class='ocr_carea' id='block_1_29' title="bbox 2120 1443 3779 1522">
    <p class='ocr_par' dir='ltr' id='par_1_29' title="bbox 2120 1443 3779 1522">
     <span class='ocr_line' id='line_1_29' title="bbox 2120 1443 3779 1522; baseline 0.002 -24"><span class='ocrx_word' id='word_1_198' title='bbox 2120 1443 2212 1498; x_wconf 82' lang='grc' dir='ltr'>καὶ</span> <span class='ocrx_word' id='word_1_199' title='bbox 2243 1443 2372 1499; x_wconf 82' lang='grc' dir='ltr'>ὅλον</span> <span class='ocrx_word' id='word_1_200' title='bbox 2415 1444 2609 1508; x_wconf 68' lang='grc' dir='ltr'>αὐτοὺς</span> <span class='ocrx_word' id='word_1_201' title='bbox 2669 1451 2846 1518; x_wconf 85' lang='grc' dir='ltr'>μεῖναι</span> <span class='ocrx_word' id='word_1_202' title='bbox 2903 1446 2993 1500; x_wconf 83' lang='grc' dir='ltr'>τὸν</span> <span class='ocrx_word' id='word_1_203' title='bbox 3052 1451 3302 1520; x_wconf 80' lang='grc' dir='ltr'>χειμῶνα</span> <span class='ocrx_word' id='word_1_204' title='bbox 3333 1447 3458 1522; x_wconf 83' lang='grc' dir='ltr'>παρ’</span> <span class='ocrx_word' id='word_1_205' title='bbox 3488 1445 3650 1519; x_wconf 74' lang='grc' dir='ltr'>αὐτῇ,</span> <span class='ocrx_word' id='word_1_206' title='bbox 3681 1446 3779 1501; x_wconf 81' lang='grc' dir='ltr'>Θέ-</span> 
     </span>
    </p>
   </div>
   <div class='ocr_carea' id='block_1_30' title="bbox 2124 1529 3779 1610">
    <p class='ocr_par' dir='ltr' id='par_1_30' title="bbox 2124 1529 3779 1610">
     <span class='ocr_line' id='line_1_30' title="bbox 2124 1529 3779 1610; baseline 0.002 -24"><span class='ocrx_word' id='word_1_207' title='bbox 2124 1551 2249 1606; x_wconf 88' lang='grc' dir='ltr'>ρους</span> <span class='ocrx_word' id='word_1_208' title='bbox 2281 1529 2338 1587; x_wconf 82' lang='grc' dir='ltr'>δὲ</span> <span class='ocrx_word' id='word_1_209' title='bbox 2394 1536 2691 1610; x_wconf 87' lang='grc' dir='ltr'>γενομένου</span> <span class='ocrx_word' id='word_1_210' title='bbox 2734 1533 2906 1609; x_wconf 72' lang='grc' dir='ltr'>λάθρα</span> <span class='ocrx_word' id='word_1_211' title='bbox 2963 1535 3224 1608; x_wconf 81' lang='grc' dir='ltr'>Ὀρέστης</span> <span class='ocrx_word' id='word_1_212' title='bbox 3278 1533 3369 1589; x_wconf 80' lang='grc' dir='ltr'>καὶ</span> <span class='ocrx_word' id='word_1_213' title='bbox 3435 1532 3692 1605; x_wconf 72' lang='grc' dir='ltr'>Πυλάδης</span> <span class='ocrx_word' id='word_1_214' title='bbox 3715 1535 3779 1590; x_wconf 81' lang='grc' dir='ltr'>τὸ</span> 
     </span>
    </p>
   </div>
   <div class='ocr_carea' id='block_1_31' title="bbox 2121 1622 3776 1702">
    <p class='ocr_par' dir='ltr' id='par_1_31' title="bbox 2121 1622 3776 1702">
     <span class='ocr_line' id='line_1_31' title="bbox 2129 1622 3611 1646; baseline 0.002 -6"><span class='ocrx_word' id='word_1_215' title='bbox 2129 1626 2141 1640; x_wconf 89' lang='lat'>.</span> <span class='ocrx_word' id='word_1_216' title='bbox 2475 1622 2499 1641; x_wconf 79' lang='grc' dir='ltr'>ν</span> <span class='ocrx_word' id='word_1_217' title='bbox 2736 1628 2750 1646; x_wconf 91' lang='grc'><strong><em>.</em></strong></span> <span class='ocrx_word' id='word_1_218' title='bbox 2878 1625 2889 1642; x_wconf 73' lang='grc' dir='ltr'>ι</span> <span class='ocrx_word' id='word_1_219' title='bbox 2968 1623 2993 1644; x_wconf 56' lang='grc' dir='ltr'>εκ</span> <span class='ocrx_word' id='word_1_220' title='bbox 3183 1625 3195 1643; x_wconf 55' lang='grc' dir='ltr'><strong>κ</strong></span> <span class='ocrx_word' id='word_1_221' title='bbox 3292 1626 3305 1645; x_wconf 86' lang='grc'><em>,</em></span> <span class='ocrx_word' id='word_1_222' title='bbox 3363 1626 3378 1642; x_wconf 66' lang='grc' dir='ltr'>ι</span> <span class='ocrx_word' id='word_1_223' title='bbox 3462 1626 3476 1643; x_wconf 62' lang='grc' dir='ltr'><strong>ς</strong></span> <span class='ocrx_word' id='word_1_224' title='bbox 3598 1625 3611 1643; x_wconf 76' lang='grc'><strong><em>1</em></strong></span> 
     </span>
     <span class='ocr_line' id='line_1_32' title="bbox 2121 1623 3776 1702; baseline 0.001 -24"><span class='ocrx_word' id='word_1_225' title='bbox 2121 1623 2432 1702; x_wconf 87' lang='grc' dir='ltr'>ολόχρυσον</span> <span class='ocrx_word' id='word_1_226' title='bbox 2465 1626 2686 1702; x_wconf 87' lang='grc' dir='ltr'>αγαλμα</span> <span class='ocrx_word' id='word_1_227' title='bbox 2751 1630 3056 1700; x_wconf 72' lang='grc' dir='ltr'>Αρτεμιοος</span> <span class='ocrx_word' id='word_1_228' title='bbox 3109 1645 3198 1679; x_wconf 86' lang='grc' dir='ltr'>και</span> <span class='ocrx_word' id='word_1_229' title='bbox 3246 1646 3417 1693; x_wconf 83' lang='grc' dir='ltr'>αυτην</span> <span class='ocrx_word' id='word_1_230' title='bbox 3452 1623 3776 1698; x_wconf 84' lang='grc' dir='ltr'>ανελομενοι</span> 
     </span>
    </p>
   </div>
   <div class='ocr_carea' id='block_1_32' title="bbox 2118 1712 3774 1793">
    <p class='ocr_par' dir='ltr' id='par_1_32' title="bbox 2118 1712 3774 1793">
     <span class='ocr_line' id='line_1_33' title="bbox 2118 1712 3774 1793; baseline 0.001 -24"><span class='ocrx_word' id='word_1_231' title='bbox 2118 1714 2217 1783; x_wconf 72' lang='grc' dir='ltr'>τὴν</span> <span class='ocrx_word' id='word_1_232' title='bbox 2248 1714 2559 1793; x_wconf 67' lang='grc' dir='ltr'>Ἰφιγένειαν</span> <span class='ocrx_word' id='word_1_233' title='bbox 2613 1712 2916 1790; x_wconf 78' lang='grc' dir='ltr'>ἀπέδρασαν</span> <span class='ocrx_word' id='word_1_234' title='bbox 2975 1715 3094 1789; x_wconf 83' lang='grc' dir='ltr'>μεθ’</span> <span class='ocrx_word' id='word_1_235' title='bbox 3125 1716 3199 1769; x_wconf 83' lang='grc' dir='ltr'>ὧν</span> <span class='ocrx_word' id='word_1_236' title='bbox 3255 1714 3505 1785; x_wconf 78' lang='grc' dir='ltr'>ἀπῆλθον</span> <span class='ocrx_word' id='word_1_237' title='bbox 3539 1714 3774 1771; x_wconf 78' lang='grc' dir='ltr'>πλοίων.</span> 
     </span>
    </p>
   </div>
   <div class='ocr_carea' id='block_1_33' title="bbox 2120 1799 3778 1880">
    <p class='ocr_par' dir='ltr' id='par_1_33' title="bbox 2120 1799 3778 1880">
     <span class='ocr_line' id='line_1_34' title="bbox 2120 1799 3778 1880; baseline 0.001 -21"><span class='ocrx_word' id='word_1_238' title='bbox 2120 1803 2221 1859; x_wconf 78' lang='grc' dir='ltr'>Καὶ</span> <span class='ocrx_word' id='word_1_239' title='bbox 2270 1804 2371 1873; x_wconf 84' lang='grc' dir='ltr'>τήν</span> <span class='ocrx_word' id='word_1_240' title='bbox 2422 1799 2696 1876; x_wconf 75' lang='grc' dir='ltr'>Διαϐηνὴν</span> <span class='ocrx_word' id='word_1_241' title='bbox 2749 1807 2824 1878; x_wconf 78' lang='grc'>(4)</span> <span class='ocrx_word' id='word_1_242' title='bbox 2883 1805 3215 1880; x_wconf 73' lang='grc' dir='ltr'>περάσαντες</span> <span class='ocrx_word' id='word_1_243' title='bbox 3271 1802 3446 1874; x_wconf 78' lang='grc' dir='ltr'>ἦλθον</span> <span class='ocrx_word' id='word_1_244' title='bbox 3481 1804 3618 1879; x_wconf 80' lang='grc' dir='ltr'>πρὸς</span> <span class='ocrx_word' id='word_1_245' title='bbox 3648 1806 3778 1860; x_wconf 74' lang='grc' dir='ltr'>ἀναο</span> 
     </span>
    </p>
   </div>
   <div class='ocr_carea' id='block_1_34' title="bbox 355 1890 3777 1997">
    <p class='ocr_par' dir='ltr' id='par_1_34' title="bbox 355 1890 3777 1997">
     <span class='ocr_line' id='line_1_35' title="bbox 355 1890 3777 1997; baseline 0.002 -47"><span class='ocrx_word' id='word_1_246' title='bbox 355 1890 2290 1997; x_wconf 66' lang='grc' dir='ltr'>οτιιιῐηεοΙίεειὰΕηιθιδειναοθιιὶοιιιηεψριιιοωηῐ,ἰηιίε-Βτολὴν</span> <span class='ocrx_word' id='word_1_247' title='bbox 2370 1892 2456 1947; x_wconf 83' lang='grc' dir='ltr'>ἐπὶ</span> <span class='ocrx_word' id='word_1_248' title='bbox 2529 1892 2592 1949; x_wconf 87' lang='grc' dir='ltr'>τό</span> <span class='ocrx_word' id='word_1_249' title='bbox 2668 1895 3043 1969; x_wconf 84' lang='grc' dir='ltr'>Σαρακηνικὸν</span> <span class='ocrx_word' id='word_1_250' title='bbox 3118 1895 3306 1966; x_wconf 70' lang='grc' dir='ltr'>Ἴεὶμετ,</span> <span class='ocrx_word' id='word_1_251' title='bbox 3374 1893 3621 1957; x_wconf 70' lang='grc' dir='ltr'>κάκεῖθεν</span> <span class='ocrx_word' id='word_1_252' title='bbox 3686 1891 3777 1949; x_wconf 74' lang='grc' dir='ltr'>ἐπὶ</span> 
     </span>
    </p>
   </div>
   <div class='ocr_carea' id='block_1_35' title="bbox 356 1985 2007 2056">
    <p class='ocr_par' dir='ltr' id='par_1_35' title="bbox 356 1985 2007 2056">
     <span class='ocr_line' id='line_1_36' title="bbox 356 1985 2007 2056; baseline 0.002 -17"><span class='ocrx_word' id='word_1_253' title='bbox 356 2001 472 2056; x_wconf 91' lang='lat' dir='ltr'>que</span> <span class='ocrx_word' id='word_1_254' title='bbox 501 1986 650 2041; x_wconf 71' lang='lat'>237</span> <span class='ocrx_word' id='word_1_255' title='bbox 688 1985 762 2041; x_wconf 92' lang='lat' dir='ltr'>ad</span> <span class='ocrx_word' id='word_1_256' title='bbox 799 1985 1099 2041; x_wconf 89' lang='lat' dir='ltr'>Tricomin</span> <span class='ocrx_word' id='word_1_257' title='bbox 1131 1985 1467 2041; x_wconf 74' lang='lat' dir='ltr'>Palestinaa.</span> <span class='ocrx_word' id='word_1_258' title='bbox 1496 1986 1576 2041; x_wconf 90' lang='lat' dir='ltr'>lbi</span> <span class='ocrx_word' id='word_1_259' title='bbox 1602 2003 1736 2041; x_wconf 91' lang='lat' dir='ltr'>cum</span> <span class='ocrx_word' id='word_1_260' title='bbox 1770 1988 2007 2042; x_wconf 86' lang='lat' dir='ltr'>Orestes</span> 
     </span>
    </p>
   </div>
   <div class='ocr_carea' id='block_1_36' title="bbox 350 2074 2008 2147">
    <p class='ocr_par' dir='ltr' id='par_1_36' title="bbox 350 2074 2008 2147">
     <span class='ocr_line' id='line_1_37' title="bbox 350 2074 2008 2147; baseline 0.001 -19"><span class='ocrx_word' id='word_1_261' title='bbox 350 2075 594 2143; x_wconf 85' lang='lat' dir='ltr'>fureret,</span> <span class='ocrx_word' id='word_1_262' title='bbox 630 2075 962 2129; x_wconf 80' lang='lat' dir='ltr'>Tricomitm</span> <span class='ocrx_word' id='word_1_263' title='bbox 996 2090 1279 2147; x_wconf 89' lang='lat' dir='ltr'>magnum</span> <span class='ocrx_word' id='word_1_264' title='bbox 1311 2075 1512 2130; x_wconf 72' lang='lat' dir='ltr'>Diana)</span> <span class='ocrx_word' id='word_1_265' title='bbox 1561 2074 1766 2130; x_wconf 88' lang='lat' dir='ltr'>fanum</span> <span class='ocrx_word' id='word_1_266' title='bbox 1799 2076 2008 2131; x_wconf 88' lang='lat' dir='ltr'>condi-</span> 
     </span>
    </p>
   </div>
   <div class='ocr_carea' id='block_1_37' title="bbox 351 2162 2003 2235">
    <p class='ocr_par' dir='ltr' id='par_1_37' title="bbox 351 2162 2003 2235">
     <span class='ocr_line' id='line_1_38' title="bbox 351 2162 2003 2235; baseline 0.002 -18"><span class='ocrx_word' id='word_1_267' title='bbox 351 2162 567 2218; x_wconf 90' lang='lat' dir='ltr'>derunt</span> <span class='ocrx_word' id='word_1_268' title='bbox 600 2181 613 2229; x_wconf 88' lang='lat'><strong>;</strong></span> <span class='ocrx_word' id='word_1_269' title='bbox 645 2162 1154 2235; x_wconf 87' lang='lat' dir='ltr'>Iphigeniamque,</span> <span class='ocrx_word' id='word_1_270' title='bbox 1187 2164 1348 2235; x_wconf 90' lang='lat' dir='ltr'>quod</span> <span class='ocrx_word' id='word_1_271' title='bbox 1381 2181 1512 2219; x_wconf 89' lang='lat' dir='ltr'>eam</span> <span class='ocrx_word' id='word_1_272' title='bbox 1542 2170 1613 2219; x_wconf 91' lang='lat' dir='ltr'>ut</span> <span class='ocrx_word' id='word_1_273' title='bbox 1634 2166 2003 2220; x_wconf 88' lang='lat' dir='ltr'>sacerdotem</span> 
     </span>
    </p>
   </div>
   <div class='ocr_carea' id='block_1_38' title="bbox 349 2251 2001 2325">
    <p class='ocr_par' dir='ltr' id='par_1_38' title="bbox 349 2251 2001 2325">
     <span class='ocr_line' id='line_1_39' title="bbox 349 2251 2001 2325; baseline 0.001 -20"><span class='ocrx_word' id='word_1_274' title='bbox 349 2251 734 2316; x_wconf 90' lang='lat' dir='ltr'>honorarent,</span> <span class='ocrx_word' id='word_1_275' title='bbox 765 2257 1117 2323; x_wconf 80' lang='lat' dir='ltr'>rogaverunt</span> <span class='ocrx_word' id='word_1_276' title='bbox 1158 2252 1243 2305; x_wconf 88' lang='lat' dir='ltr'>uti</span> <span class='ocrx_word' id='word_1_277' title='bbox 1275 2251 1399 2307; x_wconf 82' lang='lat' dir='ltr'>deae</span> <span class='ocrx_word' id='word_1_278' title='bbox 1431 2252 1714 2325; x_wconf 76' lang='lat' dir='ltr'>virginem</span> <span class='ocrx_word' id='word_1_279' title='bbox 1748 2253 2001 2324; x_wconf 88' lang='lat' dir='ltr'>puellam</span> 
     </span>
    </p>
   </div>
   <div class='ocr_carea' id='block_1_39' title="bbox 350 2340 2001 2412">
    <p class='ocr_par' dir='ltr' id='par_1_39' title="bbox 350 2340 2001 2412">
     <span class='ocr_line' id='line_1_40' title="bbox 350 2340 2001 2412; baseline 0.001 -18"><span class='ocrx_word' id='word_1_280' title='bbox 350 2340 708 2395; x_wconf 90' lang='lat' dir='ltr'>immolaret.</span> <span class='ocrx_word' id='word_1_281' title='bbox 744 2340 1251 2412; x_wconf 77' lang='lat' dir='ltr'>Adduxeruntque</span> <span class='ocrx_word' id='word_1_282' title='bbox 1282 2340 1541 2412; x_wconf 87' lang='lat' dir='ltr'>puellam</span> <span class='ocrx_word' id='word_1_283' title='bbox 1573 2342 1816 2397; x_wconf 90' lang='lat' dir='ltr'>nomine</span> <span class='ocrx_word' id='word_1_284' title='bbox 1858 2344 2001 2412; x_wconf 75' lang='lat' dir='ltr'>Nys-</span> 
     </span>
    </p>
   </div>
   <div class='ocr_carea' id='block_1_40' title="bbox 353 2429 2002 2502">
    <p class='ocr_par' dir='ltr' id='par_1_40' title="bbox 353 2429 2002 2502">
     <span class='ocr_line' id='line_1_41' title="bbox 353 2429 2002 2502; baseline 0.002 -18"><span class='ocrx_word' id='word_1_285' title='bbox 353 2446 503 2493; x_wconf 84' lang='lat' dir='ltr'>sam.</span> <span class='ocrx_word' id='word_1_286' title='bbox 538 2446 715 2500; x_wconf 83' lang='lat' dir='ltr'>quam</span> <span class='ocrx_word' id='word_1_287' title='bbox 760 2429 1068 2502; x_wconf 71' lang='lat' dir='ltr'>Iphigenia</span> <span class='ocrx_word' id='word_1_288' title='bbox 1101 2430 1357 2485; x_wconf 85' lang='lat' dir='ltr'>hostiam</span> <span class='ocrx_word' id='word_1_289' title='bbox 1405 2431 1700 2487; x_wconf 88' lang='lat' dir='ltr'>mactavit.</span> <span class='ocrx_word' id='word_1_290' title='bbox 1735 2430 1816 2486; x_wconf 87' lang='lat' dir='ltr'>lbi</span> <span class='ocrx_word' id='word_1_291' title='bbox 1849 2448 2002 2487; x_wconf 69' lang='lat' dir='ltr'>azrea</span> 
     </span>
    </p>
   </div>
   <div class='ocr_carea' id='block_1_41' title="bbox 336 2520 1992 2592">
    <p class='ocr_par' dir='ltr' id='par_1_41' title="bbox 336 2520 1992 2592">
     <span class='ocr_line' id='line_1_42' title="bbox 336 2520 1992 2592; baseline -0.001 -17"><span class='ocrx_word' id='word_1_292' title='bbox 336 2520 618 2577; x_wconf 89' lang='lat' dir='ltr'>columna</span> <span class='ocrx_word' id='word_1_293' title='bbox 665 2520 861 2592; x_wconf 87' lang='lat' dir='ltr'>posita</span> <span class='ocrx_word' id='word_1_294' title='bbox 920 2521 1050 2576; x_wconf 91' lang='lat' dir='ltr'>loco</span> <span class='ocrx_word' id='word_1_295' title='bbox 1102 2522 1298 2591; x_wconf 80' lang='lat' dir='ltr'>Nyssae</span> <span class='ocrx_word' id='word_1_296' title='bbox 1362 2538 1582 2577; x_wconf 91' lang='lat' dir='ltr'>nomen</span> <span class='ocrx_word' id='word_1_297' title='bbox 1630 2521 1992 2578; x_wconf 89' lang='lat' dir='ltr'>indiderunt.</span> 
     </span>
    </p>
   </div>
   <div class='ocr_carea' id='block_1_42' title="bbox 336 2609 2000 2683">
    <p class='ocr_par' dir='ltr' id='par_1_42' title="bbox 336 2609 2000 2683">
     <span class='ocr_line' id='line_1_43' title="bbox 336 2609 2000 2683; baseline 0.001 -19"><span class='ocrx_word' id='word_1_298' title='bbox 336 2611 543 2665; x_wconf 85' lang='lat' dir='ltr'>Oresta</span> <span class='ocrx_word' id='word_1_299' title='bbox 566 2616 699 2665; x_wconf 93' lang='lat' dir='ltr'>tum</span> <span class='ocrx_word' id='word_1_300' title='bbox 734 2609 974 2666; x_wconf 81' lang='lat' dir='ltr'>sanitati</span> <span class='ocrx_word' id='word_1_301' title='bbox 1006 2610 1227 2665; x_wconf 90' lang='lat' dir='ltr'>mentis</span> <span class='ocrx_word' id='word_1_302' title='bbox 1249 2611 1544 2682; x_wconf 87' lang='lat' dir='ltr'>restituto,</span> <span class='ocrx_word' id='word_1_303' title='bbox 1566 2611 1873 2683; x_wconf 83' lang='lat' dir='ltr'>Iphigenia</span> <span class='ocrx_word' id='word_1_304' title='bbox 1893 2629 2000 2683; x_wconf 91' lang='lat' dir='ltr'>per</span> 
     </span>
    </p>
   </div>
   <div class='ocr_carea' id='block_1_43' title="bbox 335 2698 1995 2756">
    <p class='ocr_par' dir='ltr' id='par_1_43' title="bbox 335 2698 1995 2756">
     <span class='ocr_line' id='line_1_44' title="bbox 335 2698 1995 2756; baseline 0.002 -3"><span class='ocrx_word' id='word_1_305' title='bbox 335 2699 705 2755; x_wconf 88' lang='lat' dir='ltr'>insomnium</span> <span class='ocrx_word' id='word_1_306' title='bbox 740 2704 831 2754; x_wconf 90' lang='lat' dir='ltr'>est</span> <span class='ocrx_word' id='word_1_307' title='bbox 860 2717 895 2755; x_wconf 91' lang='lat' dir='ltr'>a</span> <span class='ocrx_word' id='word_1_308' title='bbox 932 2716 1103 2755; x_wconf 89' lang='lat' dir='ltr'>cerva</span> <span class='ocrx_word' id='word_1_309' title='bbox 1133 2698 1444 2756; x_wconf 89' lang='lat' dir='ltr'>admonita</span> <span class='ocrx_word' id='word_1_310' title='bbox 1474 2704 1540 2755; x_wconf 91' lang='lat' dir='ltr'>ut</span> <span class='ocrx_word' id='word_1_311' title='bbox 1588 2700 1743 2755; x_wconf 91' lang='lat' dir='ltr'>hanc</span> <span class='ocrx_word' id='word_1_312' title='bbox 1775 2706 1995 2756; x_wconf 84' lang='lat' dir='ltr'>terram</span> 
     </span>
    </p>
   </div>
   <div class='ocr_carea' id='block_1_44' title="bbox 332 2775 1995 2861">
    <p class='ocr_par' dir='ltr' id='par_1_44' title="bbox 332 2775 1995 2861">
     <span class='ocr_line' id='line_1_45' title="bbox 332 2775 1995 2861; baseline 0.001 -18"><span class='ocrx_word' id='word_1_313' title='bbox 332 2790 581 2861; x_wconf 70' lang='lat' dir='ltr'>fugeret.</span> <span class='ocrx_word' id='word_1_314' title='bbox 615 2788 943 2859; x_wconf 88' lang='lat' dir='ltr'>Statimque</span> <span class='ocrx_word' id='word_1_315' title='bbox 988 2789 1287 2861; x_wconf 87' lang='lat' dir='ltr'>fugientes</span> <span class='ocrx_word' id='word_1_316' title='bbox 1327 2775 1689 2845; x_wconf 85' lang='lat' dir='ltr'>maritimam</span> <span class='ocrx_word' id='word_1_317' title='bbox 1732 2790 1995 2845; x_wconf 62' lang='lat' dir='ltr'>Palaesti-</span> 
     </span>
    </p>
   </div>
   <div class='ocr_carea' id='block_1_45' title="bbox 334 2876 1992 2949">
    <p class='ocr_par' dir='ltr' id='par_1_45' title="bbox 334 2876 1992 2949">
     <span class='ocr_line' id='line_1_46' title="bbox 334 2876 1992 2949; baseline 0.001 -17"><span class='ocrx_word' id='word_1_318' title='bbox 334 2893 472 2932; x_wconf 91' lang='lat' dir='ltr'>nam</span> <span class='ocrx_word' id='word_1_319' title='bbox 507 2882 849 2933; x_wconf 90' lang='lat' dir='ltr'>tenuerunt.</span> <span class='ocrx_word' id='word_1_320' title='bbox 873 2876 1095 2932; x_wconf 90' lang='lat' dir='ltr'>Indein</span> <span class='ocrx_word' id='word_1_321' title='bbox 1129 2879 1357 2949; x_wconf 89' lang='lat' dir='ltr'>Syriam</span> <span class='ocrx_word' id='word_1_322' title='bbox 1390 2883 1448 2933; x_wconf 90' lang='lat' dir='ltr'>et</span> <span class='ocrx_word' id='word_1_323' title='bbox 1477 2878 1553 2933; x_wconf 91' lang='lat' dir='ltr'>ad</span> <span class='ocrx_word' id='word_1_324' title='bbox 1585 2885 1847 2934; x_wconf 90' lang='lat' dir='ltr'>montem</span> <span class='ocrx_word' id='word_1_325' title='bbox 1872 2881 1992 2934; x_wconf 86' lang='lat' dir='ltr'>Me-</span> 
     </span>
    </p>
   </div>
   <div class='ocr_carea' id='block_1_46' title="bbox 336 2965 1989 3034">
    <p class='ocr_par' dir='ltr' id='par_1_46' title="bbox 336 2965 1989 3034">
     <span class='ocr_line' id='line_1_47' title="bbox 336 2965 1989 3034; baseline 0.002 -14"><span class='ocrx_word' id='word_1_326' title='bbox 336 2966 591 3021; x_wconf 89' lang='lat' dir='ltr'>lantium</span> <span class='ocrx_word' id='word_1_327' title='bbox 623 2966 799 3021; x_wconf 89' lang='lat' dir='ltr'>delati</span> <span class='ocrx_word' id='word_1_328' title='bbox 832 2971 992 3034; x_wconf 90' lang='lat' dir='ltr'>sunt,</span> <span class='ocrx_word' id='word_1_329' title='bbox 1024 2965 1125 3021; x_wconf 90' lang='lat' dir='ltr'>ubi</span> <span class='ocrx_word' id='word_1_330' title='bbox 1150 2967 1388 3022; x_wconf 83' lang='lat' dir='ltr'>Orestes</span> <span class='ocrx_word' id='word_1_331' title='bbox 1414 2984 1485 3021; x_wconf 80' lang='lat' dir='ltr'>ex</span> <span class='ocrx_word' id='word_1_332' title='bbox 1514 2968 1753 3023; x_wconf 87' lang='lat' dir='ltr'>oraculo</span> <span class='ocrx_word' id='word_1_333' title='bbox 1784 2968 1989 3023; x_wconf 85' lang='lat' dir='ltr'>fanum</span> 
     </span>
    </p>
   </div>
   <div class='ocr_carea' id='block_1_47' title="bbox 338 3055 1986 3127">
    <p class='ocr_par' dir='ltr' id='par_1_47' title="bbox 338 3055 1986 3127">
     <span class='ocr_line' id='line_1_48' title="bbox 338 3055 1986 3127; baseline 0.002 -18"><span class='ocrx_word' id='word_1_334' title='bbox 338 3057 526 3110; x_wconf 67' lang='lat' dir='ltr'>Vesta:</span> <span class='ocrx_word' id='word_1_335' title='bbox 560 3056 800 3127; x_wconf 86' lang='lat' dir='ltr'>reperit,</span> <span class='ocrx_word' id='word_1_336' title='bbox 825 3072 893 3110; x_wconf 90' lang='lat' dir='ltr'>ac</span> <span class='ocrx_word' id='word_1_337' title='bbox 925 3055 1109 3110; x_wconf 90' lang='lat' dir='ltr'>sacris</span> <span class='ocrx_word' id='word_1_338' title='bbox 1131 3062 1411 3127; x_wconf 90' lang='lat' dir='ltr'>operatus</span> <span class='ocrx_word' id='word_1_339' title='bbox 1451 3056 1680 3111; x_wconf 83' lang='lat' dir='ltr'>difﬁcili</span> <span class='ocrx_word' id='word_1_340' title='bbox 1717 3062 1807 3111; x_wconf 88' lang='lat' dir='ltr'>est</span> <span class='ocrx_word' id='word_1_341' title='bbox 1836 3057 1986 3112; x_wconf 88' lang='lat' dir='ltr'>libe-</span> 
     </span>
    </p>
   </div>
   <div class='ocr_carea' id='block_1_48' title="bbox 337 3144 1986 3216">
    <p class='ocr_par' dir='ltr' id='par_1_48' title="bbox 337 3144 1986 3216">
     <span class='ocr_line' id='line_1_49' title="bbox 337 3144 1986 3216; baseline 0 -17"><span class='ocrx_word' id='word_1_342' title='bbox 337 3149 502 3200; x_wconf 88' lang='lat' dir='ltr'>ratus</span> <span class='ocrx_word' id='word_1_343' title='bbox 532 3144 783 3200; x_wconf 89' lang='lat' dir='ltr'>insania.</span> <span class='ocrx_word' id='word_1_344' title='bbox 827 3144 966 3200; x_wconf 92' lang='lat' dir='ltr'>lnde</span> <span class='ocrx_word' id='word_1_345' title='bbox 997 3146 1215 3200; x_wconf 88' lang='lat' dir='ltr'>Oronte</span> <span class='ocrx_word' id='word_1_346' title='bbox 1259 3146 1435 3200; x_wconf 80' lang='lat' dir='ltr'>fluvio</span> <span class='ocrx_word' id='word_1_347' title='bbox 1486 3147 1732 3216; x_wconf 87' lang='lat' dir='ltr'>trajecto</span> <span class='ocrx_word' id='word_1_348' title='bbox 1773 3146 1846 3201; x_wconf 85' lang='lat' dir='ltr'>ad</span> <span class='ocrx_word' id='word_1_349' title='bbox 1878 3146 1986 3200; x_wconf 87' lang='lat' dir='ltr'>Sil-</span> 
     </span>
    </p>
   </div>
   <div class='ocr_carea' id='block_1_49' title="bbox 336 3233 1981 3306">
    <p class='ocr_par' dir='ltr' id='par_1_49' title="bbox 336 3233 1981 3306">
     <span class='ocr_line' id='line_1_50' title="bbox 336 3233 1981 3306; baseline -0.001 -16"><span class='ocrx_word' id='word_1_350' title='bbox 336 3233 500 3306; x_wconf 91' lang='lat' dir='ltr'>pium</span> <span class='ocrx_word' id='word_1_351' title='bbox 525 3240 789 3291; x_wconf 90' lang='lat' dir='ltr'>montem</span> <span class='ocrx_word' id='word_1_352' title='bbox 822 3235 1131 3306; x_wconf 85' lang='lat' dir='ltr'>pervenit;</span> <span class='ocrx_word' id='word_1_353' title='bbox 1163 3234 1554 3306; x_wconf 87' lang='lat' dir='ltr'>salutatisquo</span> <span class='ocrx_word' id='word_1_354' title='bbox 1579 3236 1788 3290; x_wconf 85' lang='lat' dir='ltr'>Jonitis</span> <span class='ocrx_word' id='word_1_355' title='bbox 1820 3235 1981 3306; x_wconf 84' lang='lat' dir='ltr'>Argi-</span> 
     </span>
    </p>
   </div>
   <div class='ocr_carea' id='block_1_50' title="bbox 336 3307 1993 3398">
    <p class='ocr_par' dir='ltr' id='par_1_50' title="bbox 336 3324 1989 3396">
     <span class='ocr_line' id='line_1_51' title="bbox 336 3324 1989 3396; baseline 0.001 -19"><span class='ocrx_word' id='word_1_356' title='bbox 336 3324 425 3379; x_wconf 92' lang='lat' dir='ltr'>vis</span> <span class='ocrx_word' id='word_1_357' title='bbox 473 3324 674 3396; x_wconf 91' lang='lat' dir='ltr'>ulpote</span> <span class='ocrx_word' id='word_1_358' title='bbox 731 3324 1085 3396; x_wconf 88' lang='lat' dir='ltr'>prepinquis</span> <span class='ocrx_word' id='word_1_359' title='bbox 1144 3325 1287 3389; x_wconf 85' lang='lat' dir='ltr'>suis,</span> <span class='ocrx_word' id='word_1_360' title='bbox 1341 3324 1413 3379; x_wconf 90' lang='lat' dir='ltr'>ab</span> <span class='ocrx_word' id='word_1_361' title='bbox 1483 3325 1555 3379; x_wconf 87' lang='lat' dir='ltr'>iis</span> <span class='ocrx_word' id='word_1_362' title='bbox 1622 3325 1696 3379; x_wconf 90' lang='lat' dir='ltr'>ad</span> <span class='ocrx_word' id='word_1_363' title='bbox 1755 3330 1989 3395; x_wconf 85' lang='lat' dir='ltr'>portum</span> 
     </span>
    </p>
   </div>
   <div class='ocr_carea' id='block_1_51' title="bbox 2106 3307 3206 3398">
    <p class='ocr_par' dir='ltr' id='par_1_51' title="bbox 2106 3319 3206 3398">
     <span class='ocr_line' id='line_1_52' title="bbox 2106 3319 3206 3398; baseline 0.001 -22"><span class='ocrx_word' id='word_1_364' title='bbox 2106 3319 2278 3398; x_wconf 83' lang='grc' dir='ltr'>γένεῖς</span> <span class='ocrx_word' id='word_1_365' title='bbox 2325 3321 2702 3395; x_wconf 67' lang='grc' dir='ltr'>ἀσπασάμενος</span> <span class='ocrx_word' id='word_1_366' title='bbox 2761 3319 2832 3377; x_wconf 87' lang='grc' dir='ltr'>δι’</span> <span class='ocrx_word' id='word_1_367' title='bbox 2892 3324 3070 3379; x_wconf 66' lang='grc' dir='ltr'>αὐτῶν</span> <span class='ocrx_word' id='word_1_368' title='bbox 3128 3321 3206 3382; x_wconf 63' lang='grc' dir='ltr'>εἷς</span> 
     </span>
    </p>
   </div>
   <div class='ocr_carea' id='block_1_52' title="bbox 341 3413 1988 3485">
    <p class='ocr_par' dir='ltr' id='par_1_52' title="bbox 341 3413 1988 3485">
     <span class='ocr_line' id='line_1_53' title="bbox 341 3413 1988 3485; baseline -0.001 -17"><span class='ocrx_word' id='word_1_369' title='bbox 341 3413 804 3484; x_wconf 68' lang='lat' dir='ltr'>Seleuciar,quia3</span> <span class='ocrx_word' id='word_1_370' title='bbox 817 3414 1149 3484; x_wconf 88' lang='lat' dir='ltr'>antiquitus</span> <span class='ocrx_word' id='word_1_371' title='bbox 1165 3414 1515 3485; x_wconf 71' lang='lat' dir='ltr'>Palmopolis</span> <span class='ocrx_word' id='word_1_372' title='bbox 1531 3414 1645 3467; x_wconf 91' lang='lat' dir='ltr'>fuit</span> <span class='ocrx_word' id='word_1_373' title='bbox 1662 3414 1988 3477; x_wconf 88' lang='lat' dir='ltr'>nominata,</span> 
     </span>
    </p>
   </div>
   <div class='ocr_carea' id='block_1_53' title="bbox 341 3500 1990 3571">
    <p class='ocr_par' dir='ltr' id='par_1_53' title="bbox 341 3500 1990 3571">
     <span class='ocr_line' id='line_1_54' title="bbox 341 3500 1990 3571; baseline 0.001 -16"><span class='ocrx_word' id='word_1_374' title='bbox 341 3500 629 3557; x_wconf 89' lang='lat' dir='ltr'>deductus</span> <span class='ocrx_word' id='word_1_375' title='bbox 677 3518 1008 3571; x_wconf 83' lang='lat' dir='ltr'>navemque</span> <span class='ocrx_word' id='word_1_376' title='bbox 1040 3501 1118 3556; x_wconf 86' lang='lat' dir='ltr'>ibi</span> <span class='ocrx_word' id='word_1_377' title='bbox 1152 3508 1361 3557; x_wconf 87' lang='lat' dir='ltr'>nactus</span> <span class='ocrx_word' id='word_1_378' title='bbox 1394 3501 1455 3557; x_wconf 92' lang='lat' dir='ltr'>in</span> <span class='ocrx_word' id='word_1_379' title='bbox 1486 3502 1768 3558; x_wconf 67' lang='lat' dir='ltr'>Graeciam</span> <span class='ocrx_word' id='word_1_380' title='bbox 1806 3508 1990 3557; x_wconf 82' lang='lat' dir='ltr'>trans-</span> 
     </span>
    </p>
   </div>
   <div class='ocr_carea' id='block_1_54' title="bbox 340 3589 1989 3655">
    <p class='ocr_par' dir='ltr' id='par_1_54' title="bbox 340 3589 1989 3655">
     <span class='ocr_line' id='line_1_55' title="bbox 340 3589 1989 3655; baseline 0.001 -13"><span class='ocrx_word' id='word_1_381' title='bbox 340 3589 524 3643; x_wconf 90' lang='lat' dir='ltr'>misit.</span> <span class='ocrx_word' id='word_1_382' title='bbox 558 3589 660 3643; x_wconf 89' lang='lat' dir='ltr'>Hic</span> <span class='ocrx_word' id='word_1_383' title='bbox 694 3589 911 3644; x_wconf 89' lang='lat' dir='ltr'>tradita</span> <span class='ocrx_word' id='word_1_384' title='bbox 935 3589 996 3643; x_wconf 91' lang='lat' dir='ltr'>in</span> <span class='ocrx_word' id='word_1_385' title='bbox 1033 3589 1481 3644; x_wconf 88' lang='lat' dir='ltr'>matrimonium</span> <span class='ocrx_word' id='word_1_386' title='bbox 1501 3589 1750 3655; x_wconf 89' lang='lat' dir='ltr'>Electra,</span> <span class='ocrx_word' id='word_1_387' title='bbox 1778 3607 1883 3645; x_wconf 87' lang='lat' dir='ltr'>sua</span> <span class='ocrx_word' id='word_1_388' title='bbox 1905 3607 1989 3644; x_wconf 89' lang='lat' dir='ltr'>so-</span> 
     </span>
    </p>
   </div>
   <div class='ocr_carea' id='block_1_55' title="bbox 336 3676 1989 3750">
    <p class='ocr_par' dir='ltr' id='par_1_55' title="bbox 336 3676 1989 3750">
     <span class='ocr_line' id='line_1_56' title="bbox 336 3676 1989 3750; baseline 0.001 -19"><span class='ocrx_word' id='word_1_389' title='bbox 336 3692 493 3744; x_wconf 90' lang='lat' dir='ltr'>rore,</span> <span class='ocrx_word' id='word_1_390' title='bbox 527 3676 751 3747; x_wconf 80' lang='lat' dir='ltr'>Pyladi,</span> <span class='ocrx_word' id='word_1_391' title='bbox 785 3679 1211 3748; x_wconf 74' lang='lat' dir='ltr'>Mycenzeorum</span> <span class='ocrx_word' id='word_1_392' title='bbox 1260 3694 1702 3750; x_wconf 89' lang='lat' dir='ltr'>regnumusque</span> <span class='ocrx_word' id='word_1_393' title='bbox 1746 3679 1819 3733; x_wconf 89' lang='lat' dir='ltr'>ad</span> <span class='ocrx_word' id='word_1_394' title='bbox 1860 3679 1989 3733; x_wconf 71' lang='lat' dir='ltr'>vita)</span> 
     </span>
    </p>
   </div>
   <div class='ocr_carea' id='block_1_56' title="bbox 340 3766 1991 3840">
    <p class='ocr_par' dir='ltr' id='par_1_56' title="bbox 340 3766 1991 3840">
     <span class='ocr_line' id='line_1_57' title="bbox 340 3766 1991 3840; baseline 0.001 -21"><span class='ocrx_word' id='word_1_395' title='bbox 340 3767 521 3820; x_wconf 85' lang='lat' dir='ltr'>tinem</span> <span class='ocrx_word' id='word_1_396' title='bbox 551 3766 950 3838; x_wconf 88' lang='lat' dir='ltr'>gessit.Thoas</span> <span class='ocrx_word' id='word_1_397' title='bbox 981 3773 1179 3822; x_wconf 88' lang='lat' dir='ltr'>autem</span> <span class='ocrx_word' id='word_1_398' title='bbox 1204 3766 1455 3839; x_wconf 75' lang='lat' dir='ltr'>Scythim</span> <span class='ocrx_word' id='word_1_399' title='bbox 1478 3768 1718 3840; x_wconf 82' lang='lat' dir='ltr'>regulus</span> <span class='ocrx_word' id='word_1_400' title='bbox 1748 3774 1991 3840; x_wconf 83' lang='lat' dir='ltr'>propter</span> 
     </span>
    </p>
   </div>
   <div class='ocr_carea' id='block_1_57' title="bbox 341 3856 1988 3929">
    <p class='ocr_par' dir='ltr' id='par_1_57' title="bbox 341 3856 1988 3929">
     <span class='ocr_line' id='line_1_58' title="bbox 341 3856 1988 3929; baseline 0.001 -20"><span class='ocrx_word' id='word_1_401' title='bbox 341 3856 727 3911; x_wconf 85' lang='lat' dir='ltr'>simulacrum</span> <span class='ocrx_word' id='word_1_402' title='bbox 762 3856 1097 3928; x_wconf 89' lang='lat' dir='ltr'>permultos</span> <span class='ocrx_word' id='word_1_403' title='bbox 1131 3857 1374 3927; x_wconf 87' lang='lat' dir='ltr'>Scythas</span> <span class='ocrx_word' id='word_1_404' title='bbox 1418 3856 1599 3925; x_wconf 90' lang='lat' dir='ltr'>misit,</span> <span class='ocrx_word' id='word_1_405' title='bbox 1633 3857 1733 3928; x_wconf 88' lang='lat' dir='ltr'>qui</span> <span class='ocrx_word' id='word_1_406' title='bbox 1765 3858 1988 3929; x_wconf 86' lang='lat' dir='ltr'>Iphige-</span> 
     </span>
    </p>
   </div>
   <div class='ocr_carea' id='block_1_58' title="bbox 337 3944 1986 4017">
    <p class='ocr_par' dir='ltr' id='par_1_58' title="bbox 337 3944 1986 4017">
     <span class='ocr_line' id='line_1_59' title="bbox 337 3944 1986 4017; baseline 0.001 -18"><span class='ocrx_word' id='word_1_407' title='bbox 337 3944 497 4000; x_wconf 89' lang='lat' dir='ltr'>niam</span> <span class='ocrx_word' id='word_1_408' title='bbox 522 3952 1045 4017; x_wconf 89' lang='lat' dir='ltr'>persequerentur.</span> <span class='ocrx_word' id='word_1_409' title='bbox 1079 3946 1146 4000; x_wconf 79' lang='lat' dir='ltr'>lli</span> <span class='ocrx_word' id='word_1_410' title='bbox 1178 3963 1315 4001; x_wconf 90' lang='lat' dir='ltr'>cum</span> <span class='ocrx_word' id='word_1_411' title='bbox 1351 3946 1645 4001; x_wconf 86' lang='lat' dir='ltr'>Tricomin</span> <span class='ocrx_word' id='word_1_412' title='bbox 1677 3948 1986 4017; x_wconf 88' lang='lat' dir='ltr'>pervenis-</span> 
     </span>
    </p>
   </div>
   <div class='ocr_carea' id='block_1_59' title="bbox 338 4034 1987 4106">
    <p class='ocr_par' dir='ltr' id='par_1_59' title="bbox 338 4034 1987 4106">
     <span class='ocr_line' id='line_1_60' title="bbox 338 4034 1987 4106; baseline 0.001 -17"><span class='ocrx_word' id='word_1_413' title='bbox 338 4039 491 4102; x_wconf 89' lang='lat' dir='ltr'>sent,</span> <span class='ocrx_word' id='word_1_414' title='bbox 543 4034 801 4106; x_wconf 86' lang='lat' dir='ltr'>indeque</span> <span class='ocrx_word' id='word_1_415' title='bbox 870 4052 972 4090; x_wconf 89' lang='lat' dir='ltr'>eos</span> <span class='ocrx_word' id='word_1_416' title='bbox 1035 4052 1185 4106; x_wconf 90' lang='lat' dir='ltr'>quos</span> <span class='ocrx_word' id='word_1_417' title='bbox 1256 4035 1728 4106; x_wconf 89' lang='lat' dir='ltr'>insequebantur</span> <span class='ocrx_word' id='word_1_418' title='bbox 1770 4036 1987 4091; x_wconf 84' lang='lat' dir='ltr'>abiisse</span> 
     </span>
    </p>
   </div>
   <div class='ocr_carea' id='block_1_60' title="bbox 334 4123 1990 4197">
    <p class='ocr_par' dir='ltr' id='par_1_60' title="bbox 334 4123 1990 4197">
     <span class='ocr_line' id='line_1_61' title="bbox 334 4123 1990 4197; baseline 0.002 -20"><span class='ocrx_word' id='word_1_419' title='bbox 334 4123 796 4194; x_wconf 81' lang='lat' dir='ltr'>intellexissent,</span> <span class='ocrx_word' id='word_1_420' title='bbox 816 4124 895 4179; x_wconf 91' lang='lat' dir='ltr'>ibi</span> <span class='ocrx_word' id='word_1_421' title='bbox 913 4124 1990 4197; x_wconf 86' lang='lat' dir='ltr'>remanserunt,urbeque,cuiScytho-</span> 
     </span>
    </p>
   </div>
   <div class='ocr_carea' id='block_1_61' title="bbox 334 4213 1983 4285">
    <p class='ocr_par' dir='ltr' id='par_1_61' title="bbox 334 4213 1983 4285">
     <span class='ocr_line' id='line_1_62' title="bbox 334 4213 1983 4285; baseline 0.001 -16"><span class='ocrx_word' id='word_1_422' title='bbox 334 4213 490 4285; x_wconf 89' lang='lat' dir='ltr'>polis</span> <span class='ocrx_word' id='word_1_423' title='bbox 508 4218 598 4270; x_wconf 91' lang='lat' dir='ltr'>est</span> <span class='ocrx_word' id='word_1_424' title='bbox 617 4230 863 4284; x_wconf 89' lang='lat' dir='ltr'>nomen,</span> <span class='ocrx_word' id='word_1_425' title='bbox 888 4214 1148 4281; x_wconf 90' lang='lat' dir='ltr'>condita,</span> <span class='ocrx_word' id='word_1_426' title='bbox 1173 4213 1417 4269; x_wconf 91' lang='lat' dir='ltr'>domum</span> <span class='ocrx_word' id='word_1_427' title='bbox 1440 4214 1658 4270; x_wconf 88' lang='lat' dir='ltr'>reversi</span> <span class='ocrx_word' id='word_1_428' title='bbox 1684 4231 1805 4269; x_wconf 90' lang='lat' dir='ltr'>non</span> <span class='ocrx_word' id='word_1_429' title='bbox 1826 4221 1983 4271; x_wconf 90' lang='lat' dir='ltr'>sunt.</span> 
     </span>
    </p>
   </div>
   <div class='ocr_carea' id='block_1_62' title="bbox 406 4302 1986 4376">
    <p class='ocr_par' dir='ltr' id='par_1_62' title="bbox 406 4302 1986 4376">
     <span class='ocr_line' id='line_1_63' title="bbox 406 4302 1986 4376; baseline 0.001 -18"><span class='ocrx_word' id='word_1_430' title='bbox 406 4304 618 4360; x_wconf 65' lang='lat' dir='ltr'>Encas</span> <span class='ocrx_word' id='word_1_431' title='bbox 646 4304 709 4359; x_wconf 92' lang='lat' dir='ltr'>in</span> <span class='ocrx_word' id='word_1_432' title='bbox 738 4302 1008 4360; x_wconf 82' lang='lat' dir='ltr'>Calabria</span> <span class='ocrx_word' id='word_1_433' title='bbox 1036 4320 1183 4359; x_wconf 89' lang='lat' dir='ltr'>usus</span> <span class='ocrx_word' id='word_1_434' title='bbox 1210 4303 1512 4359; x_wconf 89' lang='lat' dir='ltr'>Diomedis</span> <span class='ocrx_word' id='word_1_435' title='bbox 1542 4303 1823 4376; x_wconf 88' lang='lat' dir='ltr'>hospitio,</span> <span class='ocrx_word' id='word_1_436' title='bbox 1858 4305 1986 4375; x_wconf 87' lang='lat' dir='ltr'>jam</span> 
     </span>
    </p>
   </div>
   <div class='ocr_carea' id='block_1_63' title="bbox 331 4391 1987 4465">
    <p class='ocr_par' dir='ltr' id='par_1_63' title="bbox 331 4391 1987 4465">
     <span class='ocr_line' id='line_1_64' title="bbox 331 4391 1987 4465; baseline 0.001 -18"><span class='ocrx_word' id='word_1_437' title='bbox 331 4391 730 4460; x_wconf 85' lang='lat' dir='ltr'>discessurus,</span> <span class='ocrx_word' id='word_1_438' title='bbox 755 4392 827 4449; x_wconf 90' lang='lat' dir='ltr'>ab</span> <span class='ocrx_word' id='word_1_439' title='bbox 858 4409 927 4449; x_wconf 91' lang='lat' dir='ltr'>eo</span> <span class='ocrx_word' id='word_1_440' title='bbox 946 4393 1279 4449; x_wconf 86' lang='lat' dir='ltr'>Palladium</span> <span class='ocrx_word' id='word_1_441' title='bbox 1300 4393 1488 4465; x_wconf 87' lang='lat' dir='ltr'>petiit.</span> <span class='ocrx_word' id='word_1_442' title='bbox 1518 4392 1987 4464; x_wconf 80' lang='lat' dir='ltr'>ResponditDio-</span> 
     </span>
    </p>
   </div>
   <div class='ocr_carea' id='block_1_64' title="bbox 336 4482 1982 4557">
    <p class='ocr_par' dir='ltr' id='par_1_64' title="bbox 336 4482 1982 4557">
     <span class='ocr_line' id='line_1_65' title="bbox 336 4482 1982 4557; baseline 0.001 -20"><span class='ocrx_word' id='word_1_443' title='bbox 336 4482 544 4539; x_wconf 88' lang='lat' dir='ltr'>medes</span> <span class='ocrx_word' id='word_1_444' title='bbox 565 4499 634 4538; x_wconf 83' lang='lat' dir='ltr'>ex</span> <span class='ocrx_word' id='word_1_445' title='bbox 654 4500 722 4539; x_wconf 94' lang='lat' dir='ltr'>eo</span> <span class='ocrx_word' id='word_1_446' title='bbox 746 4488 1156 4555; x_wconf 85' lang='lat' dir='ltr'>tempore,quo</span> <span class='ocrx_word' id='word_1_447' title='bbox 1178 4484 1436 4555; x_wconf 91' lang='lat' dir='ltr'>primum</span> <span class='ocrx_word' id='word_1_448' title='bbox 1458 4500 1592 4539; x_wconf 90' lang='lat' dir='ltr'>cum</span> <span class='ocrx_word' id='word_1_449' title='bbox 1608 4484 1761 4540; x_wconf 72' lang='lat'>288</span> <span class='ocrx_word' id='word_1_450' title='bbox 1778 4484 1982 4557; x_wconf 85' lang='lat' dir='ltr'>Ulysse</span> 
     </span>
    </p>
   </div>
   <div class='ocr_carea' id='block_1_65' title="bbox 330 4570 1983 4645">
    <p class='ocr_par' dir='ltr' id='par_1_65' title="bbox 330 4570 1983 4645">
     <span class='ocr_line' id='line_1_66' title="bbox 330 4570 1983 4645; baseline 0.002 -20"><span class='ocrx_word' id='word_1_451' title='bbox 330 4570 666 4628; x_wconf 86' lang='lat' dir='ltr'>Palladium</span> <span class='ocrx_word' id='word_1_452' title='bbox 682 4573 790 4628; x_wconf 91' lang='lat' dir='ltr'>Illo</span> <span class='ocrx_word' id='word_1_453' title='bbox 805 4572 1170 4639; x_wconf 85' lang='lat' dir='ltr'>abstulisset,</span> <span class='ocrx_word' id='word_1_454' title='bbox 1186 4590 1248 4628; x_wconf 92' lang='lat' dir='ltr'>se</span> <span class='ocrx_word' id='word_1_455' title='bbox 1262 4579 1438 4645; x_wconf 91' lang='lat' dir='ltr'>atque</span> <span class='ocrx_word' id='word_1_456' title='bbox 1458 4574 1781 4629; x_wconf 85' lang='lat' dir='ltr'>exercitum</span> <span class='ocrx_word' id='word_1_457' title='bbox 1808 4591 1983 4629; x_wconf 90' lang='lat' dir='ltr'>suum</span> 
     </span>
    </p>
   </div>
   <div class='ocr_carea' id='block_1_66' title="bbox 2117 1981 3775 2058">
    <p class='ocr_par' dir='ltr' id='par_1_66' title="bbox 2117 1981 3775 2058">
     <span class='ocr_line' id='line_1_67' title="bbox 2117 1981 3775 2058; baseline 0.001 -21"><span class='ocrx_word' id='word_1_458' title='bbox 2117 1981 2398 2055; x_wconf 87' lang='grc' dir='ltr'>Τρίκωμιν</span> <span class='ocrx_word' id='word_1_459' title='bbox 2447 1989 2548 2052; x_wconf 78' lang='grc' dir='ltr'>τῆς</span> <span class='ocrx_word' id='word_1_460' title='bbox 2592 1983 2979 2055; x_wconf 80' lang='grc' dir='ltr'>Παλαιστίνης.</span> <span class='ocrx_word' id='word_1_461' title='bbox 3041 1983 3145 2041; x_wconf 83' lang='grc' dir='ltr'>Καὶ</span> <span class='ocrx_word' id='word_1_462' title='bbox 3205 1982 3270 2052; x_wconf 78' lang='grc' dir='ltr'><strong>δὴ</strong></span> <span class='ocrx_word' id='word_1_463' title='bbox 3349 1983 3606 2058; x_wconf 81' lang='grc' dir='ltr'>Ὀρέστου</span> <span class='ocrx_word' id='word_1_464' title='bbox 3669 2004 3775 2056; x_wconf 72' lang='lat' dir='ltr'>pia-</span> 
     </span>
    </p>
   </div>
   <div class='ocr_carea' id='block_1_67' title="bbox 2116 2070 3776 2147">
    <p class='ocr_par' dir='ltr' id='par_1_67' title="bbox 2116 2070 3776 2147">
     <span class='ocr_line' id='line_1_68' title="bbox 2116 2070 3776 2147; baseline 0.001 -22"><span class='ocrx_word' id='word_1_465' title='bbox 2116 2070 2296 2130; x_wconf 77' lang='grc' dir='ltr'>νέντος</span> <span class='ocrx_word' id='word_1_466' title='bbox 2325 2071 2378 2126; x_wconf 74' lang='grc' dir='ltr'>οἱ</span> <span class='ocrx_word' id='word_1_467' title='bbox 2425 2074 2769 2146; x_wconf 83' lang='grc' dir='ltr'>Τρικωμῖται</span> <span class='ocrx_word' id='word_1_468' title='bbox 2822 2074 2963 2147; x_wconf 74' lang='grc' dir='ltr'>ίιρὸν</span> <span class='ocrx_word' id='word_1_469' title='bbox 3026 2073 3165 2147; x_wconf 84' lang='grc' dir='ltr'>μέγα</span> <span class='ocrx_word' id='word_1_470' title='bbox 3216 2076 3285 2145; x_wconf 77' lang='grc' dir='ltr'>τῇ</span> <span class='ocrx_word' id='word_1_471' title='bbox 3343 2070 3624 2147; x_wconf 75' lang='grc' dir='ltr'>Ἀρτέμιδι</span> <span class='ocrx_word' id='word_1_472' title='bbox 3655 2072 3776 2127; x_wconf 90' lang='grc' dir='ltr'>κτί-</span> 
     </span>
    </p>
   </div>
   <div class='ocr_carea' id='block_1_68' title="bbox 2116 2159 3770 2238">
    <p class='ocr_par' dir='ltr' id='par_1_68' title="bbox 2116 2159 3770 2238">
     <span class='ocr_line' id='line_1_69' title="bbox 2116 2159 3770 2238; baseline 0.002 -25"><span class='ocrx_word' id='word_1_473' title='bbox 2116 2180 2302 2221; x_wconf 81' lang='grc' dir='ltr'>σαντες</span> <span class='ocrx_word' id='word_1_474' title='bbox 2359 2159 2544 2229; x_wconf 78' lang='grc' dir='ltr'>ἠξίουν</span> <span class='ocrx_word' id='word_1_475' title='bbox 2600 2162 2698 2230; x_wconf 78' lang='grc' dir='ltr'>τὴν</span> <span class='ocrx_word' id='word_1_476' title='bbox 2757 2161 3091 2238; x_wconf 72' lang='grc' dir='ltr'>Ἰφιγένειαν,</span> <span class='ocrx_word' id='word_1_477' title='bbox 3151 2161 3226 2225; x_wconf 83' lang='grc' dir='ltr'>ὡς</span> <span class='ocrx_word' id='word_1_478' title='bbox 3276 2161 3472 2235; x_wconf 74' lang='grc' dir='ltr'>ἱέρειαν</span> <span class='ocrx_word' id='word_1_479' title='bbox 3503 2166 3770 2233; x_wconf 80' lang='grc' dir='ltr'>τιμῶντες</span> 
     </span>
    </p>
   </div>
   <div class='ocr_carea' id='block_1_69' title="bbox 2114 2247 3767 2325">
    <p class='ocr_par' dir='ltr' id='par_1_69' title="bbox 2114 2247 3767 2325">
     <span class='ocr_line' id='line_1_70' title="bbox 2114 2247 3767 2325; baseline 0.002 -24"><span class='ocrx_word' id='word_1_480' title='bbox 2114 2247 2304 2317; x_wconf 74' lang='grc' dir='ltr'>αὐτὴν,</span> <span class='ocrx_word' id='word_1_481' title='bbox 2363 2250 2611 2305; x_wconf 84' lang='grc' dir='ltr'>θυσιάσαι</span> <span class='ocrx_word' id='word_1_482' title='bbox 2675 2249 2846 2324; x_wconf 78' lang='grc' dir='ltr'>κόρην</span> <span class='ocrx_word' id='word_1_483' title='bbox 2901 2249 3165 2325; x_wconf 74' lang='grc' dir='ltr'>παρθένον</span> <span class='ocrx_word' id='word_1_484' title='bbox 3224 2255 3293 2324; x_wconf 79' lang='grc' dir='ltr'>τῇ</span> <span class='ocrx_word' id='word_1_485' title='bbox 3336 2255 3459 2321; x_wconf 73' lang='grc' dir='ltr'>θεῷ.</span> <span class='ocrx_word' id='word_1_486' title='bbox 3532 2249 3635 2306; x_wconf 75' lang='grc' dir='ltr'>Καὶ</span> <span class='ocrx_word' id='word_1_487' title='bbox 3698 2248 3767 2320; x_wconf 80' lang='grc' dir='ltr'>δὴ</span> 
     </span>
    </p>
   </div>
   <div class='ocr_carea' id='block_1_70' title="bbox 2111 2335 3771 2415">
    <p class='ocr_par' dir='ltr' id='par_1_70' title="bbox 2111 2335 3771 2415">
     <span class='ocr_line' id='line_1_71' title="bbox 2111 2335 3771 2415; baseline 0.002 -26"><span class='ocrx_word' id='word_1_488' title='bbox 2111 2335 2300 2409; x_wconf 81' lang='grc' dir='ltr'>ἄγουσι</span> <span class='ocrx_word' id='word_1_489' title='bbox 2338 2336 2484 2408; x_wconf 80' lang='grc' dir='ltr'>νέαν,</span> <span class='ocrx_word' id='word_1_490' title='bbox 2542 2338 2753 2395; x_wconf 75' lang='grc' dir='ltr'>Νύσσαν</span> <span class='ocrx_word' id='word_1_491' title='bbox 2812 2340 3062 2413; x_wconf 80' lang='grc' dir='ltr'>ὀνόματι,</span> <span class='ocrx_word' id='word_1_492' title='bbox 3094 2338 3159 2408; x_wconf 77' lang='grc' dir='ltr'>ἥν</span> <span class='ocrx_word' id='word_1_493' title='bbox 3206 2339 3296 2393; x_wconf 77' lang='grc' dir='ltr'>καὶ</span> <span class='ocrx_word' id='word_1_494' title='bbox 3328 2338 3601 2394; x_wconf 86' lang='grc' dir='ltr'>ἐθυσίασεν</span> <span class='ocrx_word' id='word_1_495' title='bbox 3635 2342 3771 2415; x_wconf 71' lang='grc' dir='ltr'>Ἰφι-</span> 
     </span>
    </p>
   </div>
   <div class='ocr_carea' id='block_1_71' title="bbox 2110 2422 3770 2507">
    <p class='ocr_par' dir='ltr' id='par_1_71' title="bbox 2110 2422 3770 2507">
     <span class='ocr_line' id='line_1_72' title="bbox 2110 2422 3770 2507; baseline 0 -27"><span class='ocrx_word' id='word_1_496' title='bbox 2110 2422 2310 2500; x_wconf 67' lang='grc' dir='ltr'>γένεια.</span> <span class='ocrx_word' id='word_1_497' title='bbox 2372 2428 2469 2481; x_wconf 80' lang='grc' dir='ltr'>Καὶ</span> <span class='ocrx_word' id='word_1_498' title='bbox 2526 2425 2734 2498; x_wconf 87' lang='grc' dir='ltr'>στήλην</span> <span class='ocrx_word' id='word_1_499' title='bbox 2792 2427 3010 2507; x_wconf 72' lang='grc' dir='ltr'>χαλκῆν</span> <span class='ocrx_word' id='word_1_500' title='bbox 3072 2430 3386 2499; x_wconf 77' lang='grc' dir='ltr'>στήσαντες,</span> <span class='ocrx_word' id='word_1_501' title='bbox 3438 2428 3645 2483; x_wconf 75' lang='grc' dir='ltr'>Νύσσαν</span> <span class='ocrx_word' id='word_1_502' title='bbox 3675 2429 3770 2482; x_wconf 87' lang='grc' dir='ltr'>τὸν</span> 
     </span>
    </p>
   </div>
   <div class='ocr_carea' id='block_1_72' title="bbox 2105 2514 3768 2595">
    <p class='ocr_par' dir='ltr' id='par_1_72' title="bbox 2105 2514 3768 2595">
     <span class='ocr_line' id='line_1_73' title="bbox 2105 2514 3768 2595; baseline 0.002 -26"><span class='ocrx_word' id='word_1_503' title='bbox 2105 2514 2277 2569; x_wconf 82' lang='grc' dir='ltr'>τόπον</span> <span class='ocrx_word' id='word_1_504' title='bbox 2337 2515 2648 2590; x_wconf 83' lang='grc' dir='ltr'>ὠνόμασαν.</span> <span class='ocrx_word' id='word_1_505' title='bbox 2726 2522 2833 2574; x_wconf 80' lang='grc' dir='ltr'>Τοῦ</span> <span class='ocrx_word' id='word_1_506' title='bbox 2909 2521 3036 2593; x_wconf 79' lang='grc' dir='ltr'>γοῦν</span> <span class='ocrx_word' id='word_1_507' title='bbox 3103 2517 3358 2591; x_wconf 85' lang='grc' dir='ltr'>Ὀρέστου</span> <span class='ocrx_word' id='word_1_508' title='bbox 3414 2517 3510 2577; x_wconf 85' lang='grc' dir='ltr'>τὰς</span> <span class='ocrx_word' id='word_1_509' title='bbox 3568 2520 3768 2595; x_wconf 73' lang='grc' dir='ltr'>φρένας</span> 
     </span>
    </p>
   </div>
   <div class='ocr_carea' id='block_1_73' title="bbox 2108 2599 3772 2685">
    <p class='ocr_par' dir='ltr' id='par_1_73' title="bbox 2108 2599 3772 2685">
     <span class='ocr_line' id='line_1_74' title="bbox 2108 2599 3772 2685; baseline 0.002 -28"><span class='ocrx_word' id='word_1_510' title='bbox 2108 2599 2467 2667; x_wconf 77' lang='grc' dir='ltr'>ἀναλαϐόντος</span> <span class='ocrx_word' id='word_1_511' title='bbox 2515 2608 2549 2675; x_wconf 78' lang='grc' dir='ltr'>ἡ</span> <span class='ocrx_word' id='word_1_512' title='bbox 2610 2606 2893 2684; x_wconf 71' lang='grc' dir='ltr'>Ἰφιγένεια</span> <span class='ocrx_word' id='word_1_513' title='bbox 2947 2603 3076 2679; x_wconf 74' lang='grc' dir='ltr'>ὄναρ</span> <span class='ocrx_word' id='word_1_514' title='bbox 3129 2603 3286 2675; x_wconf 74' lang='grc' dir='ltr'>εἶδεν,</span> <span class='ocrx_word' id='word_1_515' title='bbox 3324 2604 3522 2685; x_wconf 72' lang='grc' dir='ltr'>ἔλαφον</span> <span class='ocrx_word' id='word_1_516' title='bbox 3577 2605 3772 2683; x_wconf 69' lang='grc' dir='ltr'>λέγουο</span> 
     </span>
    </p>
   </div>
   <div class='ocr_carea' id='block_1_74' title="bbox 2106 2691 3762 2773">
    <p class='ocr_par' dir='ltr' id='par_1_74' title="bbox 2106 2691 3762 2773">
     <span class='ocr_line' id='line_1_75' title="bbox 2106 2691 3762 2773; baseline 0.002 -28"><span class='ocrx_word' id='word_1_517' title='bbox 2106 2712 2199 2746; x_wconf 90' lang='grc' dir='ltr'>σαν</span> <span class='ocrx_word' id='word_1_518' title='bbox 2235 2691 2392 2767; x_wconf 81' lang='grc' dir='ltr'>αὐτῇ·</span> <span class='ocrx_word' id='word_1_519' title='bbox 2428 2694 2576 2769; x_wconf 72' lang='grc' dir='ltr'>Φύγε</span> <span class='ocrx_word' id='word_1_520' title='bbox 2623 2694 2730 2749; x_wconf 83' lang='grc' dir='ltr'>ἀπὸ</span> <span class='ocrx_word' id='word_1_521' title='bbox 2783 2701 2884 2764; x_wconf 78' lang='grc' dir='ltr'>τῆς</span> <span class='ocrx_word' id='word_1_522' title='bbox 2939 2697 3148 2773; x_wconf 36' lang='grc' dir='ltr'>χώρας.</span> <span class='ocrx_word' id='word_1_523' title='bbox 3180 2695 3407 2765; x_wconf 65' lang='grc' dir='ltr'>ταύτης.</span> <span class='ocrx_word' id='word_1_524' title='bbox 3462 2694 3640 2759; x_wconf 74' lang='grc' dir='ltr'>Εὐθὺς</span> <span class='ocrx_word' id='word_1_525' title='bbox 3672 2693 3762 2749; x_wconf 77' lang='grc' dir='ltr'>οὗν</span> 
     </span>
    </p>
   </div>
   <div class='ocr_carea' id='block_1_75' title="bbox 2104 2779 3765 2859">
    <p class='ocr_par' dir='ltr' id='par_1_75' title="bbox 2104 2779 3765 2859">
     <span class='ocr_line' id='line_1_76' title="bbox 2104 2779 3765 2859; baseline 0.002 -24"><span class='ocrx_word' id='word_1_526' title='bbox 2104 2783 2362 2858; x_wconf 78' lang='grc' dir='ltr'>φυγόντες</span> <span class='ocrx_word' id='word_1_527' title='bbox 2417 2784 2516 2852; x_wconf 74' lang='grc' dir='ltr'>τήν</span> <span class='ocrx_word' id='word_1_528' title='bbox 2566 2783 2862 2859; x_wconf 74' lang='grc' dir='ltr'>παράλιον,</span> <span class='ocrx_word' id='word_1_529' title='bbox 2920 2779 3406 2856; x_wconf 72' lang='grc' dir='ltr'>καταλαμϐάνουσι</span> <span class='ocrx_word' id='word_1_530' title='bbox 3466 2782 3765 2840; x_wconf 78' lang='grc' dir='ltr'>Παλαιστί-</span> 
     </span>
    </p>
   </div>
   <div class='ocr_carea' id='block_1_76' title="bbox 2102 2874 3758 2950">
    <p class='ocr_par' dir='ltr' id='par_1_76' title="bbox 2102 2874 3758 2950">
     <span class='ocr_line' id='line_1_77' title="bbox 2102 2874 3758 2950; baseline 0.001 -23"><span class='ocrx_word' id='word_1_531' title='bbox 2102 2895 2224 2944; x_wconf 87' lang='grc' dir='ltr'>νην,</span> <span class='ocrx_word' id='word_1_532' title='bbox 2275 2875 2520 2939; x_wconf 74' lang='grc' dir='ltr'>κάκεῖοεν</span> <span class='ocrx_word' id='word_1_533' title='bbox 2575 2875 2650 2936; x_wconf 80' lang='grc' dir='ltr'>εἰς</span> <span class='ocrx_word' id='word_1_534' title='bbox 2710 2874 2912 2950; x_wconf 81' lang='grc' dir='ltr'>Συρίαν</span> <span class='ocrx_word' id='word_1_535' title='bbox 2986 2876 3076 2930; x_wconf 79' lang='grc' dir='ltr'>καὶ</span> <span class='ocrx_word' id='word_1_536' title='bbox 3125 2875 3189 2931; x_wconf 78' lang='grc' dir='ltr'>τὸ</span> <span class='ocrx_word' id='word_1_537' title='bbox 3243 2875 3548 2932; x_wconf 84' lang='grc' dir='ltr'>Μελάντιον</span> <span class='ocrx_word' id='word_1_538' title='bbox 3606 2874 3758 2949; x_wconf 76' lang='grc' dir='ltr'>ὅρος.</span> 
     </span>
    </p>
   </div>
   <div class='ocr_carea' id='block_1_77' title="bbox 2102 2963 3756 3043">
    <p class='ocr_par' dir='ltr' id='par_1_77' title="bbox 2102 2963 3756 3043">
     <span class='ocr_line' id='line_1_78' title="bbox 2102 2963 3756 3043; baseline -0.001 -23"><span class='ocrx_word' id='word_1_539' title='bbox 2102 2963 2204 3020; x_wconf 79' lang='grc' dir='ltr'>Καὶ</span> <span class='ocrx_word' id='word_1_540' title='bbox 2237 2964 2299 3019; x_wconf 77' lang='grc' dir='ltr'>τὸ</span> <span class='ocrx_word' id='word_1_541' title='bbox 2327 2963 2471 3038; x_wconf 73' lang='grc' dir='ltr'>ἱερὸν</span> <span class='ocrx_word' id='word_1_542' title='bbox 2497 2971 2597 3035; x_wconf 74' lang='grc' dir='ltr'>τῆς</span> <span class='ocrx_word' id='word_1_543' title='bbox 2656 2964 2869 3027; x_wconf 77' lang='grc' dir='ltr'>Ἑστίας</span> <span class='ocrx_word' id='word_1_544' title='bbox 2927 2965 3063 3020; x_wconf 83' lang='grc' dir='ltr'>κατὰ</span> <span class='ocrx_word' id='word_1_545' title='bbox 3093 2964 3182 3019; x_wconf 86' lang='grc' dir='ltr'>τὸν</span> <span class='ocrx_word' id='word_1_546' title='bbox 3217 2966 3475 3043; x_wconf 75' lang='grc' dir='ltr'>χρησμὸν</span> <span class='ocrx_word' id='word_1_547' title='bbox 3509 2965 3756 3037; x_wconf 71' lang='grc' dir='ltr'>εὓρηκὼς</span> 
     </span>
    </p>
   </div>
   <div class='ocr_carea' id='block_1_78' title="bbox 2102 3053 3755 3131">
    <p class='ocr_par' dir='ltr' id='par_1_78' title="bbox 2102 3053 3755 3131">
     <span class='ocr_line' id='line_1_79' title="bbox 2102 3053 3755 3131; baseline 0 -24"><span class='ocrx_word' id='word_1_548' title='bbox 2102 3053 2355 3127; x_wconf 85' lang='grc' dir='ltr'>Ὀρέστης</span> <span class='ocrx_word' id='word_1_549' title='bbox 2410 3054 2499 3109; x_wconf 78' lang='grc' dir='ltr'>καὶ</span> <span class='ocrx_word' id='word_1_550' title='bbox 2553 3053 2830 3122; x_wconf 78' lang='grc' dir='ltr'>θυσιάσας,</span> <span class='ocrx_word' id='word_1_551' title='bbox 2905 3061 3007 3124; x_wconf 82' lang='grc' dir='ltr'>τῆς</span> <span class='ocrx_word' id='word_1_552' title='bbox 3092 3053 3342 3131; x_wconf 68' lang='grc' dir='ltr'>χαλεπῆς</span> <span class='ocrx_word' id='word_1_553' title='bbox 3402 3053 3755 3124; x_wconf 76' lang='grc' dir='ltr'>ἀπήλλακται</span> 
     </span>
    </p>
   </div>
   <div class='ocr_carea' id='block_1_79' title="bbox 2102 3143 3759 3221">
    <p class='ocr_par' dir='ltr' id='par_1_79' title="bbox 2102 3143 3759 3221">
     <span class='ocr_line' id='line_1_80' title="bbox 2102 3143 3759 3221; baseline 0.001 -25"><span class='ocrx_word' id='word_1_554' title='bbox 2102 3143 2315 3214; x_wconf 82' lang='grc' dir='ltr'>μανίας.</span> <span class='ocrx_word' id='word_1_555' title='bbox 2370 3144 2498 3199; x_wconf 72' lang='grc' dir='ltr'>Εἶτα</span> <span class='ocrx_word' id='word_1_556' title='bbox 2552 3145 2643 3199; x_wconf 81' lang='grc' dir='ltr'>τὸν</span> <span class='ocrx_word' id='word_1_557' title='bbox 2704 3145 2961 3221; x_wconf 83' lang='grc' dir='ltr'>Ὀρόντην</span> <span class='ocrx_word' id='word_1_558' title='bbox 3022 3143 3281 3219; x_wconf 63' lang='grc' dir='ltr'>περάσας,</span> <span class='ocrx_word' id='word_1_559' title='bbox 3314 3144 3401 3198; x_wconf 82' lang='grc' dir='ltr'>ἐπὶ</span> <span class='ocrx_word' id='word_1_560' title='bbox 3431 3144 3493 3200; x_wconf 82' lang='grc' dir='ltr'>τὸ</span> <span class='ocrx_word' id='word_1_561' title='bbox 3527 3143 3759 3199; x_wconf 84' lang='grc' dir='ltr'>Σίλπιον</span> 
     </span>
    </p>
   </div>
   <div class='ocr_carea' id='block_1_80' title="bbox 2095 3231 3760 3310">
    <p class='ocr_par' dir='ltr' id='par_1_80' title="bbox 2095 3231 3760 3310">
     <span class='ocr_line' id='line_1_81' title="bbox 2095 3231 3760 3310; baseline 0.002 -25"><span class='ocrx_word' id='word_1_562' title='bbox 2095 3231 2221 3303; x_wconf 66' lang='grc' dir='ltr'>ὅρος</span> <span class='ocrx_word' id='word_1_563' title='bbox 2278 3231 2439 3303; x_wconf 74' lang='grc' dir='ltr'>ἦλθε,</span> <span class='ocrx_word' id='word_1_564' title='bbox 2498 3234 2588 3288; x_wconf 81' lang='grc' dir='ltr'>καὶ</span> <span class='ocrx_word' id='word_1_565' title='bbox 2653 3233 2782 3295; x_wconf 66' lang='grc' dir='ltr'>τοὺς</span> <span class='ocrx_word' id='word_1_566' title='bbox 2859 3233 3145 3310; x_wconf 83' lang='grc' dir='ltr'>Ἀργείους</span> <span class='ocrx_word' id='word_1_567' title='bbox 3200 3232 3436 3294; x_wconf 86' lang='grc' dir='ltr'>Ἰωνίτας</span> <span class='ocrx_word' id='word_1_568' title='bbox 3497 3233 3572 3295; x_wconf 88' lang='grc' dir='ltr'>ὡς</span> <span class='ocrx_word' id='word_1_569' title='bbox 3628 3254 3760 3309; x_wconf 84' lang='grc' dir='ltr'>συγ-</span> 
     </span>
    </p>
   </div>
   <div class='ocr_carea' id='block_1_81' title="bbox 3263 3320 3758 3396">
    <p class='ocr_par' dir='ltr' id='par_1_81' title="bbox 3263 3320 3758 3396">
     <span class='ocr_line' id='line_1_82' title="bbox 3263 3320 3758 3396; baseline 0.002 -20"><span class='ocrx_word' id='word_1_570' title='bbox 3263 3321 3326 3377; x_wconf 89' lang='grc' dir='ltr'>τὸ</span> <span class='ocrx_word' id='word_1_571' title='bbox 3356 3320 3625 3396; x_wconf 79' lang='grc' dir='ltr'>παράλιον</span> <span class='ocrx_word' id='word_1_572' title='bbox 3654 3329 3720 3391; x_wconf 80' lang='grc' dir='ltr'>τῆ</span> <span class='ocrx_word' id='word_1_573' title='bbox 3732 3342 3758 3384; x_wconf 89' lang='grc' dir='ltr'>ς</span> 
     </span>
    </p>
   </div>
   <div class='ocr_carea' id='block_1_82' title="bbox 2102 3408 3757 3487">
    <p class='ocr_par' dir='ltr' id='par_1_82' title="bbox 2102 3408 3757 3487">
     <span class='ocr_line' id='line_1_83' title="bbox 2102 3408 3757 3487; baseline 0 -22"><span class='ocrx_word' id='word_1_574' title='bbox 2102 3409 2534 3473; x_wconf 82' lang='grc' dir='ltr'>Παλαιοπὸλεως</span> <span class='ocrx_word' id='word_1_575' title='bbox 2566 3413 2758 3486; x_wconf 78' lang='grc' dir='ltr'>πρώην</span> <span class='ocrx_word' id='word_1_576' title='bbox 2793 3410 3124 3487; x_wconf 77' lang='grc' dir='ltr'>λεγομένης,</span> <span class='ocrx_word' id='word_1_577' title='bbox 3167 3415 3259 3465; x_wconf 78' lang='grc' dir='ltr'>νῦν</span> <span class='ocrx_word' id='word_1_578' title='bbox 3312 3408 3368 3466; x_wconf 72' lang='grc' dir='ltr'>δὲ</span> <span class='ocrx_word' id='word_1_579' title='bbox 3416 3409 3757 3479; x_wconf 76' lang='grc' dir='ltr'>Σελευκείας,</span> 
     </span>
    </p>
   </div>
   <div class='ocr_carea' id='block_1_83' title="bbox 2099 3495 3747 3575">
    <p class='ocr_par' dir='ltr' id='par_1_83' title="bbox 2099 3495 3747 3575">
     <span class='ocr_line' id='line_1_84' title="bbox 2099 3495 3747 3575; baseline 0.001 -21"><span class='ocrx_word' id='word_1_580' title='bbox 2099 3501 2485 3575; x_wconf 70' lang='grc' dir='ltr'>παρεπέμφθη.</span> <span class='ocrx_word' id='word_1_581' title='bbox 2546 3502 2796 3557; x_wconf 69' lang='grc' dir='ltr'>Κάκεῖθεν</span> <span class='ocrx_word' id='word_1_582' title='bbox 2845 3505 2973 3556; x_wconf 80' lang='grc' dir='ltr'>ναῦν</span> <span class='ocrx_word' id='word_1_583' title='bbox 3029 3501 3279 3572; x_wconf 78' lang='grc' dir='ltr'>εὑρηκὼς</span> <span class='ocrx_word' id='word_1_584' title='bbox 3335 3495 3442 3563; x_wconf 71' lang='grc' dir='ltr'>ἕως</span> <span class='ocrx_word' id='word_1_585' title='bbox 3478 3498 3747 3562; x_wconf 68' lang='grc' dir='ltr'>Ἑλλάδος</span> 
     </span>
    </p>
   </div>
   <div class='ocr_carea' id='block_1_84' title="bbox 2100 3584 3755 3665">
    <p class='ocr_par' dir='ltr' id='par_1_84' title="bbox 2100 3584 3755 3665">
     <span class='ocr_line' id='line_1_85' title="bbox 2100 3584 3755 3665; baseline -0.001 -21"><span class='ocrx_word' id='word_1_586' title='bbox 2100 3584 2276 3660; x_wconf 75' lang='grc' dir='ltr'>διέϐη.</span> <span class='ocrx_word' id='word_1_587' title='bbox 2338 3590 2443 3646; x_wconf 83' lang='grc' dir='ltr'>Καὶ</span> <span class='ocrx_word' id='word_1_588' title='bbox 2499 3591 2598 3659; x_wconf 75' lang='grc' dir='ltr'>τὴν</span> <span class='ocrx_word' id='word_1_589' title='bbox 2653 3587 2894 3658; x_wconf 65' lang='grc' dir='ltr'>ἀδελφὴν</span> <span class='ocrx_word' id='word_1_590' title='bbox 2955 3587 3253 3665; x_wconf 80' lang='grc' dir='ltr'>Ἠλέκτραν</span> <span class='ocrx_word' id='word_1_591' title='bbox 3317 3587 3392 3651; x_wconf 80' lang='grc' dir='ltr'>είς</span> <span class='ocrx_word' id='word_1_592' title='bbox 3450 3589 3625 3663; x_wconf 73' lang='grc' dir='ltr'>γάμον</span> <span class='ocrx_word' id='word_1_593' title='bbox 3675 3593 3755 3660; x_wconf 83' lang='grc' dir='ltr'>τῷ</span> 
     </span>
    </p>
   </div>
   <div class='ocr_carea' id='block_1_85' title="bbox 2100 3676 3748 3752">
    <p class='ocr_par' dir='ltr' id='par_1_85' title="bbox 2100 3676 3748 3752">
     <span class='ocr_line' id='line_1_86' title="bbox 2100 3676 3748 3752; baseline -0.003 -16"><span class='ocrx_word' id='word_1_594' title='bbox 2100 3677 2326 3752; x_wconf 76' lang='grc' dir='ltr'>Πυλάδῃ</span> <span class='ocrx_word' id='word_1_595' title='bbox 2384 3680 2586 3749; x_wconf 58' lang='grc' dir='ltr'>ζεύξας,</span> <span class='ocrx_word' id='word_1_596' title='bbox 2672 3676 2774 3740; x_wconf 76' lang='grc' dir='ltr'>ἕως</span> <span class='ocrx_word' id='word_1_597' title='bbox 2860 3678 3091 3734; x_wconf 73' lang='grc' dir='ltr'>θανάτου</span> <span class='ocrx_word' id='word_1_598' title='bbox 3148 3684 3250 3746; x_wconf 80' lang='grc' dir='ltr'>τῆς</span> <span class='ocrx_word' id='word_1_599' title='bbox 3305 3681 3414 3731; x_wconf 83' lang='grc' dir='ltr'>τῶν</span> <span class='ocrx_word' id='word_1_600' title='bbox 3473 3679 3748 3747; x_wconf 83' lang='grc' dir='ltr'>Μυκηνῶν</span> 
     </span>
    </p>
   </div>
   <div class='ocr_carea' id='block_1_86' title="bbox 2102 3763 3756 3843">
    <p class='ocr_par' dir='ltr' id='par_1_86' title="bbox 2102 3763 3756 3843">
     <span class='ocr_line' id='line_1_87' title="bbox 2102 3763 3756 3843; baseline -0.002 -20"><span class='ocrx_word' id='word_1_601' title='bbox 2102 3766 2378 3843; x_wconf 74' lang='grc' dir='ltr'>βασιλεύει</span> <span class='ocrx_word' id='word_1_602' title='bbox 2438 3768 2645 3843; x_wconf 81' lang='grc' dir='ltr'>χώρας.</span> <span class='ocrx_word' id='word_1_603' title='bbox 2707 3768 2846 3829; x_wconf 82' lang='grc' dir='ltr'>Θόας</span> <span class='ocrx_word' id='word_1_604' title='bbox 2906 3764 2963 3823; x_wconf 72' lang='grc' dir='ltr'>δὲ</span> <span class='ocrx_word' id='word_1_605' title='bbox 3015 3766 3140 3822; x_wconf 84' lang='grc' dir='ltr'>τότε</span> <span class='ocrx_word' id='word_1_606' title='bbox 3183 3764 3474 3841; x_wconf 75' lang='grc' dir='ltr'>τοπάρχης</span> <span class='ocrx_word' id='word_1_607' title='bbox 3502 3763 3576 3821; x_wconf 80' lang='grc' dir='ltr'>ὤν</span> <span class='ocrx_word' id='word_1_608' title='bbox 3613 3773 3756 3821; x_wconf 77' lang='grc' dir='ltr'>Σκυ-</span> 
     </span>
    </p>
   </div>
   <div class='ocr_carea' id='block_1_87' title="bbox 2098 3853 3754 3936">
    <p class='ocr_par' dir='ltr' id='par_1_87' title="bbox 2098 3853 3754 3936">
     <span class='ocr_line' id='line_1_88' title="bbox 2098 3853 3754 3936; baseline -0.002 -23"><span class='ocrx_word' id='word_1_609' title='bbox 2098 3858 2214 3919; x_wconf 81' lang='grc' dir='ltr'>θίας</span> <span class='ocrx_word' id='word_1_610' title='bbox 2246 3857 2321 3919; x_wconf 81' lang='grc' dir='ltr'>εἰς</span> <span class='ocrx_word' id='word_1_611' title='bbox 2380 3855 2702 3928; x_wconf 78' lang='grc' dir='ltr'>καταδίωξιν</span> <span class='ocrx_word' id='word_1_612' title='bbox 2757 3856 3071 3936; x_wconf 69' lang='grc' dir='ltr'>Ἰφιγενείας</span> <span class='ocrx_word' id='word_1_613' title='bbox 3128 3854 3218 3912; x_wconf 74' lang='grc' dir='ltr'>διὰ</span> <span class='ocrx_word' id='word_1_614' title='bbox 3246 3859 3308 3916; x_wconf 88' lang='grc' dir='ltr'>τὸ</span> <span class='ocrx_word' id='word_1_615' title='bbox 3357 3853 3581 3929; x_wconf 75' lang='grc' dir='ltr'>ἄγαλμα</span> <span class='ocrx_word' id='word_1_616' title='bbox 3610 3856 3754 3911; x_wconf 67' lang='grc' dir='ltr'>Σκύ-</span> 
     </span>
    </p>
   </div>
   <div class='ocr_carea' id='block_1_88' title="bbox 2098 3944 3749 4020">
    <p class='ocr_par' dir='ltr' id='par_1_88' title="bbox 2098 3944 3749 4020">
     <span class='ocr_line' id='line_1_89' title="bbox 2098 3944 3749 4020; baseline -0.003 -17"><span class='ocrx_word' id='word_1_617' title='bbox 2098 3960 2192 4012; x_wconf 88' lang='grc' dir='ltr'>οας</span> <span class='ocrx_word' id='word_1_618' title='bbox 2246 3946 2539 4012; x_wconf 80' lang='grc' dir='ltr'>πλείστους</span> <span class='ocrx_word' id='word_1_619' title='bbox 2595 3946 2930 4002; x_wconf 77' lang='grc' dir='ltr'>ἀπέστειλεν·</span> <span class='ocrx_word' id='word_1_620' title='bbox 2992 3944 3104 4003; x_wconf 80' lang='grc' dir='ltr'>ἐπεὶ</span> <span class='ocrx_word' id='word_1_621' title='bbox 3190 3946 3247 4004; x_wconf 79' lang='grc' dir='ltr'>δέ</span> <span class='ocrx_word' id='word_1_622' title='bbox 3325 3946 3401 4009; x_wconf 78' lang='grc' dir='ltr'>εἰς</span> <span class='ocrx_word' id='word_1_623' title='bbox 3461 3945 3749 4020; x_wconf 82' lang='grc' dir='ltr'>Τρίκωμιν</span> 
     </span>
    </p>
   </div>
   <div class='ocr_carea' id='block_1_89' title="bbox 2097 4032 3752 4110">
    <p class='ocr_par' dir='ltr' id='par_1_89' title="bbox 2097 4032 3752 4110">
     <span class='ocr_line' id='line_1_90' title="bbox 2097 4032 3752 4110; baseline -0.001 -19"><span class='ocrx_word' id='word_1_624' title='bbox 2097 4035 2339 4099; x_wconf 78' lang='grc' dir='ltr'>ἐλθόντες</span> <span class='ocrx_word' id='word_1_625' title='bbox 2372 4032 2573 4110; x_wconf 73' lang='grc' dir='ltr'>ἔμαθον</span> <span class='ocrx_word' id='word_1_626' title='bbox 2627 4035 2967 4092; x_wconf 69' lang='grc' dir='ltr'>ἀποπλεῦσαι</span> <span class='ocrx_word' id='word_1_627' title='bbox 3025 4036 3151 4099; x_wconf 76' lang='grc' dir='ltr'>τοὺς</span> <span class='ocrx_word' id='word_1_628' title='bbox 3210 4035 3603 4108; x_wconf 81' lang='grc' dir='ltr'>διωκομένους,</span> <span class='ocrx_word' id='word_1_629' title='bbox 3636 4032 3752 4089; x_wconf 89' lang='grc' dir='ltr'>ἐκεῖ</span> 
     </span>
    </p>
   </div>
   <div class='ocr_carea' id='block_1_90' title="bbox 2095 4119 3759 4199">
    <p class='ocr_par' dir='ltr' id='par_1_90' title="bbox 2095 4119 3759 4199">
     <span class='ocr_line' id='line_1_91' title="bbox 2095 4119 3759 4199; baseline 0.001 -21"><span class='ocrx_word' id='word_1_630' title='bbox 2095 4119 2328 4197; x_wconf 81' lang='grc' dir='ltr'>ἔμειναν,</span> <span class='ocrx_word' id='word_1_631' title='bbox 2361 4127 2447 4180; x_wconf 75' lang='grc' dir='ltr'>καὶ</span> <span class='ocrx_word' id='word_1_632' title='bbox 2490 4123 2654 4179; x_wconf 81' lang='grc' dir='ltr'>πόλιν</span> <span class='ocrx_word' id='word_1_633' title='bbox 2686 4127 2787 4195; x_wconf 67' lang='grc' dir='ltr'>τὴν</span> <span class='ocrx_word' id='word_1_634' title='bbox 2820 4123 3125 4199; x_wconf 80' lang='grc' dir='ltr'>λεγομένην</span> <span class='ocrx_word' id='word_1_635' title='bbox 3153 4123 3500 4190; x_wconf 80' lang='grc' dir='ltr'>Σκυθόπολιν</span> <span class='ocrx_word' id='word_1_636' title='bbox 3537 4121 3759 4180; x_wconf 77' lang='grc' dir='ltr'>οἱκοδο-</span> 
     </span>
    </p>
   </div>
   <div class='ocr_carea' id='block_1_91' title="bbox 2099 4215 2995 4290">
    <p class='ocr_par' dir='ltr' id='par_1_91' title="bbox 2099 4215 2995 4290">
     <span class='ocr_line' id='line_1_92' title="bbox 2099 4215 2995 4290; baseline 0.001 -19"><span class='ocrx_word' id='word_1_637' title='bbox 2099 4218 2386 4289; x_wconf 76' lang='grc' dir='ltr'>μήσαντες,</span> <span class='ocrx_word' id='word_1_638' title='bbox 2418 4215 2599 4270; x_wconf 79' lang='grc' dir='ltr'>οὐκέτι</span> <span class='ocrx_word' id='word_1_639' title='bbox 2637 4215 2995 4290; x_wconf 79' lang='grc' dir='ltr'>ὑπέστρεψαν.</span> 
     </span>
    </p>
   </div>
   <div class='ocr_carea' id='block_1_92' title="bbox 2165 4300 3756 4380">
    <p class='ocr_par' dir='ltr' id='par_1_92' title="bbox 2165 4300 3756 4380">
     <span class='ocr_line' id='line_1_93' title="bbox 2165 4300 3756 4380; baseline -0.002 -21"><span class='ocrx_word' id='word_1_640' title='bbox 2165 4303 2406 4373; x_wconf 79' lang='grc' dir='ltr'>Αἰνείας,</span> <span class='ocrx_word' id='word_1_641' title='bbox 2466 4303 2611 4377; x_wconf 82' lang='grc' dir='ltr'>παρᾶ</span> <span class='ocrx_word' id='word_1_642' title='bbox 2651 4301 2961 4375; x_wconf 73' lang='grc' dir='ltr'>Διομήδους</span> <span class='ocrx_word' id='word_1_643' title='bbox 3014 4303 3068 4359; x_wconf 89' lang='grc' dir='ltr'>ἐν</span> <span class='ocrx_word' id='word_1_644' title='bbox 3139 4300 3432 4380; x_wconf 76' lang='grc' dir='ltr'>Καλαϐρίᾳ</span> <span class='ocrx_word' id='word_1_645' title='bbox 3488 4303 3756 4375; x_wconf 79' lang='grc' dir='ltr'>ξενωθεὶς,</span> 
     </span>
    </p>
   </div>
   <div class='ocr_carea' id='block_1_93' title="bbox 2094 4388 3758 4471">
    <p class='ocr_par' dir='ltr' id='par_1_93' title="bbox 2094 4388 3758 4471">
     <span class='ocr_line' id='line_1_94' title="bbox 2094 4388 3758 4471; baseline -0.002 -21"><span class='ocrx_word' id='word_1_646' title='bbox 2094 4393 2210 4451; x_wconf 81' lang='grc' dir='ltr'>ἐπεὶ</span> <span class='ocrx_word' id='word_1_647' title='bbox 2269 4393 2569 4471; x_wconf 77' lang='grc' dir='ltr'>ἀποφοιτᾷν</span> <span class='ocrx_word' id='word_1_648' title='bbox 2623 4388 2879 4465; x_wconf 81' lang='grc' dir='ltr'>ἔμελλεν,</span> <span class='ocrx_word' id='word_1_649' title='bbox 2936 4392 3123 4468; x_wconf 75' lang='grc' dir='ltr'>ᾐτεῖτο</span> <span class='ocrx_word' id='word_1_650' title='bbox 3176 4390 3364 4449; x_wconf 74' lang='grc' dir='ltr'>λαϐεῖν</span> <span class='ocrx_word' id='word_1_651' title='bbox 3410 4395 3472 4449; x_wconf 86' lang='grc' dir='ltr'>τὸ</span> <span class='ocrx_word' id='word_1_652' title='bbox 3527 4391 3758 4450; x_wconf 84' lang='grc' dir='ltr'>Παλλά-</span> 
     </span>
    </p>
   </div>
   <div class='ocr_carea' id='block_1_94' title="bbox 2094 4481 3757 4562">
    <p class='ocr_par' dir='ltr' id='par_1_94' title="bbox 2094 4481 3757 4562">
     <span class='ocr_line' id='line_1_95' title="bbox 2094 4481 3757 4562; baseline -0.001 -24"><span class='ocrx_word' id='word_1_653' title='bbox 2094 4481 2209 4539; x_wconf 85' lang='grc' dir='ltr'>διον</span> <span class='ocrx_word' id='word_1_654' title='bbox 2238 4485 2366 4558; x_wconf 82' lang='grc' dir='ltr'>παρ’</span> <span class='ocrx_word' id='word_1_655' title='bbox 2406 4484 2593 4541; x_wconf 73' lang='grc' dir='ltr'>αὐτοῦ.</span> <span class='ocrx_word' id='word_1_656' title='bbox 2653 4484 2794 4558; x_wconf 85' lang='grc' dir='ltr'>Πρὸς</span> <span class='ocrx_word' id='word_1_657' title='bbox 2849 4484 2908 4538; x_wconf 79' lang='grc' dir='ltr'>ὃν</span> <span class='ocrx_word' id='word_1_658' title='bbox 2962 4484 3189 4549; x_wconf 82' lang='grc' dir='ltr'>ἐκεῖνος,</span> <span class='ocrx_word' id='word_1_659' title='bbox 3224 4486 3308 4555; x_wconf 82' lang='grc' dir='ltr'>Ἐξ</span> <span class='ocrx_word' id='word_1_660' title='bbox 3346 4485 3430 4551; x_wconf 80' lang='grc' dir='ltr'>οὗ,</span> <span class='ocrx_word' id='word_1_661' title='bbox 3463 4484 3621 4562; x_wconf 72' lang='grc' dir='ltr'>φησὶ,</span> <span class='ocrx_word' id='word_1_662' title='bbox 3652 4483 3757 4551; x_wconf 78' lang='grc' dir='ltr'>τήν</span> 
     </span>
    </p>
   </div>
   <div class='ocr_carea' id='block_1_95' title="bbox 2094 4568 3757 4651">
    <p class='ocr_par' dir='ltr' id='par_1_95' title="bbox 2094 4568 3757 4651">
     <span class='ocr_line' id='line_1_96' title="bbox 2094 4568 3757 4651; baseline -0.003 -24"><span class='ocrx_word' id='word_1_663' title='bbox 2094 4572 2272 4647; x_wconf 74' lang='grc' dir='ltr'>ἀρχὴν</span> <span class='ocrx_word' id='word_1_664' title='bbox 2304 4575 2466 4626; x_wconf 72' lang='grc' dir='ltr'>τοῦτο</span> <span class='ocrx_word' id='word_1_665' title='bbox 2524 4570 2657 4645; x_wconf 84' lang='grc' dir='ltr'>μετᾶ</span> <span class='ocrx_word' id='word_1_666' title='bbox 2714 4568 3019 4633; x_wconf 72' lang='grc' dir='ltr'>Ὀδυσσέως</span> <span class='ocrx_word' id='word_1_667' title='bbox 3074 4579 3178 4642; x_wconf 83' lang='grc' dir='ltr'>τῆς</span> <span class='ocrx_word' id='word_1_668' title='bbox 3220 4571 3385 4627; x_wconf 86' lang='grc' dir='ltr'>Ἰλίου</span> <span class='ocrx_word' id='word_1_669' title='bbox 3416 4568 3757 4651; x_wconf 76' lang='grc' dir='ltr'>ἀφειλόμην,</span> 
     </span>
    </p>
   </div>
   <div class='ocr_carea' id='block_1_96' title="bbox 328 4656 1993 4737">
    <p class='ocr_par' dir='ltr' id='par_1_96' title="bbox 328 4660 1984 4732">
     <span class='ocr_line' id='line_1_97' title="bbox 328 4660 1984 4732; baseline 0.002 -17"><span class='ocrx_word' id='word_1_670' title='bbox 328 4660 773 4717; x_wconf 90' lang='lat' dir='ltr'>continentibus</span> <span class='ocrx_word' id='word_1_671' title='bbox 786 4661 961 4718; x_wconf 89' lang='lat' dir='ltr'>malis</span> <span class='ocrx_word' id='word_1_672' title='bbox 977 4668 1153 4732; x_wconf 88' lang='lat' dir='ltr'>atque</span> <span class='ocrx_word' id='word_1_673' title='bbox 1169 4663 1608 4718; x_wconf 86' lang='lat' dir='ltr'>calamitatibus</span> <span class='ocrx_word' id='word_1_674' title='bbox 1620 4661 1801 4718; x_wconf 91' lang='lat' dir='ltr'>fuisse</span> <span class='ocrx_word' id='word_1_675' title='bbox 1817 4681 1984 4719; x_wconf 80' lang='lat' dir='ltr'>vexa—</span> 
     </span>
    </p>
   </div>
   <div class='ocr_carea' id='block_1_97' title="bbox 2106 4656 3760 4737">
    <p class='ocr_par' dir='ltr' id='par_1_97' title="bbox 2106 4656 3760 4737">
     <span class='ocr_line' id='line_1_98' title="bbox 2106 4656 3760 4737; baseline -0.002 -21"><span class='ocrx_word' id='word_1_676' title='bbox 2106 4658 2220 4716; x_wconf 69' lang='grc' dir='ltr'>οἷὶτε</span> <span class='ocrx_word' id='word_1_677' title='bbox 2259 4659 2384 4734; x_wconf 83' lang='grc' dir='ltr'>ἐμοὶ</span> <span class='ocrx_word' id='word_1_678' title='bbox 2442 4656 2566 4716; x_wconf 69' lang='grc' dir='ltr'>οὔτε</span> <span class='ocrx_word' id='word_1_679' title='bbox 2621 4664 2701 4731; x_wconf 81' lang='grc' dir='ltr'>τῷ</span> <span class='ocrx_word' id='word_1_680' title='bbox 2755 4660 2847 4715; x_wconf 85' lang='grc' dir='ltr'>ὑπ’</span> <span class='ocrx_word' id='word_1_681' title='bbox 2899 4659 2997 4732; x_wconf 78' lang='grc' dir='ltr'>ἐμὲ</span> <span class='ocrx_word' id='word_1_682' title='bbox 3053 4665 3267 4737; x_wconf 81' lang='grc' dir='ltr'>στρατῷ</span> <span class='ocrx_word' id='word_1_683' title='bbox 3315 4659 3532 4734; x_wconf 79' lang='grc' dir='ltr'>θλίψεις</span> <span class='ocrx_word' id='word_1_684' title='bbox 3571 4657 3760 4713; x_wconf 82' lang='grc' dir='ltr'>ἐπέλι-</span> 
     </span>
    </p>
   </div>
   <div class='ocr_carea' id='block_1_98' title="bbox 325 4751 1977 4824">
    <p class='ocr_par' dir='ltr' id='par_1_98' title="bbox 325 4751 1977 4824">
     <span class='ocr_line' id='line_1_99' title="bbox 325 4751 1977 4824; baseline 0.001 -21"><span class='ocrx_word' id='word_1_685' title='bbox 325 4754 493 4816; x_wconf 87' lang='lat' dir='ltr'>tum;</span> <span class='ocrx_word' id='word_1_686' title='bbox 527 4755 737 4806; x_wconf 90' lang='lat' dir='ltr'>etcum</span> <span class='ocrx_word' id='word_1_687' title='bbox 770 4751 900 4821; x_wconf 87' lang='lat' dir='ltr'>ejus</span> <span class='ocrx_word' id='word_1_688' title='bbox 924 4751 1011 4806; x_wconf 90' lang='lat' dir='ltr'>rei</span> <span class='ocrx_word' id='word_1_689' title='bbox 1044 4767 1222 4807; x_wconf 88' lang='lat' dir='ltr'>causa</span> <span class='ocrx_word' id='word_1_690' title='bbox 1253 4751 1523 4824; x_wconf 86' lang='lat' dir='ltr'>Pythiam</span> <span class='ocrx_word' id='word_1_691' title='bbox 1556 4751 1977 4821; x_wconf 84' lang='lat' dir='ltr'>consuluisset,</span> 
     </span>
    </p>
   </div>
   <div class='ocr_carea' id='block_1_99' title="bbox 318 4840 1977 4914">
    <p class='ocr_par' dir='ltr' id='par_1_99' title="bbox 318 4840 1977 4914">
     <span class='ocr_line' id='line_1_100' title="bbox 318 4840 1977 4914; baseline 0.001 -19"><span class='ocrx_word' id='word_1_692' title='bbox 318 4840 561 4912; x_wconf 84' lang='lat' dir='ltr'>jussum</span> <span class='ocrx_word' id='word_1_693' title='bbox 590 4841 771 4897; x_wconf 85' lang='lat' dir='ltr'>fuisse</span> <span class='ocrx_word' id='word_1_694' title='bbox 814 4841 1085 4914; x_wconf 88' lang='lat' dir='ltr'>Trojanis</span> <span class='ocrx_word' id='word_1_695' title='bbox 1115 4841 1177 4896; x_wconf 90' lang='lat' dir='ltr'>id</span> <span class='ocrx_word' id='word_1_696' title='bbox 1207 4841 1478 4897; x_wconf 85' lang='lat' dir='ltr'>reddere.</span> <span class='ocrx_word' id='word_1_697' title='bbox 1514 4841 1611 4895; x_wconf 84' lang='lat' dir='ltr'>llis</span> <span class='ocrx_word' id='word_1_698' title='bbox 1644 4841 1820 4897; x_wconf 91' lang='lat' dir='ltr'>dictis</span> <span class='ocrx_word' id='word_1_699' title='bbox 1868 4842 1977 4897; x_wconf 83' lang='lat' dir='ltr'>deo</span> 
     </span>
    </p>
   </div>
   <div class='ocr_carea' id='block_1_100' title="bbox 325 4929 1977 5002">
    <p class='ocr_par' dir='ltr' id='par_1_100' title="bbox 325 4929 1977 5002">
     <span class='ocr_line' id='line_1_101' title="bbox 325 4929 1977 5002; baseline 0 -17"><span class='ocrx_word' id='word_1_700' title='bbox 325 4947 453 4985; x_wconf 90' lang='lat' dir='ltr'>rem</span> <span class='ocrx_word' id='word_1_701' title='bbox 487 4945 717 4986; x_wconf 82' lang='lat' dir='ltr'>sacram</span> <span class='ocrx_word' id='word_1_702' title='bbox 742 4930 901 4997; x_wconf 89' lang='lat' dir='ltr'>fecit,</span> <span class='ocrx_word' id='word_1_703' title='bbox 933 4933 1296 5002; x_wconf 70' lang='lat' dir='ltr'>Encamque</span> <span class='ocrx_word' id='word_1_704' title='bbox 1326 4929 1679 5001; x_wconf 91' lang='lat' dir='ltr'>deprompto</span> <span class='ocrx_word' id='word_1_705' title='bbox 1710 4930 1977 4986; x_wconf 89' lang='lat' dir='ltr'>Palladio</span> 
     </span>
    </p>
   </div>
   <div class='ocr_carea' id='block_1_101' title="bbox 321 5017 1978 5076">
    <p class='ocr_par' dir='ltr' id='par_1_101' title="bbox 321 5017 1978 5076">
     <span class='ocr_line' id='line_1_102' title="bbox 321 5017 1978 5076; baseline 0.001 -2"><span class='ocrx_word' id='word_1_706' title='bbox 321 5018 583 5075; x_wconf 83' lang='lat' dir='ltr'>donavit.</span> <span class='ocrx_word' id='word_1_707' title='bbox 613 5021 823 5076; x_wconf 70' lang='lat' dir='ltr'>Encas</span> <span class='ocrx_word' id='word_1_708' title='bbox 853 5036 990 5075; x_wconf 91' lang='lat' dir='ltr'>cum</span> <span class='ocrx_word' id='word_1_709' title='bbox 1022 5018 1288 5074; x_wconf 86' lang='lat' dir='ltr'>Palladio</span> <span class='ocrx_word' id='word_1_710' title='bbox 1321 5017 1395 5073; x_wconf 92' lang='lat' dir='ltr'>ad</span> <span class='ocrx_word' id='word_1_711' title='bbox 1448 5018 1633 5074; x_wconf 67' lang='lat' dir='ltr'>Italia:</span> <span class='ocrx_word' id='word_1_712' title='bbox 1664 5019 1978 5075; x_wconf 89' lang='lat' dir='ltr'>dominum</span> 
     </span>
    </p>
   </div>
   <div class='ocr_carea' id='block_1_102' title="bbox 322 5107 1978 5181">
    <p class='ocr_par' dir='ltr' id='par_1_102' title="bbox 322 5107 1978 5181">
     <span class='ocr_line' id='line_1_103' title="bbox 322 5107 1978 5181; baseline 0.001 -18"><span class='ocrx_word' id='word_1_713' title='bbox 322 5108 595 5164; x_wconf 88' lang='lat' dir='ltr'>Latinum</span> <span class='ocrx_word' id='word_1_714' title='bbox 622 5108 922 5180; x_wconf 87' lang='lat' dir='ltr'>profectus</span> <span class='ocrx_word' id='word_1_715' title='bbox 940 5125 1076 5164; x_wconf 88' lang='lat' dir='ltr'>cum</span> <span class='ocrx_word' id='word_1_716' title='bbox 1098 5124 1165 5163; x_wconf 91' lang='lat' dir='ltr'>eo</span> <span class='ocrx_word' id='word_1_717' title='bbox 1198 5107 1510 5163; x_wconf 87' lang='lat' dir='ltr'>adversum</span> <span class='ocrx_word' id='word_1_718' title='bbox 1535 5107 1783 5164; x_wconf 77' lang='lat' dir='ltr'>Rutulos</span> <span class='ocrx_word' id='word_1_719' title='bbox 1799 5126 1978 5181; x_wconf 80' lang='lat' dir='ltr'>expe—</span> 
     </span>
    </p>
   </div>
   <div class='ocr_carea' id='block_1_103' title="bbox 2089 4747 3753 4827">
    <p class='ocr_par' dir='ltr' id='par_1_103' title="bbox 2089 4747 3753 4827">
     <span class='ocr_line' id='line_1_104' title="bbox 2089 4747 3753 4827; baseline -0.003 -22"><span class='ocrx_word' id='word_1_720' title='bbox 2089 4771 2191 4805; x_wconf 87' lang='grc' dir='ltr'>πον</span> <span class='ocrx_word' id='word_1_721' title='bbox 2246 4747 2353 4813; x_wconf 74' lang='grc' dir='ltr'>ἕως</span> <span class='ocrx_word' id='word_1_722' title='bbox 2408 4748 2530 4825; x_wconf 78' lang='grc' dir='ltr'>ἄρτι</span> <span class='ocrx_word' id='word_1_723' title='bbox 2582 4750 2672 4804; x_wconf 79' lang='grc' dir='ltr'>καὶ</span> <span class='ocrx_word' id='word_1_724' title='bbox 2729 4748 3028 4827; x_wconf 67' lang='grc' dir='ltr'>συμφοραί.</span> <span class='ocrx_word' id='word_1_725' title='bbox 3082 4748 3175 4805; x_wconf 84' lang='grc' dir='ltr'>Διὸ</span> <span class='ocrx_word' id='word_1_726' title='bbox 3205 4750 3296 4805; x_wconf 76' lang='grc' dir='ltr'>καὶ</span> <span class='ocrx_word' id='word_1_727' title='bbox 3333 4748 3615 4822; x_wconf 77' lang='grc' dir='ltr'>ἐπυθόμην</span> <span class='ocrx_word' id='word_1_728' title='bbox 3649 4753 3753 4815; x_wconf 81' lang='grc' dir='ltr'>τῆς</span> 
     </span>
    </p>
   </div>
   <div class='ocr_carea' id='block_1_104' title="bbox 2092 4835 3755 4913">
    <p class='ocr_par' dir='ltr' id='par_1_104' title="bbox 2092 4835 3755 4913">
     <span class='ocr_line' id='line_1_105' title="bbox 2092 4835 3755 4913; baseline -0.003 -18"><span class='ocrx_word' id='word_1_729' title='bbox 2092 4840 2292 4903; x_wconf 83' lang='grc' dir='ltr'>Πυθίας</span> <span class='ocrx_word' id='word_1_730' title='bbox 2347 4839 2470 4913; x_wconf 83' lang='grc' dir='ltr'>περὶ</span> <span class='ocrx_word' id='word_1_731' title='bbox 2528 4839 2717 4907; x_wconf 78' lang='grc' dir='ltr'>αὐτου,</span> <span class='ocrx_word' id='word_1_732' title='bbox 2777 4839 2812 4908; x_wconf 77' lang='grc' dir='ltr'>ἢ</span> <span class='ocrx_word' id='word_1_733' title='bbox 2870 4839 2959 4894; x_wconf 81' lang='grc' dir='ltr'>καὶ</span> <span class='ocrx_word' id='word_1_734' title='bbox 3019 4839 3229 4895; x_wconf 81' lang='grc' dir='ltr'>ἀνεῖλεν</span> <span class='ocrx_word' id='word_1_735' title='bbox 3285 4835 3585 4894; x_wconf 78' lang='grc' dir='ltr'>ἀποδοῦναι</span> <span class='ocrx_word' id='word_1_736' title='bbox 3615 4836 3755 4891; x_wconf 79' lang='grc' dir='ltr'>οὐτὸ</span> 
     </span>
    </p>
   </div>
   <div class='ocr_carea' id='block_1_105' title="bbox 2086 4924 3757 5001">
    <p class='ocr_par' dir='ltr' id='par_1_105' title="bbox 2086 4924 3757 5001">
     <span class='ocr_line' id='line_1_106' title="bbox 2086 4924 3757 5001; baseline -0.003 -17"><span class='ocrx_word' id='word_1_737' title='bbox 2086 4933 2203 4989; x_wconf 83' lang='grc' dir='ltr'>τοῖς</span> <span class='ocrx_word' id='word_1_738' title='bbox 2253 4926 2455 5001; x_wconf 81' lang='grc' dir='ltr'>Τρωσί.</span> <span class='ocrx_word' id='word_1_739' title='bbox 2506 4930 2686 4984; x_wconf 81' lang='grc' dir='ltr'>Ταῦτα</span> <span class='ocrx_word' id='word_1_740' title='bbox 2733 4924 3020 5000; x_wconf 86' lang='grc' dir='ltr'>Διομήδης</span> <span class='ocrx_word' id='word_1_741' title='bbox 3066 4927 3258 4999; x_wconf 75' lang='grc' dir='ltr'>εἰπὼν,</span> <span class='ocrx_word' id='word_1_742' title='bbox 3310 4928 3400 4982; x_wconf 87' lang='grc' dir='ltr'>καὶ</span> <span class='ocrx_word' id='word_1_743' title='bbox 3448 4927 3757 4998; x_wconf 75' lang='grc' dir='ltr'>θυσάμενος</span> 
     </span>
    </p>
   </div>
   <div class='ocr_carea' id='block_1_106' title="bbox 2088 5012 3757 5091">
    <p class='ocr_par' dir='ltr' id='par_1_106' title="bbox 2088 5012 3757 5091">
     <span class='ocr_line' id='line_1_107' title="bbox 2088 5012 3757 5091; baseline -0.005 -16"><span class='ocrx_word' id='word_1_744' title='bbox 2088 5023 2167 5091; x_wconf 81' lang='grc' dir='ltr'>τῷ</span> <span class='ocrx_word' id='word_1_745' title='bbox 2225 5020 2351 5088; x_wconf 78' lang='grc' dir='ltr'>θεῷ,</span> <span class='ocrx_word' id='word_1_746' title='bbox 2422 5012 2674 5071; x_wconf 68' lang='grc' dir='ltr'>ἐκϐαλὼν</span> <span class='ocrx_word' id='word_1_747' title='bbox 2728 5015 2884 5081; x_wconf 81' lang='grc' dir='ltr'>εὐθὺς</span> <span class='ocrx_word' id='word_1_748' title='bbox 2933 5018 2997 5071; x_wconf 89' lang='grc' dir='ltr'>τὸ</span> <span class='ocrx_word' id='word_1_749' title='bbox 3058 5014 3374 5073; x_wconf 83' lang='grc' dir='ltr'>Παλλάδιον</span> <span class='ocrx_word' id='word_1_750' title='bbox 3431 5021 3512 5089; x_wconf 80' lang='grc' dir='ltr'>τῷ</span> <span class='ocrx_word' id='word_1_751' title='bbox 3571 5013 3757 5085; x_wconf 76' lang='grc' dir='ltr'>Αἰνείᾳ</span> 
     </span>
    </p>
   </div>
   <div class='ocr_carea' id='block_1_107' title="bbox 2091 5100 3754 5183">
    <p class='ocr_par' dir='ltr' id='par_1_107' title="bbox 2091 5100 3754 5183">
     <span class='ocr_line' id='line_1_108' title="bbox 2091 5100 3754 5183; baseline -0.004 -21"><span class='ocrx_word' id='word_1_752' title='bbox 2091 5104 2365 5183; x_wconf 80' lang='grc' dir='ltr'>δωρεῖται.</span> <span class='ocrx_word' id='word_1_753' title='bbox 2426 5109 2597 5160; x_wconf 82' lang='grc' dir='ltr'>Τοῦτο</span> <span class='ocrx_word' id='word_1_754' title='bbox 2659 5100 2842 5160; x_wconf 77' lang='grc' dir='ltr'>λαϐὼν</span> <span class='ocrx_word' id='word_1_755' title='bbox 2900 5104 3121 5168; x_wconf 73' lang='grc' dir='ltr'>Αἲνείας</span> <span class='ocrx_word' id='word_1_756' title='bbox 3179 5106 3318 5182; x_wconf 87' lang='grc' dir='ltr'>πρὸς</span> <span class='ocrx_word' id='word_1_757' title='bbox 3345 5105 3438 5161; x_wconf 84' lang='grc' dir='ltr'>τὸν</span> <span class='ocrx_word' id='word_1_758' title='bbox 3471 5104 3597 5160; x_wconf 87' lang='grc' dir='ltr'>τότε</span> <span class='ocrx_word' id='word_1_759' title='bbox 3618 5121 3754 5157; x_wconf 84' lang='grc' dir='ltr'>τοπ-</span> 
     </span>
    </p>
   </div>
   <div class='ocr_carea' id='block_1_108' title="bbox 1524 5224 2540 5282">
    <p class='ocr_par' dir='ltr' id='par_1_108' title="bbox 1524 5224 2540 5282">
     <span class='ocr_line' id='line_1_109' title="bbox 1524 5224 2540 5282; baseline 0 -3"><span class='ocrx_word' id='word_1_760' title='bbox 1524 5224 1892 5280; x_wconf 80' lang='lat' dir='ltr'>XYLANDRI</span> <span class='ocrx_word' id='word_1_761' title='bbox 1932 5227 2019 5280; x_wconf 88' lang='lat' dir='ltr'>ET</span> <span class='ocrx_word' id='word_1_762' title='bbox 2058 5226 2278 5282; x_wconf 78' lang='lat' dir='ltr'>GOARI</span> <span class='ocrx_word' id='word_1_763' title='bbox 2316 5225 2540 5280; x_wconf 69' lang='lat' dir='ltr'>NOTAE.</span> 
     </span>
    </p>
   </div>
   <div class='ocr_carea' id='block_1_109' title="bbox 395 5350 1979 5422">
    <p class='ocr_par' dir='ltr' id='par_1_109' title="bbox 395 5350 1979 5422">
     <span class='ocr_line' id='line_1_110' title="bbox 395 5350 1979 5422; baseline -0.003 -13"><span class='ocrx_word' id='word_1_764' title='bbox 395 5350 477 5422; x_wconf 61' lang='grc' dir='ltr'>(αἱ)</span> <span class='ocrx_word' id='word_1_765' title='bbox 508 5350 876 5407; x_wconf 80' lang='lat' dir='ltr'>Adiabenam</span> <span class='ocrx_word' id='word_1_766' title='bbox 908 5351 1029 5407; x_wconf 91' lang='lat' dir='ltr'>scio</span> <span class='ocrx_word' id='word_1_767' title='bbox 1054 5350 1359 5422; x_wconf 82' lang='lat' dir='ltr'>regionem</span> <span class='ocrx_word' id='word_1_768' title='bbox 1394 5366 1521 5406; x_wconf 88' lang='lat' dir='ltr'>esse</span> <span class='ocrx_word' id='word_1_769' title='bbox 1554 5368 1685 5422; x_wconf 79' lang='lat' dir='ltr'>qum</span> <span class='ocrx_word' id='word_1_770' title='bbox 1717 5352 1874 5406; x_wconf 86' lang='lat' dir='ltr'>inter</span> <span class='ocrx_word' id='word_1_771' title='bbox 1894 5352 1979 5405; x_wconf 87' lang='lat' dir='ltr'>Ti-</span> 
     </span>
    </p>
   </div>
   <div class='ocr_carea' id='block_1_110' title="bbox 321 5420 1976 5495">
    <p class='ocr_par' dir='ltr' id='par_1_110' title="bbox 321 5420 1976 5495">
     <span class='ocr_line' id='line_1_111' title="bbox 321 5420 1976 5495; baseline 0.002 -21"><span class='ocrx_word' id='word_1_772' title='bbox 321 5420 472 5495; x_wconf 80' lang='lat' dir='ltr'>grim</span> <span class='ocrx_word' id='word_1_773' title='bbox 513 5430 572 5477; x_wconf 92' lang='lat' dir='ltr'>et</span> <span class='ocrx_word' id='word_1_774' title='bbox 595 5425 954 5495; x_wconf 86' lang='lat' dir='ltr'>Euphratem</span> <span class='ocrx_word' id='word_1_775' title='bbox 994 5420 1203 5478; x_wconf 82' lang='lat' dir='ltr'>fluvios</span> <span class='ocrx_word' id='word_1_776' title='bbox 1233 5423 1414 5495; x_wconf 84' lang='lat' dir='ltr'>jacet.</span> <span class='ocrx_word' id='word_1_777' title='bbox 1451 5423 1543 5476; x_wconf 90' lang='lat' dir='ltr'>Sic</span> <span class='ocrx_word' id='word_1_778' title='bbox 1573 5420 1703 5477; x_wconf 80' lang='lat' dir='ltr'>eam</span> <span class='ocrx_word' id='word_1_779' title='bbox 1747 5429 1813 5495; x_wconf 83' lang='lat' dir='ltr'>et</span> <span class='ocrx_word' id='word_1_780' title='bbox 1855 5426 1976 5478; x_wconf 89' lang='lat' dir='ltr'>Ste-</span> 
     </span>
    </p>
   </div>
   <div class='ocr_carea' id='block_1_111' title="bbox 321 5492 1973 5565">
    <p class='ocr_par' dir='ltr' id='par_1_111' title="bbox 321 5492 1973 5565">
     <span class='ocr_line' id='line_1_112' title="bbox 321 5492 1973 5565; baseline 0.001 -19"><span class='ocrx_word' id='word_1_781' title='bbox 321 5492 852 5565; x_wconf 72' lang='lat' dir='ltr'>phanusappellat</span> <span class='ocrx_word' id='word_1_782' title='bbox 901 5501 960 5549; x_wconf 90' lang='lat' dir='ltr'>et</span> <span class='ocrx_word' id='word_1_783' title='bbox 1014 5495 1355 5549; x_wconf 82' lang='lat' dir='ltr'>Eustathius</span> <span class='ocrx_word' id='word_1_784' title='bbox 1395 5494 1457 5548; x_wconf 87' lang='lat' dir='ltr'>in</span> <span class='ocrx_word' id='word_1_785' title='bbox 1518 5494 1863 5564; x_wconf 86' lang='lat' dir='ltr'>Dionysium</span> <span class='ocrx_word' id='word_1_786' title='bbox 1915 5501 1973 5548; x_wconf 90' lang='lat' dir='ltr'>et</span> 
     </span>
    </p>
   </div>
   <div class='ocr_carea' id='block_1_112' title="bbox 323 5561 1968 5636">
    <p class='ocr_par' dir='ltr' id='par_1_112' title="bbox 323 5561 1968 5636">
     <span class='ocr_line' id='line_1_113' title="bbox 323 5561 1968 5636; baseline 0.003 -21"><span class='ocrx_word' id='word_1_787' title='bbox 323 5561 467 5616; x_wconf 78' lang='lat' dir='ltr'>alibi</span> <span class='ocrx_word' id='word_1_788' title='bbox 496 5580 508 5616; x_wconf 91' lang='lat'>:</span> <span class='ocrx_word' id='word_1_789' title='bbox 544 5561 783 5636; x_wconf 15' lang='lat' dir='ltr'>de&#39;iqua</span> <span class='ocrx_word' id='word_1_790' title='bbox 816 5566 1100 5622; x_wconf 87' lang='lat' dir='ltr'>videndus</span> <span class='ocrx_word' id='word_1_791' title='bbox 1130 5566 1484 5621; x_wconf 85' lang='lat' dir='ltr'>Ammianus</span> <span class='ocrx_word' id='word_1_792' title='bbox 1518 5561 1895 5636; x_wconf 76' lang='lat' dir='ltr'>Marcellinus</span> <span class='ocrx_word' id='word_1_793' title='bbox 1925 5568 1968 5620; x_wconf 93' lang='grc' dir='ltr'><strong>Ι.</strong></span> 
     </span>
    </p>
   </div>
   <div class='ocr_carea' id='block_1_113' title="bbox 317 5632 1966 5709">
    <p class='ocr_par' dir='ltr' id='par_1_113' title="bbox 317 5632 1966 5709">
     <span class='ocr_line' id='line_1_114' title="bbox 317 5632 1966 5709; baseline 0 -21"><span class='ocrx_word' id='word_1_794' title='bbox 317 5649 476 5709; x_wconf 58' lang='grc' dir='ltr'>ξιιμ.</span> <span class='ocrx_word' id='word_1_795' title='bbox 499 5632 1048 5709; x_wconf 54' lang='lat' dir='ltr'>Apud_&#39;S_traboneni</span> <span class='ocrx_word' id='word_1_796' title='bbox 1068 5641 1108 5691; x_wconf 88' lang='grc'>1.</span> <span class='ocrx_word' id='word_1_797' title='bbox 1133 5655 1189 5692; x_wconf 79' lang='lat' dir='ltr'><strong>xx</strong></span> <span class='ocrx_word' id='word_1_798' title='bbox 1214 5644 1478 5693; x_wconf 84' lang='lat' dir='ltr'>extremo</span> <span class='ocrx_word' id='word_1_799' title='bbox 1512 5655 1691 5709; x_wconf 89' lang='lat' dir='ltr'>prope</span> <span class='ocrx_word' id='word_1_800' title='bbox 1726 5632 1966 5706; x_wconf 75' lang='grc' dir='ltr'>Δεαϐηνή</span> 
     </span>
    </p>
   </div>
   <div class='ocr_carea' id='block_1_114' title="bbox 319 5703 1969 5781">
    <p class='ocr_par' dir='ltr' id='par_1_114' title="bbox 319 5703 1969 5781">
     <span class='ocr_line' id='line_1_115' title="bbox 319 5703 1969 5781; baseline 0.004 -23"><span class='ocrx_word' id='word_1_801' title='bbox 319 5703 566 5778; x_wconf 66' lang='lat' dir='ltr'>legitur,</span> <span class='ocrx_word' id='word_1_802' title='bbox 580 5706 682 5760; x_wconf 89' lang='lat' dir='ltr'>sed</span> <span class='ocrx_word' id='word_1_803' title='bbox 708 5707 911 5763; x_wconf 88' lang='lat' dir='ltr'>vitiose</span> <span class='ocrx_word' id='word_1_804' title='bbox 932 5714 1092 5779; x_wconf 90' lang='lat' dir='ltr'>puto,</span> <span class='ocrx_word' id='word_1_805' title='bbox 1110 5711 1348 5779; x_wconf 85' lang='lat' dir='ltr'>quando</span> <span class='ocrx_word' id='word_1_806' title='bbox 1367 5703 1545 5765; x_wconf 82' lang='lat' dir='ltr'>etiam</span> <span class='ocrx_word' id='word_1_807' title='bbox 1566 5703 1693 5780; x_wconf 83' lang='lat' dir='ltr'>ejus</span> <span class='ocrx_word' id='word_1_808' title='bbox 1710 5703 1969 5781; x_wconf 76' lang='lat' dir='ltr'>epitonia</span> 
     </span>
    </p>
   </div>
   <div class='ocr_carea' id='block_1_115' title="bbox 2090 5345 3754 5420">
    <p class='ocr_par' dir='ltr' id='par_1_115' title="bbox 2090 5345 3754 5420">
     <span class='ocr_line' id='line_1_116' title="bbox 2090 5345 3754 5420; baseline -0.003 -13"><span class='ocrx_word' id='word_1_809' title='bbox 2090 5345 2388 5418; x_wconf 79' lang='grc' dir='ltr'>Ἀὃιϐηνήν</span> <span class='ocrx_word' id='word_1_810' title='bbox 2416 5349 2613 5406; x_wconf 86' lang='lat' dir='ltr'>habet.</span> <span class='ocrx_word' id='word_1_811' title='bbox 2647 5350 2760 5405; x_wconf 91' lang='lat' dir='ltr'>Sed</span> <span class='ocrx_word' id='word_1_812' title='bbox 2793 5351 2918 5405; x_wconf 71' lang='lat' dir='ltr'>haec</span> <span class='ocrx_word' id='word_1_813' title='bbox 2943 5350 3112 5406; x_wconf 87' lang='lat' dir='ltr'>alias.</span> <span class='ocrx_word' id='word_1_814' title='bbox 3138 5352 3217 5406; x_wconf 91' lang='lat' dir='ltr'>De</span> <span class='ocrx_word' id='word_1_815' title='bbox 3250 5347 3591 5420; x_wconf 81' lang='lat' dir='ltr'>Scythopoli</span> <span class='ocrx_word' id='word_1_816' title='bbox 3618 5346 3754 5402; x_wconf 89' lang='lat' dir='ltr'>vide</span> 
     </span>
    </p>
   </div>
   <div class='ocr_carea' id='block_1_116' title="bbox 2089 5422 3753 5494">
    <p class='ocr_par' dir='ltr' id='par_1_116' title="bbox 2089 5422 3753 5494">
     <span class='ocr_line' id='line_1_117' title="bbox 2089 5422 3753 5494; baseline -0.004 -15"><span class='ocrx_word' id='word_1_817' title='bbox 2089 5441 2267 5494; x_wconf 84' lang='lat' dir='ltr'>supra</span> <span class='ocrx_word' id='word_1_818' title='bbox 2298 5428 2608 5494; x_wconf 58' lang='lat' dir='ltr'>annotata.</span> <span class='ocrx_word' id='word_1_819' title='bbox 2654 5422 2733 5477; x_wconf 89' lang='lat' dir='ltr'>De</span> <span class='ocrx_word' id='word_1_820' title='bbox 2766 5422 2859 5477; x_wconf 92' lang='lat' dir='ltr'>.iis</span> <span class='ocrx_word' id='word_1_821' title='bbox 2907 5439 3039 5491; x_wconf 65' lang='lat' dir='ltr'>qua;</span> <span class='ocrx_word' id='word_1_822' title='bbox 3100 5428 3433 5494; x_wconf 85' lang='lat' dir='ltr'>sequuntur</span> <span class='ocrx_word' id='word_1_823' title='bbox 3462 5424 3753 5494; x_wconf 81' lang='lat' dir='ltr'>annotare</span> 
     </span>
    </p>
   </div>
   <div class='ocr_carea' id='block_1_117' title="bbox 2085 5491 3749 5567">
    <p class='ocr_par' dir='ltr' id='par_1_117' title="bbox 2085 5491 3749 5567">
     <span class='ocr_line' id='line_1_118' title="bbox 2085 5491 3749 5567; baseline -0.004 -17"><span class='ocrx_word' id='word_1_824' title='bbox 2085 5491 2411 5567; x_wconf 80' lang='lat' dir='ltr'>quidquam</span> <span class='ocrx_word' id='word_1_825' title='bbox 2447 5492 2636 5558; x_wconf 88' lang='lat' dir='ltr'>nolui,</span> <span class='ocrx_word' id='word_1_826' title='bbox 2669 5510 2803 5548; x_wconf 89' lang='lat' dir='ltr'>cum</span> <span class='ocrx_word' id='word_1_827' title='bbox 2859 5496 2948 5563; x_wconf 91' lang='lat' dir='ltr'>(ut</span> <span class='ocrx_word' id='word_1_828' title='bbox 3004 5494 3153 5567; x_wconf 88' lang='lat' dir='ltr'>alios</span> <span class='ocrx_word' id='word_1_829' title='bbox 3188 5491 3505 5567; x_wconf 73' lang='lat' dir='ltr'>plurimos</span> <span class='ocrx_word' id='word_1_830' title='bbox 3534 5491 3749 5545; x_wconf 88' lang='lat' dir='ltr'>harum</span> 
     </span>
    </p>
   </div>
   <div class='ocr_carea' id='block_1_118' title="bbox 2081 5563 3752 5635">
    <p class='ocr_par' dir='ltr' id='par_1_118' title="bbox 2081 5563 3752 5635">
     <span class='ocr_line' id='line_1_119' title="bbox 2081 5563 3752 5635; baseline -0.004 -14"><span class='ocrx_word' id='word_1_831' title='bbox 2081 5563 2284 5622; x_wconf 66' lang='lat' dir='ltr'>rerum</span> <span class='ocrx_word' id='word_1_832' title='bbox 2309 5566 2626 5635; x_wconf 84' lang='lat' dir='ltr'>scriptorcs</span> <span class='ocrx_word' id='word_1_833' title='bbox 2650 5563 3358 5635; x_wconf 68' lang='lat' dir='ltr'>praztereamﬂlionysius</span> <span class='ocrx_word' id='word_1_834' title='bbox 3381 5563 3752 5635; x_wconf 83' lang='lat' dir='ltr'>Halicarnas-</span> 
     </span>
    </p>
   </div>
   <div class='ocr_carea' id='block_1_119' title="bbox 2080 5633 3745 5707">
    <p class='ocr_par' dir='ltr' id='par_1_119' title="bbox 2080 5633 3745 5707">
     <span class='ocr_line' id='line_1_120' title="bbox 2080 5633 3745 5707; baseline -0.004 -14"><span class='ocrx_word' id='word_1_835' title='bbox 2080 5639 2272 5693; x_wconf 86' lang='lat' dir='ltr'>sensis</span> <span class='ocrx_word' id='word_1_836' title='bbox 2333 5633 2480 5691; x_wconf 74' lang='lat' dir='ltr'>libro</span> <span class='ocrx_word' id='word_1_837' title='bbox 2539 5633 3017 5707; x_wconf 36' lang='lat' dir='ltr'>Antiquitatum&#39;</span> <span class='ocrx_word' id='word_1_838' title='bbox 3064 5633 3464 5692; x_wconf 80' lang='lat' dir='ltr'>Romanarum</span> <span class='ocrx_word' id='word_1_839' title='bbox 3550 5633 3745 5705; x_wconf 90' lang='lat' dir='ltr'>primo</span> 
     </span>
    </p>
   </div>
   <div class='ocr_carea' id='block_1_120' title="bbox 2080 5708 3518 5782">
    <p class='ocr_par' dir='ltr' id='par_1_120' title="bbox 2080 5708 3518 5782">
     <span class='ocr_line' id='line_1_121' title="bbox 2080 5708 3518 5782; baseline -0.003 -17"><span class='ocrx_word' id='word_1_840' title='bbox 2080 5708 2493 5782; x_wconf 89' lang='lat' dir='ltr'>copiosissime</span> <span class='ocrx_word' id='word_1_841' title='bbox 2523 5708 2718 5763; x_wconf 77' lang='lat' dir='ltr'>A-Znem</span> <span class='ocrx_word' id='word_1_842' title='bbox 2749 5725 2845 5764; x_wconf 90' lang='lat' dir='ltr'>res</span> <span class='ocrx_word' id='word_1_843' title='bbox 2877 5710 2955 5764; x_wconf 93' lang='lat' dir='ltr'>sit</span> <span class='ocrx_word' id='word_1_844' title='bbox 2984 5712 3352 5781; x_wconf 89' lang='lat' dir='ltr'>persecutus.</span> <span class='ocrx_word' id='word_1_845' title='bbox 3380 5708 3518 5761; x_wconf 76' lang='lat' dir='ltr'>XvL.</span> 
     </span>
    </p>
   </div>
  </div>
