4142 6414
377 359 495 421 275

1751 336 2076 405 GEORGII
2118 338 2463 405 CEDRENI

3681 345 3804 406 276

384 492 713 569 quidquam
731 490 791 546 in
821 489 981 546 bello
1005 488 1215 562 egisse.
1235 484 1671 548 Hunc,mortuo
1686 478 2019 544 Dario,cum

2144 474 2219 569 ως
2249 498 2277 529 u
2312 477 2432 569 Ἑτῇ
2478 476 2704 552 Δαρείου
2755 478 2853 530 τοῦ
2909 471 3134 550 πρώτου
3184 490 3290 569 μου
3346 473 3541 552 ἀνδρὸς
3592 476 3660 545 ἦν
3720 498 3803 539 τις

376 589 433 639 et
465 584 540 639 ad
581 586 885 637 senectam
920 581 1155 633 nitatem
1189 581 1248 630 et
1277 573 1350 631 ad
1380 586 1625 645 magnas
1657 584 1799 641 opes
1829 581 2033 640 perve-

373 673 583 744 nisset,
616 669 1092 728 inMarabitidme
1137 667 1442 739 regionem
1465 661 1792 735 profectum
1818 658 2033 730 ibipri-

377 769 572 819 vatam
618 762 795 819 vitam
848 772 1041 832 agere.
1093 758 1278 828 Cyrus
1327 752 1441 809 hoc
1489 752 1689 808 audito
1732 749 2033 823 principes

380 869 520 911 suos
550 850 623 909 ad
643 848 954 907 Danielum
976 846 1180 915 mittit,
1208 844 1309 916 qui
1334 858 1465 899 eum
1499 839 1830 897 honoriﬁce
1852 838 2033 894 addu-

374 948 595 999 cerent.
650 942 886 996 Interea
941 938 1174 993 Crassus
1227 929 1522 1005 Lydorum
1580 944 1680 985 rex
1741 926 2029 1000 quosdam

378 1047 617 1088 suorum
668 1026 1057 1084 familiarium
1103 1021 1328 1096 deligit,
1360 1021 1553 1093 iisque
1586 1024 1645 1075 et
1673 1018 1936 1091 vulgaria
1974 1022 2032 1070 et

379 1119 554 1179 simul
586 1118 748 1191 regia
778 1118 935 1171 dona
964 1114 1084 1183 dat,
1120 1113 1495 1189 Delphosque
1516 1128 1616 1165 eos
1647 1107 1928 1164 amandat
1956 1104 2029 1161 ad

378 1205 685 1265 oraculum
702 1204 1017 1278 Apollinis.
1035 1198 1349 1257 Mandabat
1361 1203 1560 1256 autem
1591 1202 1656 1253 ut
1684 1194 1891 1253 habitu
1905 1213 2029 1250 mu-

377 1302 497 1354 tato
517 1295 828 1353 oraculum
858 1294 1172 1362 intrarent,
1198 1288 1609 1360 sacerdotique
1639 1286 1853 1343 viliora
1872 1286 2029 1341 dona

376 1387 678 1453 oiTerrent,
712 1376 979 1438 dicentes
1002 1397 1063 1435 se
1089 1394 1217 1435 esse
1240 1378 1538 1451 Egyptios
1568 1375 2026 1445 consultumque

373 1475 650 1549 Pythiam
676 1474 906 1528 venisse
925 1487 1128 1526 verum
1147 1486 1219 1524 ex
1243 1465 1472 1523 itineris
1499 1464 1869 1537 longitudine
1889 1463 2024 1531 sibi,

376 1566 550 1636 cujus
567 1565 653 1620 rei
677 1579 858 1619 causa
876 1559 1286 1633 perquiranda’
1311 1557 1557 1630 profecti
1578 1560 1796 1622 essent,
1818 1571 1889 1610 ex
1903 1554 2027 1610 ani-

372 1671 471 1713 mo
504 1653 827 1709 efﬂuxisse:
855 1651 982 1722 ipse
1003 1648 1254 1724 proinde
1277 1647 1441 1702 vobis
1473 1645 1777 1716 conceptis
1800 1660 1869 1698 ex
1891 1643 2021 1711 deo,

371 1759 476 1801 cur
508 1743 806 1807 adessent,
839 1739 1263 1795 sciscitaretur.
1295 1736 1462 1802 Quod
1485 1735 1533 1790 si
1576 1733 1852 1789 sacerdos
1884 1745 2026 1787 cau-

2141 564 2282 641 ἀνήρ
2329 561 2581 642 Ἐϐραῖος
2645 567 2959 643 προφήτης,
3017 564 3210 643 σοφίαν
3261 559 3405 640 ἔχων
3465 568 3620 636 Θεοῦ,
3674 564 3796 625 ὀνό-

2144 673 2275 729 ματι
2304 655 2530 725 Δανιὴλ,
2562 653 2744 710 ὅντινα
2787 652 2839 708 ὲν
2890 652 3077 727 πολλῇ
3132 656 3271 727 τιμῇ
3330 654 3456 733 εἶχε
3512 659 3737 729 Δαρεῖος
3769 656 3799 709 6

2144 740 2424 818 βασιλεὺς,
2457 744 2519 798 οὗ
2543 742 2719 822 χωρὶς
2754 739 2910 797 οὐδὶν
2933 740 3188 816 ἔπραττεν
3220 741 3272 796 ἰν
3301 747 3420 804 τοῖς
3477 739 3795 816 πολεμίοις’

2138 834 2287 893 ὅστις
2349 832 2485 907 μετὰ
2523 833 2625 901 τήν
2667 829 2926 900 τελευτὴν
2984 829 3192 886 ὶκείνου
3248 827 3514 892 πλούσιος
3573 829 3647 886 ὢν
3705 833 3797 887 καὶ

2138 922 2462 996 γεγηρακώς
2508 918 2708 991 ἱδίαζεν
2766 920 2841 982 εἰς
2906 920 3005 989 τήν
3062 915 3413 994 Μαραϐίτιδα
3470 918 3683 998 χώραν.
3734 922 3797 979 Ὀ

2138 1007 2195 1065 δὲ
2236 1012 2436 1085 Κῦρος,
2467 1010 2701 1072 ἀκούσας
2749 1013 2939 1079 ταῦτα,
2994 1002 3205 1083 ἔπεμψε
3257 1008 3395 1083 πρὸς
3443 1008 3606 1064 αὐτὸν
3659 1008 3794 1072 τοὺς

2140 1103 2461 1175 μεγιστᾶνας
2509 1097 2694 1156 αὐτοῦ.
2777 1097 2927 1159 ὅπως
3028 1097 3163 1170 μετὰ
3246 1103 3416 1170 τιμῆς
3519 1096 3793 1174 ἀγάγωσιν

2134 1186 2317 1244 αὐτόν.
2348 1188 2411 1245 Ὀ
2444 1184 2501 1243 δὲ
2532 1190 2769 1264 Κροῖσος
2826 1190 2909 1260 [Ρ.
2971 1189 3095 1260 137]
3131 1184 3389 1261 βασιλεὺς
3421 1184 3637 1259 Λυδῶν,
3670 1187 3791 1243 ἐπι-

2137 1275 2430 1351 λεξάμενός
2479 1296 2630 1338 τινας
2711 1280 2820 1331 τῶν
2883 1274 3098 1330 οἰκείων
3150 1273 3360 1344 αὐτοῦ,
3420 1272 3547 1338 δοὺς
3605 1274 3791 1346 αὐτοῖς

2136 1362 2285 1440 δῶρα
2334 1364 2527 1435 εὐτελῆ
2572 1364 2663 1420 καὶ
2721 1363 2868 1421 ἄλλα
2920 1361 3071 1440 δῶρα
3119 1365 3402 1439 βασιλικὰ,
3451 1362 3791 1420 ἀποστέλλει

2133 1453 2330 1518 αὐτοὺς
2363 1454 2414 1510 ἐν
2443 1453 2675 1532 Δελφοῖς
2735 1453 2811 1518 εἷς
2870 1454 2932 1509 τὸ
2981 1452 3345 1516 ’Λπόλλωνος
3409 1459 3684 1527 μαντεῖον,
3717 1455 3791 1512 εί-

2132 1544 2319 1620 ρηιιὼς
2351 1543 2555 1608 αὐτοῖς·
2596 1541 2895 1615 Ἀλλάξατε
2948 1541 3016 1598 τὰ
3069 1544 3331 1618 σχήματα
3388 1543 3476 1597 καὶ
3538 1542 3789 1600 ἀνέλθετε

2131 1632 2206 1694 εἰς
2233 1633 2295 1688 τὸ
2330 1637 2603 1707 μαντεῖον,
2631 1632 2723 1687 καὶ
2755 1630 2973 1687 ἐπίδοτε
3030 1630 3222 1700 εὐτελῆ
3286 1630 3435 1706 δῶρα
3497 1636 3577 1705 τῷ
3629 1633 3783 1706 ἱερει,

2129 1718 2398 1797 λίγοντες,
2436 1723 2541 1789 ὅτι,
2575 1720 2873 1796 Αἲγῦπτιοί
2903 1719 3083 1795 ἐσμεν,
3139 1720 3230 1777 καὶ
3287 1718 3535 1794 ἤλθομεν
3575 1720 3785 1798 ἰπερω-

369 1846 497 1888 sam
527 1832 790 1904 ipsorum
817 1829 1103 1885 adventus
1131 1823 1433 1895 edixisset,
1456 1824 1619 1896 regia
1635 1822 1813 1878 etiam
1836 1822 2016 1876 Crcesi

2129 1813 2287 1880 τῆσαι
2338 1812 2437 1882 τὴν
2520 1811 2742 1883 Πυθίαν,
2806 1811 2896 1866 καὶ
2954 1810 3015 1867 ix.
3067 1814 3164 1866 τοῦ
3219 1817 3320 1880 τῆς
3378 1808 3508 1866 ὁδοῦ
3568 1815 3783 1885 μήκους

364 1899 613 1977 nomine
662 1919 820 1976 dona
866 1918 1170 1986 oﬂ‘errent,
1220 1915 1677 1985 indicarentque
1725 1910 2019 1967 sacerdoti

2129 1900 2579 1976 ἰληθαργήσαμεν
2610 1902 2662 1956 τί
2719 1899 2963 1975 ἤλθομεν
3021 1901 3261 1971 αἰτῆσαι,
3321 1899 3355 1970 ἢ
3416 1899 3778 1975 ἐπερωτῆσαι.

364 2006 630 2067 Crcesum
664 2024 929 2083 quaerere
978 2021 1131 2063 anne
1184 2005 1400 2078 Cyrum
1449 2004 1763 2059 Persarum
1819 2014 2019 2073 regem

368 2104 527 2157 esset
546 2104 953 2172 superaturus.
987 2096 1083 2152 llli
1114 2095 1405 2168 imperata
1436 2093 1696 2149 exsecuti
1728 2097 1886 2147 sunt.
1915 2090 2019 2146 Sa-

371 2186 583 2247 cerdos
599 2189 751 2245 votis
774 2186 1034 2260 peractis
1055 2187 1167 2241 hoc
1189 2183 1459 2255 responsi
1488 2198 1522 2237 a
1539 2180 1752 2254 Pythia
1774 2179 2017 2252 accipit:

512 2277 606 2335 Est
633 2293 891 2333 mensura
918 2274 1107 2341 maris,
1139 2287 1403 2329 numerus
1432 2272 1571 2327 mihi
1597 2276 1761 2326 notus
1789 2284 1970 2325 arenis
2001 2286 2020 2324 :

512 2364 772 2436 Elinguis
809 2364 985 2422 animi
1011 2380 1168 2420 sensa
1197 2368 1250 2418 et
1280 2374 1536 2431 cognosco
1568 2362 1814 2415 tacentis.

513 2459 620 2514 Sed
651 2457 793 2512 mihi
820 2471 923 2512 rex
954 2455 1162 2511 Croesus
1190 2454 1529 2523 cupiuntque
1558 2450 1789 2504 illudere
1820 2446 1981 2518 Lydi.

440 2549 725 2619 Egressus
756 2544 1185 2608 sacerdos,Non
1219 2542 1381 2609 estis,
1398 2539 1613 2611 inquit,
1630 2538 1901 2609 Egyptii,
1918 2537 2021 2592 sed

363 2636 529 2708 Lydi;
555 2653 751 2708 neque
772 2635 1069 2691 oblivione
1091 2632 1269 2704 capti,
1295 2630 1398 2686 sed
1428 2630 1628 2686 animo
1661 2628 1860 2683 divina
1880 2628 2021 2682 illu-

368 2728 549 2785 dendi
581 2727 824 2785 adestis.
858 2726 1046 2782 Simul
1077 2726 1163 2781 eis
1204 2724 1511 2780 oraculum
1538 2724 1601 2777 in
1634 2722 1782 2778 241
1818 2718 2022 2777 tabula

369 2817 656 2891 scriptum
684 2814 951 2873 tradidit.
977 2812 1117 2887 Lydi
1142 2815 1376 2870 attoniti
1400 2813 1485 2867 rei
1513 2811 1802 2867 miraculo
1823 2824 2018 2866 sacer-

376 2903 499 2962 doti
546 2902 783 2977 rellqua
822 2906 1001 2960 etiam
1032 2903 1195 2976 regia
1228 2902 1387 2957 dona
1431 2900 1814 2956 obtulerunt:
1850 2914 2021 2970 expo-

373 2996 742 3066 sueruntque
772 2994 989 3048 missos
1040 3007 1102 3047 se
1135 3007 1169 3046 a
1207 2992 1404 3045 Crceso
1454 3004 1610 3060 rege,
1644 2988 1745 3059 qui
1795 2987 2021 3043 bellum

374 3086 583 3139 contra
612 3085 829 3155 Cyrum
859 3095 1059 3153 regem
1090 3081 1405 3135 Persarum
1448 3077 1727 3132 haberet:
1761 3076 2022 3132 interro-

373 3177 542 3245 garet
591 3186 727 3245 ergo
772 3170 950 3226 deum
994 3184 1071 3226 an
1114 3169 1377 3224 Crcesum
1426 3166 1672 3222 victoria
1727 3172 2016 3222 maneret.
2053 3205 2096 3272 Ο

372 3258 682 3334 Ingressus
719 3260 780 3315 in
811 3260 1137 3316 sacrarium
1181 3256 1458 3313 sacerdos
1508 3260 1566 3311 et
1593 3259 1870 3328 precatus
1908 3256 2020 3311 hoc

368 3351 676 3407 oraculum
704 3347 945 3406 retulit:

368 3440 576 3495 erasus
592 3438 776 3508 Halyn
800 3441 1097 3508 penetrans
1117 3451 1380 3505 magnam
1402 3441 1681 3506 pervertet
1699 3448 1866 3505 opum
1885 3437 2016 3489 vim.

365 3527 548 3597 quue
601 3528 662 3582 in
722 3526 927 3581 tabula
984 3525 1271 3596 scriptum
1325 3522 1610 3579 exhibens
1669 3524 1891 3597 legatos
1944 3522 2019 3579 ad

363 3613 628 3672 Crassum
659 3615 908 3671 dimisit.
938 3614 1220 3670 Danielus
1249 3628 1385 3668 vero
1418 3613 1492 3668 ad
1515 3615 1730 3684 Cyrum
1762 3618 1853 3669 est
1881 3629 2019 3684 pro-

365 3702 596 3771 fectus;
628 3703 701 3759 ab
750 3718 939 3775 eoque
985 3703 1380 3775 interrogatus
1429 3716 1504 3757 an
1554 3702 1818 3757 Crassum
1860 3706 2020 3757 esset

365 3790 650 3861 victurus,
715 3808 851 3848 cum
901 3806 1256 3864 responsum
1310 3791 1597 3857 diil‘erret,
1648 3789 2017 3864 indignantis

366 3882 524 3956 regis
547 3883 722 3954 jussu
758 3886 849 3937 est
876 3880 938 3936 in
969 3881 1200 3937 foveam
1231 3880 1473 3936 leonum
1505 3881 1827 3953 projectus.
1857 3880 2015 3936 Nihil

371 3991 405 4029 a
432 3971 710 4029 leonibus
740 3970 883 4029 mali
907 3987 1150 4045 passum
1181 3974 1365 4043 Cyrus
1391 3972 1562 4027 educi
1592 3972 1815 4043 jussit;
1846 3973 2015 4044 geni-

366 4060 599 4134 busque
622 4058 753 4136 ejus
783 4062 1114 4131 advolutus,
1138 4067 1566 4134 peccatumque
1584 4075 1757 4116 suum
1779 4062 2014 4116 confes-

368 4166 489 4221 sus,
523 4152 711 4208 oravit
738 4151 825 4207 uti
856 4153 975 4207 Deo
1007 4152 1275 4206 invocato
1298 4150 1409 4206 sibi
1444 4151 1669 4207 diceret
1691 4167 1766 4206 an
1788 4150 2014 4206 bellum

364 4254 569 4314 gerere
581 4244 782 4313 posset
803 4246 1010 4295 contra
1021 4241 1308 4308 Crmsum,
1328 4246 1628 4311 raptorem
1648 4240 1817 4294 illum
1836 4246 2015 4310 atque

362 4326 687 4402 superbum
714 4342 936 4401 regem,
971 4328 1075 4400 qui
1114 4329 1277 4383 omni
1317 4333 1474 4384 terra
1506 4341 1614 4383 suo
1656 4341 1839 4395 regno
1875 4328 2013 4384 sub-

355 4416 583 4491 jugata,
616 4423 818 4472 tamen
847 4422 1164 4473 contentus
1197 4434 1317 4472 non
1348 4424 1524 4473 esset.
1581 4417 1865 4473 Danielus
1896 4420 2012 4473 Deo

362 4506 639 4562 invocato
673 4506 757 4561 ita
784 4506 1095 4577 respondit
1114 4508 1262 4578 Cyro
1284 4523 1298 4561 :
1322 4507 1390 4562 Et
1418 4508 1617 4562 vinces
1644 4509 1929 4574 Crassum,
1956 4513 2013 4563 et

2129 1986 2283 2047 Ἀλλ’
2321 1992 2464 2061 εὖξαι
2493 1991 2586 2046 καὶ
2630 1989 2975 2067 ἐπερώτησον
3035 1992 3126 2045 τὸν
3188 1989 3305 2055 θεὸν
3368 1987 3458 2045 διὰ
3506 1989 3559 2046 τί
3605 1989 3779 2061 ἤλθε-

2132 2098 2246 2152 μεν.
2280 2081 2383 2137 Καὶ
2423 2080 2468 2136 εἰ
2500 2081 2594 2154 μὶν
2627 2077 2754 2154 εἷ’πῃ
2816 2080 2943 2153 ὑμῖν
3001 2076 3090 2135 διά
3134 2078 3190 2135 τί
3245 2076 3463 2149 ἤλθετε.
3514 2076 3638 2139 δότε
3683 2082 3777 2141 καὶ

2125 2168 2194 2224 τὰ
2240 2170 2366 2242 παρ’
2421 2167 2557 2243 ἐμοῦ
2616 2168 2879 2245 βασιλικᾶ
2931 2165 3102 2244 δῶρα,
3133 2167 3225 2223 καὶ
3282 2167 3466 2223 εἷ’πατε
3530 2172 3609 2242 τῷ
3648 2169 3783 2240 ἱερεῖ

2128 2258 2176 2314 εί
2226 2264 2359 2314 νικῶ
2408 2259 2501 2315 τὸν
2582 2256 2811 2333 βασιλέα
2883 2263 3103 2329 Περσῶν
3183 2257 3276 2313 τὸν
3336 2261 3539 2332 Κῦρον·
3603 2258 3670 2315 Οἱ
3730 2254 3790 2313 δὲ

2127 2348 2454 2418 ποιήσαντος
2510 2345 2683 2409 οὕτως
2767 2345 3126 2420 ἐπηρώτησαν
3202 2347 3294 2401 τὸν
3368 2346 3532 2423 ἱερέα*
3593 2346 3653 2407 ’ὃς
3700 2343 3793 2402 εἶδ-

2130 2437 2353 2512 ξάμενος
2383 2430 2547 2492 ἔλαϐε
2570 2438 2669 2506 τὴν
2718 2436 3009 2509 ἀπόκρισιν
3066 2436 3267 2506 ταύτην
3318 2434 3464 2509 παρά
3518 2442 3619 2506 τῆς
3680 2441 3791 2491 Πυ-

2129 2537 2267 2597 θίας·
2322 2556 2352 2588 ιι
2383 2530 2524 2592 Οἶδα
2571 2537 2815 2608 ψαμμῶν
2871 2533 3101 2608 ἀριθμὸν
3147 2531 3426 2605 θαλάσσης
3480 2555 3540 2590 τε
3601 2534 3792 2610 μίτρα,

2130 2624 2192 2680 οὗ
2226 2622 2520 2686 λαλέοντος
2551 2621 2595 2679 δ’
2655 2624 2836 2679 ἀκοὺω
2892 2623 2982 2678 καὶ
3035 2627 3223 2703 κωφοῦ
3274 2623 3519 2697 ξυνίημι.
3572 2628 3791 2693 Παιζειν

2130 2713 2190 2771 δέ
2249 2736 2316 2788 με
2369 2718 2620 2788 πειρᾶται
2694 2718 2924 2786 Κροῖσος
3004 2711 3263 2787 βασιλεὺς
3331 2713 3422 2769 καὶ
3486 2711 3538 2769 οἱ
3593 2713 3791 2769 τούτου

2128 2801 2321 2862 Λυδοί.
2354 2826 2384 2857 ››
2443 2800 2549 2862 Καὶ
2602 2800 2834 2873 ἐξελθὼν
2869 2803 2897 2857 6
2929 2801 3102 2877 ἱερεὺς
3158 2802 3299 2858 εἶπεν
3350 2802 3564 2872 αὐτοῖς,
3614 2825 3643 2854 ι(
3676 2803 3791 2860 Οὐκ

2130 2889 2249 2950 ἕστε
2294 2892 2587 2969 Αῗγύπτιοι
2618 2932 2638 2965 ,
2718 2891 2865 2948 ἀλλὰ
2942 2889 3134 2961 Λυδοὶ,
3183 2891 3275 2949 καὶ
3332 2890 3430 2948 οὐκ
3474 2887 3789 2968 ἐληθαργή-

2131 3003 2275 3051 σατε,
2335 2980 2482 3037 ἀλλὰ
2563 2982 2847 3051 παίζοντες
2903 2981 2972 3036 τὰ
3026 2981 3143 3036 θεῖα
3198 2979 3407 3038 εἴπατε.
3444 3004 3466 3032 ι
3530 2979 3630 3035 Καὶ
3683 2979 3783 3037 ἐπ-

2130 3068 2329 3128 ίδωκεν
2385 3072 2573 3137 αὐτοῖς
2648 3071 2739 3126 τὸν
2808 3070 3067 3149 χρησμὸν
3118 3069 3331 3147 γράψας
3389 3068 3442 3124 ἐν
3504 3065 3783 3145 διπτύχῳ.

2130 3164 2199 3219 Οἱ
2252 3159 2310 3217 δὶ
2367 3160 2721 3237 ἑκπλαγίντες
2800 3158 3075 3217 ἐπὲδωκαν
3145 3159 3236 3215 καὶ
3290 3157 3472 3216 τάλλα
3524 3157 3789 3235 βασιλικὰ

2131 3248 2282 3327 δῶρα
2309 3256 2388 3324 τῷ
2417 3252 2573 3325 ἱερεῖ,
2614 3249 2857 3311 εἰπόντες
2915 3248 3084 3323 αὐτῷ,
3145 3246 3252 3317 ὅτι,
3302 3253 3533 3323 Κροῖσος
3565 3249 3592 3304 6
3627 3248 3786 3326 βασι-

2130 3338 2256 3403 λεὺς
2343 3338 2579 3415 ἔπεμψεν
2665 3341 2838 3413 ἡμᾶς,
2924 3335 3114 3408 ὅπειδὴ
3173 3336 3420 3411 πόλεμον
3489 3332 3605 3414 ἔχει
3648 3338 3787 3415 πρὸς

2128 3435 2302 3505 Κῦρον
2328 3430 2419 3486 τὸν
2464 3428 2694 3505 βασιλία
2750 3432 2997 3503 Περσῶν,
3061 3428 3159 3503 μαὶ
3218 3428 3356 3501 μάθε
3413 3428 3460 3483 εἶ
3517 3431 3642 3497 νικᾷ
3684 3426 3791 3483 αὖ-

2128 3528 2241 3585 τόν.
2300 3527 2577 3593 Εἰσελθὼν
2677 3528 2768 3583 οὗν
2805 3525 2973 3583 πάλιν
3031 3525 3059 3582 ὁ
3115 3523 3289 3601 ἱερεὺς
3343 3526 3432 3582 καὶ
3494 3525 3787 3599 εὐξάμενος

2126 3614 2289 3675 ἔλαϐε
2315 3621 2408 3676 τὸν
2465 3618 2724 3694 χρησμὸν
2800 3617 3012 3673 τοῦτον·
3067 3640 3096 3669 ‹‹
3156 3618 3394 3691 Κροῖσος
3449 3616 3479 3670 6
3533 3613 3791 3691 βατιλεὺς

2125 3702 2301 3769 ’³Δλυν
2350 3709 2602 3782 ποταμὸν
2630 3701 2820 3770 διαϐὰς
2875 3704 3117 3782 μεγάλην
3166 3704 3345 3783 ἀρχὴν
3403 3702 3720 3763 καταλύσει.
3754 3729 3785 3755 ››

2127 3800 2226 3854 Καὶ
2279 3800 2491 3874 γράψας
2544 3798 2638 3852 τὸν
2687 3795 2946 3872 χρησμὸν
3001 3798 3194 3852 τοῦτον
3240 3794 3292 3849 ἐν
3345 3791 3599 3869 διπτύχῳ
3648 3793 3788 3851 ἀπέ-

2126 3887 2258 3944 λυσε
2320 3887 2456 3963 πρὸς
2490 3890 2748 3962 Κροῖσον.
2807 3886 2864 3938 ’0
2924 3882 2981 3941 δί
3035 3885 3328 3963 προφήτης
3387 3882 3594 3955 Δανιήλ
3644 3883 3787 3954 ἦλθε

2125 3980 2260 4056 πρὸς
2311 3978 2403 4034 τὸν
2494 3976 2723 4054 βασιλέα
2795 3977 2995 4050 Κῦρον,
3059 3975 3151 4031 καὶ
3210 3972 3353 4050 λέγει
3403 3973 3550 4048 αὐτῷ
3601 3979 3786 4050 Κῦρος

2127 4069 2262 4127 Εἰπὲ
2297 4089 2391 4141 μοι
2422 4067 2467 4123 εἰ
2499 4070 2635 4123 νικῶ
2666 4070 2896 4140 Κροῖσον
2926 4063 3016 4119 τὸν
3054 4062 3280 4139 βασιλέα
3336 4061 3551 4120 Λυδῶν.
3620 4065 3682 4122 Ὁ
3727 4060 3787 4120 δὲ

2127 4158 2329 4226 Δανιὴλ
2412 4151 2746 4211 ἀνεϐάλλετο
2823 4156 2923 4207 τοῦ
3002 4152 3194 4211 εἰπεῖν.
3242 4151 3342 4208 Καὶ
3402 4153 3788 4230 ἀγανακτήσας

2124 4252 2242 4304 κατ’
2274 4247 2438 4302 αὐτοῦ
2491 4246 2670 4318 Κῦρος
2717 4239 2913 4299 ὶϐαλεν
2946 4241 3128 4314 αὐτὸν,
3189 4242 3280 4297 καὶ
3308 4242 3498 4305 ,οὗτος
3559 4242 3636 4307 εἰς
3686 4242 3782 4299 τὸν

2127 4335 2327 4393 λάκκον
2355 4339 2463 4391 τῶν
2499 4333 2757 4403 λεόντων,
2794 4334 2885 4388 καὶ
2939 4333 3013 4406 μή
3072 4352 3126 4387 τι
3178 4330 3484 4387 πεπονθότα
3542 4332 3633 4387 ὐπ’
3683 4331 3782 4387 αὖ·

2121 4430 2231 4482 τῶν
2290 4426 2553 4500 ἀνήγαγεν
2614 4423 2801 4479 αὐτόν.
2873 4422 2974 4476 Καὶ
3021 4420 3348 4495 προσίπεσεν
3394 4420 3541 4493 αὐτῷ
3588 4422 3616 4475 6
3674 4419 3786 4477 Κῦ-

2125 4535 2219 4592 ρος
2253 4514 2451 4592 λέγων·
2484 4510 2758 4588 Ἥμαρτον
2794 4511 2870 4573 είς
2912 4512 2992 4582 σε,
3024 4507 3153 4567 ἀλλ’
3181 4509 3329 4580 εὖξαι
3382 4514 3463 4582 τῷ
3521 4513 3637 4582 Θεῷ
3688 4510 3782 4566 καὶ

364 4608 500 4652 eum
530 4595 825 4667 captivum
856 4594 1124 4651 habebis.
1159 4577 1252 4651 Sic
1302 4596 1461 4650 enim
1493 4596 1565 4651 de
1597 4602 1652 4650 te
1684 4597 1858 4662 Deus,
1886 4597 2008 4668 qui,

2129 4577 2242 4660 ἑξέτει
2276 4577 2370 4678 μοι
2419 4602 2465 4658 εἴ
2531 4577 2765 4676 δύναμαι
2830 4577 3150 4673 πολεμῆσαι
3202 4577 3282 4671 τῷ
3341 4577 3542 4674 ἅρπαγι
3597 4577 3780 4672 τούτῷ

364 4696 737 4755 quascunque
754 4682 1048 4751 videntur,
1063 4684 1266 4738 omnia
1278 4685 1516 4754 creavit,
1551 4700 1652 4739 ore
1682 4685 1849 4739 Isaias
1861 4684 2010 4740 vatis

2129 4690 2211 4750 mi
2272 4692 2601 4769 ὑπερηφάνῳ
2686 4689 2927 4765 Κροίσῳ,
2998 4689 3083 4743 ὅτι
3138 4693 3312 4743 πᾶσαν
3364 4689 3464 4758 τὴν
3520 4694 3619 4762 γῆν
3676 4688 3782 4745 ὑπ-

361 4770 839 4848 pronuntiavit“:
856 4770 1025 4827 «Haec
1042 4772 1187 4828 dicit
1199 4772 1484 4829 Dominus
1498 4776 1647 4845 Cyro
1661 4780 1839 4829 uncto
1854 4790 2008 4844 meo,

362 4862 536 4934 cujus
575 4861 845 4917 dextram
884 4861 1274 4933 apprehendi,
1306 4867 1372 4917 ut
1413 4863 1466 4918 ei
1501 4868 1705 4935 gentes
1737 4862 2010 4933 subdam,

358 4965 743 5026 perrumpam
758 4950 1578 5025 roburregnum,aperianjan
1588 4967 1690 5009 uas
1702 4958 1841 5008 ante
1853 4969 2010 5009 eum:

357 5042 691 5116 praecedam
708 5058 864 5109 eum,
880 5040 1347 5112 etcomplanabo
1371 5048 1606 5099 montes
1625 5060 1638 5111 ;
1655 5043 1810 5098 fores
1829 5059 2013 5100 εει-οδε

355 5139 684 5202 conteram,
719 5139 777 5190 et
806 5139 999 5189 vectes
1040 5133 1263 5189 ferreas
1308 5135 1697 5208 confringam.
1732 5136 2012 5208 Aperiam

354 5224 465 5281 tibi
496 5223 809 5281 thesauros
858 5239 1167 5293 nunquam
1212 5223 1385 5289 visos,
1435 5230 1500 5279 ut
1543 5243 1865 5298 cognoscas
1916 5241 2011 5280 me

358 5315 511 5370 ³42
532 5329 664 5370 esse
686 5321 876 5370 Deum
898 5313 1240 5369 Dominum.
1256 5315 1372 5385 Ego
1405 5331 1541 5370 eum
1574 5316 1823 5372 excitavi
1830 5317 2011 5388 justi-

358 5402 441 5456 tia
461 5402 776 5473 praeditum
800 5417 813 5457 :
836 5417 1045 5457 omnes
1079 5403 1207 5474 ejus
1238 5404 1367 5458 vitae
1407 5411 1602 5460 recta).
1639 5406 1771 5476 Ipse
1802 5406 2011 5462 urbem

360 5503 555 5546 meam
606 5490 944 5564 mdiﬁcabit,
987 5496 1044 5548 et
1074 5495 1360 5565 populum
1392 5512 1593 5550 meum
1624 5495 1919 5567 captivum
1948 5496 2011 5552 in

359 5572 696 5635 libertatem
718 5597 786 5636 ac
807 5581 1062 5654 patriam
1084 5580 1377 5653 restituet,
1401 5600 1524 5639 non
1553 5592 1796 5657 accepto
1820 5586 2010 5659 pretio

430 5677 476 5712 “
503 5676 613 5732 lsa.
644 5696 769 5748 XLV,
808 5684 854 5745 l,
886 5683 939 5741 6.

2122 4784 2271 4856 ἐταξε
2325 4784 2415 4838 καὶ
2475 4781 2536 4836 οὗ
2592 4780 2930 4854 κορέννυται.
2992 4777 3092 4832 Καὶ
3151 4778 3181 4833 6
3239 4777 3442 4846 Δανιὴλ
3485 4777 3778 4851 εὐξάμενος

2124 4872 2269 4926 εἶπεν
2304 4869 2469 4942 αὐτῷ·
2507 4866 2604 4926 Καὶ
2658 4872 2810 4939 νικᾷς
2865 4865 2957 4922 τὸν
3014 4870 3252 4939 Κροῖσον
3320 4864 3413 4919 καὶ
3476 4860 3783 4940 λαμϐάνεις

2123 4961 2283 5017 αὐτὸν
2341 4958 2704 5035 αἰχμάλωτον
2738 4976 2755 4991 ο
2811 4956 2939 5032 περὶ
2986 4958 3083 5010 σοῦ
3123 4955 3227 5031 γὰρ
3287 4956 3433 5010 εἶπεν
3494 4956 3523 5011 6
3580 4954 3710 5019 θεὸς
3754 4958 3785 5012 6

2127 5053 2368 5122 ποιήσας
2427 5047 2601 5106 πάντα
2655 5045 2723 5101 τὰ
2781 5046 3037 5120 ὁρώμενα
3100 5048 3289 5118 ταῦτα,
3349 5041 3441 5099 διὰ
3488 5048 3585 5099 τοῦ
3641 5066 3788 5121 προ-

2122 5143 2299 5219 φήτου
2358 5139 2602 5196 Ἠσαλῑουο
2657 5135 2909 5197 «Οὕτως
2962 5129 3111 5212 λέγει
3166 5132 3368 5209 Κύριος
3428 5135 3457 5188 6
3515 5135 3645 5197 Θεὸς
3701 5140 3789 5209 τῷ

2127 5216 2339 5306 χριστῷ
2372 5249 2479 5300 μου
2511 5224 2699 5300 Κύρῳ,
2742 5221 2814 5277 Οὗ
2870 5217 3145 5306 ἐκράτησα
3195 5226 3297 5289 τῆς
3356 5216 3535 5296 δεξιᾶς
3590 5223 3792 5294 αὐτοῦ,

2123 5318 2417 5375 ἐπακοῦσαι
2448 5311 2752 5389 ἔμπροσθεν
2782 5309 2947 5367 αὐτοῦ
2978 5303 3129 5381 ἔθνη,
3164 5310 3255 5365 καὶ
3312 5306 3474 5386 ἱσχὺν
3515 5308 3798 5383 βασιλέων

2124 5405 2421 5483 διαρρήξω·
2507 5402 2704 5472 ἀνοίξω
2784 5398 3089 5475 ἔμπροσθεν
3184 5398 3355 5472 αὐτῷ,
3438 5401 3791 5477 πορεύσομαι

2122 5496 2213 5550 καὶ
2272 5491 2520 5568 ὁμαλιῶ,
2600 5490 2692 5546 καὶ
2771 5489 2938 5563 θύρας
3019 5488 3235 5565 χαλκᾶς
3317 5489 3615 5566 συντρίψω,
3686 5492 3788 5548 καὶ

2128 5582 2380 5665 μοχλοὺς
2410 5576 2671 5659 σιδηροῦς
2718 5574 3026 5647 συνθλάσω,
3058 5578 3149 5633 καὶ
3179 5576 3484 5655 θησαυροὺς
3516 5579 3789 5659 ἀοράτους
