4142 6420
3688 361 3810 421 280

385 504 519 560 urbi
546 503 802 559 vicinam
838 502 1130 559 Barbarus
1178 501 1417 558 fecerat.
1468 501 1654 556 Judaai
1686 500 2029 573 OloPhernis

2151 494 2397 576 κεφαλὴν
2426 496 2593 553 αὑτοῦ
2620 497 2897 575 ἀφείλετο,
2926 497 3019 553 καὶ
3054 497 3247 560 νυκτὸς
3291 498 3428 553 κατά
3474 497 3537 553 τὸ
3589 494 3805 564 εἶωθὸς,

380 599 559 666 caput
588 598 764 649 conto
795 592 1119 664 impactum
1151 592 1223 647 de
1244 608 1412 647 muro
1432 589 1793 658 extulerunt,
1816 588 1879 644 id
1908 606 2029 646 exe-

2150 581 2222 639 δι⁹
2255 584 2319 641 οὗ
2348 586 2634 663 ἀπήρχετο
2664 587 2804 662 πρὸς
2851 586 3012 642 αὑτὸν
3063 584 3416 663 παραπυλίου
3465 588 3566 660 (6);
3614 585 3691 649 είς
3738 586 3808 642 τά

381 683 524 739 citui
554 682 757 738 hostili
792 681 1196 737 ostendentes.
1237 681 1353 735 Sub
1383 696 1662 735 auroram
1690 681 1884 735 Persae
1915 679 2029 734 viso

2147 674 2507 750 Ἱεροσόλυμα
2589 675 2906 732 εἰσελθοῦσα
2996 677 3098 746 τήν
3157 674 3402 754 κεφαλὴν
3477 674 3645 731 αὑτοῦ
3700 675 3808 730 ἀπ-

381 771 551 827 ducis
578 772 770 842 capite
802 770 865 824 in
896 775 1072 824 conto
1096 768 1386 823 existante
1417 767 1615 838 fugam
1646 767 1937 834 fecerunt,
1970 782 2029 821 ac

2145 765 2344 840 ήγαγεο
2377 764 2615 835 πλησίον
2642 766 2746 842 γὰρ
2800 770 2899 821 τοῦ
2947 765 3172 843 τείχους
3228 762 3298 819 δι’
3353 765 3521 833 αότῆν
3567 765 3658 819 τὸν
3710 785 3809 820 πα⁸

383 860 580 915 soluta
609 858 915 914 obsidione
939 857 1184 912 victoria
1213 873 1399 928 penes
1420 856 1657 912 Judmos
1686 856 1818 912 fuit.

2145 852 2402 909 πυλεῶνα
2461 852 2627 909 αὑτοῦ
2683 852 2897 925 ἔστησε.
2957 849 3230 916 Λαϐόντες
3284 854 3374 909 οὖν
3430 853 3481 908 οἱ
3538 851 3799 910 Ἰουδαῖοι

377 948 505 1022 παρ’
562 944 733 1015 αὐτῆς
794 946 894 1013 τὴν
947 943 1191 1019 κεφαλὴν
1249 947 1346 999 τοῦ
1388 940 1725 1021 Ὁλοφὲρνου
1783 941 1861 1005 εἷς
1918 942 2105 997 κοντὸν
2161 940 2272 997 ἅνω
2328 946 2426 998 τοῦ
2479 941 2701 1022 τείχους
2761 938 2988 1016 ἔπηξαν,
3046 939 3439 1004 ὲπιδιικνὺντες
3500 941 3672 1010 αὑτήν
3725 947 3807 1014 τῷ

378 1039 591 1109 στρατῷ
650 1032 835 1091 αὑτοῦ.
894 1030 1111 1107 Πρωίας
1168 1030 1226 1087 δὲ
1281 1032 1582 1106 γενομὲνης
1634 1032 1936 1106 ἑωρακότες
1988 1033 2087 1101 τήν
2149 1029 2393 1109 κεφαλὴν
2449 1032 2781 1107 Ὀλοφίιρνου
2839 1036 3213 1096 κοντευθεῖσαν
3293 1025 3493 1109 ἔφυγον
3547 1029 3803 1094 ἅπαντες·

375 1124 469 1179 καὶ
500 1120 727 1193 διελύθη
763 1122 792 1177 6
821 1120 1094 1195 πόλεμος,
1126 1121 1216 1176 καὶ
1244 1115 1444 1178 ἔλαϐον
1475 1121 1575 1189 τὴν
1607 1120 1761 1192 νίκην
1795 1121 1849 1175 οἱ
1874 1118 2133 1179 Ἰουδαῖοι
2173 1120 2311 1177 κατὰ
2341 1125 2447 1177 τῶν
2482 1126 2723 1198 Περσῶν.

452 1215 593 1267 Post
640 1212 884 1268 Darium
941 1216 1297 1266 Artaxerxes
1354 1226 1604 1283 regnum
1658 1211 1718 1265 in
1767 1211 2029 1283 Assyrios

2224 1210 2377 1266 Μετά
2435 1206 2492 1265 δὲ
2544 1216 2765 1285 Δαρεῖον
2820 1204 3168 1265 ἐϐασίλευσεν
3234 1207 3535 1284 Ἀσσυρίων
3613 1210 3806 1284 Ἀρτα-

380 1303 592 1359 tenuit.
637 1301 879 1357 Exstitit
908 1307 1047 1356 tunc
1104 1300 1378 1355 Neemias
1431 1299 1693 1363 Judaaus,
1748 1317 1784 1356 a
1822 1298 2029 1355 Davidc

2149 1296 2359 1373 ξὲρξης.
2420 1299 2522 1355 Καὶ
2576 1300 2814 1373 Νεεμίας
2892 1295 3124 1361 Ἰουδαῖς
3202 1296 3264 1353 ἐκ
3340 1301 3438 1353 τοῦ
3494 1298 3803 1374 σπέρματος

377 1408 564 1465 genus
596 1400 847 1446 ducens.
881 1390 985 1445 Hic
1034 1406 1258 1462 regem,
1310 1404 1488 1459 quem
1520 1389 1633 1460 ipsi
1664 1387 1849 1445 libere
1878 1406 2029 1445 com-

2151 1382 2342 1457 Δαϐὶό,
2376 1386 2435 1449 ες
2475 1387 2781 1463 παρρησίαν
2840 1383 2986 1463 ἔχων
3041 1387 3178 1462 πρὸς
3238 1384 3399 1442 αὐτὸν
3446 1385 3661 1462 (ἠγάπα
3697 1386 3804 1462 γὰρ

378 1479 605 1552 pellare
657 1478 897 1547 licebat,
956 1495 1093 1534 cum
1148 1476 1392 1549 quidem
1449 1477 1523 1532 ab
1582 1494 1652 1533 eo
1691 1477 2029 1551 diligeretur

2148 1476 2332 1547 αὐτὸν,
2360 1477 2445 1532 ὅτι
2473 1477 2563 1532 καὶ
2597 1478 2775 1553 ἀρχὴν
2804 1476 3085 1552 εὐνούχων
3115 1476 3277 1530 οὗτος
3310 1474 3608 1547 ἐποίησεν),
3642 1471 3807 1531 ἐδυσ-

379 1574 559 1639 atque
602 1568 783 1623 etiam
828 1566 1122 1622 eunuehis
1154 1572 1310 1621 esset
1356 1568 1695 1638 praefectus,
1751 1567 2029 1638 permovii

2149 1565 2371 1636 ώπησεν
2416 1566 2596 1621 αὐτόν·
2655 1566 2745 1621 καὶ
2796 1562 2986 1622 λαϐὼν
3040 1567 3305 1643 χρήματα
3360 1563 3548 1620 πολλά
3598 1560 3803 1619 ἔπεισεν

377 1674 448 1714 eo
480 1662 547 1712 ut
576 1672 853 1728 magnam
892 1655 1211 1727 pecuniam
1240 1655 1316 1710 ad
1366 1655 1911 1726 Hierosolymorum
1944 1655 2029 1711 in-

2146 1653 2310 1710 αὑτὸν
2341 1652 2595 1719 ἀπελθεῖν
2630 1654 2722 1710 καὶ
2779 1654 2957 1710 κτίσαι
3013 1656 3113 1725 τὴν
3176 1651 3543 1728 Ἰερουσαλήμ
3598 1654 3808 1729 πορθη-

381 1745 816 1801 staurationem
874 1744 1211 1816 largiretur,
1245 1745 1562 1816 ipsumque
1610 1744 1684 1800 ad
1743 1761 1869 1800 eam
1909 1762 2029 1802 rem

2149 1748 2347 1807 θεῖσαν·
2398 1745 2591 1818 πρώτη
2648 1744 2752 1820 γὰρ
2814 1744 2948 1815 αὕτη
3008 1750 3108 1814 τῆς
3164 1742 3535 1817 Ἰερουσαλὴμ
3587 1736 3803 1805 ἅλωσις

377 1832 809 1889 conﬁciendam
837 1832 1186 1888 dimitteret.
1218 1832 1416 1888 Primo
1468 1839 1599 1888 tum
1631 1833 1872 1889 fuerant
1902 1835 2029 1888 Hie-

2145 1833 2212 1901 ἦν
2243 1831 2460 1888 καὶτοῦ
2490 1833 2640 1908 ἱεροῦ
2696 1834 3066 1911 καταστροφή.
3124 1832 3187 1889 Ὀ
3250 1828 3308 1886 δὲ
3362 1831 3599 1905 Νεεμίας
3657 1832 3803 1888 ἀπο-

378 1922 681 1995 rosolyma
726 1922 924 1977 diruta
964 1921 1376 1993 templumque
1426 1939 1717 1979 eversum.
1767 1926 1850 1977 Ac
1893 1924 2029 1979 urbs

2147 1920 2331 1985 λυθεῖς
2359 1921 2526 1991 ἦλθεν
2558 1920 2634 1984 εἷς
2693 1920 3057 1997 Ἰερουσαλὴμ
3112 1920 3202 1975 καὶ
3261 1920 3545 1996 ἀνήγειρεν
3609 1920 3801 1992 αὑτήν·

382 1971 680 1995 --_-_,-___
730 1971 924 1977 __-_-_
969 1971 1374 1993 --_,__-_1_-
1429 1971 1717 1979 -.--__-._.
1767 1971 1847 1977 ,η
1898 1971 2029 1979 _--_

382 2013 656 2070 desolata
677 2013 954 2085 jacuerat
995 2029 1189 2068 annos
1213 2013 1341 2085 jam
1387 2018 1474 2069 70.
1508 2014 1780 2070 Neemias
1835 2021 2029 2072 autem

2146 1971 2330 2066 ἕκελτό
2352 1971 2457 2087 γιὰρ
2488 1971 2698 2085 ἕρημδς
2739 1971 2832 2081 ἔτη
2884 2010 2947 2068 θ’.
2994 1971 3059 2068 :6
3105 2006 3164 2064 δὲ
3227 1971 3395 2072 αὑτϐά
3445 1971 3802 2086 ’λρταξέρξης

384 2100 668 2157 dtmissus
695 2117 826 2157 eam
856 2101 1228 2158 instauravit.
1262 2101 1427 2158 Idem
1457 2105 1830 2170 Artaxerxes,
1862 2105 2029 2159 insti-

2146 2098 2520 2173 παρακληθεὶς
2572 2100 2675 2156 ὑπό
2731 2120 2893 2156 τινων
2946 2102 3053 2154 τῶν
3108 2100 3210 2168 τῆς
3268 2095 3584 2174 σῦγκλήτου
3634 2098 3801 2154 αὑτοῦ

378 2190 656 2262 gantibus
706 2189 1065 2261 quibusdam
1122 2190 1501 2260 consiliariis,
1549 2192 1814 2264 reliquos
1855 2194 2029 2249 etiam

2144 2189 2391 2252 καὶτοὺς
2436 2188 2775 2251 ὑπολοίπους
2827 2186 3125 2251 Ἰουδαίους
3175 2186 3431 2246 ἀπέλυσε.
3482 2187 3586 2245 Καὶ
3630 2186 3689 2250 ὅς
3740 2189 3801 2244 ἄν

373 2278 608 2335 Iudaeos
657 2278 927 2346 dimisit;
981 2296 1051 2334 ac
1080 2280 1182 2350 qui
1214 2281 1549 2349 voluerunt,
1582 2281 1624 2336 ii
1672 2282 1820 2337 duce
1853 2282 2029 2339 Esdra

2146 2276 2424 2349 ἐϐουλήθη
2456 2280 2581 2336 τότε
2610 2277 2848 2335 ἀνελθεῖν
2877 2278 2953 2341 εἰς
3008 2278 3111 2347 τὴν
3170 2276 3554 2353 Ἰερουσαλὴμ,
3597 2275 3805 2347 ἀνῆλθε

381 2372 511 2422 vate
538 2368 600 2423 in
629 2368 885 2440 patriam
919 2368 1251 2424 redierunt.
1284 2369 1490 2425 Eidem
1519 2385 1625 2425 rex
1654 2372 1834 2426 etiam
1865 2387 2036 2427 sacra

384 370 505 432 279
1766 362 2080 424 GEORGII
2123 362 2470 427 CEDRENI

2149 2369 2285 2442 μετά
2335 2366 2542 2445 Ἕσδρα
2597 2373 2696 2425 τοῦ
2749 2370 3037 2445 προφήτου
3096 2367 3188 2424 καὶ
3254 2367 3595 2441 ἡγουμένου,
3649 2368 3800 2441 ᾧτινι

378 2472 518 2512 vasa
565 2462 624 2512 et
660 2457 846 2513 libros
887 2458 1285 2515 sacerdotales
1337 2460 1487 2518 245
1553 2460 1815 2519 tradidit.
1870 2460 2033 2517 Idem

381 2547 597 2603 Esdras
644 2564 851 2604 eorum
906 2548 1195 2605 librorum
1263 2549 1365 2621 qui
1418 2567 1537 2605 non
1596 2551 1909 2606 exstabant
1963 2569 2033 2607 ex

385 2637 678 2692 memoria
708 2654 817 2693 sua
845 2637 1220 2695 describendi
1250 2640 1483 2711 copiam
1514 2640 1674 2697 fecit.

455 2820 535 2873 Eo
555 2824 822 2890 tempore
844 2819 906 2873 in
926 2819 1266 2875 Macedonia
1294 2836 1545 2892 regnum
1568 2821 1700 2877 fuit.
1716 2821 1781 2876 Id
1804 2822 2031 2893 primus

387 2908 651 2963 Cranaus
672 2923 863 2962 annos
892 2910 960 2961 '28
991 2908 1203 2964 tenuit.
1235 2908 1379 2963 Inde
1412 2909 1513 2964 alii
1545 2912 1613 2963 25
1644 2926 1812 2982 reges
1842 2928 2031 2982 usque

380 2995 457 3051 ad
487 2995 825 3067 Philippum
858 2995 1179 3050 Alexandri
1210 3001 1462 3067 patrem.
1495 2999 1677 3054 Erant
1702 3004 1842 3054 tunc
1873 3002 2031 3054 (iraa-

379 3101 585 3139 corum
603 3084 875 3140 doctores
897 3091 1073 3155 atque
1098 3091 1288 3156 poetm
1308 3086 1651 3157 Sophocles,
1677 3088 2027 3158 Heraclitus,

378 3174 711 3245 Euripides,
771 3174 1122 3235 Herodotus,
1175 3176 1445 3231 Socrates
1504 3182 1562 3230 et
1617 3193 1868 3249 magnus
1917 3178 2027 3234 iste

378 3262 758 3334 Pythagoras.
784 3264 854 3317 Et
874 3269 1001 3318 erat
1024 3263 1327 3330 Hercules,
1346 3281 1526 3335 supra
1546 3268 2028 3323 commemoratis

2143 2458 2332 2514 καὶτὰ
2362 2459 2606 2535 ἱερατικά
2652 2459 2816 2530 σκεύη
2878 2458 3093 2513 ἀνέθετο
3151 2456 3242 2512 καὶ
3296 2457 3392 2518 τὰς
3450 2451 3679 2531 βίϐλους
3705 2459 3800 2519 τὰς

2143 2548 2419 2624 ἱερατικὰς
2449 2550 2545 2610 τὰς
2589 2548 2917 2624 εὑρεθείσας.
2974 2548 3032 2603 '0
3080 2544 3138 2602 δὶ
3194 2545 3354 2608 αὑτὸς
3409 2542 3645 2622 Ἔσδρας
3699 2550 3805 2601 τῶν

2148 2639 2227 2710 μή
2259 2638 2582 2714 εὑρεθέντων
2642 2633 2877 2713 βιϐλίων
2936 2635 2988 2708 ἐξ
3041 2636 3402 2709 ὑπομνήσεως
3445 2633 3615 2691 αὑτοῦ
3664 2636 3803 2713 γρά-

2141 2738 2329 2804 φεσθαι
2362 2726 2590 2798 ἐποίησε
2617 2729 2720 2797 τὴν
2748 2726 3004 2799 δύναμινῖ

2209 2818 2301 2874 Ἐν
2337 2814 2394 2872 δὶ
2421 2823 2537 2879 τοῖς
2569 2818 2795 2894 χρόνοις
2824 2816 3040 2877 τούτοις
3072 2809 3414 2871 ἐϐασίλευσεν
3459 2816 3494 2885 ἡ
3548 2810 3801 2869 Μακεδο-

2140 2904 2227 2959 νία
2258 2908 2438 2983 χώρα,
2481 2904 2537 2962 ἐν
2565 2905 2601 2981 ᾖ
2631 2910 2849 2981 πρῶτος
2890 2899 3206 2960 ἐϐασίλευσε
3254 2903 3502 2979 Κραναὸς
3546 2900 3640 2973 ἔτη
3685 2902 3793 2974 κη’,

2136 2998 2227 3051 καὶ
2260 2996 2450 3052 λοιποὶ
2478 2994 2642 3052 ἄλλοι
2676 2995 2923 3071 βασιλεῖς
2954 2997 3035 3059 κς¹
3063 2992 3170 3059 ἕως
3200 2991 3487 3050 Φιλίππου
3536 2997 3635 3049 τοῦ
3689 3014 3794 3049 πα-

2132 3087 2262 3158 τρὸς
2292 3082 2666 3161 Ἀλεξάνδρου.
2693 3086 2864 3142 Ἦσαν
2906 3082 2963 3139 δὲ
3016 3082 3139 3139 τότε
3187 3081 3472 3153 Ἐλλήνων
3528 3078 3795 3137 διδάσκα-

2140 3172 2233 3230 λοι
2261 3176 2350 3229 καὶ
2391 3174 2618 3245 ποιηταὶ
2669 3173 2986 3249 Σοφοκλῆς,
3033 3172 3412 3249 Ἡράκλειτος,
3465 3169 3793 3247 Εὐριπίδης,

2135 3261 2450 3337 Ἡρόδοτος,
2497 3265 2818 3338 Σωκράτης,
2867 3264 2958 3319 καὶ
3002 3265 3031 3319 6
3081 3263 3248 3338 μέγας
3297 3262 3632 3337 Πυθαγόρας.
3691 3262 3789 3318 Ἦν

380 3352 754 3424 temporibus
784 3358 959 3408 natus
1017 3353 1078 3407 in
1114 3353 1253 3408 Late
1302 3353 1657 3421 Thebarum,
1708 3362 2029 3427 prognatus

2146 3350 2202 3408 δὲ
2234 3355 2261 3408 6
2290 3352 2572 3427 Ἡρακλῆς
2602 3354 2883 3426 γεννηθεὶς
2940 3352 2992 3408 ἐν
3041 3358 3160 3415 τοῖς
3200 3350 3454 3428 ἀνωτέρω
3532 3369 3795 3425 προειρη-

380 3440 668 3497 Alcmena
705 3446 764 3496 et
795 3441 934 3495 Pico
990 3442 1146 3496 Jove.
1183 3443 1235 3497 Is
1288 3442 1572 3499 Hercules
1633 3444 1696 3498 in
1747 3442 2032 3516 Hispania

381 3529 689 3595 educatus,
716 3546 852 3584 cum
882 3529 1073 3583 virilis
1105 3536 1281 3598 esset,
1315 3547 1383 3585 ex
1416 3532 1700 3603 Hispania
1725 3533 2030 3606 profugus,

377 3621 522 3672 tunc
562 3617 626 3671 in
672 3617 903 3673 Italiam
954 3618 1133 3687 venit,
1191 3617 1254 3673 in
1295 3635 1484 3690 eaque
1534 3636 1782 3693 regnum
1841 3639 2031 3679 annos

381 3707 449 3759 38
482 3707 691 3761 tenuit.
722 3707 775 3759 Is
805 3706 1034 3777 accepit
1080 3723 1288 3761 uxrem
1340 3707 1606 3778 Lytham,
1636 3709 1821 3765 Αιειω
1875 3713 2030 3785 regis

381 3794 591 3851 tiliam.
625 3796 827 3866 Itaque
858 3795 912 3850 ei
942 3795 1073 3849 Itali
1124 3812 1293 3867 reges
1341 3796 1413 3852 ab
1447 3797 1574 3869 ipso
1606 3801 1897 3870 procreati
1929 3818 2031 3856 co-

376 3882 620 3939 lumnas
652 3900 722 3939 ex
743 3900 889 3939 auro
920 3883 1127 3940 ductas
1155 3891 1509 3957 posuerunt,
1538 3903 1669 3958 quae
1701 3889 2027 3945 etiamnum

2145 3447 2325 3516 μένοις
2359 3441 2607 3521 χρόνοις,
2649 3441 2703 3499 ἐν
2729 3445 2799 3516 τῇ
2850 3442 3011 3515 Δάτῳ
3047 3443 3150 3507 τῆς
3199 3434 3410 3513 Θήϐης,
3454 3438 3515 3495 ἑκ
3557 3441 3656 3494 τοῦ
3696 3437 3793 3513 γέ-

2139 3553 2266 3594 νους
2291 3539 2394 3602 τῆς
2431 3529 2759 3605 Ἀλκμήνης
2820 3532 3083 3607 ὑπάρχων
3130 3528 3222 3585 καὶ
3273 3532 3372 3584 τοῦ
3415 3527 3589 3585 Πίκου
3643 3526 3790 3589 Διός·

2139 3621 2199 3684 ’ὸς
2241 3621 2508 3697 ἀνετράφη
2542 3620 2594 3675 ἐν
2618 3624 2689 3695 τῇ
2716 3620 2957 3692 Ἰσπανίᾳ
3002 3620 3184 3696 χώρᾳ,
3237 3618 3329 3673 καὶ
3395 3614 3645 3691 ἀνδρεῖος
3700 3636 3792 3690 γε·

2138 3710 2365 3784 νόμενος
2389 3713 2453 3781 ἦν
2483 3711 2608 3766 τότε
2660 3711 2768 3766 ἀπὸ
2806 3715 2914 3766 τῶν
2962 3711 3221 3768 ἰσπανῶν
3273 3706 3362 3764 ἐπὶ
3405 3710 3505 3777 τήν
3552 3706 3790 3763 Ἰταλίαν

2139 3800 2345 3879 φυγὼν,
2376 3801 2468 3857 καὶ
2499 3796 2851 3879 ἐϐαφίλευσεν
2906 3802 2992 3874 [Ρ.
3046 3801 3169 3873 140]
3223 3798 3275 3855 ἂν
3326 3797 3464 3871 αὐτῇ
3521 3794 3614 3866 ἔτη
3676 3795 3787 3867 λη’.

2137 3894 2323 3952 Ὅστις
2354 3885 2515 3946 ἔλαϐε
2546 3895 2778 3966 γυναῖκα
2806 3890 2909 3959 τήν
2951 3884 3169 3959 Λὺτϐην
3217 3889 3317 3958 τήν
3374 3884 3636 3944 Ἀτλέτου
3687 3885 3788 3961 βα-

375 3979 557 4029 stant.
602 3975 743 4029 Post
772 3973 968 4045 ipsum
1009 3972 1189 4029 Italia
1220 3990 1468 4046 regnum
1518 3978 1707 4032 tenuit
1737 3978 1923 4050 ipsius
1956 3996 2027 4052 ex

2144 3977 2334 4042 σιλέως
2364 3978 2645 4056 θυγατέρα·
2681 3979 2801 4043 ὅθεν
2861 3977 2950 4034 καὶ
3011 3976 3219 4048 στήλας
3278 3975 3424 4048 αὖτῷ
3482 3994 3790 4054 χρυσοσφυ·

369 4064 535 4135 Auga
574 4062 737 4118 {llius
768 4062 1103 4135 Telephus;
1135 4063 1190 4118 ei
1215 4069 1350 4134 post
1400 4064 1557 4119 hune
1593 4066 1836 4122 Latinus
1866 4068 2024 4124 filius

2144 4072 2335 4141 ρήτουθ
2377 4070 2670 4141 ἀνέστησαν
2704 4069 2757 4123 οἱ
2789 4066 2992 4126 Ἰταλοὶ
3053 4064 3299 4142 βασιλεῖς
3339 4064 3437 4121 εἴτ’
3484 4064 3579 4119 οὖν
3627 4064 3790 4138 ῥῆγες

369 4168 559 4207 annos
591 4153 680 4219 l8,
712 4152 813 4222 qui
844 4151 1080 4207 thteeis
1115 4168 1337 4208 nomen
1376 4153 1719 4211 Latinorum
1749 4156 1910 4213 fecit.

2144 4158 2193 4214 ix
2218 4163 2318 4214 τοῦ
2348 4158 2536 4234 γένους
2565 4158 2754 4229 αὑτοῦ,
2788 4158 2989 4219 αἳτινες
3024 4153 3223 4226 στῆλαι
3280 4155 3449 4230 μέχρι
3496 4157 3592 4208 τοῦ
3644 4173 3784 4227 παρ-

365 4239 521 4301 όντος
549 4239 814 4295 ἳστανται.
850 4241 968 4308 Τῆς
1001 4236 1059 4294 δὲ
1091 4238 1323 4305 Ἰταλίας
1352 4235 1696 4297 ἐϐασίλευσεν
1757 4245 1785 4299 ὁ
1825 4246 1942 4307 υἱὸς
1996 4247 2170 4301 αὐτοῦ
2230 4247 2337 4302 ἀπὸ
2389 4254 2491 4317 τῆς
2542 4244 2754 4321 Δύγῆς,
2811 4244 3075 4326 Τελέιρος,
3132 4246 3220 4300 καὶ
3286 4244 3400 4318 μετ’
3447 4242 3606 4298 αὑτὸν
3666 4241 3785 4303 υἱὸς

360 4329 528 4385 αὑτοῦ
557 4334 783 4389 Λατῖνος
812 4331 909 4399 ἓτη
948 4329 1038 4399 ιη“,
1063 4329 1120 4390 ὅς
1147 4328 1279 4391 τοὺς
1313 4331 1614 4405 Κτῃταίους
1646 4336 1723 4406 (τ)
1756 4334 2080 4407 ἐπωνόμασε
2107 4336 2393 4399 Λατίνους.

433 4422 514 4475 Eo
544 4425 853 4492 regnante,
914 4422 1125 4475 Aineas
1173 4420 1449 4477 Anchisa:
1508 4423 1670 4478 Illius
1700 4425 1897 4498 Phryx
1943 4426 2016 4481 ab

2197 4426 2333 4481 Τότε
2386 4426 2611 4490 Δίνείας
2649 4427 2805 4482 ὁτοῦ
2858 4425 3148 4503 Ἀγχίσου,
3193 4425 3222 4479 6
3272 4424 3441 4499 Φρὺξ,
3491 4442 3671 4500 φεγων
3724 4420 3786 4476 ἐκ

362 4507 591 4564 excidio
621 4506 811 4578 Trojm
840 4508 1071 4579 fugiens
1102 4508 1163 4563 in
1187 4509 1387 4565 Africa
1415 4513 1686 4582 pervenit
1715 4513 1789 4568 ad
1830 4514 2013 4570 Dido-

2144 4522 2223 4583 τῆς
2254 4517 2576 4589 πορθήσεως
2606 4520 2707 4584 τῆς
2738 4513 2910 4571 Ἰλίου
2937 4511 3175 4583 ἀνῆλθεν
3216 4512 3268 4567 ὲν
3298 4515 3368 4586 τῇ
3416 4505 3596 4586 Λιϐύῃ
3646 4509 3785 4584 πρὸς

362 4614 503 4652 nem
535 4597 903 4652 Phaanissam
934 4596 1273 4666 mulierem,
1307 4617 1439 4670 quae
1473 4606 1533 4655 et
1574 4602 1731 4658 Elisa
1752 4603 2010 4671 dicitur;

2144 4605 2223 4673 τὴν
2253 4604 2544 4659 Φοίνισσαν
2592 4601 2759 4674 Διδὼ,
2814 4604 2914 4674 τήν
2959 4602 3049 4658 καὶ
3108 4601 3388 4659 Ἐλισσαν.
3454 4600 3557 4657 Καὶ
3605 4595 3781 4653 ἐνδια-

364 4686 568 4756 ibique
586 4703 721 4741 cum
751 4685 1105 4757 aliquandiu
1122 4695 1715 4760 essetcommoratus,
1736 4693 1810 4748 ab
1839 4695 2014 4750 Iarba

2144 4695 2318 4767 ςρίψας
2345 4691 2477 4762 ἐκεῖ,
2530 4690 2706 4770 λάθρα
2748 4691 2908 4757 ἐάσας
2955 4691 3147 4762 αὐτὴν,
3193 4684 3457 4768 φοϐηθείς
3501 4689 3593 4744 τὸν
3636 4687 3781 4761 Ἰάρ-

360 4791 499 4847 rege
537 4775 749 4830 Africae
801 4774 913 4830 sibi
970 4778 1474 4845 metuens,.clam
1532 4780 1739 4837 relicta
1786 4783 2013 4839 Didone

2144 4777 2221 4836 ἴαν
2259 4780 2488 4858 βασιλέα
2516 4789 2615 4852 τῆς
2674 4784 2942 4860 ’Λφρικῆς
2997 4775 3213 4860 ἔφυγεν.
3274 4780 3377 4835 Ἦν
3435 4776 3492 4834 δὲ
3546 4780 3582 4848 ἡ
3634 4774 3779 4833 Διδὼ

356 4862 606 4935 aufugit.
641 4863 776 4919 Erat
821 4863 966 4919 Dido
1017 4864 1270 4921 oriunda
1319 4867 1655 4935 Charticha,
1698 4871 1910 4944 exigua
1956 4879 2016 4929 et

2144 4893 2184 4927 ,κ
2214 4878 2411 4947 μικρᾶς
2441 4870 2663 4934 πόλεως
2693 4872 2996 4946 Χατρικῆς,
3038 4875 3141 4938 τῆς
3182 4868 3449 4939 Φοινίκης
3502 4864 3778 4940 παραλίας

1565 4974 1929 5052 erANnm
1967 4999 2054 5053 ET
2092 4998 2306 5054 GOARI
2337 4999 2560 5054 NOTAE.

429 5090 504 5177 S6.)
562 5087 991 5177 ¹¹.αραπιεὲεῶνειέ
1049 5088 1217 5177 Ωιιρᾴ
1273 5097 1439 5177 ante.
1474 5092 2008 5177 παροξτε·³λιονι--ξειτ

2144 5097 2363 5177 laudis
2385 5097 2775 5177 metuendum
2807 5097 2885 5151 sit
2908 5112 2984 5151 ne
3008 5095 3207 5177 oleum
3235 5091 3783 5177 operamquequod

360 5158 557 5240 lybius
590 5158 902 5240 ῥινοπύλην
916 5160 999 5240 Ide
1018 5161 1200 5240 simili
1228 5177 1291 5216 re
1322 5162 1541 5240 dixisse
1555 5158 1815 5240 'videtur.
1847 5168 2007 5223 Nihil
2130 5170 2319 5239 aiunt,
2348 5170 2626 5226 ludamus
2650 5185 2663 5234 ;
2697 5176 2756 5224 et
2784 5173 3033 5240 possunt
3063 5168 3189 5222 haec
3218 5158 3460 5240 aliunde
3482 5158 3777 5240 conquiri.

359 5232 793 5313 voluimutare
851 5232 1073 5313 alioqui
1122 5232 1217 5313 τρν
1276 5232 1677 5313 παραπυλεῶνα
1720 5238 1887 5313 αὐτοῦ
1917 5240 2010 5295 vel

2144 5232 2447 5297 Ierte'hoc
2496 5232 2726 5297 videtur
2773 5232 3127 5313 significare.
3185 5239 3376 5313 Mysos
3420 5237 3510 5313 in_
3544 5232 3776 5313 Italiam

357 5306 735 5385 papilionem
764 5304 1093 5385 Vertissem.
1148 5305 1323 5385 Miror
1358 5304 1569 5385 autem
1623 5310 1695 5366 ab
1752 5310 2007 5385 Iudithaa
2117 5314 2483 5385 transivisse.
2517 5313 2809 5385 Telephus
2828 5304 3023 5366 venim
3057 5304 3540 5385 Mysu_s_,fuit:__Et
3587 5308 3778 5378 Mysos

353 5374 604 5457 recepta
623 5375 875 5457 historia
904 5374 1126 5457 variare
1172 5383 1448 5457 nostrum
1478 5380 1613 5434 XvL.
1648 5412 1719 5457 —-_
1750 5384 2006 5457 Παραπυ-
2117 5384 2566 5457 ἱρεθῄιιοῐηοιυε
2598 5374 2857 5457 Κητείους
2886 5374 3166 5457 appellat
3214 5380 3379 5457 libro‘
3402 5374 3664 5457 Illysseag
3696 5395 3773 5457 χι,

358 5441 516 5527 λίουξ
568 5449 845 5532 Posticum
911 5452 969 5500 et
1009 5448 1356 5530 secretiorem
1412 5459 1636 5519 portam
1705 5441 2007 5509 hac'voce

2144 5441 2190 5532 le
2213 5455 2335 5532 tilio
2375 5456 2610 5532 Telephi
2644 5441 3241 5532 Eurypfloiloquens.
3285 5441 3500 5532 πολλοξ
3548 5441 3778 5532 ἰδ’-ἀμφ’

358 5517 803 5598 percipi-endam
834 5524 1145 5601 contentus
1167 5520 1292 5590 ipse
1324 5517 1681 5579 commonet.
1707 5526 2006 5581 Narratio-

2144 5525 2278 5601 ιύτὸν
2312 5517 2549 5601 ἑταῖροιί
2578 5517 2823 5601 Κήτειοῖ⁸
2847 5517 3143 5591 κτείνοντο,
3193 5540 3315 5579 non
3357 5517 3776 5577 dissimulante

360 5589 749 5663 uisseriem’a
776 5596 981 5663 nostra
1011 5589 1303 5646 diversam
1336 5599 1643 5663 praetereo.
1688 5598 1864 5652 GOAR.
2119 5600 2297 5655 etiam
2328 5589 2655 5655 Eustathio.
2691 5599 2831 5654 XYL.

433 5657 511 5728 (7)
542 5660 753 5714 Omnia
781 5659 907 5714 haec
946 5662 1030 5716 ita
1060 5668 1200 5718 sunt
1228 5657 1457 5733 vitiosa,
1503 5674 1568 5721 ut
1597 5667 1656 5723 in
1708 5669 1778 5724 iis
1810 5685 2009 5726 emen-
