  <div class='ocr_page' id='page_1' title='image "/cluster/home/n/w/nwhite01/storage/ocr_20150623/121:no.1/coo.31924054870260/148.png"; bbox 0 0 4142 6418; ppageno 0'>
   <div class='ocr_carea' id='block_1_1' title="bbox 354 392 473 456">
    <p class='ocr_par' dir='ltr' id='par_1_1' title="bbox 354 392 473 456">
     <span class='ocr_line' id='line_1_1' title="bbox 354 392 473 456; baseline -0.008 -1"><span class='ocrx_word' id='word_1_1' title='bbox 354 392 473 456; x_wconf 78' lang='grc'>281</span> 
     </span>
    </p>
   </div>
   <div class='ocr_carea' id='block_1_2' title="bbox 1499 384 2643 455">
    <p class='ocr_par' dir='ltr' id='par_1_2' title="bbox 1499 384 2643 455">
     <span class='ocr_line' id='line_1_2' title="bbox 1499 384 2643 455; baseline -0.008 0"><span class='ocrx_word' id='word_1_2' title='bbox 1499 388 2047 455; x_wconf 79' lang='lat' dir='ltr'>HISTORIAHUM</span> <span class='ocrx_word' id='word_1_3' title='bbox 2094 384 2643 449; x_wconf 82' lang='lat' dir='ltr'>COMPENDIUM.</span> 
     </span>
    </p>
   </div>
   <div class='ocr_carea' id='block_1_3' title="bbox 3652 390 3771 451">
    <p class='ocr_par' dir='ltr' id='par_1_3' title="bbox 3652 390 3771 451">
     <span class='ocr_line' id='line_1_3' title="bbox 3652 390 3771 451; baseline -0.025 0"><span class='ocrx_word' id='word_1_4' title='bbox 3652 390 3771 451; x_wconf 75' lang='lat'>282</span> 
     </span>
    </p>
   </div>
   <div class='ocr_carea' id='block_1_4' title="bbox 336 519 2006 599">
    <p class='ocr_par' dir='ltr' id='par_1_4' title="bbox 336 520 2000 599">
     <span class='ocr_line' id='line_1_4' title="bbox 336 520 2000 599; baseline -0.004 -18"><span class='ocrx_word' id='word_1_5' title='bbox 336 526 533 597; x_wconf 70' lang='grc' dir='ltr'>οὔσης,</span> <span class='ocrx_word' id='word_1_6' title='bbox 591 521 787 599; x_wconf 77' lang='grc' dir='ltr'>μεταξὺ</span> <span class='ocrx_word' id='word_1_7' title='bbox 831 527 944 580; x_wconf 79' lang='grc' dir='ltr'>τῶν</span> <span class='ocrx_word' id='word_1_8' title='bbox 1006 524 1174 599; x_wconf 79' lang='grc' dir='ltr'>ὁρίων</span> <span class='ocrx_word' id='word_1_9' title='bbox 1227 524 1406 599; x_wconf 84' lang='grc' dir='ltr'>Τύρου</span> <span class='ocrx_word' id='word_1_10' title='bbox 1451 523 1544 580; x_wconf 81' lang='grc' dir='ltr'>καὶ</span> <span class='ocrx_word' id='word_1_11' title='bbox 1577 521 1844 585; x_wconf 77' lang='grc' dir='ltr'>Σιδῶνος·</span> <span class='ocrx_word' id='word_1_12' title='bbox 1875 520 2000 591; x_wconf 79' lang='grc' dir='ltr'>ἥτις</span> 
     </span>
    </p>
   </div>
   <div class='ocr_carea' id='block_1_5' title="bbox 2118 519 3773 599">
    <p class='ocr_par' dir='ltr' id='par_1_5' title="bbox 2118 519 3773 594">
     <span class='ocr_line' id='line_1_5' title="bbox 2118 519 3773 594; baseline 0.002 -19"><span class='ocrx_word' id='word_1_13' title='bbox 2118 520 2418 575; x_wconf 89' lang='lat' dir='ltr'><strong>maritima</strong></span> <span class='ocrx_word' id='word_1_14' title='bbox 2447 520 2765 576; x_wconf 68' lang='lat' dir='ltr'><strong>thnicim</strong></span> <span class='ocrx_word' id='word_1_15' title='bbox 2792 519 2964 591; x_wconf 83' lang='lat' dir='ltr'>urbe,</span> <span class='ocrx_word' id='word_1_16' title='bbox 2997 536 3129 592; x_wconf 63' lang='lat' dir='ltr'><strong>quas</strong></span> <span class='ocrx_word' id='word_1_17' title='bbox 3164 521 3312 576; x_wconf 85' lang='lat' dir='ltr'><strong>fines</strong></span> <span class='ocrx_word' id='word_1_18' title='bbox 3341 521 3474 594; x_wconf 84' lang='lat' dir='ltr'>Tyri</span> <span class='ocrx_word' id='word_1_19' title='bbox 3502 538 3569 578; x_wconf 91' lang='lat' dir='ltr'>ac</span> <span class='ocrx_word' id='word_1_20' title='bbox 3600 522 3773 580; x_wconf 86' lang='lat' dir='ltr'><strong>Sido-</strong></span> 
     </span>
    </p>
   </div>
   <div class='ocr_carea' id='block_1_6' title="bbox 346 607 2006 689">
    <p class='ocr_par' dir='ltr' id='par_1_6' title="bbox 346 607 2006 689">
     <span class='ocr_line' id='line_1_6' title="bbox 346 607 2006 689; baseline -0.004 -18"><span class='ocrx_word' id='word_1_21' title='bbox 346 613 495 671; x_wconf 81' lang='grc' dir='ltr'>Διδὼ</span> <span class='ocrx_word' id='word_1_22' title='bbox 545 614 616 684; x_wconf 78' lang='grc' dir='ltr'>ἧν</span> <span class='ocrx_word' id='word_1_23' title='bbox 674 612 1096 685; x_wconf 78' lang='grc' dir='ltr'>πλουσιωτάτη,</span> <span class='ocrx_word' id='word_1_24' title='bbox 1155 608 1359 689; x_wconf 81' lang='grc' dir='ltr'>ἔχουσα</span> <span class='ocrx_word' id='word_1_25' title='bbox 1410 611 1583 689; x_wconf 72' lang='grc' dir='ltr'>ἂνδρα</span> <span class='ocrx_word' id='word_1_26' title='bbox 1638 616 1897 688; x_wconf 86' lang='grc' dir='ltr'>Σιχαῖον,</span> <span class='ocrx_word' id='word_1_27' title='bbox 1947 607 2006 665; x_wconf 80' lang='grc' dir='ltr'>δν</span> 
     </span>
    </p>
   </div>
   <div class='ocr_carea' id='block_1_7' title="bbox 338 697 2007 781">
    <p class='ocr_par' dir='ltr' id='par_1_7' title="bbox 338 697 2007 781">
     <span class='ocr_line' id='line_1_7' title="bbox 338 697 2007 781; baseline -0.005 -19"><span class='ocrx_word' id='word_1_28' title='bbox 338 704 626 781; x_wconf 67' lang='grc' dir='ltr'>ἰφόνευσεν</span> <span class='ocrx_word' id='word_1_29' title='bbox 672 701 725 759; x_wconf 67' lang='grc' dir='ltr'>ἰν</span> <span class='ocrx_word' id='word_1_30' title='bbox 776 702 1089 778; x_wconf 76' lang='grc' dir='ltr'>κυνηγεσίῳ</span> <span class='ocrx_word' id='word_1_31' title='bbox 1145 704 1175 758; x_wconf 93' lang='lat'>6</span> <span class='ocrx_word' id='word_1_32' title='bbox 1250 699 1485 781; x_wconf 78' lang='grc' dir='ltr'>ἀδελφὸς</span> <span class='ocrx_word' id='word_1_33' title='bbox 1567 710 1669 773; x_wconf 80' lang='grc' dir='ltr'>τῆς</span> <span class='ocrx_word' id='word_1_34' title='bbox 1728 697 1921 762; x_wconf 76' lang='grc' dir='ltr'>Διδοῦς</span> <span class='ocrx_word' id='word_1_35' title='bbox 1978 698 2007 753; x_wconf 89' lang='lat'>6</span> 
     </span>
    </p>
   </div>
   <div class='ocr_carea' id='block_1_8' title="bbox 352 787 2010 871">
    <p class='ocr_par' dir='ltr' id='par_1_8' title="bbox 352 787 2010 871">
     <span class='ocr_line' id='line_1_8' title="bbox 352 787 2010 871; baseline -0.004 -21"><span class='ocrx_word' id='word_1_36' title='bbox 352 791 715 871; x_wconf 81' lang='grc' dir='ltr'>Πυγμαλίων,</span> <span class='ocrx_word' id='word_1_37' title='bbox 787 790 1250 871; x_wconf 67' lang='grc' dir='ltr'>διαφθονούμενος</span> <span class='ocrx_word' id='word_1_38' title='bbox 1302 791 1452 866; x_wconf 75' lang='grc' dir='ltr'>αὐτῷ</span> <span class='ocrx_word' id='word_1_39' title='bbox 1509 792 1588 854; x_wconf 85' lang='grc' dir='ltr'>ὡς</span> <span class='ocrx_word' id='word_1_40' title='bbox 1643 787 2010 864; x_wconf 85' lang='grc' dir='ltr'>πολυευπόρῳ</span> 
     </span>
    </p>
   </div>
   <div class='ocr_carea' id='block_1_9' title="bbox 341 874 2007 958">
    <p class='ocr_par' dir='ltr' id='par_1_9' title="bbox 341 874 2007 958">
     <span class='ocr_line' id='line_1_9' title="bbox 341 874 2007 958; baseline -0.005 -18"><span class='ocrx_word' id='word_1_41' title='bbox 341 885 437 940; x_wconf 74' lang='grc' dir='ltr'>καὶ</span> <span class='ocrx_word' id='word_1_42' title='bbox 496 881 754 957; x_wconf 73' lang='grc' dir='ltr'>δυνάστῃ.</span> <span class='ocrx_word' id='word_1_43' title='bbox 814 878 1263 944; x_wconf 84' lang='grc' dir='ltr'>Καταδιώκοντες</span> <span class='ocrx_word' id='word_1_44' title='bbox 1317 881 1422 958; x_wconf 76' lang='grc' dir='ltr'>γὰρ</span> <span class='ocrx_word' id='word_1_45' title='bbox 1468 881 1705 957; x_wconf 78' lang='grc' dir='ltr'>σύαγρον</span> <span class='ocrx_word' id='word_1_46' title='bbox 1758 874 2007 956; x_wconf 65' lang='grc' dir='ltr'>ἔφιπποι,</span> 
     </span>
    </p>
   </div>
   <div class='ocr_carea' id='block_1_10' title="bbox 340 964 2010 1043">
    <p class='ocr_par' dir='ltr' id='par_1_10' title="bbox 340 964 2010 1043">
     <span class='ocr_line' id='line_1_10' title="bbox 340 964 2010 1043; baseline -0.005 -14"><span class='ocrx_word' id='word_1_47' title='bbox 340 972 547 1043; x_wconf 78' lang='grc' dir='ltr'>ἤλασεν</span> <span class='ocrx_word' id='word_1_48' title='bbox 573 968 637 1026; x_wconf 71' lang='grc' dir='ltr'>ἐκ</span> <span class='ocrx_word' id='word_1_49' title='bbox 675 974 784 1026; x_wconf 81' lang='grc' dir='ltr'>τῶν</span> <span class='ocrx_word' id='word_1_50' title='bbox 813 964 1035 1025; x_wconf 77' lang='grc' dir='ltr'>ὄπισθεν</span> <span class='ocrx_word' id='word_1_51' title='bbox 1091 970 1213 1025; x_wconf 89' lang='grc' dir='ltr'>κατ’</span> <span class='ocrx_word' id='word_1_52' title='bbox 1240 968 1408 1025; x_wconf 76' lang='grc' dir='ltr'>αὐτοῦ</span> <span class='ocrx_word' id='word_1_53' title='bbox 1464 969 1526 1025; x_wconf 83' lang='grc' dir='ltr'>τὸ</span> <span class='ocrx_word' id='word_1_54' title='bbox 1576 965 1706 1043; x_wconf 81' lang='grc' dir='ltr'>δόρυ</span> <span class='ocrx_word' id='word_1_55' title='bbox 1756 967 1849 1022; x_wconf 80' lang='grc' dir='ltr'>καὶ</span> <span class='ocrx_word' id='word_1_56' title='bbox 1906 966 2010 1021; x_wconf 76' lang='grc' dir='ltr'>ἀπο</span> 
     </span>
    </p>
   </div>
   <div class='ocr_carea' id='block_1_11' title="bbox 340 1053 2008 1134">
    <p class='ocr_par' dir='ltr' id='par_1_11' title="bbox 340 1053 2008 1134">
     <span class='ocr_line' id='line_1_11' title="bbox 340 1053 2008 1134; baseline -0.004 -17"><span class='ocrx_word' id='word_1_57' title='bbox 340 1060 566 1132; x_wconf 69' lang='grc' dir='ltr'>ἐκτεινε,</span> <span class='ocrx_word' id='word_1_58' title='bbox 596 1058 687 1116; x_wconf 80' lang='grc' dir='ltr'>καὶ</span> <span class='ocrx_word' id='word_1_59' title='bbox 719 1054 906 1115; x_wconf 81' lang='grc' dir='ltr'>λαϐὼν</span> <span class='ocrx_word' id='word_1_60' title='bbox 960 1059 1027 1114; x_wconf 82' lang='grc' dir='ltr'>τὸ</span> <span class='ocrx_word' id='word_1_61' title='bbox 1084 1062 1245 1134; x_wconf 83' lang='grc' dir='ltr'>σῶμα</span> <span class='ocrx_word' id='word_1_62' title='bbox 1300 1057 1468 1114; x_wconf 77' lang='grc' dir='ltr'>αὐτοῦ</span> <span class='ocrx_word' id='word_1_63' title='bbox 1496 1053 1685 1134; x_wconf 78' lang='grc' dir='ltr'>ἔρῥιψε</span> <span class='ocrx_word' id='word_1_64' title='bbox 1714 1056 1850 1112; x_wconf 81' lang='grc' dir='ltr'>κατὰ</span> <span class='ocrx_word' id='word_1_65' title='bbox 1906 1059 2008 1111; x_wconf 81' lang='grc' dir='ltr'>τοῦ</span> 
     </span>
    </p>
   </div>
   <div class='ocr_carea' id='block_1_12' title="bbox 337 1144 2011 1223">
    <p class='ocr_par' dir='ltr' id='par_1_12' title="bbox 337 1144 2011 1223">
     <span class='ocr_line' id='line_1_12' title="bbox 337 1144 2011 1223; baseline -0.005 -18"><span class='ocrx_word' id='word_1_66' title='bbox 337 1153 616 1223; x_wconf 79' lang='grc' dir='ltr'>κρημνοῦ.</span> <span class='ocrx_word' id='word_1_67' title='bbox 686 1148 790 1206; x_wconf 79' lang='grc' dir='ltr'>Καὶ</span> <span class='ocrx_word' id='word_1_68' title='bbox 868 1148 1210 1222; x_wconf 69' lang='grc' dir='ltr'>ὑποστρέψας</span> <span class='ocrx_word' id='word_1_69' title='bbox 1294 1148 1417 1203; x_wconf 78' lang='grc' dir='ltr'>εἶπε</span> <span class='ocrx_word' id='word_1_70' title='bbox 1486 1152 1607 1209; x_wconf 85' lang='grc' dir='ltr'>τοῖς</span> <span class='ocrx_word' id='word_1_71' title='bbox 1666 1144 2011 1221; x_wconf 64' lang='grc' dir='ltr'>διαφέρουσιν</span> 
     </span>
    </p>
   </div>
   <div class='ocr_carea' id='block_1_13' title="bbox 337 1230 2009 1312">
    <p class='ocr_par' dir='ltr' id='par_1_13' title="bbox 337 1230 2009 1312">
     <span class='ocr_line' id='line_1_13' title="bbox 337 1230 2009 1312; baseline -0.004 -18"><span class='ocrx_word' id='word_1_72' title='bbox 337 1237 493 1312; x_wconf 81' lang='grc' dir='ltr'>αὖτῷ</span> <span class='ocrx_word' id='word_1_73' title='bbox 518 1237 606 1293; x_wconf 80' lang='grc' dir='ltr'>’ὁτι</span> <span class='ocrx_word' id='word_1_74' title='bbox 637 1235 982 1312; x_wconf 70' lang='grc' dir='ltr'>ἑκρημνίσθη</span> <span class='ocrx_word' id='word_1_75' title='bbox 1011 1233 1227 1292; x_wconf 79' lang='grc' dir='ltr'>διώκων</span> <span class='ocrx_word' id='word_1_76' title='bbox 1284 1237 1378 1292; x_wconf 84' lang='grc' dir='ltr'>τὸν</span> <span class='ocrx_word' id='word_1_77' title='bbox 1439 1237 1691 1311; x_wconf 87' lang='grc' dir='ltr'>σύαγρον.</span> <span class='ocrx_word' id='word_1_78' title='bbox 1709 1230 2009 1292; x_wconf 83' lang='grc' dir='ltr'>Ἐϐούλετο</span> 
     </span>
    </p>
   </div>
   <div class='ocr_carea' id='block_1_14' title="bbox 336 1319 2009 1402">
    <p class='ocr_par' dir='ltr' id='par_1_14' title="bbox 336 1319 2009 1402">
     <span class='ocr_line' id='line_1_14' title="bbox 336 1319 2009 1402; baseline -0.004 -19"><span class='ocrx_word' id='word_1_79' title='bbox 336 1325 451 1383; x_wconf 74' lang='grc' dir='ltr'>δὶὁ</span> <span class='ocrx_word' id='word_1_80' title='bbox 509 1325 674 1389; x_wconf 72' lang='grc' dir='ltr'>αὐτὸς</span> <span class='ocrx_word' id='word_1_81' title='bbox 724 1323 1061 1402; x_wconf 85' lang='grc' dir='ltr'>Πυγμαλίων</span> <span class='ocrx_word' id='word_1_82' title='bbox 1114 1323 1207 1380; x_wconf 82' lang='grc' dir='ltr'>καὶ</span> <span class='ocrx_word' id='word_1_83' title='bbox 1262 1326 1364 1394; x_wconf 77' lang='grc' dir='ltr'>τὴν</span> <span class='ocrx_word' id='word_1_84' title='bbox 1423 1322 1561 1380; x_wconf 81' lang='grc' dir='ltr'>ἰδίαν</span> <span class='ocrx_word' id='word_1_85' title='bbox 1612 1321 1853 1402; x_wconf 70' lang='grc' dir='ltr'>ἀδελφὴν</span> <span class='ocrx_word' id='word_1_86' title='bbox 1896 1319 2009 1377; x_wconf 76' lang='grc' dir='ltr'>δια.</span> 
     </span>
    </p>
   </div>
   <div class='ocr_carea' id='block_1_15' title="bbox 335 1408 2008 1498">
    <p class='ocr_par' dir='ltr' id='par_1_15' title="bbox 335 1408 2008 1498">
     <span class='ocr_line' id='line_1_15' title="bbox 335 1408 2008 1498; baseline -0.005 -25"><span class='ocrx_word' id='word_1_87' title='bbox 335 1416 695 1498; x_wconf 81' lang='grc' dir='ltr'>χειρίσσσθαι</span> <span class='ocrx_word' id='word_1_88' title='bbox 770 1414 861 1470; x_wconf 81' lang='grc' dir='ltr'>καὶ</span> <span class='ocrx_word' id='word_1_89' title='bbox 914 1408 1103 1470; x_wconf 83' lang='grc' dir='ltr'>λαϐεῖν</span> <span class='ocrx_word' id='word_1_90' title='bbox 1157 1413 1225 1470; x_wconf 74' lang='grc' dir='ltr'>τὰ</span> <span class='ocrx_word' id='word_1_91' title='bbox 1281 1417 1551 1490; x_wconf 77' lang='grc' dir='ltr'>χρήματα</span> <span class='ocrx_word' id='word_1_92' title='bbox 1613 1414 1806 1484; x_wconf 75' lang='grc' dir='ltr'>αὐτῆς·</span> <span class='ocrx_word' id='word_1_93' title='bbox 1863 1410 2008 1496; x_wconf 66' lang='grc' dir='ltr'>ᾗτινξ</span> 
     </span>
    </p>
   </div>
   <div class='ocr_carea' id='block_1_16' title="bbox 333 1497 2008 1584">
    <p class='ocr_par' dir='ltr' id='par_1_16' title="bbox 333 1497 2008 1584">
     <span class='ocr_line' id='line_1_16' title="bbox 333 1497 2008 1584; baseline -0.004 -22"><span class='ocrx_word' id='word_1_94' title='bbox 333 1497 498 1562; x_wconf 61' lang='grc' dir='ltr'>Διδοῖ</span> <span class='ocrx_word' id='word_1_95' title='bbox 525 1503 699 1584; x_wconf 67' lang='grc' dir='ltr'>ἐφάνη</span> <span class='ocrx_word' id='word_1_96' title='bbox 735 1505 766 1559; x_wconf 90' lang='lat'>6</span> <span class='ocrx_word' id='word_1_97' title='bbox 794 1504 934 1579; x_wconf 70' lang='grc' dir='ltr'>ἀνὴρ</span> <span class='ocrx_word' id='word_1_98' title='bbox 967 1503 1140 1573; x_wconf 83' lang='grc' dir='ltr'>αὐτῆς</span> <span class='ocrx_word' id='word_1_99' title='bbox 1200 1508 1438 1582; x_wconf 85' lang='grc' dir='ltr'>Σιχαῖος</span> <span class='ocrx_word' id='word_1_100' title='bbox 1493 1501 1546 1557; x_wconf 78' lang='grc' dir='ltr'>ἐν</span> <span class='ocrx_word' id='word_1_101' title='bbox 1608 1503 1866 1577; x_wconf 76' lang='grc' dir='ltr'>ὁράματι,</span> <span class='ocrx_word' id='word_1_102' title='bbox 1916 1497 2008 1555; x_wconf 72' lang='grc' dir='ltr'>κα.ι</span> 
     </span>
    </p>
   </div>
   <div class='ocr_carea' id='block_1_17' title="bbox 340 1586 2008 1669">
    <p class='ocr_par' dir='ltr' id='par_1_17' title="bbox 340 1586 2008 1669">
     <span class='ocr_line' id='line_1_17' title="bbox 340 1586 2008 1669; baseline -0.004 -18"><span class='ocrx_word' id='word_1_103' title='bbox 340 1595 496 1651; x_wconf 76' lang='grc' dir='ltr'>εἶπεν</span> <span class='ocrx_word' id='word_1_104' title='bbox 526 1594 642 1658; x_wconf 74' lang='grc' dir='ltr'>ὅτι,</span> <span class='ocrx_word' id='word_1_105' title='bbox 680 1617 707 1648; x_wconf 83' lang='grc' dir='ltr'>ιι</span> <span class='ocrx_word' id='word_1_106' title='bbox 732 1593 791 1647; x_wconf 81' lang='grc' dir='ltr'>Ὀ</span> <span class='ocrx_word' id='word_1_107' title='bbox 822 1586 1057 1669; x_wconf 73' lang='grc' dir='ltr'>ἀδελφός</span> <span class='ocrx_word' id='word_1_108' title='bbox 1088 1613 1190 1648; x_wconf 88' lang='grc' dir='ltr'>σου</span> <span class='ocrx_word' id='word_1_109' title='bbox 1220 1591 1474 1669; x_wconf 71' lang='grc' dir='ltr'>ἐφόνευσέ</span> <span class='ocrx_word' id='word_1_110' title='bbox 1501 1613 1588 1666; x_wconf 83' lang='grc' dir='ltr'>με,</span> <span class='ocrx_word' id='word_1_111' title='bbox 1622 1614 1653 1643; x_wconf 84' lang='grc'><strong>››</strong></span> <span class='ocrx_word' id='word_1_112' title='bbox 1684 1588 1856 1660; x_wconf 81' lang='grc' dir='ltr'>δείξας</span> <span class='ocrx_word' id='word_1_113' title='bbox 1871 1587 2008 1663; x_wconf 81' lang='grc' dir='ltr'>ἀύτῇ</span> 
     </span>
    </p>
   </div>
   <div class='ocr_carea' id='block_1_18' title="bbox 330 1676 2006 1756">
    <p class='ocr_par' dir='ltr' id='par_1_18' title="bbox 330 1676 2006 1756">
     <span class='ocr_line' id='line_1_18' title="bbox 330 1676 2006 1756; baseline -0.005 -16"><span class='ocrx_word' id='word_1_114' title='bbox 330 1682 548 1741; x_wconf 74' lang='grc' dir='ltr'>καὶτὸν</span> <span class='ocrx_word' id='word_1_115' title='bbox 587 1681 764 1739; x_wconf 84' lang='grc' dir='ltr'>τόπον</span> <span class='ocrx_word' id='word_1_116' title='bbox 791 1682 894 1751; x_wconf 72' lang='grc' dir='ltr'>τῆς</span> <span class='ocrx_word' id='word_1_117' title='bbox 920 1680 1178 1756; x_wconf 80' lang='grc' dir='ltr'>πληγῆς.</span> <span class='ocrx_word' id='word_1_118' title='bbox 1215 1682 1315 1736; x_wconf 74' lang='grc' dir='ltr'>Καὶ</span> <span class='ocrx_word' id='word_1_119' title='bbox 1375 1681 1523 1737; x_wconf 73' lang='grc' dir='ltr'>εἶπεν</span> <span class='ocrx_word' id='word_1_120' title='bbox 1580 1679 1740 1753; x_wconf 78' lang='grc' dir='ltr'>αὐτῇ,</span> <span class='ocrx_word' id='word_1_121' title='bbox 1778 1702 1804 1733; x_wconf 80' lang='grc' dir='ltr'>ε</span> <span class='ocrx_word' id='word_1_122' title='bbox 1835 1676 2006 1754; x_wconf 79' lang='grc' dir='ltr'>Φύγε,</span> 
     </span>
    </p>
   </div>
   <div class='ocr_carea' id='block_1_19' title="bbox 339 1765 2007 1851">
    <p class='ocr_par' dir='ltr' id='par_1_19' title="bbox 339 1765 2007 1851">
     <span class='ocr_line' id='line_1_19' title="bbox 339 1765 2007 1851; baseline -0.004 -23"><span class='ocrx_word' id='word_1_123' title='bbox 339 1774 421 1849; x_wconf 74' lang='grc' dir='ltr'>μὴ</span> <span class='ocrx_word' id='word_1_124' title='bbox 452 1772 547 1827; x_wconf 74' lang='grc' dir='ltr'>καὶ</span> <span class='ocrx_word' id='word_1_125' title='bbox 582 1773 642 1827; x_wconf 66' lang='grc' dir='ltr'>σὲ</span> <span class='ocrx_word' id='word_1_126' title='bbox 682 1769 950 1851; x_wconf 71' lang='grc' dir='ltr'>φονεύσῃ.</span> <span class='ocrx_word' id='word_1_127' title='bbox 984 1795 1015 1823; x_wconf 87' lang='grc'><strong>››</strong></span> <span class='ocrx_word' id='word_1_128' title='bbox 1064 1770 1163 1826; x_wconf 77' lang='grc' dir='ltr'>Καὶ</span> <span class='ocrx_word' id='word_1_129' title='bbox 1221 1768 1419 1826; x_wconf 86' lang='grc' dir='ltr'>λοιπὸν</span> <span class='ocrx_word' id='word_1_130' title='bbox 1478 1772 1515 1840; x_wconf 80' lang='grc' dir='ltr'>ἠ</span> <span class='ocrx_word' id='word_1_131' title='bbox 1569 1768 1705 1838; x_wconf 83' lang='grc' dir='ltr'>αύτή</span> <span class='ocrx_word' id='word_1_132' title='bbox 1735 1765 1879 1823; x_wconf 82' lang='grc' dir='ltr'>Διδὼ</span> <span class='ocrx_word' id='word_1_133' title='bbox 1906 1766 2007 1823; x_wconf 87' lang='grc' dir='ltr'>λα-</span> 
     </span>
    </p>
   </div>
   <div class='ocr_carea' id='block_1_20' title="bbox 336 1854 2086 1959">
    <p class='ocr_par' dir='ltr' id='par_1_20' title="bbox 336 1854 2086 1959">
     <span class='ocr_line' id='line_1_20' title="bbox 336 1854 2086 1959; baseline -0.005 -41"><span class='ocrx_word' id='word_1_134' title='bbox 336 1864 511 1918; x_wconf 73' lang='grc' dir='ltr'>οοῦσα</span> <span class='ocrx_word' id='word_1_135' title='bbox 538 1862 635 1917; x_wconf 79' lang='grc' dir='ltr'>τὸν</span> <span class='ocrx_word' id='word_1_136' title='bbox 672 1858 857 1959; x_wconf 50' lang='grc' dir='ltr'>ἰδιον.</span> <span class='ocrx_word' id='word_1_137' title='bbox 892 1856 1125 1959; x_wconf 51' lang='grc' dir='ltr'>ἆδελιρὸν</span> <span class='ocrx_word' id='word_1_138' title='bbox 1182 1854 1507 1959; x_wconf 49' lang='grc' dir='ltr'>ανελάϐετο.</span> <span class='ocrx_word' id='word_1_139' title='bbox 1531 1858 1703 1959; x_wconf 65' lang='grc' dir='ltr'>πάντα</span> <span class='ocrx_word' id='word_1_140' title='bbox 1743 1858 2007 1959; x_wconf 70' lang='grc' dir='ltr'>χρήματα</span> <span class='ocrx_word' id='word_1_141' title='bbox 2038 1893 2086 1959; x_wconf 77' lang='grc' dir='ltr'><strong>Β</strong></span> 
     </span>
    </p>
   </div>
   <div class='ocr_carea' id='block_1_21' title="bbox 343 1943 2005 2021">
    <p class='ocr_par' dir='ltr' id='par_1_21' title="bbox 343 1943 2005 2021">
     <span class='ocr_line' id='line_1_21' title="bbox 343 1943 2005 2021; baseline -0.005 -15"><span class='ocrx_word' id='word_1_142' title='bbox 343 1952 537 2021; x_wconf 47' lang='grc' dir='ltr'>αῆς,</span> <span class='ocrx_word' id='word_1_143' title='bbox 596 1947 689 2003; x_wconf 78' lang='grc' dir='ltr'>καὶ</span> <span class='ocrx_word' id='word_1_144' title='bbox 750 1943 966 2021; x_wconf 66' lang='grc' dir='ltr'>ἐμϐᾶσα</span> <span class='ocrx_word' id='word_1_145' title='bbox 1021 1948 1100 2009; x_wconf 79' lang='grc' dir='ltr'>εἰς</span> <span class='ocrx_word' id='word_1_146' title='bbox 1151 1947 1352 2004; x_wconf 84' lang='grc' dir='ltr'>πλαῖον</span> <span class='ocrx_word' id='word_1_147' title='bbox 1411 1946 1747 2003; x_wconf 81' lang='grc' dir='ltr'>ἆπὲπλευσεν</span> <span class='ocrx_word' id='word_1_148' title='bbox 1790 1944 1851 1999; x_wconf 79' lang='grc' dir='ltr'>ὲκ</span> <span class='ocrx_word' id='word_1_149' title='bbox 1904 1950 2005 2014; x_wconf 74' lang='grc' dir='ltr'>τῆς</span> 
     </span>
    </p>
   </div>
   <div class='ocr_carea' id='block_1_22' title="bbox 345 2032 2005 2111">
    <p class='ocr_par' dir='ltr' id='par_1_22' title="bbox 345 2032 2005 2111">
     <span class='ocr_line' id='line_1_22' title="bbox 345 2032 2005 2111; baseline -0.004 -16"><span class='ocrx_word' id='word_1_150' title='bbox 345 2040 638 2111; x_wconf 64' lang='grc' dir='ltr'>Φοινίκης,</span> <span class='ocrx_word' id='word_1_151' title='bbox 667 2039 759 2093; x_wconf 85' lang='grc' dir='ltr'>καὶ</span> <span class='ocrx_word' id='word_1_152' title='bbox 792 2037 960 2105; x_wconf 72' lang='grc' dir='ltr'>ἦλθεν</span> <span class='ocrx_word' id='word_1_153' title='bbox 989 2038 1066 2101; x_wconf 87' lang='grc' dir='ltr'>εἰς</span> <span class='ocrx_word' id='word_1_154' title='bbox 1095 2039 1196 2107; x_wconf 69' lang='grc' dir='ltr'>τὴν</span> <span class='ocrx_word' id='word_1_155' title='bbox 1242 2032 1474 2108; x_wconf 83' lang='grc' dir='ltr'>Λιϐύην,</span> <span class='ocrx_word' id='word_1_156' title='bbox 1531 2037 1620 2091; x_wconf 80' lang='grc' dir='ltr'>καὶ</span> <span class='ocrx_word' id='word_1_157' title='bbox 1679 2036 1851 2105; x_wconf 77' lang='grc' dir='ltr'>κτίζει</span> <span class='ocrx_word' id='word_1_158' title='bbox 1906 2036 2005 2104; x_wconf 77' lang='grc' dir='ltr'>τὴν</span> 
     </span>
    </p>
   </div>
   <div class='ocr_carea' id='block_1_23' title="bbox 354 2119 2008 2204">
    <p class='ocr_par' dir='ltr' id='par_1_23' title="bbox 354 2119 2008 2204">
     <span class='ocr_line' id='line_1_23' title="bbox 354 2119 2008 2204; baseline -0.004 -20"><span class='ocrx_word' id='word_1_159' title='bbox 354 2127 751 2204; x_wconf 66' lang='grc' dir='ltr'>ἰαρτάγαιναν,</span> <span class='ocrx_word' id='word_1_160' title='bbox 782 2126 907 2197; x_wconf 74' lang='grc' dir='ltr'>ἥτις</span> <span class='ocrx_word' id='word_1_161' title='bbox 954 2126 1071 2183; x_wconf 70' lang='grc' dir='ltr'>ἐστι</span> <span class='ocrx_word' id='word_1_162' title='bbox 1110 2126 1406 2190; x_wconf 83' lang='grc' dir='ltr'>Νεάπολις·</span> <span class='ocrx_word' id='word_1_163' title='bbox 1438 2126 1527 2182; x_wconf 85' lang='grc' dir='ltr'>καὶ</span> <span class='ocrx_word' id='word_1_164' title='bbox 1583 2119 1925 2180; x_wconf 80' lang='grc' dir='ltr'>ἐϐασίλευσεν</span> <span class='ocrx_word' id='word_1_165' title='bbox 1952 2122 2008 2178; x_wconf 74' lang='grc' dir='ltr'>ἐν</span> 
     </span>
    </p>
   </div>
   <div class='ocr_carea' id='block_1_24' title="bbox 366 2218 1486 2297">
    <p class='ocr_par' dir='ltr' id='par_1_24' title="bbox 366 2218 1486 2297">
     <span class='ocr_line' id='line_1_24' title="bbox 366 2218 1486 2297; baseline -0.001 -19"><span class='ocrx_word' id='word_1_166' title='bbox 366 2220 529 2295; x_wconf 58' lang='lat' dir='ltr'><strong>«uitii,</strong></span> <span class='ocrx_word' id='word_1_167' title='bbox 556 2220 641 2275; x_wconf 78' lang='grc' dir='ltr'>καὶ</span> <span class='ocrx_word' id='word_1_168' title='bbox 663 2218 895 2291; x_wconf 81' lang='grc' dir='ltr'>τελευτᾷ</span> <span class='ocrx_word' id='word_1_169' title='bbox 924 2219 1225 2297; x_wconf 74' lang='grc' dir='ltr'>σωφρόνως</span> <span class='ocrx_word' id='word_1_170' title='bbox 1258 2220 1486 2290; x_wconf 81' lang='grc' dir='ltr'>ζήσασα.</span> 
     </span>
    </p>
   </div>
   <div class='ocr_carea' id='block_1_25' title="bbox 434 2305 2008 2385">
    <p class='ocr_par' dir='ltr' id='par_1_25' title="bbox 434 2305 2008 2385">
     <span class='ocr_line' id='line_1_25' title="bbox 434 2305 2008 2385; baseline -0.003 -20"><span class='ocrx_word' id='word_1_171' title='bbox 434 2306 571 2365; x_wconf 76' lang='grc' dir='ltr'>Ὀδὲ</span> <span class='ocrx_word' id='word_1_172' title='bbox 595 2307 877 2384; x_wconf 69' lang='grc' dir='ltr'>Διομήδης</span> <span class='ocrx_word' id='word_1_173' title='bbox 930 2309 1182 2385; x_wconf 75' lang='grc' dir='ltr'>ὑπῆρχεν</span> <span class='ocrx_word' id='word_1_174' title='bbox 1236 2309 1290 2379; x_wconf 78' lang='grc' dir='ltr'>ἰξ</span> <span class='ocrx_word' id='word_1_175' title='bbox 1347 2306 1651 2377; x_wconf 81' lang='grc' dir='ltr'>Αἰτωλίας,</span> <span class='ocrx_word' id='word_1_176' title='bbox 1710 2305 1886 2384; x_wconf 66' lang='grc' dir='ltr'>φέρων</span> <span class='ocrx_word' id='word_1_177' title='bbox 1942 2305 2008 2360; x_wconf 89' lang='grc' dir='ltr'>τὸ</span> 
     </span>
    </p>
   </div>
   <div class='ocr_carea' id='block_1_26' title="bbox 360 2394 2006 2475">
    <p class='ocr_par' dir='ltr' id='par_1_26' title="bbox 360 2394 2006 2475">
     <span class='ocr_line' id='line_1_26' title="bbox 360 2394 2006 2475; baseline -0.002 -23"><span class='ocrx_word' id='word_1_178' title='bbox 360 2398 515 2475; x_wconf 69' lang='grc' dir='ltr'>γένος</span> <span class='ocrx_word' id='word_1_179' title='bbox 570 2397 629 2454; x_wconf 69' lang='grc' dir='ltr'>ἐκ</span> <span class='ocrx_word' id='word_1_180' title='bbox 681 2403 782 2454; x_wconf 73' lang='grc' dir='ltr'>τοῦ</span> <span class='ocrx_word' id='word_1_181' title='bbox 839 2396 1070 2468; x_wconf 75' lang='grc' dir='ltr'>Οἰνέως,</span> <span class='ocrx_word' id='word_1_182' title='bbox 1125 2397 1276 2459; x_wconf 72' lang='grc' dir='ltr'>ὅστις</span> <span class='ocrx_word' id='word_1_183' title='bbox 1327 2396 1513 2458; x_wconf 74' lang='grc' dir='ltr'>Οἰνεὺς</span> <span class='ocrx_word' id='word_1_184' title='bbox 1569 2395 1705 2471; x_wconf 83' lang='grc' dir='ltr'>μετὰ</span> <span class='ocrx_word' id='word_1_185' title='bbox 1743 2394 2006 2464; x_wconf 79' lang='grc' dir='ltr'>τελευτὴν</span> 
     </span>
    </p>
   </div>
   <div class='ocr_carea' id='block_1_27' title="bbox 352 2478 2004 2564">
    <p class='ocr_par' dir='ltr' id='par_1_27' title="bbox 352 2478 2004 2564">
     <span class='ocr_line' id='line_1_27' title="bbox 352 2478 2004 2564; baseline -0.004 -19"><span class='ocrx_word' id='word_1_186' title='bbox 352 2482 632 2560; x_wconf 76' lang='grc' dir='ltr'>Ἐριϐοίας</span> <span class='ocrx_word' id='word_1_187' title='bbox 686 2486 929 2564; x_wconf 72' lang='grc' dir='ltr'>ἠγάγετο</span> <span class='ocrx_word' id='word_1_188' title='bbox 988 2488 1092 2556; x_wconf 86' lang='grc' dir='ltr'>τήν</span> <span class='ocrx_word' id='word_1_189' title='bbox 1144 2484 1421 2557; x_wconf 66' lang='grc' dir='ltr'>Ἀλθαίαν,</span> <span class='ocrx_word' id='word_1_190' title='bbox 1486 2483 1539 2556; x_wconf 79' lang='grc' dir='ltr'>ἒξ</span> <span class='ocrx_word' id='word_1_191' title='bbox 1594 2485 1661 2555; x_wconf 77' lang='grc' dir='ltr'>ἧς</span> <span class='ocrx_word' id='word_1_192' title='bbox 1727 2478 1857 2560; x_wconf 80' lang='grc' dir='ltr'>ἔσχε</span> <span class='ocrx_word' id='word_1_193' title='bbox 1912 2486 2004 2540; x_wconf 85' lang='grc' dir='ltr'>τὸν</span> 
     </span>
    </p>
   </div>
   <div class='ocr_carea' id='block_1_28' title="bbox 339 2572 2006 2651">
    <p class='ocr_par' dir='ltr' id='par_1_28' title="bbox 339 2572 2006 2651">
     <span class='ocr_line' id='line_1_28' title="bbox 339 2572 2006 2651; baseline -0.004 -18"><span class='ocrx_word' id='word_1_194' title='bbox 339 2576 660 2651; x_wconf 66' lang='grc' dir='ltr'>Μελέαγρον</span> <span class='ocrx_word' id='word_1_195' title='bbox 714 2576 809 2632; x_wconf 82' lang='grc' dir='ltr'>καὶ</span> <span class='ocrx_word' id='word_1_196' title='bbox 864 2578 968 2647; x_wconf 78' lang='grc' dir='ltr'>τὴν</span> <span class='ocrx_word' id='word_1_197' title='bbox 1022 2576 1369 2650; x_wconf 76' lang='grc' dir='ltr'>Δηϊάνειραν,</span> <span class='ocrx_word' id='word_1_198' title='bbox 1446 2574 1640 2645; x_wconf 83' lang='grc' dir='ltr'>ἥντινα</span> <span class='ocrx_word' id='word_1_199' title='bbox 1721 2572 2006 2649; x_wconf 77' lang='grc' dir='ltr'>ἡρμόσατο</span> 
     </span>
    </p>
   </div>
   <div class='ocr_carea' id='block_1_29' title="bbox 335 2664 2008 2742">
    <p class='ocr_par' dir='ltr' id='par_1_29' title="bbox 335 2664 2008 2742">
     <span class='ocr_line' id='line_1_29' title="bbox 335 2664 2008 2742; baseline -0.005 -16"><span class='ocrx_word' id='word_1_200' title='bbox 335 2666 631 2742; x_wconf 77' lang='grc' dir='ltr'>Ἀχελῷος</span> <span class='ocrx_word' id='word_1_201' title='bbox 660 2668 692 2722; x_wconf 91' lang='lat'>6</span> <span class='ocrx_word' id='word_1_202' title='bbox 723 2668 843 2730; x_wconf 76' lang='grc' dir='ltr'>υίὸς</span> <span class='ocrx_word' id='word_1_203' title='bbox 886 2664 1252 2723; x_wconf 73' lang='grc' dir='ltr'>Ποσειδωνίου</span> <span class='ocrx_word' id='word_1_204' title='bbox 1314 2665 1705 2741; x_wconf 81' lang='grc' dir='ltr'>συγκλητικοῦ.</span> <span class='ocrx_word' id='word_1_205' title='bbox 1761 2666 1824 2723; x_wconf 77' lang='grc'>⁸0</span> <span class='ocrx_word' id='word_1_206' title='bbox 1878 2668 2008 2741; x_wconf 73' lang='grc' dir='ltr'>γοῦν</span> 
     </span>
    </p>
   </div>
   <div class='ocr_carea' id='block_1_30' title="bbox 336 2755 2004 2838">
    <p class='ocr_par' dir='ltr' id='par_1_30' title="bbox 336 2755 2004 2838">
     <span class='ocr_line' id='line_1_30' title="bbox 336 2755 2004 2838; baseline -0.007 -19"><span class='ocrx_word' id='word_1_207' title='bbox 336 2758 643 2835; x_wconf 77' lang='grc' dir='ltr'>Ἀχελῷος</span> <span class='ocrx_word' id='word_1_208' title='bbox 697 2760 808 2834; x_wconf 80' lang='grc' dir='ltr'>πρὸ</span> <span class='ocrx_word' id='word_1_209' title='bbox 862 2761 962 2814; x_wconf 81' lang='grc' dir='ltr'>τοῦ</span> <span class='ocrx_word' id='word_1_210' title='bbox 1016 2758 1197 2834; x_wconf 82' lang='grc' dir='ltr'>γάμου</span> <span class='ocrx_word' id='word_1_211' title='bbox 1256 2755 1467 2838; x_wconf 72' lang='grc' dir='ltr'>ἔφθειρε</span> <span class='ocrx_word' id='word_1_212' title='bbox 1528 2758 1629 2827; x_wconf 76' lang='grc' dir='ltr'>τὴν</span> <span class='ocrx_word' id='word_1_213' title='bbox 1686 2756 2004 2830; x_wconf 75' lang='grc' dir='ltr'>Δηϊάνειραν</span> 
     </span>
    </p>
   </div>
   <div class='ocr_carea' id='block_1_31' title="bbox 351 2844 2009 2924">
    <p class='ocr_par' dir='ltr' id='par_1_31' title="bbox 351 2844 2009 2924">
     <span class='ocr_line' id='line_1_31' title="bbox 351 2844 2009 2924; baseline -0.003 -19"><span class='ocrx_word' id='word_1_214' title='bbox 351 2847 553 2924; x_wconf 76' lang='grc' dir='ltr'>λάθρα,</span> <span class='ocrx_word' id='word_1_215' title='bbox 575 2849 668 2904; x_wconf 83' lang='grc' dir='ltr'>καὶ</span> <span class='ocrx_word' id='word_1_216' title='bbox 703 2848 839 2921; x_wconf 79' lang='grc' dir='ltr'>μετὰ</span> <span class='ocrx_word' id='word_1_217' title='bbox 867 2850 1037 2902; x_wconf 76' lang='grc' dir='ltr'>ταῦτα</span> <span class='ocrx_word' id='word_1_218' title='bbox 1067 2846 1213 2922; x_wconf 72' lang='grc' dir='ltr'>λέγει</span> <span class='ocrx_word' id='word_1_219' title='bbox 1236 2851 1319 2920; x_wconf 76' lang='grc' dir='ltr'>τῷ</span> <span class='ocrx_word' id='word_1_220' title='bbox 1357 2846 1511 2905; x_wconf 83' lang='grc' dir='ltr'>Οἰνεῖ</span> <span class='ocrx_word' id='word_1_221' title='bbox 1558 2844 1796 2922; x_wconf 79' lang='grc' dir='ltr'>βασιλεῖ·</span> <span class='ocrx_word' id='word_1_222' title='bbox 1829 2870 1857 2898; x_wconf 81' lang='grc' dir='ltr'>ιι</span> <span class='ocrx_word' id='word_1_223' title='bbox 1893 2845 2009 2903; x_wconf 77' lang='grc' dir='ltr'>Οὐκ</span> 
     </span>
    </p>
   </div>
   <div class='ocr_carea' id='block_1_32' title="bbox 347 2932 2006 3013">
    <p class='ocr_par' dir='ltr' id='par_1_32' title="bbox 347 2932 2006 3013">
     <span class='ocr_line' id='line_1_32' title="bbox 347 2932 2006 3013; baseline -0.002 -20"><span class='ocrx_word' id='word_1_224' title='bbox 347 2935 546 3003; x_wconf 76' lang='grc' dir='ltr'>ἄλλως</span> <span class='ocrx_word' id='word_1_225' title='bbox 598 2932 1026 3013; x_wconf 84' lang='grc' dir='ltr'>παραλαμϐάνω</span> <span class='ocrx_word' id='word_1_226' title='bbox 1053 2936 1280 3005; x_wconf 88' lang='grc' dir='ltr'>ταύτην,</span> <span class='ocrx_word' id='word_1_227' title='bbox 1334 2935 1385 2992; x_wconf 73' lang='grc' dir='ltr'>εἰ</span> <span class='ocrx_word' id='word_1_228' title='bbox 1446 2937 1522 3009; x_wconf 84' lang='grc' dir='ltr'>μή</span> <span class='ocrx_word' id='word_1_229' title='bbox 1578 2937 2006 3011; x_wconf 76' lang='grc' dir='ltr'>παραχωρήσεις</span> 
     </span>
    </p>
   </div>
   <div class='ocr_carea' id='block_1_33' title="bbox 348 3023 2001 3103">
    <p class='ocr_par' dir='ltr' id='par_1_33' title="bbox 348 3023 2001 3103">
     <span class='ocr_line' id='line_1_33' title="bbox 348 3023 2001 3103; baseline -0.003 -18"><span class='ocrx_word' id='word_1_230' title='bbox 348 3051 447 3103; x_wconf 90' lang='grc' dir='ltr'>μοι</span> <span class='ocrx_word' id='word_1_231' title='bbox 482 3026 712 3084; x_wconf 75' lang='grc' dir='ltr'>διοικεῖν</span> <span class='ocrx_word' id='word_1_232' title='bbox 741 3029 843 3097; x_wconf 79' lang='grc' dir='ltr'>τήν</span> <span class='ocrx_word' id='word_1_233' title='bbox 902 3024 1182 3102; x_wconf 87' lang='grc' dir='ltr'>βασιλείαν</span> <span class='ocrx_word' id='word_1_234' title='bbox 1215 3046 1331 3083; x_wconf 90' lang='grc' dir='ltr'>σου.</span> <span class='ocrx_word' id='word_1_235' title='bbox 1365 3048 1394 3078; x_wconf 86' lang='lat'>»</span> <span class='ocrx_word' id='word_1_236' title='bbox 1429 3026 1486 3081; x_wconf 83' lang='lat'>’0</span> <span class='ocrx_word' id='word_1_237' title='bbox 1543 3023 1603 3081; x_wconf 79' lang='grc' dir='ltr'>δὶ</span> <span class='ocrx_word' id='word_1_238' title='bbox 1632 3025 1732 3081; x_wconf 80' lang='grc' dir='ltr'>οὐκ</span> <span class='ocrx_word' id='word_1_239' title='bbox 1760 3025 2001 3095; x_wconf 79' lang='grc' dir='ltr'>ἐπείσθη.</span> 
     </span>
    </p>
   </div>
   <div class='ocr_carea' id='block_1_34' title="bbox 332 3112 2004 3192">
    <p class='ocr_par' dir='ltr' id='par_1_34' title="bbox 332 3112 2004 3192">
     <span class='ocr_line' id='line_1_34' title="bbox 332 3112 2004 3192; baseline -0.001 -21"><span class='ocrx_word' id='word_1_240' title='bbox 332 3120 443 3176; x_wconf 79' lang='grc' dir='ltr'>Καὶ</span> <span class='ocrx_word' id='word_1_241' title='bbox 475 3117 678 3173; x_wconf 85' lang='grc' dir='ltr'>λοιπὸν</span> <span class='ocrx_word' id='word_1_242' title='bbox 708 3116 801 3171; x_wconf 73' lang='grc' dir='ltr'>σὺν</span> <span class='ocrx_word' id='word_1_243' title='bbox 831 3120 914 3188; x_wconf 81' lang='grc' dir='ltr'>τῷ</span> <span class='ocrx_word' id='word_1_244' title='bbox 945 3112 1070 3189; x_wconf 84' lang='grc' dir='ltr'>ἰδίῳ</span> <span class='ocrx_word' id='word_1_245' title='bbox 1112 3115 1279 3192; x_wconf 85' lang='grc' dir='ltr'>πατρὶ</span> <span class='ocrx_word' id='word_1_246' title='bbox 1330 3115 1562 3189; x_wconf 83' lang='grc' dir='ltr'>ἀντῆρεν</span> <span class='ocrx_word' id='word_1_247' title='bbox 1591 3115 1620 3170; x_wconf 89' lang='lat'>6</span> <span class='ocrx_word' id='word_1_248' title='bbox 1653 3114 1946 3190; x_wconf 79' lang='grc' dir='ltr'>Ἀχελῷος</span> <span class='ocrx_word' id='word_1_249' title='bbox 1976 3116 2004 3170; x_wconf 97' lang='lat'>6</span> 
     </span>
    </p>
   </div>
   <div class='ocr_carea' id='block_1_35' title="bbox 328 3200 1995 3277">
    <p class='ocr_par' dir='ltr' id='par_1_35' title="bbox 328 3200 1995 3277">
     <span class='ocr_line' id='line_1_35' title="bbox 328 3200 1995 3277; baseline 0.001 -15"><span class='ocrx_word' id='word_1_250' title='bbox 328 3208 451 3268; x_wconf 67' lang='grc' dir='ltr'>υἰίρς</span> <span class='ocrx_word' id='word_1_251' title='bbox 491 3203 866 3263; x_wconf 76' lang='grc' dir='ltr'>Ποσειδωνίου</span> <span class='ocrx_word' id='word_1_252' title='bbox 919 3208 1001 3277; x_wconf 80' lang='grc' dir='ltr'>τῷ</span> <span class='ocrx_word' id='word_1_253' title='bbox 1055 3205 1213 3262; x_wconf 81' lang='grc' dir='ltr'>Οἰνεῖ</span> <span class='ocrx_word' id='word_1_254' title='bbox 1265 3204 1355 3259; x_wconf 83' lang='grc' dir='ltr'>καὶ</span> <span class='ocrx_word' id='word_1_255' title='bbox 1422 3200 1764 3277; x_wconf 73' lang='grc' dir='ltr'>ἐπολέμησεν</span> <span class='ocrx_word' id='word_1_256' title='bbox 1824 3205 1995 3277; x_wconf 80' lang='grc' dir='ltr'>αύτῷ.</span> 
     </span>
    </p>
   </div>
   <div class='ocr_carea' id='block_1_36' title="bbox 332 3291 1996 3371">
    <p class='ocr_par' dir='ltr' id='par_1_36' title="bbox 332 3291 1996 3371">
     <span class='ocr_line' id='line_1_36' title="bbox 332 3291 1996 3371; baseline -0.003 -19"><span class='ocrx_word' id='word_1_257' title='bbox 332 3298 437 3352; x_wconf 72' lang='grc' dir='ltr'>Καὶ</span> <span class='ocrx_word' id='word_1_258' title='bbox 470 3294 825 3371; x_wconf 80' lang='grc' dir='ltr'>ἀναγκασθεὶς</span> <span class='ocrx_word' id='word_1_259' title='bbox 856 3295 886 3349; x_wconf 97' lang='lat'>6</span> <span class='ocrx_word' id='word_1_260' title='bbox 916 3292 1109 3356; x_wconf 73' lang='grc' dir='ltr'>Οἰνεὺς</span> <span class='ocrx_word' id='word_1_261' title='bbox 1160 3294 1535 3369; x_wconf 68' lang='grc' dir='ltr'>προετρέψατο</span> <span class='ocrx_word' id='word_1_262' title='bbox 1591 3291 1651 3349; x_wconf 81' lang='grc' dir='ltr'>ἐκ</span> <span class='ocrx_word' id='word_1_263' title='bbox 1690 3300 1793 3364; x_wconf 85' lang='grc' dir='ltr'>τῆς</span> <span class='ocrx_word' id='word_1_264' title='bbox 1825 3293 1996 3356; x_wconf 82' lang='grc' dir='ltr'>Φθίας</span> 
     </span>
    </p>
   </div>
   <div class='ocr_carea' id='block_1_37' title="bbox 334 3383 1999 3467">
    <p class='ocr_par' dir='ltr' id='par_1_37' title="bbox 334 3383 1999 3467">
     <span class='ocr_line' id='line_1_37' title="bbox 334 3383 1999 3467; baseline -0.002 -25"><span class='ocrx_word' id='word_1_265' title='bbox 334 3387 537 3467; x_wconf 82' lang='grc' dir='ltr'>χώρας</span> <span class='ocrx_word' id='word_1_266' title='bbox 565 3384 870 3461; x_wconf 83' lang='grc' dir='ltr'>στρατηγὸν</span> <span class='ocrx_word' id='word_1_267' title='bbox 912 3389 1156 3461; x_wconf 86' lang='grc' dir='ltr'>γενναῖον</span> <span class='ocrx_word' id='word_1_268' title='bbox 1214 3383 1491 3460; x_wconf 68' lang='grc' dir='ltr'>Ἡρακλέα</span> <span class='ocrx_word' id='word_1_269' title='bbox 1543 3384 1638 3440; x_wconf 87' lang='grc' dir='ltr'>τὸν</span> <span class='ocrx_word' id='word_1_270' title='bbox 1698 3383 1999 3459; x_wconf 81' lang='grc' dir='ltr'>λεγόμενον</span> 
     </span>
    </p>
   </div>
   <div class='ocr_carea' id='block_1_38' title="bbox 333 3470 2004 3552">
    <p class='ocr_par' dir='ltr' id='par_1_38' title="bbox 333 3470 2004 3552">
     <span class='ocr_line' id='line_1_38' title="bbox 333 3470 2004 3552; baseline -0.002 -20"><span class='ocrx_word' id='word_1_271' title='bbox 333 3475 714 3552; x_wconf 74' lang='grc' dir='ltr'>Πολύφημον,</span> <span class='ocrx_word' id='word_1_272' title='bbox 748 3474 1140 3547; x_wconf 70' lang='grc' dir='ltr'>συνταξάμενος</span> <span class='ocrx_word' id='word_1_273' title='bbox 1172 3470 1361 3529; x_wconf 79' lang='grc' dir='ltr'>δοῦναι</span> <span class='ocrx_word' id='word_1_274' title='bbox 1412 3473 1565 3545; x_wconf 82' lang='grc' dir='ltr'>αὖτῷ</span> <span class='ocrx_word' id='word_1_275' title='bbox 1593 3474 1694 3543; x_wconf 82' lang='grc' dir='ltr'>τήν</span> <span class='ocrx_word' id='word_1_276' title='bbox 1735 3474 2004 3548; x_wconf 70' lang='grc' dir='ltr'>θυγατέρα</span> 
     </span>
    </p>
   </div>
   <div class='ocr_carea' id='block_1_39' title="bbox 334 3561 2002 3639">
    <p class='ocr_par' dir='ltr' id='par_1_39' title="bbox 334 3561 2002 3639">
     <span class='ocr_line' id='line_1_39' title="bbox 334 3561 2002 3639; baseline -0.002 -18"><span class='ocrx_word' id='word_1_277' title='bbox 334 3563 512 3622; x_wconf 76' lang='grc' dir='ltr'>αὖτοῦ</span> <span class='ocrx_word' id='word_1_278' title='bbox 552 3562 893 3639; x_wconf 64' lang='grc' dir='ltr'>Δηιάνειραν·</span> <span class='ocrx_word' id='word_1_279' title='bbox 945 3563 1004 3624; x_wconf 83' lang='grc' dir='ltr'>’ὸς</span> <span class='ocrx_word' id='word_1_280' title='bbox 1061 3561 1235 3618; x_wconf 73' lang='grc' dir='ltr'>ἐλθὼν</span> <span class='ocrx_word' id='word_1_281' title='bbox 1266 3563 1402 3636; x_wconf 80' lang='grc' dir='ltr'>μετὰ</span> <span class='ocrx_word' id='word_1_282' title='bbox 1456 3568 1558 3633; x_wconf 81' lang='grc' dir='ltr'>τῆς</span> <span class='ocrx_word' id='word_1_283' title='bbox 1615 3564 1782 3618; x_wconf 77' lang='grc' dir='ltr'>αὑτοῦ</span> <span class='ocrx_word' id='word_1_284' title='bbox 1834 3582 2002 3638; x_wconf 88' lang='grc' dir='ltr'>στρα-</span> 
     </span>
    </p>
   </div>
   <div class='ocr_carea' id='block_1_40' title="bbox 341 3648 2007 3727">
    <p class='ocr_par' dir='ltr' id='par_1_40' title="bbox 341 3648 2007 3727">
     <span class='ocr_line' id='line_1_40' title="bbox 341 3648 2007 3727; baseline -0.002 -17"><span class='ocrx_word' id='word_1_285' title='bbox 341 3662 468 3718; x_wconf 75' lang='grc' dir='ltr'>τιᾶς</span> <span class='ocrx_word' id='word_1_286' title='bbox 518 3648 784 3710; x_wconf 75' lang='grc' dir='ltr'>συνέϐαλε</span> <span class='ocrx_word' id='word_1_287' title='bbox 835 3651 1084 3727; x_wconf 76' lang='grc' dir='ltr'>πόλεμον</span> <span class='ocrx_word' id='word_1_288' title='bbox 1158 3652 1294 3727; x_wconf 76' lang='grc' dir='ltr'>μετὰ</span> <span class='ocrx_word' id='word_1_289' title='bbox 1341 3649 1707 3708; x_wconf 72' lang='grc' dir='ltr'>Ποσειδωνίου</span> <span class='ocrx_word' id='word_1_290' title='bbox 1766 3653 1853 3708; x_wconf 86' lang='grc' dir='ltr'>καὶ</span> <span class='ocrx_word' id='word_1_291' title='bbox 1909 3656 2007 3708; x_wconf 76' lang='grc' dir='ltr'>τοῦ</span> 
     </span>
    </p>
   </div>
   <div class='ocr_carea' id='block_1_41' title="bbox 340 3737 2008 3821">
    <p class='ocr_par' dir='ltr' id='par_1_41' title="bbox 340 3737 2008 3821">
     <span class='ocr_line' id='line_1_41' title="bbox 340 3737 2008 3821; baseline -0.001 -22"><span class='ocrx_word' id='word_1_292' title='bbox 340 3744 468 3799; x_wconf 74' lang='grc' dir='ltr'>υἱοῦ</span> <span class='ocrx_word' id='word_1_293' title='bbox 496 3744 667 3799; x_wconf 70' lang='grc' dir='ltr'>αὐτοῦ</span> <span class='ocrx_word' id='word_1_294' title='bbox 697 3741 1013 3821; x_wconf 81' lang='grc' dir='ltr'>Ἀχελῴου,</span> <span class='ocrx_word' id='word_1_295' title='bbox 1055 3742 1147 3797; x_wconf 72' lang='grc' dir='ltr'>καὶ</span> <span class='ocrx_word' id='word_1_296' title='bbox 1204 3742 1282 3804; x_wconf 87' lang='grc' dir='ltr'>εἰς</span> <span class='ocrx_word' id='word_1_297' title='bbox 1317 3742 1419 3810; x_wconf 81' lang='grc' dir='ltr'>τὴν</span> <span class='ocrx_word' id='word_1_298' title='bbox 1480 3737 1773 3815; x_wconf 73' lang='grc' dir='ltr'>συμϐολὴν</span> <span class='ocrx_word' id='word_1_299' title='bbox 1825 3741 2008 3798; x_wconf 78' lang='grc' dir='ltr'>ἀνεῖλε</span> 
     </span>
    </p>
   </div>
   <div class='ocr_carea' id='block_1_42' title="bbox 338 3829 2007 3913">
    <p class='ocr_par' dir='ltr' id='par_1_42' title="bbox 338 3829 2007 3913">
     <span class='ocr_line' id='line_1_42' title="bbox 338 3829 2007 3913; baseline -0.001 -23"><span class='ocrx_word' id='word_1_300' title='bbox 338 3835 487 3913; x_wconf 73' lang='grc' dir='ltr'>ξίφει</span> <span class='ocrx_word' id='word_1_301' title='bbox 520 3834 550 3889; x_wconf 93' lang='lat'>6</span> <span class='ocrx_word' id='word_1_302' title='bbox 580 3832 927 3911; x_wconf 77' lang='grc' dir='ltr'>Πολύφημος</span> <span class='ocrx_word' id='word_1_303' title='bbox 958 3829 1323 3887; x_wconf 82' lang='grc' dir='ltr'>Ποσειδώνιον</span> <span class='ocrx_word' id='word_1_304' title='bbox 1379 3834 1466 3906; x_wconf 90' lang='grc' dir='ltr'>[Ρ.</span> <span class='ocrx_word' id='word_1_305' title='bbox 1532 3834 1656 3905; x_wconf 68' lang='lat' dir='ltr'><strong>Mi]</strong></span> <span class='ocrx_word' id='word_1_306' title='bbox 1710 3834 1801 3888; x_wconf 89' lang='grc' dir='ltr'>τὸν</span> <span class='ocrx_word' id='word_1_307' title='bbox 1843 3833 2007 3908; x_wconf 79' lang='grc' dir='ltr'>’Δχε-</span> 
     </span>
    </p>
   </div>
   <div class='ocr_carea' id='block_1_43' title="bbox 342 3921 2008 3997">
    <p class='ocr_par' dir='ltr' id='par_1_43' title="bbox 342 3921 2008 3997">
     <span class='ocr_line' id='line_1_43' title="bbox 342 3921 2008 3997; baseline -0.001 -18"><span class='ocrx_word' id='word_1_308' title='bbox 342 3923 502 3996; x_wconf 68' lang='grc' dir='ltr'>λῴου</span> <span class='ocrx_word' id='word_1_309' title='bbox 532 3923 759 3997; x_wconf 72' lang='grc' dir='ltr'>πατέρα.</span> <span class='ocrx_word' id='word_1_310' title='bbox 798 3922 896 3977; x_wconf 82' lang='grc' dir='ltr'>Διὰ</span> <span class='ocrx_word' id='word_1_311' title='bbox 923 3926 1089 3978; x_wconf 77' lang='grc' dir='ltr'>τοῦτο</span> <span class='ocrx_word' id='word_1_312' title='bbox 1128 3921 1367 3995; x_wconf 68' lang='grc' dir='ltr'>ἐξέθεντο</span> <span class='ocrx_word' id='word_1_313' title='bbox 1425 3922 1482 3976; x_wconf 78' lang='grc' dir='ltr'>οἱ</span> <span class='ocrx_word' id='word_1_314' title='bbox 1533 3922 1765 3993; x_wconf 82' lang='grc' dir='ltr'>ποιηταὶ</span> <span class='ocrx_word' id='word_1_315' title='bbox 1804 3921 1890 3977; x_wconf 81' lang='grc' dir='ltr'>δτι</span> <span class='ocrx_word' id='word_1_316' title='bbox 1944 3925 2008 3978; x_wconf 84' lang='grc' dir='ltr'>τὸ</span> 
     </span>
    </p>
   </div>
   <div class='ocr_carea' id='block_1_44' title="bbox 345 4010 2006 4090">
    <p class='ocr_par' dir='ltr' id='par_1_44' title="bbox 345 4010 2006 4090">
     <span class='ocr_line' id='line_1_44' title="bbox 345 4010 2006 4090; baseline -0.001 -22"><span class='ocrx_word' id='word_1_317' title='bbox 345 4014 514 4088; x_wconf 76' lang='grc' dir='ltr'>κέρας</span> <span class='ocrx_word' id='word_1_318' title='bbox 564 4016 663 4068; x_wconf 75' lang='grc' dir='ltr'>τοό</span> <span class='ocrx_word' id='word_1_319' title='bbox 721 4010 1014 4090; x_wconf 81' lang='grc' dir='ltr'>’Δχελῴου</span> <span class='ocrx_word' id='word_1_320' title='bbox 1072 4010 1375 4067; x_wconf 69' lang='grc' dir='ltr'>ἀπέσπασεν</span> <span class='ocrx_word' id='word_1_321' title='bbox 1427 4012 1456 4066; x_wconf 88' lang='lat'>6</span> <span class='ocrx_word' id='word_1_322' title='bbox 1512 4010 1814 4085; x_wconf 77' lang='grc' dir='ltr'>Ἡρακλῆς,</span> <span class='ocrx_word' id='word_1_323' title='bbox 1872 4011 2006 4087; x_wconf 81' lang='grc' dir='ltr'>ὅπερ</span> 
     </span>
    </p>
   </div>
   <div class='ocr_carea' id='block_1_45' title="bbox 346 4099 2009 4176">
    <p class='ocr_par' dir='ltr' id='par_1_45' title="bbox 346 4099 2009 4176">
     <span class='ocr_line' id='line_1_45' title="bbox 346 4099 2009 4176; baseline -0.001 -19"><span class='ocrx_word' id='word_1_324' title='bbox 346 4102 463 4158; x_wconf 73' lang='grc' dir='ltr'>ἐστί</span> <span class='ocrx_word' id='word_1_325' title='bbox 521 4102 626 4169; x_wconf 69' lang='grc' dir='ltr'>τήν</span> <span class='ocrx_word' id='word_1_326' title='bbox 682 4102 953 4175; x_wconf 77' lang='grc' dir='ltr'>πατρικὴν</span> <span class='ocrx_word' id='word_1_327' title='bbox 1008 4100 1174 4156; x_wconf 79' lang='grc' dir='ltr'>αὐτοῦ</span> <span class='ocrx_word' id='word_1_328' title='bbox 1234 4099 1485 4175; x_wconf 87' lang='grc' dir='ltr'>δύναμιν.</span> <span class='ocrx_word' id='word_1_329' title='bbox 1564 4102 1856 4176; x_wconf 84' lang='grc' dir='ltr'>Ἑωρακὼς</span> <span class='ocrx_word' id='word_1_330' title='bbox 1914 4100 2009 4157; x_wconf 76' lang='grc' dir='ltr'>οὗν</span> 
     </span>
    </p>
   </div>
   <div class='ocr_carea' id='block_1_46' title="bbox 345 4183 2008 4268">
    <p class='ocr_par' dir='ltr' id='par_1_46' title="bbox 345 4183 2008 4268">
     <span class='ocr_line' id='line_1_46' title="bbox 345 4183 2008 4268; baseline 0.001 -26"><span class='ocrx_word' id='word_1_331' title='bbox 345 4193 453 4260; x_wconf 76' lang='grc' dir='ltr'>τὴν</span> <span class='ocrx_word' id='word_1_332' title='bbox 486 4193 695 4245; x_wconf 78' lang='grc' dir='ltr'>πτῶσιν</span> <span class='ocrx_word' id='word_1_333' title='bbox 718 4193 818 4244; x_wconf 75' lang='grc' dir='ltr'>τοῦ</span> <span class='ocrx_word' id='word_1_334' title='bbox 849 4185 991 4245; x_wconf 83' lang='grc' dir='ltr'>ἰδίου</span> <span class='ocrx_word' id='word_1_335' title='bbox 1020 4190 1224 4264; x_wconf 85' lang='grc' dir='ltr'>πατρὸς</span> <span class='ocrx_word' id='word_1_336' title='bbox 1256 4190 1285 4244; x_wconf 89' lang='lat'>6</span> <span class='ocrx_word' id='word_1_337' title='bbox 1329 4187 1616 4263; x_wconf 74' lang='grc' dir='ltr'>Ἀχελῷος</span> <span class='ocrx_word' id='word_1_338' title='bbox 1674 4188 1856 4268; x_wconf 70' lang='grc' dir='ltr'>φεύγει</span> <span class='ocrx_word' id='word_1_339' title='bbox 1913 4183 2008 4267; x_wconf 73' lang='grc' dir='ltr'>ἔφ-</span> 
     </span>
    </p>
   </div>
   <div class='ocr_carea' id='block_1_47' title="bbox 349 4274 2009 4355">
    <p class='ocr_par' dir='ltr' id='par_1_47' title="bbox 349 4274 2009 4355">
     <span class='ocr_line' id='line_1_47' title="bbox 349 4274 2009 4355; baseline 0.003 -22"><span class='ocrx_word' id='word_1_340' title='bbox 349 4298 541 4343; x_wconf 75' lang='grc' dir='ltr'>ιπποςο</span> <span class='ocrx_word' id='word_1_341' title='bbox 614 4274 701 4333; x_wconf 76' lang='grc' dir='ltr'>διὰ</span> <span class='ocrx_word' id='word_1_342' title='bbox 778 4276 870 4332; x_wconf 79' lang='grc' dir='ltr'>καὶ</span> <span class='ocrx_word' id='word_1_343' title='bbox 950 4276 1250 4355; x_wconf 75' lang='grc' dir='ltr'>γράφουσιν</span> <span class='ocrx_word' id='word_1_344' title='bbox 1332 4277 1494 4333; x_wconf 82' lang='grc' dir='ltr'>αὐτὸν</span> <span class='ocrx_word' id='word_1_345' title='bbox 1554 4277 2009 4353; x_wconf 72' lang='grc' dir='ltr'>ἱπποκένταυρον.</span> 
     </span>
    </p>
   </div>
   <div class='ocr_carea' id='block_1_48' title="bbox 341 4364 2012 4445">
    <p class='ocr_par' dir='ltr' id='par_1_48' title="bbox 341 4364 2012 4445">
     <span class='ocr_line' id='line_1_48' title="bbox 341 4364 2012 4445; baseline 0.001 -21"><span class='ocrx_word' id='word_1_346' title='bbox 341 4365 455 4424; x_wconf 71' lang='grc' dir='ltr'>Καί</span> <span class='ocrx_word' id='word_1_347' title='bbox 487 4366 543 4421; x_wconf 73' lang='grc' dir='ltr'>ἑν</span> <span class='ocrx_word' id='word_1_348' title='bbox 573 4370 655 4439; x_wconf 79' lang='grc' dir='ltr'>τῷ</span> <span class='ocrx_word' id='word_1_349' title='bbox 682 4364 1042 4422; x_wconf 76' lang='grc' dir='ltr'>καταδιώκειν</span> <span class='ocrx_word' id='word_1_350' title='bbox 1098 4367 1263 4423; x_wconf 80' lang='grc' dir='ltr'>αὐτὸν</span> <span class='ocrx_word' id='word_1_351' title='bbox 1318 4367 1411 4422; x_wconf 88' lang='grc' dir='ltr'>τὸν</span> <span class='ocrx_word' id='word_1_352' title='bbox 1465 4365 1812 4445; x_wconf 78' lang='grc' dir='ltr'>Πολύφημον</span> <span class='ocrx_word' id='word_1_353' title='bbox 1844 4369 2012 4445; x_wconf 81' lang='grc' dir='ltr'>Ἡρα-</span> 
     </span>
    </p>
   </div>
   <div class='ocr_carea' id='block_1_49' title="bbox 2114 610 3775 684">
    <p class='ocr_par' dir='ltr' id='par_1_49' title="bbox 2114 610 3775 684">
     <span class='ocr_line' id='line_1_49' title="bbox 2114 610 3775 684; baseline 0.004 -20"><span class='ocrx_word' id='word_1_354' title='bbox 2114 610 2211 666; x_wconf 87' lang='lat' dir='ltr'>nis</span> <span class='ocrx_word' id='word_1_355' title='bbox 2242 610 2397 667; x_wconf 72' lang='lat'><strong>240</strong></span> <span class='ocrx_word' id='word_1_356' title='bbox 2427 610 2762 681; x_wconf 84' lang='lat' dir='ltr'><strong>interjacet.</strong></span> <span class='ocrx_word' id='word_1_357' title='bbox 2821 610 3224 682; x_wconf 88' lang='lat' dir='ltr'><strong>Amplissimis</strong></span> <span class='ocrx_word' id='word_1_358' title='bbox 3284 616 3483 667; x_wconf 89' lang='lat' dir='ltr'><strong>autem</strong></span> <span class='ocrx_word' id='word_1_359' title='bbox 3526 613 3775 684; x_wconf 82' lang='lat' dir='ltr'><strong>praedita</strong></span> 
     </span>
    </p>
   </div>
   <div class='ocr_carea' id='block_1_50' title="bbox 2116 699 3773 773">
    <p class='ocr_par' dir='ltr' id='par_1_50' title="bbox 2116 699 3773 773">
     <span class='ocr_line' id='line_1_50' title="bbox 2116 699 3773 773; baseline 0.002 -19"><span class='ocrx_word' id='word_1_360' title='bbox 2116 699 2331 772; x_wconf 91' lang='lat' dir='ltr'><strong>opibus</strong></span> <span class='ocrx_word' id='word_1_361' title='bbox 2361 700 2643 755; x_wconf 89' lang='lat' dir='ltr'><strong>maritum</strong></span> <span class='ocrx_word' id='word_1_362' title='bbox 2676 699 2937 755; x_wconf 82' lang='lat' dir='ltr'>habebat</span> <span class='ocrx_word' id='word_1_363' title='bbox 2965 700 3297 768; x_wconf 70' lang='lat' dir='ltr'><strong>Sichaaum;</strong></span> <span class='ocrx_word' id='word_1_364' title='bbox 3333 702 3506 773; x_wconf 82' lang='lat' dir='ltr'>cujus</span> <span class='ocrx_word' id='word_1_365' title='bbox 3555 701 3773 759; x_wconf 75' lang='lat' dir='ltr'>divitiis</span> 
     </span>
    </p>
   </div>
   <div class='ocr_carea' id='block_1_51' title="bbox 2115 788 3775 862">
    <p class='ocr_par' dir='ltr' id='par_1_51' title="bbox 2115 788 3775 862">
     <span class='ocr_line' id='line_1_51' title="bbox 2115 788 3775 862; baseline 0.002 -18"><span class='ocrx_word' id='word_1_366' title='bbox 2115 794 2291 859; x_wconf 88' lang='lat' dir='ltr'><strong>atque</strong></span> <span class='ocrx_word' id='word_1_367' title='bbox 2325 788 2605 860; x_wconf 70' lang='lat' dir='ltr'><strong>potentias</strong></span> <span class='ocrx_word' id='word_1_368' title='bbox 2636 788 2906 845; x_wconf 88' lang='lat' dir='ltr'><strong>invidens</strong></span> <span class='ocrx_word' id='word_1_369' title='bbox 2936 788 3289 862; x_wconf 80' lang='lat' dir='ltr'>Pygmalion</span> <span class='ocrx_word' id='word_1_370' title='bbox 3320 790 3563 846; x_wconf 83' lang='lat' dir='ltr'>Didonis</span> <span class='ocrx_word' id='word_1_371' title='bbox 3591 791 3775 848; x_wconf 80' lang='lat' dir='ltr'>frater</span> 
     </span>
    </p>
   </div>
   <div class='ocr_carea' id='block_1_52' title="bbox 2118 877 3774 952">
    <p class='ocr_par' dir='ltr' id='par_1_52' title="bbox 2118 877 3774 952">
     <span class='ocr_line' id='line_1_52' title="bbox 2118 877 3774 952; baseline 0.003 -20"><span class='ocrx_word' id='word_1_372' title='bbox 2118 892 2254 933; x_wconf 89' lang='lat' dir='ltr'>eum</span> <span class='ocrx_word' id='word_1_373' title='bbox 2287 878 2349 933; x_wconf 91' lang='lat' dir='ltr'>in</span> <span class='ocrx_word' id='word_1_374' title='bbox 2377 878 2712 944; x_wconf 81' lang='lat' dir='ltr'>venatione,</span> <span class='ocrx_word' id='word_1_375' title='bbox 2743 894 2880 933; x_wconf 92' lang='lat' dir='ltr'>cum</span> <span class='ocrx_word' id='word_1_376' title='bbox 2908 877 3138 950; x_wconf 80' lang='lat' dir='ltr'>equites</span> <span class='ocrx_word' id='word_1_377' title='bbox 3164 895 3296 934; x_wconf 91' lang='lat' dir='ltr'>una</span> <span class='ocrx_word' id='word_1_378' title='bbox 3328 896 3538 951; x_wconf 92' lang='lat' dir='ltr'><strong>aprum</strong></span> <span class='ocrx_word' id='word_1_379' title='bbox 3569 897 3774 952; x_wconf 85' lang='lat' dir='ltr'><strong>perse—</strong></span> 
     </span>
    </p>
   </div>
   <div class='ocr_carea' id='block_1_53' title="bbox 2118 968 3771 1042">
    <p class='ocr_par' dir='ltr' id='par_1_53' title="bbox 2118 968 3771 1042">
     <span class='ocr_line' id='line_1_53' title="bbox 2118 968 3771 1042; baseline 0.001 -18"><span class='ocrx_word' id='word_1_380' title='bbox 2118 972 2466 1040; x_wconf 84' lang='lat' dir='ltr'>querentur,</span> <span class='ocrx_word' id='word_1_381' title='bbox 2510 970 2682 1025; x_wconf 87' lang='lat' dir='ltr'><strong>hasta</strong></span> <span class='ocrx_word' id='word_1_382' title='bbox 2736 968 2797 1024; x_wconf 90' lang='lat' dir='ltr'>in</span> <span class='ocrx_word' id='word_1_383' title='bbox 2827 973 3059 1042; x_wconf 82' lang='lat' dir='ltr'>tergum</span> <span class='ocrx_word' id='word_1_384' title='bbox 3122 969 3395 1040; x_wconf 89' lang='lat' dir='ltr'><strong>conjecta</strong></span> <span class='ocrx_word' id='word_1_385' title='bbox 3452 969 3771 1039; x_wconf 82' lang='lat' dir='ltr'>interfecit,</span> 
     </span>
    </p>
   </div>
   <div class='ocr_carea' id='block_1_54' title="bbox 2116 1057 3771 1130">
    <p class='ocr_par' dir='ltr' id='par_1_54' title="bbox 2116 1057 3771 1130">
     <span class='ocr_line' id='line_1_54' title="bbox 2116 1057 3771 1130; baseline 0.002 -18"><span class='ocrx_word' id='word_1_386' title='bbox 2116 1074 2448 1129; x_wconf 88' lang='lat' dir='ltr'><strong>corpusque</strong></span> <span class='ocrx_word' id='word_1_387' title='bbox 2479 1057 2553 1113; x_wconf 88' lang='lat' dir='ltr'>de</span> <span class='ocrx_word' id='word_1_388' title='bbox 2582 1057 2912 1130; x_wconf 61' lang='lat' dir='ltr'><strong>praecipitio</strong></span> <span class='ocrx_word' id='word_1_389' title='bbox 2936 1057 3282 1125; x_wconf 90' lang='lat' dir='ltr'><strong>deturbans,</strong></span> <span class='ocrx_word' id='word_1_390' title='bbox 3302 1058 3547 1115; x_wconf 91' lang='lat' dir='ltr'><strong>domum</strong></span> <span class='ocrx_word' id='word_1_391' title='bbox 3577 1076 3771 1116; x_wconf 86' lang='lat' dir='ltr'><strong>rever-</strong></span> 
     </span>
    </p>
   </div>
   <div class='ocr_carea' id='block_1_55' title="bbox 2117 1146 3772 1221">
    <p class='ocr_par' dir='ltr' id='par_1_55' title="bbox 2117 1146 3772 1221">
     <span class='ocr_line' id='line_1_55' title="bbox 2117 1146 3772 1221; baseline 0.002 -20"><span class='ocrx_word' id='word_1_392' title='bbox 2117 1163 2217 1201; x_wconf 91' lang='lat' dir='ltr'>sus</span> <span class='ocrx_word' id='word_1_393' title='bbox 2248 1147 2599 1203; x_wconf 80' lang='lat' dir='ltr'>necessariis</span> <span class='ocrx_word' id='word_1_394' title='bbox 2657 1146 2787 1219; x_wconf 91' lang='lat' dir='ltr'><strong>ejus</strong></span> <span class='ocrx_word' id='word_1_395' title='bbox 2816 1147 3022 1202; x_wconf 90' lang='lat' dir='ltr'><strong>retulit</strong></span> <span class='ocrx_word' id='word_1_396' title='bbox 3051 1163 3209 1215; x_wconf 90' lang='lat' dir='ltr'><strong>eum,</strong></span> <span class='ocrx_word' id='word_1_397' title='bbox 3265 1147 3406 1204; x_wconf 90' lang='lat' dir='ltr'>dum</span> <span class='ocrx_word' id='word_1_398' title='bbox 3438 1165 3648 1221; x_wconf 90' lang='lat' dir='ltr'><strong>aprum</strong></span> <span class='ocrx_word' id='word_1_399' title='bbox 3680 1151 3772 1206; x_wconf 91' lang='lat' dir='ltr'>in-</span> 
     </span>
    </p>
   </div>
   <div class='ocr_carea' id='block_1_56' title="bbox 2117 1236 3771 1309">
    <p class='ocr_par' dir='ltr' id='par_1_56' title="bbox 2117 1236 3771 1309">
     <span class='ocr_line' id='line_1_56' title="bbox 2117 1236 3771 1309; baseline 0.003 -19"><span class='ocrx_word' id='word_1_400' title='bbox 2117 1236 2406 1306; x_wconf 87' lang='lat' dir='ltr'><strong>sequitur,</strong></span> <span class='ocrx_word' id='word_1_401' title='bbox 2440 1236 2807 1308; x_wconf 72' lang='lat' dir='ltr'><strong>prmcipitem</strong></span> <span class='ocrx_word' id='word_1_402' title='bbox 2832 1241 3031 1292; x_wconf 89' lang='lat' dir='ltr'><strong>actum</strong></span> <span class='ocrx_word' id='word_1_403' title='bbox 3062 1237 3335 1309; x_wconf 88' lang='lat' dir='ltr'><strong>periisse.</strong></span> <span class='ocrx_word' id='word_1_404' title='bbox 3368 1238 3522 1303; x_wconf 90' lang='lat' dir='ltr'><strong>Quin</strong></span> <span class='ocrx_word' id='word_1_405' title='bbox 3574 1244 3635 1295; x_wconf 91' lang='lat' dir='ltr'>et</span> <span class='ocrx_word' id='word_1_406' title='bbox 3672 1256 3771 1295; x_wconf 85' lang='lat' dir='ltr'><strong>so-</strong></span> 
     </span>
    </p>
   </div>
   <div class='ocr_carea' id='block_1_57' title="bbox 2115 1323 3770 1397">
    <p class='ocr_par' dir='ltr' id='par_1_57' title="bbox 2115 1323 3770 1397">
     <span class='ocr_line' id='line_1_57' title="bbox 2115 1323 3770 1397; baseline 0.004 -20"><span class='ocrx_word' id='word_1_407' title='bbox 2115 1323 2267 1378; x_wconf 90' lang='lat' dir='ltr'><strong>roris</strong></span> <span class='ocrx_word' id='word_1_408' title='bbox 2298 1340 2419 1379; x_wconf 66' lang='lat' dir='ltr'><strong>suaa</strong></span> <span class='ocrx_word' id='word_1_409' title='bbox 2450 1323 2581 1378; x_wconf 63' lang='lat' dir='ltr'><strong>vitae</strong></span> <span class='ocrx_word' id='word_1_410' title='bbox 2628 1324 2978 1397; x_wconf 81' lang='lat' dir='ltr'>Pygmalion</span> <span class='ocrx_word' id='word_1_411' title='bbox 3035 1323 3413 1397; x_wconf 84' lang='lat' dir='ltr'><strong>fortunisque</strong></span> <span class='ocrx_word' id='word_1_412' title='bbox 3444 1326 3770 1384; x_wconf 88' lang='lat' dir='ltr'><strong>insidiaba-</strong></span> 
     </span>
    </p>
   </div>
   <div class='ocr_carea' id='block_1_58' title="bbox 2115 1412 3770 1486">
    <p class='ocr_par' dir='ltr' id='par_1_58' title="bbox 2115 1412 3770 1486">
     <span class='ocr_line' id='line_1_58' title="bbox 2115 1412 3770 1486; baseline 0.003 -19"><span class='ocrx_word' id='word_1_413' title='bbox 2115 1418 2232 1473; x_wconf 88' lang='lat' dir='ltr'><strong>tur.</strong></span> <span class='ocrx_word' id='word_1_414' title='bbox 2264 1412 2376 1468; x_wconf 88' lang='lat' dir='ltr'>Sed</span> <span class='ocrx_word' id='word_1_415' title='bbox 2428 1413 2689 1469; x_wconf 68' lang='lat' dir='ltr'><strong>Sichaaus</strong></span> <span class='ocrx_word' id='word_1_416' title='bbox 2714 1415 2885 1469; x_wconf 80' lang='lat' dir='ltr'><strong>uxori</strong></span> <span class='ocrx_word' id='word_1_417' title='bbox 2944 1430 3052 1486; x_wconf 90' lang='lat' dir='ltr'>per</span> <span class='ocrx_word' id='word_1_418' title='bbox 3080 1415 3448 1471; x_wconf 88' lang='lat' dir='ltr'><strong>insomnium</strong></span> <span class='ocrx_word' id='word_1_419' title='bbox 3503 1417 3659 1472; x_wconf 90' lang='lat' dir='ltr'><strong>visus</strong></span> <span class='ocrx_word' id='word_1_420' title='bbox 3698 1417 3770 1472; x_wconf 92' lang='lat' dir='ltr'>ab</span> 
     </span>
    </p>
   </div>
   <div class='ocr_carea' id='block_1_59' title="bbox 2115 1502 3769 1575">
    <p class='ocr_par' dir='ltr' id='par_1_59' title="bbox 2115 1502 3769 1575">
     <span class='ocr_line' id='line_1_59' title="bbox 2115 1502 3769 1575; baseline 0.003 -18"><span class='ocrx_word' id='word_1_421' title='bbox 2115 1502 2303 1575; x_wconf 88' lang='lat' dir='ltr'><strong>ipsius</strong></span> <span class='ocrx_word' id='word_1_422' title='bbox 2359 1503 2541 1559; x_wconf 85' lang='lat' dir='ltr'><strong>fratre</strong></span> <span class='ocrx_word' id='word_1_423' title='bbox 2600 1520 2664 1559; x_wconf 89' lang='lat' dir='ltr'>se</span> <span class='ocrx_word' id='word_1_424' title='bbox 2721 1508 2998 1559; x_wconf 87' lang='lat' dir='ltr'><strong>necatum</strong></span> <span class='ocrx_word' id='word_1_425' title='bbox 3068 1503 3368 1573; x_wconf 88' lang='lat' dir='ltr'><strong>indicavit,</strong></span> <span class='ocrx_word' id='word_1_426' title='bbox 3440 1510 3769 1563; x_wconf 86' lang='lat' dir='ltr'><strong>monstrato</strong></span> 
     </span>
    </p>
   </div>
   <div class='ocr_carea' id='block_1_60' title="bbox 2116 1593 3767 1669">
    <p class='ocr_par' dir='ltr' id='par_1_60' title="bbox 2116 1593 3767 1669">
     <span class='ocr_line' id='line_1_60' title="bbox 2116 1593 3767 1669; baseline 0.003 -21"><span class='ocrx_word' id='word_1_427' title='bbox 2116 1593 2296 1648; x_wconf 88' lang='lat' dir='ltr'><strong>etiam</strong></span> <span class='ocrx_word' id='word_1_428' title='bbox 2326 1593 2591 1650; x_wconf 89' lang='lat' dir='ltr'><strong>vulneris</strong></span> <span class='ocrx_word' id='word_1_429' title='bbox 2620 1598 2774 1662; x_wconf 89' lang='lat' dir='ltr'><strong>toco,</strong></span> <span class='ocrx_word' id='word_1_430' title='bbox 2797 1594 3108 1666; x_wconf 85' lang='lat' dir='ltr'><strong>ipsamque</strong></span> <span class='ocrx_word' id='word_1_431' title='bbox 3137 1595 3276 1669; x_wconf 81' lang='lat' dir='ltr'><strong>fuga</strong></span> <span class='ocrx_word' id='word_1_432' title='bbox 3296 1596 3409 1651; x_wconf 90' lang='lat' dir='ltr'><strong>sibi</strong></span> <span class='ocrx_word' id='word_1_433' title='bbox 3433 1596 3767 1664; x_wconf 88' lang='lat' dir='ltr'><strong>consulere,</strong></span> 
     </span>
    </p>
   </div>
   <div class='ocr_carea' id='block_1_61' title="bbox 2116 1681 3768 1752">
    <p class='ocr_par' dir='ltr' id='par_1_61' title="bbox 2116 1681 3768 1752">
     <span class='ocr_line' id='line_1_61' title="bbox 2116 1681 3768 1752; baseline 0.002 -15"><span class='ocrx_word' id='word_1_434' title='bbox 2116 1699 2190 1737; x_wconf 93' lang='lat' dir='ltr'>ne</span> <span class='ocrx_word' id='word_1_435' title='bbox 2229 1681 2388 1738; x_wconf 91' lang='lat' dir='ltr'><strong>idem</strong></span> <span class='ocrx_word' id='word_1_436' title='bbox 2438 1682 2722 1752; x_wconf 83' lang='lat' dir='ltr'><strong>eveniret,</strong></span> <span class='ocrx_word' id='word_1_437' title='bbox 2777 1684 3029 1739; x_wconf 86' lang='lat' dir='ltr'><strong>monuit.</strong></span> <span class='ocrx_word' id='word_1_438' title='bbox 3091 1685 3352 1741; x_wconf 90' lang='lat' dir='ltr'><strong>Proinde</strong></span> <span class='ocrx_word' id='word_1_439' title='bbox 3410 1686 3556 1742; x_wconf 90' lang='lat' dir='ltr'><strong>Dido</strong></span> <span class='ocrx_word' id='word_1_440' title='bbox 3616 1686 3768 1742; x_wconf 87' lang='lat' dir='ltr'><strong>clam</strong></span> 
     </span>
    </p>
   </div>
   <div class='ocr_carea' id='block_1_62' title="bbox 2114 1771 3768 1847">
    <p class='ocr_par' dir='ltr' id='par_1_62' title="bbox 2114 1771 3768 1847">
     <span class='ocr_line' id='line_1_62' title="bbox 2114 1771 3768 1847; baseline 0.002 -20"><span class='ocrx_word' id='word_1_441' title='bbox 2114 1773 2296 1828; x_wconf 78' lang='lat' dir='ltr'><strong>fratre</strong></span> <span class='ocrx_word' id='word_1_442' title='bbox 2328 1771 2522 1827; x_wconf 88' lang='lat' dir='ltr'><strong>navim</strong></span> <span class='ocrx_word' id='word_1_443' title='bbox 2554 1772 2823 1843; x_wconf 87' lang='lat' dir='ltr'><strong>ingressa</strong></span> <span class='ocrx_word' id='word_1_444' title='bbox 2869 1773 3264 1845; x_wconf 88' lang='lat' dir='ltr'><strong>omnibusque</strong></span> <span class='ocrx_word' id='word_1_445' title='bbox 3322 1774 3445 1829; x_wconf 89' lang='lat' dir='ltr'><strong>suis</strong></span> <span class='ocrx_word' id='word_1_446' title='bbox 3475 1775 3768 1847; x_wconf 88' lang='lat' dir='ltr'><strong>impositis</strong></span> 
     </span>
    </p>
   </div>
   <div class='ocr_carea' id='block_1_63' title="bbox 2115 1861 3768 1933">
    <p class='ocr_par' dir='ltr' id='par_1_63' title="bbox 2115 1861 3768 1933">
     <span class='ocr_line' id='line_1_63' title="bbox 2115 1861 3768 1933; baseline 0.003 -18"><span class='ocrx_word' id='word_1_447' title='bbox 2115 1861 2334 1916; x_wconf 88' lang='lat' dir='ltr'><strong>divitiis</strong></span> <span class='ocrx_word' id='word_1_448' title='bbox 2364 1877 2399 1916; x_wconf 91' lang='lat' dir='ltr'>a</span> <span class='ocrx_word' id='word_1_449' title='bbox 2428 1861 2730 1917; x_wconf 74' lang='lat' dir='ltr'><strong>Phoenicia</strong></span> <span class='ocrx_word' id='word_1_450' title='bbox 2786 1862 2978 1929; x_wconf 91' lang='lat' dir='ltr'><strong>solvit,</strong></span> <span class='ocrx_word' id='word_1_451' title='bbox 3028 1862 3211 1933; x_wconf 89' lang='lat' dir='ltr'><strong>inque</strong></span> <span class='ocrx_word' id='word_1_452' title='bbox 3260 1862 3521 1919; x_wconf 85' lang='lat' dir='ltr'><strong>Africam</strong></span> <span class='ocrx_word' id='word_1_453' title='bbox 3573 1864 3768 1920; x_wconf 87' lang='lat' dir='ltr'><strong>delata</strong></span> 
     </span>
    </p>
   </div>
   <div class='ocr_carea' id='block_1_64' title="bbox 2115 1950 3765 2025">
    <p class='ocr_par' dir='ltr' id='par_1_64' title="bbox 2115 1950 3765 2025">
     <span class='ocr_line' id='line_1_64' title="bbox 2115 1950 3765 2025; baseline 0.001 -18"><span class='ocrx_word' id='word_1_454' title='bbox 2115 1950 2551 2023; x_wconf 82' lang='lat' dir='ltr'><strong>Carthaginem,</strong></span> <span class='ocrx_word' id='word_1_455' title='bbox 2585 1967 2717 2023; x_wconf 76' lang='lat' dir='ltr'>qum</span> <span class='ocrx_word' id='word_1_456' title='bbox 2751 1957 2841 2006; x_wconf 91' lang='lat' dir='ltr'>est</span> <span class='ocrx_word' id='word_1_457' title='bbox 2883 1950 3179 2022; x_wconf 85' lang='lat' dir='ltr'><strong>Neapolis,</strong></span> <span class='ocrx_word' id='word_1_458' title='bbox 3233 1951 3520 2019; x_wconf 87' lang='lat' dir='ltr'><strong>condidit,</strong></span> <span class='ocrx_word' id='word_1_459' title='bbox 3552 1968 3765 2025; x_wconf 86' lang='lat' dir='ltr'><strong>regno-</strong></span> 
     </span>
    </p>
   </div>
   <div class='ocr_carea' id='block_1_65' title="bbox 2115 2039 3601 2113">
    <p class='ocr_par' dir='ltr' id='par_1_65' title="bbox 2115 2039 3601 2113">
     <span class='ocr_line' id='line_1_65' title="bbox 2115 2039 3601 2113; baseline 0.002 -18"><span class='ocrx_word' id='word_1_460' title='bbox 2115 2056 2231 2111; x_wconf 87' lang='lat' dir='ltr'>que</span> <span class='ocrx_word' id='word_1_461' title='bbox 2269 2039 2353 2096; x_wconf 90' lang='lat' dir='ltr'><strong>ibi</strong></span> <span class='ocrx_word' id='word_1_462' title='bbox 2384 2040 2588 2097; x_wconf 85' lang='lat' dir='ltr'><strong>functa</strong></span> <span class='ocrx_word' id='word_1_463' title='bbox 2617 2045 2675 2097; x_wconf 91' lang='lat' dir='ltr'>et</span> <span class='ocrx_word' id='word_1_464' title='bbox 2704 2041 2821 2096; x_wconf 89' lang='lat' dir='ltr'><strong>vita</strong></span> <span class='ocrx_word' id='word_1_465' title='bbox 2847 2040 3062 2113; x_wconf 86' lang='lat' dir='ltr'><strong>pudice</strong></span> <span class='ocrx_word' id='word_1_466' title='bbox 3092 2047 3296 2098; x_wconf 86' lang='lat' dir='ltr'><strong>exacta</strong></span> <span class='ocrx_word' id='word_1_467' title='bbox 3325 2041 3601 2098; x_wconf 85' lang='lat' dir='ltr'><strong>decessit.</strong></span> 
     </span>
    </p>
   </div>
   <div class='ocr_carea' id='block_1_66' title="bbox 2186 2313 3763 2387">
    <p class='ocr_par' dir='ltr' id='par_1_66' title="bbox 2186 2313 3763 2387">
     <span class='ocr_line' id='line_1_66' title="bbox 2186 2313 3763 2387; baseline 0.001 -19"><span class='ocrx_word' id='word_1_468' title='bbox 2186 2314 2500 2370; x_wconf 89' lang='lat' dir='ltr'><strong>Diomedes</strong></span> <span class='ocrx_word' id='word_1_469' title='bbox 2551 2330 2727 2387; x_wconf 91' lang='lat' dir='ltr'><strong>porro</strong></span> <span class='ocrx_word' id='word_1_470' title='bbox 2779 2314 2999 2370; x_wconf 61' lang='lat' dir='ltr'><strong>:Etolus</strong></span> <span class='ocrx_word' id='word_1_471' title='bbox 3055 2313 3188 2383; x_wconf 85' lang='lat' dir='ltr'><strong>fuit,</strong></span> <span class='ocrx_word' id='word_1_472' title='bbox 3221 2330 3408 2387; x_wconf 91' lang='lat' dir='ltr'><strong>genus</strong></span> <span class='ocrx_word' id='word_1_473' title='bbox 3456 2313 3529 2371; x_wconf 88' lang='lat' dir='ltr'>ab</span> <span class='ocrx_word' id='word_1_474' title='bbox 3568 2315 3763 2370; x_wconf 81' lang='lat' dir='ltr'><strong>(Eneo</strong></span> 
     </span>
    </p>
   </div>
   <div class='ocr_carea' id='block_1_67' title="bbox 2112 2402 3762 2460">
    <p class='ocr_par' dir='ltr' id='par_1_67' title="bbox 2112 2402 3762 2460">
     <span class='ocr_line' id='line_1_67' title="bbox 2112 2402 3762 2460; baseline 0 -2"><span class='ocrx_word' id='word_1_475' title='bbox 2112 2402 2354 2459; x_wconf 91' lang='lat' dir='ltr'><strong>ducens.</strong></span> <span class='ocrx_word' id='word_1_476' title='bbox 2388 2403 2440 2459; x_wconf 90' lang='lat' dir='ltr'>ls</span> <span class='ocrx_word' id='word_1_477' title='bbox 2469 2403 2701 2460; x_wconf 77' lang='lat' dir='ltr'><strong>(Eneus</strong></span> <span class='ocrx_word' id='word_1_478' title='bbox 2750 2409 2986 2459; x_wconf 89' lang='lat' dir='ltr'><strong>mortua</strong></span> <span class='ocrx_word' id='word_1_479' title='bbox 3041 2404 3273 2459; x_wconf 72' lang='lat' dir='ltr'><strong>Eribma</strong></span> <span class='ocrx_word' id='word_1_480' title='bbox 3299 2403 3591 2459; x_wconf 75' lang='lat' dir='ltr'><strong>Althaeam</strong></span> <span class='ocrx_word' id='word_1_481' title='bbox 3651 2404 3762 2460; x_wconf 84' lang='lat' dir='ltr'><strong>sibi</strong></span> 
     </span>
    </p>
   </div>
   <div class='ocr_carea' id='block_1_68' title="bbox 2111 2494 3761 2568">
    <p class='ocr_par' dir='ltr' id='par_1_68' title="bbox 2111 2494 3761 2568">
     <span class='ocr_line' id='line_1_68' title="bbox 2111 2494 3761 2568; baseline 0.001 -19"><span class='ocrx_word' id='word_1_482' title='bbox 2111 2494 2495 2550; x_wconf 88' lang='lat' dir='ltr'><strong>matrimonio</strong></span> <span class='ocrx_word' id='word_1_483' title='bbox 2508 2494 2822 2565; x_wconf 89' lang='lat' dir='ltr'><strong>copulavit,</strong></span> <span class='ocrx_word' id='word_1_484' title='bbox 2844 2494 3202 2565; x_wconf 89' lang='lat' dir='ltr'><strong>sustulitque</strong></span> <span class='ocrx_word' id='word_1_485' title='bbox 3224 2511 3294 2549; x_wconf 86' lang='lat' dir='ltr'><strong>ex</strong></span> <span class='ocrx_word' id='word_1_486' title='bbox 3316 2510 3388 2549; x_wconf 86' lang='lat' dir='ltr'>ea</span> <span class='ocrx_word' id='word_1_487' title='bbox 3407 2495 3761 2568; x_wconf 83' lang='lat' dir='ltr'><strong>Meleagrum</strong></span> 
     </span>
    </p>
   </div>
   <div class='ocr_carea' id='block_1_69' title="bbox 2111 2582 3765 2653">
    <p class='ocr_par' dir='ltr' id='par_1_69' title="bbox 2111 2582 3765 2653">
     <span class='ocr_line' id='line_1_69' title="bbox 2111 2582 3765 2653; baseline 0.001 -15"><span class='ocrx_word' id='word_1_488' title='bbox 2111 2587 2171 2638; x_wconf 92' lang='lat' dir='ltr'>et</span> <span class='ocrx_word' id='word_1_489' title='bbox 2198 2582 2560 2653; x_wconf 88' lang='lat' dir='ltr'><strong>Dejaniram.</strong></span> <span class='ocrx_word' id='word_1_490' title='bbox 2598 2584 2757 2638; x_wconf 88' lang='lat' dir='ltr'><strong>Hanc</strong></span> <span class='ocrx_word' id='word_1_491' title='bbox 2788 2599 2923 2642; x_wconf 89' lang='lat' dir='ltr'>cum</span> <span class='ocrx_word' id='word_1_492' title='bbox 2945 2583 3242 2638; x_wconf 85' lang='lat' dir='ltr'><strong>Achelous</strong></span> <span class='ocrx_word' id='word_1_493' title='bbox 3270 2584 3576 2639; x_wconf 90' lang='lat' dir='ltr'><strong>Posidonii</strong></span> <span class='ocrx_word' id='word_1_494' title='bbox 3600 2600 3765 2640; x_wconf 85' lang='lat' dir='ltr'><strong>sena-</strong></span> 
     </span>
    </p>
   </div>
   <div class='ocr_carea' id='block_1_70' title="bbox 2110 2669 3761 2742">
    <p class='ocr_par' dir='ltr' id='par_1_70' title="bbox 2110 2669 3761 2742">
     <span class='ocr_line' id='line_1_70' title="bbox 2110 2669 3761 2742; baseline 0.001 -17"><span class='ocrx_word' id='word_1_495' title='bbox 2110 2669 2259 2725; x_wconf 88' lang='lat' dir='ltr'><strong>torls</strong></span> <span class='ocrx_word' id='word_1_496' title='bbox 2318 2670 2475 2726; x_wconf 81' lang='lat' dir='ltr'><strong>ﬁlius</strong></span> <span class='ocrx_word' id='word_1_497' title='bbox 2531 2669 2966 2741; x_wconf 84' lang='lat' dir='ltr'><strong>despondisset,</strong></span> <span class='ocrx_word' id='word_1_498' title='bbox 3027 2676 3165 2725; x_wconf 88' lang='lat' dir='ltr'><strong>ante</strong></span> <span class='ocrx_word' id='word_1_499' title='bbox 3232 2671 3473 2742; x_wconf 86' lang='lat' dir='ltr'><strong>nuptias</strong></span> <span class='ocrx_word' id='word_1_500' title='bbox 3531 2672 3761 2727; x_wconf 89' lang='lat' dir='ltr'><strong>occulte</strong></span> 
     </span>
    </p>
   </div>
   <div class='ocr_carea' id='block_1_71' title="bbox 2109 2758 3766 2831">
    <p class='ocr_par' dir='ltr' id='par_1_71' title="bbox 2109 2758 3766 2831">
     <span class='ocr_line' id='line_1_71' title="bbox 2109 2758 3766 2831; baseline 0.003 -19"><span class='ocrx_word' id='word_1_501' title='bbox 2109 2759 2354 2822; x_wconf 84' lang='lat' dir='ltr'><strong>vitiavit,</strong></span> <span class='ocrx_word' id='word_1_502' title='bbox 2383 2775 2452 2815; x_wconf 89' lang='lat' dir='ltr'>ac</span> <span class='ocrx_word' id='word_1_503' title='bbox 2504 2758 2721 2814; x_wconf 88' lang='lat' dir='ltr'><strong>deinde</strong></span> <span class='ocrx_word' id='word_1_504' title='bbox 2752 2760 2874 2831; x_wconf 85' lang='lat' dir='ltr'><strong>regi</strong></span> <span class='ocrx_word' id='word_1_505' title='bbox 2917 2760 3111 2814; x_wconf 80' lang='lat' dir='ltr'><strong>(Eneo</strong></span> <span class='ocrx_word' id='word_1_506' title='bbox 3143 2759 3296 2814; x_wconf 82' lang='lat' dir='ltr'><strong>dixit</strong></span> <span class='ocrx_word' id='word_1_507' title='bbox 3333 2776 3396 2815; x_wconf 92' lang='lat' dir='ltr'>se</span> <span class='ocrx_word' id='word_1_508' title='bbox 3454 2776 3586 2816; x_wconf 85' lang='lat' dir='ltr'>eam</span> <span class='ocrx_word' id='word_1_509' title='bbox 3644 2778 3766 2817; x_wconf 91' lang='lat' dir='ltr'>non</span> 
     </span>
    </p>
   </div>
   <div class='ocr_carea' id='block_1_72' title="bbox 2111 2848 3768 2923">
    <p class='ocr_par' dir='ltr' id='par_1_72' title="bbox 2111 2848 3768 2923">
     <span class='ocr_line' id='line_1_72' title="bbox 2111 2848 3768 2923; baseline 0.001 -19"><span class='ocrx_word' id='word_1_510' title='bbox 2111 2849 2231 2905; x_wconf 89' lang='lat' dir='ltr'><strong>alia</strong></span> <span class='ocrx_word' id='word_1_511' title='bbox 2254 2848 2596 2905; x_wconf 86' lang='lat' dir='ltr'><strong>conditione</strong></span> <span class='ocrx_word' id='word_1_512' title='bbox 2651 2848 2968 2904; x_wconf 86' lang='lat' dir='ltr'><strong>ducturum</strong></span> <span class='ocrx_word' id='word_1_513' title='bbox 3009 2866 3188 2921; x_wconf 89' lang='lat' dir='ltr'><strong>quam</strong></span> <span class='ocrx_word' id='word_1_514' title='bbox 3218 2850 3329 2904; x_wconf 91' lang='lat' dir='ltr'><strong>sibi</strong></span> <span class='ocrx_word' id='word_1_515' title='bbox 3365 2856 3429 2905; x_wconf 91' lang='lat' dir='ltr'>ut</span> <span class='ocrx_word' id='word_1_516' title='bbox 3475 2852 3639 2923; x_wconf 88' lang='lat' dir='ltr'><strong>regni</strong></span> <span class='ocrx_word' id='word_1_517' title='bbox 3667 2851 3768 2907; x_wconf 86' lang='lat' dir='ltr'><strong>ad-</strong></span> 
     </span>
    </p>
   </div>
   <div class='ocr_carea' id='block_1_73' title="bbox 2112 2938 3764 3006">
    <p class='ocr_par' dir='ltr' id='par_1_73' title="bbox 2112 2938 3764 3006">
     <span class='ocr_line' id='line_1_73' title="bbox 2112 2938 3764 3006; baseline 0.002 -13"><span class='ocrx_word' id='word_1_518' title='bbox 2112 2938 2625 2994; x_wconf 88' lang='lat' dir='ltr'><strong>ministrationem</strong></span> <span class='ocrx_word' id='word_1_519' title='bbox 2656 2939 2805 2995; x_wconf 71' lang='lat'>241</span> <span class='ocrx_word' id='word_1_520' title='bbox 2840 2955 3009 2994; x_wconf 90' lang='lat' dir='ltr'><strong>socer</strong></span> <span class='ocrx_word' id='word_1_521' title='bbox 3036 2940 3362 3006; x_wconf 88' lang='lat' dir='ltr'><strong>concedat;</strong></span> <span class='ocrx_word' id='word_1_522' title='bbox 3408 2956 3476 2996; x_wconf 87' lang='lat' dir='ltr'>ac</span> <span class='ocrx_word' id='word_1_523' title='bbox 3521 2942 3764 2998; x_wconf 84' lang='lat' dir='ltr'><strong>tandem</strong></span> 
     </span>
    </p>
   </div>
   <div class='ocr_carea' id='block_1_74' title="bbox 2112 3028 3763 3101">
    <p class='ocr_par' dir='ltr' id='par_1_74' title="bbox 2112 3028 3763 3101">
     <span class='ocr_line' id='line_1_74' title="bbox 2112 3028 3763 3101; baseline 0.003 -19"><span class='ocrx_word' id='word_1_524' title='bbox 2112 3043 2248 3083; x_wconf 90' lang='lat' dir='ltr'>cum</span> <span class='ocrx_word' id='word_1_525' title='bbox 2277 3034 2445 3099; x_wconf 90' lang='lat' dir='ltr'><strong>patre</strong></span> <span class='ocrx_word' id='word_1_526' title='bbox 2472 3043 2578 3083; x_wconf 90' lang='lat' dir='ltr'>suo</span> <span class='ocrx_word' id='word_1_527' title='bbox 2608 3028 2733 3101; x_wconf 87' lang='lat' dir='ltr'><strong>regi</strong></span> <span class='ocrx_word' id='word_1_528' title='bbox 2763 3029 2962 3084; x_wconf 64' lang='lat' dir='ltr'><strong>(lineo</strong></span> <span class='ocrx_word' id='word_1_529' title='bbox 3010 3028 3295 3085; x_wconf 87' lang='lat' dir='ltr'><strong>abnuenti</strong></span> <span class='ocrx_word' id='word_1_530' title='bbox 3351 3030 3577 3089; x_wconf 90' lang='lat' dir='ltr'><strong>bellum</strong></span> <span class='ocrx_word' id='word_1_531' title='bbox 3602 3031 3763 3087; x_wconf 87' lang='lat' dir='ltr'><strong>fecit.</strong></span> 
     </span>
    </p>
   </div>
   <div class='ocr_carea' id='block_1_75' title="bbox 2110 3117 3765 3192">
    <p class='ocr_par' dir='ltr' id='par_1_75' title="bbox 2110 3117 3765 3192">
     <span class='ocr_line' id='line_1_75' title="bbox 2110 3117 3765 3192; baseline 0.002 -20"><span class='ocrx_word' id='word_1_532' title='bbox 2110 3117 2475 3173; x_wconf 89' lang='lat' dir='ltr'><strong>Necessitate</strong></span> <span class='ocrx_word' id='word_1_533' title='bbox 2527 3117 2771 3173; x_wconf 87' lang='lat' dir='ltr'><strong>adactus</strong></span> <span class='ocrx_word' id='word_1_534' title='bbox 2827 3119 3061 3174; x_wconf 87' lang='lat' dir='ltr'><strong>OEneus</strong></span> <span class='ocrx_word' id='word_1_535' title='bbox 3118 3136 3189 3174; x_wconf 82' lang='lat' dir='ltr'><strong>ex</strong></span> <span class='ocrx_word' id='word_1_536' title='bbox 3256 3120 3473 3175; x_wconf 89' lang='lat' dir='ltr'><strong>Phthia</strong></span> <span class='ocrx_word' id='word_1_537' title='bbox 3522 3122 3765 3192; x_wconf 89' lang='lat' dir='ltr'><strong>regione</strong></span> 
     </span>
    </p>
   </div>
   <div class='ocr_carea' id='block_1_76' title="bbox 2112 3207 3766 3281">
    <p class='ocr_par' dir='ltr' id='par_1_76' title="bbox 2112 3207 3766 3281">
     <span class='ocr_line' id='line_1_76' title="bbox 2112 3207 3766 3281; baseline 0.002 -20"><span class='ocrx_word' id='word_1_538' title='bbox 2112 3207 2426 3262; x_wconf 81' lang='lat' dir='ltr'><strong>Herculem</strong></span> <span class='ocrx_word' id='word_1_539' title='bbox 2455 3212 2850 3279; x_wconf 81' lang='lat' dir='ltr'><strong>cognomento</strong></span> <span class='ocrx_word' id='word_1_540' title='bbox 2880 3208 3335 3279; x_wconf 87' lang='lat' dir='ltr'><strong>Polyphemum,</strong></span> <span class='ocrx_word' id='word_1_541' title='bbox 3368 3208 3581 3265; x_wconf 85' lang='lat' dir='ltr'><strong>ducem</strong></span> <span class='ocrx_word' id='word_1_542' title='bbox 3611 3227 3766 3281; x_wconf 61' lang='lat' dir='ltr'><strong>pra).</strong></span> 
     </span>
    </p>
   </div>
   <div class='ocr_carea' id='block_1_77' title="bbox 2110 3296 3763 3369">
    <p class='ocr_par' dir='ltr' id='par_1_77' title="bbox 2110 3296 3763 3369">
     <span class='ocr_line' id='line_1_77' title="bbox 2110 3296 3763 3369; baseline 0.002 -18"><span class='ocrx_word' id='word_1_543' title='bbox 2110 3296 2361 3361; x_wconf 89' lang='lat' dir='ltr'><strong>clarum,</strong></span> <span class='ocrx_word' id='word_1_544' title='bbox 2397 3296 2673 3362; x_wconf 87' lang='lat' dir='ltr'><strong>evocavit,</strong></span> <span class='ocrx_word' id='word_1_545' title='bbox 2707 3296 3010 3368; x_wconf 88' lang='lat' dir='ltr'><strong>pollicitus</strong></span> <span class='ocrx_word' id='word_1_546' title='bbox 3055 3298 3107 3352; x_wconf 91' lang='lat' dir='ltr'>ei</span> <span class='ocrx_word' id='word_1_547' title='bbox 3144 3297 3283 3352; x_wconf 71' lang='lat' dir='ltr'><strong>tilica</strong></span> <span class='ocrx_word' id='word_1_548' title='bbox 3316 3314 3437 3352; x_wconf 64' lang='lat' dir='ltr'><strong>suae</strong></span> <span class='ocrx_word' id='word_1_549' title='bbox 3469 3298 3763 3369; x_wconf 73' lang='lat' dir='ltr'><strong>Dejanirm</strong></span> 
     </span>
    </p>
   </div>
   <div class='ocr_carea' id='block_1_78' title="bbox 2115 3386 3766 3457">
    <p class='ocr_par' dir='ltr' id='par_1_78' title="bbox 2115 3386 3766 3457">
     <span class='ocr_line' id='line_1_78' title="bbox 2115 3386 3766 3457; baseline 0.001 -15"><span class='ocrx_word' id='word_1_550' title='bbox 2115 3386 2478 3457; x_wconf 87' lang='lat' dir='ltr'><strong>conjugium.</strong></span> <span class='ocrx_word' id='word_1_551' title='bbox 2510 3387 2564 3440; x_wconf 88' lang='lat' dir='ltr'><strong>Is</strong></span> <span class='ocrx_word' id='word_1_552' title='bbox 2617 3402 2751 3441; x_wconf 88' lang='lat' dir='ltr'>cum</span> <span class='ocrx_word' id='word_1_553' title='bbox 2780 3387 3043 3441; x_wconf 79' lang='lat' dir='ltr'><strong>exercitu</strong></span> <span class='ocrx_word' id='word_1_554' title='bbox 3100 3403 3206 3441; x_wconf 91' lang='lat' dir='ltr'>suo</span> <span class='ocrx_word' id='word_1_555' title='bbox 3238 3388 3483 3443; x_wconf 83' lang='lat' dir='ltr'><strong>veniens</strong></span> <span class='ocrx_word' id='word_1_556' title='bbox 3539 3387 3766 3444; x_wconf 88' lang='lat' dir='ltr'><strong>bellum</strong></span> 
     </span>
    </p>
   </div>
   <div class='ocr_carea' id='block_1_79' title="bbox 2115 3475 3768 3547">
    <p class='ocr_par' dir='ltr' id='par_1_79' title="bbox 2115 3475 3768 3547">
     <span class='ocr_line' id='line_1_79' title="bbox 2115 3475 3768 3547; baseline 0.001 -17"><span class='ocrx_word' id='word_1_557' title='bbox 2115 3475 2431 3530; x_wconf 89' lang='lat' dir='ltr'><strong>Posidonio</strong></span> <span class='ocrx_word' id='word_1_558' title='bbox 2463 3475 2710 3547; x_wconf 89' lang='lat' dir='ltr'><strong>ejusque</strong></span> <span class='ocrx_word' id='word_1_559' title='bbox 2744 3475 2868 3531; x_wconf 82' lang='lat' dir='ltr'><strong>filio</strong></span> <span class='ocrx_word' id='word_1_560' title='bbox 2922 3476 3182 3531; x_wconf 82' lang='lat' dir='ltr'><strong>Acheloo</strong></span> <span class='ocrx_word' id='word_1_561' title='bbox 3241 3475 3462 3544; x_wconf 88' lang='lat' dir='ltr'><strong>intulit,</strong></span> <span class='ocrx_word' id='word_1_562' title='bbox 3523 3476 3768 3533; x_wconf 85' lang='lat' dir='ltr'><strong>Posido-</strong></span> 
     </span>
    </p>
   </div>
   <div class='ocr_carea' id='block_1_80' title="bbox 2116 3565 3768 3641">
    <p class='ocr_par' dir='ltr' id='par_1_80' title="bbox 2116 3565 3768 3641">
     <span class='ocr_line' id='line_1_80' title="bbox 2116 3565 3768 3641; baseline 0.003 -22"><span class='ocrx_word' id='word_1_563' title='bbox 2116 3566 2402 3636; x_wconf 89' lang='lat' dir='ltr'><strong>niumque</strong></span> <span class='ocrx_word' id='word_1_564' title='bbox 2432 3565 2494 3621; x_wconf 93' lang='lat' dir='ltr'>in</span> <span class='ocrx_word' id='word_1_565' title='bbox 2525 3582 2724 3639; x_wconf 91' lang='lat' dir='ltr'><strong>pugna</strong></span> <span class='ocrx_word' id='word_1_566' title='bbox 2750 3566 2946 3640; x_wconf 91' lang='lat' dir='ltr'><strong>gladio</strong></span> <span class='ocrx_word' id='word_1_567' title='bbox 2978 3566 3370 3625; x_wconf 89' lang='lat' dir='ltr'><strong>obtruncavit.</strong></span> <span class='ocrx_word' id='word_1_568' title='bbox 3403 3568 3547 3624; x_wconf 90' lang='lat' dir='ltr'><strong>Inde</strong></span> <span class='ocrx_word' id='word_1_569' title='bbox 3577 3575 3768 3641; x_wconf 75' lang='lat' dir='ltr'><strong>poetai</strong></span> 
     </span>
    </p>
   </div>
   <div class='ocr_carea' id='block_1_81' title="bbox 2115 3656 3767 3729">
    <p class='ocr_par' dir='ltr' id='par_1_81' title="bbox 2115 3656 3767 3729">
     <span class='ocr_line' id='line_1_81' title="bbox 2115 3656 3767 3729; baseline 0.002 -18"><span class='ocrx_word' id='word_1_570' title='bbox 2115 3657 2437 3712; x_wconf 89' lang='lat' dir='ltr'><strong>commenti</strong></span> <span class='ocrx_word' id='word_1_571' title='bbox 2462 3663 2603 3712; x_wconf 88' lang='lat' dir='ltr'><strong>sunt</strong></span> <span class='ocrx_word' id='word_1_572' title='bbox 2624 3656 2936 3713; x_wconf 82' lang='lat' dir='ltr'><strong>Herculem</strong></span> <span class='ocrx_word' id='word_1_573' title='bbox 2966 3658 3208 3713; x_wconf 79' lang='lat' dir='ltr'><strong>Acheloi</strong></span> <span class='ocrx_word' id='word_1_574' title='bbox 3225 3675 3450 3714; x_wconf 74' lang='lat' dir='ltr'><strong>cornua</strong></span> <span class='ocrx_word' id='word_1_575' title='bbox 3475 3658 3767 3729; x_wconf 86' lang='lat' dir='ltr'><strong>avellisse,</strong></span> 
     </span>
    </p>
   </div>
   <div class='ocr_carea' id='block_1_82' title="bbox 2116 3745 3767 3820">
    <p class='ocr_par' dir='ltr' id='par_1_82' title="bbox 2116 3745 3767 3820">
     <span class='ocr_line' id='line_1_82' title="bbox 2116 3745 3767 3820; baseline 0.002 -21"><span class='ocrx_word' id='word_1_576' title='bbox 2116 3745 2400 3800; x_wconf 88' lang='lat' dir='ltr'><strong>nimirum</strong></span> <span class='ocrx_word' id='word_1_577' title='bbox 2423 3746 2677 3817; x_wconf 88' lang='lat' dir='ltr'><strong>patriam</strong></span> <span class='ocrx_word' id='word_1_578' title='bbox 2710 3747 3059 3818; x_wconf 88' lang='lat' dir='ltr'><strong>potentiam.</strong></span> <span class='ocrx_word' id='word_1_579' title='bbox 3084 3747 3381 3803; x_wconf 85' lang='lat' dir='ltr'><strong>Achelous</strong></span> <span class='ocrx_word' id='word_1_580' title='bbox 3405 3749 3590 3820; x_wconf 89' lang='lat' dir='ltr'><strong>patris</strong></span> <span class='ocrx_word' id='word_1_581' title='bbox 3623 3765 3767 3803; x_wconf 90' lang='lat' dir='ltr'><strong>nece</strong></span> 
     </span>
    </p>
   </div>
   <div class='ocr_carea' id='block_1_83' title="bbox 2118 3836 3770 3910">
    <p class='ocr_par' dir='ltr' id='par_1_83' title="bbox 2118 3836 3770 3910">
     <span class='ocr_line' id='line_1_83' title="bbox 2118 3836 3770 3910; baseline 0.002 -20"><span class='ocrx_word' id='word_1_582' title='bbox 2118 3840 2437 3906; x_wconf 87' lang='lat' dir='ltr'><strong>conspecta</strong></span> <span class='ocrx_word' id='word_1_583' title='bbox 2466 3851 2648 3906; x_wconf 91' lang='lat' dir='ltr'><strong>eques</strong></span> <span class='ocrx_word' id='word_1_584' title='bbox 2670 3836 2867 3909; x_wconf 81' lang='lat' dir='ltr'><strong>fugam</strong></span> <span class='ocrx_word' id='word_1_585' title='bbox 2914 3836 3056 3891; x_wconf 87' lang='lat' dir='ltr'><strong>facit</strong></span> <span class='ocrx_word' id='word_1_586' title='bbox 3084 3837 3241 3908; x_wconf 90' lang='lat' dir='ltr'><strong>(ideo</strong></span> <span class='ocrx_word' id='word_1_587' title='bbox 3273 3854 3406 3892; x_wconf 91' lang='lat' dir='ltr'>eum</span> <span class='ocrx_word' id='word_1_588' title='bbox 3436 3838 3770 3910; x_wconf 87' lang='lat' dir='ltr'><strong>Hippocen-</strong></span> 
     </span>
    </p>
   </div>
   <div class='ocr_carea' id='block_1_84' title="bbox 2121 3928 3775 4000">
    <p class='ocr_par' dir='ltr' id='par_1_84' title="bbox 2121 3928 3775 4000">
     <span class='ocr_line' id='line_1_84' title="bbox 2121 3928 3775 4000; baseline 0.002 -18"><span class='ocrx_word' id='word_1_589' title='bbox 2121 3932 2356 3982; x_wconf 88' lang='lat' dir='ltr'><strong>taurum</strong></span> <span class='ocrx_word' id='word_1_590' title='bbox 2388 3928 2572 3982; x_wconf 82' lang='lat' dir='ltr'><strong>l‘uisse</strong></span> <span class='ocrx_word' id='word_1_591' title='bbox 2605 3928 2918 3997; x_wconf 89' lang='lat' dir='ltr'><strong>scribunt),</strong></span> <span class='ocrx_word' id='word_1_592' title='bbox 2952 3928 3380 4000; x_wconf 87' lang='lat' dir='ltr'><strong>Herculemque</strong></span> <span class='ocrx_word' id='word_1_593' title='bbox 3412 3929 3523 3984; x_wconf 92' lang='lat' dir='ltr'><strong>sibi</strong></span> <span class='ocrx_word' id='word_1_594' title='bbox 3550 3931 3775 3985; x_wconf 87' lang='lat' dir='ltr'><strong>instan-</strong></span> 
     </span>
    </p>
   </div>
   <div class='ocr_carea' id='block_1_85' title="bbox 2121 4017 3775 4088">
    <p class='ocr_par' dir='ltr' id='par_1_85' title="bbox 2121 4017 3775 4088">
     <span class='ocr_line' id='line_1_85' title="bbox 2121 4017 3775 4088; baseline 0.002 -18"><span class='ocrx_word' id='word_1_595' title='bbox 2121 4020 2241 4071; x_wconf 90' lang='lat' dir='ltr'>tem</span> <span class='ocrx_word' id='word_1_596' title='bbox 2293 4032 2614 4071; x_wconf 89' lang='lat' dir='ltr'><strong>conversus</strong></span> <span class='ocrx_word' id='word_1_597' title='bbox 2667 4018 2880 4088; x_wconf 85' lang='lat' dir='ltr'><strong>sagitta</strong></span> <span class='ocrx_word' id='word_1_598' title='bbox 2912 4017 2988 4073; x_wconf 89' lang='lat' dir='ltr'>ad</span> <span class='ocrx_word' id='word_1_599' title='bbox 3044 4018 3374 4073; x_wconf 88' lang='lat' dir='ltr'><strong>mamillam</strong></span> <span class='ocrx_word' id='word_1_600' title='bbox 3406 4019 3672 4076; x_wconf 90' lang='lat' dir='ltr'><strong>sauciat:</strong></span> <span class='ocrx_word' id='word_1_601' title='bbox 3707 4036 3775 4075; x_wconf 89' lang='lat' dir='ltr'>ac</span> 
     </span>
    </p>
   </div>
   <div class='ocr_carea' id='block_1_86' title="bbox 2120 4104 3774 4180">
    <p class='ocr_par' dir='ltr' id='par_1_86' title="bbox 2120 4104 3774 4180">
     <span class='ocr_line' id='line_1_86' title="bbox 2120 4104 3774 4180; baseline 0.002 -19"><span class='ocrx_word' id='word_1_602' title='bbox 2120 4104 2435 4161; x_wconf 83' lang='lat' dir='ltr'><strong>confestim</strong></span> <span class='ocrx_word' id='word_1_603' title='bbox 2466 4105 2540 4161; x_wconf 92' lang='lat' dir='ltr'>ab</span> <span class='ocrx_word' id='word_1_604' title='bbox 2573 4106 2822 4160; x_wconf 91' lang='lat' dir='ltr'><strong>Hercule</strong></span> <span class='ocrx_word' id='word_1_605' title='bbox 2850 4106 3113 4162; x_wconf 89' lang='lat' dir='ltr'><strong>vicissim</strong></span> <span class='ocrx_word' id='word_1_606' title='bbox 3162 4108 3375 4179; x_wconf 87' lang='lat' dir='ltr'><strong>sagitta</strong></span> <span class='ocrx_word' id='word_1_607' title='bbox 3402 4109 3648 4180; x_wconf 90' lang='lat' dir='ltr'><strong>petitus,</strong></span> <span class='ocrx_word' id='word_1_608' title='bbox 3700 4109 3774 4165; x_wconf 89' lang='lat' dir='ltr'>ab</span> 
     </span>
    </p>
   </div>
   <div class='ocr_carea' id='block_1_87' title="bbox 2121 4195 3773 4270">
    <p class='ocr_par' dir='ltr' id='par_1_87' title="bbox 2121 4195 3773 4270">
     <span class='ocr_line' id='line_1_87' title="bbox 2121 4195 3773 4270; baseline 0.001 -19"><span class='ocrx_word' id='word_1_609' title='bbox 2121 4212 2274 4265; x_wconf 86' lang='lat' dir='ltr'><strong>equo</strong></span> <span class='ocrx_word' id='word_1_610' title='bbox 2333 4210 2394 4250; x_wconf 88' lang='lat' dir='ltr'>se</span> <span class='ocrx_word' id='word_1_611' title='bbox 2427 4195 2488 4250; x_wconf 92' lang='lat' dir='ltr'>in</span> <span class='ocrx_word' id='word_1_612' title='bbox 2528 4195 2706 4249; x_wconf 86' lang='lat' dir='ltr'><strong>Eveni</strong></span> <span class='ocrx_word' id='word_1_613' title='bbox 2764 4196 2958 4250; x_wconf 88' lang='lat' dir='ltr'><strong>amnis</strong></span> <span class='ocrx_word' id='word_1_614' title='bbox 3015 4196 3206 4251; x_wconf 90' lang='lat' dir='ltr'><strong>undas</strong></span> <span class='ocrx_word' id='word_1_615' title='bbox 3255 4197 3515 4252; x_wconf 88' lang='lat' dir='ltr'><strong>demittit</strong></span> <span class='ocrx_word' id='word_1_616' title='bbox 3570 4198 3773 4270; x_wconf 90' lang='lat' dir='ltr'><strong>ibique</strong></span> 
     </span>
    </p>
   </div>
   <div class='ocr_carea' id='block_1_88' title="bbox 2122 4284 3769 4357">
    <p class='ocr_par' dir='ltr' id='par_1_88' title="bbox 2122 4284 3769 4357">
     <span class='ocr_line' id='line_1_88' title="bbox 2122 4284 3769 4357; baseline 0.001 -18"><span class='ocrx_word' id='word_1_617' title='bbox 2122 4286 2317 4357; x_wconf 86' lang='lat' dir='ltr'><strong>perit:</strong></span> <span class='ocrx_word' id='word_1_618' title='bbox 2351 4284 2425 4339; x_wconf 89' lang='lat' dir='ltr'>ab</span> <span class='ocrx_word' id='word_1_619' title='bbox 2457 4300 2525 4339; x_wconf 90' lang='lat' dir='ltr'><strong>eo</strong></span> <span class='ocrx_word' id='word_1_620' title='bbox 2585 4284 2819 4350; x_wconf 78' lang='lat' dir='ltr'><strong>fluvius,</strong></span> <span class='ocrx_word' id='word_1_621' title='bbox 2871 4289 3097 4340; x_wconf 88' lang='lat' dir='ltr'><strong>mutato</strong></span> <span class='ocrx_word' id='word_1_622' title='bbox 3147 4287 3414 4351; x_wconf 89' lang='lat' dir='ltr'><strong>nomine,</strong></span> <span class='ocrx_word' id='word_1_623' title='bbox 3475 4286 3769 4341; x_wconf 84' lang='lat' dir='ltr'><strong>Achelous</strong></span> 
     </span>
    </p>
   </div>
   <div class='ocr_carea' id='block_1_89' title="bbox 2121 4373 3772 4447">
    <p class='ocr_par' dir='ltr' id='par_1_89' title="bbox 2121 4373 3772 4447">
     <span class='ocr_line' id='line_1_89' title="bbox 2121 4373 3772 4447; baseline 0.001 -18"><span class='ocrx_word' id='word_1_624' title='bbox 2121 4373 2410 4447; x_wconf 84' lang='lat' dir='ltr'><strong>appellari</strong></span> <span class='ocrx_word' id='word_1_625' title='bbox 2444 4374 2618 4445; x_wconf 90' lang='lat' dir='ltr'><strong>cepit.</strong></span> <span class='ocrx_word' id='word_1_626' title='bbox 2643 4375 2935 4429; x_wconf 58' lang='lat' dir='ltr'><strong>Craterum</strong></span> <span class='ocrx_word' id='word_1_627' title='bbox 2966 4375 3247 4429; x_wconf 82' lang='lat' dir='ltr'><strong>Hercules</strong></span> <span class='ocrx_word' id='word_1_628' title='bbox 3269 4374 3669 4447; x_wconf 84' lang='lat' dir='ltr'><strong>Polyphemus</strong></span> <span class='ocrx_word' id='word_1_629' title='bbox 3701 4391 3772 4431; x_wconf 84' lang='lat' dir='ltr'><strong>ex</strong></span> 
     </span>
    </p>
   </div>
   <div class='ocr_carea' id='block_1_90' title="bbox 338 4453 2006 4535">
    <p class='ocr_par' dir='ltr' id='par_1_90' title="bbox 338 4456 2006 4535">
     <span class='ocr_line' id='line_1_90' title="bbox 338 4456 2006 4535; baseline 0.001 -21"><span class='ocrx_word' id='word_1_630' title='bbox 338 4458 485 4514; x_wconf 65' lang='grc' dir='ltr'>κλέα</span> <span class='ocrx_word' id='word_1_631' title='bbox 542 4457 890 4535; x_wconf 66' lang='grc' dir='ltr'>ἐπιστραφείς</span> <span class='ocrx_word' id='word_1_632' title='bbox 948 4458 1156 4531; x_wconf 82' lang='grc' dir='ltr'>τοξεύει</span> <span class='ocrx_word' id='word_1_633' title='bbox 1211 4457 1375 4513; x_wconf 75' lang='grc' dir='ltr'>αὐτὸν</span> <span class='ocrx_word' id='word_1_634' title='bbox 1442 4458 1471 4512; x_wconf 92' lang='lat'>6</span> <span class='ocrx_word' id='word_1_635' title='bbox 1528 4456 1816 4532; x_wconf 80' lang='grc' dir='ltr'>Ἀχελῷος</span> <span class='ocrx_word' id='word_1_636' title='bbox 1872 4462 2006 4516; x_wconf 79' lang='grc' dir='ltr'>κατᾶ</span> 
     </span>
    </p>
   </div>
   <div class='ocr_carea' id='block_1_91' title="bbox 2118 4453 3578 4535">
    <p class='ocr_par' dir='ltr' id='par_1_91' title="bbox 2118 4463 3578 4535">
     <span class='ocr_line' id='line_1_91' title="bbox 2118 4463 3578 4535; baseline 0.001 -17"><span class='ocrx_word' id='word_1_637' title='bbox 2118 4465 2361 4520; x_wconf 89' lang='lat' dir='ltr'><strong>vulnere</strong></span> <span class='ocrx_word' id='word_1_638' title='bbox 2391 4479 2667 4519; x_wconf 68' lang='lat' dir='ltr'><strong>mammae</strong></span> <span class='ocrx_word' id='word_1_639' title='bbox 2698 4463 2902 4535; x_wconf 89' lang='lat' dir='ltr'><strong>paucis</strong></span> <span class='ocrx_word' id='word_1_640' title='bbox 2934 4469 3065 4535; x_wconf 88' lang='lat' dir='ltr'><strong>post</strong></span> <span class='ocrx_word' id='word_1_641' title='bbox 3093 4463 3304 4520; x_wconf 90' lang='lat' dir='ltr'><strong>diebus</strong></span> <span class='ocrx_word' id='word_1_642' title='bbox 3331 4464 3578 4519; x_wconf 90' lang='lat' dir='ltr'><strong>interiit.</strong></span> 
     </span>
    </p>
   </div>
   <div class='ocr_carea' id='block_1_92' title="bbox 343 4544 3768 4625">
    <p class='ocr_par' dir='ltr' id='par_1_92' title="bbox 343 4544 3768 4625">
     <span class='ocr_line' id='line_1_92' title="bbox 343 4544 3768 4625; baseline 0.001 -19"><span class='ocrx_word' id='word_1_643' title='bbox 343 4551 449 4604; x_wconf 75' lang='grc' dir='ltr'>τοῦ</span> <span class='ocrx_word' id='word_1_644' title='bbox 487 4550 717 4620; x_wconf 71' lang='grc' dir='ltr'>μαστοῦ.</span> <span class='ocrx_word' id='word_1_645' title='bbox 772 4546 879 4602; x_wconf 73' lang='grc' dir='ltr'>Καὶ</span> <span class='ocrx_word' id='word_1_646' title='bbox 936 4544 1136 4608; x_wconf 73' lang='grc' dir='ltr'>εὖθέως</span> <span class='ocrx_word' id='word_1_647' title='bbox 1191 4546 1268 4608; x_wconf 80' lang='grc' dir='ltr'>ὡς</span> <span class='ocrx_word' id='word_1_648' title='bbox 1327 4547 1481 4621; x_wconf 78' lang='grc' dir='ltr'>εἶχεν</span> <span class='ocrx_word' id='word_1_649' title='bbox 1541 4546 1570 4601; x_wconf 75' lang='grc' dir='ltr'>ὁ</span> <span class='ocrx_word' id='word_1_650' title='bbox 1629 4546 1930 4619; x_wconf 75' lang='grc' dir='ltr'>Ἡρακλῆς,</span> <span class='ocrx_word' id='word_1_651' title='bbox 1991 4548 2333 4623; x_wconf 83' lang='grc' dir='ltr'>ἀντετόξευσε</span> <span class='ocrx_word' id='word_1_652' title='bbox 2386 4551 2479 4606; x_wconf 89' lang='grc' dir='ltr'>τὸν</span> <span class='ocrx_word' id='word_1_653' title='bbox 2538 4549 2819 4625; x_wconf 76' lang='grc' dir='ltr'>Ἀχελῷον</span> <span class='ocrx_word' id='word_1_654' title='bbox 2852 4551 3090 4622; x_wconf 84' lang='grc' dir='ltr'>πλησίον</span> <span class='ocrx_word' id='word_1_655' title='bbox 3120 4556 3217 4607; x_wconf 75' lang='grc' dir='ltr'>τοῦ</span> <span class='ocrx_word' id='word_1_656' title='bbox 3246 4556 3500 4625; x_wconf 80' lang='grc' dir='ltr'>ποταμοῦ</span> <span class='ocrx_word' id='word_1_657' title='bbox 3531 4551 3768 4625; x_wconf 71' lang='grc' dir='ltr'>Είοήνου.</span> 
     </span>
    </p>
   </div>
   <div class='ocr_carea' id='block_1_93' title="bbox 339 4633 3775 4717">
    <p class='ocr_par' dir='ltr' id='par_1_93' title="bbox 339 4633 3775 4717">
     <span class='ocr_line' id='line_1_93' title="bbox 339 4633 3775 4717; baseline 0.002 -26"><span class='ocrx_word' id='word_1_658' title='bbox 339 4640 408 4696; x_wconf 91' lang='grc' dir='ltr'>Ὁ</span> <span class='ocrx_word' id='word_1_659' title='bbox 440 4635 502 4692; x_wconf 70' lang='grc' dir='ltr'>δὲ</span> <span class='ocrx_word' id='word_1_660' title='bbox 530 4633 821 4713; x_wconf 80' lang='grc' dir='ltr'>’Δχελῷος</span> <span class='ocrx_word' id='word_1_661' title='bbox 853 4633 1039 4704; x_wconf 74' lang='grc' dir='ltr'>ἐνῆκεν</span> <span class='ocrx_word' id='word_1_662' title='bbox 1088 4634 1280 4690; x_wconf 69' lang='grc' dir='ltr'>ἑαυτὸν</span> <span class='ocrx_word' id='word_1_663' title='bbox 1329 4634 1438 4691; x_wconf 78' lang='grc' dir='ltr'>ἀπὸ</span> <span class='ocrx_word' id='word_1_664' title='bbox 1492 4639 1590 4690; x_wconf 76' lang='grc' dir='ltr'>τοῦ</span> <span class='ocrx_word' id='word_1_665' title='bbox 1644 4636 1820 4691; x_wconf 81' lang='grc' dir='ltr'>ἳππου</span> <span class='ocrx_word' id='word_1_666' title='bbox 1878 4639 1955 4704; x_wconf 80' lang='grc' dir='ltr'>εἰς</span> <span class='ocrx_word' id='word_1_667' title='bbox 2009 4644 2076 4697; x_wconf 70' lang='grc' dir='ltr'>τὰ</span> <span class='ocrx_word' id='word_1_668' title='bbox 2142 4641 2326 4717; x_wconf 78' lang='grc' dir='ltr'>ῥεῖθρα</span> <span class='ocrx_word' id='word_1_669' title='bbox 2384 4645 2481 4695; x_wconf 79' lang='grc' dir='ltr'>τοῦ</span> <span class='ocrx_word' id='word_1_670' title='bbox 2538 4643 2791 4713; x_wconf 77' lang='grc' dir='ltr'>ποταμοῦ</span> <span class='ocrx_word' id='word_1_671' title='bbox 2837 4640 2928 4695; x_wconf 84' lang='grc' dir='ltr'>καὶ</span> <span class='ocrx_word' id='word_1_672' title='bbox 2980 4638 3256 4697; x_wconf 80' lang='grc' dir='ltr'>ἀπώλετο⁶</span> <span class='ocrx_word' id='word_1_673' title='bbox 3316 4642 3406 4697; x_wconf 86' lang='grc' dir='ltr'>καὶ</span> <span class='ocrx_word' id='word_1_674' title='bbox 3464 4641 3515 4716; x_wconf 72' lang='grc' dir='ltr'>ἐξ</span> <span class='ocrx_word' id='word_1_675' title='bbox 3567 4641 3775 4699; x_wconf 76' lang='grc' dir='ltr'>ἐκείνου</span> 
     </span>
    </p>
   </div>
   <div class='ocr_carea' id='block_1_94' title="bbox 345 4720 3768 4808">
    <p class='ocr_par' dir='ltr' id='par_1_94' title="bbox 345 4720 3768 4808">
     <span class='ocr_line' id='line_1_94' title="bbox 345 4720 3768 4808; baseline 0.002 -27"><span class='ocrx_word' id='word_1_676' title='bbox 345 4726 671 4798; x_wconf 72' lang='grc' dir='ltr'>μετεκληθη</span> <span class='ocrx_word' id='word_1_677' title='bbox 703 4724 731 4778; x_wconf 87' lang='grc' dir='ltr'><strong>ὁ</strong></span> <span class='ocrx_word' id='word_1_678' title='bbox 762 4723 1015 4797; x_wconf 87' lang='grc' dir='ltr'>ποταμὸς</span> <span class='ocrx_word' id='word_1_679' title='bbox 1047 4721 1353 4800; x_wconf 79' lang='grc' dir='ltr'>Ἀχελῷος.</span> <span class='ocrx_word' id='word_1_680' title='bbox 1385 4724 1447 4781; x_wconf 80' lang='grc' dir='ltr'><strong>Ὀ</strong></span> <span class='ocrx_word' id='word_1_681' title='bbox 1480 4720 1539 4779; x_wconf 77' lang='grc' dir='ltr'>δὶ</span> <span class='ocrx_word' id='word_1_682' title='bbox 1565 4721 1911 4802; x_wconf 82' lang='grc' dir='ltr'>Πολύφημος</span> <span class='ocrx_word' id='word_1_683' title='bbox 1938 4727 2217 4805; x_wconf 75' lang='grc' dir='ltr'>Ἡρακλῆς</span> <span class='ocrx_word' id='word_1_684' title='bbox 2252 4729 2311 4785; x_wconf 83' lang='grc' dir='ltr'>ἐκ</span> <span class='ocrx_word' id='word_1_685' title='bbox 2341 4733 2440 4794; x_wconf 79' lang='grc' dir='ltr'>τῆς</span> <span class='ocrx_word' id='word_1_686' title='bbox 2468 4727 2693 4805; x_wconf 84' lang='grc' dir='ltr'>πληγῆς</span> <span class='ocrx_word' id='word_1_687' title='bbox 2747 4731 2846 4782; x_wconf 74' lang='grc' dir='ltr'>τοῦ</span> <span class='ocrx_word' id='word_1_688' title='bbox 2905 4733 3113 4802; x_wconf 84' lang='grc' dir='ltr'>μαστοῦ</span> <span class='ocrx_word' id='word_1_689' title='bbox 3180 4729 3347 4785; x_wconf 77' lang='grc' dir='ltr'>αὐτοῦ</span> <span class='ocrx_word' id='word_1_690' title='bbox 3409 4733 3524 4804; x_wconf 87' lang='grc' dir='ltr'>μετ’</span> <span class='ocrx_word' id='word_1_691' title='bbox 3577 4731 3768 4808; x_wconf 84' lang='grc' dir='ltr'>ὀλίγας</span> 
     </span>
    </p>
   </div>
   <div class='ocr_carea' id='block_1_95' title="bbox 344 4810 1821 4888">
    <p class='ocr_par' dir='ltr' id='par_1_95' title="bbox 344 4810 1821 4888">
     <span class='ocr_line' id='line_1_95' title="bbox 344 4810 1821 4888; baseline 0 -18"><span class='ocrx_word' id='word_1_692' title='bbox 344 4819 383 4886; x_wconf 75' lang='grc' dir='ltr'><strong>ἡ</strong></span> <span class='ocrx_word' id='word_1_693' title='bbox 391 4815 567 4888; x_wconf 76' lang='grc' dir='ltr'>μέρος</span> <span class='ocrx_word' id='word_1_694' title='bbox 599 4810 841 4884; x_wconf 82' lang='grc' dir='ltr'>τελευτᾷ.</span> <span class='ocrx_word' id='word_1_695' title='bbox 1816 4846 1821 4851; x_wconf 64' lang='grc' dir='ltr'>ι</span> 
     </span>
    </p>
   </div>
   <div class='ocr_carea' id='block_1_96' title="bbox 407 4898 2004 4978">
    <p class='ocr_par' dir='ltr' id='par_1_96' title="bbox 407 4898 2004 4978">
     <span class='ocr_line' id='line_1_96' title="bbox 407 4898 2004 4978; baseline -0.001 -16"><span class='ocrx_word' id='word_1_696' title='bbox 407 4903 732 4978; x_wconf 67' lang='grc' dir='ltr'>Μελέαγρος</span> <span class='ocrx_word' id='word_1_697' title='bbox 764 4898 822 4956; x_wconf 77' lang='grc' dir='ltr'>δὶ</span> <span class='ocrx_word' id='word_1_698' title='bbox 853 4901 882 4957; x_wconf 92' lang='lat'>6</span> <span class='ocrx_word' id='word_1_699' title='bbox 913 4901 1030 4964; x_wconf 78' lang='grc' dir='ltr'>υίὸς</span> <span class='ocrx_word' id='word_1_700' title='bbox 1075 4900 1301 4971; x_wconf 65' lang='grc' dir='ltr'>Οἰνέως,</span> <span class='ocrx_word' id='word_1_701' title='bbox 1356 4899 1595 4977; x_wconf 78' lang='grc' dir='ltr'>ἀδελφὸς</span> <span class='ocrx_word' id='word_1_702' title='bbox 1649 4908 1752 4959; x_wconf 77' lang='grc' dir='ltr'>τοῦ</span> <span class='ocrx_word' id='word_1_703' title='bbox 1784 4904 2004 4969; x_wconf 64' lang='grc' dir='ltr'>Τυδέως</span> 
     </span>
    </p>
   </div>
   <div class='ocr_carea' id='block_1_97' title="bbox 330 4988 2006 5069">
    <p class='ocr_par' dir='ltr' id='par_1_97' title="bbox 330 4988 2006 5069">
     <span class='ocr_line' id='line_1_97' title="bbox 330 4988 2006 5069; baseline 0.002 -21"><span class='ocrx_word' id='word_1_704' title='bbox 330 4996 426 5050; x_wconf 81' lang='grc' dir='ltr'>καὶ</span> <span class='ocrx_word' id='word_1_705' title='bbox 481 4990 824 5065; x_wconf 77' lang='grc' dir='ltr'>Δηϊανείρας,</span> <span class='ocrx_word' id='word_1_706' title='bbox 908 4989 1166 5061; x_wconf 72' lang='grc' dir='ltr'>ἐποίησεν</span> <span class='ocrx_word' id='word_1_707' title='bbox 1224 4988 1395 5047; x_wconf 83' lang='grc' dir='ltr'>ἆθλον</span> <span class='ocrx_word' id='word_1_708' title='bbox 1466 4990 1660 5067; x_wconf 70' lang='grc' dir='ltr'>μέγαν,</span> <span class='ocrx_word' id='word_1_709' title='bbox 1746 4993 2006 5069; x_wconf 80' lang='grc' dir='ltr'>φονεύσας</span> 
     </span>
    </p>
   </div>
   <div class='ocr_carea' id='block_1_98' title="bbox 330 5078 2008 5157">
    <p class='ocr_par' dir='ltr' id='par_1_98' title="bbox 330 5078 2008 5157">
     <span class='ocr_line' id='line_1_98' title="bbox 330 5078 2008 5157; baseline -0.001 -18"><span class='ocrx_word' id='word_1_710' title='bbox 330 5082 548 5157; x_wconf 67' lang='grc' dir='ltr'>κάπρον</span> <span class='ocrx_word' id='word_1_711' title='bbox 579 5080 639 5143; x_wconf 75' lang='grc' dir='ltr'>ὃς</span> <span class='ocrx_word' id='word_1_712' title='bbox 660 5078 986 5154; x_wconf 82' lang='grc' dir='ltr'>ἐλυμαίνετο</span> <span class='ocrx_word' id='word_1_713' title='bbox 1015 5081 1116 5150; x_wconf 79' lang='grc' dir='ltr'>τήν</span> <span class='ocrx_word' id='word_1_714' title='bbox 1173 5079 1362 5155; x_wconf 86' lang='grc' dir='ltr'>χώραν</span> <span class='ocrx_word' id='word_1_715' title='bbox 1410 5078 1623 5153; x_wconf 69' lang='grc' dir='ltr'>ἐκείνην</span> <span class='ocrx_word' id='word_1_716' title='bbox 1682 5088 1881 5157; x_wconf 81' lang='grc' dir='ltr'>πᾶσαν,</span> <span class='ocrx_word' id='word_1_717' title='bbox 1906 5091 2008 5154; x_wconf 79' lang='grc' dir='ltr'>τῆς</span> 
     </span>
    </p>
   </div>
   <div class='ocr_carea' id='block_1_99' title="bbox 333 5163 2011 5246">
    <p class='ocr_par' dir='ltr' id='par_1_99' title="bbox 333 5163 2011 5246">
     <span class='ocr_line' id='line_1_99' title="bbox 333 5163 2011 5246; baseline -0.005 -19"><span class='ocrx_word' id='word_1_718' title='bbox 333 5167 699 5246; x_wconf 76' lang='grc' dir='ltr'>κυνηγὲτιδος</span> <span class='ocrx_word' id='word_1_719' title='bbox 757 5166 1091 5239; x_wconf 73' lang='grc' dir='ltr'>Ἀταλάντης</span> <span class='ocrx_word' id='word_1_720' title='bbox 1140 5163 1534 5244; x_wconf 87' lang='grc' dir='ltr'>προϐαλούσης</span> <span class='ocrx_word' id='word_1_721' title='bbox 1586 5172 1729 5244; x_wconf 77' lang='grc' dir='ltr'>τόξῳ</span> <span class='ocrx_word' id='word_1_722' title='bbox 1765 5173 1858 5229; x_wconf 87' lang='grc' dir='ltr'>τὸν</span> <span class='ocrx_word' id='word_1_723' title='bbox 1921 5174 2011 5228; x_wconf 78' lang='grc' dir='ltr'>σύ-</span> 
     </span>
    </p>
   </div>
   <div class='ocr_carea' id='block_1_100' title="bbox 331 5258 2009 5339">
    <p class='ocr_par' dir='ltr' id='par_1_100' title="bbox 331 5258 2009 5339">
     <span class='ocr_line' id='line_1_100' title="bbox 331 5258 2009 5339; baseline 0.002 -24"><span class='ocrx_word' id='word_1_724' title='bbox 331 5284 523 5339; x_wconf 78' lang='grc' dir='ltr'>αγρον.</span> <span class='ocrx_word' id='word_1_725' title='bbox 560 5261 662 5318; x_wconf 75' lang='grc' dir='ltr'>Καὶ</span> <span class='ocrx_word' id='word_1_726' title='bbox 697 5259 836 5334; x_wconf 80' lang='grc' dir='ltr'>μετὰ</span> <span class='ocrx_word' id='word_1_727' title='bbox 860 5260 963 5329; x_wconf 77' lang='grc' dir='ltr'>τήν</span> <span class='ocrx_word' id='word_1_728' title='bbox 1014 5258 1286 5334; x_wconf 78' lang='grc' dir='ltr'>ἀναίρεσιν</span> <span class='ocrx_word' id='word_1_729' title='bbox 1333 5264 1434 5315; x_wconf 83' lang='grc' dir='ltr'>τοῦ</span> <span class='ocrx_word' id='word_1_730' title='bbox 1494 5261 1664 5336; x_wconf 88' lang='grc' dir='ltr'>θηρὸς</span> <span class='ocrx_word' id='word_1_731' title='bbox 1716 5263 1780 5318; x_wconf 86' lang='grc' dir='ltr'>τὸ</span> <span class='ocrx_word' id='word_1_732' title='bbox 1836 5260 2009 5339; x_wconf 71' lang='grc' dir='ltr'>δέρμα</span> 
     </span>
    </p>
   </div>
   <div class='ocr_carea' id='block_1_101' title="bbox 330 5345 2009 5426">
    <p class='ocr_par' dir='ltr' id='par_1_101' title="bbox 330 5345 2009 5426">
     <span class='ocr_line' id='line_1_101' title="bbox 330 5345 2009 5426; baseline -0.009 -17"><span class='ocrx_word' id='word_1_733' title='bbox 330 5353 499 5409; x_wconf 76' lang='grc' dir='ltr'>αὐτοῦ</span> <span class='ocrx_word' id='word_1_734' title='bbox 586 5352 657 5423; x_wconf 79' lang='grc' dir='ltr'>τῇ</span> <span class='ocrx_word' id='word_1_735' title='bbox 715 5345 1039 5422; x_wconf 69' lang='grc' dir='ltr'>’Δταλάντῃ</span> <span class='ocrx_word' id='word_1_736' title='bbox 1133 5346 1453 5424; x_wconf 77' lang='grc' dir='ltr'>Μελέαγρος</span> <span class='ocrx_word' id='word_1_737' title='bbox 1533 5348 1854 5426; x_wconf 66' lang='grc' dir='ltr'>ἐχαρίσατο,</span> <span class='ocrx_word' id='word_1_738' title='bbox 1934 5352 2009 5416; x_wconf 73' lang='grc' dir='ltr'>εις</span> 
     </span>
    </p>
   </div>
   <div class='ocr_carea' id='block_1_102' title="bbox 326 5436 2007 5518">
    <p class='ocr_par' dir='ltr' id='par_1_102' title="bbox 326 5436 2007 5518">
     <span class='ocr_line' id='line_1_102' title="bbox 326 5436 2007 5518; baseline -0.002 -18"><span class='ocrx_word' id='word_1_739' title='bbox 326 5440 502 5517; x_wconf 75' lang='grc' dir='ltr'>ἔρωτα</span> <span class='ocrx_word' id='word_1_740' title='bbox 549 5439 758 5508; x_wconf 85' lang='grc' dir='ltr'>ταύτης</span> <span class='ocrx_word' id='word_1_741' title='bbox 820 5436 1077 5512; x_wconf 83' lang='grc' dir='ltr'>βληθείς.</span> <span class='ocrx_word' id='word_1_742' title='bbox 1137 5437 1423 5503; x_wconf 87' lang='grc' dir='ltr'>Ἀπελθὼν</span> <span class='ocrx_word' id='word_1_743' title='bbox 1485 5437 1544 5495; x_wconf 74' lang='grc' dir='ltr'>δὲ</span> <span class='ocrx_word' id='word_1_744' title='bbox 1601 5441 1630 5495; x_wconf 91' lang='lat'>6</span> <span class='ocrx_word' id='word_1_745' title='bbox 1690 5441 2007 5518; x_wconf 71' lang='grc' dir='ltr'>Μελέαγρος</span> 
     </span>
    </p>
   </div>
   <div class='ocr_carea' id='block_1_103' title="bbox 325 5526 2008 5605">
    <p class='ocr_par' dir='ltr' id='par_1_103' title="bbox 325 5526 2008 5605">
     <span class='ocr_line' id='line_1_103' title="bbox 325 5526 2008 5605; baseline 0 -17"><span class='ocrx_word' id='word_1_746' title='bbox 325 5534 400 5595; x_wconf 74' lang='grc' dir='ltr'>εἰς</span> <span class='ocrx_word' id='word_1_747' title='bbox 431 5535 527 5590; x_wconf 78' lang='grc' dir='ltr'>τὸν</span> <span class='ocrx_word' id='word_1_748' title='bbox 584 5532 790 5587; x_wconf 75' lang='grc' dir='ltr'>ἑαυτοῦ</span> <span class='ocrx_word' id='word_1_749' title='bbox 848 5528 1058 5601; x_wconf 80' lang='grc' dir='ltr'>πατὲρα</span> <span class='ocrx_word' id='word_1_750' title='bbox 1115 5526 1279 5585; x_wconf 65' lang='grc' dir='ltr'>Οἰνέα</span> <span class='ocrx_word' id='word_1_751' title='bbox 1336 5529 1601 5603; x_wconf 80' lang='grc' dir='ltr'>ἀπῃτεῖτο</span> <span class='ocrx_word' id='word_1_752' title='bbox 1657 5532 1788 5605; x_wconf 88' lang='grc' dir='ltr'>παρ’</span> <span class='ocrx_word' id='word_1_753' title='bbox 1841 5531 2008 5588; x_wconf 82' lang='grc' dir='ltr'>αύτοῦ</span> 
     </span>
    </p>
   </div>
   <div class='ocr_carea' id='block_1_104' title="bbox 323 5615 2008 5698">
    <p class='ocr_par' dir='ltr' id='par_1_104' title="bbox 323 5615 2008 5698">
     <span class='ocr_line' id='line_1_104' title="bbox 323 5615 2008 5698; baseline 0.002 -24"><span class='ocrx_word' id='word_1_754' title='bbox 323 5624 387 5679; x_wconf 69' lang='grc' dir='ltr'>τὰ</span> <span class='ocrx_word' id='word_1_755' title='bbox 408 5622 717 5696; x_wconf 75' lang='grc' dir='ltr'>νικητήρια</span> <span class='ocrx_word' id='word_1_756' title='bbox 745 5620 849 5672; x_wconf 77' lang='grc' dir='ltr'>τοῦ</span> <span class='ocrx_word' id='word_1_757' title='bbox 880 5615 1073 5689; x_wconf 83' lang='grc' dir='ltr'>θηρός.</span> <span class='ocrx_word' id='word_1_758' title='bbox 1105 5616 1210 5673; x_wconf 86' lang='grc' dir='ltr'>Καὶ</span> <span class='ocrx_word' id='word_1_759' title='bbox 1254 5617 1440 5691; x_wconf 81' lang='grc' dir='ltr'>μαθὼν</span> <span class='ocrx_word' id='word_1_760' title='bbox 1473 5618 1556 5673; x_wconf 81' lang='grc' dir='ltr'>ὅτι</span> <span class='ocrx_word' id='word_1_761' title='bbox 1585 5621 1656 5691; x_wconf 79' lang='grc' dir='ltr'>τῇ</span> <span class='ocrx_word' id='word_1_762' title='bbox 1705 5617 2008 5698; x_wconf 76' lang='grc' dir='ltr'>’Δταλάντῃ</span> 
     </span>
    </p>
   </div>
   <div class='ocr_carea' id='block_1_105' title="bbox 314 5704 2003 5789">
    <p class='ocr_par' dir='ltr' id='par_1_105' title="bbox 314 5704 2003 5789">
     <span class='ocr_line' id='line_1_105' title="bbox 314 5704 2003 5789; baseline 0.001 -24"><span class='ocrx_word' id='word_1_763' title='bbox 314 5716 377 5770; x_wconf 83' lang='grc' dir='ltr'>τὸ</span> <span class='ocrx_word' id='word_1_764' title='bbox 407 5711 588 5789; x_wconf 66' lang='grc' dir='ltr'>δέρμα</span> <span class='ocrx_word' id='word_1_765' title='bbox 627 5706 960 5785; x_wconf 67' lang='grc' dir='ltr'>ἐχαρίσατο,</span> <span class='ocrx_word' id='word_1_766' title='bbox 993 5704 1263 5781; x_wconf 83' lang='grc' dir='ltr'>ὀργισθεὶς</span> <span class='ocrx_word' id='word_1_767' title='bbox 1319 5710 1440 5763; x_wconf 81' lang='grc' dir='ltr'>κατ’</span> <span class='ocrx_word' id='word_1_768' title='bbox 1493 5707 1666 5763; x_wconf 78' lang='grc' dir='ltr'>αὐτοῦ</span> <span class='ocrx_word' id='word_1_769' title='bbox 1722 5704 1916 5766; x_wconf 77' lang='grc' dir='ltr'>ἔλαϐεν</span> <span class='ocrx_word' id='word_1_770' title='bbox 1945 5712 2003 5766; x_wconf 82' lang='grc' dir='ltr'>δν</span> 
     </span>
    </p>
   </div>
   <div class='ocr_carea' id='block_1_106' title="bbox 2188 4909 3771 4983">
    <p class='ocr_par' dir='ltr' id='par_1_106' title="bbox 2188 4909 3771 4983">
     <span class='ocr_line' id='line_1_106' title="bbox 2188 4909 3771 4983; baseline 0.003 -19"><span class='ocrx_word' id='word_1_771' title='bbox 2188 4910 2479 4982; x_wconf 83' lang='lat' dir='ltr'><strong>Meleager</strong></span> <span class='ocrx_word' id='word_1_772' title='bbox 2505 4913 2706 4964; x_wconf 88' lang='lat' dir='ltr'><strong>autem</strong></span> <span class='ocrx_word' id='word_1_773' title='bbox 2758 4909 2939 4965; x_wconf 80' lang='lat' dir='ltr'><strong>(Enei</strong></span> <span class='ocrx_word' id='word_1_774' title='bbox 2982 4909 3141 4965; x_wconf 76' lang='lat' dir='ltr'><strong>illius</strong></span> <span class='ocrx_word' id='word_1_775' title='bbox 3170 4910 3348 4983; x_wconf 88' lang='lat' dir='ltr'><strong>Tydei</strong></span> <span class='ocrx_word' id='word_1_776' title='bbox 3390 4917 3450 4967; x_wconf 93' lang='lat' dir='ltr'>et</span> <span class='ocrx_word' id='word_1_777' title='bbox 3476 4912 3771 4983; x_wconf 68' lang='lat' dir='ltr'><strong>Dejaniraa</strong></span> 
     </span>
    </p>
   </div>
   <div class='ocr_carea' id='block_1_107' title="bbox 2117 4998 3768 5072">
    <p class='ocr_par' dir='ltr' id='par_1_107' title="bbox 2117 4998 3768 5072">
     <span class='ocr_line' id='line_1_107' title="bbox 2117 4998 3768 5072; baseline 0.002 -18"><span class='ocrx_word' id='word_1_778' title='bbox 2117 5000 2302 5055; x_wconf 87' lang='lat' dir='ltr'><strong>frater</strong></span> <span class='ocrx_word' id='word_1_779' title='bbox 2330 5014 2613 5072; x_wconf 86' lang='lat' dir='ltr'><strong>magnum</strong></span> <span class='ocrx_word' id='word_1_780' title='bbox 2670 5002 2976 5054; x_wconf 88' lang='lat' dir='ltr'><strong>certamen</strong></span> <span class='ocrx_word' id='word_1_781' title='bbox 3003 4998 3188 5055; x_wconf 90' lang='lat' dir='ltr'><strong>obivit</strong></span> <span class='ocrx_word' id='word_1_782' title='bbox 3241 5016 3383 5072; x_wconf 88' lang='lat' dir='ltr'><strong>apro</strong></span> <span class='ocrx_word' id='word_1_783' title='bbox 3432 5001 3768 5071; x_wconf 84' lang='lat' dir='ltr'><strong>interfecto,</strong></span> 
     </span>
    </p>
   </div>
   <div class='ocr_carea' id='block_1_108' title="bbox 2119 5088 3772 5162">
    <p class='ocr_par' dir='ltr' id='par_1_108' title="bbox 2119 5088 3772 5162">
     <span class='ocr_line' id='line_1_108' title="bbox 2119 5088 3772 5162; baseline 0.001 -19"><span class='ocrx_word' id='word_1_784' title='bbox 2119 5089 2222 5159; x_wconf 90' lang='lat' dir='ltr'>qui</span> <span class='ocrx_word' id='word_1_785' title='bbox 2251 5093 2438 5144; x_wconf 88' lang='lat' dir='ltr'><strong>totam</strong></span> <span class='ocrx_word' id='word_1_786' title='bbox 2469 5104 2602 5144; x_wconf 90' lang='lat' dir='ltr'>eam</span> <span class='ocrx_word' id='word_1_787' title='bbox 2649 5088 2953 5162; x_wconf 88' lang='lat' dir='ltr'><strong>regionem</strong></span> <span class='ocrx_word' id='word_1_788' title='bbox 3011 5089 3298 5158; x_wconf 88' lang='lat' dir='ltr'><strong>vastabat,</strong></span> <span class='ocrx_word' id='word_1_789' title='bbox 3359 5106 3493 5145; x_wconf 92' lang='lat' dir='ltr'>cum</span> <span class='ocrx_word' id='word_1_790' title='bbox 3531 5091 3772 5162; x_wconf 89' lang='lat' dir='ltr'><strong>quidem</strong></span> 
     </span>
    </p>
   </div>
   <div class='ocr_carea' id='block_1_109' title="bbox 2117 5177 3771 5252">
    <p class='ocr_par' dir='ltr' id='par_1_109' title="bbox 2117 5177 3771 5252">
     <span class='ocr_line' id='line_1_109' title="bbox 2117 5177 3771 5252; baseline 0.001 -18"><span class='ocrx_word' id='word_1_791' title='bbox 2117 5178 2389 5234; x_wconf 84' lang='lat' dir='ltr'><strong>venatrix</strong></span> <span class='ocrx_word' id='word_1_792' title='bbox 2416 5177 2697 5234; x_wconf 83' lang='lat' dir='ltr'><strong>Atalanta</strong></span> <span class='ocrx_word' id='word_1_793' title='bbox 2714 5194 2851 5237; x_wconf 83' lang='lat' dir='ltr'>eum</span> <span class='ocrx_word' id='word_1_794' title='bbox 2884 5194 3097 5250; x_wconf 88' lang='lat' dir='ltr'><strong>aprum</strong></span> <span class='ocrx_word' id='word_1_795' title='bbox 3127 5179 3345 5252; x_wconf 85' lang='lat' dir='ltr'><strong>sagitta</strong></span> <span class='ocrx_word' id='word_1_796' title='bbox 3374 5179 3553 5235; x_wconf 83' lang='lat' dir='ltr'><strong>ferire</strong></span> <span class='ocrx_word' id='word_1_797' title='bbox 3600 5196 3771 5235; x_wconf 89' lang='lat' dir='ltr'><strong>occu-</strong></span> 
     </span>
    </p>
   </div>
   <div class='ocr_carea' id='block_1_110' title="bbox 2119 5266 3773 5341">
    <p class='ocr_par' dir='ltr' id='par_1_110' title="bbox 2119 5266 3773 5341">
     <span class='ocr_line' id='line_1_110' title="bbox 2119 5266 3773 5341; baseline 0.001 -18"><span class='ocrx_word' id='word_1_798' title='bbox 2119 5274 2340 5340; x_wconf 89' lang='lat' dir='ltr'><strong>passet.</strong></span> <span class='ocrx_word' id='word_1_799' title='bbox 2372 5267 2576 5338; x_wconf 89' lang='lat' dir='ltr'><strong>Itaque</strong></span> <span class='ocrx_word' id='word_1_800' title='bbox 2635 5266 2924 5340; x_wconf 85' lang='lat' dir='ltr'><strong>Meleager</strong></span> <span class='ocrx_word' id='word_1_801' title='bbox 2976 5267 3289 5337; x_wconf 61' lang='lat' dir='ltr'><strong>Atalanta,</strong></span> <span class='ocrx_word' id='word_1_802' title='bbox 3344 5268 3516 5341; x_wconf 85' lang='lat' dir='ltr'><strong>cujus</strong></span> <span class='ocrx_word' id='word_1_803' title='bbox 3570 5284 3773 5324; x_wconf 88' lang='lat' dir='ltr'><strong>amore</strong></span> 
     </span>
    </p>
   </div>
   <div class='ocr_carea' id='block_1_111' title="bbox 2113 5355 3772 5428">
    <p class='ocr_par' dir='ltr' id='par_1_111' title="bbox 2113 5355 3772 5428">
     <span class='ocr_line' id='line_1_111' title="bbox 2113 5355 3772 5428; baseline 0.001 -16"><span class='ocrx_word' id='word_1_804' title='bbox 2113 5356 2241 5428; x_wconf 90' lang='lat' dir='ltr'>jam</span> <span class='ocrx_word' id='word_1_805' title='bbox 2260 5355 2931 5427; x_wconf 84' lang='lat' dir='ltr'><strong>eratcaptus,interfecti</strong></span> <span class='ocrx_word' id='word_1_806' title='bbox 2952 5358 3079 5428; x_wconf 88' lang='lat' dir='ltr'><strong>apri</strong></span> <span class='ocrx_word' id='word_1_807' title='bbox 3103 5358 3375 5414; x_wconf 83' lang='lat' dir='ltr'><strong>exuvium</strong></span> <span class='ocrx_word' id='word_1_808' title='bbox 3399 5358 3555 5413; x_wconf 92' lang='lat' dir='ltr'><strong>dono</strong></span> <span class='ocrx_word' id='word_1_809' title='bbox 3588 5357 3772 5413; x_wconf 89' lang='lat' dir='ltr'><strong>dedit.</strong></span> 
     </span>
    </p>
   </div>
   <div class='ocr_carea' id='block_1_112' title="bbox 2119 5446 3774 5521">
    <p class='ocr_par' dir='ltr' id='par_1_112' title="bbox 2119 5446 3774 5521">
     <span class='ocr_line' id='line_1_112' title="bbox 2119 5446 3774 5521; baseline -0.001 -17"><span class='ocrx_word' id='word_1_810' title='bbox 2119 5450 2408 5504; x_wconf 80' lang='lat' dir='ltr'><strong>Reversus</strong></span> <span class='ocrx_word' id='word_1_811' title='bbox 2430 5446 2505 5502; x_wconf 87' lang='lat' dir='ltr'>ad</span> <span class='ocrx_word' id='word_1_812' title='bbox 2525 5448 2763 5502; x_wconf 89' lang='lat' dir='ltr'><strong>Patrem</strong></span> <span class='ocrx_word' id='word_1_813' title='bbox 2800 5463 2971 5501; x_wconf 92' lang='lat' dir='ltr'><strong>suum</strong></span> <span class='ocrx_word' id='word_1_814' title='bbox 2996 5448 3260 5503; x_wconf 67' lang='lat' dir='ltr'><strong>(lineam</strong></span> <span class='ocrx_word' id='word_1_815' title='bbox 3284 5447 3574 5521; x_wconf 79' lang='lat' dir='ltr'><strong>Meleager</strong></span> <span class='ocrx_word' id='word_1_816' title='bbox 3600 5447 3673 5503; x_wconf 88' lang='lat' dir='ltr'>ab</span> <span class='ocrx_word' id='word_1_817' title='bbox 3703 5465 3774 5504; x_wconf 91' lang='lat' dir='ltr'>eo</span> 
     </span>
    </p>
   </div>
   <div class='ocr_carea' id='block_1_113' title="bbox 2118 5535 3776 5608">
    <p class='ocr_par' dir='ltr' id='par_1_113' title="bbox 2118 5535 3776 5608">
     <span class='ocr_line' id='line_1_113' title="bbox 2118 5535 3776 5608; baseline 0.001 -17"><span class='ocrx_word' id='word_1_818' title='bbox 2118 5537 2193 5592; x_wconf 90' lang='lat' dir='ltr'>ob</span> <span class='ocrx_word' id='word_1_819' title='bbox 2224 5537 2437 5591; x_wconf 89' lang='lat' dir='ltr'><strong>victam</strong></span> <span class='ocrx_word' id='word_1_820' title='bbox 2467 5535 2657 5590; x_wconf 84' lang='lat' dir='ltr'><strong>feram</strong></span> <span class='ocrx_word' id='word_1_821' title='bbox 2687 5535 2999 5605; x_wconf 70' lang='lat' dir='ltr'><strong>praemium</strong></span> <span class='ocrx_word' id='word_1_822' title='bbox 3034 5537 3245 5606; x_wconf 90' lang='lat' dir='ltr'><strong>poscit.</strong></span> <span class='ocrx_word' id='word_1_823' title='bbox 3277 5536 3422 5593; x_wconf 89' lang='lat' dir='ltr'><strong>Cum</strong></span> <span class='ocrx_word' id='word_1_824' title='bbox 3444 5553 3583 5592; x_wconf 90' lang='lat' dir='ltr'><strong>vero</strong></span> <span class='ocrx_word' id='word_1_825' title='bbox 3606 5542 3776 5608; x_wconf 88' lang='lat' dir='ltr'><strong>pater</strong></span> 
     </span>
    </p>
   </div>
   <div class='ocr_carea' id='block_1_114' title="bbox 2118 5623 3774 5697">
    <p class='ocr_par' dir='ltr' id='par_1_114' title="bbox 2118 5623 3774 5697">
     <span class='ocr_line' id='line_1_114' title="bbox 2118 5623 3774 5697; baseline 0.001 -17"><span class='ocrx_word' id='word_1_826' title='bbox 2118 5625 2480 5697; x_wconf 86' lang='lat' dir='ltr'><strong>intelligeret</strong></span> <span class='ocrx_word' id='word_1_827' title='bbox 2491 5623 2847 5695; x_wconf 88' lang='lat' dir='ltr'><strong>Meleagrum</strong></span> <span class='ocrx_word' id='word_1_828' title='bbox 2861 5623 3015 5679; x_wconf 75' lang='lat'>248</span> <span class='ocrx_word' id='word_1_829' title='bbox 3028 5623 3234 5680; x_wconf 69' lang='lat' dir='ltr'><strong>bestia:</strong></span> <span class='ocrx_word' id='word_1_830' title='bbox 3254 5626 3472 5697; x_wconf 88' lang='lat' dir='ltr'><strong>pellem</strong></span> <span class='ocrx_word' id='word_1_831' title='bbox 3486 5630 3526 5679; x_wconf 85' lang='lat' dir='ltr'>A</span> <span class='ocrx_word' id='word_1_832' title='bbox 3537 5625 3774 5681; x_wconf 71' lang='lat' dir='ltr'><strong>talantaa</strong></span> 
     </span>
    </p>
   </div>
   <div class='ocr_carea' id='block_1_115' title="bbox 2117 5711 3774 5786">
    <p class='ocr_par' dir='ltr' id='par_1_115' title="bbox 2117 5711 3774 5786">
     <span class='ocr_line' id='line_1_115' title="bbox 2117 5711 3774 5786; baseline 0.001 -18"><span class='ocrx_word' id='word_1_833' title='bbox 2117 5713 2275 5770; x_wconf 90' lang='lat' dir='ltr'><strong>dono</strong></span> <span class='ocrx_word' id='word_1_834' title='bbox 2305 5712 2561 5783; x_wconf 86' lang='lat' dir='ltr'><strong>dedisse,</strong></span> <span class='ocrx_word' id='word_1_835' title='bbox 2585 5711 2732 5767; x_wconf 73' lang='lat' dir='ltr'><strong>oleaa</strong></span> <span class='ocrx_word' id='word_1_836' title='bbox 2763 5711 3035 5768; x_wconf 80' lang='lat' dir='ltr'><strong>frondem</strong></span> <span class='ocrx_word' id='word_1_837' title='bbox 3055 5731 3235 5786; x_wconf 90' lang='lat' dir='ltr'><strong>quam</strong></span> <span class='ocrx_word' id='word_1_838' title='bbox 3255 5716 3485 5771; x_wconf 69' lang='lat' dir='ltr'><strong>Althaza</strong></span> <span class='ocrx_word' id='word_1_839' title='bbox 3513 5729 3774 5770; x_wconf 86' lang='lat' dir='ltr'><strong>asserva-</strong></span> 
     </span>
    </p>
   </div>
  </div>
