4142 6434
377 374 496 438 285

1511 370 2060 434 HISTORIARUM
2101 372 2666 441 COMPENDIUM.

3685 370 3806 433 286

371 514 483 566 νοῶ
510 506 576 564 τὸ
605 508 834 563 ἄστατον
861 511 963 564 τοῖ’»
993 507 1143 582 βίου,
1168 513 1286 570 πῶς
1321 506 1391 563 τὰ
1425 501 1574 565 κάτω
1629 505 1742 563 ἄνω
1789 504 2008 582 τένοντα

2144 508 2289 564 volvi
2345 519 2570 580 cernat,
2604 514 2735 570 vitae
2785 510 3239 569 instabilitatem
3283 507 3686 577 considerare,
3739 509 3804 564 in

376 600 471 659 καὶ
501 598 568 655 τὰ
614 595 726 653 ἄνω
753 595 927 654 κάτω.
964 621 992 649 ››
1048 600 1223 669 Ὅπερ
1278 595 1512 659 ἀκούσας
1541 598 1571 652 ὁ
1600 600 1779 672 Κῦρος
1836 596 1925 651 καὶ
1960 595 2043 650 αὶ-

381 690 645 764 σθόμενος
695 685 885 742 ἔλυσεν
969 686 1152 757 αὐτὰν,
1237 688 1328 742 καὶ
1402 688 1643 761 τιμήσας
1690 680 2042 765 φιλοφρόνως

379 775 701 836 ἀνεϐίϐασεν
761 774 815 830 ἐν
882 781 965 849 τῷ
1017 772 1241 856 ἅρματι,
1298 779 1387 831 καὶ
1447 774 1756 849 ἰλευθερίας
1810 774 2040 846 ἠξίωσεν

2152 615 2270 670 qua
2299 616 2535 658 summa
2563 604 2638 658 ad
2669 605 2856 658 imum
2913 600 3322 666 devolvuntur,
3383 599 3504 653 ima
3532 598 3607 655 ad
3651 613 3809 654 sum-

2152 706 2318 746 mum
2352 693 2706 747 evehuntur.
2737 694 2857 748 Hoc
2886 689 3137 748 audiens
3168 690 3352 761 Cyrus
3382 692 3562 758 atque
3605 687 3805 743 animo

2150 783 2458 852 reputans,
2492 796 2627 837 eum
2659 781 2853 848 solvit,
2886 795 2953 837 ac
2985 779 3235 835 comiter
3264 779 3490 832 honore
3525 776 3803 832 affectum

381 869 444 927 οὗ
482 869 651 944 μόνον
704 868 890 939 αὐτὸν,
920 865 1069 923 ἀλλὰ
1096 867 1185 923 καὶ
1225 869 1353 929 τοὺς
1386 867 1637 930 λοιποὺς.
1670 868 1840 929 Οὗτος
1871 868 1900 920 ὁ
1932 868 2010 923 Κῦ

2151 866 2211 922 in
2243 869 2558 941 quadrigas
2590 869 2849 936 sustulit,
2885 868 3279 938 libet-lateque
3309 871 3369 921 et
3397 864 3596 937 ipsum
3628 868 3688 919 et
3715 879 3805 919 re-

378 980 476 1036 ρος
508 961 731 1034 Περσῶν
772 957 865 1013 καὶ
904 954 1111 1028 Μήδων
1145 950 1436 1015 Χαλδαίων
1464 976 1524 1013 τε
1567 956 1660 1011 καὶ
1714 956 2039 1032 Ἀσσυρίων,

379 1046 581 1127 Συρίας
613 1047 705 1104 καέ
737 1044 932 1103 Λυδῶν
972 1046 1285 1124 ἐκράτησεν·

443 1224 618 1291 Οὗτος
683 1227 776 1285 τὸν
844 1230 1075 1301 Κροῖσον
1142 1218 1571 1302 αἱχμαλωτίζει.
1629 1223 1735 1280 Καὶ
1801 1219 2039 1294 θελήσας

368 1316 534 1375 αὐτὸν
562 1316 696 1394 πυρῖ
726 1317 1063 1373 κατακαῦσαι
1122 1312 1212 1370 διὰ
1270 1313 1497 1370 Σόλωνα
1560 1313 1809 1392 ἆφείσασο
1845 1312 2037 1389 τρόπῳ

359 1402 586 1479 τοιῷδε.
649 1404 1069 1481 Ἀπερχόμενος
1108 1404 1136 1458 ὁ
1187 1405 1421 1480 Κροῖσος
1477 1408 1675 1472 καῆναι
1728 1399 2033 1477 ἀνέκραξεν,

359 1496 431 1552 Ὦ
463 1495 687 1568 Σόλων,
720 1492 765 1549 ὦ
797 1491 1011 1550 Σόλων.
1055 1494 1242 1550 Τοῦτο
1272 1491 1506 1553 ἀκούσας
1535 1492 1563 1546 ὁ
1596 1492 1770 1565 Κῦρος
1809 1488 2034 1545 ἐπύθετο

361 1583 516 1648 τίνος
554 1586 723 1660 χάριν
766 1579 1022 1657 όνομίζει
1076 1580 1170 1637 τὸν
1227 1578 1475 1648 Σόλωνα,
1531 1580 1622 1635 καὶ
1691 1579 1817 1653 παρ’
1869 1577 2035 1634 αὐτοῦ

368 1673 565 1731 ἀκούει
594 1674 679 1728 ὅτι
719 1698 746 1725 ιι
777 1673 911 1729 Ὅτε
935 1669 1394 1747 αἷχμαλωτεόσας
1424 1670 1515 1726 τὸν
1548 1666 1779 1725 Σόλωνα
1834 1667 2034 1745 ἤνεγκα

361 1764 559 1835 αὖτὸν,
592 1764 960 1844 καυχώμενος
980 1761 1037 1817 ἐν
1072 1767 1142 1837 τῇ
1174 1758 1303 1837 δόξῃ
1341 1780 1448 1835 μου
1475 1758 1568 1817 καὶ
1616 1759 1670 1815 ἂν
1696 1760 1776 1831 τῷ
1804 1758 2033 1831 πλούτῳ

2147 955 2344 1027 liquos
2375 957 2637 1015 donavit.
2672 959 2777 1015 llic
2806 960 2991 1029 Cyrus
3042 972 3293 1027 regnum
3323 954 3385 1010 in
3412 957 3644 1024 Persas,
3687 953 3804 1007 Me-

2147 1044 2276 1113 dos,
2310 1046 2636 1117 Chaldaeos,
2676 1047 2972 1123 Assyrios,
3031 1044 3227 1115 Syrios
3258 1049 3319 1100 et
3369 1042 3558 1115 Lydos
3590 1041 3801 1097 tenuit.

2222 1135 2383 1191 idem
2413 1138 2598 1209 Cyrus
2650 1137 2868 1202 Crceso,
2926 1150 3106 1208 quem
3155 1140 3395 1207 captum
3448 1131 3801 1191 comburere

2146 1229 2454 1296 statuerat,
2513 1231 2756 1300 propter
2785 1226 3061 1283 Solonem
3120 1225 3405 1297 pepercit.
3465 1226 3580 1280 Res
3624 1240 3694 1281 ea
3723 1224 3805 1281 ita

2143 1319 2308 1386 gesta
2338 1320 2448 1370 est.
2482 1316 2713 1372 Crmsus
2743 1329 2879 1372 cum
2905 1315 3033 1387 jam
3065 1315 3139 1370 ad
3162 1313 3433 1369 ﬂammas
3460 1313 3801 1381 duceretur,

2144 1403 2513 1475 exclamavit,
2541 1428 2569 1456 «
2592 1407 2635 1461 Ο
2656 1405 2855 1471 Solon,
2881 1422 2913 1460 ο
2937 1405 3111 1460 Solon
3141 1403 3153 1458 l
3189 1426 3215 1453 ››
3235 1403 3298 1458 Id
3318 1403 3500 1473 Cyrus
3526 1401 3798 1471 audiens,

2142 1508 2382 1550 causam
2408 1510 2514 1553 cur
2530 1494 2807 1551 Solonem
2824 1494 3163 1551 nominaret
3181 1492 3505 1564 requisivit.
3530 1494 3800 1565 Respon-

2141 1580 2230 1639 dit
2249 1586 2482 1641 Crassus
2513 1603 2576 1641 se
2597 1585 2919 1658 aliquando
2946 1584 3167 1652 Soloni,
3191 1598 3326 1640 cum
3352 1599 3488 1639 eum
3521 1584 3797 1656 cepisset,

2142 1671 2393 1748 gloriam
2423 1680 2486 1730 et
2502 1675 2737 1731 divitias
2760 1675 2927 1747 regni
2959 1675 3051 1730 sui
3073 1677 3424 1742 ostentasse,
3457 1690 3527 1730 ac
3548 1673 3799 1731 interro-

2138 1777 2309 1836 gasse
2339 1779 2493 1820 anne
2551 1765 2678 1836 ipso
2736 1765 2997 1835 aliquem
3027 1764 3353 1820 beatiorem
3410 1779 3474 1818 se
3528 1763 3797 1819 invenire

358 1860 466 1925 τῆς
527 1853 818 1931 βασιλείας
873 1870 979 1927 μου
1028 1854 1182 1908 εἷπον
1240 1852 1411 1924 αὑτῷ·
1467 1851 1697 1906 Δύνασαι
1756 1847 1951 1925 εὖρεῖν,
1984 1847 2011 1903 tl

2139 1868 2312 1925 posse
2352 1859 2626 1926 putaret;
2686 1853 2960 1910 Solonem
2994 1871 3134 1909 vero
3193 1852 3415 1909 dixisse
3473 1852 3794 1925 Diogenem

353 1947 579 2019 Σόλων,
633 1941 1122 2017 εὐδαιμονέστερόν
1195 1960 1349 2016 μου;
1406 1941 1509 1998 Καὶ
1569 1937 1755 2014 εἴρηκὲ
1815 1956 1909 2013 μοι
1939 1937 2011 1994 ὅτι

2138 1942 2421 2014 Cynicum
2451 1942 2795 2015 multosque
2816 1942 2967 1999 alios
3016 1943 3144 2014 ipso
3177 1958 3305 1998 esse
3352 1940 3692 2009 feliciores;
3723 1958 3795 1999 ac

361 2035 618 2115 Διογὲνης
677 2032 710 2092 ὁ
759 2032 994 2097 Κυνικὸς
1047 2028 1527 2109 εὐδαιμονέστερός
1586 2029 1683 2085 sed
1755 2030 1867 2086 ἐστι
1928 2029 2022 2086 καὶ

370 2124 537 2181 ἄλλοι
562 2120 790 2183 πολλοί.
822 2122 922 2181 Ὄν
955 2118 1421 2197 ἀποπεμψάμενος
1453 2120 1528 2182 ὡς
1566 2115 1788 2195 ἔξηχον,
1819 2117 2023 2193 ἀρτίως

378 2215 629 2289 ᾐσθόμην
649 2213 726 2270 δτι
757 2216 845 2287 [Ρ.
882 2215 1006 2287 143]
1037 2210 1210 2268 πάντα
1253 2207 1352 2266 τοῖ’)
1407 2208 1619 2282 κόσμου
1678 2205 1833 2264 οὐδὲν
1867 2206 2017 2263 εἰσιν.

377 2298 490 2361 Ἴδε
529 2303 627 2380 γάρ
679 2300 763 2359 ὅτι
819 2296 978 2358 οὐδὲν
1036 2297 1329 2380 ὠφελήθην
1393 2296 1452 2354 εκ
1481 2296 1579 2355 τοῦ
1635 2294 1881 2353 πλούτου
1919 2304 2022 2367 τῆς

368 2388 653 2470 βασιλείας
714 2412 842 2467 μου.
876 2415 905 2443 n
963 2389 1281 2462 Τηνικαῦτα
1344 2386 1668 2461 αἴσθόμενος
1697 2387 1727 2442 ὁ
1750 2390 1927 2462 Κῦρος
1956 2385 2018 2441 οὐ

362 2480 532 2557 μόνον
562 2480 726 2538 αὐτὸν
771 2477 1127 2555 ἀτιμώρητον
1177 2478 1376 2547 εἴασεν,
1432 2475 1580 2532 ἀλλὰ
1632 2476 1723 2531 καὶ
1776 2477 2017 2549 τιμήσας

358 2565 685 2644 σύμϐουλον
743 2571 1061 2644 προσήκατο
1124 2567 1217 2624 καὶ
1268 2564 1613 2643 παιδαγωγὸν
1669 2569 1767 2620 τοῦ
1823 2561 2017 2627 παιδὸς

354 2653 690 2735 Καμϐύσου.
750 2656 924 2722 Οὗτος
958 2660 986 2714 ὁ
1020 2658 1252 2733 Κροῖσος
1315 2653 1659 2733 βουλόμενος
1723 2658 1804 2727 τῷ
1861 2655 2018 2730 Κύρῳ

356 2746 708 2825 μαχέσασθαι
746 2744 917 2824 ᾔτησε
965 2747 1246 2828 χρησμὸν,
1275 2744 1369 2802 καὶ
1426 2735 1695 2819 λαμϐάνει
1746 2746 2012 2799 τοιοῦτον·

698 2923 872 2985 Ἀλυν
951 2920 1161 2997 διαϐὰς,
1240 2922 1489 3003 μεγάλην
1564 2923 1744 3001 ἀργὴν
1844 2940 2014 2978 κατα-

1744 3011 1916 3088 [λῦσει
1926 3048 1940 3068 ι

420 3108 522 3167 ’ον
592 3108 670 3182 μὴ
722 3105 940 3179 νοηθεὶς
994 3105 1093 3174 τὴν
1158 3103 1438 3181 βασιλείαν
1515 3102 1682 3158 αὐτοῦ
1737 3094 2011 3158 ἀπώλεσε.

346 3204 534 3277 Κῦρος
584 3199 763 3255 τοίνυν
829 3199 923 3255 τὸν
998 3199 1231 3274 Κροῖσον
1298 3196 1588 3266 ὑποτάξας,
1647 3195 1741 3251 τὸν
1801 3189 2008 3263 Δανιὴλ

345 3283 675 3363 συμϐιωτὴν
719 3284 808 3343 διὰ
857 3289 959 3356 τὴν
1016 3283 1343 3367 προφητείαν
1367 3285 1490 3361 εἶχε
1539 3284 1631 3340 καὶ
1693 3282 2006 3357 ὁμοέστιον.

347 3379 451 3438 Καὶ
503 3384 586 3452 τῷ
642 3374 765 3451 λαῷ
821 3374 879 3433 δὲ
926 3377 1027 3446 τήν
1081 3372 1342 3431 ἐπάνοδον
1405 3376 1539 3449 μετὰ
1596 3372 1855 3449 λαμπροῦ
1910 3375 2006 3428 τοῦ

344 3467 704 3542 κηρῦγμασιος
753 3462 1016 3521 ἐθέσπισε.
1075 3460 1208 3520 Τότε
1258 3462 1352 3518 καῖ
1406 3464 1435 3517 ὁ
1493 3459 1614 3533 Βὴλ
1669 3462 1793 3523 ταῖς
1844 3459 2007 3517 αὐτοῦ

345 3551 719 3629 συμϐουλίαις
778 3550 1142 3633 κατεστράφη,
1173 3551 1265 3608 καὶ
1297 3553 1325 3607 ὁ
1356 3549 1569 3627 δράκων
1622 3556 1691 3625 τῇ
1756 3555 1854 3606 τοῦ
1902 3559 2007 3606 Δα-

338 3643 475 3716 νιὴλ
510 3641 875 3719 ἀντανῂρηται
907 3662 1133 3713 συνεσει,
1186 3643 1276 3697 καὶ
1327 3643 1378 3696 οἱ
1436 3641 1632 3697 τούτου
1685 3639 2005 3715 θεραπευταὶ

342 3731 663 3803 ἀπώλοντο,
686 3731 775 3789 καὶ
833 3732 994 3795 αὐτὸς
1038 3732 1101 3787 τὸ
1160 3728 1407 3806 δεύτερον
1454 3736 1557 3800 τῆς
1607 3732 1716 3784 τῶν
1770 3724 2001 3784 λεόντων

341 3820 643 3895 ὠμότητος
698 3819 958 3898 ὲρῥυσοη,
1014 3821 1106 3877 καὶ
1163 3823 1216 3876 οἱ
1270 3824 1464 3876 τοῦτον
1525 3815 1898 3889 διαϐαλόντες,
1948 3816 2001 3874 ἰν

338 3910 536 3973 αὐτοῖς
577 3910 993 3987 ἀντανῃροῧντο.
1057 3910 1232 3973 Οὗτος
1289 3911 1471 3985 Κῦρος
1531 3908 1625 3985 μὶν
1683 3900 2002 3977 Ἑλληνιστῖ

340 4002 619 4071 ἐκαλεῖτο,
652 4002 1006 4081 Ἀρταξέρξης
1038 3999 1098 4058 8t
1147 4003 1237 4058 καὶ
1298 4001 1664 4076 Ἀρθασασθὰς
1723 3999 1997 4075 Ησρσιστι.

339 4097 552 4151 τοῦτον
583 4094 674 4148 τὸν
744 4093 922 4167 Κῦρον
972 4091 1166 4148 κτείνει
1223 4094 1259 4161 ἡ
1327 4089 1546 4167 βασιλὶς
1604 4092 1997 4167 Μασσαγετῶν·

341 4182 841 4258 προσποιησαμένη
898 4180 1000 4261 γὰρ
1076 4177 1167 4236 διὰ
1235 4178 1570 4256 μηνυμάτων
1638 4179 1772 4236 εἶναι
1830 4180 1999 4235 αότοῦ

337 4268 547 4343 δούλη,
580 4265 818 4346 ἔπεμψεν
845 4270 994 4345 αὖτῷ
1054 4268 1203 4346 δῶρα
1257 4268 1348 4327 καὶ
1408 4265 1658 4347 πρόϐατα
1702 4268 1797 4326 καὶ
1853 4270 1998 4326 οἶνον

333 4358 519 4416 πολὺν
582 4362 717 4433 μετᾶ
761 4360 965 4432 ἀσκῶν,
1016 4362 1101 4417 διαὶ
1168 4360 1513 4434 μεθυσάντων
1558 4363 1667 4416 τῶν
1725 4360 1850 4435 περὶ
1906 4362 1999 4417 τὸν

348 2932 596 3005 Κροῖσος

2135 2038 2275 2088 tunc
2308 2033 2550 2103 quidem
2581 2049 2616 2088 a
2646 2050 2707 2088 se
2758 2033 3037 2088 Solonem
3069 2032 3173 2097 ita,
3200 2037 3267 2086 ut
3297 2032 3400 2102 qui
3449 2035 3651 2087 mente
3683 2047 3789 2088 ca-

2131 2128 2268 2195 ptus
2311 2122 2630 2189 videretur,
2662 2121 2847 2178 fuisse
2906 2122 3261 2177 dimissum:
3293 2132 3454 2176 nunc
3501 2124 3700 2176 autem
3727 2137 3789 2177 se

2131 2212 2408 2283 experiri,
2441 2210 2730 2284 quidquid
2783 2211 2845 2265 in
2903 2210 3126 2266 mundo
3182 2216 3294 2278 est,
3340 2209 3399 2266 id
3431 2209 3586 2266 nihil
3614 2223 3786 2265 esse:

2129 2314 2269 2358 nam
2301 2302 2412 2358 sibi
2443 2302 2687 2374 quidem
2720 2301 2953 2357 divitias
2974 2302 3139 2373 regni
3170 2301 3263 2357 sui
3288 2300 3442 2356 nihil
3466 2298 3783 2373 profuisse.

2128 2391 2214 2447 Ibi
2245 2393 2449 2466 Cyrus,
2497 2406 2563 2449 re
2594 2392 2990 2461 considerata,
3039 2404 3159 2447 non
3201 2390 3491 2463 supplicio
3549 2394 3781 2447 tantum

2127 2483 2389 2539 Crmsum
2420 2482 2730 2551 subtraxit,
2766 2482 2870 2537 sed
2895 2483 3120 2537 honore
3153 2482 3334 2537 etiam
3365 2480 3586 2546 affecit,
3636 2497 3779 2537 con-

2128 2571 2420 2628 siliarium
2450 2568 2563 2626 sibi
2592 2586 2726 2628 eum
2758 2577 2818 2628 et
2848 2570 2955 2625 ﬁlii
2989 2570 3080 2626 sui
3101 2569 3407 2641 Cambysis
3427 2569 3778 2641 magistrum

2122 2656 2370 2715 faciens.
2406 2660 2551 2715 Huic
2585 2646 2731 2717 οδε
2771 2656 2987 2725 Crdaso,
3034 2672 3171 2715 cum
3217 2660 3365 2729 Cyro
3394 2656 3621 2713 bellum
3652 2656 3779 2714 illa-

2124 2754 2294 2805 turus
2314 2749 2622 2805 oraculum
2641 2748 3033 2821 poposcisset,
3057 2748 3142 2803 sic
3166 2746 3360 2803 fuerat
3381 2760 3735 2817 responsum
3756 2759 3777 2804 ε

2124 2933 2332 2990 Cresae
2368 2932 2555 3000 Halyn
2602 2936 2907 3001 penetrans
2961 2944 3219 2999 magnam
3275 2933 3555 2998 pervertet
3611 2938 3775 2997 opum

3583 3015 3737 3090 [υἰπι.

2120 3108 2286 3176 Quod
2316 3109 2418 3164 ille
2448 3122 2570 3165 non
2602 3109 2967 3182 intelligens,
2999 3122 3173 3164 suum
3212 3118 3462 3179 regnum
3489 3105 3774 3177 perdidit.

2120 3203 2304 3273 Cyrus
2360 3203 2556 3259 Croeso
2628 3202 2874 3257 subacto
2933 3200 3245 3256 Danielum
3300 3197 3559 3254 vaticinii
3595 3213 3775 3254 causa

2120 3290 2332 3347 domus
2362 3304 2703 3362 mensasque
2736 3305 2859 3346 sum
2890 3288 3165 3362 dignatus
3198 3293 3287 3343 est
3317 3287 3772 3355 communitate,

2118 3381 2445 3452 populique
2470 3379 2731 3435 reditum
2762 3378 2980 3450 insigni
3004 3376 3196 3433 edicto
3227 3374 3569 3448 publicavit.
3610 3375 3772 3430 Tunc

2118 3476 2179 3526 et
2198 3470 2371 3526 Belus
2401 3470 2652 3526 consilio
2702 3468 2933 3524 Danieli
2983 3483 3222 3523 eversus
3253 3471 3359 3531 est,
3412 3470 3472 3520 et
3498 3464 3768 3537 ejusdem

2117 3560 2442 3615 calliditate
2473 3560 2650 3615 draco
2706 3558 3075 3625 interfectus,
3111 3555 3412 3626 occisique
3469 3553 3678 3610 famuli
3711 3560 3770 3610 et

2116 3649 2397 3704 Danielus
2420 3648 2615 3704 denuo
2638 3653 2878 3720 ereptus
2893 3647 3139 3703 leonum
3161 3645 3419 3712 saevitiae,
3442 3643 3769 3700 calumnia-

2117 3742 2276 3795 tores
2307 3738 2436 3809 ejus
2465 3738 2538 3794 ab
2596 3739 2669 3794 iis
2726 3738 2921 3793 necati
2973 3741 3132 3793 sunt.
3161 3735 3265 3791 llic
3323 3739 3506 3805 Cyrus
3545 3734 3763 3802 Graece,

2114 3829 2349 3883 Persice
2386 3834 2737 3884 Artaxerxes
2768 3834 2826 3882 et
2851 3825 3268 3883 Arthasasthas
3298 3822 3533 3879 dicitur.
3567 3822 3766 3879 Inter-

2112 3916 2302 3972 fectus
2333 3922 2425 3972 est
2451 3932 2486 3973 a
2510 3917 2716 3990 regina
2746 3918 3230 3988 Massagetarum.
3282 3914 3414 3968 Haec
3468 3929 3577 3983 per
3614 3928 3768 3969 nun-

2113 4006 2246 4071 tios,
2306 4007 2596 4061 simulans
2646 4024 2707 4061 se
2768 4006 2819 4060 ei
2863 4006 2923 4060 in
2981 4004 3327 4059 servitutem
3385 4001 3549 4069 dare,
3608 4000 3767 4057 dona

2110 4093 2294 4164 misit,
2327 4100 2386 4149 et
2413 4107 2550 4150 oves
2579 4100 2638 4151 et
2665 4093 2783 4151 vini
2809 4093 3060 4150 multum
3092 4092 3153 4147 in
3174 4091 3427 4148 utribus.
3466 4089 3762 4145 lnebriato

2109 4188 2309 4240 autem
2340 4198 2476 4240 cum
2507 4183 2631 4239 suis
2662 4184 2830 4253 Cyro,
2864 4200 2965 4239 eos
3005 4180 3213 4237 adorta
3241 4179 3547 4234 universos
3576 4195 3763 4251 prope

2110 4274 2361 4339 occidit;
2396 4273 2649 4345 Cyrique
2679 4278 2856 4345 caput
2887 4273 2949 4328 in
3000 4277 3194 4327 utrem
3221 4269 3476 4341 conjecit
3505 4269 3711 4324 dicens
3743 4284 3759 4325 :

2111 4383 2140 4414 «
2177 4364 2474 4430 Saturare,
2507 4362 2862 4419 insatiabilis
2893 4364 3061 4433 Cyre.
3093 4381 3120 4410 »

334 4455 517 4525 Κῦρον
558 4448 849 4524 ἐξελθοῦσα
877 4448 1073 4527 σχεδὸν
1112 4451 1319 4515 πάντας
1346 4449 1646 4523 ἀπέκτεινε,
1674 4449 1762 4506 καὶ
1826 4444 2108 4525 λαϐομένη
2166 4455 2264 4507 τοῦ
2322 4450 2504 4528 Κύρου
2561 4445 2726 4507 ἔϐαλε
2780 4452 2880 4521 τήν
2927 4449 3167 4529 κεφαλήν
3220 4445 3386 4504 αὑτοῦ
3439 4446 3519 4511 εἷς
3580 4445 3776 4521 ασκὸν,

336 4538 607 4618 λὲγουσαο
646 4565 675 4597 α
706 4542 1019 4616 Κορὲσθητι,
1049 4542 1308 4616 ἀχάριστε
1336 4544 1492 4615 Κῦρε.
1526 4563 1556 4593 »ι

413 4629 574 4688 Μετᾶ
621 4628 902 4706 Βαλτάσαρ
959 4628 1052 4685 τὸν
1109 4630 1225 4685 υἱὸν
1280 4625 1778 4706 Ναϐουχοδονόσορ
1837 4629 1999 4706 Expi-

2176 4634 2316 4689 Post
2328 4633 2689 4689 Baltasarem
2708 4630 3301 4688 Nabuchodonosoris
3315 4629 3505 4686 ﬁlium
3518 4645 3767 4702 regnum

330 4738 480 4790 τησε
506 4723 611 4786 τῆς
634 4719 815 4800 ἀρχης
865 4726 1088 4794 Δαρεῖος
1121 4721 1150 4776 ὁ
1181 4720 1489 4800 Ἁστυάγης
1537 4713 1633 4791 ἔτη
1691 4720 1773 4789 ιζ’
1824 4719 1904 4796 ἂρ’
1935 4720 1998 4774 οὗ

2124 4738 2217 4793 per
2240 4738 2432 4779 annos
2466 4727 2531 4777 17
2561 4722 2772 4779 Darius
2799 4723 3085 4794 Astyages
3133 4720 3343 4777 tenuit.
3379 4719 3494 4775 Sub
3541 4736 3609 4774 eo
3642 4721 3764 4777 Da-

334 4808 553 4878 Δανιὴλ
578 4808 675 4863 τὸν
724 4798 1195 4881 ἰϐδομηκονταετῆ
1252 4816 1354 4878 τῆς
1402 4798 1740 4880 μετοικεσίας
1794 4808 1995 4883 χρόνον

2124 4813 2306 4870 aielus
2337 4819 2572 4886 tempus
2601 4814 2670 4867 ‘70
2696 4826 2991 4869 annorum
3027 4810 3221 4867 exsilii
3269 4810 3553 4882 dignovit,
3588 4809 3762 4881 eiquo

333 4896 711 4975 διαγινώσκει,
740 4898 969 4953 καὶτῶν
1016 4899 1150 4954 ἑπτὰ
1203 4894 1525 4972 ἑϐδομάδων
1583 4898 1735 4972 αὐτῷ
1787 4898 1849 4954 τὸ
1892 4921 1997 4973 μυ·-

333 4990 566 5061 στήριον
602 4982 1064 5045 ἀποκαλύπτεται.
1104 4986 1209 5045 Καὶ
1239 4986 1293 5044 εἴ
1315 5005 1399 5049 τις
1462 4984 1704 5064 ἀκριϐῶς
1756 4986 1995 5060 ἐξετάσαι

338 5074 601 5152 βουληθῇ
630 5077 722 5132 τὸν
751 5075 916 5153 λόγον
946 5078 1036 5132 καὶ
1068 5074 1530 5153 διαριθμήσασθαι
1566 5076 1695 5141 τοὺς
1733 5078 1993 5152 χρόνους,

331 5165 641 5243 ἀρξάμενος
691 5166 798 5221 ἀπὸ
878 5163 1065 5236 ἐξόδου
1123 5164 1307 5240 λόγων
1360 5165 1497 5222 κατὰ
1552 5167 1646 5221 τὸν
1699 5168 1992 5246 προφήτην

328 5260 428 5310 τοῦ
511 5252 957 5331 οἰκοδομηθῆναι
1037 5253 1425 5331 Ἰερουσαλὴμ,
1517 5254 1798 5311 τουτέστιν
1882 5255 1991 5311 ἀπὸ

330 5340 574 5418 Νεεμίου
631 5347 752 5400 υἱοῦ
810 5342 1028 5420 Ἀχελῆ
1093 5344 1191 5401 τοῦ
1245 5344 1646 5420 ἀρχιοινοχόου
1706 5342 1989 5420 Ἀρταξέρ-

322 5434 437 5506 ξου,
491 5434 555 5497 δς
602 5434 857 5505 ἆξιωθεὲς
904 5432 996 5488 καὶ
1052 5431 1371 5508 ἐπιτραπεὶς
1428 5434 1625 5489 ἄνεισιν
1685 5431 1990 5508 οἰκοδομῆ-

325 5540 411 5579 σαι
451 5524 520 5580 τὰ
569 5522 959 5599 Ἱεροσόλυμα,
1016 5522 1235 5597 εὖρήσει
1293 5521 1389 5587 τὰς
1446 5523 1489 5578 o'
1548 5525 1986 5599 συμπεραινομᾶ-

320 5632 414 5676 νας
447 5609 782 5688 ἑϐδομάδας,
802 5607 904 5682 ἔτη
941 5608 1022 5689 υιί
1066 5608 1155 5666 ἐπὶ
1182 5610 1276 5666 τὸν
1301 5612 1491 5687 καιρὸν
1520 5610 1725 5669 ἐκεῖνον
1765 5614 1856 5668 ὅτε
1883 5630 1986 5671 πα-

322 5701 578 5763 λαιοῦται
625 5700 691 5759 τὸ
744 5700 1110 5778 παράπτωμα
1158 5700 1252 5757 καὶ
1309 5696 1641 5759 συντελεῖται
1683 5703 1719 5771 ή
1750 5701 1989 5778 ἁμαρτία

2109 4904 2461 4973 mysterium
2493 4908 2723 4974 septem
2753 4901 3225 4974 septimanarum
3258 4904 3349 4955 est
3378 4900 3759 4971 patefactum.

2104 4994 2188 5048 Ac
2218 4993 2268 5047 si
2327 4993 2460 5065 quis
2491 4992 2738 5064 praecise
2789 4990 3132 5047 examinare
3164 5006 3297 5045 eam
3356 5006 3483 5044 rem
3508 4988 3666 5045 volet
3693 5004 3761 5045 ac

2104 5086 2375 5154 tempora
2426 5082 2832 5150 dinumerare,
2891 5081 2942 5137 is
3000 5080 3155 5136 facto
3203 5078 3498 5152 principio
3557 5077 3629 5133 ab
3687 5093 3757 5133 eo

2104 5177 2369 5244 tempore
2401 5184 2518 5244 quo
2558 5171 2871 5244 impletum
2920 5177 3008 5226 est
3038 5169 3379 5225 vaticinium
3411 5168 3484 5224 de
3530 5167 3755 5222 instau-

2100 5262 2304 5318 randis
2336 5262 2784 5333 Hierosolymis,
2811 5260 3097 5316 nimirum
3126 5276 3161 5314 a
3188 5257 3478 5314 Nehemia
3519 5255 3754 5313 Achelae

2099 5350 2281 5419 ﬁlius,
2342 5352 2445 5422 qui
2503 5351 2781 5423 princeps
2812 5350 2925 5405 fuit
2980 5349 3403 5420 pincernarum
3455 5345 3607 5403 252
3645 5347 3753 5401 Ar-

2100 5440 2377 5506 taxerxis,
2411 5439 2513 5509 qui
2544 5438 2881 5511 impetravit
2898 5436 3248 5491 missionem
3269 5433 3343 5489 ad
3364 5433 3754 5491 instauranda

2099 5528 2510 5600 Hierosolyma
2533 5528 2709 5599 eique
2746 5526 3058 5598 praafectus
3086 5523 3218 5593 fuit,
3242 5522 3654 5595 deprehendet
3683 5528 3752 5581 "'0

2099 5617 2484 5689 septimanae,
2507 5616 2568 5673 id
2589 5622 2680 5672 est
2699 5631 2889 5673 annos
2909 5616 3034 5683 490,
3059 5613 3307 5670 exivisse
3328 5614 3404 5670 ad
3427 5613 3489 5668 id
3512 5618 3744 5686 tempus

2097 5722 2216 5780 quo
2246 5707 2618 5779 antiquatum
2640 5710 2731 5762 est
2755 5703 3062 5775 delictum,
3094 5708 3153 5760 et
3183 5703 3319 5760 ﬁnis
3346 5712 3588 5778 peccato
3636 5706 3745 5767 im-
