4142 6414
414 346 531 408 287

1770 343 2093 408 GEORGII
2136 343 2477 407 CEDRENI

3708 340 3827 401 288

413 480 665 552 positus,
699 496 766 535 ac
795 480 942 535 visio
983 479 1312 553 obsignata,
1370 478 1837 548 vaticinatusque
1887 482 1976 532 est
2007 482 2050 531 e1

2174 473 2266 528 καὶ
2298 474 2642 553 σφραγίζεται
2691 471 2875 547 ὅραμα
2925 470 3016 526 καὶ
3081 468 3409 547 πρόρητεύει
3470 470 3555 525 καὶ
3612 470 3827 545 χρίεται

413 575 630 624 unctus
694 569 944 624 Sanctus
994 574 1359 637 sanctorum,
1419 568 1532 623 hoc
1590 572 1698 635 est,
1756 582 1945 638 usque
1995 566 2069 623 ad

413 658 630 713 Christi
663 658 978 714 adventum
1012 664 1070 713 et
1099 675 1192 713 res
1216 663 1430 730 gestas.

487 747 671 819 Cyrus
703 749 901 815 Persa,
964 764 1165 802 everso
1223 746 1525 801 Medorum
1584 752 1644 800 et
1689 745 2065 815 Assyriorum

413 835 687 907 imperio,
718 835 1113 906 universaque
1146 835 1285 890 Asia
1307 834 1570 901 subacta,
1591 834 1857 905 regnavit
1877 849 2067 888 annos

412 926 499 979 31.
535 925 734 978 Primo
768 924 901 995 ejus
931 940 1088 979 anno
1117 925 1187 977 78
1210 924 1403 979 exsilii
1427 923 1568 978 anui
1596 922 1875 994 cempleti
1906 927 2062 976 sunt.

411 1012 755 1082 Insequenti
787 1026 942 1068 anno
968 1013 1249 1079 Hebraais,
1273 1013 1375 1084 qui
1413 1012 1653 1078 vellent,
1685 1011 1981 1066 concessit
2003 1015 2069 1064 ut

414 1100 824 1171 Hierosolyma
864 1101 1128 1156 redirent
1176 1102 1378 1172 ibique
1426 1100 1782 1167 habitareni,
1836 1104 1895 1154 et
1922 1104 2069 1153 tem-

411 1188 579 1260 plum
608 1189 888 1244 {ediﬁcari
905 1188 1108 1260 jussit,
1141 1191 1329 1244 Duces
1366 1188 1591 1243 reditus
1628 1187 1870 1242 fuerunt
1897 1189 2065 1243 Jesus

408 1278 675 1333 Josedeci
708 1279 1013 1349 pontificis
1072 1278 1315 1333 maximi
1368 1278 1528 1333 ﬁlius
1558 1282 1618 1331 et
1672 1275 2064 1332 Zorobabelus

408 1367 715 1423 Salathieli
750 1368 930 1433 ﬁlius,
990 1385 1058 1423 ac
1111 1375 1271 1423 vates
1324 1372 1592 1440 Aggmus,
1654 1373 1711 1422 et
1754 1366 2065 1422 Zacharias

407 1456 655 1513 lddonis
687 1457 870 1513 ﬁlius.
901 1459 969 1512 Hi
1002 1475 1137 1513 eum
1170 1459 1559 1513 fundamenta
1582 1457 1788 1528 templi
1830 1457 2065 1528 posuis-

410 1550 566 1612 sent,
597 1545 670 1601 ab
701 1546 1061 1602 absolvendo
1094 1563 1270 1618 opere
1295 1552 1449 1602 totos
1478 1549 1549 1601 42
1577 1563 1767 1601 annos
1794 1545 2061 1617 impediti

412 1639 572 1699 sunt,
598 1633 787 1690 donec
848 1636 1059 1690 Darius
1089 1635 1393 1707 Hystaspis
1442 1635 1622 1702 filius,
1678 1634 1940 1689 secundo
1970 1633 2061 1689 sui

408 1725 577 1797 regni
606 1742 787 1792 anno,
816 1726 1106 1797 repressis
1137 1726 1239 1796 qui
1269 1725 1603 1780 obstabant.
1638 1724 1877 1780 aedificii
1917 1730 2062 1779 tem-

407 1814 491 1887 pli
524 1814 968 1871 absolutionem
1019 1816 1335 1887 expedivit,
1384 1815 1445 1870 in
1476 1831 1656 1886 quam
1713 1814 1814 1869 alii
1844 1816 1877 1867 4
1917 1815 2058 1869 anni

405 1904 718 1975 insumpti.
751 1906 956 1975 Itaque
1006 1905 1293 1976 templum
1326 1904 1501 1959 annis
1540 1903 1783 1959 omnino
1831 1906 1900 1957 46
1930 1920 2058 1974 per-

399 1991 629 2048 fectum
664 1992 799 2049 fuit.

2172 564 2362 638 ⁴⁹Αγιος
2397 562 2590 637 ἁγίων,
2621 562 2899 617 τουτέστιν
2928 559 3019 614 επὶ
3065 560 3165 629 τὴν
3224 561 3468 634 Χριστοῦ
3527 558 3824 635 παρουσίαν

2170 652 2259 707 καὶ
2280 653 2379 721 τὴν
2414 650 2617 721 λοιπήν
2640 669 3039 725 πραγματείαν.

2243 743 2420 817 Κῦρος
2455 741 2483 795 6
2515 740 2746 815 Πέρσης,
2786 739 3090 800 καταλύσας
3119 737 3218 806 τήν
3248 734 3473 808 Μήδων,
3506 738 3595 792 καὶ
3630 740 3828 795 ’Λσσυ-

2174 828 2306 904 ρίων
2372 825 2709 900 δυναστείαν,
2766 831 3042 903 κρατήσας
3101 825 3158 882 δὲ
3194 832 3293 896 τῆς
3351 826 3534 889 Ἀσίας
3589 826 3827 899 ἀπάσης,

2169 913 2512 975 ἐϐασίλευσεν
2599 912 2690 990 ἔτη
2754 916 2861 974 λα’.
2938 919 3150 974 Τουτου
3205 921 3286 990 τῷ
3338 917 3544 990 πρώτῳ
3601 915 3832 991 ἐνιαυτῷ

2170 1004 2678 1081 ἐϐδομηκονταετὴς
2744 1008 2947 1086 χρόνος
3003 1013 3104 1076 τῆς
3165 1005 3504 1079 μετοικεσίας
3565 1005 3831 1079 συμπλη-

2171 1101 2381 1173 ροῦται.
2440 1099 2527 1155 Ἐν
2604 1094 2662 1152 δὲ
2743 1101 2825 1168 τῷ
2876 1095 3130 1168 ἑπομένῳ
3195 1092 3309 1149 ἔτει
3366 1097 3643 1169 συγχωρεῖ
3697 1094 3829 1157 τοῦς

2170 1184 2499 1260 δυναμένους
2562 1191 2672 1242 τῶν
2762 1180 3034 1258 Ἐϐραίων
3092 1182 3314 1254 οἰκίζειν
3372 1183 3698 1248 ἀνελθόντας
3749 1184 3833 1247 εἷς

2167 1264 2543 1352 Ἰεροσόλυμα,
2621 1275 2712 1331 καὶ
2794 1276 2887 1330 τὸν
2971 1274 3097 1329 ναὸν
3168 1270 3602 1346 οἰκοδομηθῆναι
3657 1294 3829 1350 προσο

2168 1363 2335 1435 ἐταξε.
2368 1368 2484 1435 Τῆς
2515 1366 2570 1420 ὸὲ
2625 1360 2894 1420 ἓπανόδου
2952 1366 3189 1440 ἡγοῦντο
3252 1364 3462 1431 Ἰησοῦς
3496 1362 3524 1416 6
3562 1366 3658 1418 τοῦ
3708 1365 3829 1421 Ἰω-

2168 1451 2594 1529 σεδὲκὶμεγάλου
2639 1454 2825 1528 ἱερέως
2890 1453 2983 1508 καὶ
3040 1445 3353 1526 Ζοροϐάϐελ
3411 1452 3439 1505 6
3494 1455 3591 1506 τοῦ
3645 1449 3829 1508 Σαλα·

2166 1526 2449 1612 θιὴλξκαί
2482 1526 2769 1620 προφήτης
2833 1544 2920 1616 [Ρ.
2984 1543 3107 1614 tu]
3163 1541 3442 1615 Ἀγγαῖος,
3502 1540 3595 1595 καὶ
3644 1547 3831 1616 Ζαχα-

2168 1633 2284 1709 ρίας
2317 1635 2345 1688 6
2376 1638 2473 1689 τοῦ
2523 1630 2730 1692 Ἀδδώ.
2790 1631 3160 1706 Καταθέμενοι
3218 1629 3277 1687 δὲ
3334 1631 3384 1686 οἰ
3443 1631 3566 1707 περὶ
3613 1634 3827 1703 Ἰησοῦν

2161 1728 2259 1779 τοῦ
2290 1728 2423 1779 ναοῦ
2449 1726 2550 1793 τήν
2580 1718 2738 1799 ἕδραν
2783 1723 2868 1796 ἐφ’
2919 1722 3076 1785 ὅλοις
3140 1722 3541 1795 τεσσαράκοντα
3606 1724 3695 1778 καὶ
3727 1720 3828 1779 δύο

2166 1808 2304 1869 ἔτεσι
2332 1814 2397 1869 τὸ
2442 1811 2600 1887 ἔργον
2660 1811 2972 1868 ἐκωλύοντο
3031 1816 3470 1887 συμπεραιῶσαι,
3533 1809 3730 1890 μέχρις
3763 1812 3831 1867 οὗ

2171 1908 2392 1975 Δαρεῖος
2426 1904 2455 1956 6
2496 1902 2820 1971 Ὑστάσπου,
2880 1898 3114 1977 δευτέρῳ
3167 1899 3273 1956 ἔτει
3336 1901 3438 1971 τῆς
3505 1901 3671 1955 αὐτοῦ
3726 1902 3833 1975 βα-

2174 1989 2401 2060 σιλείας,
2444 1992 2571 2053 τοὺς
2632 1987 3024 2063 ἐμποδίζοντας
3072 1986 3391 2053 ἀναστείλας
3445 1986 3657 2045 τελείαν
3710 1987 3832 2045 ἐπι-

407 2081 593 2152 τρέπει
628 2081 725 2133 τοῦ
752 2082 887 2133 ναοῦ
914 2099 1016 2148 την
1048 2080 1371 2149 κατασκεήν.
1409 2078 1507 2135 Καὶ
1567 2076 1989 2151 συμπληροῦται
2048 2076 2099 2131 ἐν
2155 2075 2353 2141 ἄλλοις
2407 2075 2654 2153 τέτρασιν
2706 2074 2897 2149 ἔτεσιν,
2956 2075 3096 2132 ὥστε
3148 2074 3527 2142 ωντελεθῆναι
3588 2077 3743 2132 αὑτὸν
3774 2076 3834 2132 ἓν

403 2162 561 2228 ὅλοις
591 2161 733 2221 ἔτεσι
766 2167 875 2239 μς’.

472 2256 817 2327 Cambyses,
848 2258 950 2327 qui
984 2256 1147 2313 idem
1195 2260 1554 2313 Artaxerxes
1575 2262 1917 2328 usurpatur,
1950 2274 2059 2312 an-

402 2360 513 2399 nos
543 2346 808 2416 regnavit
832 2348 890 2402 8.
948 2345 1335 2417 Sphendanes
1365 2352 1422 2401 et
1460 2345 1812 2412 Cimerdius,
1845 2345 2057 2400 fratres

401 2435 580 2507 magi,
612 2452 849 2491 menses
906 2442 957 2490 '7.
990 2438 1106 2491 Hos
1137 2437 1380 2492 adortus
1430 2442 1489 2491 et
1543 2437 1787 2492 victoria
1836 2435 2057 2508 potitus

399 2523 611 2579 Darius
646 2540 716 2579 ex
747 2526 1095 2596 posteritate
1121 2525 1277 2597 Cyri,
1312 2525 1618 2597 Hystaspis
1641 2525 1821 2592 filius,
1856 2542 2059 2597 regna-

393 2614 477 2667 vit
507 2629 696 2684 usque
745 2614 899 2670 253
960 2614 1035 2669 ad
1067 2614 1233 2668 urbis
1282 2614 1722 2669 absolutionem
1780 2630 1968 2669 annos
1999 2616 2054 2680 6,

388 2714 464 2759 'ac
495 2704 646 2759 alios
675 2703 893 2759 deinde
927 2708 1013 2759 30.
1050 2704 1168 2758 Sub
1198 2704 1310 2759 hoc
1354 2705 1738 2776 Hippocrates
1786 2703 2055 2758 medicus

398 2794 681 2849 innotuit.

470 2884 695 2938 Xerxes
725 2883 880 2938 Earii
914 2884 1074 2938 filius
1106 2899 1354 2954 regnum
1387 2884 1567 2957 gessit
1598 2900 1787 2939 annos
1817 2887 1906 2953 20,
1948 2886 2053 2938 Ar-

398 2971 650 3026 tabanus
680 2988 917 3027 menses
948 2976 1001 3040 7,
1034 2976 1390 3027 Artaxerxes
1432 2973 1828 3044 Longimanus
1866 2989 2055 3028 annos

392 3064 485 3116 40.
512 3060 629 3117 Sub
654 3062 765 3117 hoc
786 3063 1068 3128 Estheraa,
1094 3062 1441 3118 Mardochaei
1462 3069 1521 3118 et
1541 3063 1784 3118 Amanis
1807 3063 2057 3117 historia

395 3150 611 3207 evenit.
643 3153 835 3221 Atque
866 3152 978 3206 hoc
1012 3151 1196 3206 armis
1218 3151 1584 3207 aedificantes
1615 3150 1887 3223 cingente
1913 3151 2053 3205 Bie—

392 3237 697 3309 rosolyma
745 3239 1075 3294 instaurata
1109 3245 1265 3294 sunt.
1319 3239 1405 3294 Ab
1450 3239 1629 3311 hujus
1660 3246 1863 3294 octavo
1896 3256 2052 3295 anno

2240 2250 2541 2329 Καμϐύσης
2596 2256 2626 2310 6
2681 2256 2772 2310 καὶ
2831 2255 3192 2330 Ἀρταξέρξης
3248 2249 3594 2309 ἐϐασίλευσεν
3650 2252 3742 2326 ἔτη
3778 2263 3831 2326 η’

2167 2343 2470 2422 Σφενδάνης
2528 2345 2617 2402 καὶ
2667 2342 2958 2420 Κιμὲρδιος
3016 2342 3243 2422 ἀδελφοὶ
3322 2345 3484 2419 μάγοι
3548 2352 3720 2417 μῆνας
3763 2347 3827 2415 ζ’,

2167 2436 2443 2511 Δαρεῖοςὸ
2476 2438 2652 2509 Κύρου
2709 2435 3003 2510 ἀπόγονος,
3035 2433 3334 2491 Ὑστάσπου
3397 2431 3454 2488 δὲ
3510 2434 3649 2503 υίὸς,
3705 2439 3822 2496 τοῖς

2171 2524 2375 2600 μάγοις
2432 2522 2748 2596 ἐπιθέμενος
2801 2524 2892 2577 καὶ
2944 2524 3220 2599 κρατήσας
3277 2518 3594 2578 ἐϐασίλευσε
3656 2523 3820 2598 μέχρι

2165 2613 2625 2688 συμπληρώσεως
2660 2611 3027 2686 Ἰερουσαλὴμ
3055 2610 3150 2683 ἔτη
3211 2609 3285 2682 ἔξ,
3345 2612 3434 2667 καὶ
3501 2613 3637 2688 πρὸς
3696 2614 3822 2667 τού-

2163 2723 2282 2760 τοις
2332 2699 2491 2779 ἓτερα
2548 2699 2617 2759 λ’.
2680 2702 2807 2759 Ἐπὶ
2861 2701 3058 2757 τούτου
3138 2702 3503 2775 Ἱπποκράτης
3564 2704 3591 2756 ὁ
3645 2702 3828 2776 ἰατρὸς

2166 2790 2515 2869 ἐγνωρίζετο.

2234 2882 2446 2957 Ξέρξης
2478 2882 2507 2937 6
2539 2882 2765 2956 Δαρείου
2796 2881 2922 2952 ήὶὸς
2954 2876 3297 2935 ἐϐασίλευσεν
3357 2878 3449 2950 ἔτη
3509 2881 3576 2950 κ’,
3629 2881 3823 2953 Ἀρτά-

2166 2966 2336 3027 ϐανοι⁹
2397 2978 2572 3045 μῆνας
2634 2972 2696 3040 ζ’,
2750 2969 3105 3045 Ἀρταξέρξης
3164 2970 3191 3023 6
3250 2969 3564 3044 Μακρόχειρ
3619 2963 3712 3039 ἔτη
3748 2970 3816 3041 μ’.

2164 3060 2290 3118 Ἐπὶ
2347 3061 2545 3117 τούτου
2600 3059 2668 3116 τὰ
2722 3059 2860 3114 κατὰ
2919 3060 3116 3132 Ἐσθὴρ
3174 3060 3261 3113 καὶ
3322 3055 3682 3133 Μαρδοχαῖον
3732 3059 3823 3113 καὶ

2164 3152 2341 3223 Ἀμᾶν
2391 3149 2666 3225 ἐπράχθη,
2726 3148 2848 3205 Ἐπὶ
2903 3145 3101 3205 τούτου
3160 3144 3498 3220 ᾠκοδομήθη
3549 3148 3826 3223 Ἰερουσα-

2165 3237 2308 3313 λήμ,
2393 3236 2591 3301 ὅπλοις
2672 3238 2800 3300 τοὺς
2873 3237 3222 3314 ἐνεργοῦντας
3328 3236 3820 3311 περιτειχίσαντος.

395 3329 462 3379 '70
493 3327 843 3398 septimana:
893 3328 1282 3384 numeranda;
1332 3334 1491 3397 sunt,
1539 3328 1787 3384 Danielo
1833 3345 1940 3399 per
1980 3328 2050 3382 vi-

2168 3329 2305 3383 ’Δπὸ
2333 3332 2431 3383 τοῦ
2490 3324 2691 3404 ὀγδόου
2724 3325 2894 3396 ,ἔτους
2942 3329 3138 3381 τούτου
3198 3323 3542 3399 ἀριθμεῖσθαι
3589 3322 3668 3380 δεῖ
3721 3324 3819 3387 τας

399 3432 529 3471 sum
563 3417 894 3488 patefacta),
926 3434 1115 3489 usque
1146 3418 1221 3473 ad
1250 3418 1463 3473 Christi
1494 3417 1835 3474 adventum.

467 3601 618 3651 Ante
676 3595 802 3651 hazc
855 3596 1216 3652 collocanda)
1273 3601 1445 3652 erant
1495 3613 1590 3651 res
1648 3599 2051 3652 Romanorum

389 3688 596 3755 utpote
627 3685 1017 3740 vetustiores:
1058 3701 1263 3740 verum
1296 3684 1371 3739 ob
1404 3685 1873 3740 continuationis
1924 3703 2052 3756 per-

390 3773 743 3844 petuitatem
787 3775 846 3828 in
885 3774 1063 3829 alium
1112 3775 1307 3830 locum
1342 3774 1539 3829 dilatas
1589 3780 1747 3841 sunt,
1796 3791 2050 3830 comme-

394 3862 699 3919 morandaa
728 3863 830 3918 ubi
874 3864 1253 3935 Assyriorum
1292 3864 1456 3935 regni
1507 3869 1563 3917 et
1591 3863 1820 3918 Judaici
1853 3864 2044 3919 exsilii

398 3954 581 4007 tinem
612 3954 1006 4026 attigerimus.

463 4059 690 4115 Xerxes
722 4062 1061 4116 Artaxerxis
1089 4061 1246 4115 ﬁlius
1268 4066 1658 4133 cognomento
1684 4060 1930 4131 Spurius
1959 4061 2043 4133 (id

394 4150 555 4203 enim
589 4150 811 4204 Nothus
843 4150 1160 4222 signiﬁcat)
1190 4150 1501 4205 interfecto
1533 4150 1821 4223 Sagdiano
1852 4166 2041 4206 annos

389 4240 458 4292 19
488 4240 769 4309 regnavit,
794 4239 1004 4295 Darius
1027 4239 1331 4310 Hystaspis
1360 4244 1421 4293 et
1448 4239 1812 4309 Parysatidis
1850 4256 2040 4295 annos

389 4328 478 4393 36,
509 4344 667 4383 anno
695 4329 901 4383 mundi
932 4331 1094 4383 4992.
1129 4330 1184 4382 Is
1210 4345 1344 4383 cum
1365 4328 1559 4383 adhuc
1589 4329 1862 4400 privatim
1894 4328 2039 4384 vive-

383 4421 497 4483 ret,
526 4424 727 4472 votum
760 4418 879 4471 Deo
909 4416 1150 4485 fecerat,
1183 4417 1229 4471 si
1263 4416 1507 4487 quidem
1539 4433 1789 4488 regnum
1815 4418 1879 4471 in
1904 4419 2037 4472 Per-

388 4521 484 4559 sas
514 4511 998 4576 consequeretur,
1030 4506 1320 4577 templum
1371 4506 1793 4576 Hierosolymis
1820 4523 1882 4561 se
1913 4507 2034 4561 ins-

384 4598 762 4649 tauraturum
810 4595 1131 4665 omniaque
1160 4595 1498 4649 Judworum
1546 4611 1714 4650 sacra
1760 4600 1817 4649 et
1848 4595 2035 4666 capti-

388 4699 491 4737 vos
519 4683 913 4749 redditurum,
947 4700 1015 4739 ac
1044 4685 1308 4739 moribus
1340 4701 1441 4739 eos
1472 4682 1766 4753 majorum
1805 4686 2040 4741 restitu-
2074 4697 2117 4761 D
2148 4682 2321 4742 ϐάϐελ
2397 4686 2425 4740 6

385 4777 607 4828 turum.
671 4773 811 4844 Ejus
857 4774 972 4828 voti
1041 4774 1283 4831 auditor.
1336 4780 1515 4845 atque
1572 4791 1780 4829 suasor
1845 4775 2038 4832 fuerat

383 4861 782 4918 Zorobabelus
812 4862 1112 4919 Salathieli
1146 4863 1329 4929 filius,
1357 4879 1425 4918 ac
1455 4863 1769 4933 postmodo
1813 4881 2034 4938 regem,

381 4956 476 5012 cui
527 4963 653 5012 erat
697 4957 1030 5023 familiaris,
1084 4956 1215 5026 ejus
1272 4955 1586 5011 admonuit
1650 4957 1874 5029 Quippe
1907 4960 2035 5030 jam

379 5052 516 5104 ante
549 5048 727 5103 etiam
757 5046 1013 5118 populus
1045 5045 1328 5101 dimissus
1348 5045 1544 5101 fuerat
1571 5052 1630 5100 et
1649 5045 2037 5103 fundamenta

379 5139 605 5211 templo
635 5145 951 5212 posuerat:
984 5154 1189 5193 verum
1224 5137 1551 5193 vicinorum
1595 5139 1749 5195 254
1780 5140 2034 5195 Samari-

382 5234 578 5286 tarum
611 5229 917 5284 calumnia
948 5228 1224 5283 etl‘ectum
1245 5227 1358 5282 fuit
1384 5234 1452 5283 ut
1470 5228 1784 5285 aediﬁcatio
1806 5232 2037 5285 omitte-

380 5324 547 5373 retur
576 5336 764 5374 annos
794 5320 856 5373 41
914 5322 1070 5373 totos
1111 5333 1301 5388 usque
1349 5316 1422 5372 ad
1450 5318 1776 5373 secundum
1809 5336 2034 5374 annum

382 5407 562 5461 Darii.
596 5408 738 5464 Inde
769 5408 1052 5462 sexennio
1088 5405 1373 5477 templum
1398 5412 1486 5462 est
1506 5407 1846 5462 absolutum
1867 5410 2034 5463 Zoro-

382 5495 577 5550 babeli
632 5514 699 5552 ac
726 5498 862 5551 Jesu
914 5495 1181 5552 Josedeci
1237 5496 1344 5551 ﬁlii
1399 5496 1808 5553 admonitione
1854 5503 2031 5568 atque

380 5600 580 5657 opera.
614 5586 785 5640 annis
816 5586 1097 5641 nimirum
1122 5588 1190 5639 47
1226 5586 1363 5642 totis
1394 5603 1428 5641 a
1457 5587 1650 5657 primo
1689 5587 1821 5657 Cyri
1851 5603 2029 5642 anno.

381 5673 525 5728 Inde
547 5689 581 5729 a
602 5673 818 5729 Judmis
839 5675 912 5730 ad
935 5675 1249 5731 Dominum
1272 5680 1363 5731 est
1382 5674 1607 5732 dictum
1633 5693 1646 5731 :
1672 5698 1701 5726 ‹‹
1722 5677 2029 5748 Templum

2165 3413 2552 3492 ἐϐδομήκοντα
2608 3413 2921 3493 ἑβδομάδας
2975 3422 3074 3485 τῆς
3140 3418 3237 3470 τοῦ
3297 3414 3505 3485 Δανιὴλ
3564 3413 3823 3477 ὀπτασίας

2166 3527 2333 3582 μεχρι
2365 3514 2464 3576 τῆς
2491 3504 2590 3562 τοῦ
2631 3505 2831 3581 Κυρίου
2872 3504 3192 3578 παρουσίας.

2161 3594 2315 3654 Ἔδει
2349 3594 2406 3652 δὲ
2433 3597 2501 3652 τὰ
2557 3597 2695 3652 κατά
2748 3597 2846 3666 τὴν
2901 3595 3127 3667 Ῥώμην
3186 3595 3562 3669 προταχθηναι
3610 3593 3822 3650 τούτων

2159 3688 2235 3747 ὼς
2269 3686 2621 3763 ἀρχαιότερα,
2655 3684 2802 3741 ἀλλᾶ
2832 3682 2922 3740 διὰ
2958 3685 3056 3753 τήν
3106 3684 3391 3758 συνέχειαν
3424 3692 3525 3753 τῆς
3583 3683 3821 3739 ἀκολου-

2157 3777 2274 3840 θίας
2334 3777 2777 3851 ὑπερετέθησαν,
2835 3774 2930 3829 καὶ
3013 3775 3332 3843 τεθήσονται
3396 3775 3624 3844 καθεξῆς
3684 3775 3824 3846 μετὰ

2154 3868 2254 3936 τήν
2285 3865 2686 3941 συμπλήρωσιν
2741 3870 2840 3934 τῆς
2890 3867 2999 3918 τῶν
3029 3863 3330 3940 ’Δσσὸρίων
3369 3861 3669 3939 βασιλείας.
3724 3863 3819 3917 καί

2152 3960 2251 4027 τῆς
2280 3964 2388 4013 τῶν
2424 3952 2661 4031 Ἐϐραίω
2691 3952 3136 4030 ναίχμαλωσίας.

2223 4065 2435 4140 Ξέρξης
2466 4066 2495 4119 6
2538 4063 2910 4137 Ἀρταξέρξου,
2972 4060 3293 4132 ἐπικληθεὶς
3347 4063 3546 4129 Νόθος,
3607 4060 3816 4116 ἀνελὼν

2155 4154 2421 4231 Σογδανὸν
2481 4149 2827 4208 ἐϐασίλευσεν
2879 4149 2973 4221 ἔτη
3030 4153 3114 4209 ιθ’.
3158 4156 3387 4225 Δαρεῖοσ
3439 4152 3467 4206 6
3512 4151 3817 4207 Ὑστάσπου

2147 4245 2240 4301 καὶ
2274 4239 2644 4317 Παρυσάτιδος
2676 4238 2772 4311 ἔτη
2806 4239 2910 4311 λς’,
2941 4239 3154 4311 κόσμου
3201 4234 3297 4309 ἔτη
3637 4239 3816 4304 Οὗτος

2148 4331 2226 4389 ἔτι
2260 4330 2559 4387 ἰδιωτεύων
2582 4327 2783 4400 ηὔξατο
2811 4334 2892 4401 τῷ
2923 4326 3062 4400 Θεῷ,
3096 4327 3143 4383 εἰ
3197 4326 3504 4403 βασιλεύσει
3564 4334 3812 4404 Περσῶν,

2147 4422 2450 4495 ἆνεωεῖραι
2510 4419 2602 4474 τὸν
2645 4418 2697 4474 ἐν
2759 4414 3170 4493 Ἰεροσολύμοις
3202 4418 3327 4472 ναὸν
3384 4419 3472 4473 καὶ
3524 4418 3692 4473 πάντα
3743 4423 3819 4475 τὰ

2148 4507 2425 4568 Ἰοκδαίων
2487 4504 2785 4571 ἀποδοῦναι
2871 4504 2993 4579 ἰερᾶ⁵
3066 4503 3159 4559 σὺν
3241 4511 3360 4568 τοῖς
3416 4504 3809 4580 αἰχμαλώτοις

2142 4599 2233 4655 καὶ
2268 4600 2544 4672 πατρῴοις
2589 4593 2755 4659 ἔθεσι.
2810 4593 3027 4648 Τούτων
3083 4597 3189 4647 τῶν
3251 4594 3432 4668 εὐχῶν
3488 4594 3580 4650 καὶ
3643 4602 3812 4671 Ζορο-

2509 4688 2607 4740 τοῦ
2659 4681 2948 4751 Σαλαθιήλ
3006 4682 3279 4752 ἀκουστὴς
3341 4682 3432 4738 καὶ
3491 4679 3812 4757 σύμϐουλος

2148 4775 2391 4854 γεγονὼς
2447 4773 2668 4847 ὕστερον
2719 4770 3007 4845 ἀνέμνησε,
3085 4773 3323 4842 συνήθης
3382 4771 3479 4829 ὧν,
3538 4772 3639 4828 Καὶ
3697 4776 3803 4849 γὰρ

2147 4864 2425 4936 ἀπεστάλη
2471 4864 2563 4936 μὲν
2589 4862 2683 4919 καὶ
2711 4866 2932 4936 πρῶτον
2964 4862 2993 4915 6
3025 4858 3181 4930 λαὸς,
3212 4861 3301 4915 καὶ
3363 4866 3470 4916 τῶν
3531 4862 3801 4936 θεμελίων

2145 4960 2242 5011 τοῦ
2272 4958 2400 5009 ναοῦ
2432 4947 2859 5022 ὑποϐληθέντων
2908 4948 3116 5021 ἐπαύθη
3150 4952 3185 5019 ἡ
3247 4948 3518 5023 οἷκοδομή
3571 4950 3631 5007 ἐκ
3683 4952 3802 5010 δια-

2147 5042 2325 5115 ϐολῆς
2358 5048 2467 5100 τῶν
2495 5042 2803 5113 προσοίκων
2839 5046 3200 5113 Σαμαρειγον.
3257 5039 3362 5095 Καὶ
3420 5041 3556 5109 ἦσαν
3613 5040 3666 5097 ἐν
3720 5048 3802 5115 τῷ

2144 5134 2292 5206 αὐτῷ
2324 5135 2571 5209 σχήματι
2606 5132 2841 5207 χρόνους
2877 5136 2964 5202 μα’
3020 5126 3125 5191 ἕως
3181 5132 3277 5184 τοῦ
3334 5126 3594 5204 διυτάρου
3644 5130 3801 5194 ἓτους

2145 5223 2392 5299 Δαρείου.
2428 5224 2566 5280 Εἶτα
2614 5218 2925 5294 πληροῦται
2978 5219 3008 5273 6
3047 5219 3174 5280 ναὸς
3204 5216 3292 5273 ἐπὶ
3342 5215 3398 5290 ἓξ
3456 5220 3677 5295 χρόνοις
3727 5219 3798 5277 δι’

2148 5315 2507 5388 ὑπομνήσεως
2547 5310 2636 5366 καὶ
2693 5313 2896 5384 χειρῶν
2944 5302 3260 5382 Ζοροϐὰϐελ
3308 5308 3399 5363 καὶ
3459 5310 3640 5380 Ἰησοῦ
3694 5316 3798 5366 τοῦ

2144 5399 2430 5471 Ἰωσεδὲκ,
2488 5400 2660 5475 ἤγουν
2747 5396 2799 5452 ἐν
2854 5398 2942 5469 μς“
2997 5395 3153 5459 δλοις
3206 5396 3474 5461 ἐνιαυτοῖς
3534 5399 3639 5454 ἀπὸ
3697 5405 3797 5456 τοῦ

2141 5492 2363 5565 πρώτου
2416 5485 2571 5552 ἔτους
2620 5488 2846 5562 Κύρου.
2919 5486 3013 5542 Διὸ
3060 5486 3148 5541 καὶ
3202 5485 3415 5562 εἴρηται
3473 5490 3620 5564 παρὰ
3682 5490 3792 5545 τὼν

2140 5578 2416 5640 Ἰουδαίων
2461 5578 2597 5653 πρὸς
2650 5577 2743 5633 τὸν
2791 5575 3014 5650 Κύριον⁸
3076 5600 3102 5626 ‹‹
3129 5577 3215 5632 Ἐν
3248 5577 3333 5649 μς’
3390 5574 3729 5650 ᾠκοδομήθη
3764 5582 3793 5636 ὁ

2139 5672 2264 5726 ναὸδ
2296 5668 2454 5731 οὗτος
2484 5669 2573 5724 καὶ
2609 5665 2672 5721 σὺ
2705 5688 2756 5722 εν
2787 5665 2962 5740 τρισὶν
2994 5664 3229 5738 ἡμέραις
3279 5663 3486 5741 ἐγερεῖς
3518 5666 3676 5722 αὐτόν
3709 5688 3722 5738 ;
3760 5695 3789 5721 ι»
