4142 6420
356 397 475 457 289

1508 401 2048 465 HISTORIARUM
2094 402 2651 467 COMPENDIUM.

3679 404 3798 465 290

429 535 494 592 Ὀ
522 534 629 610 γὰρ
662 536 752 607 [Ρ.
794 538 918 608 143]
953 541 1227 610 Σολομῶν
1259 536 1311 591 ἐν
1343 536 1479 592 ἑπτά
1508 536 1645 593 ἔτεσι
1704 539 2028 593 κατεσκεύα-

2149 541 2258 596 hoc
2290 542 2464 596 annis
2496 541 2950 596 4οεει1ἰῐῖρειιιιηι
2999 546 3109 605 est,
3160 546 3220 595 et
3267 546 3327 596 tu
3385 540 3443 595 id
3496 542 3690 597 triduo
3742 548 3797 599 te

364 647 449 682 σεν
503 624 689 681 αὐτόν.
780 626 956 683 Ἦσαν
1041 623 1099 681 δὲ
1169 628 1219 681 οἱ
1283 622 1716 702 ὑποστρέψαντες
1768 628 1874 683 ἀπὸ
1936 634 2040 698 τῆς

364 713 762 791 αῗχμαλωσίας
793 713 1127 789 Βαβυλῶνος
1170 714 1427 792 χιλιάδες
1466 715 1546 771 κδ’
1574 717 1665 772 καὶ
1696 718 1787 787 τξ’,
1847 715 2038 772 δοῦλοι

368 802 425 860 δὲ
453 802 869 878 ἑπτακισχίλιοι
904 801 1009 873 λζ’.

437 985 501 1039 ’11
569 981 630 1038 δὲ
679 987 777 1038 τοῦ
847 977 1160 1059 Ζοροϐάϐελ
1248 985 1559 1059 ὑπόμνησις
1650 985 1879 1056 τοιαύτη
1946 988 2035 1055 ἦν*

366 1076 532 1148 Τρεῖς
585 1071 1056 1149 σωματοιρῦλακες
1133 1077 1230 1128 τοῦ
1315 1074 1591 1148 βασιλέως
1678 1076 1753 1137 εἷς
1813 1073 2036 1141 ἑαυτοὺς

366 1160 757 1241 διαλεχθὲντες
800 1161 976 1216 εἶπον·
1039 1160 1382 1235 Λαλήσωμεν
1437 1167 1518 1235 τῷ
1586 1163 1809 1238 βασιλεῖ
1864 1168 2040 1236 ζητή-

364 1272 533 1324 ματα,
563 1249 795 1313 ἕκαστος
833 1249 1086 1324 περῖτοῦ
1135 1250 1187 1306 τί
1249 1250 1390 1307 ἐστιν
1458 1252 1810 1329 ἰσχυρότερον
1878 1253 1929 1309 ἐν
1956 1252 2037 1327 τῷ

358 1342 584 1414 κόσμῳ.
628 1341 817 1410 ’ὀνικᾷ
872 1339 1065 1395 πάντα·
1124 1339 1215 1395 καὶ
1279 1341 1366 1403 οἷς
1415 1342 1479 1397 ἂν
1537 1342 1726 1418 εὑρεθῇ
1784 1346 2032 1415 νικήσας,

356 1431 735 1503 τιμηθήσεται
765 1429 916 1502 παρὰ
943 1433 1041 1483 τοῦ
1096 1428 1386 1505 βασιλέως.
1458 1435 1520 1489 '0
1576 1436 1795 1506 πρῶτος
1866 1435 2032 1489 εἶπεν

358 1520 748 1598 ’ἰσχυρότερος
789 1520 819 1575 6
851 1521 1028 1587 οἶνος,
1090 1521 1177 1575 καὶ
1240 1527 1365 1593 νικᾷ
1421 1522 1613 1580 πάντα.
1668 1524 1728 1581 Ὁ
1785 1521 2033 1598 δεύτερος

355 1610 500 1665 εἶπε·
536 1614 683 1678 Naxi
714 1610 743 1663 6
779 1607 1064 1684 βασιλεὺς,
1118 1610 1180 1665 τὸ
1231 1610 1528 1686 βούλεσθαι
1565 1608 1710 1687 ἔχων
1769 1618 1838 1688 τῇ
1872 1610 2032 1668 δυνά-

358 1719 449 1771 μει
510 1694 848 1773 σύνδρομον.
917 1698 980 1754 Ὀ
1036 1697 1221 1773 τρίτος
1280 1700 1308 1754 ὁ
1365 1701 1454 1755 καὶ
1521 1695 1836 1775 Ζοροϐαϐελ
1894 1701 2031 1758 εἶπε.

352 1787 567 1859 Νισιᾷῆ
609 1789 778 1863 γυνὴ,
838 1786 929 1842 καὶ
990 1787 1124 1863 ὑπὲρ
1180 1788 1351 1845 πάντα
1408 1791 1444 1859 ἢ
1517 1788 1769 1861 ἀλήθεια.
1802 1792 1902 1852 ’Ὀς
1932 1790 2030 1846 ἐπ·

353 1890 554 1954 ῃνεθη,
587 1877 681 1931 καὶ
716 1874 880 1947 ἐδόθη
915 1874 1064 1949 αὖτῷ
1114 1876 1352 1949 αἴτησις.
1392 1879 1449 1934 ’0
1491 1877 1547 1934 δὲ
1600 1880 1881 1953 ὑπέμνησε
1938 1883 2029 1936 τὸν

359 1965 594 2043 βασιλὲα
624 1974 729 2036 τῆς
780 1966 974 2041 εὐχῆς,
1036 1968 1122 2022 καὶ
1190 1967 1430 2025 ἀπέλυσε
1483 1970 1576 2025 τὸν
1641 1969 1772 2026 λαὸν
1828 1971 2020 2042 πάντα,

358 2059 451 2111 καὶ
478 2059 579 2126 τήν
612 2053 777 2111 πόλιν
808 2055 900 2109 καὶ
929 2054 1023 2110 τὸν
1052 2056 1179 2111 ναὸν
1208 2054 1590 2130 ᾠκοδόμησεν.

438 2148 527 2201 Ἐν
555 2142 876 2217 τῆδευτέρᾳ
931 2149 1039 2200 τῶν
1092 2141 1494 2202 Μακκαὸαϊκῶν
1544 2147 1849 2205 ἐπιστολῶν
1904 2154 2022 2211 τοῖς

372 2235 493 2290 κατ’
544 2232 799 2307 Αἴγυπτον
879 2233 1169 2297 Ἰουδαίοις
1225 2234 1528 2311 γέγραπται
1589 2240 1713 2313 περὶ
1763 2237 2020 2313 Νεεμίου,

375 2325 460 2380 δτι
514 2320 950 2396 ἀνοικοδομήσας
1025 2324 1089 2378 τὸ
1160 2325 1306 2399 ἱερὸν
1363 2326 1450 2381 καὶ
1510 2328 1574 2381 τὸ
1640 2330 2020 2403 θυσιαστήριον

366 2414 457 2468 καὶ
492 2412 714 2486 μέλλων
744 2412 931 2467 θυσίαν
980 2410 1259 2493 ἀναφέρειν
1321 2410 1529 2489 ἔπεμψε
1574 2416 1706 2479 τοὺς
1766 2416 2025 2494 ἐγγόνους

356 2509 471 2559 τῶν
500 2502 691 2577 ἱερέων
725 2501 813 2557 ἐπὶ
858 2503 922 2558 τὸ
952 2505 1143 2582 φρέαρ,
1201 2503 1255 2558 ἐν
1304 2504 1351 2577 ᾧ
1403 2505 1773 2582 κατέκρουψαν
1831 2507 1883 2561 οἰ
1923 2528 2026 2562 πα-

357 2591 511 2667 τέρες
544 2591 731 2647 αὐτῶν
764 2592 819 2647 ἓν
850 2597 928 2664 τῷ
966 2598 1142 2667 καιρῷ
1169 2600 1271 2663 τῆς
1310 2593 1702 2669 αἲχμαλωσίας
1765 2591 2025 2658 λαϐόντες

360 2681 420 2737 ἐκ
452 2686 555 2737 τοῦ
587 2682 765 2756 πυρὸς
792 2685 892 2736 τοῦ
944 2682 1354 2757 θυσιαστηρίου,
1425 2684 1499 2746 ὡς
1553 2685 1815 2761 Ἱερεμίας
1868 2686 2026 2765 φησὶ,

354 2775 453 2827 τοῦ
484 2770 717 2844 ἀγαγεῖν
756 2773 862 2845 πῦρ
893 2768 944 2843 ἐξ
977 2768 1160 2829 αὐτοῦ.
1194 2772 1261 2828 Οἱ
1311 2768 1370 2826 δὲ
1429 2771 1751 2836 ἀπελθόντες
1812 2773 1919 2849 οὐχ
1940 2775 2028 2828 εὗ-

359 2879 451 2934 ρον
516 2862 654 2932 πῦρ,
716 2857 846 2914 ἀλλ’
901 2856 1047 2934 ὕδωρ
1095 2858 1272 2938 παχύ.
1332 2859 1615 2917 Ἐκὲλευσε
1675 2859 1733 2917 δὲ
1788 2862 2027 2936 Νεεμῖας

352 2948 586 3023 ἀγαγεῖν
619 2946 681 3002 ἐκ
737 2946 957 3019 τούτοῦ,
1019 2949 1111 3003 καί⁵
1170 2946 1455 3025 ἐπιρῥᾶναι
1521 2955 1640 3013 τοῖς
1671 2949 1857 3022 ξύλοις
1910 2957 2028 3014 τοῖς

352 3032 750 3109 ὗποκειμέηοις
807 3040 876 3109 τῇ
963 3036 1139 3109 θυσίᾳ.
1223 3041 1337 3095 Τοῖ’»
1426 3038 1483 3094 δὲ
1555 3039 1726 3109 ἡλίου
1785 3041 1890 3096 ἀπὸ
1941 3040 2028 3096 vi-

353 3146 493 3205 σους
557 3125 884 3201 λάμψαντος
960 3126 1175 3205 ἀνήρθη
1246 3128 1390 3205 πυρα
1450 3128 1665 3204 μεγάλη
1724 3130 1860 3185 κατὰ
1917 3135 2027 3186 τῶν

355 3219 563 3271 θυσιῶν
593 3215 685 3270 καὶ
724 3213 1057 3287 ἐδαπάνησεν
1112 3217 1302 3288 αὐτὰς.
1363 3216 1504 3273 ὥστε
1559 3220 1830 3292 θαυμάσαι
1888 3220 2027 3275 πάν-

360 3326 457 3367 τας
488 3305 584 3359 καὶ
618 3302 837 3375 δοξάσαι
867 3306 960 3361 τὸν
990 3307 1120 3361 Θεὸν
1153 3308 1267 3381 μετ’
1299 3307 1493 3383 εὐχῆς.

430 3396 560 3451 Ὀτι
592 3396 621 3449 ὁ
653 3396 867 3467 Ξὲρξης
903 3393 1063 3458 οὗτος
1097 3394 1376 3471 Α’ίγυπτον
1406 3394 1742 3472 παραλαϐὼν
1799 3399 1890 3454 καὶ
1950 3401 2025 3463 εἰς

362 3485 601 3554 Ἀοῆνκς
638 3482 833 3552 ἐλθών,
868 3484 1054 3557 ζεύξας
1108 3485 1200 3539 τὸν
1240 3485 1673 3557 Ἑλλήσποντον,
1735 3488 2027 3564 ἐνέπρησεν

361 3572 551 3647 αὐτας.
614 3575 700 3627 Ἐν
779 3569 836 3627 δὲ
913 3574 1101 3648 Ῥώμῃ
1182 3574 1427 3648 Ιίορτίλα
1481 3596 1565 3638 τις
1622 3579 1880 3653 παρθένος
1940 3578 2026 3646 ἐπὶ

363 3658 638 3737 διαφθορᾷ
690 3667 1132 3736 καταγνωσθεῖσα
1188 3669 1334 3732 ζωσα
1399 3664 1717 3741 κατωρύγη.
1781 3667 1877 3721 Καὶ
1936 3668 2028 3723 νό-

362 3770 461 3824 μοι
508 3749 560 3803 ὲν
617 3751 811 3825 Ῥώμῃ
867 3750 975 3805 ἀπὸ
1045 3749 1316 3817 Ἑλλάδος
1373 3751 1463 3809 διὰ
1521 3751 1731 3811 δώδεκα
1790 3752 2026 3831 βιϐλίων

354 3838 714 3917 ἐπέμφθησαν
746 3882 760 3895 .
816 3841 902 3895 Ἐν
955 3839 1172 3902 τοΰτοις
1264 3846 1380 3904 τοῖς
1429 3843 1654 3918 χρόνοις
1713 3842 1917 3920 ἐρῥάγη
1977 3846 2031 3901 ἐν

349 3929 586 4000 Σικελία
615 3930 680 3984 τὸ
711 3929 970 3986 Αἰτναῖον
999 3929 1127 4005 ὅρος
1179 3931 1271 3987 καὶ
1327 3932 1523 4005 ἐξῆλθε
1576 3938 1705 4010 πῦρ.
1752 3937 1854 3992 Καὶ
1916 3957 2032 3991 σει-

360 4024 520 4092 σμῶν
558 4018 869 4094 γενομένων
934 4021 971 4089 ἡ
1022 4020 1161 4095 πρὸς
1219 4022 1456 4096 Λόκροις
1514 4023 1823 4095 ’Λταλάντη
1906 4044 2030 4100 σχι-

364 4113 555 4172 σθεῖσα
599 4114 759 4179 νῆσοι
817 4106 1045 4184 ἐγένετο.
1117 4110 1269 4166 Κατὰ
1318 4110 1552 4176 τούτους
1611 4114 1739 4176 τοὺς
1799 4114 2032 4189 χρόνους

358 4197 456 4251 καὶ
518 4197 571 4251 οἱ
630 4198 915 4268 Ἀθηναῖοι
976 4203 1096 4262 τοῖς
1168 4196 1254 4254 κδ’
1303 4199 1661 4271 Ἑλληνικοῖς
1715 4203 2031 4279 γράμμασιν

364 4285 705 4361 ἐχρήσαντο,
741 4286 881 4360 μόνα
929 4287 992 4351 ις’
1050 4285 1181 4342 ὄντα
1230 4290 1518 4363 πρότερον.
1580 4290 1679 4345 Καὶ
1731 4294 2034 4367 Σωκράτης

363 4375 418 4446 ἐξ
450 4374 640 4436 ἀνοίας
685 4378 794 4431 τῶν
859 4368 1158 4447 Ἀθηναίων
1188 4377 1252 4433 τὸ
1280 4380 1506 4435 κώνειον
1566 4381 1708 4435 πιὼν
1760 4380 2031 4441 ἐτελεῠτα.

362 4462 604 4535 Ἕλκίκη
637 4464 727 4519 καὶ
757 4466 793 4535 ἡ
824 4469 1027 4541 Βοῦρα,
1056 4465 1251 4529 πόλεις
1289 4470 1543 4545 Ἀχαΐας,
1605 4470 1864 4546 μεγάλοις
1924 4493 2034 4527 σει-

360 4560 533 4629 σμοῖς
608 4555 1048 4626 κατεπτώθησανθ
1146 4556 1222 4612 ὧν
1307 4553 1385 4614 ἔτι
1443 4560 1581 4615 κατὰ
1640 4559 1911 4624 θάλασσαν
1968 4563 2036 4619 τά

358 4644 503 4721 ἴχνη
536 4644 810 4724 φαίνονται
855 4652 974 4710 τοῖς
1031 4644 1292 4704 πλέουσιν
1349 4649 1456 4705 ἀπὸ
1528 4655 1753 4726 Πατρῶν
1813 4652 1898 4708 ἐπὶ
1936 4653 2108 4724 Κό-Ῑ)

358 4735 546 4807 ρινθον
582 4730 750 4804 διξιᾷ
843 4795 851 4801 ,

430 4823 556 4876 Ὀτι
626 4820 882 4892 Σκηπίων
970 4824 1296 4903 Ἀφρικανὸς
1366 4828 1645 4902 Ῥωμαῖος
1726 4827 2022 4907 δικτάτωρ,

358 4912 651 4986 πορθήσας
712 4909 1055 4986 Καρχηδόνα,
1142 4917 1410 4993 Ἀφρικὴν
1487 4919 1588 4988 τήν
1648 4919 1836 4995 χώραν
1895 4942 2026 4996 μετ-

363 4999 678 5073 ωνόμασεν.
1088 5058 1095 5064 _

431 5091 563 5148 Ὀτι
591 5088 833 5146 Γαλάται
888 5091 981 5146 καὶ
1042 5091 1239 5150 Κελτοὶ
1268 5096 1497 5169 Ῥώμης
1555 5094 1814 5173 ἒκράτουν
1874 5099 2024 5171 πλὴν

365 5184 463 5237 τοῦ
496 5178 881 5238 Καπιτωλίου.

438 5268 833 5347 Ἀριστοτελης
875 5275 957 5345 τῷ
990 5271 1242 5330 Πλάτωνι
1277 5277 1569 5349 μαθητεῦει
1600 5276 1707 5334 ἀπὸ
1763 5276 2027 5337 δεκαεπτᾶ

366 5361 590 5440 χρόνων
617 5367 724 5430 τῆς
754 5359 983 5430 ἡλικίας
1014 5360 1203 5420 αὐτοῦ.

428 5452 513 5527 [Ρ.
583 5452 712 5524 146]
788 5451 910 5506 Ἐπ’
994 5452 1163 5506 αὐτοῦ
1242 5453 1520 5516 Διονῦσιος
1576 5456 1848 5532 ἐτυράννει
1914 5464 2023 5514 τῶν

356 5541 627 5611 Σικελῶν,
686 5541 810 5595 καθ’
869 5537 928 5593 ὅν
989 5541 1018 5595 6
1078 5542 1305 5597 Πλάτων
1365 5542 1730 5619 ἀποδημήσας
1780 5548 2024 5623 ἱστορίας

347 5627 497 5690 ἕνεκα
537 5636 653 5689 τῶν
719 5627 1043 5703 λεγομένων
1107 5630 1375 5687 Αἰτναίων
1433 5635 1709 5711 κρατὲρων
1759 5642 1856 5692 τοῦ
1921 5659 2022 5694 πυ.

403 5735 453 5771 ⁸⁵
480 5733 694 5792 Matth.
733 5746 912 5795 xxm,
948 5731 1038 5786 40.

2146 636 2580 686 exstructurum
2616 631 2702 685 ais
2724 630 2750 684 ‘2
2777 630 2824 663 ⁸⁵
2856 652 2884 680 ››
2918 631 3197 685 Solomon
3227 635 3257 683 7
3286 647 3476 686 annos
3508 632 3596 686 sui
3643 639 3795 686 tem-

2144 719 2508 791 plizudificio
2543 719 2937 791 impenderat.
2988 720 3279 775 Numerus
3333 722 3672 776 Judarorum
3725 722 3797 777 ab

2146 810 2359 865 exsilio
2393 809 2749 882 Babylonico
2783 811 3201 865 revertentium
3228 811 3340 865 fuit
3369 814 3437 865 24
3470 811 3682 880 millia,
3742 816 3802 866 et

2145 899 2338 970 capita
2370 901 2495 966 360,
2527 916 2829 954 servorum
2864 903 3027 956 7037.

2213 988 2503 1041 therum
2549 986 2710 1057 quod
2760 987 2832 1042 de
2882 987 3291 1043 admonitione
3350 1005 3384 1043 a
3435 988 3798 1045 Zorobabelo

2142 1074 2298 1130 facta
2333 1074 2659 1130 indicatum
2693 1082 2803 1141 est,
2865 1076 2924 1130 id
2977 1077 3061 1132 sic
3115 1077 3338 1132 habet:
3390 1079 3528 1132 Tres
3581 1078 3797 1149 quibus

2144 1163 2416 1219 custodia
2446 1164 2715 1236 corporis
2774 1165 2919 1237 regii
2968 1166 3290 1221 commissa
3337 1173 3481 1233 erat,
3536 1166 3691 1222 inter
3735 1183 3796 1222 se

2143 1252 2445 1321 collocuti,
2480 1257 2819 1308 statuerunt
2866 1252 3084 1325 singuli
3147 1252 3539 1324 quaestionem
3591 1253 3664 1307 de
3725 1270 3794 1309 eo

2142 1339 2301 1413 quod
2323 1340 2713 1396 fortissimum
2731 1341 2792 1395 in
2811 1341 3034 1397 mundo
3053 1341 3129 1396 sit
3149 1348 3326 1412 atque
3345 1341 3548 1398 omnia
3577 1342 3796 1410 vincat,

2140 1429 2261 1502 regi
2295 1446 2629 1501 exponere:
2666 1430 2868 1486 victori
2891 1447 3106 1502 nempe
3138 1447 3173 1485 a
3200 1447 3335 1503 rege
3369 1430 3656 1485 honorem
3686 1431 3796 1486 ha-

2139 1521 2329 1576 bitum
2358 1521 2452 1575 iri.
2485 1521 2722 1576 Primus
2750 1521 2899 1576 dixit
2929 1522 3129 1577 vinum
3156 1538 3317 1577 essse
3375 1521 3796 1589 fortissimum,

2139 1610 2421 1665 etomnia
2442 1609 2695 1665 vincere.
2716 1610 3024 1666 Secundus
3047 1610 3231 1666 dixit:
3254 1611 3447 1666 Vincit
3485 1629 3610 1677 rex,
3657 1611 3799 1683 quia

2138 1699 2426 1754 voluntati
2447 1699 2793 1755 facultatem
2815 1700 3157 1772 adjunctam
3176 1700 3610 1756 habet.Tertius
3621 1701 3799 1756 Zoro-

2136 1787 2384 1843 babelus
2408 1788 2722 1843 mulierem
2738 1789 3191 1869 prmvalere,sed
3209 1791 3487 1845 omnibus
3505 1788 3796 1862 potentio-

2138 1892 2263 1931 rem
2277 1894 2407 1932 esse
2422 1878 2724 1933 veritatem
2746 1878 2912 1932 dixit.
2925 1879 3025 1933 Hic
3041 1879 3257 1934 meruit
3276 1878 3510 1933 laudem
3523 1921 3536 1946 ,
3554 1883 3611 1934 et
3642 1878 3796 1933 libe-

2136 1982 2264 2021 ram
2283 1966 2586 2038 optionem
2608 1972 2819 2022 nactus
2840 1983 3041 2039 regem
3062 1967 3181 2022 voti
3203 1967 3517 2022 admonuit
3540 1984 3554 2035 ;
3589 1971 3647 2021 et
3689 1982 3794 2021 rex

2137 2055 2424 2126 populum
2438 2055 2495 2109 di
2517 2056 2678 2110 misit
2692 2072 2759 2111 ac
2776 2056 2985 2111 urbem
3003 2054 3501 2127 aediticavitatque
3516 2053 3798 2126 templum

2214 2146 2280 2198 ln
2303 2144 2564 2199 secunda
2585 2144 2835 2216 epistola
2859 2144 3331 2200 Machabmorum
3354 2144 3429 2199 ad
3459 2144 3691 2199 Iudaeos
3731 2144 3795 2198 in

2140 2235 2380 2305 Aﬁgypto
2440 2233 2724 2304 degentes
2782 2234 3067 2306 scriptum
3121 2239 3232 2301 est,
3310 2232 3469 2304 quod
3520 2232 3800 2288 refecerit

2142 2323 2431 2395 templum
2464 2328 2521 2378 et
2553 2324 2738 2379 altare
2764 2324 3058 2392 Neemias,
3090 2340 3179 2391 ac,
3215 2323 3678 2391 sacriﬁcaturus,
3702 2339 3800 2378 sa-

2141 2411 2451 2469 cerdotum
2484 2420 2754 2483 posteros
2781 2412 2855 2468 ad
2897 2412 3126 2468 foveam
3178 2413 3432 2483 miserit,
3493 2411 3554 2466 in
3615 2428 3794 2483 quam

2144 2508 2408 2573 tempore
2430 2502 2813 2560 excidii255
2851 2503 3109 2574 majores
3137 2503 3399 2575 ipsorum
3443 2501 3801 2557 abdiderant

2142 2593 2340 2664 ignem
2360 2591 2431 2647 de
2455 2591 2626 2647 altari
2652 2597 2978 2664 sumptum,
2996 2597 3062 2646 ut
3079 2591 3367 2646 Jeremias
3387 2591 3489 2659 ait,
3514 2596 3579 2645 ut
3620 2591 3691 2646 de
3727 2607 3795 2646 eo

2143 2682 2341 2753 ignem
2369 2682 2690 2745 afferrent;
2724 2681 2961 2750 missos,
3018 2697 3087 2735 eo
3136 2697 3271 2735 cum
3301 2680 3623 2747 venissent,
3673 2696 3797 2735 non

2142 2770 2441 2825 invenisse
2474 2770 2692 2841 ignem,
2721 2769 2825 2823 sed
2847 2786 3064 2839 aquam
3088 2785 3384 2835 crassam;
3408 2785 3481 2823 ex
3504 2784 3575 2825 ea
3596 2766 3799 2824 aﬂ‘erri

2136 2860 2391 2931 jussisse
2418 2859 2742 2929 Neemiam,
2782 2875 3033 2929 eamque
3066 2858 3420 2930 inspersisse
3451 2858 3629 2930 lignis
3661 2856 3798 2929 qui-

2143 2949 2254 3004 bus
2285 2948 2523 3005 victima
2544 2954 2672 3004 erat
2701 2949 2981 3021 imposita
3005 2969 3021 3016 ;
3043 2965 3179 3003 cum
3206 2954 3406 3003 autem
3430 2948 3519 3003 sol
3550 2964 3617 3002 ex
3640 2946 3796 3001 nube

2144 3039 2485 3106 etTulsisset,
2532 3056 2778 3111 magnos
2834 3039 2999 3111 ignes
3050 3038 3339 3094 exarsisse
3398 3055 3466 3093 ac
3527 3037 3796 3092 victimas

2144 3129 2587 3200 absumpsisse;
2659 3129 3048 3200 quamobrem
3124 3144 3332 3183 omnes
3397 3126 3792 3183 admiratione

2145 3225 2347 3289 captos
2379 3220 2565 3275 Deum
2596 3219 2767 3274 factis
2795 3221 2943 3274 votis
2973 3217 3347 3290 praedicasse.

2204 3403 2257 3456 Is
2286 3402 2504 3457 Xerxes
2537 3404 2774 3475 .Egypto
2808 3402 2868 3456 in
2899 3406 3254 3473 potestatem
3298 3417 3468 3456 suam
3534 3398 3797 3467 redacta,

2134 3492 2394 3546 Athenas
2445 3491 2657 3563 juncto
2716 3497 2894 3563 ponte
2964 3490 3344 3562 Hellesponto
3408 3490 3795 3562 perveniens,

2134 3580 2343 3635 urbem
2360 3582 2644 3637 incendit.
2661 3583 2859 3636 Roma)
2875 3580 3099 3635 Portila
3112 3580 3385 3651 quaedam
3398 3580 3558 3650 virgo
3578 3578 3792 3634 incesti

2134 3670 2418 3726 damnata
2446 3672 2573 3727 viva
2615 3672 2850 3727 defossa
2887 3671 3019 3726 fuit.
3056 3671 3234 3743 Leges
3267 3670 3584 3726 duodecim
3616 3668 3793 3725 tabu-

2132 3759 2327 3815 larum
2358 3778 2429 3815 ex
2478 3762 2700 3817 Gracia
2748 3762 2997 3816 Romam
3046 3760 3237 3816 allataa
3282 3765 3440 3815 sunt.
3493 3762 3572 3814 Ea
3612 3763 3789 3814 (etate

2132 3850 2303 3904 Aitna
2332 3866 2506 3905 mons
2538 3849 2599 3904 in
2625 3849 2827 3906 Sicilia
2862 3856 3076 3921 ruptus
3103 3854 3195 3904 est
3226 3849 3547 3921 ignemque
3582 3846 3789 3903 edidit.

2136 3939 2206 3992 Et
2237 3944 2409 3993 terrae
2442 3939 2701 3994 motibus
2729 3938 3004 3994 Atalanta
3033 3955 3068 3992 a
3097 3938 3294 3993 Locris
3325 3938 3577 4009 abrupta
3596 3935 3795 3992 insula

2134 4026 2292 4082 facta
2329 4033 2436 4083 est.
2471 4027 2691 4083 Eodem
2724 4034 2992 4099 tempore
3049 4028 3444 4083 Athenienses
3476 4026 3693 4081 Graecis
3724 4027 3793 4079 24

2136 4115 2354 4172 litteris
2385 4121 2543 4185 sunt,
2585 4133 2721 4172 cum
2752 4123 2890 4171 ante
2922 4116 3137 4171 littera;
3161 4121 3392 4170 tantum
3416 4117 3480 4170 16
3512 4115 3786 4170 fuissent.

2135 4207 2206 4260 Et
2236 4206 2504 4261 Socrates
2562 4206 2775 4261 hausto
2815 4222 2923 4277 per
2972 4204 3274 4260 vesaniam
3327 4204 3787 4259 Atheniensium

2135 4294 2344 4350 cicuta:
2376 4312 2606 4351 veneno
2656 4295 2929 4351 moritur.
2982 4294 3177 4350 Helice
3237 4298 3295 4347 et
3339 4293 3492 4349 Bura
3545 4293 3784 4348 Achaiae

2136 4384 2315 4440 urbes
2345 4385 2575 4456 magnis
2632 4389 2805 4439 terra:
2865 4382 3124 4439 motibus
3164 4383 3458 4455 absorpt-u
3518 4387 3697 4449 sunt;
3733 4386 3792 4437 et

2137 4474 2331 4531 adhuc
2349 4491 2554 4531 earum
2569 4476 2815 4549 vestigia
2834 4476 2896 4530 in
2919 4476 3067 4531 mari
3092 4474 3366 4530 visuntur
3385 4472 3460 4529 ad
3483 4472 3784 4542 dextram,

2139 4581 2275 4621 cum
2305 4582 2341 4620 a
2370 4566 2562 4622 Patris
2588 4565 2936 4622 Corinthum
2970 4564 3301 4636 navigatur.

2208 4837 2402 4910 Scipio
2436 4837 2748 4894 Africanus
2799 4840 3200 4895 Romanorum
3241 4838 3496 4894 dictator
3541 4839 3791 4895 Cartha-

2135 4928 2271 5000 gine
2302 4927 2499 4984 deleta
2527 4928 2754 5001 regioni
2783 4945 3007 4986 nomen
3030 4928 3238 4984 Africa:
3260 4928 3501 4985 indidit.

2208 5107 2364 5165 256
2395 5107 2613 5164 Galatae
2645 5113 2705 5165 et
2730 5108 2909 5166 Celtm
2930 5112 3183 5167 Romam
3214 5112 3459 5180 excepto
3476 5105 3788 5178 Capitolio,

2135 5203 2443 5268 ceperunt.

2205 5286 2557 5344 Aristoteles
2589 5305 2624 5344 a
2660 5292 2719 5343 l7
2751 5306 2872 5345 sua;
2911 5288 3103 5345 astatis
3150 5304 3306 5344 anno
3354 5284 3621 5342 Platonis
3660 5284 3786 5340 dis-

2135 5375 2369 5448 cipulus
2401 5378 2531 5433 fuit.

2208 5468 2287 5521 Eo
2320 5472 2585 5539 tempore
2619 5469 2932 5539 Dionysius
2964 5469 3296 5524 Siculorum
3327 5469 3439 5523 fuit
3472 5471 3784 5538 tyrannus.

2133 5556 2220 5611 Ad
2252 5573 2388 5611 eum
2438 5558 2602 5612 Plato
2651 5558 2948 5628 profectus
2998 5564 3108 5622 est,
3160 5560 3343 5612 Aitnae
3395 5557 3583 5611 dictos
3635 5556 3789 5625 ignis

2134 5650 2394 5703 crateras
2417 5645 2843 5718 contemplandi
2866 5645 3159 5714 studio,ac
3176 5646 3414 5717 tyranni
3433 5646 3788 5701 in‘notitiam
3844 5662 3850 5669 ·
