4142 6416
368 366 489 426 295

1691 361 2003 428 GEORGII
2053 363 2405 427 CEDRENI

3674 381 3791 442 296

442 498 581 551 Post
611 497 927 554 Romulum
959 517 1061 555 rex
1093 500 1283 556 factus
1332 503 1521 556 Numa
1567 498 1895 570 Pompilius
1924 497 2022 550 Sa-

2145 580 2149 581 γ
2210 498 2438 581 Νουμᾶς
2472 497 2557 569 [Ρ.
2595 500 2719 571 148]
2755 498 3072 572 Πομπίλιος
3101 497 3334 566 Σαϐῖνος
3392 506 3528 577 μετὰ
3578 507 3793 581 Ῥωμύ-

373 587 551 644 binus
582 589 816 646 nullum
847 592 1023 663 plane
1056 592 1277 648 bellum
1301 592 1625 666 gessit,sed
1648 609 1744 647 res
1775 591 2033 645 urbanas

373 678 694 735 utilissime
726 681 1052 736 constituit.
1086 683 1320 737 Etenim
1363 683 1522 754 leges
1574 681 1773 753 posuit
1832 679 2035 735 civiles

374 773 551 839 atquc
580 773 841 839 pacatas,
866 770 1082 840 quibus
1113 770 1187 826 ad
1230 771 1663 826 humanitatem
1695 775 1755 825 et
1784 769 2034 824 civilita-

370 862 491 912 tem
539 857 697 912 cives
752 858 1024 914 adduxit.
1083 860 1237 915 Anni
1283 860 1512 931 primus
1561 860 1673 915 fuit
1724 859 2033 920 inventor;

371 946 634 1019 plurima
664 946 801 1001 fana
834 947 1119 1019 lucosque
1152 949 1400 1004 deorum
1431 949 1741 1005 dedicavit.
1780 946 2041 1001 Instituit

372 1036 553 1091 etiam
596 1037 861 1092 Vestales
912 1037 1190 1110 virgines,
1241 1055 1373 1109 quae
1432 1038 1585 1111 ignis
1640 1043 1818 1108 atque
1869 1050 2037 1105 aqum

377 1142 580 1180 curam
613 1132 910 1198 gererent,
935 1128 1455 1199 virginitatemque
1475 1135 1595 1182 toto
1626 1128 1757 1182 vitm
1788 1126 2041 1180 decursu

378 1220 841 1271 conservarent:
877 1232 1010 1286 quae
1042 1233 1170 1272 eam
1205 1217 1589 1288 prodidisset,
1624 1232 1695 1271 ea
1741 1213 2041 1285 lapidibus

377 1302 753 1358 obrueretur.
786 1304 1140 1375 Capitolium
1174 1306 1258 1375 (id
1289 1305 1639 1361 vocabulum
1672 1309 1848 1376 caput
1876 1300 2042 1357 urbis

375 1395 563 1463 notat)
586 1410 656 1448 ex
675 1392 1084 1449 fundamentis
1109 1395 1418 1449 exstruxit.
1437 1396 1629 1463 Anno,
1654 1392 1753 1463 qui
1779 1406 2040 1462 eousque

375 1483 573 1539 fuerat
601 1484 813 1539 decem
845 1486 1146 1540 mensium
1178 1492 1518 1556 usurpatos,
1554 1484 1705 1539 duos
1764 1481 2043 1553 apposuit

374 1591 638 1645 menses,
666 1576 1012 1631 Ianuarium
1041 1583 1100 1631 et
1122 1577 1427 1632 Sextilem.
1470 1575 1556 1631 Ab
1607 1575 1771 1631 τοι)
1819 1572 2042 1628 Isauris

376 1662 548 1718 lanna:
570 1665 964 1736 gestationem
988 1667 1260 1737 sumpsit.
1296 1666 1530 1721 Primus
1562 1662 1845 1720 Romanis
1876 1678 2044 1717 asses

379 1768 450 1807 ex
472 1758 714 1824 argento
742 1760 801 1809 et
830 1771 945 1809 aere
977 1771 1152 1811 cusos
1181 1755 1430 1827 largitus
1452 1760 1560 1823 est,
1595 1769 1730 1809 cum
1760 1752 1799 1805 ii
1832 1767 2043 1807 neces-

2139 580 2236 636 λον
2270 578 2605 644 ἐϐασίλευσε.
2641 585 2891 661 Πόλεμον
2926 589 3022 663 μὶν
3051 589 3245 647 οὐδένα
3296 595 3521 650 πώποτε
3580 578 3793 671 διῳκη-

2141 690 2291 736 σατο,
2322 672 2390 726 τά
2420 669 2476 726 δὶ
2506 673 2641 728 κατᾶ
2677 674 2840 730 πόλιν
2891 675 2968 738 εἷς
3015 679 3077 733 τὸ
3135 678 3563 759 ὠφελιμώτερον
3615 669 3796 742 διεκό-

2142 777 2290 830 σμει,
2333 758 2538 831 νόμους
2596 761 2686 817 ὅτε
2741 763 2789 799 ³⁸
2824 766 3084 830 καθιστάς
3122 766 3446 833 πολιτικοὺς
3476 758 3593 826 καὶ
3650 773 3795 846 ἠμέ-

2142 865 2293 921 ρους,
2326 844 2397 902 δι’
2426 850 2500 902 ὧν
2524 848 2775 915 ἀστείους
2807 873 2868 909 τε
2894 854 2986 909 καὶ
3034 853 3458 933 φιλανθρώπους
3505 859 3635 923 τους
3690 844 3795 919 πο-

2142 933 2298 998 λίτας
2353 935 2732 1013 ἀπειργάζετο.
2821 942 3095 998 Ἐνιαυτόν
3175 965 3235 1000 τε
3293 952 3511 1019 πρῶτος
3578 948 3795 1025 εὕρατο,

2144 1024 2262 1099 ἱερά
2289 1046 2347 1081 τε
2376 1024 2606 1082 πλεῖστα
2633 1028 2725 1083 καὶ
2763 1031 2963 1103 τεμένη
3027 1037 3160 1096 θεῶν
3221 1031 3501 1109 ἱδρύσατο·
3561 1038 3653 1093 καὶ
3698 1041 3795 1103 τάς

2145 1116 2427 1181 Ἑστιάδας
2458 1120 2751 1195 παρθένους
2804 1128 2901 1179 τοῦ
2938 1127 3109 1201 πυρὸς
3167 1126 3256 1182 καὶ
3307 1126 3501 1192 ὕδατος
3546 1132 3645 1200 τήν
3685 1131 3800 1188 ἐπι-

2148 1206 2367 1281 μέλειαν
2397 1204 2543 1286 ἔχειν
2598 1209 2910 1287 ἐπέτρεψεν,
2944 1215 2999 1269 αἳ
3040 1212 3130 1270 διά
3182 1220 3281 1271 τοῦ
3336 1218 3460 1293 βίου
3505 1222 3606 1289 τήν
3666 1243 3802 1298 παρ-

2146 1297 2321 1352 θενίαν
2343 1296 2666 1379 ἐφύλαττον
2700 1302 2746 1357 εἰ
2778 1300 2837 1358 δὲ
2870 1305 2971 1377 μή,
3001 1303 3183 1369 λίθοις
3232 1310 3663 1384 κατεχώννυντο.
3693 1296 3798 1369 Καὶ

2145 1389 2207 1443 τὸ
2250 1388 2617 1461 Καπιτώλιον,
2653 1390 2787 1467 ὅπερ
2842 1392 3087 1472 κεφαλὴν
3142 1394 3361 1460 πόλεως
3412 1400 3687 1472 σημαίνει,
3737 1400 3799 1457 ἐκ

2147 1476 2418 1551 θεμελίων
2470 1476 2824 1554 ᾠκοδόμησε.
2891 1483 2997 1540 Καὶ
3048 1488 3129 1557 τῷ
3174 1483 3402 1560 ἐνιαυτῷ
3452 1485 3550 1544 δύο
3619 1497 3798 1563 μῆνας

2145 1569 2470 1642 προσέθηκε.
2498 1571 2590 1625 τὸν
2621 1574 2949 1648 Ἰανουάριον
2991 1575 3080 1630 καὶ
3138 1576 3233 1632 τὸν
3290 1577 3591 1649 Σεξτίλιον,
3641 1577 3803 1636 δεκα-

2150 1658 2404 1731 μηνιαίου
2451 1663 2549 1714 τοῦ
2607 1660 2855 1716 ἐνιαυτοῦ
2915 1664 3021 1735 πρὸ
3073 1664 3271 1721 τούτου
3327 1669 3796 1742 χρηματίζοντος.

2145 1748 2323 1812 Οὗτος
2354 1747 2413 1804 ἐκ
2443 1753 2548 1804 τῶν
2580 1751 2836 1825 Ἰσαύρων
2864 1754 2964 1822 τήν
2996 1759 3098 1822 τῆς
3131 1753 3424 1833 χλαμύθος
3464 1756 3669 1829 στολὴν
3701 1780 3802 1838 φοι

386 1841 661 1897 sitatibus
682 1843 803 1898 suis
836 1844 1087 1898 antehac
1107 1845 1393 1900 coriaceis
1412 1842 1625 1915 ligneis
1643 1840 2031 1909 testaceisque

2147 1843 2259 1912 ρεῖν
2289 1836 2570 1913 ἔφεύρατο.
2605 1839 2709 1897 Καὶ
2742 1839 3059 1917 ἀσσάριαδέ
3098 1843 3207 1899 ἀπὸ
3262 1845 3482 1919 ἀσήμου
3541 1849 3652 1921 (16l
3712 1836 3803 1904 καὶ

372 1931 645 2001 pecuniis
677 1932 766 1987 usi
790 1938 993 1987 essent
1021 1950 1035 1999 ;
1062 1949 1345 2004 assesque
1368 1950 1402 1987 a
1424 1949 1531 1988 suo
1548 1931 1793 1987 nomine
1814 1946 2030 1984 numos

375 2021 759 2092 nuncupavit.
793 2022 879 2077 Ita
909 2022 1117 2077 horum
1152 2021 1405 2078 duorum
1454 2037 1705 2093 regnum
1736 2018 2031 2074 industria

372 2108 516 2164 urbs
548 2109 824 2165 celeriter
853 2115 913 2165 et
941 2110 1125 2165 robur
1154 2116 1211 2166 et
1241 2116 1516 2165 ornatum
1546 2108 2026 2180 estadepta,cum

375 2198 540 2269 prior
568 2198 814 2255 bellicas
846 2217 961 2267 res,
992 2200 1285 2271 posterior
1315 2200 1516 2256 civiles
1576 2204 1637 2255 et
1686 2198 1816 2270 paci
1861 2202 2029 2268 aptas

382 2287 758 2345 instituisset.
803 2291 1065 2345 Mortuus
1124 2295 1215 2346 est
1256 2292 1446 2345 Numa
1491 2306 1561 2344 ex
1618 2288 1848 2358 morbo,
1894 2302 2027 2341 cum

382 2392 565 2448 regno
598 2376 863 2433 Romano
917 2395 1105 2434 annos
1153 2378 1547 2450 quadraginta
1600 2382 1827 2449 septem
1874 2393 2028 2447 prae-

374 2464 609 2521 fuisset.

440 2647 580 2702 Post
608 2647 767 2703 liunc
798 2648 1003 2704 Tullus
1029 2649 1317 2705 Hostilius
1348 2665 1541 2705 annos
1573 2649 1814 2721 triginta
1851 2648 2023 2703 duos.

370 2737 427 2792 Is
472 2736 683 2793 urbem
743 2741 990 2795 Romam
1039 2739 1393 2810 ampliorem
1439 2740 1579 2795 fecit
1626 2745 1919 2811 portuque
1967 2742 2028 2793 et

372 2830 555 2897 ponte
585 2827 765 2882 auxit.
799 2830 941 2883 Post
966 2827 1209 2883 fvlmine
1254 2829 1406 2885 ictus
1436 2845 1571 2885 cum
1610 2829 1772 2901 regia
1799 2827 2023 2884 conﬂa-

370 2914 576 2987 gravit.

444 3002 589 3058 Inde
621 3002 821 3059 Roma;
844 3006 1109 3077 rcgnavit
1128 3022 1319 3062 annos
1340 3006 1543 3079 viginti
1562 3012 1816 3077 quatuor
1832 3005 2023 3061 Ancus

371 3093 641 3157 Marcius,
686 3094 887 3149 Numa:
919 3095 1194 3167 Pompilii
1233 3112 1436 3151 sorore
1476 3101 1669 3150 natus.
1713 3097 1768 3150 Is
1800 3110 2024 3166 pomo:-

368 3182 524 3237 rium
554 3182 718 3238 urbis
753 3183 949 3240 Romae
981 3192 1115 3256 post
1150 3186 1488 3256 superiores
1519 3184 1787 3256 protulit,
1844 3189 1902 3239 et
1948 3182 2019 3237 ad

369 3272 761 3328 ostiaTiberis
783 3273 944 3328 ﬂuvii
977 3274 1185 3329 urbem
1236 3275 1546 3340 exstruxit,
1606 3273 1781 3329 Ostim
1828 3272 2022 3343 (quasi

370 3361 418 3416 si
444 3361 691 3432 januam
713 3362 895 3435 dicas)
919 3364 1181 3419 nomine.
1207 3364 1388 3421 Abest
1408 3363 1480 3419 ab
1503 3363 1647 3419 urbe
1662 3362 2028 3418 sedecimum

369 3451 607 3507 circiter
634 3451 916 3523 lapidem.
953 3455 1119 3508 Hunc
1148 3470 1348 3526 regem
1381 3453 1625 3509 morbus
1657 3451 1918 3508 sustulit.

442 3723 743 3779 Successit
778 3723 831 3778 ei
864 3724 925 3778 in
958 3740 1208 3796 regnum
1238 3722 1594 3793 Tarquinius
1619 3722 1880 3778 Priscus.
1926 3723 2028 3778 Hic

363 3814 620 3868 Romam
653 3830 867 3886 magno
899 3830 1070 3869 muro
1102 3812 1342 3875 muniit,
1372 3811 1587 3883 prioris
1619 3814 1774 3867 muri
1801 3816 2028 3867 tantum

372 3901 775 3958 delineatione
808 3904 1066 3974 quadam
1089 3919 1388 3975 expressa.
1413 3907 1603 3973 Atque
1629 3901 1779 3956 idem
1807 3902 2034 3956 subter-

370 4008 587 4048 raneos
617 3994 925 4049 cuniculos
955 3993 1115 4061 fecit,
1152 4009 1259 4065 per
1287 4009 1437 4064 quos
1467 4008 1623 4064 aqua
1662 4009 1733 4048 ex
1774 3992 1913 4048 vicis
1966 3992 2027 4046 in

371 4081 629 4137 Tiberim
662 4082 1072 4149 deveheretur,
1105 4099 1253 4154 opus
1283 4082 1551 4153 apprime
1582 4080 1715 4135 urbi
1747 4082 2032 4137 conduci-

368 4169 511 4226 bile.
546 4173 690 4227 Cum
721 4189 969 4244 regnum
1002 4188 1108 4243 per
1138 4188 1328 4226 annos
1360 4171 1507 4227 2B]
1546 4171 1788 4243 triginta
1818 4187 2030 4226 novem

368 4261 679 4329 tenuisset,
712 4278 747 4317 a
776 4262 998 4329 Marcii,
1032 4261 1125 4316 cui
1159 4264 1547 4329 successerat,
1583 4260 1721 4316 filiis
1752 4260 2031 4316 interem-

362 4354 502 4421 ptus
532 4356 643 4406 est.

435 4439 578 4510 Ejus
619 4445 812 4494 morte
870 4456 1120 4513 regnum
1181 4439 1255 4495 ad
1315 4438 1581 4495 Servium
1631 4439 1890 4493 Tullium
1942 4445 2035 4495 est

377 4525 742 4584 devolutum.
796 4530 979 4584 Mater
1024 4528 1154 4601 ejus
1192 4527 1412 4582 nobilis
1451 4526 1695 4599 quidem
1742 4528 1876 4597 fuit,
1927 4528 2031 4584 sed

377 4616 605 4687 captiva
637 4622 694 4671 et
723 4633 890 4673 serva
930 4616 1004 4673 ob
1045 4617 1447 4673 calamitatem
1495 4616 1717 4671 habita.
1767 4619 1847 4673 Ea
1894 4634 2028 4673 cum

375 4707 623 4760 Romam
667 4723 982 4779 prmgnans
1041 4713 1195 4762 esset
1237 4705 1494 4761 adducta
1547 4721 1615 4760 ac
1661 4707 1839 4777 paulo
1899 4714 2035 4779 post

375 4800 634 4865 pareret,
670 4795 861 4851 tilium
894 4795 1159 4851 Servium
1186 4794 1517 4849 nominavit
1538 4810 1570 4849 a
1593 4796 1787 4849 servili
1823 4797 2027 4851 condi-

374 4883 619 4938 tione.Is
653 4901 889 4957 quoque
912 4884 1077 4940 urbis
1110 4883 1584 4957 magnitudinem
1617 4883 1877 4955 adauxit,
1909 4886 2025 4941 fos-

369 4988 616 5044 samque
629 4974 951 5030 maximam
968 4971 2031 5049 muanibuscircumdedit.Priu.usque

369 5062 643 5119 omnium
676 5080 923 5120 censum
954 5062 1360 5118 multitudinis
1388 5062 1668 5117 Romanae
1699 5064 2033 5136 egit.Censa

2148 1927 2366 2002 χαλκοῦ
2418 1930 2769 2003 πεποιημένα
2824 1935 3044 2004 πρῶτος
3121 1933 3426 2006 Ῥωμαίοις
3483 1936 3804 2015 ἐχαρίσατο,

2142 2015 2268 2090 πρὶν
2300 2013 2389 2071 διὰ
2420 2019 2686 2073 σκυτίνων
2723 2018 2814 2074 καὶ
2871 2020 3103 2089 ξυλίνων
3169 2023 3257 2077 καὶ
3320 2013 3646 2100 ὀστρακίνων
3699 2028 3803 2096 τὴν

2141 2106 2333 2182 ’χρείαν
2396 2105 2775 2182 πληρούντων·
2839 2110 2972 2184 ἅπερ
3033 2108 3093 2166 ἐκ
3146 2116 3244 2166 τοῦ
3332 2110 3473 2169 ίδίου
3533 2114 3802 2189 ὀνόματος

2141 2199 2341 2271 νουμία
2372 2198 2649 2260 ἐκάλεσεν.
2680 2198 2871 2262 Οὕτως
2921 2201 3016 2274 μὲν
3075 2204 3174 2278 γῦν
3226 2200 3279 2273 ἐξ
3330 2202 3656 2281 ἀμφοτέρων
3710 2206 3805 2261 καὶ

2144 2292 2348 2365 ἲσχυρᾶ
2377 2294 2594 2372 ταχέως
2624 2291 2715 2348 καὶ
2758 2288 3029 2364 εὕκοσμος
3082 2297 3119 2364 ἡ
3177 2292 3344 2355 πόλις
3409 2291 3650 2364 ὶηένετο,
3708 2298 3809 2350 τοῦ

2146 2380 2242 2451 μὶν
2276 2382 2342 2436 τά
2370 2381 2634 2438 πολιτικᾶ
2670 2384 2761 2438 καὶ
2808 2381 3053 2457 εἰρηνικὰ
3100 2382 3536 2453 ἐκτυπώσαντος,
3592 2388 3689 2438 τοῦ
3739 2381 3796 2438 δὶ

2140 2468 2431 2543 οΡώμύλου
2461 2473 2528 2527 τὰ
2551 2472 2855 2547 πολεμικά’
2904 2472 3267 2536 Δυναστεύσας
3316 2470 3375 2528 δὶ
3423 2475 3649 2547 Νουμᾶς
3690 2478 3789 2542 τῆς

2139 2560 2365 2635 Ῥώμης
2403 2557 2496 2633 ἔτη
2535 2567 2619 2635 μζ¹
2646 2562 2794 2635 νόσῳ
2822 2559 3071 2633 τελευτᾷ.

2211 2648 2466 2712 Τοῦλλος
2496 2649 2772 2713 Ὀστίλιος
2802 2645 2896 2721 ἔτη
2932 2650 3040 2727 λβ“.
3092 2651 3273 2713 Οὗτος
3322 2651 3385 2707 τὸ
3429 2653 3529 2717 τῆς
3577 2652 3798 2724 Ῥώμης

2138 2737 2393 2813 πόλεσμα
2425 2740 2712 2815 εὐρύτερον
2744 2741 3153 2811 κατασκευάζει,
3214 2737 3413 2814 λιμένα
3464 2760 3523 2796 τε
3571 2740 3662 2794 καὶ
3709 2738 3801 2814 γέ-

2139 2851 2308 2905 φυραν
2352 2832 2611 2901 ποιήσας.
2672 2834 2930 2907 Κεραυνῷ
2993 2829 3221 2905 βληθεὶς
3278 2828 3461 2893 αὐτοῖς
3520 2827 3633 2902 ἃμα
3686 2834 3803 2891 τοῖς

2142 2917 2446 2994 βασιλείοις
2476 2918 2948 2976 καταναλίσκεται.

2211 3015 2415 3085 ’Ἄγκος
2448 3010 2705 3085 Μαρκίων
2735 3004 2829 3081 ἔτη
2859 3007 2941 3065 κδ’
2990 3007 3270 3084 βασιλεύει
3315 3009 3566 3082 Ῥώμης,
3621 3007 3680 3070 ὅς
3732 3006 3792 3063 ἰκ

2137 3100 2408 3176 θυγατρὸς
2440 3104 2640 3173 Νοῦμα
2670 3097 2997 3172 Πομπιλίου
3052 3096 3292 3177 γέγονεν.
3352 3096 3525 3159 Οὗτος
3574 3097 3639 3152 τὸ
3693 3099 3792 3165 τῆς

2136 3193 2359 3262 *Ρώμης
2413 3189 2680 3264 τείχισμα
2735 3190 2871 3264 πρὸς
2928 3193 3051 3251 τοῖς
3126 3187 3441 3264 εἰρημένοις
3496 3185 3795 3255 πλατύνας,

2135 3278 2347 3333 καὶτὸν
2380 3277 2627 3350 ποταμὸν
2655 3273 2894 3352 Τίϐερινο
2938 3277 3077 3351 πρὸς
3136 3284 3255 3341 ταῖς
3302 3271 3559 3338 ἐκϐολαῖς
3608 3275 3797 3352 τειχί-

2137 3388 2256 3441 σας,
2286 3365 2369 3422 ἐπ’
2400 3366 2568 3437 αὐτῆς
2614 3373 2715 3437 τῆς
2775 3365 2976 3446 ῥαχίας
3027 3366 3277 3439 ἀνίστησι
3326 3365 3515 3435 πόλιν,
3573 3365 3637 3435 ἢν
3697 3365 3789 3421 ’οο

2136 3457 2286 3514 στίαν
2340 3458 2446 3513 ἀπὸ
2503 3464 2604 3527 τῆς
2663 3455 2860 3518 θέσεως
2932 3457 3399 3534 προσηγόρευσεν,
3459 3455 3491 3510 ὅ
3529 3452 3791 3527 σημαίνει

2138 3548 2327 3622 θύραν,
2358 3544 2642 3602 δκκαίδεκά
2700 3567 2807 3602 που
2864 3547 3121 3619 σημείοις
3176 3545 3489 3621 ἀπέχουσαν
3548 3544 3794 3617 Ῥώμης.

2136 3635 2311 3699 Οὗτος
2342 3635 2487 3708 νόσῳ
2516 3638 2764 3707 τελευτᾷ.

2214 3726 2446 3800 Πρίσκος
2483 3725 2786 3799 Ταρκύνιος
2843 3724 3063 3797 Ῥώλης
3117 3720 3431 3782 ἐϐασίλευσε
3489 3724 3624 3798 μενὰ
3677 3726 3801 3778 τοῦ-

2135 3813 2341 3882 τον,ὅς
2372 3815 2471 3883 τήν
2500 3814 2725 3887 Ῥώμην
2775 3815 2953 3892 τείχει
3014 3812 3242 3890 μεγάλῳ
3295 3812 3588 3888 ὠχύρωσε,
3638 3833 3796 3886 περι-

2136 3905 2353 3980 γραφήν
2393 3924 2511 3958 τινα
2567 3903 2739 3977 μόνην
2805 3906 2903 3958 τοῦ
2958 3904 3227 3978 προτέρου
3284 3901 3650 3975 ἰπισημήνας.
3694 3902 3793 3956 Καὶ

2126 3994 2235 4057 τας
2261 3991 2572 4065 ὑπονόμους
2600 3992 2839 4067 τάφρους
2872 3988 2942 4046 δι’
2973 3992 3047 4046 ὧν
3080 3989 3168 4046 ἐπὶ
3209 3992 3302 4047 τὸν
3352 3986 3568 4066 Τίϐεριν
3623 3994 3687 4046 τὸ
3735 3989 3796 4046 ἐκ

2135 4084 2245 4139 τῶν
2278 4088 2569 4138 στενωπῶν
2598 4078 2747 4156 ὕδωρ
2777 4080 3111 4157 ὀχετεύεται,
3143 4076 3303 4157 ἔργον
3336 4079 3390 4144 ις
3437 4084 3505 4137 τε
3554 4080 3795 4152 μάλιστα

2136 4176 2205 4247 τῇ
2238 4170 2400 4228 πόλει
2433 4174 2733 4247 χρήσιμον,
2765 4169 3172 4226 κατεσκεύασεν.
3207 4170 3375 4231 Οὗτος
3417 4169 3499 4235 λθ⁹
3547 4169 3640 4240 ἔτη
3690 4177 3795 4239 τῆς

2137 4264 2317 4337 ἀρχῆς
2348 4263 2622 4337 κρατήσας
2655 4261 2757 4316 ὑπὸ
2787 4264 2895 4317 τῶν
2928 4259 3172 4337 Μαρκίου
3228 4256 3456 4327 παίδων,
3509 4263 3606 4313 τοῦ
3654 4259 3792 4334 πρό-

2136 4372 2289 4426 τερον
2325 4347 2746 4412 δυναστεύοντος
2769 4356 2870 4419 τῆς
2895 4350 3143 4423 Ῥώμης,
3172 4347 3492 4424 ἀναιρεῖται.

2212 4435 2442 4515 Σέρϐιος
2497 4436 2767 4501 Τούλλιος
2821 4439 2923 4508 τὴν
2990 4436 3292 4513 ἡγεμονίαν
3347 4434 3650 4512 ἐκδέχεται,
3704 4456 3794 4490 τε-

2138 4530 2294 4605 χθεὶς
2326 4527 2386 4582 ἐκ
2413 4526 2669 4604 γυναικὸς
2719 4524 2969 4601 εὖγενοῦς
3002 4526 3119 4600 μὶν,
3181 4524 3548 4601 αἰχμαλώτου
3597 4522 3655 4580 δὲ
3701 4525 3792 4579 καὶ

2145 4617 2350 4689 δούλης
2380 4616 2517 4673 κατᾶ
2569 4618 2670 4686 τήν
2725 4615 3009 4694 συμφοράν
3066 4611 3487 4687 νενομισμένης,
3535 4614 3657 4684 ἣτις
3715 4614 3791 4676 εἰς

2143 4709 2364 4779 Ῥώμην
2425 4707 2658 4781 ἂχθεῖσα
2710 4699 2928 4782 ἔγκυος,
2989 4706 3181 4780 μικρὸν
3244 4705 3464 4779 ὓστερον
3543 4704 3791 4769 τεκοῦσα,

2140 4790 2370 4870 Σέρϐιον
2401 4793 2465 4849 τὸ
2511 4791 2705 4866 τεχθὲν
2760 4790 3127 4864 ἐπωνόμασεν,
3184 4790 3260 4853 ὡς
3316 4789 3378 4845 ἄν
3440 4789 3486 4845 εί
3545 4787 3795 4862 εἶ’ποιμεν

2138 4883 2412 4941 δούλειον.
2445 4880 2619 4944 Οὗτος
2659 4876 2737 4935 ἔτι
2785 4881 3093 4955 προσέθηκε
3144 4884 3224 4950 τῷ
3280 4876 3488 4955 μεγέθει
3537 4886 3637 4948 τῆς
3688 4879 3791 4932 πό-

2135 4973 2298 5042 λεως,
2331 4973 2420 5028 καὶ
2450 4973 2654 5051 τάφρον
2684 4970 2770 5027 ὅτι
2806 4972 2886 5043 [Ρ.
2925 4972 3047 5043 149]
3083 4967 3341 5046 μεγίστην
3382 4970 3505 5045 περὶ
3559 4970 3621 5023 τὸ
3668 4972 3788 5022 τεῖ-

2133 5084 2235 5140 χος
2265 5061 2461 5132 ¹ἤλασε.
2494 5060 2594 5117 Καὶ
2650 5064 2869 5137 πρῶτος
2927 5058 3179 5114 ἁπάντων
3236 5060 3298 5114 τὸ
3343 5064 3451 5115 τῶν
3501 5058 3788 5131 Ῥωμαίων

1586 5160 1947 5219 XYLANDRI
1987 5166 2072 5219 ET
2110 5164 2323 5221 GOARI
2351 5164 2574 5219 ΝΟΤᾹΞ.

473 5290 560 5361 16)
613 5288 1069 5361 Ἀπὸ-’Λσημομ
1147 5285 1387 5357 Conjeci
1475 5284 1801 5361 scriptum“
1841 5288 2025 5345 fuisse

372 5356 571 5437 ἀπο-Α.
607 5356 1069 5437 σημείου,-Τίιοίιο
1095 5356 1453 5437 mutaturus,
1485 5357 1534 5437 si
1568 5357 1701 5426 quis
1727 5358 1903 5437 aliter
1928 5378 2024 5417 ex-

371 5431 573 5501 pediat
615 5430 831 5488 locum.
866 5432 994 5486 Scio
1035 5430 1211 5501 enim
1252 5430 1501 5501 Varroni
1549 5443 1755 5501 assem
1789 5431 1862 5485 ab
1911 5449 2025 5488 aere

373 5498 509 5574 dici.
544 5503 684 5557 XvL.
714 5534 787 5545 —
819 5503 899 5557 Ad
929 5500 1217 5573 Xylandri
1248 5508 1447 5554 votum
1489 5498 1653 5574 locus
1685 5499 1799 5574 ‘bic
1846 5520 2026 5574 expc-

371 5571 587 5644 dietur,
621 5575 666 5628 si
701 5570 1003 5644 nusquam
1031 5579 1448 5641 corrumpatur
1499 5575 1554 5623 et
1587 5570 1821 5627 facilem
1872 5570 2029 5629 acci-

371 5642 496 5715 piat
524 5642 1110 5715 interpretationem.
1146 5647 1305 5715 Asses
1335 5648 1620 5715 argenteos
1651 5650 1702 5697 et
1730 5661 1894 5701 aereos
1926 5649 2032 5702 Ro-

1260 5711 1284 5731 Ἀ

375 5712 558 5769 inanis
588 5712 820 5783 tarditas
851 5723 929 5771 est
967 5731 1203 5786 primus.
1258 5712 1473 5785 ἂσημον
1527 5712 1690 5771 enim
1739 5725 2031 5787 argentum

2137 5294 2247 5356 est,
2279 5305 2347 5345 ac
2386 5288 2511 5352 aeri,
2538 5291 2717 5358 prout
2747 5286 2807 5358 in
2837 5284 3137 5358 praesenti.
3172 5284 3520 5357 adjunctum
3541 5287 3792 5341 moneta

2139 5354 2447 5416 materiam
2481 5354 2726 5414 ixi-dicat.
2761 5354 3067 5428 Ἐπίσημον
3110 5354 3326 5414 iterum
3368 5362 3534 5413 vocat
3588 5361 3797 5411 auctor

2139 5433 2388 5487 inferius
2428 5448 2485 5502 p.
2537 5431 2672 5502 7178.
2732 5431 2807 5484 At
2852 5429 2965 5484 hoc
3020 5433 3352 5502 cusumgest
3407 5435 3466 5484 et
3519 5435 3795 5502 notatum,

2141 5503 2292 5558 illud
2350 5500 2585 5574 proprie
2642 5503 2945 5574 infectum;
3005 5500 3278 5572 quamvis
3337 5501 3399 5555 in
3456 5500 3798 5572 promiscuo

2142 5591 2323 5629 sensu
2344 5572 2656 5645 utriusque
2682 5572 2842 5628 vocis
2863 5587 3298 5644 nonnunquam
3330 5579 3601 5628 occurrat
3629 5588 3800 5627 usus.

2142 5650 2316 5703 ϐολῇ.
2680 5681 2684 5686 η
