4142 6510
310 452 417 513 297

1461 449 1830 513 HISTORIA
1844 450 2007 512 ΚΒΜ
2053 451 2601 519 COMPENDIUM.

3619 462 3738 520 298

305 581 527 651 πλῆθος
581 579 917 656 ἆριθμηθεὶς
979 581 1125 656 εὗρεν
1196 581 1340 637 ὀκτὼ
1409 578 1673 659 μυριάδας
1731 579 1978 638 πολιτῶν

2121 593 2237 643 .unt
2267 588 2482 645 civium
2515 590 2811 663 octoginta
2841 590 2953 644 tria
2982 589 3195 654 millia,
3230 594 3443 661 praeter
3483 606 3581 646 eos
3635 592 3753 662 qui-

305 670 470 734 οῧσας
527 669 619 724 σὺν
672 668 1022 748 τρισχιλίοις
1072 666 1315 743 ἀνδράσι,
1375 671 1510 744 πρὸς
1564 675 1684 732 τοῖς
1748 668 1973 725 ἐπὶτῶν

304 765 489 840 ἀγρῶν
547 759 966 834 διαιτωμένοις.
1027 759 1129 819 Οῧς
1208 758 1283 822 είς
1344 757 1554 836 λόχους
1622 760 1972 834 κατανείμας,

2090 695 2229 734 rure
2260 679 2702 737 vivebant.Eam
2736 680 3183 736 multitudinem
3216 680 3275 735 in
3298 679 3519 735 classes
3541 680 3738 736 distri-

2091 765 2238 832 buit,
2282 768 2649 840 singulisque
2710 784 2891 824 censu
2922 786 3027 840 pro
3061 770 3330 840 ipsorum
3386 769 3593 824 habitu
3651 770 3738 823 in-

314 851 406 906 καὶ
431 856 552 912 ταῖς
583 848 796 911 οὐσίαις
853 849 1081 903 ἑκάστου
1134 850 1428 922 τιμήματα
1491 849 1629 924 πρὸς
1679 847 1847 914 λόγον
1878 855 1979 917 τῆς

2121 856 2667 928 uncto,justissimae
2682 858 2855 929 juxta
2877 858 3170 929 longeque
3192 858 3493 913 utilisimze
3521 857 3743 913 consti-

314 939 603 1013 δυνάμεως
659 938 887 1009 ἐπιθεὶς,
947 936 1290 994 δικαιότατον
1354 939 1605 994 ἁπάντων
1665 937 1976 1011 πολίτευμα

314 1033 406 1086 ταὶ
440 1027 973 1106 πολυωφελὲστατον
1022 1028 1367 1103 εἰσηγάγετο.
1414 1027 1596 1103 Ταύτῃ
1628 1028 1729 1105 γὰρ
1758 1033 1829 1102 τῇ
1861 1025 1982 1082 δια-

313 1120 590 1190 κοσμήσει
643 1117 741 1181 τὰς
794 1136 854 1170 τε
907 1119 1019 1171 τῶν
1077 1121 1424 1190 στρατιωτῶν
1480 1118 1824 1194 καταγραφὰς
1890 1115 1981 1170 καὶ

312 1209 413 1273 τὰς
440 1212 551 1264 τῶν
612 1207 881 1284 εἰσφορῶν
939 1205 1208 1279 συθτάξεις
1262 1205 1353 1261 καὶ
1408 1206 1477 1260 τὰ
1540 1207 1830 1279 τιμήματα
1870 1210 1979 1259 τῶν

319 1299 461 1375 βίων
511 1297 772 1353 ἐποιεῖτο·
832 1293 1068 1371 τέσσαρα
1119 1297 1221 1372 γὰρ
1280 1296 1439 1358 οὗτος
1470 1298 1536 1350 τὰ
1563 1296 1980 1370 τιμωρημάτων

314 1387 540 1466 ἐφεῦρεν
603 1383 826 1463 ὄργανα.
889 1387 995 1442 Καὶ
1050 1386 1447 1460 τεσσαράκοντα
1503 1380 1596 1457 ἔτη
1651 1393 1750 1455 τῆς
1803 1385 1983 1461 ἀρχῆς

311 1481 595 1556 κρατήσας
626 1473 1014 1558 διαφθείρεται,
1076 1474 1468 1553 δολοφονηθεὶς
1528 1477 1634 1534 ὑπὸ
1685 1475 1984 1553 Ταρκυνίου

325 1564 676 1644 Σουπέρϐου.

383 1658 699 1735 Ταρκύνιος
733 1652 1086 1733 Σούπερϐος.
1125 1659 1296 1720 Οὗτος
1329 1656 1482 1720 εὐθὺς
1514 1657 1713 1720 πᾶντας
1743 1657 1983 1727 ἐκίνησεν

314 1747 403 1805 ἐπὶ
437 1750 506 1804 τὸ
556 1745 977 1822 αὐθαδέστερον,
1034 1748 1124 1801 καὶ
1184 1746 1487 1824 βαρυτέραν
1542 1750 1642 1818 τὴν
1699 1745 1984 1803 πολιτείαν

318 1838 591 1915 ἀπεφηνε,
651 1834 782 1899 τοὺς
835 1855 897 1890 τε
979 1855 1185 1907 νομους
1255 1835 1501 1907 μεταθεὶς
1565 1835 1656 1890 καὶ
1714 1837 1986 1911 ἄρχοντας

2092 943 2338 999 tutionis
2395 950 2603 1001 auctor
2632 945 2764 1011 fuit,
2826 963 2943 1017 qua
2972 952 3031 1001 et
3088 946 3389 1003 scribendi
3449 947 3744 1002 exercitus

2091 1033 2386 1089 rationem
2439 1039 2496 1089 et
2558 1035 2764 1089 tributi
2833 1036 3214 1091 collationem
3273 1043 3331 1092 et
3394 1036 3744 1093 facultatum

2093 1121 2382 1192 cujusque
2414 1124 2873 1179 aestimationem
2904 1125 3219 1196 expedivit.
3262 1126 3527 1190 Quatuor
3583 1126 3743 1181 enim

2092 1209 2188 1264 hic
2222 1211 2446 1266 invenit
2475 1229 2691 1269 census
2720 1213 3119 1269 instrumenta
3171 1215 3317 1269 Cum
3350 1232 3536 1270 annos
3597 1230 3746 1285 qua-

2093 1297 2366 1370 draginta
2406 1308 2726 1373 regnasset,
2782 1320 2889 1374 per
2938 1303 3142 1358 dolum
3194 1309 3283 1358 est
3332 1322 3366 1360 a
3424 1303 3743 1375 Tarquinio

2096 1387 2359 1459 Superbo
2390 1396 2657 1448 necatus.

2169 1660 2524 1730 Tarquinius
2554 1661 2857 1732 Superbus
2887 1679 3068 1735 regno
3120 1665 3342 1734 potitus
3388 1665 3593 1720 omnia
3640 1679 3745 1736 pro

2098 1765 2206 1805 sua
2232 1749 2534 1805 voluntate
2568 1767 2740 1823 agere
2773 1752 2968 1823 cmpit,
3020 1752 3483 1825 reipublicmque
3531 1754 3749 1827 guber-

2097 1838 2406 1894 nationem
2436 1840 2659 1894 civibus
2712 1840 3120 1897 molestiorem
3169 1841 3451 1907 reddidit,
3506 1860 3642 1899 cum
3692 1849 3752 1898 et

317 1922 812 2001 προϐαλλόμενος,
833 1923 925 1979 καὶ
954 1920 1025 1979 δι’
1055 1924 1231 1980 αὐτῶν
1260 1925 1354 1979 τὸν
1388 1921 1574 1998 δῆμου
1606 1921 1828 1998 δεσμοῖς
1851 1945 1986 1978 παν-

2121 1943 2256 2000 eges
2269 1928 2669 2000 reﬂngeret,et
2680 1930 3062 2003 magistratus
3074 1932 3751 2002 constitueret,quorum

320 2016 499 2078 τοίοις
527 2014 622 2070 καὶ
658 2011 928 2090 μεγάλοις
957 2014 1048 2069 καὶ
1076 2012 1335 2069 κολάσεσι
1376 2013 1467 2068 καὶ
1515 2011 1747 2089 ἐξορίαις
1776 2013 1989 2081 αἰκιζό-

338 2124 515 2177 μενος*
548 2103 714 2164 αὐτὸς
736 2102 839 2177 γὰρ
882 2101 1059 2176 ἐξεῦρε
1116 2099 1308 2175 δεσμὰ,
1372 2101 1657 2178 μάστιγας,
1690 2101 1846 2172 ξύλα,
1880 2101 1990 2176 εἶρ-

339 2194 497 2259 κτας,
524 2190 786 2269 συλακᾶς,
818 2189 1078 2260 κλοιοὺς,
1134 2188 1319 2262 πέδας,
1352 2189 1592 2258 ἁλύσεις,
1625 2190 1857 2267 ἐξορίας,
1894 2191 1991 2265 μὲ-

344 2280 547 2347 ταλλα,
565 2282 651 2335 καὶ
674 2278 721 2336 εἴ
734 2301 787 2335 τι
819 2277 963 2336 ἄλλο
983 2280 1171 2337 κακόν.
1201 2276 1598 2353 Φιλοπόλεμός
1616 2301 1695 2350 τε,
1720 2281 1766 2335 εί
1791 2280 1883 2336 καὶ
1907 2301 1993 2341 τις

348 2369 522 2432 ἄλλος
550 2370 757 2426 πώποτε
777 2372 1017 2445 γεγονεν,
1047 2369 1357 2446 ὑπερόπτης
1377 2390 1434 2425 τε
1459 2368 1549 2424 καὶ
1581 2367 1817 2439 ἀλαζών.
1838 2369 1990 2425 Ὃθεν

341 2461 431 2516 καί
462 2460 557 2527 τήν
613 2458 928 2533 ἐπωνυμίαν
986 2456 1185 2530 ταύτην
1246 2458 1612 2534 ἀπηνὲγκατιν
1654 2453 1994 2535 σουπέρϐους

330 2550 435 2628 γὰρ
492 2549 622 2612 τοὺς
681 2550 1068 2630 ὑπερηφάνους
1123 2549 1391 2623 Ῥωμαῖοι
1449 2548 1832 2623 ὀνομάζουσιν.
1889 2549 1994 2607 Οὗ-

336 2662 433 2705 τος
465 2642 619 2716 παρὰ
644 2643 952 2717 Ῥωμαίοις
1013 2642 1262 2717 μισηθεὶς
1323 2638 1413 2697 διά
1465 2662 1525 2698 τε
1578 2639 1759 2697 τᾶλλα
1786 2642 1877 2697 καὶ
1909 2639 1999 2696 διὰ

330 2733 421 2789 τὸν
483 2730 793 2807 ὁμώνυμον
848 2730 999 2805 αύτῷ
1054 2732 1384 2806 Ταρκύνιον,
1415 2732 1474 2794 ὃς
1506 2732 1597 2787 καὶ
1627 2737 1859 2807 γυναῖκα
1890 2738 1998 2787 Aa.-

330 2821 483 2878 τίνου
514 2821 862 2897 Λουκρητίαν
920 2818 1222 2898 λεγομένην
1283 2821 1473 2898 εὐγενῆ
1527 2820 1674 2896 παρὰ
1701 2819 2002 2895 Ῥωμαίοις

331 2913 532 2976 νυκτὸς
589 2914 700 2969 ἀπὸ
751 2916 850 2969 τοῦ
903 2909 1274 2989 στρατοπέδου
1346 2912 1632 2987 πορευθεὶς
1691 2911 1828 2986 πρὸς
1884 2911 2003 2987 βίαν

334 3004 606 3079 ᾔσχυνεν.
639 3003 701 3059 Ἦ
756 2998 814 3057 δὶ
849 3001 912 3056 τὸ
970 3001 1094 3076 περὶ
1154 3001 1319 3070 αὐτὴν
1382 2998 1630 3074 ἀδίκημα
1655 3005 1735 3073 τῷ
1758 3022 1817 3056 τε
1844 2997 2002 3075 ἀνδρὶ

341 3092 543 3166 μικρὸν
601 3090 822 3164 ὕστερον
887 3087 1240 3145 ἐπανελθόντι
1290 3088 1383 3145 καὶ
1438 3094 1519 3162 τῷ
1575 3090 1738 3164 πατρί
1796 3089 1885 3144 καὶ
1932 3091 2004 3163 τῇ

334 3181 513 3254 λοιπῇ
545 3180 890 3254 κατεμήνυσε
930 3179 1227 3255 συγγενείᾳ,
1265 3180 1354 3235 καὶ
1406 3177 1785 3255 ἐπαρασαμένη
1817 3176 2005 3233 πολλὰ

327 3277 453 3332 τοῖς
483 3271 578 3347 ἀφ’
606 3269 867 3343 αἵματος,
898 3270 945 3325 εἰ
972 3271 1076 3339 τήν
1145 3271 1427 3350 συμφορὰν
1455 3270 1623 3339 αὐτῆς
1651 3268 2002 3325 καταλίποιεν

332 3361 717 3435 ἀτιμώρητον,
749 3358 904 3435 ξίφος
936 3360 1254 3434 σπασαμένη
1305 3361 1438 3436 ὅπερ
1490 3359 1595 3416 ὑπὸ
1623 3364 1742 3422 τοῖς
1765 3359 2001 3422 κόλποις

332 3451 561 3526 ἀφανῶς
615 3447 825 3527 ἓψερεν,
884 3449 1081 3519 ὲαυτήν
1136 3448 1190 3504 ἐν
1250 3447 1371 3523 ὄψει
1422 3453 1532 3504 τῶν
1565 3451 1846 3525 παρόντων
1877 3469 2006 3505 κατ-

336 3545 655 3616 ειργασατο.
688 3542 866 3597 Τοῦτο
893 3544 1065 3595 πᾶσαν
1112 3541 1211 3609 τήν
1276 3537 1438 3595 πόλιν
1472 3539 1551 3604 εἰς
1579 3539 1753 3615 ὀργὴν
1786 3540 2008 3614 ἀνῆψεν,

336 3628 495 3685 ἄλλα
521 3629 614 3685 καὶ
646 3632 885 3704 Βροῦτον
913 3631 1264 3705 προσήκοντα
1311 3630 1405 3703 μὲν
1456 3630 1593 3685 κατὰ
1621 3628 1775 3706 γένος
1804 3629 2013 3703 ἐκείνῃ,

342 3716 520 3794 ἄνδρα
553 3716 612 3774 δὲ
643 3715 948 3791 δημοτικόν
985 3740 1046 3774 τε
1090 3718 1181 3773 καὶ
1234 3717 1648 3794 μισοτύραννον,
1680 3720 1739 3782 ὃς
1775 3718 2015 3792 μάλιστα

340 3809 415 3864 τὸ
440 3807 659 3878 πλῆθος
689 3807 765 3869 εἷς
802 3810 905 3878 τὴν
935 3812 1035 3863 τοῦ
1095 3806 1367 3885 βασιλέως
1402 3809 1616 3884 ἤγειρεν
1663 3808 2013 3866 ἀποστασίαν.

340 3896 648 3976 Ἀιρείλετό
678 3898 726 3933 ³⁴
771 3918 829 3952 τε
879 3903 982 3967 τῆς
1038 3895 1281 3967 ἐξουσίας
1334 3898 1514 3967 πάσης
1545 3897 1869 3971 Ταρκύνιος·
1906 3896 2020 3971 ἃμα

346 3985 465 4059 γὰρ
520 3990 595 4059 τῇ
644 3985 780 4041 κατὰ
832 3984 933 4054 τήν
987 3984 1150 4041 πόλιν
1220 3983 1594 4054 ἐπαναστάσει,
1652 3986 1743 4041 καὶ
1796 3988 1831 4055 ἡ
1884 3986 2023 4060 πρὸς

346 4071 594 4150 Ἀρδὲαν
650 4073 782 4129 οὖσα
864 4075 1089 4149 στρατιὰ
1169 4074 1458 4149 Ῥωμαίων
1522 4073 1872 4130 ἀπολιποῦσα
1929 4074 2022 4129 τὸν

338 4182 623 4237 τυραννον
681 4163 885 4238 ᾤχετο,
939 4159 1092 4218 ούδὶν
1151 4160 1276 4219 οὕτε
1329 4162 1731 4227 ἀνακαλοῦντος
1772 4160 1898 4218 οὐδὲ
1931 4161 2024 4235 μέ-

336 4274 468 4307 νεῖν
505 4250 771 4326 δεομένου
800 4257 1213 4329 πεφροντικυῖα.
1265 4253 1566 4327 Ταρκύνιος
1615 4249 1674 4308 δὲ
1719 4257 1834 4315 τοῖς
1882 4272 2024 4328 παρ-

342 4345 514 4397 οῦσιν
546 4341 852 4415 ἀμηχανῶν
908 4340 1139 4411 ἤλαυνεν
1198 4339 1286 4398 ἰπὶ
1325 4344 1424 4412 τήν
1485 4342 1707 4415 Ῥώμην
1759 4342 1834 4402 ὡς
1887 4342 2025 4396 παύ-

336 4454 469 4488 σων
533 4436 605 4505 τῇ
665 4430 890 4506 παρόδῳ
946 4434 1045 4503 τὴν
1102 4434 1353 4508 ταραχὴν
1410 4434 1501 4488 καὶ
1553 4434 1652 4501 τὴν
1718 4430 2030 4488 δυναστείαν

344 4523 508 4593 μετὰ
564 4525 787 4585 πειθοῦς
842 4521 1283 4596 ἀναληψόμενος·
1342 4521 1643 4583 ἀπεωσθεὶς
1674 4518 1732 4575 δὲ
1789 4521 1893 4576 ὑπὸ
1921 4524 2030 4576 τῶν

336 4610 617 4667 πολιτῶν
651 4608 930 4686 ἀπεχώρει
974 4609 1066 4665 σὺν
1121 4615 1240 4672 τοῖς
1295 4608 1542 4677 οἰκείοις,
1578 4608 1904 4686 βασιλεύσας
1937 4604 2031 4677 ἔτη

2100 2033 2281 2089 opera
2309 2017 2629 2089 populares
2654 2020 2830 2073 variis
2860 2019 3227 2075 vinculorum
3260 2020 3600 2092 generibus,
3625 2038 3750 2077 me-

2101 2107 2353 2163 tallariis
2385 2109 2603 2180 operis,
2634 2108 2836 2165 multis
2867 2116 3044 2180 atque
3078 2110 3307 2165 exsiliis
3370 2112 3524 2167 28‘!
3580 2112 3748 2183 inju-

2101 2196 2257 2251 riose
2315 2195 2574 2267 puniret.
2635 2198 2868 2253 Etenim
2938 2198 3193 2265 vincula,
3254 2198 3506 2272 ﬂagella,
3566 2200 3749 2269 ligna,

2103 2300 2393 2349 carceres,
2427 2285 2737 2353 custodian,
2770 2285 3073 2351 numellas,
3105 2287 3447 2357 compedes,
3504 2295 3750 2357 catenae,

2105 2375 2336 2440 exsilia,
2368 2375 2610 2431 metalla
2650 2382 2709 2431 et
2738 2376 2788 2432 si
2843 2393 2960 2447 qua
2989 2376 3108 2433 alia
3165 2385 3305 2433 sunt
3336 2378 3513 2445 mala,
3574 2380 3755 2450 hujus

2105 2470 2246 2520 sunt
2294 2466 2553 2521 inventa.
2588 2467 2728 2521 Erat
2770 2471 2993 2533 autem,
3043 2470 3111 2522 ut
3168 2468 3443 2539 quisquis
3491 2484 3758 2540 unquam

2106 2553 2281 2622 alius,
2341 2553 2482 2609 belli
2539 2554 2866 2621 studiosus,
2914 2560 3288 2627 contemptor
3336 2556 3648 2613 hominum
3702 2563 3761 2613 et

2107 2659 2419 2715 arrogans:
2446 2643 2605 2699 unde
2620 2650 2679 2699 et
2698 2642 2949 2717 Superbi
2962 2651 3421 2718 cognomentum
3437 2648 3491 2703 ei
3509 2647 3757 2703 Romani

2107 2733 2545 2789 fecerunt.Cum
2577 2733 2640 2788 in
2663 2733 2800 2789 odio
2823 2738 2980 2789 esset
3004 2735 3498 2803 Romanorum,id
3521 2751 3759 2809 quoque

2109 2822 2183 2877 ad
2217 2838 2288 2877 ea
2315 2822 2566 2879 accessit
2594 2822 2754 2894 quod
2784 2824 3155 2896 cognominis
3205 2824 3335 2896 ejus
3380 2825 3756 2898 Tarquinius,

2110 2917 2293 2968 noctu
2322 2911 2396 2967 ab
2453 2912 2717 2967 exercitu
2746 2929 3040 2981 reversus,
3100 2913 3431 2969 Lucretiam
3482 2915 3760 2971 Collatini

2112 3018 2380 3069 uxorem,
2413 3001 2675 3057 nobilem
2706 3007 3063 3069 matronam,
3097 3019 3205 3072 per
3232 3004 3350 3061 vim
3390 3021 3763 3076 compresse-

2113 3097 2229 3148 rat.
2252 3090 2417 3156 Quod
2450 3090 2550 3147 illa
2581 3090 2873 3163 ﬂagitium
2908 3092 3118 3148 marito
3150 3092 3327 3163 paulo
3361 3098 3497 3164 post
3524 3111 3762 3150 reverso

2115 3181 2389 3254 patrique
2441 3186 2501 3236 et
2531 3181 2809 3237 omnibus
2840 3182 3103 3254 cognatis
3135 3184 3406 3253 aperuit;
3461 3184 3764 3256 multaque

2114 3269 2245 3325 dira
2284 3269 2638 3340 propinquis
2689 3269 2814 3324 suis
2872 3269 3221 3340 imprecata,
3269 3269 3565 3340 siquidem
3612 3272 3766 3327 hanc

2115 3376 2285 3416 suam
2332 3357 2737 3415 calamitatem
2781 3359 3032 3414 inultam
3092 3358 3485 3427 dimitterent,
3544 3361 3764 3433 gladio,

2115 3468 2293 3525 quem
2321 3451 2551 3507 occulte
2581 3451 2645 3506 in
2676 3451 2810 3507 sinu
2842 3451 3130 3523 gestabat,
3164 3452 3377 3508 educto
3417 3470 3480 3508 se
3514 3454 3575 3508 in
3633 3471 3770 3510 con-

2118 3546 2324 3613 spectu
2354 3540 2621 3612 ipsorum
2652 3540 2903 3596 necavit.
2928 3540 2993 3595 Id
3015 3542 3237 3596 factum
3263 3547 3445 3597 totam
3468 3542 3769 3599 civitatem

2119 3630 2254 3685 odio
2304 3629 2607 3700 Tarquinii
2657 3628 3087 3695 inﬂammavit;
3131 3634 3191 3685 et
3223 3632 3435 3687 Brutus
3486 3632 3769 3689 Lucretiae

2120 3718 2513 3791 prapinquus,
2545 3719 2635 3772 vir
2682 3718 2989 3790 papularis
3037 3736 3105 3774 ac
3148 3720 3422 3790 tyrannis
3474 3721 3770 3789 infensus,

2122 3807 2412 3879 majorem
2444 3807 2505 3861 in
2536 3806 2779 3862 modum
2812 3807 2968 3862 cives
2998 3807 3072 3862 ad
3102 3807 3499 3865 defectionem
3544 3827 3577 3866 a
3633 3826 3771 3883 rege

2126 3896 2459 3952 faciendam
2485 3896 2820 3951 commovit.
2852 3896 2941 3952 Ita
2969 3896 3133 3951 omni
3164 3902 3455 3967 potestate
3488 3915 3595 3954 sua
3632 3900 3771 3954 Tar-

2126 3985 2367 4056 quinius
2390 3988 2481 4039 est
2501 3990 2732 4039 exutus.
2749 3983 2936 4039 Simul
2957 3985 3119 4039 enim
3139 3990 3317 4056 atque
3334 3988 3534 4043 Roma:
3566 3993 3774 4043 contra

2130 4091 2266 4130 eum
2289 4074 2444 4129 cives
2470 4073 2942 4142 insurrexerunt,
2971 4076 3266 4131 exercitus
3297 4093 3533 4148 quoque
3566 4080 3778 4134 Roma-

2130 4180 2245 4220 nus
2267 4163 2368 4235 qui
2387 4169 2513 4218 tum
2534 4163 2691 4235 apud
2712 4163 2967 4218 Ardeam
2992 4170 3119 4220 erat
3139 4169 3461 4236 tyrannum
3495 4166 3778 4233 deseruit,

2132 4272 2327 4326 neque
2356 4258 2730 4309 revocantem
2763 4269 2957 4325 neque
2989 4258 3055 4308 ut
3094 4262 3407 4310 manerent
3440 4256 3780 4312 hortantem

2136 4343 2462 4415 quidquam
2495 4348 2780 4397 moratus.
2812 4342 3435 4411 Tarquinius,consilii
3468 4361 3536 4399 eo
3570 4348 3784 4400 eventu

2136 4432 2474 4502 iuops,cum
2522 4431 2769 4485 Romam
2800 4429 3187 4485 contenderet
3239 4448 3341 4501 spe
3369 4431 3624 4487 adventu
3677 4451 3784 4487 suo

2141 4519 2433 4576 tumultus
2463 4518 2712 4575 sedandi
2745 4523 2804 4574 et
2833 4535 3084 4591 regnum
3116 4522 3537 4591 recuperandi,
3569 4539 3604 4577 a
3634 4523 3787 4579 263

2141 4610 2365 4665 civibus
2383 4608 2659 4679 repulsus
2680 4624 2816 4663 cum
2839 4608 3065 4664 familia
3087 4608 3382 4678 discessit,
3402 4628 3582 4685 regno
3602 4628 3789 4667 annos

332 4698 459 4755 κδ’.
495 4701 636 4764 Καθ’
667 4699 726 4753 ’ὀν
759 4696 827 4769 δὴ
858 4699 1059 4775 χρόνον
1105 4701 1142 4768 ἡ
1201 4698 1368 4763 πόλις
1418 4698 1667 4768 ἀπελύθη
1698 4704 1802 4768 τῆς
1831 4718 2006 4774 τυρανι

2141 4698 2346 4771 viginti
2379 4701 2635 4769 quatuor
2653 4699 2923 4769 gesto.Eo
2953 4702 3217 4769 tempore
3248 4700 3586 4771 tyrannidis
3607 4703 3793 4759 Roma

332 4787 532 4854 νίδος.

428 4884 520 4956 [Ρ.
560 4881 690 4953 150]
747 4879 1098 4957 Δημοκρατία
1137 4876 1195 4934 δὶ
1249 4879 1349 4949 τήν
1408 4878 1632 4951 Ῥώμην
1662 4877 1750 4933 ἐπὶ
1780 4878 2027 4954 χρόνους

331 4972 768 5047 τεσσαράκοντα
842 4975 988 5046 τρεῖς
1076 4966 1197 5024 δυσὶ
1284 4972 1615 5044 στρατηγοῖς
1698 4965 2029 5023 ἒνιαυσιαίαν

338 5058 561 5135 ἔχουσι
588 5060 690 5128 τήν
719 5059 898 5135 ἀρχὴν
946 5056 1264 5138 ἐφύλαττεν,
1320 5056 1412 5120 οὕς
1460 5054 1794 5120 κονσούλους
1841 5058 1932 5112 οἷα
1962 5053 2030 5125 δὴ

344 5149 708 5226 στρατηγοὺς
739 5148 829 5204 καὶ
859 5143 1211 5220 προϐούλους
1269 5147 1369 5226 χαὶ
1423 5145 1775 5224 προηγόρους
1807 5145 2032 5219 ὠνόμα-

350 5245 470 5309 ζον·
507 5240 755 5303 ὒπάτους
790 5235 849 5293 δὲ
876 5238 1104 5300 τούτους
1157 5238 1211 5293 οἱ
1267 5235 1541 5308 ἝλΑηνες
1593 5234 1876 5312 λέγουσιν.
1908 5236 2029 5292 Ἐπῖ

347 5331 561 5403 ταύτης
615 5335 720 5402 τῆς
778 5325 1152 5404 δημοκρατίας
1211 5327 1263 5381 οἱ
1341 5324 1549 5383 Γάλλοι
1604 5327 2034 5400 τυραννήσαντες

353 5423 489 5477 κατά
533 5416 839 5495 Ῥωμαίων
889 5411 1167 5492 ἔρχονται.
1214 5416 1318 5474 Καὶ
1374 5415 1586 5472 Μάλιον
1637 5415 1937 5492 στρατηγὸν
1971 5415 2029 5468 οἱ

353 5511 642 5590 Ῥωμαίων
686 5513 816 5568 κατ’
876 5505 1055 5562 αὐτῶν
1113 5503 1457 5577 στέλλουσιν,
1519 5505 1579 5570 ὅς
1626 5504 1717 5560 καὶ
1746 5504 2033 5579 τροπωσά-

2132 4788 2345 4860 jugum
2370 4786 2644 4841 excussit.

2213 4876 2355 4932 Inde
2387 4874 2591 4948 populi
2623 4875 2685 4929 in
2716 4875 3026 4947 republica
3054 4882 3261 4948 postea
3304 4880 3551 4936 Romam
3605 4897 3791 4937 annos

2146 4965 2542 5037 quadraginta
2587 4968 2710 5019 tres
2768 4966 3155 5035 conservavit,
3189 4966 3422 5024 duobus
3471 4973 3792 5040 quotannis

2145 5054 2466 5127 imperium
2497 5053 3020 5126 gerentibus,quos
3050 5060 3117 5109 ut
3144 5055 3422 5125 duces,ac
3452 5059 3553 5129 qui
3586 5060 3792 5114 consi-

2146 5146 2225 5201 lio
2256 5142 2844 5217 prmirent,consules
2865 5143 3286 5216 appellabant:
3313 5147 3493 5202 Graaci
3516 5148 3792 5220 hypatas,

2147 5234 2316 5307 quasi
2376 5232 2539 5288 dicas
2592 5249 2882 5300 summos,
2943 5234 3276 5291 nominant.
3323 5237 3402 5290 Eo
3448 5236 3792 5308 reipublicae

2147 5329 2304 5381 statu
2337 5322 2486 5379 Gaili
2515 5327 2856 5394 grassantes
2886 5325 3220 5380 Romanum
3250 5325 3571 5398 imperium
3600 5327 3795 5383 adorti

2147 5418 2307 5470 sunt.
2330 5413 2549 5467 Contra
2578 5427 2726 5482 quos
2756 5413 2976 5467 missus
3007 5429 3143 5468 cum
3174 5416 3437 5495 exercitu
3459 5433 3494 5472 a
3513 5418 3794 5474 Romanis

2146 5501 2396 5558 Manlius
2418 5500 2492 5555 iis
2514 5498 2703 5572 pulsis
2729 5499 3068 5557 rediit.Erat
3092 5501 3335 5572 quidam
3355 5509 3483 5560 tum
3507 5505 3567 5560 in
3584 5512 3796 5562 senatu

2145 5590 2504 5648 Februarius
2534 5587 2897 5645 Gallicarum
2929 5590 3211 5661 partium.
3246 5592 3323 5660 Is,
3355 5609 3492 5649 cum
3523 5596 3586 5651 in
3610 5597 3798 5652 comi-

343 5627 504 5681 μενος
532 5602 751 5664 αὐτοὺς
783 5595 1145 5670 ὑπέστρεψεν.
1176 5596 1276 5652 Ἦν
1339 5590 1397 5650 δι
1452 5615 1537 5660 τις
1591 5592 1651 5649 ἐκ
1704 5596 1804 5681 τοῦ
1836 5591 2036 5681 μέρους

327 5676 431 5757 τῶν
472 5698 726 5760 Γάλλων
786 5685 1173 5762 καταγόμενος
1222 5682 1617 5762 συγκλητικὸς,
1659 5676 2065 5759 Φεϐρουάριος-

318 5791 786 5875 ὀνομαζόμενος.
858 5774 1041 5835 Οὗτος
1095 5770 1310 5831 Μαλίου
1365 5777 1462 5828 τοῦ
1512 5774 1599 5828 καὶ
1650 5769 2035 5831 Καπιτωλίνου

600 5911 915 5974 ΡΑτειοι.
967 5894 1084 5952 GR.
1127 5890 1333 5956 CXXI.

2147 5683 2298 5739 tium
2330 5679 2593 5737 venisset
2621 5677 2876 5736 Manlius
2907 5678 3001 5735 cui
3050 5687 3512 5752 cognomentum
3557 5688 3648 5741 est
3692 5686 3803 5740 Ca-

2150 5770 2405 5845 pitolini,
2437 5767 2725 5839 utilisque
2755 5768 3065 5823 sententiae
3094 5776 3301 5825 auctor
3346 5771 3579 5840 fuisset,
3638 5789 3806 5845 pera-

3447 5888 3528 5953 10
