4142 6412
380 447 501 508 303

1742 446 2064 509 GEORGII
2110 446 2450 507 CEDRENI

3683 451 3802 510 304

378 584 738 656 Ephmstioni
764 585 1272 657 mandataJtaque
1304 585 1377 640 ad
1408 587 1698 641 Oceanam
1733 584 2021 656 pervenit.

2145 581 2413 652 ἐποίησεν,
2456 581 2546 636 καὶ
2604 582 2703 649 τήν
2766 579 3041 655 βασιλείαν
3102 579 3271 649 αὐτῆς
3329 582 3415 635 καὶ
3473 582 3796 657 τήνχώραν

383 673 709 743 Post,bello
735 690 867 729 cum
893 673 1194 729 Xandame
1220 691 1350 746 rcge
1373 674 1745 744 facto,eoque
1769 674 1939 745 pulso
1963 672 2036 728 ad

384 763 780 817 Brachmanes
796 763 1308 834 pervenit.Horum
1325 764 1737 818 admirabilem
1752 779 1818 817 ac
1833 764 2038 817 huma-

383 867 463 905 na
491 852 785 922 potiorem
818 852 1016 919 vitam,
1076 852 1355 922 pietatem
1389 858 1447 907 et
1487 853 1713 907 cultum
1770 854 1894 920 Dei,
1934 850 2036 922 qui

382 939 640 993 universi
662 945 752 993 est
768 940 1769 1012 Dominus.expertus,summopere
1787 941 2037 995 istorum

380 1028 677 1082 hominum
692 1034 780 1083 est
793 1029 1113 1084 admiratus
1126 1030 1558 1102 philosophiam
1572 1032 1714 1096 .Quo
1728 1031 1857 1085 loco
1873 1030 2041 1086 etiam

379 1117 658 1172 columna
670 1118 863 1189 posita
876 1118 1524 1190 inscripsitzllucusque
1542 1135 1645 1192 ego
1668 1137 1769 1174 rex
1784 1118 2036 1174 Alexan-

381 1206 488 1260 der
516 1222 768 1278 magnus
815 1207 1073 1277 perrexi.
1126 1208 1357 1263 Etenim
1391 1210 1452 1263 in
1503 1226 1572 1263 ea
1622 1208 1818 1263 insula
1866 1208 2030 1262 habi-

395 1300 525 1350 tant
580 1296 680 1366 qui
741 1313 775 1349 a
831 1296 1138 1351 vivacitate
1195 1298 1471 1352 Macrobii
1532 1298 1831 1367 dicuntur,
1900 1298 2039 1367 quia

391 1384 663 1455 plerique
714 1385 979 1457 ipsorum
1030 1403 1219 1441 annos
1270 1387 1507 1441 circiter
1540 1390 1639 1440 150
1688 1387 1909 1441 vivunt.
1951 1387 2041 1440 Fit

385 1472 499 1527 hoc
528 1472 601 1527 ob
636 1472 886 1528 multam
920 1475 1074 1530 aeris
1105 1475 1424 1546 puritatem
1457 1493 1523 1531 ac
1554 1476 1841 1547 optimam
1888 1481 2039 1529 tem-

387 1562 639 1633 periem.
698 1563 899 1634 Neque
956 1563 1080 1618 ullo
1141 1570 1405 1636 tempore
1464 1565 1622 1620 ullus
1672 1565 1749 1619 ibi
1810 1564 2038 1619 fructus

383 1649 575 1721 deest,
636 1651 737 1705 sed
796 1652 913 1706 alio
974 1654 1225 1708 ﬂorente
1283 1654 1434 1709 alius
1476 1655 1602 1725 jam
1666 1654 2034 1719 maturescit,

377 1740 531 1795 alius
562 1742 917 1813 decerpitur.
954 1744 1038 1797 Ibi
1068 1745 1245 1799 etiam
1278 1746 1551 1799 maximae
1582 1745 1796 1799 Indica!
1849 1761 2032 1799 nuces

380 1831 831 1900 proveniunt,et
855 1849 984 1902 quw
1009 1833 1081 1887 ad
1107 1851 1215 1889 nos
1245 1834 1567 1889 difficulter
1586 1834 1941 1905 perveniunt
1966 1851 2033 1889 ac

2147 666 2365 739 ἀϐλαϐῆ
2426 668 2761 748 διεφύλαξεν.
2824 670 3057 734 Ἐκεῖθεν
3118 666 3173 725 δὶ
3226 670 3364 742 πρὸς
3424 671 3651 748 Ἀφασιν
3708 673 3803 727 καὶ

2148 757 2375 833 Γάδειρα
2424 760 2514 814 καὶ
2562 761 2628 814 τά
2679 761 3041 835 Βρεττανήσια
3087 756 3211 828 ἔθνη
3261 760 3571 833 γενόμενος,
3611 759 3801 839 χιλίας

2143 869 2201 902 τε
2245 845 2481 910 ὁλκάδας
2532 848 3089 920 κατασκευασάμενος,
3149 847 3307 909 αὐτὸς
3368 850 3461 921 μὲν
3516 849 3578 903 τὸ
3631 847 3805 923 δεξιὸν

2145 935 2241 991 τοῦ
2276 934 2501 993 Ἰνδικοῦ
2555 939 2808 1010 ποταμοῦ
2858 932 3068 991 διέπλει
3130 935 3315 1010 μέρος,
3356 936 3711 1013 Ἡφαιστίωνι
3745 935 3805 994 δὲ

2147 1026 2207 1080 τὸ
2236 1023 2416 1100 ἕτερον
2477 1024 2784 1101 ἐγχειρίσας
2837 1024 2924 1080 ἐπὶ
2982 1027 3073 1080 τὸν
3131 1025 3383 1080 Ὠκεανὸν
3439 1025 3664 1095 ἀνῆλθε.
3711 1029 3803 1098 Τῷ

2149 1113 2205 1169 δὶ
2238 1114 2458 1189 βασιλεῖ
2485 1112 2748 1189 Ξανδᾶμῃ
2797 1113 3118 1187 πολεμήσας
3166 1116 3255 1169 καὶ
3287 1112 3480 1170 τοῦτον
3510 1116 3804 1189 τροπωσαὶ-

2152 1226 2306 1277 μενος
2355 1204 2490 1280 πρὸς
2551 1205 2680 1265 τοὺς
2736 1208 3063 1280 Βραχμᾶνας
3123 1204 3364 1284 ἀφίκετο,
3425 1206 3498 1259 ὧν
3557 1206 3648 1260 καὶ
3704 1206 3798 1262 τὸν

2147 1293 2444 1367 θαυμάσιον
2502 1293 2589 1348 καὶ
2654 1294 2785 1368 ὑπὲρ
2846 1293 3132 1369 ἂνθρωποι]
3167 1293 3286 1369 βίον
3326 1294 3415 1348 καὶ
3471 1298 3574 1363 τήν
3608 1294 3683 1358 εἷς
3712 1295 3803 1349 τὸν

2147 1382 2357 1437 πάντων
2409 1384 2535 1438 Θεὸν
2593 1378 2862 1437 εὐσέϐειάν
2918 1404 2974 1437 τε
3031 1384 3119 1437 καὶ
3179 1382 3429 1457 λατρείαν
3472 1384 3804 1456 μεπαθηκὼς

2145 1470 2463 1545 κατεπλάγη
2516 1474 2673 1544 πάνυ,
2723 1473 2815 1527 καὶ
2870 1472 3083 1545 ἠράσθη
3130 1472 3228 1539 τήν
3279 1476 3386 1527 τῶν
3422 1470 3629 1545 ἀνδρῶν
3664 1473 3810 1528 ἐκεί-

2144 1583 2247 1615 νων
2282 1560 2625 1640 φιλοσοφίαν.
2659 1564 2745 1618 Ἑν
2778 1562 2823 1633 ᾧ
2852 1563 3006 1633 τόπῳ
3063 1561 3152 1616 καὶ
3212 1563 3424 1632 στήλην
3469 1562 3671 1632 στήσας
3702 1559 3801 1616 ἐπ-
3840 1556 3845 1561 ’

2146 1653 2392 1726 ἔγραψεν·
2438 1650 2583 1725 Ἐγὼ
2643 1653 2808 1727 μέγας
2869 1649 3222 1726 Ἀλέξανδρος
3283 1648 3539 1727 βασιλεὺς
3596 1648 3802 1729 ἔφθασα

2148 1741 2316 1815 μέχρι
2346 1740 2566 1799 τούτου.
2609 1742 2694 1796 Ἑν
2727 1739 2903 1815 ἐκείνῃ
2964 1740 3065 1815 γὰρ
3126 1744 3194 1814 τῇ
3254 1741 3405 1812 νήσῳ
3453 1745 3801 1795 κατοικοῦσιν

2145 1831 2196 1883 οἱ
2224 1828 2517 1903 λεγόμενοι
2551 1824 2877 1902 Μακρόϐιοι⁸
2916 1834 3045 1898 ζῶσι
3106 1831 3208 1904 γαρ
3261 1830 3317 1883 οἱ
3349 1827 3576 1889 πλείους
3623 1829 3803 1883 αὐτῶν

380 1920 639 1974 maximo
654 1919 1022 1976 habenturin
1038 1923 1228 1993 pretio
1244 1929 1839 1995 aromata,etmagnes
1860 1922 2023 1994 lapis.

2140 1918 2261 1991 περὶ
2293 1918 2359 1972 τὰ
2390 1919 2576 1972 ἑκατὸν
2620 1920 2958 1988 πεντήκοντα
3015 1915 3109 1988 ἔτη
3152 1915 3243 1973 δια
3296 1915 3517 1987 πολλὴν
3568 1918 3810 1994 καταρο-

378 2027 516 2075 τητα
544 2006 635 2061 καὶ
668 2008 952 2082 εὐκρασίαν
985 2014 1081 2064 τοῦ
1116 2010 1289 2084 ἀέρος.
1326 2008 1605 2067 Οὐδέποτε
1636 2011 1739 2085 γὰρ
1772 2010 1822 2065 ἐν
1853 2011 1993 2083 αὐτῇ
2045 2008 2221 2064 λείπει
2278 2007 2467 2082 ὀπώρα
2511 2008 2743 2062 παντοία
2782 2009 2871 2063 τὸν
2924 2005 3052 2062 ὅλον
3091 2007 3312 2082 χρόνον·
3349 2008 3401 2063 ἐν
3437 2006 3606 2080 ταύτῃ
3634 2006 3735 2082 γὰρ
3767 2009 3802 2076 ἡ

376 2094 473 2167 μὶν
502 2094 671 2168 ἀνθεῖ,
702 2099 737 2166 ἡ
772 2094 827 2151 δὲ
859 2097 1173 2171 ὀμφακίζει,
1206 2101 1241 2168 ἡ
1277 2096 1333 2153 δέ
1361 2104 1646 2175 τρυγᾶται.
1684 2100 1781 2154 Καὶ
1810 2121 1869 2174 γε
1897 2098 1987 2153 καὶ
2013 2098 2080 2153 τὰ
2115 2096 2342 2171 μέγιστα
2375 2094 2573 2154 Ἰνδικά
2602 2099 2846 2172 γίνονται
2878 2098 3053 2174 κάρυα
3083 2098 3173 2151 καὶ
3204 2097 3271 2152 τα
3302 2095 3635 2171 δυσπόριστα
3664 2098 3802 2168 ἡμῖν

375 2183 466 2237 καὶ
495 2184 873 2260 πανεπέραστα
902 2186 1166 2260 ἀρώματα
1196 2187 1287 2241 καὶ
1317 2190 1350 2257 ἡ
1390 2195 1661 2263 μαγνῆτις
1697 2187 1872 2252 λίθος.

454 2274 608 2329 268
642 2275 1040 2331 Brachmanes
1070 2294 1247 2348 porro
1288 2295 1430 2349 gens
1462 2283 1551 2333 est
1613 2277 2031 2350 religiossima.

379 2361 575 2418 Vitam
607 2380 788 2435 opum
820 2365 1065 2420 omnino
1098 2372 1401 2438 expertem
1429 2368 1903 2441 agunt,nudique
1937 2366 2036 2422 de-

379 2458 587 2524 gentes
646 2454 879 2510 assidue
937 2457 1122 2510 Deum
1164 2457 1430 2512 laudant.
1463 2457 1635 2529 Apud
1685 2475 1785 2513 eos
1838 2473 2032 2529 neque

379 2542 796 2614 quadrupedes
828 2561 1022 2615 neque
1054 2546 1416 2619 agricultura
1443 2552 1750 2619 est,neque
1784 2547 2031 2616 ferrum,

374 2647 573 2701 neque
608 2632 1153 2705 aedificiummeque
1185 2634 1561 2707 ignis,neque
1593 2652 2031 2707 aurum,neque

374 2726 912 2794 argentum,neque
944 2724 1341 2796 panis,neqne
1371 2726 1799 2797 vinum,neque
1829 2727 2023 2796 vestis,

376 2826 572 2881 neque
629 2813 827 2867 carnis
886 2830 1042 2879 esus,
1101 2831 1296 2886 neque
1366 2816 1611 2871 omnino
1698 2816 2026 2887 quidquam

376 2916 584 2957 eorum
607 2918 740 2972 quae
766 2901 840 2957 ad
874 2919 1023 2973 opus
1052 2903 1390 2959 faciendum
1417 2911 1518 2959 aut
1538 2905 1878 2960 fruitionem
1902 2922 2031 2977 per-

374 2989 602 3045 tinent:
636 2990 741 3046 sed
771 2991 1333 3061 liquidum,dulcem
1364 2994 1705 3065 optimeque
1739 2999 2029 3064 tempera-

373 3083 499 3134 tum
526 3084 585 3135 et
611 3080 1081 3152 pulcherrimum
1116 3098 1337 3149 aerem,
1367 3083 1565 3139 omnis
1596 3083 2026 3139 imbecillitatis

371 3173 473 3223 aut
504 3170 856 3241 corruptela:
889 3187 1137 3226 vacuum
1169 3171 1513 3227 haurientes
1547 3177 1605 3227 et
1651 3173 2024 3243 aliquantulo

371 3259 608 3331 frugum
631 3277 699 3315 ac
722 3260 1159 3333 limpidissimae
1181 3279 1349 3332 aqum
1369 3264 1886 3332 vescentes,Deum
1903 3263 2023 3317 sin~

2219 2277 2285 2332 Οἱ
2342 2276 2521 2331 τοίνυν
2586 2282 2908 2352 Βραχμᾶνες
2979 2269 3130 2338 ἔθνος
3206 2274 3338 2330 εἰσὶν
3398 2269 3800 2346 εὐσεϐέστατον,

2149 2364 2264 2439 βίον
2295 2365 2578 2438 ἀκτήμονα
2632 2363 2839 2445 σφόδρα
2895 2363 3246 2438 κεκτημένοι,
3304 2362 3393 2417 καὶ
3423 2367 3647 2437 γυμνῶς
3680 2361 3803 2418 δια-

2148 2458 2341 2522 ζῶντες
2373 2454 2454 2508 ἀεῖ
2484 2454 2578 2510 τὸν
2611 2454 2737 2509 Θεὸν
2795 2451 3097 2523 δοξάζουσι.
3152 2452 3282 2527 Παρ’
3315 2453 3402 2513 οῖς
3436 2450 3497 2507 οὐ
3527 2452 3798 2527 τετράπο-

2144 2541 2235 2597 δον
2263 2540 2425 2613 ἔστιν,
2459 2544 2519 2599 οὐ
2548 2544 2838 2619 γεώργιον,
2872 2544 2936 2597 οὐ
2988 2539 3230 2615 σίδηρος,
3266 2540 3365 2596 οὐκ
3394 2538 3694 2613 οἰκοδομὴ,
3729 2541 3797 2596 οὐ

2141 2637 2269 2709 πῦρ,
2303 2633 2369 2688 οὐ
2400 2634 2627 2709 χρυσὸς,
2661 2634 2761 2688 οὐκ
2808 2631 3063 2707 ἄργυρος,
3123 2630 3223 2686 οὐκ
3276 2629 3461 2706 ἄρτος,
3496 2629 3595 2685 οὐκ
3623 2631 3799 2698 οἶνος,

2142 2722 2250 2798 οὐχ
2279 2724 2517 2795 ἱμάτιον,
2553 2722 2611 2776 οὐ
2642 2721 2979 2801 κρεωφαγία,
3030 2721 3131 2775 οὐκ
3161 2718 3303 2774 ἄλλο
3334 2740 3387 2773 τι
3422 2722 3504 2792 [Ρ.
3544 2722 3664 2792 153]
3689 2723 3798 2775 τῶν

2141 2812 2215 2875 εἷς
2247 2810 2499 2887 ἐργασίαν
2533 2810 2933 2867 συντελούντων
2966 2806 3001 2878 ἤ
3048 2810 3182 2883 πρὸς
3233 2807 3537 2863 ἀπόλαυσιν
3586 2829 3797 2863 συντει-

2137 2901 2354 2956 νόντων·
2399 2899 2545 2957 ἀλλά
2598 2901 2689 2955 τὸν
2752 2900 2915 2977 ὑγρὸν
2971 2898 3060 2952 καὶ
3116 2895 3321 2974 γλυκὺν
3379 2897 3470 2952 καὶ
3530 2893 3783 2970 εὔκρατον

2138 2992 2267 3067 ἀγαν
2294 2990 2383 3046 καὶ
2442 2990 2737 3047 κάλλιστον
2798 2990 2929 3064 ἀέρα
2985 2988 3075 3043 καὶ
3133 2986 3312 3057 πάσης
3364 2985 3666 3064 ἀρρωστίας
3696 2990 3791 3041 καὶ

2138 3085 2340 3158 φθορᾶς
2371 3078 2807 3156 ἀπηλλαγμένον
2861 3082 3119 3146 σπῶντες,
3174 3076 3264 3131 καὶ
3327 3082 3525 3150 μικρᾶς
3575 3075 3795 3151 ὀπώρας

2135 3171 2225 3226 καὶ
2253 3168 2616 3227 διειδεστάτου
2674 3168 2867 3234 ὕδατος
2921 3168 3313 3240 ἀπολαύοντες,
3372 3164 3617 3224 σέϐονται
3650 3188 3797 3243 γνη-

2136 3262 2269 3324 σίως
2299 3262 2391 3317 τὸν
2421 3262 2551 3318 Θεὸν
2598 3261 2688 3316 καὶ
2738 3258 3103 3321 ἀδιαλείπτως
3149 3259 3568 3334 προσεύχονται.
3607 3258 3706 3311 Καὶ
3740 3258 3794 3311 οἱ

369 3364 503 3405 cere
534 3351 738 3406 colunt
769 3367 837 3407 ac
867 3356 1153 3423 perpetuo
1184 3353 1651 3423 precantur.Viri
1683 3352 1925 3424 quidem
1948 3353 2021 3408 ad

2136 3351 2227 3425 μὶν
2263 3347 2447 3426 ἂνδρες
2478 3350 2553 3412 εἷς
2585 3351 2645 3405 τὸ
2674 3355 2771 3405 τοῦ
2804 3353 3057 3405 Ὠκεανοῦ
3108 3347 3273 3423 μέρος
3321 3345 3696 3421 παροικοῦσιν,
3731 3345 3790 3398 αἱ

369 3436 670 3493 Oceanum
696 3439 989 3507 incolunt,
1024 3440 1308 3496 mulieres
1340 3446 1538 3496 autem
1571 3442 1711 3497 inde
1761 3441 1836 3497 ad
1867 3443 2022 3498 Gan-

369 3541 502 3597 gem
535 3526 782 3583 ﬂuvium
831 3528 1034 3595 Indiae,
1070 3529 1169 3600 qui
1220 3530 1282 3584 in
1322 3532 1622 3586 Oceanum
1672 3529 1881 3585 efﬂuit.
1935 3528 2020 3584 Ad

370 3615 653 3672 mulieres
675 3618 983 3688 trajiciunt
1012 3618 1121 3673 viri
1138 3618 1293 3674 Julio
1317 3624 1374 3674 et
1400 3622 1661 3693 Augusto
1685 3618 2017 3684 mensibus,

368 3705 585 3775 quibus
616 3704 952 3778 frigidiores
984 3713 1143 3777 sunt,
1174 3707 1298 3762 sole
1328 3708 1402 3764 ad
1434 3726 1542 3763 nos
1575 3714 1633 3764 et
1662 3707 2022 3780 septentrio-

366 3811 476 3849 nes
508 3800 727 3851 evecto.
760 3797 964 3866 Itaque
985 3796 1024 3850 ii
1057 3813 1298 3853 menses
1330 3798 1783 3869 temperatiores
1814 3814 1914 3852 eos
1946 3796 2019 3851 ad

370 3883 659 3939 Venerem
703 3883 986 3941 dicuntur
1036 3885 1364 3941 stimulare.
1418 3888 1541 3952 Quo
1590 3893 1761 3959 pacto
1823 3888 2019 3943 Nilum

368 3988 606 4044 quoque
634 3990 754 4028 non
788 3973 996 4029 eodem
1029 3991 1145 4045 quo
1181 3975 1328 4031 alios
1360 3993 1569 4032 amnes
1602 3982 1866 4049 tempore
1923 3976 2018 4032 in-

366 4077 633 4118 crescere
667 4062 1004 4134 dicunt,sed
1036 4062 1234 4120 media
1263 4070 1467 4120 aestate
1498 4067 1807 4139 .‘Egyptum
1842 4066 2022 4122 inun-

366 4150 532 4220 dare,
583 4153 804 4225 quippe
854 4153 979 4208 sole
1040 4159 1179 4209 tunc
1230 4155 1620 4227 septentrioni
1672 4155 2019 4213 viciniorem

365 4249 751 4312 percurrente
783 4261 989 4300 zonam
1021 4245 1285 4316 aliosque
1311 4245 1518 4301 fluvios
1546 4252 1792 4302 vexante
1826 4251 1884 4301 et
1913 4247 2021 4303 im-

364 4333 739 4401 minuente,a
770 4333 898 4389 Nilo
921 4339 1119 4390 autem
1153 4340 1278 4389 tum
1312 4335 1657 4407 longissime
1678 4335 2018 4391 recedente.

363 4422 764 4485 Brachmanas
778 4420 1170 4494 quadraginta
1193 4422 1320 4479 dies
1347 4440 1482 4479 cum
1498 4424 1783 4479 uxoribus
1806 4424 2017 4480 morati

361 4524 603 4566 rursum
634 4511 707 4565 ad
739 4527 847 4566 sua
883 4511 1252 4566 redeunt.Ad
1284 4513 1598 4568 mulierem
1643 4519 1777 4585 post
1807 4531 2018 4569 secun-

363 4597 507 4653 dum
556 4605 791 4670 partum
842 4600 1094 4656 maritus
1143 4617 1322 4671 porro
1370 4618 1492 4656 non
1531 4603 1797 4672 trajicit;
1839 4609 2018 4674 atque

361 4689 477 4759 ipsi
510 4706 644 4744 cum
678 4689 795 4745 alio
827 4691 979 4746 269
1012 4691 1225 4747 exinde
1256 4692 1378 4746 viro
1409 4708 1533 4747 rem
1560 4692 1778 4749 habere
1810 4695 2017 4767 religio

360 4782 468 4833 est.
506 4778 724 4844 Quodsi
759 4795 937 4850 quam
972 4780 1237 4836 sterilem
1284 4798 1415 4836 esse
1447 4782 1770 4855 contingat,
1826 4801 2016 4855 usque

359 4866 434 4923 ad
466 4869 946 4940 quinquennium
981 4884 1109 4923 eam
1166 4871 1416 4925 maritus
1467 4872 1713 4938 invisit;
1759 4878 1816 4927 et
1846 4874 1893 4927 si
1947 4891 2013 4929 eo

357 4957 717 5014 circumacto
749 4975 874 5013 non
925 4959 1135 5030 pariat,
1169 4975 1239 5014 ea
1268 4960 1331 5013 in
1384 4967 1691 5031 posterum
1731 4960 2009 5019 abstinet.

356 5051 444 5105 Ita
477 5049 544 5104 {lt
573 5054 639 5104 ut
671 5065 791 5104 non
817 5049 895 5103 sit
914 5048 1072 5120 apud
1096 5048 1256 5120 ipsos
1287 5049 1599 5105 hominum
1621 5049 2008 5119 abundantia,

356 5155 491 5194 cum
552 5144 611 5194 et
665 5154 858 5213 pauca
902 5137 1247 5194 desiderent
1276 5144 1335 5194 et
1374 5145 1587 5195 natura
1635 5142 2009 5196 continentes

356 5229 497 5285 sint.
530 5229 799 5285 Fluvium
832 5235 1031 5284 autem
1083 5244 1315 5284 summo
1347 5245 1485 5285 cum
1534 5230 1802 5301 periculo
1840 5230 2012 5285 aiunt

353 5318 547 5390 trajici
577 5325 824 5391 propter
852 5319 1398 5389 odontotyrannum
1433 5319 1626 5390 (quasi
1650 5319 1697 5374 si
1723 5319 1885 5373 dente
1913 5335 2011 5373 s2-

355 5410 591 5463 vientem
622 5408 806 5481 dicas)
835 5408 1110 5465 bestiam.
1147 5409 1248 5463 Est
1296 5413 1497 5463 autem
1529 5409 1741 5481 ingens
1800 5407 2005 5463 admo-

356 5492 520 5561 dum,
554 5497 700 5553 adeo
729 5503 797 5554 ut
825 5499 1127 5571 integrum
1157 5498 1346 5569 possit
1385 5497 1767 5570 elephantum
1800 5497 2009 5570 deglu-

353 5581 666 5656 tire.Degit
685 5603 754 5641 eo
776 5588 837 5643 in
860 5588 1271 5655 flumine,cum
1296 5587 1540 5660 quidem
1563 5588 1741 5642 etiam
1765 5587 1826 5642 in
1852 5592 2009 5645 terra

352 5670 551 5726 vivere
582 5672 814 5743 solent;
846 5674 1003 5747 quod
1032 5693 1219 5749 genus
1249 5677 1534 5733 animalia
1565 5677 1747 5734 Graeci
1781 5677 2006 5750 amphi-

355 5758 455 5815 bia
487 5758 712 5815 dicunt.
746 5763 827 5818 Ea
855 5762 1047 5819 bestia
1077 5764 1179 5820 Dei
1215 5766 1393 5837 jussu
1426 5766 1821 5840 quadraginta
1859 5765 2005 5824 istos

2129 3439 2187 3496 δὲ
2236 3447 2485 3516 γυναῖκες
2546 3441 2776 3496 ἐντεῦθεν
2835 3445 2934 3495 τοῖ’)
2991 3444 3243 3512 ποταμοῦ
3302 3439 3516 3513 Γάγγου
3553 3439 3651 3491 τοῦ
3682 3455 3789 3489 πα-

2130 3528 2451 3605 ραρρέοντος
2483 3529 2557 3592 εἷς
2616 3531 2707 3584 τὸν
2764 3529 3035 3601 Ὠκεανὸν,
3105 3525 3194 3583 ἒπὶ
3240 3527 3302 3582 τὸ
3329 3533 3431 3595 τῆς
3465 3521 3660 3586 Ἰνδίας
3696 3522 3795 3598 μὲ-

2129 3640 2244 3693 ρος.
2277 3622 2342 3679 Οἱ
2373 3624 2501 3695 γοῦν
2536 3616 2719 3694 ἄνδρες
2748 3624 2954 3692 περῶσι
2988 3618 3123 3693 πρὸς
3154 3617 3250 3680 τὶς
3283 3620 3540 3693 γυναῖκας
3568 3611 3797 3686 Ἰουλίῳ

2128 3708 2218 3764 καὶ
2249 3708 2545 3784 Αὐγούστῳ
2589 3709 2741 3782 μηνὶ,
2773 3708 2900 3785 παρ’
2959 3710 3042 3770 οἷς
3095 3705 3401 3781 ὑπάρχουσι
3435 3702 3795 3780 ψυχρότεροι.

2126 3802 2223 3853 τοῦ
2256 3797 2421 3869 ἡλίου
2452 3800 2587 3874 πρὸς
2641 3800 2790 3870 ἡμᾶς
2847 3795 2937 3851 καὶ
2996 3796 3132 3867 πρὸς
3194 3794 3396 3870 βορρᾶν
3460 3788 3792 3867 ὓψωθέντος,

2130 3890 2181 3944 οἳ
2232 3909 2295 3965 γε
2348 3888 2438 3944 καὶ
2496 3887 2873 3963 εὐκρατότεροι
2924 3884 3204 3960 γινόμενοι
3252 3883 3388 3959 πρὸς
3436 3883 3656 3955 οἶστρον
3684 3880 3788 3934 αὐ-

2128 3978 2257 4042 τοὺς
2284 3982 2448 4034 κινεῖν
2490 3976 2763 4053 λέγουσιν,
2799 3974 2982 4048 ὥσπερ
3031 3970 3097 4042 δὴ
3149 3973 3241 4027 καὶ
3271 3972 3362 4027 τὸν
3398 3968 3594 4026 Νεῖλόν
3630 3989 3788 4047 φασιν

2129 4067 2191 4123 οὐ
2224 4069 2359 4122 κατά
2414 4067 2505 4122 τὸν
2561 4066 2719 4121 αὐτὸν
2779 4065 2826 4101 ³⁸
2882 4068 3002 4124 τοῖς
3060 4061 3257 4125 ἄλλοις
3308 4059 3668 4134 πλημμυρεῖν
3696 4057 3790 4114 καὶ

2130 4159 2239 4231 ῥεῖν
2268 4161 2562 4229 ποταμοῖς,
2614 4152 2760 4209 ἀλλὰ
2811 4153 2899 4208 καὶ
2953 4156 3246 4226 μεσοῦντος
3300 4150 3398 4204 τοῦ
3450 4148 3640 4224 θέρους
3669 4147 3791 4202 ἐπι-

2128 4246 2345 4315 κλύζειν
2372 4248 2472 4314 τήν
2502 4243 2795 4319 Αἴγυπτον,
2838 4243 2912 4303 ὡς
2971 4246 3067 4297 τοῦ
3124 4262 3184 4316 γε
3240 4238 3457 4300 πάντως
3489 4236 3658 4308 ἡλίου
3685 4239 3786 4305 τὴν

2132 4332 2476 4410 βορειοτέραν
2536 4331 2842 4391 διαθέοντος
2904 4330 3080 4399 ζώνην
3124 4328 3214 4383 καὶ
3261 4331 3381 4388 τοῖς
3413 4324 3615 4387 ἄλλοις
3641 4344 3790 4397 παρ-

2129 4421 2489 4499 ενοχλοῦντος
2544 4425 2815 4493 ποταμοῖς
2869 4418 2957 4474 καὶ
3015 4416 3426 4493 σμικρύνοντος,
3480 4415 3677 4469 τούτου
3731 4410 3792 4468 δὲ

2126 4511 2387 4567 πλεῖστον
2438 4507 2763 4586 ἀπέχοντος.
2820 4510 2916 4564 Καὶ
2971 4508 3300 4578 ποιήσαντες
3352 4504 3487 4578 μετὰ
3535 4508 3643 4559 τῶν
3694 4524 3790 4578 γυ-

2125 4605 2325 4657 ναικῶν
2361 4600 2537 4656 αὐτῶν
2587 4599 2796 4674 ἡμέρας
2860 4599 2915 4671 μ’
2974 4594 3138 4651 πάλιν
3195 4594 3549 4669 ἀντιπερῶσι.
3583 4594 3703 4661 Τῆς
3733 4587 3791 4646 δὲ

2050 4730 2095 4795 D
2124 4692 2377 4768 γυναικὸς
2424 4688 2519 4744 δύο
2569 4686 2760 4744 παιδία
2809 4686 3148 4761 γεννησάσης
3198 4682 3381 4738 οὐκέτι
3414 4683 3441 4736 ὁ
3470 4681 3609 4755 ἀνήρ
3640 4680 3793 4735 ἀντι-

2234 4787 2261 4795 ..
2404 4779 2416 4795 \
2552 4779 2565 4795 9
2623 4780 2636 4795 ι
2792 4774 2819 4795 ,Ι
2998 4777 3011 4794 \
3117 4774 3131 4795 Ἰ
3183 4774 3194 4794 Ι
3346 4774 3361 4795 \
3430 4770 3580 4795 ,-_'.P-r
3616 4769 3780 4795 ς-ί--.

2126 4787 2263 4857 περᾷ
2313 4779 2449 4856 πρὸς
2508 4779 2696 4849 αὐτὴν,
2758 4774 2883 4833 οὔτε
2946 4777 3053 4850 μὴν
3114 4774 3264 4845 έκίνη
3295 4769 3787 4857 πλησιάξειέτέρῳ

2127 4855 2277 4944 ἀνδρὶ
2309 4855 2399 4924 διὰ
2428 4866 2650 4937 πολλὴν
2681 4861 2991 4922 εὐλάϐειαν.
3025 4863 3092 4920 Εἴ
3149 4860 3207 4917 δὲ
3256 4857 3442 4936 συμϐῇ
3491 4863 3706 4934 στεῖραν
3733 4855 3789 4911 ἂν

2124 4958 2312 5023 αὐταῖς
2342 4959 2646 5033 εὑρεθῆναι,
2693 4954 2859 5033 μέγρι
2921 4951 3230 5015 πενταετίας
3278 4946 3551 5023 διαπερῶν
3585 4948 3613 5001 ὁ
3646 4946 3784 5019 ἀνὴρ

2123 5048 2292 5118 αὐτῆς
2320 5048 2409 5103 καὶ
2471 5045 2862 5123 συγγινόμενος
2918 5043 3077 5116 αὐτῇ,
3138 5040 3226 5095 ἐὰν
3281 5038 3341 5094 οὐ
3401 5032 3559 5111 τέκῃ,
3598 5034 3779 5123 οὐκέτι

2122 5137 2470 5214 προσεγγίζει
2528 5121 2685 5208 αὐτῇ.
2757 5134 2850 5189 Διά
2928 5135 3095 5188 τοῦτο
3165 5127 3291 5185 οὐδὲ
3345 5121 3780 5199 πολυάνθρωπα

2122 5213 2262 5281 ἐστιν
2289 5228 2325 5295 ἡ
2358 5226 2520 5301 χώρα
2552 5222 2747 5291 αὒτῶν,
2805 5219 2894 5276 διά
2946 5241 3006 5275 τε
3063 5221 3164 5287 τὴν
3216 5213 3527 5293 ὀλιγοδείαν
3555 5213 3646 5269 καὶ
3674 5215 3778 5281 τὴν

2122 5316 2352 5393 φυσικὴν
2381 5312 2715 5389 ἐγκράτειαν.
2750 5312 2859 5367 Τὸν
2904 5308 2962 5365 δὲ
3008 5309 3255 5381 ποταμὸν
3286 5326 3413 5384 φασι
3446 5301 3780 5378 δυσπερατό-

2120 5426 2280 5460 τατον
2309 5403 2442 5459 εἶναι
2474 5400 2563 5457 διὰ
2595 5402 2689 5457 τὸν
2720 5401 3020 5477 λεγόμενον
3043 5396 3138 5454 όδο
3161 5399 3301 5471 [ντο]
3328 5394 3611 5471 τύραννον.
3641 5394 3789 5445 Ζῶον

2117 5496 2218 5569 γάρ
2250 5493 2389 5549 ἐστιν
2438 5486 2728 5569 ἀμφίϐιον,
2791 5489 3047 5565 μέγιστον
3100 5487 3242 5556 λίαν,
3300 5484 3354 5541 ἐν
3410 5488 3491 5556 τῷ
3543 5483 3780 5569 ποταμῷ

2120 5568 2480 5657 διαιτώμενον
2514 5568 2602 5636 καὶ
2662 5578 2957 5654 δυνάμενον
3016 5577 3281 5656 ἐλέφαντα
3339 5576 3619 5629 καταπιεῖν
3653 5568 3788 5626 ὁλό-

2117 5676 2343 5749 κληρονο
2379 5673 2407 5727 ’ὁ
2452 5671 2505 5727 ἐν
2538 5677 2658 5733 ταῖς
2714 5671 2808 5744 μέν
2849 5668 3084 5744 ἡμέραις
3132 5674 3255 5736 τῆς.
3282 5663 3641 5737 περαιώσεωςν
3678 5664 3788 5716 τῶν

2116 5761 2328 5840 ἀνδρῶν
2393 5760 2612 5817 ἐκείνων
2663 5758 2859 5841 ἀφανὶς
2920 5758 3131 5837 γίνεται
3186 5755 3324 5811 κατά
3379 5750 3523 5809 θείαν
3550 5752 3785 5827 πρόστα-
