4142 6412
356 341 478 402 305

1502 340 1864 404 HISTORIA
1880 337 2058 399 RUM
2106 335 2663 401 COMPENDIUM.

3671 346 3793 408 306

360 471 464 543 ειν.
500 471 576 528 Οὐ
612 472 724 545 μὴν
757 470 815 528 δὲ
846 471 993 529 ἆλλά
1030 473 1122 529 καὶ
1154 471 1439 549 δράκοντές
1469 474 1601 529 εἰσιν
1640 473 1693 528 ἐν
1739 476 1856 534 τοῖς
1889 470 1999 545 ἐρη-

2140 468 2265 523 dies
2292 471 2508 541 quibus
2541 472 2936 530 Brachmanes
2966 473 3042 530 ad
3069 491 3206 531 suas
3236 492 3453 533 uxores
3487 481 3792 550 trajiciunt

365 563 625 636 μοτὲροις
650 564 848 623 τόποις
878 560 1104 625 ἑκείνοις
1165 564 1413 641 μέγιστοι
1464 560 1689 644 σφόδρα,
1732 561 1931 632 πηχῶν
1985 581 2026 614 οκ

361 671 427 708 το
465 661 690 727 μεγεθος
737 652 828 707 καὶ
868 652 929 706 τὸ
976 653 1157 731 πάχος
1212 653 1357 709 πολὺ
1415 654 1505 709 καὶ
1566 648 2022 729 φρικωδέστατον,

355 740 451 797 καὶ
484 743 583 810 τὴν
624 739 817 818 σοφίαν
846 746 942 796 τοῦ
973 747 1331 819 Δημιουργοῦ
1366 745 1455 799 καὶ
1499 742 1656 814 δόξαν
1705 741 2022 819 φαινόμενοι

354 835 657 906 προφανῶς
691 828 1095 907 ἐκδιηγοῦνται.
1139 833 1245 889 Καὶ
1296 834 1347 888 οἱ
1410 833 1506 907 μὲν
1555 832 1805 908 σκορπίοι
1854 828 2019 886 πάλιν

357 919 701 995 εὑρίσκονται
732 926 1030 995 πηχυαῖοι,
1065 922 1117 976 οἱ
1167 919 1225 977 δὲ
1275 922 1562 998 μύρμηκες
1619 920 2019 978 παλαιστιαῖοι.

353 1004 828 1062 Α“εδπνδ
964 1007 1053 1049 ι’
1227 1009 1323 1063 ιε
1545 1009 1667 1047 τ’

402 1028 451 1062 ιο
480 1028 569 1061 και
639 1027 791 1061 060ιο
833 1028 977 1062 ευτο.
1009 1029 1143 1063 εισιν
1194 1030 1222 1063 ο
1328 1030 1559 1082 ρημικο.
1608 1031 1769 1064 τοποι
1819 1028 2022 1063 εκεινοι

430 1098 445 1119 \
489 1098 502 1115 Ἷ
834 1098 846 1115 ⁸
927 1099 940 1115 δ
1177 1101 1188 1119 Ρ
1723 1100 1737 1119 ‘
1800 1099 1813 1116 ν
1930 1100 1937 1105 “

350 1119 445 1152 και
479 1095 732 1167 αοίκητοι
766 1094 857 1152 δια
885 1118 950 1153 τα
981 1093 1336 1177 φοϐερωτατα
1366 1098 1530 1174 θηρία
1561 1121 1619 1155 τε
1649 1120 1738 1153 και
1802 1094 2016 1154 ιοϐόλα.

354 1185 674 1265 Ἐλέφαντες
708 1182 765 1242 δὲ
796 1188 1199 1263 γίνονταικατά
1225 1188 1322 1250 τὰς
1373 1191 1560 1264 χώρας
1608 1186 1811 1250 ἐκείνας
1860 1187 2018 1243 πλεῖ-

350 1296 496 1345 στοι,
528 1276 603 1338 ὡς
643 1276 733 1330 καὶ
768 1273 1043 1351 ἀγεληδὸν
1080 1278 1586 1352 παραπορευόμενοι
1622 1278 1930 1351 βόσκεσθαι.

427 1453 748 1531 Ἀμέλειγέ
791 1475 877 1509 τοι
937 1455 1027 1509 καὶ
1087 1456 1116 1509 ὁ
1178 1458 1348 1532 μὲγας
1410 1458 1726 1526 Καισάριος,
1784 1453 2019 1535 ἀδελφὸς

353 1543 460 1601 τοῦ
490 1543 734 1619 μεγάλου
778 1546 1108 1620 Γρηγορίου,
1168 1542 1441 1625 διαφόρων
1502 1545 1668 1609 ἓθνῶν
1719 1546 1809 1602 καὶ
1867 1548 2017 1616 ἠθῶν

340 1635 439 1690 καί
476 1634 683 1709 τρόπον
731 1655 792 1689 τε
857 1632 946 1688 καὶ
1006 1633 1179 1708 νόμον
1237 1633 1604 1710 ἐξηγούμενος
1664 1635 1715 1690 ἐν
1780 1636 2017 1710 ἐπιτομῇ

336 1722 538 1781 τοιαδε
570 1724 785 1803 φάσκει.
822 1724 907 1780 Ἐν
940 1724 1046 1799 γάρ
1088 1724 1287 1799 ἑκάστῇ
1346 1725 1505 1801 χώρᾳ
1551 1728 1640 1779 καὶ
1690 1720 1917 1795 ἔθνεσιν,
1967 1725 2017 1779 ἐν

2135 573 2428 627 nusquam
2463 564 2670 616 exstat.
2705 561 2848 616 Sunt
2881 567 2937 615 et
2968 561 3027 616 in
3061 563 3482 621 solitudinibus
3516 567 3787 626 locorum

2144 646 2393 701 istorum
2422 648 2711 705 dracones
2734 652 3024 723 ingentes,
3056 652 3428 727 longitudine
3461 660 3528 710 70
3558 657 3787 714 cubito.

2126 751 2281 801 rum,
2317 737 2471 792 mole
2491 754 2560 794 ac
2593 740 2861 794 crassitie
2890 740 3185 811 horribili,
3210 743 3311 814 qui
3337 745 3533 816 palam
3566 763 3626 801 se
3645 765 3786 804 con-

2128 827 2352 896 spectui
2375 828 2693 883 offerentes
2712 829 2939 900 opiﬁcis
2954 832 3305 901 sapientiam
3324 850 3390 888 ac
3410 836 3783 906 majestatem

2126 914 2559 972 demonstrant.
2595 917 2987 974 Inveniuntur
3004 921 3180 977 etiam
3217 923 3432 995 scorpii
3464 925 3775 995 cubitales,

2126 1003 2391 1060 formicm
2410 1005 2594 1077 palmi
2610 1008 3039 1078 magnitudine.
3070 1012 3273 1081 Itaque
3288 1012 3415 1067 ista)
3431 1014 3785 1071 solitudines

2126 1094 2381 1148 transitu
2409 1094 2682 1149 difﬁciles
2714 1102 2853 1151 sunt
2883 1103 2941 1151 et
2971 1097 3218 1153 deserta:
3267 1107 3511 1172 propter
3556 1103 3782 1160 bestias

2127 1183 2425 1239 terribiles
2456 1185 2776 1241 admodum
2812 1204 2880 1241 ac
2911 1204 3202 1244 venenum
3228 1191 3615 1263 ejaculantes.
3650 1195 3780 1249 Ele-

2125 1272 2333 1343 phanti
2368 1273 2494 1328 istis
2527 1275 2586 1329 in
2618 1274 2766 1330 locis
2798 1282 3128 1332 nascuntur
3160 1279 3421 1350 plurimi,
3451 1282 3531 1337 ita
3579 1288 3644 1337 ut
3684 1300 3778 1339 ar-

2126 1367 2327 1416 menta
2356 1367 2474 1417 tota
2502 1364 2679 1419 simul
2712 1373 3051 1436 pascantur.

2197 1450 2505 1507 Enimvero
2558 1470 2807 1525 magnus
2842 1455 2942 1510 ille
3000 1458 3311 1526 Caesarius,
3346 1461 3602 1530 Gregorii
3660 1463 3781 1520 Ma-

2124 1540 2225 1609 gni
2264 1539 2466 1608 frater,
2524 1542 2891 1599 diversarum
2942 1547 3210 1617 gentium
3266 1564 3461 1602 mores
3514 1556 3572 1604 et
3620 1550 3777 1622 leges

2124 1629 2479 1700 compendio
2511 1648 2820 1699 enarrans,
2865 1634 2950 1687 sic
2981 1634 3095 1689 ait:
3131 1635 3302 1705 Apud
3332 1653 3538 1692 omnes
3568 1645 3776 1711 gentes

2126 1722 2183 1770 et
2211 1716 2433 1788 ubique
2466 1718 2733 1774 locorum
2764 1727 2863 1776 aut
2893 1721 2989 1776 lex
3023 1724 3242 1793 scripta
3272 1730 3361 1779 est
3392 1732 3494 1781 aut
3523 1744 3775 1783 consue-

334 1819 463 1878 τοῖς
526 1815 626 1887 μὶν
688 1810 953 1891 ἔγγραφος
1019 1813 1191 1891 νόμος
1241 1812 1411 1885 ἐστὶν,
1470 1813 1521 1869 ἐν
1581 1820 1697 1877 τοῖς
1738 1813 1999 1885 ὃὲὴσυν-

2124 1804 2265 1859 tudo
2298 1806 2545 1863 obtinet.
2578 1809 2721 1863 Nam
2764 1826 2798 1863 a
2837 1811 3168 1882 majoribus
3216 1814 3433 1869 tradita
3489 1833 3595 1886 pro
3645 1817 3772 1890 lege

340 1902 533 1972 ἤλειαο
571 1906 654 1976 [Ρ.
694 1906 815 1974 154]
848 1901 1016 1975 νόμος
1054 1902 1156 1977 γὰρ
1203 1904 1427 1977 ἀνόμοις
1474 1904 1539 1958 τὰ
1591 1905 1793 1979 πάτρια
1838 1902 2007 1961 δοκεῖ.

338 1993 435 2046 Ὠν
471 1996 681 2065 πρῶτοι
715 1998 891 2062 Σῆρες
929 1994 1061 2063 (l9),
1088 1993 1150 2047 τὸ
1201 1995 1365 2066 ἀκρον
1409 2000 1511 2062 τῆς
1560 2000 1662 2069 γῆς
1710 1993 2006 2068 οἰκοῦντες,

337 2082 515 2153 νόμον
546 2075 743 2159 ἔχουσι
778 2081 840 2135 τὸ
882 2086 1135 2155 πατρῷον
1168 2077 1311 2145 ἔθος,
1372 2083 1446 2154 μή
1497 2082 1776 2156 πορνεύειν
1808 2084 1842 2152 ἢ
1879 2105 2007 2156 μοι-

338 2172 524 2245 χεύειν
555 2171 590 2237 ἦ
621 2168 870 2224 κλέπτειν
969 2165 1251 2245 λοιδορεῖν
1305 2172 1338 2239 ἢ
1395 2171 1635 2248 φονεύειν
1688 2171 1721 2241 ἦ
1772 2194 2002 2245 κακουρη

354 2264 477 2332 γεῖν
504 2258 565 2312 τὸ
607 2257 841 2317 σύνολον.
896 2259 1085 2332 Νόμος
1146 2256 1203 2314 δὲ
1261 2259 1408 2334 παρά
1466 2266 1819 2335 Βακτριανοῖς
1879 2263 2003 2332 ἢτοι

341 2347 700 2424 Βραχμάναις
745 2350 780 2416 ἡ
816 2346 875 2402 ἐκ
906 2349 1193 2422 προγόνων
1227 2345 1443 2404 παιδεία
1496 2349 1584 2403 καὶ
1625 2345 1887 2419 εὐσέϐεια,
1926 2353 2002 2423 μὴ

336 2441 688 2512 κρεωφαγεῖν
720 2438 753 2506 ἢ
791 2437 1094 2494 οἰνοποτεῖν
1129 2440 1162 2508 ἦ
1208 2436 1487 2515 λαγνεύειν
1520 2440 1554 2508 ἧ
1588 2440 1848 2494 παντοίαν
1906 2461 2003 2494 κα-

338 2527 468 2581 κίαν
500 2524 918 2597 διαπράττεσθαι
950 2524 1039 2581 διά
1068 2526 1244 2583 πολὺν
1276 2522 1445 2606 φόϐον
1493 2532 1628 2583 Θεοῦ
1656 2529 1745 2583 καὶ
1795 2529 2000 2597 πίστιν,

345 2616 531 2669 καίτοι
565 2636 627 2693 γε
654 2622 764 2671 τῶν
802 2614 1215 2693 παρακειμένων
1276 2616 1458 2678 αὐτοῖς
1515 2616 1700 2674 Ἰνδῶν
1748 2618 2002 2673 τάναντία

334 2703 833 2778 διαπραττομένων
869 2703 1061 2768 ἀδεῶς.
1097 2707 1183 2762 Ἐν
1217 2703 1275 2760 δὶ
1303 2711 1417 2767 νοῖς
1451 2704 1753 2781 ἐνδοτέροις
1814 2707 1998 2781 μὲρεσι

325 2794 546 2848 τούτων
606 2789 1161 2871 ἀνθρωποϐοροῦντες
1218 2795 1309 2849 καὶ
1364 2796 1492 2857 τοὺς
1559 2793 1997 2868 ἐπιξενουμένους

329 2884 690 2957 ἀναιροῦντες
730 2884 1121 2956 κατεσθίουσιν,
1182 2883 1255 2947 ὠς
1310 2879 1500 2947 Κάϐες.
1559 2886 1780 2958 Ἕτερος
1828 2885 1997 2959 νόμος

331 2969 645 3034 Χαλδαίοις
683 2972 774 3028 καὶ
809 2968 1192 3037 Βαϐυλωνίοις
1223 2974 1504 3049 ἀσελγείας
1553 2974 1850 3049 ἀνάμεστος
1908 2976 1996 3031 καὶ

334 3061 766 3138 αἰσχρουργίας.
800 3060 1011 3124 ’Ἄλλος
1045 3059 1101 3117 δὲ
1138 3064 1284 3137 παρὰ
1339 3062 1602 3133 Γηλαίοις
1649 3064 1840 3137 νόμος,
1900 3087 1996 3143 γυ-

327 3154 522 3211 νεῖκας
552 3156 812 3226 γεωργεῖν
844 3152 932 3205 καὶ
964 3148 1276 3225 οἰκοδομεῖν
1328 3152 1419 3207 καὶ
1460 3153 1527 3207 τά
1570 3149 1779 3227 ἀνδρῶν
1826 3156 1999 3228 πράτ-

327 3261 471 3309 τειν,
505 3238 654 3296 ἀλλά
681 3240 769 3295 καὶ
814 3240 1093 3315 πορνεύειν
1143 3241 1216 3302 ὡς
1256 3239 1317 3295 ὂίν
1372 3242 1705 3315 βούλωνται,
1760 3244 1834 3317 μὴ
1887 3264 1999 3298 κω-

326 3328 609 3403 λυομένας
642 3329 927 3395 παντελῶς
960 3330 1064 3385 ὑπὸ
1104 3334 1213 3385 τῶι
1270 3327 1474 3406 ἀνδρῶν
1524 3330 1751 3405 αὐτῶνᾷ
1778 3335 1865 3389 Ἐν
1914 3334 1995 3396 αἷς

328 3419 650 3493 ὑπάρχουσι
709 3420 800 3474 καὶ
863 3417 1316 3492 πολεμικώταται
1358 3422 1448 3475 καὶ
1497 3423 1743 3496 θηρῶσαι
1790 3424 1855 3477 τὰ
1916 3426 1993 3497 μή

335 3509 463 3565 λίαν
496 3509 833 3584 ἰσχυρότατα
863 3515 969 3565 τῶν
1002 3510 1233 3585 θηρίων,
1266 3509 1499 3586 ἄρχουσι
1533 3509 1590 3567 δὲ
1618 3517 1727 3567 τῶν
1779 3513 1993 3570 οἰκείων

328 3596 546 3672 ἀνδρῶν
579 3598 667 3654 καὶ
725 3599 1088 3670 κυριεύουσιν.
1147 3602 1232 3654 Ἐν
1279 3603 1600 3674 Βρεττανίᾳ’
1631 3599 1688 3657 δὲ
1747 3604 1995 3660 πλεῖστοι

319 3685 519 3760 ’ἀνδρες
551 3692 650 3759 μιᾷ
684 3686 1109 3764 συγκαθεύδουσι
1142 3690 1384 3764 γυναικὶ,
1416 3692 1503 3746 καὶ
1539 3690 1748 3748 πολλαὶ
1809 3701 1998 3769 γυναῖ-

323 3794 421 3834 κες
454 3773 533 3828 ἑνὶ
564 3774 918 3848 ὲταιρίζονται
950 3771 1127 3850 ἀνδρί.
1184 3777 1479 3848 Ἀμαζόνες
1538 3775 1596 3832 δὲ
1644 3776 1840 3853 ἄνδρας
1900 3782 1999 3836 οὐκ

320 3861 575 3938 ἔχουσιν,
611 3860 739 3917 ἀλλ’
769 3863 844 3926 ὡς
875 3863 942 3919 τά
974 3862 1147 3937 ἄλογα
1182 3869 1293 3934 ζῶα
1326 3861 1460 3935 ἅπαξ
1522 3872 1619 3921 τοῦ
1667 3865 1823 3931 ’ἐτους
1872 3891 1996 3947 περὶ

326 3957 435 4024 τήν
468 3953 689 4026 ἐαρινὴν
745 3954 1036 4030 ἴσημερίαν
1092 3956 1373 4031 ὑπερόριοι
1431 3958 1695 4032 γίνονται,
1751 3963 1842 4016 καὶ
1905 3987 1995 4036 μι-

322 4044 595 4117 γνύμεναι
627 4049 743 4105 τοῖς
774 4048 1081 4121 γειτνιῶσιν
1116 4041 1369 4120 ἀνδράσιν
1426 4047 1501 4111 ὡς
1538 4051 1837 4125 πανήγυρίν
1876 4075 1998 4109 τινα

320 4132 416 4187 καέ
455 4131 704 4208 μεγάλην
738 4133 931 4208 ἑορτὴν
958 4134 1050 4189 τὸν
1108 4134 1299 4209 καιρὸν
1355 4133 1557 4191 ἐκεῖνον
1606 4140 1894 4213 ἡγοῦνται·
1946 4142 1994 4212 ἐξ

319 4223 399 4275 ὦν
450 4221 545 4276 καὶ
597 4222 733 4276 κατᾶ
788 4223 1019 4297 γαστρὸς
1082 4219 1458 4279 συλλαϐοῦσαι
1519 4223 1993 4303 παλινδρομοῦσιν

320 4308 517 4366 οἶκαδε
547 4315 734 4368 πᾶσαι.
770 4312 865 4383 Τῷ
897 4308 956 4366 δὲ
983 4318 1163 4385 καιρῷ
1231 4319 1330 4381 τῆς
1373 4312 1732 4384 ἀποκυήσεως
1780 4318 1842 4372 τὸ
1900 4321 1996 4392 μὲν

322 4399 491 4475 ἆριίεν
551 4400 851 4475 φθείρουσι,
892 4401 955 4455 τὸ
1017 4397 1073 4455 δὲ
1114 4400 1257 4471 θῆλυ
1315 4408 1650 4480 ζιυογονοῦσι
1707 4407 1797 4460 καί
1847 4420 1998 4479 τιθη-

318 4493 513 4543 νοῦσιν
548 4487 826 4560 ἐπιμελῶς
857 4490 943 4543 καὶ
979 4490 1343 4569 ἐκτρέφουσιν.

2122 1902 2436 1960 habentur.
2471 1905 2649 1960 Primi
2683 1908 2873 1975 Seres,
2907 1908 3006 1978 qui
3050 1915 3380 1965 extremum
3414 1913 3568 1969 270
3601 1920 3772 1971 terrm

2121 1992 2410 2059 habitant,
2436 2012 2541 2065 pro
2564 1996 2686 2067 lege
2714 1997 3441 2055 babentconsuetudinem
3469 2018 3504 2056 a
3533 2004 3773 2074 majori-

2120 2080 2227 2135 bus
2260 2082 2330 2137 ab
2364 2101 2425 2137 se
2466 2092 2872 2157 prOpagatam,
2904 2093 2969 2140 ut
2991 2089 3154 2141 omni
3196 2095 3420 2159 stupro,
3454 2091 3769 2159 adulterio,

2116 2171 2293 2239 furto,
2310 2174 2598 2242 convicio,
2627 2175 2785 2229 caade
2810 2192 2876 2229 ac
2898 2176 3191 2231 maleﬁcio
3220 2179 3581 2236 abstineant.
3601 2183 3769 2253 Apud

2115 2260 2457 2315 Bactrianos
2509 2280 2614 2317 seu
2647 2264 3044 2319 Brachmanas
3090 2265 3182 2320 lex
3215 2273 3323 2332 est,
3362 2269 3656 2325 institutio
3716 2279 3775 2327 et

2115 2351 2305 2420 pietas
2335 2367 2369 2405 a
2409 2352 2737 2423 majoribus
2785 2361 3048 2425 accepta,
3099 2356 3258 2426 quod
3304 2374 3498 2429 neque
3529 2376 3769 2415 carnem

2114 2440 2298 2494 edunt
2329 2458 2521 2513 neque
2567 2443 2767 2497 vinum
2801 2443 3032 2512 bibunt,
3083 2452 3139 2499 et
3172 2446 3330 2515 quod
3363 2448 3436 2502 ob
3498 2449 3675 2504 ﬁdem
3713 2458 3771 2505 et

2114 2535 2339 2584 metum
2373 2532 2474 2586 Dei
2526 2538 2899 2587 constantem
2933 2551 3173 2588 omnem
3228 2536 3529 2592 lasciviam
3587 2544 3767 2611 atque

2112 2618 2401 2685 flagitium
2418 2615 2767 2690 vitant,cum
2788 2621 3029 2691 quidem
3058 2623 3232 2677 vicini
3267 2626 3397 2679 Indi
3416 2626 3581 2681 nullo
3601 2635 3766 2683 metu

2111 2708 2470 2763 contrariam
2494 2709 2625 2763 vita;
2658 2710 2950 2765 rationem
2982 2718 3245 2780 teneant,
3279 2718 3336 2766 et
3366 2713 3426 2767 in
3460 2715 3763 2771 interiori-

2109 2795 2219 2851 bus
2249 2797 2593 2869 regionibus
2616 2798 2896 2854 carnibus
2924 2800 3200 2855 humanis
3219 2809 3536 2858 vescantur
3564 2804 3761 2877 hospi~

2110 2890 2319 2956 tesque
2335 2886 2639 2958 jugulatos
2671 2887 2975 2957 devorent,
3008 2889 3187 2944 veluti
3210 2890 3417 2946 Cobes.
3460 2893 3767 2951 Chaldaao—

2108 2991 2243 3029 rum
2278 2981 2335 3029 et
2358 2975 2815 3046 Babyloniorum
2847 2977 3008 3049 leges
3037 2978 3229 3051 plenm
3271 2986 3409 3035 sunt
3447 2982 3765 3055 impudici-

2110 3064 2207 3118 tiae
2238 3071 2413 3134 atque
2446 3066 3119 3140 turpitudinisAgelaris
3150 3068 3243 3124 lex
3277 3075 3453 3126 estut
3482 3073 3767 3130 mulieres

2108 3158 2329 3208 terram
2358 3154 2559 3209 colant
2588 3159 2766 3226 atque
2797 3156 3115 3225 mdiﬁcent,
3148 3162 3206 3211 et
3237 3174 3308 3214 ea
3338 3177 3468 3231 quae
3500 3162 3764 3219 virorum

2107 3247 2247 3297 sunt
2278 3248 2504 3310 regant,
2543 3259 2610 3297 ac
2654 3260 2761 3299 sua
2792 3244 3038 3299 libidine
3087 3246 3239 3301 nihil
3299 3249 3763 3320 impedientibus

2100 3330 2331 3386 maritis
2372 3337 2749 3387 scortentur:
2785 3339 2924 3388 sunt
2972 3335 3129 3389 inter
3159 3352 3257 3390 eas
3299 3338 3476 3392 etiam
3512 3337 3758 3396 bellico-

2101 3420 2374 3491 sissimm,
2399 3426 2456 3476 et
2479 3438 2591 3491 que
2626 3422 2800 3488 feras,
2834 3423 2946 3478 nisi
2971 3442 3102 3494 qua)
3131 3425 3755 3499 suntzrobustissimaa,

2099 3516 2427 3565 venentur:
2462 3512 2759 3584 imperant
2804 3519 3003 3568 autem
3050 3516 3172 3569 suis
3223 3517 3471 3571 maritis.
3522 3521 3589 3574 In
3628 3521 3753 3576 Bri-

2100 3604 2309 3658 tannia
2330 3604 2737 3675 compluribus
2759 3606 2897 3661 viris
2911 3624 3031 3662 una
3049 3613 3136 3663 est
3154 3612 3490 3667 communis
3514 3613 3754 3683 mulier,

2100 3692 2423 3763 multasque
2449 3692 2730 3748 mulieres
2753 3695 2856 3749 uni
2882 3694 3003 3750 viro
3028 3696 3400 3769 copulantur.
3426 3701 3754 3758 Amazones

2102 3786 2300 3835 autem
2343 3782 2586 3837 maritos
2634 3784 2831 3838 nullos
2864 3784 3104 3854 habent,
3162 3787 3263 3841 sed
3317 3788 3626 3845 brutorum
3690 3794 3749 3846 in

2101 3896 2328 3934 morem
2363 3882 2548 3936 semel
2579 3884 2902 3952 quotannis
2925 3890 3089 3939 extra
3113 3903 3253 3943 suos
3286 3888 3434 3943 ﬁnes
3476 3890 3753 3961 profecta:

2102 3984 2236 4022 cum
2272 3970 2480 4024 vicinis
2512 3971 2777 4026 maribus
2826 3974 3248 4044 concumbunt,
3301 3976 3360 4031 id
3395 3983 3628 4048 tempus
3660 3997 3757 4034 so-

2102 4056 2301 4110 lemne
2336 4074 2403 4113 ac
2434 4058 2709 4114 festivum
2742 4061 3037 4130 agitantes
3067 4078 3079 4115 :
3118 4068 3175 4116 et
3204 4071 3517 4136 postquam
3542 4084 3752 4124 conceo

2102 4152 2555 4218 perunt,omnes
2580 4148 2824 4204 domum
2851 4151 3121 4205 redeunt.
3150 4153 3253 4208 Ubi
3279 4155 3541 4225 pariunt,
3561 4174 3757 4213 mares

2101 4235 2378 4308 perdunt,
2413 4237 2683 4293 femellas
2707 4238 2928 4293 tollunt
2948 4245 3338 4312 accurateque
3358 4243 3529 4299 alunt
3550 4246 3757 4300 etedu-

2102 4331 2258 4381 cant.
3220 4352 3225 4356 ·

400 4579 463 4634 Ὀ
501 4552 687 4650 μέντοι
720 4599 782 4653 γε
815 4552 1173 4673 Ἀλέξανδρος
1210 4580 1342 4653 μετά
1397 4583 1493 4651 τήν
1559 4582 1664 4638 ἀπὸ
1722 4586 1988 4662 Βραχμᾶο

2173 4594 2463 4647 Caeterum
2496 4593 2856 4661 Alexander,
2900 4611 2934 4649 a
2966 4596 3435 4653 Brachmanibus
3461 4617 3753 4673 reversus,

317 4690 433 4721 νων
470 4667 823 4743 ὑποστροφὴν
855 4662 1183 4723 καταλαϐὼν
1222 4669 1321 4737 τὴν
1354 4668 1634 4745 Αἴγυπτον
1687 4676 1857 4744 κτίζει
1889 4678 1986 4745 τὴν

320 4754 585 4830 μεγάλην
615 4753 1025 4828 Ἀλεξάνδρειαν
1077 4757 1152 4819 εἷς
1208 4756 1352 4813 ἴδιον
1399 4758 1596 4833 ὄνομα,
1646 4761 1819 4819 πάλαι
1870 4766 1987 4819 Ῥαν

316 4846 532 4915 κάστην
563 4844 893 4922 λεγομένην.
932 4848 1031 4909 Ἠς
1080 4845 1385 4921 ἐπεθύμησε
1445 4852 1543 4920 τήν
1600 4849 1805 4924 λίμνην
1865 4858 1989 4917 θεά-

320 4932 643 4999 σασθαιδιά
672 4935 738 4989 τά
768 4933 819 4988 ἐν
869 4936 1009 5008 αὐτῇ
1074 4936 1435 5010 μυθευόμενα.
1492 4937 1684 4995 Πολλὰ
1740 4944 1836 5012 μὲν
1895 4947 1988 4999 οὖν

312 5026 517 5097 τέρατα
541 5023 629 5078 καὶ
658 5023 911 5097 ὀνείρατα
959 5026 1388 5101 παρεκρούσατο,
1438 5035 1537 5097 τῆς
1571 5049 1627 5082 τε
1674 5034 1781 5085 τῶν
1839 5031 1985 5089 Χαλ-

313 5110 483 5168 δαίων
516 5113 771 5187 γνώσεως
802 5114 1193 5187 κατεφρόνησε,
1227 5116 1314 5169 καὶ
1384 5115 1475 5171 σὺν
1529 5116 1746 5195 ὀλίγαις
1803 5122 1986 5176 ναυσὶν

312 5203 403 5259 ἐπὶ
437 5204 539 5273 τήν
567 5202 866 5277 εῗρημένην
904 5200 1109 5276 λίμνην
1141 5199 1330 5267 διαϐὰς
1370 5206 1433 5259 τό
1485 5226 1542 5260 τε
1587 5214 1687 5277 τῆς
1739 5208 1984 5287 κεφαλῆς

2100 4683 2342 4753 Aigypto
2375 4688 2681 4752 occupata,
2716 4682 2862 4738 271
2912 4683 3331 4741 Alexandriam
3378 4687 3449 4742 de
3495 4706 3601 4745 suo
3646 4709 3758 4747 no-

2102 4771 2261 4824 mine
2294 4771 2580 4833 condidit,
2600 4771 2929 4843 antiquitus
2962 4775 3267 4830 Racastam
3290 4776 3529 4834 dictam.
3553 4781 3755 4853 '(Iujus

2099 4859 2376 4930 paludem
2409 4860 2608 4914 videre
2641 4861 2918 4932 cupiebat
2948 4863 3021 4916 ob
3054 4880 3121 4917 eo
3146 4881 3276 4935 quae
3298 4866 3369 4920 de
3397 4883 3465 4922 ea
3485 4868 3751 4928 fabulose

2090 4948 2492 5019 jactabantur.
2538 4950 2739 5019 Itaque
2775 4951 2981 5006 multis
3034 4955 3284 5009 ostentis
3347 4961 3403 5009 et
3435 4957 3750 5016 insomniis

2098 5039 2472 5110 contemptis.
2511 5047 2705 5110 spreta
2734 5040 2911 5096 etiam
2927 5040 3336 5098 Chaldreorum
3362 5045 3747 5119 divinatione,

2096 5144 2231 5181 cum
2264 5128 2467 5197 paucis
2500 5128 2745 5183 navibus
2781 5129 3061 5201 paludem
3085 5148 3216 5185 eam
3243 5134 3508 5187 accessit.
3535 5135 3616 5189 lbi
3638 5136 3747 5191 im-

2095 5215 2197 5269 bre
2229 5233 2297 5271 ac
2329 5217 2565 5273 turbine
2589 5218 2782 5273 subito
2798 5221 3260 5288 exorto,amisso
3292 5223 3503 5292 capitis
3548 5223 3752 5280 diade-

1527 5334 1887 5393 XYLANDRI
1929 5342 2014 5394 ET
2062 5342 2279 5397 GOABI
2321 5345 2539 5399 NOTAE.

386 5470 501 5533 119)
536 5463 601 5517 Hi
633 5460 732 5515 ubi
767 5458 997 5533 fuerint
1030 5464 1087 5512 et
1108 5458 1336 5533 quales,
1370 5459 1982 5533 disputabimusalibi.

310 5539 375 5592 In
412 5527 678 5605 margine
712 5539 844 5587 erat
879 5546 892 5582 :
924 5528 1040 5605 Οὐκ
1097 5527 1223 5605 οἶδα
1277 5531 1423 5605 τίνες
1469 5527 1604 5605 sisi.
1666 5536 1986 5605 Θαυμαστὸν

312 5606 369 5663 δέ
404 5608 451 5661 εἶ
507 5598 649 5667 τ;,ές
706 5623 817 5658 που
878 5598 1127 5654 τοιοῦτοί
1181 5600 1338 5655 εἰσιν.
1395 5603 1545 5667 Quid
1603 5598 1802 5660 autem
1866 5608 1987 5661 sint

312 5680 564 5737 CabesQ
598 5676 826 5739 nescio,
880 5671 996 5726 nisi
1049 5675 1095 5726 si
1144 5672 1294 5727 forte
1355 5690 1575 5729 nomen
1626 5683 1716 5731 est
1770 5678 1986 5734 Indica»

2096 5469 2287 5550 geritis
2342 5470 2745 5550 hominivnrnf.
2798 5471 3008 5550 bisque
3057 5471 3319 5550 Agelzeos
3374 5482 3611 5550 proprio
3667 5488 3751 5541 sic

2098 5540 2255 5613 dicto
2296 5544 2539 5595 nomine
2588 5544 2740 5595 novi.
2797 5544 2860 5593 Et
2915 5540 3182 5605 historia,
3231 5540 3405 5601 docet
3442 5540 3583 5607 ante
3623 5556 3749 5613 haec

2096 5611 2272 5666 verbo
2325 5630 2381 5684 p.
2443 5617 2567 5679 271,
2602 5632 2651 5667 ν.
2701 5616 2755 5679 2,
2811 5613 2972 5679 cujus
3028 5613 3288 5679 paludem
3343 5620 3569 5692 aliquid
3613 5611 3745 5683 exi;

2102 5682 2281 5737 disse.
2316 5684 2454 5737 Χγι..

2144 5700 2281 5737 ISSB.
2317 5700 2454 5739 ᾹΥΙι.
