  <div class='ocr_page' id='page_1' title='image "/cluster/home/n/w/nwhite01/storage/ocr_20150623/121:no.1/coo.31924054870260/161.png"; bbox 0 0 4142 6412; ppageno 0'>
   <div class='ocr_carea' id='block_1_1' title="bbox 412 361 526 428">
    <p class='ocr_par' dir='ltr' id='par_1_1' title="bbox 412 361 526 428">
     <span class='ocr_line' id='line_1_1' title="bbox 412 361 526 428; baseline -0.018 0"><span class='ocrx_word' id='word_1_1' title='bbox 412 361 526 428; x_wconf 83' lang='grc' dir='ltr'><strong>3οἾ</strong></span> 
     </span>
    </p>
   </div>
   <div class='ocr_carea' id='block_1_2' title="bbox 1781 355 2502 426">
    <p class='ocr_par' dir='ltr' id='par_1_2' title="bbox 1781 355 2502 426">
     <span class='ocr_line' id='line_1_2' title="bbox 1781 355 2502 426; baseline 0.003 -2"><span class='ocrx_word' id='word_1_2' title='bbox 1781 355 2108 424; x_wconf 83' lang='lat' dir='ltr'><strong>GEORGII</strong></span> <span class='ocrx_word' id='word_1_3' title='bbox 2151 355 2502 426; x_wconf 79' lang='lat' dir='ltr'><strong>CEDRENI</strong></span> 
     </span>
    </p>
   </div>
   <div class='ocr_carea' id='block_1_3' title="bbox 3714 364 3842 430">
    <p class='ocr_par' dir='ltr' id='par_1_3' title="bbox 3714 364 3842 430">
     <span class='ocr_line' id='line_1_3' title="bbox 3714 364 3842 430; baseline 0 0"><span class='ocrx_word' id='word_1_4' title='bbox 3714 364 3842 430; x_wconf 76' lang='lat'><strong>808</strong></span> 
     </span>
    </p>
   </div>
   <div class='ocr_carea' id='block_1_4' title="bbox 413 492 2061 578">
    <p class='ocr_par' dir='ltr' id='par_1_4' title="bbox 413 493 2061 573">
     <span class='ocr_line' id='line_1_4' title="bbox 413 493 2061 573; baseline -0.007 -11"><span class='ocrx_word' id='word_1_5' title='bbox 413 509 593 573; x_wconf 88' lang='lat' dir='ltr'><strong>mate,</strong></span> <span class='ocrx_word' id='word_1_6' title='bbox 627 517 780 572; x_wconf 65' lang='lat' dir='ltr'><strong>aagre</strong></span> <span class='ocrx_word' id='word_1_7' title='bbox 812 499 872 556; x_wconf 92' lang='lat' dir='ltr'><strong>in</strong></span> <span class='ocrx_word' id='word_1_8' title='bbox 904 503 1127 556; x_wconf 86' lang='lat' dir='ltr'><strong>terram</strong></span> <span class='ocrx_word' id='word_1_9' title='bbox 1160 495 1375 554; x_wconf 77' lang='lat' dir='ltr'><strong>enavit.</strong></span> <span class='ocrx_word' id='word_1_10' title='bbox 1423 493 1750 570; x_wconf 89' lang='lat' dir='ltr'><strong>Statimque</strong></span> <span class='ocrx_word' id='word_1_11' title='bbox 1778 513 1812 553; x_wconf 88' lang='lat' dir='ltr'><strong>a</strong></span> <span class='ocrx_word' id='word_1_12' title='bbox 1835 497 2061 553; x_wconf 88' lang='lat' dir='ltr'><strong>Casam-</strong></span> 
     </span>
    </p>
   </div>
   <div class='ocr_carea' id='block_1_5' title="bbox 2180 492 3848 578">
    <p class='ocr_par' dir='ltr' id='par_1_5' title="bbox 2185 492 3848 578">
     <span class='ocr_line' id='line_1_5' title="bbox 2185 492 3848 578; baseline 0.003 -28"><span class='ocrx_word' id='word_1_13' title='bbox 2185 492 2430 571; x_wconf 76' lang='grc' dir='ltr'>διάδημα</span> <span class='ocrx_word' id='word_1_14' title='bbox 2459 493 2756 569; x_wconf 71' lang='grc' dir='ltr'>ἀπέϐαλεν,</span> <span class='ocrx_word' id='word_1_15' title='bbox 2789 492 3004 572; x_wconf 67' lang='grc' dir='ltr'>ὄμϐρου</span> <span class='ocrx_word' id='word_1_16' title='bbox 3035 497 3126 554; x_wconf 71' lang='grc' dir='ltr'>καὶ</span> <span class='ocrx_word' id='word_1_17' title='bbox 3159 495 3434 561; x_wconf 73' lang='grc' dir='ltr'><strong>λαίλαπος</strong></span> <span class='ocrx_word' id='word_1_18' title='bbox 3474 495 3848 578; x_wconf 70' lang='grc' dir='ltr'>καταρραγέν-</span> 
     </span>
    </p>
   </div>
   <div class='ocr_carea' id='block_1_6' title="bbox 413 583 2066 651">
    <p class='ocr_par' dir='ltr' id='par_1_6' title="bbox 413 583 2066 651">
     <span class='ocr_line' id='line_1_6' title="bbox 413 583 2066 651; baseline -0.006 0"><span class='ocrx_word' id='word_1_19' title='bbox 413 593 520 651; x_wconf 89' lang='lat' dir='ltr'><strong>dro</strong></span> <span class='ocrx_word' id='word_1_20' title='bbox 551 592 700 648; x_wconf 92' lang='lat' dir='ltr'><strong>duce</strong></span> <span class='ocrx_word' id='word_1_21' title='bbox 733 589 1028 646; x_wconf 87' lang='lat' dir='ltr'><strong>exercitus</strong></span> <span class='ocrx_word' id='word_1_22' title='bbox 1061 589 1150 645; x_wconf 92' lang='lat' dir='ltr'><strong>sui</strong></span> <span class='ocrx_word' id='word_1_23' title='bbox 1191 604 1420 642; x_wconf 87' lang='lat' dir='ltr'><strong>veneno</strong></span> <span class='ocrx_word' id='word_1_24' title='bbox 1454 585 1713 642; x_wconf 84' lang='lat' dir='ltr'><strong>exhibito</strong></span> <span class='ocrx_word' id='word_1_25' title='bbox 1759 583 2066 642; x_wconf 80' lang='lat' dir='ltr'><strong>doloribus</strong></span> 
     </span>
    </p>
   </div>
   <div class='ocr_carea' id='block_1_7' title="bbox 415 675 2065 748">
    <p class='ocr_par' dir='ltr' id='par_1_7' title="bbox 415 675 2065 748">
     <span class='ocr_line' id='line_1_7' title="bbox 415 675 2065 748; baseline -0.006 -8"><span class='ocrx_word' id='word_1_26' title='bbox 415 679 674 740; x_wconf 75' lang='lat' dir='ltr'><strong>laniatus</strong></span> <span class='ocrx_word' id='word_1_27' title='bbox 723 693 832 736; x_wconf 85' lang='lat' dir='ltr'><strong>est.</strong></span> <span class='ocrx_word' id='word_1_28' title='bbox 885 679 972 734; x_wconf 90' lang='lat' dir='ltr'><strong>Ita</strong></span> <span class='ocrx_word' id='word_1_29' title='bbox 1027 675 1366 734; x_wconf 77' lang='lat' dir='ltr'><strong>Alexander</strong></span> <span class='ocrx_word' id='word_1_30' title='bbox 1414 679 1499 730; x_wconf 90' lang='lat' dir='ltr'><strong>tot</strong></span> <span class='ocrx_word' id='word_1_31' title='bbox 1552 675 1728 731; x_wconf 84' lang='lat' dir='ltr'><strong>rebus</strong></span> <span class='ocrx_word' id='word_1_32' title='bbox 1781 675 2065 748; x_wconf 72' lang='lat' dir='ltr'><strong>prmclare</strong></span> 
     </span>
    </p>
   </div>
   <div class='ocr_carea' id='block_1_8' title="bbox 415 761 2066 849">
    <p class='ocr_par' dir='ltr' id='par_1_8' title="bbox 415 761 2066 849">
     <span class='ocr_line' id='line_1_8' title="bbox 415 761 2066 849; baseline -0.007 -19"><span class='ocrx_word' id='word_1_33' title='bbox 415 770 596 849; x_wconf 82' lang='lat' dir='ltr'><strong>gestis</strong></span> <span class='ocrx_word' id='word_1_34' title='bbox 647 775 918 826; x_wconf 86' lang='lat' dir='ltr'><strong>mortuus</strong></span> <span class='ocrx_word' id='word_1_35' title='bbox 949 767 1058 831; x_wconf 88' lang='lat' dir='ltr'><strong>est,</strong></span> <span class='ocrx_word' id='word_1_36' title='bbox 1093 783 1227 823; x_wconf 92' lang='lat' dir='ltr'><strong>cum</strong></span> <span class='ocrx_word' id='word_1_37' title='bbox 1281 769 1591 836; x_wconf 77' lang='lat' dir='ltr'><strong>regnasset</strong></span> <span class='ocrx_word' id='word_1_38' title='bbox 1621 781 1810 820; x_wconf 86' lang='lat' dir='ltr'><strong>annos</strong></span> <span class='ocrx_word' id='word_1_39' title='bbox 1843 761 2066 820; x_wconf 88' lang='lat' dir='ltr'><strong>duode-</strong></span> 
     </span>
    </p>
   </div>
   <div class='ocr_carea' id='block_1_9' title="bbox 415 853 1990 928">
    <p class='ocr_par' dir='ltr' id='par_1_9' title="bbox 415 853 1990 928">
     <span class='ocr_line' id='line_1_9' title="bbox 415 853 1990 928; baseline -0.006 -9"><span class='ocrx_word' id='word_1_40' title='bbox 415 865 531 919; x_wconf 91' lang='lat' dir='ltr'><strong>cim</strong></span> <span class='ocrx_word' id='word_1_41' title='bbox 563 867 620 918; x_wconf 92' lang='lat' dir='ltr'><strong>et</strong></span> <span class='ocrx_word' id='word_1_42' title='bbox 651 877 752 916; x_wconf 86' lang='lat' dir='ltr'><strong>sex</strong></span> <span class='ocrx_word' id='word_1_43' title='bbox 775 873 1032 925; x_wconf 88' lang='lat' dir='ltr'><strong>menses,</strong></span> <span class='ocrx_word' id='word_1_44' title='bbox 1057 853 1301 912; x_wconf 79' lang='lat' dir='ltr'><strong>vixisset</strong></span> <span class='ocrx_word' id='word_1_45' title='bbox 1330 857 1528 911; x_wconf 90' lang='lat' dir='ltr'><strong>autem</strong></span> <span class='ocrx_word' id='word_1_46' title='bbox 1563 855 1802 928; x_wconf 78' lang='lat' dir='ltr'><strong>triginta</strong></span> <span class='ocrx_word' id='word_1_47' title='bbox 1821 853 1990 910; x_wconf 87' lang='lat' dir='ltr'><strong>duos.</strong></span> 
     </span>
    </p>
   </div>
   <div class='ocr_carea' id='block_1_10' title="bbox 490 1121 2066 1198">
    <p class='ocr_par' dir='ltr' id='par_1_10' title="bbox 490 1121 2066 1198">
     <span class='ocr_line' id='line_1_10' title="bbox 490 1121 2066 1198; baseline -0.004 -13"><span class='ocrx_word' id='word_1_48' title='bbox 490 1121 917 1198; x_wconf 79' lang='lat' dir='ltr'><strong>Hierosolymis</strong></span> <span class='ocrx_word' id='word_1_49' title='bbox 969 1121 1267 1197; x_wconf 86' lang='lat' dir='ltr'><strong>quondam</strong></span> <span class='ocrx_word' id='word_1_50' title='bbox 1318 1122 1378 1178; x_wconf 91' lang='lat' dir='ltr'><strong>in</strong></span> <span class='ocrx_word' id='word_1_51' title='bbox 1411 1121 1713 1178; x_wconf 82' lang='lat' dir='ltr'><strong>Persidem</strong></span> <span class='ocrx_word' id='word_1_52' title='bbox 1767 1121 2066 1194; x_wconf 82' lang='lat' dir='ltr'><strong>profectus</strong></span> 
     </span>
    </p>
   </div>
   <div class='ocr_carea' id='block_1_11' title="bbox 419 1211 2069 1293">
    <p class='ocr_par' dir='ltr' id='par_1_11' title="bbox 419 1211 2069 1293">
     <span class='ocr_line' id='line_1_11' title="bbox 419 1211 2069 1293; baseline -0.005 -17"><span class='ocrx_word' id='word_1_53' title='bbox 419 1219 706 1293; x_wconf 76' lang='lat' dir='ltr'><strong>quosdam</strong></span> <span class='ocrx_word' id='word_1_54' title='bbox 756 1215 990 1272; x_wconf 68' lang='lat' dir='ltr'><strong>Judreos</strong></span> <span class='ocrx_word' id='word_1_55' title='bbox 1035 1213 1096 1268; x_wconf 92' lang='lat' dir='ltr'><strong>in</strong></span> <span class='ocrx_word' id='word_1_56' title='bbox 1154 1213 1478 1268; x_wconf 77' lang='lat' dir='ltr'><strong>exercitum</strong></span> <span class='ocrx_word' id='word_1_57' title='bbox 1528 1211 1874 1268; x_wconf 82' lang='lat' dir='ltr'><strong>adsciverat.</strong></span> <span class='ocrx_word' id='word_1_58' title='bbox 1937 1213 2069 1268; x_wconf 88' lang='lat' dir='ltr'><strong>Fuit</strong></span> 
     </span>
    </p>
   </div>
   <div class='ocr_carea' id='block_1_12' title="bbox 414 1301 2066 1378">
    <p class='ocr_par' dir='ltr' id='par_1_12' title="bbox 414 1301 2066 1378">
     <span class='ocr_line' id='line_1_12' title="bbox 414 1301 2066 1378; baseline -0.005 -13"><span class='ocrx_word' id='word_1_59' title='bbox 414 1310 570 1366; x_wconf 90' lang='lat' dir='ltr'><strong>inter</strong></span> <span class='ocrx_word' id='word_1_60' title='bbox 599 1309 708 1362; x_wconf 90' lang='lat' dir='ltr'><strong>hos</strong></span> <span class='ocrx_word' id='word_1_61' title='bbox 729 1301 1257 1378; x_wconf 65' lang='lat' dir='ltr'><strong>praestantissimus</strong></span> <span class='ocrx_word' id='word_1_62' title='bbox 1285 1301 1718 1367; x_wconf 80' lang='lat' dir='ltr'><strong>Mosomachus,</strong></span> <span class='ocrx_word' id='word_1_63' title='bbox 1751 1307 1809 1357; x_wconf 82' lang='lat' dir='ltr'><strong>et</strong></span> <span class='ocrx_word' id='word_1_64' title='bbox 1829 1301 2066 1370; x_wconf 79' lang='lat' dir='ltr'><strong>ingenio</strong></span> 
     </span>
    </p>
   </div>
   <div class='ocr_carea' id='block_1_13' title="bbox 394 1390 2070 1472">
    <p class='ocr_par' dir='ltr' id='par_1_13' title="bbox 394 1390 2070 1472">
     <span class='ocr_line' id='line_1_13' title="bbox 394 1390 2070 1472; baseline -0.005 -17"><span class='ocrx_word' id='word_1_65' title='bbox 394 1390 641 1472; x_wconf 16' lang='lat' dir='ltr'><strong>Voptimo</strong></span> <span class='ocrx_word' id='word_1_66' title='bbox 663 1397 948 1470; x_wconf 76' lang='lat' dir='ltr'><strong>praeditus</strong></span> <span class='ocrx_word' id='word_1_67' title='bbox 987 1399 1045 1448; x_wconf 87' lang='lat' dir='ltr'><strong>et</strong></span> <span class='ocrx_word' id='word_1_68' title='bbox 1077 1393 1289 1466; x_wconf 77' lang='lat' dir='ltr'><strong>sagitta</strong></span> <span class='ocrx_word' id='word_1_69' title='bbox 1321 1407 1564 1464; x_wconf 88' lang='lat' dir='ltr'><strong>scopum</strong></span> <span class='ocrx_word' id='word_1_70' title='bbox 1599 1391 1878 1465; x_wconf 83' lang='lat' dir='ltr'><strong>tangendi</strong></span> <span class='ocrx_word' id='word_1_71' title='bbox 1913 1391 2070 1464; x_wconf 86' lang='lat' dir='ltr'><strong>peri-</strong></span> 
     </span>
    </p>
   </div>
   <div class='ocr_carea' id='block_1_14' title="bbox 413 1481 2066 1553">
    <p class='ocr_par' dir='ltr' id='par_1_14' title="bbox 413 1481 2066 1553">
     <span class='ocr_line' id='line_1_14' title="bbox 413 1481 2066 1553; baseline -0.005 -9"><span class='ocrx_word' id='word_1_72' title='bbox 413 1487 704 1544; x_wconf 86' lang='lat' dir='ltr'><strong>tissimus.</strong></span> <span class='ocrx_word' id='word_1_73' title='bbox 765 1483 816 1540; x_wconf 82' lang='grc' dir='ltr'><strong>Ις</strong></span> <span class='ocrx_word' id='word_1_74' title='bbox 870 1501 1006 1540; x_wconf 91' lang='lat' dir='ltr'><strong>cum</strong></span> <span class='ocrx_word' id='word_1_75' title='bbox 1067 1482 1424 1553; x_wconf 87' lang='lat' dir='ltr'><strong>Babylonem</strong></span> <span class='ocrx_word' id='word_1_76' title='bbox 1476 1483 1665 1536; x_wconf 88' lang='lat' dir='ltr'><strong>iretur</strong></span> <span class='ocrx_word' id='word_1_77' title='bbox 1712 1487 1770 1536; x_wconf 91' lang='lat' dir='ltr'><strong>et</strong></span> <span class='ocrx_word' id='word_1_78' title='bbox 1827 1481 2066 1552; x_wconf 89' lang='lat' dir='ltr'><strong>quidam</strong></span> 
     </span>
    </p>
   </div>
   <div class='ocr_carea' id='block_1_15' title="bbox 417 1572 2070 1647">
    <p class='ocr_par' dir='ltr' id='par_1_15' title="bbox 417 1572 2070 1647">
     <span class='ocr_line' id='line_1_15' title="bbox 417 1572 2070 1647; baseline -0.005 -14"><span class='ocrx_word' id='word_1_79' title='bbox 417 1575 642 1633; x_wconf 84' lang='lat' dir='ltr'><strong>ariolus</strong></span> <span class='ocrx_word' id='word_1_80' title='bbox 670 1574 935 1647; x_wconf 89' lang='lat' dir='ltr'><strong>auspicio</strong></span> <span class='ocrx_word' id='word_1_81' title='bbox 959 1589 1064 1628; x_wconf 89' lang='lat' dir='ltr'><strong>suo</strong></span> <span class='ocrx_word' id='word_1_82' title='bbox 1096 1572 1419 1626; x_wconf 82' lang='lat' dir='ltr'><strong>exercitum</strong></span> <span class='ocrx_word' id='word_1_83' title='bbox 1443 1577 1794 1633; x_wconf 87' lang='lat' dir='ltr'><strong>moraretur,</strong></span> <span class='ocrx_word' id='word_1_84' title='bbox 1831 1586 2070 1626; x_wconf 88' lang='lat' dir='ltr'><strong>causam</strong></span> 
     </span>
    </p>
   </div>
   <div class='ocr_carea' id='block_1_16' title="bbox 421 1659 2070 1734">
    <p class='ocr_par' dir='ltr' id='par_1_16' title="bbox 421 1659 2070 1734">
     <span class='ocr_line' id='line_1_16' title="bbox 421 1659 2070 1734; baseline -0.004 -12"><span class='ocrx_word' id='word_1_85' title='bbox 421 1683 526 1722; x_wconf 91' lang='lat' dir='ltr'><strong>cur</strong></span> <span class='ocrx_word' id='word_1_86' title='bbox 555 1663 921 1720; x_wconf 83' lang='lat' dir='ltr'><strong>substitisset</strong></span> <span class='ocrx_word' id='word_1_87' title='bbox 950 1659 1206 1734; x_wconf 90' lang='lat' dir='ltr'><strong>populus</strong></span> <span class='ocrx_word' id='word_1_88' title='bbox 1239 1662 1507 1726; x_wconf 88' lang='lat' dir='ltr'><strong>scitatus,</strong></span> <span class='ocrx_word' id='word_1_89' title='bbox 1539 1677 1673 1715; x_wconf 92' lang='lat' dir='ltr'><strong>cum</strong></span> <span class='ocrx_word' id='word_1_90' title='bbox 1715 1676 1935 1731; x_wconf 85' lang='lat' dir='ltr'><strong>auspex</strong></span> <span class='ocrx_word' id='word_1_91' title='bbox 1967 1677 2070 1715; x_wconf 90' lang='lat' dir='ltr'><strong>ave</strong></span> 
     </span>
    </p>
   </div>
   <div class='ocr_carea' id='block_1_17' title="bbox 420 1747 2068 1820">
    <p class='ocr_par' dir='ltr' id='par_1_17' title="bbox 420 1747 2068 1820">
     <span class='ocr_line' id='line_1_17' title="bbox 420 1747 2068 1820; baseline -0.004 -8"><span class='ocrx_word' id='word_1_92' title='bbox 420 1759 750 1812; x_wconf 89' lang='lat' dir='ltr'><strong>monstrata</strong></span> <span class='ocrx_word' id='word_1_93' title='bbox 818 1751 1087 1818; x_wconf 80' lang='lat' dir='ltr'><strong>dixisset,</strong></span> <span class='ocrx_word' id='word_1_94' title='bbox 1147 1750 1194 1805; x_wconf 91' lang='lat' dir='ltr'><strong>si</strong></span> <span class='ocrx_word' id='word_1_95' title='bbox 1273 1767 1342 1805; x_wconf 89' lang='lat' dir='ltr'><strong>ea</strong></span> <span class='ocrx_word' id='word_1_96' title='bbox 1399 1747 1724 1804; x_wconf 88' lang='lat' dir='ltr'><strong>immobilis</strong></span> <span class='ocrx_word' id='word_1_97' title='bbox 1780 1753 2068 1820; x_wconf 89' lang='lat' dir='ltr'><strong>maneret,</strong></span> 
     </span>
    </p>
   </div>
   <div class='ocr_carea' id='block_1_18' title="bbox 2179 585 3844 664">
    <p class='ocr_par' dir='ltr' id='par_1_18' title="bbox 2179 585 3844 664">
     <span class='ocr_line' id='line_1_18' title="bbox 2179 585 3844 664; baseline 0.002 -25"><span class='ocrx_word' id='word_1_98' title='bbox 2179 605 2273 647; x_wconf 83' lang='grc' dir='ltr'><strong>τος</strong></span> <span class='ocrx_word' id='word_1_99' title='bbox 2302 585 2540 655; x_wconf 74' lang='grc' dir='ltr'>πολλοῦ,</span> <span class='ocrx_word' id='word_1_100' title='bbox 2570 586 2664 644; x_wconf 80' lang='grc' dir='ltr'><strong>καὶ</strong></span> <span class='ocrx_word' id='word_1_101' title='bbox 2699 588 2865 663; x_wconf 78' lang='grc' dir='ltr'>μόλις</span> <span class='ocrx_word' id='word_1_102' title='bbox 2915 586 3006 643; x_wconf 69' lang='grc' dir='ltr'><strong>ἰπὶ</strong></span> <span class='ocrx_word' id='word_1_103' title='bbox 3062 588 3162 658; x_wconf 72' lang='grc' dir='ltr'><strong>τὴν</strong></span> <span class='ocrx_word' id='word_1_104' title='bbox 3220 595 3323 664; x_wconf 81' lang='grc' dir='ltr'><strong>γῆν</strong></span> <span class='ocrx_word' id='word_1_105' title='bbox 3381 585 3676 660; x_wconf 79' lang='grc' dir='ltr'>διενήξατο.</span> <span class='ocrx_word' id='word_1_106' title='bbox 3738 588 3844 647; x_wconf 83' lang='grc' dir='ltr'>Καὶ</span> 
     </span>
    </p>
   </div>
   <div class='ocr_carea' id='block_1_19' title="bbox 2182 673 3844 755">
    <p class='ocr_par' dir='ltr' id='par_1_19' title="bbox 2182 673 3844 755">
     <span class='ocr_line' id='line_1_19' title="bbox 2182 673 3844 755; baseline 0.004 -27"><span class='ocrx_word' id='word_1_107' title='bbox 2182 683 2528 755; x_wconf 85' lang='grc' dir='ltr'>παραχρῆμα</span> <span class='ocrx_word' id='word_1_108' title='bbox 2587 677 2691 734; x_wconf 72' lang='grc' dir='ltr'>ὑπὸ</span> <span class='ocrx_word' id='word_1_109' title='bbox 2753 673 3070 749; x_wconf 72' lang='grc' dir='ltr'>Κασάνδρου</span> <span class='ocrx_word' id='word_1_110' title='bbox 3149 683 3246 733; x_wconf 75' lang='grc' dir='ltr'><strong>τοῦ</strong></span> <span class='ocrx_word' id='word_1_111' title='bbox 3326 673 3466 734; x_wconf 76' lang='grc' dir='ltr'>ἰδίου</span> <span class='ocrx_word' id='word_1_112' title='bbox 3534 684 3844 754; x_wconf 78' lang='grc' dir='ltr'>στρατηγοῦ</span> 
     </span>
    </p>
   </div>
   <div class='ocr_carea' id='block_1_20' title="bbox 2183 761 3845 843">
    <p class='ocr_par' dir='ltr' id='par_1_20' title="bbox 2183 761 3845 843">
     <span class='ocr_line' id='line_1_20' title="bbox 2183 761 3845 843; baseline 0.004 -27"><span class='ocrx_word' id='word_1_113' title='bbox 2183 761 2470 842; x_wconf 75' lang='grc' dir='ltr'>φάρμακον</span> <span class='ocrx_word' id='word_1_114' title='bbox 2505 763 2794 840; x_wconf 74' lang='grc' dir='ltr'>δεξάμενος</span> <span class='ocrx_word' id='word_1_115' title='bbox 2825 767 3171 843; x_wconf 79' lang='grc' dir='ltr'>ἐσπαράχθη.</span> <span class='ocrx_word' id='word_1_116' title='bbox 3226 763 3332 823; x_wconf 83' lang='grc' dir='ltr'><strong>Καὶ</strong></span> <span class='ocrx_word' id='word_1_117' title='bbox 3375 767 3401 822; x_wconf 81' lang='grc' dir='ltr'>ὁ</span> <span class='ocrx_word' id='word_1_118' title='bbox 3439 768 3533 840; x_wconf 73' lang='grc' dir='ltr'>μὲν</span> <span class='ocrx_word' id='word_1_119' title='bbox 3583 767 3671 824; x_wconf 77' lang='grc' dir='ltr'>ἐπὶ</span> <span class='ocrx_word' id='word_1_120' title='bbox 3717 787 3845 823; x_wconf 87' lang='grc' dir='ltr'>τοσ-</span> 
     </span>
    </p>
   </div>
   <div class='ocr_carea' id='block_1_21' title="bbox 2183 853 3846 933">
    <p class='ocr_par' dir='ltr' id='par_1_21' title="bbox 2183 853 3846 933">
     <span class='ocr_line' id='line_1_21' title="bbox 2183 853 3846 933; baseline 0.003 -26"><span class='ocrx_word' id='word_1_121' title='bbox 2183 853 2367 916; x_wconf 84' lang='grc' dir='ltr'>ούτοις</span> <span class='ocrx_word' id='word_1_122' title='bbox 2417 859 2807 932; x_wconf 74' lang='grc' dir='ltr'><strong>κατορθώμασι</strong></span> <span class='ocrx_word' id='word_1_123' title='bbox 2857 855 2950 912; x_wconf 87' lang='grc' dir='ltr'>τὸν</span> <span class='ocrx_word' id='word_1_124' title='bbox 3019 858 3137 933; x_wconf 90' lang='grc' dir='ltr'>βίον</span> <span class='ocrx_word' id='word_1_125' title='bbox 3203 855 3532 932; x_wconf 74' lang='grc' dir='ltr'>μετήλλαξε,</span> <span class='ocrx_word' id='word_1_126' title='bbox 3578 855 3697 913; x_wconf 80' lang='grc' dir='ltr'>δυσῖ</span> <span class='ocrx_word' id='word_1_127' title='bbox 3753 857 3846 913; x_wconf 78' lang='grc' dir='ltr'>καὶ</span> 
     </span>
    </p>
   </div>
   <div class='ocr_carea' id='block_1_22' title="bbox 2185 938 3843 1027">
    <p class='ocr_par' dir='ltr' id='par_1_22' title="bbox 2185 938 3843 1027">
     <span class='ocr_line' id='line_1_22' title="bbox 2185 938 3843 1027; baseline 0.008 -31"><span class='ocrx_word' id='word_1_128' title='bbox 2185 938 2311 997; x_wconf 63' lang='grc' dir='ltr'>δέκα</span> <span class='ocrx_word' id='word_1_129' title='bbox 2343 945 2568 1019; x_wconf 82' lang='grc' dir='ltr'>χρόνοις</span> <span class='ocrx_word' id='word_1_130' title='bbox 2599 946 2734 1022; x_wconf 78' lang='grc' dir='ltr'>πρὸς</span> <span class='ocrx_word' id='word_1_131' title='bbox 2763 945 2927 1020; x_wconf 75' lang='grc' dir='ltr'>μησὶν</span> <span class='ocrx_word' id='word_1_132' title='bbox 2981 941 3034 1018; x_wconf 70' lang='grc' dir='ltr'><strong>ἓξ</strong></span> <span class='ocrx_word' id='word_1_133' title='bbox 3092 955 3193 1018; x_wconf 81' lang='grc' dir='ltr'>τῆς</span> <span class='ocrx_word' id='word_1_134' title='bbox 3253 945 3436 1027; x_wconf 74' lang='grc' dir='ltr'>ἀρχῆς</span> <span class='ocrx_word' id='word_1_135' title='bbox 3495 944 3843 1018; x_wconf 70' lang='grc' dir='ltr'>ἀπολαύσας,</span> 
     </span>
    </p>
   </div>
   <div class='ocr_carea' id='block_1_23' title="bbox 2187 1030 3506 1113">
    <p class='ocr_par' dir='ltr' id='par_1_23' title="bbox 2187 1030 3506 1113">
     <span class='ocr_line' id='line_1_23' title="bbox 2187 1030 3506 1113; baseline 0.006 -27"><span class='ocrx_word' id='word_1_136' title='bbox 2187 1031 2389 1106; x_wconf 84' lang='grc' dir='ltr'>βιώσας</span> <span class='ocrx_word' id='word_1_137' title='bbox 2423 1033 2480 1090; x_wconf 70' lang='grc' dir='ltr'>δὲ</span> <span class='ocrx_word' id='word_1_138' title='bbox 2508 1035 2573 1091; x_wconf 81' lang='grc' dir='ltr'><strong>τὰ</strong></span> <span class='ocrx_word' id='word_1_139' title='bbox 2603 1037 2779 1092; x_wconf 83' lang='grc' dir='ltr'>πάντα</span> <span class='ocrx_word' id='word_1_140' title='bbox 2809 1030 2902 1106; x_wconf 75' lang='grc' dir='ltr'>ἔτη</span> <span class='ocrx_word' id='word_1_141' title='bbox 2941 1034 3036 1092; x_wconf 80' lang='grc' dir='ltr'><strong>δύο</strong></span> <span class='ocrx_word' id='word_1_142' title='bbox 3063 1039 3151 1092; x_wconf 75' lang='grc' dir='ltr'><strong>καὶ</strong></span> <span class='ocrx_word' id='word_1_143' title='bbox 3183 1037 3506 1113; x_wconf 84' lang='grc' dir='ltr'>τριάκοντα.</span> 
     </span>
    </p>
   </div>
   <div class='ocr_carea' id='block_1_24' title="bbox 2256 1123 3847 1202">
    <p class='ocr_par' dir='ltr' id='par_1_24' title="bbox 2256 1123 3847 1202">
     <span class='ocr_line' id='line_1_24' title="bbox 2256 1123 3847 1202; baseline 0.002 -23"><span class='ocrx_word' id='word_1_144' title='bbox 2256 1124 2662 1200; x_wconf 73' lang='grc' dir='ltr'>Ἀνερχόμενος</span> <span class='ocrx_word' id='word_1_145' title='bbox 2699 1123 2756 1181; x_wconf 74' lang='grc' dir='ltr'>δέ</span> <span class='ocrx_word' id='word_1_146' title='bbox 2811 1143 2944 1182; x_wconf 84' lang='grc' dir='ltr'>ποτε</span> <span class='ocrx_word' id='word_1_147' title='bbox 3000 1125 3108 1180; x_wconf 83' lang='grc' dir='ltr'>ἀπὸ</span> <span class='ocrx_word' id='word_1_148' title='bbox 3146 1124 3519 1200; x_wconf 67' lang='grc' dir='ltr'>Ἰερουσαλὴμ</span> <span class='ocrx_word' id='word_1_149' title='bbox 3573 1125 3647 1189; x_wconf 74' lang='grc' dir='ltr'>εἷς</span> <span class='ocrx_word' id='word_1_150' title='bbox 3705 1131 3847 1202; x_wconf 82' lang='grc' dir='ltr'>Περ-</span> 
     </span>
    </p>
   </div>
   <div class='ocr_carea' id='block_1_25' title="bbox 2185 1205 3846 1290">
    <p class='ocr_par' dir='ltr' id='par_1_25' title="bbox 2185 1205 3846 1290">
     <span class='ocr_line' id='line_1_25' title="bbox 2185 1205 3846 1290; baseline 0.003 -24"><span class='ocrx_word' id='word_1_151' title='bbox 2185 1205 2307 1267; x_wconf 88' lang='grc' dir='ltr'>σίδα</span> <span class='ocrx_word' id='word_1_152' title='bbox 2342 1207 2501 1268; x_wconf 73' lang='grc' dir='ltr'>ἔλαϐέ</span> <span class='ocrx_word' id='word_1_153' title='bbox 2533 1235 2684 1276; x_wconf 83' lang='grc' dir='ltr'>τινας</span> <span class='ocrx_word' id='word_1_154' title='bbox 2711 1219 2818 1269; x_wconf 80' lang='grc' dir='ltr'><strong>τῶν</strong></span> <span class='ocrx_word' id='word_1_155' title='bbox 2880 1211 3156 1274; x_wconf 80' lang='grc' dir='ltr'>Ἰουδαίων</span> <span class='ocrx_word' id='word_1_156' title='bbox 3213 1215 3348 1290; x_wconf 81' lang='grc' dir='ltr'>πρὸς</span> <span class='ocrx_word' id='word_1_157' title='bbox 3401 1214 3740 1290; x_wconf 72' lang='grc' dir='ltr'><strong>συμμαχίαν,</strong></span> <span class='ocrx_word' id='word_1_158' title='bbox 3790 1214 3846 1271; x_wconf 79' lang='grc' dir='ltr'>ἐν</span> 
     </span>
    </p>
   </div>
   <div class='ocr_carea' id='block_1_26' title="bbox 2187 1301 3846 1383">
    <p class='ocr_par' dir='ltr' id='par_1_26' title="bbox 2187 1301 3846 1383">
     <span class='ocr_line' id='line_1_26' title="bbox 2187 1301 3846 1383; baseline 0.002 -27"><span class='ocrx_word' id='word_1_159' title='bbox 2187 1302 2270 1364; x_wconf 69' lang='grc' dir='ltr'>οἷς</span> <span class='ocrx_word' id='word_1_160' title='bbox 2312 1301 2377 1370; x_wconf 64' lang='grc' dir='ltr'><strong>ἦν</strong></span> <span class='ocrx_word' id='word_1_161' title='bbox 2422 1325 2505 1365; x_wconf 80' lang='grc' dir='ltr'><strong>τις</strong></span> <span class='ocrx_word' id='word_1_162' title='bbox 2538 1303 2839 1383; x_wconf 74' lang='grc' dir='ltr'>ὑπερέχων,</span> <span class='ocrx_word' id='word_1_163' title='bbox 2874 1303 3102 1378; x_wconf 78' lang='grc' dir='ltr'>ὀνόματι</span> <span class='ocrx_word' id='word_1_164' title='bbox 3149 1305 3515 1380; x_wconf 77' lang='grc' dir='ltr'>Μοσόμαχος,</span> <span class='ocrx_word' id='word_1_165' title='bbox 3571 1305 3707 1360; x_wconf 84' lang='grc' dir='ltr'>κατᾶ</span> <span class='ocrx_word' id='word_1_166' title='bbox 3739 1310 3846 1382; x_wconf 80' lang='grc' dir='ltr'>ψυ-</span> 
     </span>
    </p>
   </div>
   <div class='ocr_carea' id='block_1_27' title="bbox 2185 1389 3845 1474">
    <p class='ocr_par' dir='ltr' id='par_1_27' title="bbox 2185 1389 3845 1474">
     <span class='ocr_line' id='line_1_27' title="bbox 2185 1389 3845 1474; baseline 0.005 -31"><span class='ocrx_word' id='word_1_167' title='bbox 2185 1392 2299 1466; x_wconf 72' lang='grc' dir='ltr'><strong>χῆν</strong></span> <span class='ocrx_word' id='word_1_168' title='bbox 2329 1392 2424 1464; x_wconf 74' lang='grc' dir='ltr'>μὲν</span> <span class='ocrx_word' id='word_1_169' title='bbox 2458 1389 2700 1469; x_wconf 75' lang='grc' dir='ltr'>ἄριστος,</span> <span class='ocrx_word' id='word_1_170' title='bbox 2729 1395 2958 1466; x_wconf 76' lang='grc' dir='ltr'>τοξότης</span> <span class='ocrx_word' id='word_1_171' title='bbox 2992 1391 3049 1450; x_wconf 70' lang='grc' dir='ltr'>δὲ</span> <span class='ocrx_word' id='word_1_172' title='bbox 3108 1396 3190 1467; x_wconf 73' lang='grc'>[1).</span> <span class='ocrx_word' id='word_1_173' title='bbox 3231 1396 3354 1468; x_wconf 78' lang='grc'><strong>155]</strong></span> <span class='ocrx_word' id='word_1_174' title='bbox 3405 1395 3845 1474; x_wconf 72' lang='grc' dir='ltr'>εὖστοχώτατος⁸</span> 
     </span>
    </p>
   </div>
   <div class='ocr_carea' id='block_1_28' title="bbox 2186 1477 3845 1557">
    <p class='ocr_par' dir='ltr' id='par_1_28' title="bbox 2186 1477 3845 1557">
     <span class='ocr_line' id='line_1_28' title="bbox 2186 1477 3845 1557; baseline 0.004 -23"><span class='ocrx_word' id='word_1_175' title='bbox 2186 1480 2245 1540; x_wconf 73' lang='grc' dir='ltr'><strong>ὅς</strong></span> <span class='ocrx_word' id='word_1_176' title='bbox 2272 1477 2521 1536; x_wconf 80' lang='grc' dir='ltr'>διιόντων</span> <span class='ocrx_word' id='word_1_177' title='bbox 2579 1483 2678 1552; x_wconf 71' lang='grc' dir='ltr'><strong>την</strong></span> <span class='ocrx_word' id='word_1_178' title='bbox 2741 1479 2829 1538; x_wconf 73' lang='grc' dir='ltr'>ἐπὶ</span> <span class='ocrx_word' id='word_1_179' title='bbox 2891 1478 3194 1540; x_wconf 70' lang='grc' dir='ltr'>Βαϐυλῶνα</span> <span class='ocrx_word' id='word_1_180' title='bbox 3257 1481 3402 1550; x_wconf 76' lang='grc' dir='ltr'>ὁδὸν,</span> <span class='ocrx_word' id='word_1_181' title='bbox 3457 1485 3546 1538; x_wconf 76' lang='grc' dir='ltr'><strong>καὶ</strong></span> <span class='ocrx_word' id='word_1_182' title='bbox 3604 1483 3845 1557; x_wconf 83' lang='grc' dir='ltr'>μάντεώς</span> 
     </span>
    </p>
   </div>
   <div class='ocr_carea' id='block_1_29' title="bbox 2183 1572 3849 1656">
    <p class='ocr_par' dir='ltr' id='par_1_29' title="bbox 2183 1572 3849 1656">
     <span class='ocr_line' id='line_1_29' title="bbox 2183 1572 3849 1656; baseline 0.004 -30"><span class='ocrx_word' id='word_1_183' title='bbox 2183 1593 2330 1635; x_wconf 88' lang='grc' dir='ltr'>τινος</span> <span class='ocrx_word' id='word_1_184' title='bbox 2361 1572 2774 1648; x_wconf 84' lang='grc' dir='ltr'>ὀρνιθευομένου</span> <span class='ocrx_word' id='word_1_185' title='bbox 2815 1573 2905 1631; x_wconf 81' lang='grc' dir='ltr'><strong>καὶ</strong></span> <span class='ocrx_word' id='word_1_186' title='bbox 2967 1577 3170 1640; x_wconf 80' lang='grc' dir='ltr'>πάντας</span> <span class='ocrx_word' id='word_1_187' title='bbox 3221 1575 3540 1656; x_wconf 76' lang='grc' dir='ltr'>ἐπέχοντος,</span> <span class='ocrx_word' id='word_1_188' title='bbox 3590 1579 3849 1650; x_wconf 73' lang='grc' dir='ltr'>ἠρώτησε</span> 
     </span>
    </p>
   </div>
   <div class='ocr_carea' id='block_1_30' title="bbox 2183 1662 3853 1741">
    <p class='ocr_par' dir='ltr' id='par_1_30' title="bbox 2183 1662 3853 1741">
     <span class='ocr_line' id='line_1_30' title="bbox 2183 1662 3853 1741; baseline 0.004 -24"><span class='ocrx_word' id='word_1_189' title='bbox 2183 1662 2282 1730; x_wconf 76' lang='grc' dir='ltr'><strong>τήν</strong></span> <span class='ocrx_word' id='word_1_190' title='bbox 2316 1662 2490 1718; x_wconf 73' lang='grc' dir='ltr'>αἰτίαν</span> <span class='ocrx_word' id='word_1_191' title='bbox 2521 1671 2621 1734; x_wconf 79' lang='grc' dir='ltr'><strong>τῆς</strong></span> <span class='ocrx_word' id='word_1_192' title='bbox 2675 1673 3006 1741; x_wconf 76' lang='grc' dir='ltr'>παραμονῆς</span> <span class='ocrx_word' id='word_1_193' title='bbox 3063 1669 3162 1722; x_wconf 70' lang='grc' dir='ltr'><strong>τοῦ</strong></span> <span class='ocrx_word' id='word_1_194' title='bbox 3225 1663 3382 1723; x_wconf 87' lang='grc' dir='ltr'>λαοῦ.</span> <span class='ocrx_word' id='word_1_195' title='bbox 3443 1667 3544 1721; x_wconf 80' lang='grc' dir='ltr'>Καὶ</span> <span class='ocrx_word' id='word_1_196' title='bbox 3587 1667 3614 1721; x_wconf 82' lang='grc' dir='ltr'><strong>ὁ</strong></span> <span class='ocrx_word' id='word_1_197' title='bbox 3673 1666 3853 1741; x_wconf 83' lang='grc' dir='ltr'>ὀρνεο-</span> 
     </span>
    </p>
   </div>
   <div class='ocr_carea' id='block_1_31' title="bbox 2187 1749 3843 1833">
    <p class='ocr_par' dir='ltr' id='par_1_31' title="bbox 2187 1749 3843 1833">
     <span class='ocr_line' id='line_1_31' title="bbox 2187 1749 3843 1833; baseline 0.002 -27"><span class='ocrx_word' id='word_1_198' title='bbox 2187 1750 2388 1815; x_wconf 83' lang='grc' dir='ltr'>σκόπος</span> <span class='ocrx_word' id='word_1_199' title='bbox 2423 1749 2738 1816; x_wconf 69' lang='grc' dir='ltr'>ὑποδεικνὺς</span> <span class='ocrx_word' id='word_1_200' title='bbox 2769 1755 2860 1809; x_wconf 80' lang='grc' dir='ltr'>τὸν</span> <span class='ocrx_word' id='word_1_201' title='bbox 2903 1749 3053 1828; x_wconf 75' lang='grc' dir='ltr'>ὄρνιν</span> <span class='ocrx_word' id='word_1_202' title='bbox 3113 1753 3238 1833; x_wconf 64' lang='grc' dir='ltr'>ἔτι-η’</span> <span class='ocrx_word' id='word_1_203' title='bbox 3297 1757 3400 1812; x_wconf 81' lang='grc' dir='ltr'>Ἀν</span> <span class='ocrx_word' id='word_1_204' title='bbox 3461 1755 3554 1828; x_wconf 73' lang='grc' dir='ltr'>μὲν</span> <span class='ocrx_word' id='word_1_205' title='bbox 3611 1753 3843 1810; x_wconf 79' lang='grc' dir='ltr'>ἀσάλευ-</span> 
     </span>
    </p>
   </div>
   <div class='ocr_carea' id='block_1_32' title="bbox 419 1835 2061 1920">
    <p class='ocr_par' dir='ltr' id='par_1_32' title="bbox 419 1837 2061 1912">
     <span class='ocr_line' id='line_1_32' title="bbox 419 1837 2061 1912; baseline -0.005 -10"><span class='ocrx_word' id='word_1_206' title='bbox 419 1845 647 1902; x_wconf 89' lang='lat' dir='ltr'><strong>bonum</strong></span> <span class='ocrx_word' id='word_1_207' title='bbox 697 1841 987 1899; x_wconf 85' lang='lat' dir='ltr'><strong>universis</strong></span> <span class='ocrx_word' id='word_1_208' title='bbox 1044 1839 1319 1912; x_wconf 88' lang='lat' dir='ltr'><strong>portendi</strong></span> <span class='ocrx_word' id='word_1_209' title='bbox 1369 1845 1434 1894; x_wconf 90' lang='lat' dir='ltr'><strong>ut</strong></span> <span class='ocrx_word' id='word_1_210' title='bbox 1483 1837 1564 1894; x_wconf 90' lang='lat' dir='ltr'><strong>ibi</strong></span> <span class='ocrx_word' id='word_1_211' title='bbox 1616 1846 1914 1906; x_wconf 89' lang='lat' dir='ltr'><strong>maneant,</strong></span> <span class='ocrx_word' id='word_1_212' title='bbox 1976 1839 2061 1894; x_wconf 92' lang='lat' dir='ltr'><strong>sin</strong></span> 
     </span>
    </p>
   </div>
   <div class='ocr_carea' id='block_1_33' title="bbox 2180 1835 3842 1920">
    <p class='ocr_par' dir='ltr' id='par_1_33' title="bbox 2180 1839 3842 1920">
     <span class='ocr_line' id='line_1_33' title="bbox 2180 1839 3842 1920; baseline 0.001 -24"><span class='ocrx_word' id='word_1_213' title='bbox 2180 1861 2273 1904; x_wconf 88' lang='grc' dir='ltr'><strong>τος</strong></span> <span class='ocrx_word' id='word_1_214' title='bbox 2303 1840 2464 1916; x_wconf 68' lang='grc' dir='ltr'>μένῃ,</span> <span class='ocrx_word' id='word_1_215' title='bbox 2527 1841 2850 1916; x_wconf 68' lang='grc' dir='ltr'>προσμένειν</span> <span class='ocrx_word' id='word_1_216' title='bbox 2907 1839 3183 1920; x_wconf 66' lang='grc' dir='ltr'>συμορέρον</span> <span class='ocrx_word' id='word_1_217' title='bbox 3241 1847 3426 1909; x_wconf 77' lang='grc' dir='ltr'>πᾶσιν,</span> <span class='ocrx_word' id='word_1_218' title='bbox 3487 1843 3548 1898; x_wconf 78' lang='grc' dir='ltr'><strong>ἃν</strong></span> <span class='ocrx_word' id='word_1_219' title='bbox 3611 1841 3656 1898; x_wconf 79' lang='grc' dir='ltr'>δ’</span> <span class='ocrx_word' id='word_1_220' title='bbox 3717 1844 3842 1898; x_wconf 68' lang='lat' dir='ltr'><strong>dva-</strong></span> 
     </span>
    </p>
   </div>
   <div class='ocr_carea' id='block_1_34' title="bbox 417 1928 2069 2008">
    <p class='ocr_par' dir='ltr' id='par_1_34' title="bbox 417 1928 2069 2008">
     <span class='ocr_line' id='line_1_34' title="bbox 417 1928 2069 2008; baseline -0.005 -18"><span class='ocrx_word' id='word_1_221' title='bbox 417 1951 592 2008; x_wconf 90' lang='lat' dir='ltr'><strong>porro</strong></span> <span class='ocrx_word' id='word_1_222' title='bbox 637 1933 880 1996; x_wconf 87' lang='lat' dir='ltr'><strong>volaret,</strong></span> <span class='ocrx_word' id='word_1_223' title='bbox 941 1928 1403 2002; x_wconf 87' lang='lat' dir='ltr'><strong>procedendum,</strong></span> <span class='ocrx_word' id='word_1_224' title='bbox 1463 1929 1554 1983; x_wconf 86' lang='lat' dir='ltr'><strong>sin</strong></span> <span class='ocrx_word' id='word_1_225' title='bbox 1613 1934 1770 1984; x_wconf 87' lang='lat' dir='ltr'><strong>retro</strong></span> <span class='ocrx_word' id='word_1_226' title='bbox 1823 1929 2069 1997; x_wconf 81' lang='lat' dir='ltr'><strong>volaret,</strong></span> 
     </span>
    </p>
   </div>
   <div class='ocr_carea' id='block_1_35' title="bbox 418 2018 2071 2094">
    <p class='ocr_par' dir='ltr' id='par_1_35' title="bbox 418 2018 2071 2094">
     <span class='ocr_line' id='line_1_35' title="bbox 418 2018 2071 2094; baseline -0.004 -14"><span class='ocrx_word' id='word_1_227' title='bbox 418 2022 819 2081; x_wconf 90' lang='lat' dir='ltr'><strong>recedendum</strong></span> <span class='ocrx_word' id='word_1_228' title='bbox 841 2019 987 2094; x_wconf 87' lang='lat' dir='ltr'><strong>ipsis</strong></span> <span class='ocrx_word' id='word_1_229' title='bbox 1003 2037 1154 2090; x_wconf 85' lang='lat' dir='ltr'><strong>esse,</strong></span> <span class='ocrx_word' id='word_1_230' title='bbox 1188 2019 1280 2074; x_wconf 89' lang='lat' dir='ltr'><strong>his</strong></span> <span class='ocrx_word' id='word_1_231' title='bbox 1303 2018 1522 2073; x_wconf 88' lang='lat' dir='ltr'><strong>auditis</strong></span> <span class='ocrx_word' id='word_1_232' title='bbox 1546 2018 1698 2073; x_wconf 92' lang='lat' dir='ltr'><strong>clam</strong></span> <span class='ocrx_word' id='word_1_233' title='bbox 1721 2019 1897 2074; x_wconf 88' lang='lat' dir='ltr'><strong>ducto</strong></span> <span class='ocrx_word' id='word_1_234' title='bbox 1929 2035 2071 2074; x_wconf 89' lang='lat' dir='ltr'><strong>arcu</strong></span> 
     </span>
    </p>
   </div>
   <div class='ocr_carea' id='block_1_36' title="bbox 418 2107 2071 2184">
    <p class='ocr_par' dir='ltr' id='par_1_36' title="bbox 418 2107 2071 2184">
     <span class='ocr_line' id='line_1_36' title="bbox 418 2107 2071 2184; baseline -0.004 -15"><span class='ocrx_word' id='word_1_235' title='bbox 418 2130 582 2169; x_wconf 82' lang='lat' dir='ltr'><strong>avem</strong></span> <span class='ocrx_word' id='word_1_236' title='bbox 611 2112 847 2184; x_wconf 85' lang='lat' dir='ltr'><strong>dejecit.</strong></span> <span class='ocrx_word' id='word_1_237' title='bbox 881 2109 1048 2176; x_wconf 88' lang='lat' dir='ltr'><strong>Quod</strong></span> <span class='ocrx_word' id='word_1_238' title='bbox 1079 2125 1213 2164; x_wconf 70' lang='lat' dir='ltr'><strong>cum</strong></span> <span class='ocrx_word' id='word_1_239' title='bbox 1246 2113 1305 2162; x_wconf 89' lang='lat' dir='ltr'><strong>et</strong></span> <span class='ocrx_word' id='word_1_240' title='bbox 1353 2107 1576 2163; x_wconf 88' lang='lat' dir='ltr'><strong>ariolus</strong></span> <span class='ocrx_word' id='word_1_241' title='bbox 1610 2113 1667 2163; x_wconf 86' lang='lat' dir='ltr'><strong>et</strong></span> <span class='ocrx_word' id='word_1_242' title='bbox 1709 2107 1924 2179; x_wconf 85' lang='lat' dir='ltr'><strong>reliqui</strong></span> <span class='ocrx_word' id='word_1_243' title='bbox 1961 2110 2071 2163; x_wconf 87' lang='lat' dir='ltr'><strong>isto</strong></span> 
     </span>
    </p>
   </div>
   <div class='ocr_carea' id='block_1_37' title="bbox 421 2197 2074 2272">
    <p class='ocr_par' dir='ltr' id='par_1_37' title="bbox 421 2197 2074 2272">
     <span class='ocr_line' id='line_1_37' title="bbox 421 2197 2074 2272; baseline -0.002 -15"><span class='ocrx_word' id='word_1_244' title='bbox 421 2217 619 2257; x_wconf 88' lang='lat' dir='ltr'><strong>errore</strong></span> <span class='ocrx_word' id='word_1_245' title='bbox 651 2201 806 2272; x_wconf 89' lang='lat' dir='ltr'><strong>capti</strong></span> <span class='ocrx_word' id='word_1_246' title='bbox 857 2216 1006 2271; x_wconf 72' lang='lat' dir='ltr'><strong>wgre</strong></span> <span class='ocrx_word' id='word_1_247' title='bbox 1062 2197 1308 2262; x_wconf 85' lang='lat' dir='ltr'><strong>ferrent,</strong></span> <span class='ocrx_word' id='word_1_248' title='bbox 1355 2203 1592 2268; x_wconf 86' lang='lat' dir='ltr'><strong>arrepta</strong></span> <span class='ocrx_word' id='word_1_249' title='bbox 1665 2197 2074 2253; x_wconf 77' lang='lat' dir='ltr'><strong>Mosomaclius</strong></span> 
     </span>
    </p>
   </div>
   <div class='ocr_carea' id='block_1_38' title="bbox 421 2283 2076 2358">
    <p class='ocr_par' dir='ltr' id='par_1_38' title="bbox 421 2283 2076 2358">
     <span class='ocr_line' id='line_1_38' title="bbox 421 2283 2076 2358; baseline -0.004 -10"><span class='ocrx_word' id='word_1_250' title='bbox 421 2289 574 2348; x_wconf 71' lang='lat'><strong>272</strong></span> <span class='ocrx_word' id='word_1_251' title='bbox 626 2306 752 2354; x_wconf 87' lang='lat' dir='ltr'><strong>ave,</strong></span> <span class='ocrx_word' id='word_1_252' title='bbox 801 2285 952 2353; x_wconf 89' lang='lat' dir='ltr'><strong>Quid</strong></span> <span class='ocrx_word' id='word_1_253' title='bbox 1010 2285 1228 2356; x_wconf 87' lang='lat' dir='ltr'><strong>inquit,</strong></span> <span class='ocrx_word' id='word_1_254' title='bbox 1281 2283 1574 2349; x_wconf 86' lang='lat' dir='ltr'><strong>infelices,</strong></span> <span class='ocrx_word' id='word_1_255' title='bbox 1633 2302 1725 2340; x_wconf 86' lang='lat' dir='ltr'><strong>me</strong></span> <span class='ocrx_word' id='word_1_256' title='bbox 1776 2286 2076 2358; x_wconf 77' lang='lat' dir='ltr'><strong>culpatis?</strong></span> 
     </span>
    </p>
   </div>
   <div class='ocr_carea' id='block_1_39' title="bbox 421 2373 2076 2448">
    <p class='ocr_par' dir='ltr' id='par_1_39' title="bbox 421 2373 2076 2448">
     <span class='ocr_line' id='line_1_39' title="bbox 421 2373 2076 2448; baseline -0.002 -12"><span class='ocrx_word' id='word_1_257' title='bbox 421 2383 687 2446; x_wconf 88' lang='lat' dir='ltr'><strong>Quonam</strong></span> <span class='ocrx_word' id='word_1_258' title='bbox 724 2377 900 2434; x_wconf 92' lang='lat' dir='ltr'><strong>modo</strong></span> <span class='ocrx_word' id='word_1_259' title='bbox 930 2377 1050 2432; x_wconf 89' lang='lat' dir='ltr'><strong>avis</strong></span> <span class='ocrx_word' id='word_1_260' title='bbox 1083 2393 1156 2430; x_wconf 85' lang='lat' dir='ltr'><strong>ne</strong></span> <span class='ocrx_word' id='word_1_261' title='bbox 1201 2391 1368 2430; x_wconf 88' lang='lat' dir='ltr'><strong>suam</strong></span> <span class='ocrx_word' id='word_1_262' title='bbox 1419 2373 1663 2446; x_wconf 89' lang='lat' dir='ltr'><strong>quidem</strong></span> <span class='ocrx_word' id='word_1_263' title='bbox 1705 2373 1890 2448; x_wconf 58' lang='lat' dir='ltr'><strong>ipsius</strong></span> <span class='ocrx_word' id='word_1_264' title='bbox 1924 2375 2076 2432; x_wconf 88' lang='lat' dir='ltr'><strong>salu-</strong></span> 
     </span>
    </p>
   </div>
   <div class='ocr_carea' id='block_1_40' title="bbox 423 2461 2077 2542">
    <p class='ocr_par' dir='ltr' id='par_1_40' title="bbox 423 2461 2077 2542">
     <span class='ocr_line' id='line_1_40' title="bbox 423 2461 2077 2542; baseline -0.001 -18"><span class='ocrx_word' id='word_1_265' title='bbox 423 2477 540 2526; x_wconf 90' lang='lat' dir='ltr'><strong>tem</strong></span> <span class='ocrx_word' id='word_1_266' title='bbox 573 2467 906 2542; x_wconf 79' lang='lat' dir='ltr'><strong>praevidens</strong></span> <span class='ocrx_word' id='word_1_267' title='bbox 937 2465 1105 2521; x_wconf 88' lang='lat' dir='ltr'><strong>vobis</strong></span> <span class='ocrx_word' id='word_1_268' title='bbox 1137 2461 1515 2520; x_wconf 91' lang='lat' dir='ltr'><strong>commodum</strong></span> <span class='ocrx_word' id='word_1_269' title='bbox 1550 2471 1811 2520; x_wconf 86' lang='lat' dir='ltr'><strong>vestrum</strong></span> <span class='ocrx_word' id='word_1_270' title='bbox 1849 2466 2077 2522; x_wconf 85' lang='lat' dir='ltr'><strong>denun-</strong></span> 
     </span>
    </p>
   </div>
   <div class='ocr_carea' id='block_1_41' title="bbox 419 2551 2073 2629">
    <p class='ocr_par' dir='ltr' id='par_1_41' title="bbox 419 2551 2073 2629">
     <span class='ocr_line' id='line_1_41' title="bbox 419 2551 2073 2629; baseline -0.001 -15"><span class='ocrx_word' id='word_1_271' title='bbox 419 2551 674 2614; x_wconf 82' lang='lat' dir='ltr'><strong>tiasset?</strong></span> <span class='ocrx_word' id='word_1_272' title='bbox 703 2574 834 2629; x_wconf 83' lang='lat' dir='ltr'><strong>quae</strong></span> <span class='ocrx_word' id='word_1_273' title='bbox 864 2557 1064 2612; x_wconf 86' lang='lat' dir='ltr'><strong>futura</strong></span> <span class='ocrx_word' id='word_1_274' title='bbox 1085 2569 1384 2627; x_wconf 73' lang='lat' dir='ltr'><strong>praenosse</strong></span> <span class='ocrx_word' id='word_1_275' title='bbox 1419 2553 1722 2626; x_wconf 82' lang='lat' dir='ltr'><strong>quivisset,</strong></span> <span class='ocrx_word' id='word_1_276' title='bbox 1765 2571 2073 2626; x_wconf 78' lang='lat' dir='ltr'><strong>nunquam</strong></span> 
     </span>
    </p>
   </div>
   <div class='ocr_carea' id='block_1_42' title="bbox 419 2639 2074 2721">
    <p class='ocr_par' dir='ltr' id='par_1_42' title="bbox 419 2639 2074 2721">
     <span class='ocr_line' id='line_1_42' title="bbox 419 2639 2074 2721; baseline -0.002 -18"><span class='ocrx_word' id='word_1_277' title='bbox 419 2648 682 2721; x_wconf 79' lang='lat' dir='ltr'><strong>profecto</strong></span> <span class='ocrx_word' id='word_1_278' title='bbox 731 2643 844 2702; x_wconf 84' lang='lat' dir='ltr'><strong>huc</strong></span> <span class='ocrx_word' id='word_1_279' title='bbox 877 2645 1154 2700; x_wconf 83' lang='lat' dir='ltr'><strong>venisset.</strong></span> <span class='ocrx_word' id='word_1_280' title='bbox 1190 2639 1308 2700; x_wconf 72' lang='lat' dir='ltr'><strong>Hoc</strong></span> <span class='ocrx_word' id='word_1_281' title='bbox 1339 2641 1495 2699; x_wconf 80' lang='lat' dir='ltr'><strong>dicto</strong></span> <span class='ocrx_word' id='word_1_282' title='bbox 1519 2655 1802 2715; x_wconf 78' lang='lat' dir='ltr'><strong>magnum</strong></span> <span class='ocrx_word' id='word_1_283' title='bbox 1862 2645 1933 2700; x_wconf 86' lang='lat' dir='ltr'><strong>iis</strong></span> <span class='ocrx_word' id='word_1_284' title='bbox 1966 2663 2074 2717; x_wconf 82' lang='lat' dir='ltr'><strong>pu-</strong></span> 
     </span>
    </p>
   </div>
   <div class='ocr_carea' id='block_1_43' title="bbox 421 2735 924 2793">
    <p class='ocr_par' dir='ltr' id='par_1_43' title="bbox 421 2735 924 2793">
     <span class='ocr_line' id='line_1_43' title="bbox 421 2735 924 2793; baseline -0.006 0"><span class='ocrx_word' id='word_1_285' title='bbox 421 2737 620 2793; x_wconf 92' lang='lat' dir='ltr'><strong>dorem</strong></span> <span class='ocrx_word' id='word_1_286' title='bbox 653 2735 924 2792; x_wconf 90' lang='lat' dir='ltr'><strong>incussit.</strong></span> 
     </span>
    </p>
   </div>
   <div class='ocr_carea' id='block_1_44' title="bbox 489 2909 2074 2972">
    <p class='ocr_par' dir='ltr' id='par_1_44' title="bbox 489 2909 2074 2972">
     <span class='ocr_line' id='line_1_44' title="bbox 489 2909 2074 2972; baseline 0 -2"><span class='ocrx_word' id='word_1_287' title='bbox 489 2914 708 2972; x_wconf 76' lang='lat' dir='ltr'><strong>Verum</strong></span> <span class='ocrx_word' id='word_1_288' title='bbox 735 2911 1075 2971; x_wconf 80' lang='lat' dir='ltr'><strong>Alexander</strong></span> <span class='ocrx_word' id='word_1_289' title='bbox 1106 2909 1374 2968; x_wconf 77' lang='lat' dir='ltr'><strong>infinitas</strong></span> <span class='ocrx_word' id='word_1_290' title='bbox 1413 2911 1562 2968; x_wconf 82' lang='lat' dir='ltr'><strong>alias</strong></span> <span class='ocrx_word' id='word_1_291' title='bbox 1593 2911 1872 2970; x_wconf 84' lang='lat' dir='ltr'><strong>victorias</strong></span> <span class='ocrx_word' id='word_1_292' title='bbox 1910 2930 2074 2970; x_wconf 90' lang='lat' dir='ltr'><strong>com-</strong></span> 
     </span>
    </p>
   </div>
   <div class='ocr_carea' id='block_1_45' title="bbox 421 2999 2074 3076">
    <p class='ocr_par' dir='ltr' id='par_1_45' title="bbox 421 2999 2074 3076">
     <span class='ocr_line' id='line_1_45' title="bbox 421 2999 2074 3076; baseline -0.001 -15"><span class='ocrx_word' id='word_1_293' title='bbox 421 3009 756 3061; x_wconf 86' lang='lat' dir='ltr'><strong>memoratu</strong></span> <span class='ocrx_word' id='word_1_294' title='bbox 787 2999 1066 3058; x_wconf 84' lang='lat' dir='ltr'><strong>difficiles</strong></span> <span class='ocrx_word' id='word_1_295' title='bbox 1094 3007 1152 3057; x_wconf 88' lang='lat' dir='ltr'><strong>et</strong></span> <span class='ocrx_word' id='word_1_296' title='bbox 1181 3003 1386 3072; x_wconf 90' lang='lat' dir='ltr'><strong>quavis</strong></span> <span class='ocrx_word' id='word_1_297' title='bbox 1417 2999 1686 3057; x_wconf 90' lang='lat' dir='ltr'><strong>oratione</strong></span> <span class='ocrx_word' id='word_1_298' title='bbox 1737 3003 2074 3076; x_wconf 89' lang='lat' dir='ltr'><strong>superiores</strong></span> 
     </span>
    </p>
   </div>
   <div class='ocr_carea' id='block_1_46' title="bbox 416 3089 2072 3166">
    <p class='ocr_par' dir='ltr' id='par_1_46' title="bbox 416 3089 2072 3166">
     <span class='ocr_line' id='line_1_46' title="bbox 416 3089 2072 3166; baseline -0.001 -16"><span class='ocrx_word' id='word_1_299' title='bbox 416 3093 645 3151; x_wconf 89' lang='lat' dir='ltr'><strong>retulit.</strong></span> <span class='ocrx_word' id='word_1_300' title='bbox 677 3097 884 3166; x_wconf 81' lang='lat' dir='ltr'><strong>Itaque</strong></span> <span class='ocrx_word' id='word_1_301' title='bbox 918 3109 1055 3147; x_wconf 81' lang='lat' dir='ltr'><strong>eum</strong></span> <span class='ocrx_word' id='word_1_302' title='bbox 1090 3096 1246 3146; x_wconf 86' lang='lat' dir='ltr'><strong>vates</strong></span> <span class='ocrx_word' id='word_1_303' title='bbox 1293 3097 1534 3147; x_wconf 88' lang='lat' dir='ltr'><strong>sanctus</strong></span> <span class='ocrx_word' id='word_1_304' title='bbox 1577 3089 1849 3162; x_wconf 65' lang='lat' dir='ltr'><strong>praevidit</strong></span> <span class='ocrx_word' id='word_1_305' title='bbox 1879 3093 2072 3164; x_wconf 89' lang='lat' dir='ltr'><strong>specie</strong></span> 
     </span>
    </p>
   </div>
   <div class='ocr_carea' id='block_1_47' title="bbox 2180 1927 3848 2009">
    <p class='ocr_par' dir='ltr' id='par_1_47' title="bbox 2180 1927 3848 2009">
     <span class='ocr_line' id='line_1_47' title="bbox 2180 1927 3848 2009; baseline 0.002 -26"><span class='ocrx_word' id='word_1_306' title='bbox 2180 1929 2306 1990; x_wconf 80' lang='grc' dir='ltr'>στὰς</span> <span class='ocrx_word' id='word_1_307' title='bbox 2339 1929 2416 1993; x_wconf 74' lang='grc' dir='ltr'><strong>εἰς</strong></span> <span class='ocrx_word' id='word_1_308' title='bbox 2483 1927 2865 2006; x_wconf 65' lang='grc' dir='ltr'>τοῦμπροσθεν</span> <span class='ocrx_word' id='word_1_309' title='bbox 2921 1932 3168 2002; x_wconf 73' lang='grc' dir='ltr'>πέταται,</span> <span class='ocrx_word' id='word_1_310' title='bbox 3225 1933 3506 2009; x_wconf 75' lang='grc' dir='ltr'>προάγειν,</span> <span class='ocrx_word' id='word_1_311' title='bbox 3568 1931 3612 1986; x_wconf 80' lang='grc' dir='ltr'>εἷ</span> <span class='ocrx_word' id='word_1_312' title='bbox 3642 1929 3690 1987; x_wconf 85' lang='grc' dir='ltr'>δ’</span> <span class='ocrx_word' id='word_1_313' title='bbox 3719 1930 3848 1987; x_wconf 71' lang='grc' dir='ltr'>ὄπι-</span> 
     </span>
    </p>
   </div>
   <div class='ocr_carea' id='block_1_48' title="bbox 2179 2017 3847 2095">
    <p class='ocr_par' dir='ltr' id='par_1_48' title="bbox 2179 2017 3847 2095">
     <span class='ocr_line' id='line_1_48' title="bbox 2179 2017 3847 2095; baseline 0.002 -22"><span class='ocrx_word' id='word_1_314' title='bbox 2179 2020 2321 2086; x_wconf 84' lang='grc' dir='ltr'>σθεν,</span> <span class='ocrx_word' id='word_1_315' title='bbox 2381 2017 2690 2095; x_wconf 75' lang='grc' dir='ltr'>ἀναχωρεῖν</span> <span class='ocrx_word' id='word_1_316' title='bbox 2749 2019 2921 2085; x_wconf 70' lang='grc' dir='ltr'>αὖθις.</span> <span class='ocrx_word' id='word_1_317' title='bbox 2987 2019 3082 2075; x_wconf 75' lang='grc' dir='ltr'><strong>Καὶ</strong></span> <span class='ocrx_word' id='word_1_318' title='bbox 3141 2025 3308 2076; x_wconf 73' lang='grc' dir='ltr'>ταῧτα</span> <span class='ocrx_word' id='word_1_319' title='bbox 3381 2019 3613 2084; x_wconf 81' lang='grc' dir='ltr'>ἀκούσας</span> <span class='ocrx_word' id='word_1_320' title='bbox 3670 2023 3847 2076; x_wconf 69' lang='lat' dir='ltr'><strong>blood-</strong></span> 
     </span>
    </p>
   </div>
   <div class='ocr_carea' id='block_1_49' title="bbox 2185 2108 3844 2187">
    <p class='ocr_par' dir='ltr' id='par_1_49' title="bbox 2185 2108 3844 2187">
     <span class='ocr_line' id='line_1_49' title="bbox 2185 2108 3844 2187; baseline 0.002 -25"><span class='ocrx_word' id='word_1_321' title='bbox 2185 2129 2364 2183; x_wconf 82' lang='grc' dir='ltr'>μαχος</span> <span class='ocrx_word' id='word_1_322' title='bbox 2396 2110 2541 2184; x_wconf 78' lang='grc' dir='ltr'>παρὰ</span> <span class='ocrx_word' id='word_1_323' title='bbox 2571 2114 2668 2164; x_wconf 73' lang='grc' dir='ltr'><strong>τοῦ</strong></span> <span class='ocrx_word' id='word_1_324' title='bbox 2702 2109 2962 2182; x_wconf 86' lang='grc' dir='ltr'>μάντεως,</span> <span class='ocrx_word' id='word_1_325' title='bbox 3029 2112 3120 2165; x_wconf 77' lang='grc' dir='ltr'><strong>καὶ</strong></span> <span class='ocrx_word' id='word_1_326' title='bbox 3170 2108 3345 2187; x_wconf 87' lang='grc' dir='ltr'>λάθρα</span> <span class='ocrx_word' id='word_1_327' title='bbox 3389 2111 3543 2182; x_wconf 75' lang='grc' dir='ltr'>τόξον</span> <span class='ocrx_word' id='word_1_328' title='bbox 3588 2109 3844 2182; x_wconf 76' lang='grc' dir='ltr'>ἑλκύσας,</span> 
     </span>
    </p>
   </div>
   <div class='ocr_carea' id='block_1_50' title="bbox 2186 2194 3840 2277">
    <p class='ocr_par' dir='ltr' id='par_1_50' title="bbox 2186 2194 3840 2277">
     <span class='ocr_line' id='line_1_50' title="bbox 2186 2194 3840 2277; baseline 0.002 -27"><span class='ocrx_word' id='word_1_329' title='bbox 2186 2194 2382 2271; x_wconf 82' lang='grc' dir='ltr'>βάλλει</span> <span class='ocrx_word' id='word_1_330' title='bbox 2411 2196 2500 2251; x_wconf 86' lang='grc' dir='ltr'><strong>τὸν</strong></span> <span class='ocrx_word' id='word_1_331' title='bbox 2533 2197 2698 2273; x_wconf 67' lang='grc' dir='ltr'>ὄρνιν.</span> <span class='ocrx_word' id='word_1_332' title='bbox 2735 2200 2850 2274; x_wconf 63' lang='grc' dir='ltr'><strong>Ἐφ’</strong></span> <span class='ocrx_word' id='word_1_333' title='bbox 2890 2200 2976 2260; x_wconf 85' lang='grc' dir='ltr'><strong>οῖς</strong></span> <span class='ocrx_word' id='word_1_334' title='bbox 3031 2201 3128 2252; x_wconf 73' lang='grc' dir='ltr'><strong>τοῦ</strong></span> <span class='ocrx_word' id='word_1_335' title='bbox 3185 2199 3429 2272; x_wconf 74' lang='grc' dir='ltr'>μάντεως</span> <span class='ocrx_word' id='word_1_336' title='bbox 3490 2198 3840 2277; x_wconf 80' lang='grc' dir='ltr'>χαλεπήναν-</span> 
     </span>
    </p>
   </div>
   <div class='ocr_carea' id='block_1_51' title="bbox 2181 2283 3848 2363">
    <p class='ocr_par' dir='ltr' id='par_1_51' title="bbox 2181 2283 3848 2363">
     <span class='ocr_line' id='line_1_51' title="bbox 2181 2283 3848 2363; baseline 0.002 -23"><span class='ocrx_word' id='word_1_337' title='bbox 2181 2305 2272 2347; x_wconf 86' lang='grc' dir='ltr'><strong>τος</strong></span> <span class='ocrx_word' id='word_1_338' title='bbox 2305 2285 2396 2341; x_wconf 77' lang='grc' dir='ltr'>καῖ</span> <span class='ocrx_word' id='word_1_339' title='bbox 2427 2288 2642 2341; x_wconf 78' lang='grc' dir='ltr'>πάντων</span> <span class='ocrx_word' id='word_1_340' title='bbox 2670 2292 2779 2342; x_wconf 81' lang='grc' dir='ltr'><strong>τῶν</strong></span> <span class='ocrx_word' id='word_1_341' title='bbox 2808 2289 2879 2360; x_wconf 80' lang='grc' dir='ltr'>τῇ</span> <span class='ocrx_word' id='word_1_342' title='bbox 2908 2289 3086 2362; x_wconf 78' lang='grc' dir='ltr'>πλάνῃ</span> <span class='ocrx_word' id='word_1_343' title='bbox 3151 2283 3602 2363; x_wconf 75' lang='grc' dir='ltr'>δεδουλωμένων,</span> <span class='ocrx_word' id='word_1_344' title='bbox 3659 2283 3848 2344; x_wconf 77' lang='grc' dir='ltr'>λαϐὼν</span> 
     </span>
    </p>
   </div>
   <div class='ocr_carea' id='block_1_52' title="bbox 2188 2372 3848 2456">
    <p class='ocr_par' dir='ltr' id='par_1_52' title="bbox 2188 2372 3848 2456">
     <span class='ocr_line' id='line_1_52' title="bbox 2188 2372 3848 2456; baseline 0.002 -28"><span class='ocrx_word' id='word_1_345' title='bbox 2188 2373 2264 2437; x_wconf 66' lang='grc' dir='ltr'><strong>είς</strong></span> <span class='ocrx_word' id='word_1_346' title='bbox 2295 2381 2485 2451; x_wconf 83' lang='grc' dir='ltr'>χεῖρας</span> <span class='ocrx_word' id='word_1_347' title='bbox 2527 2377 2618 2432; x_wconf 85' lang='grc' dir='ltr'>τὸν</span> <span class='ocrx_word' id='word_1_348' title='bbox 2653 2375 2800 2452; x_wconf 76' lang='grc' dir='ltr'>ὄρνιν</span> <span class='ocrx_word' id='word_1_349' title='bbox 2847 2378 3190 2452; x_wconf 77' lang='grc' dir='ltr'>Μοσόμαχος</span> <span class='ocrx_word' id='word_1_350' title='bbox 3249 2372 3374 2456; x_wconf 65' lang='grc' dir='ltr'>ἔφη·</span> <span class='ocrx_word' id='word_1_351' title='bbox 3427 2377 3492 2435; x_wconf 90' lang='grc' dir='ltr'>Τί</span> <span class='ocrx_word' id='word_1_352' title='bbox 3550 2399 3642 2451; x_wconf 86' lang='grc' dir='ltr'><strong>μοι</strong></span> <span class='ocrx_word' id='word_1_353' title='bbox 3704 2382 3848 2452; x_wconf 68' lang='grc' dir='ltr'>μεμ-</span> 
     </span>
    </p>
   </div>
   <div class='ocr_carea' id='block_1_53' title="bbox 2191 2464 3853 2543">
    <p class='ocr_par' dir='ltr' id='par_1_53' title="bbox 2191 2464 3853 2543">
     <span class='ocr_line' id='line_1_53' title="bbox 2191 2464 3853 2543; baseline 0.002 -23"><span class='ocrx_word' id='word_1_354' title='bbox 2191 2468 2368 2543; x_wconf 58' lang='grc' dir='ltr'>ςεσθε,</span> <span class='ocrx_word' id='word_1_355' title='bbox 2400 2464 2840 2540; x_wconf 79' lang='grc' dir='ltr'>κακοδαίμονες;</span> <span class='ocrx_word' id='word_1_356' title='bbox 2874 2469 2996 2530; x_wconf 76' lang='grc' dir='ltr'>Πῶς</span> <span class='ocrx_word' id='word_1_357' title='bbox 3051 2468 3154 2542; x_wconf 75' lang='grc' dir='ltr'><strong>γάρ</strong></span> <span class='ocrx_word' id='word_1_358' title='bbox 3210 2468 3390 2531; x_wconf 75' lang='grc' dir='ltr'>οὗτος,</span> <span class='ocrx_word' id='word_1_359' title='bbox 3445 2469 3520 2541; x_wconf 79' lang='grc' dir='ltr'>μή</span> <span class='ocrx_word' id='word_1_360' title='bbox 3571 2468 3670 2537; x_wconf 73' lang='grc' dir='ltr'>τὴν</span> <span class='ocrx_word' id='word_1_361' title='bbox 3713 2469 3853 2524; x_wconf 72' lang='grc' dir='ltr'>ἔαυ-</span> 
     </span>
    </p>
   </div>
   <div class='ocr_carea' id='block_1_54' title="bbox 2182 2555 3841 2636">
    <p class='ocr_par' dir='ltr' id='par_1_54' title="bbox 2182 2555 3841 2636">
     <span class='ocr_line' id='line_1_54' title="bbox 2182 2555 3841 2636; baseline 0.002 -26"><span class='ocrx_word' id='word_1_362' title='bbox 2182 2557 2280 2610; x_wconf 77' lang='grc' dir='ltr'>τοῦ</span> <span class='ocrx_word' id='word_1_363' title='bbox 2311 2555 2583 2630; x_wconf 90' lang='grc' dir='ltr'>σωτηρίαν</span> <span class='ocrx_word' id='word_1_364' title='bbox 2642 2555 3058 2633; x_wconf 77' lang='grc' dir='ltr'>προγινώσκων,</span> <span class='ocrx_word' id='word_1_365' title='bbox 3117 2558 3178 2612; x_wconf 83' lang='grc' dir='ltr'>τὸ</span> <span class='ocrx_word' id='word_1_366' title='bbox 3236 2556 3505 2633; x_wconf 67' lang='grc' dir='ltr'>ἡμέτερον</span> <span class='ocrx_word' id='word_1_367' title='bbox 3568 2556 3841 2636; x_wconf 64' lang='grc' dir='ltr'>συμφέρειν</span> 
     </span>
    </p>
   </div>
   <div class='ocr_carea' id='block_1_55' title="bbox 2186 2643 3851 2722">
    <p class='ocr_par' dir='ltr' id='par_1_55' title="bbox 2186 2643 3851 2722">
     <span class='ocr_line' id='line_1_55' title="bbox 2186 2643 3851 2722; baseline 0.002 -24"><span class='ocrx_word' id='word_1_368' title='bbox 2186 2643 2751 2722; x_wconf 83' lang='grc' dir='ltr'>προανήγγειλεν;Εί</span> <span class='ocrx_word' id='word_1_369' title='bbox 2781 2643 2883 2721; x_wconf 83' lang='grc' dir='ltr'><strong>γὰρ</strong></span> <span class='ocrx_word' id='word_1_370' title='bbox 2942 2643 3175 2714; x_wconf 82' lang='grc' dir='ltr'>ἠδύνατο</span> <span class='ocrx_word' id='word_1_371' title='bbox 3233 2643 3537 2722; x_wconf 68' lang='grc' dir='ltr'>προειδέναι</span> <span class='ocrx_word' id='word_1_372' title='bbox 3593 2647 3656 2701; x_wconf 84' lang='grc' dir='ltr'>τὸ</span> <span class='ocrx_word' id='word_1_373' title='bbox 3714 2643 3851 2720; x_wconf 81' lang='grc' dir='ltr'><strong>μὲλ-</strong></span> 
     </span>
    </p>
   </div>
   <div class='ocr_carea' id='block_1_56' title="bbox 2185 2731 3845 2805">
    <p class='ocr_par' dir='ltr' id='par_1_56' title="bbox 2185 2731 3845 2805">
     <span class='ocr_line' id='line_1_56' title="bbox 2185 2731 3845 2805; baseline 0.002 -17"><span class='ocrx_word' id='word_1_374' title='bbox 2185 2731 2306 2805; x_wconf 86' lang='grc' dir='ltr'>λον,</span> <span class='ocrx_word' id='word_1_375' title='bbox 2340 2733 2439 2788; x_wconf 79' lang='grc' dir='ltr'><strong>οὐκ</strong></span> <span class='ocrx_word' id='word_1_376' title='bbox 2469 2731 2527 2788; x_wconf 73' lang='grc' dir='ltr'><strong>ἄν</strong></span> <span class='ocrx_word' id='word_1_377' title='bbox 2559 2733 2636 2797; x_wconf 70' lang='grc' dir='ltr'><strong>είς</strong></span> <span class='ocrx_word' id='word_1_378' title='bbox 2693 2734 2784 2789; x_wconf 82' lang='grc' dir='ltr'><strong>τὸν</strong></span> <span class='ocrx_word' id='word_1_379' title='bbox 2842 2733 3010 2790; x_wconf 86' lang='grc' dir='ltr'>τόπον</span> <span class='ocrx_word' id='word_1_380' title='bbox 3055 2739 3248 2790; x_wconf 83' lang='grc' dir='ltr'>τοῦτον</span> <span class='ocrx_word' id='word_1_381' title='bbox 3305 2733 3468 2804; x_wconf 75' lang='grc' dir='ltr'>ἦλθε.</span> <span class='ocrx_word' id='word_1_382' title='bbox 3521 2735 3626 2792; x_wconf 78' lang='grc' dir='ltr'>Καὶ</span> <span class='ocrx_word' id='word_1_383' title='bbox 3674 2739 3845 2792; x_wconf 72' lang='grc' dir='ltr'>ταῦτα</span> 
     </span>
    </p>
   </div>
   <div class='ocr_carea' id='block_1_57' title="bbox 2185 2821 3380 2904">
    <p class='ocr_par' dir='ltr' id='par_1_57' title="bbox 2185 2821 3380 2904">
     <span class='ocr_line' id='line_1_57' title="bbox 2185 2821 3380 2904; baseline 0.004 -26"><span class='ocrx_word' id='word_1_384' title='bbox 2185 2821 2433 2885; x_wconf 73' lang='grc' dir='ltr'>εἰπόντος</span> <span class='ocrx_word' id='word_1_385' title='bbox 2465 2823 2630 2879; x_wconf 79' lang='grc' dir='ltr'>αὐτοῦ</span> <span class='ocrx_word' id='word_1_386' title='bbox 2659 2823 3118 2900; x_wconf 75' lang='grc' dir='ltr'>κατῃσχύνθησαν</span> <span class='ocrx_word' id='word_1_387' title='bbox 3151 2823 3380 2904; x_wconf 72' lang='grc' dir='ltr'>σφόδρα.</span> 
     </span>
    </p>
   </div>
   <div class='ocr_carea' id='block_1_58' title="bbox 2255 2909 3838 2989">
    <p class='ocr_par' dir='ltr' id='par_1_58' title="bbox 2255 2909 3838 2989">
     <span class='ocr_line' id='line_1_58' title="bbox 2255 2909 3838 2989; baseline 0.001 -23"><span class='ocrx_word' id='word_1_388' title='bbox 2255 2911 2446 2967; x_wconf 82' lang='grc' dir='ltr'>Πολλὰ</span> <span class='ocrx_word' id='word_1_389' title='bbox 2482 2912 2574 2985; x_wconf 77' lang='grc' dir='ltr'>μὶν</span> <span class='ocrx_word' id='word_1_390' title='bbox 2607 2913 2698 2967; x_wconf 74' lang='grc' dir='ltr'><strong>οὗν</strong></span> <span class='ocrx_word' id='word_1_391' title='bbox 2728 2911 2818 2967; x_wconf 77' lang='grc' dir='ltr'><strong>καὶ</strong></span> <span class='ocrx_word' id='word_1_392' title='bbox 2849 2910 2997 2968; x_wconf 77' lang='grc' dir='ltr'>ἄλλα</span> <span class='ocrx_word' id='word_1_393' title='bbox 3031 2911 3196 2986; x_wconf 78' lang='grc' dir='ltr'>μυρία</span> <span class='ocrx_word' id='word_1_394' title='bbox 3223 2913 3459 2989; x_wconf 85' lang='grc' dir='ltr'>τρόπαια</span> <span class='ocrx_word' id='word_1_395' title='bbox 3511 2911 3599 2969; x_wconf 78' lang='grc' dir='ltr'><strong>καὶ</strong></span> <span class='ocrx_word' id='word_1_396' title='bbox 3658 2909 3838 2968; x_wconf 85' lang='grc' dir='ltr'>δυσδι-</span> 
     </span>
    </p>
   </div>
   <div class='ocr_carea' id='block_1_59' title="bbox 2183 2993 3835 3080">
    <p class='ocr_par' dir='ltr' id='par_1_59' title="bbox 2183 2993 3835 3080">
     <span class='ocr_line' id='line_1_59' title="bbox 2183 2993 3835 3080; baseline 0.002 -26"><span class='ocrx_word' id='word_1_397' title='bbox 2183 2999 2367 3076; x_wconf 85' lang='grc' dir='ltr'>ήγητα</span> <span class='ocrx_word' id='word_1_398' title='bbox 2397 2999 2487 3055; x_wconf 76' lang='grc' dir='ltr'><strong>καὶ</strong></span> <span class='ocrx_word' id='word_1_399' title='bbox 2546 2997 2714 3078; x_wconf 83' lang='grc' dir='ltr'>λόγον</span> <span class='ocrx_word' id='word_1_400' title='bbox 2775 2993 3165 3073; x_wconf 76' lang='grc' dir='ltr'>ὑπερϐαίνοντα</span> <span class='ocrx_word' id='word_1_401' title='bbox 3226 3002 3536 3080; x_wconf 78' lang='grc' dir='ltr'>εἷ’ργάσατο.</span> <span class='ocrx_word' id='word_1_402' title='bbox 3595 3001 3697 3060; x_wconf 75' lang='grc' dir='ltr'>Κάι</span> <span class='ocrx_word' id='word_1_403' title='bbox 3749 2999 3835 3058; x_wconf 81' lang='grc' dir='ltr'><strong>διὰ</strong></span> 
     </span>
    </p>
   </div>
   <div class='ocr_carea' id='block_1_60' title="bbox 2183 3085 3840 3172">
    <p class='ocr_par' dir='ltr' id='par_1_60' title="bbox 2183 3085 3840 3172">
     <span class='ocr_line' id='line_1_60' title="bbox 2183 3085 3840 3172; baseline 0.001 -28"><span class='ocrx_word' id='word_1_404' title='bbox 2183 3095 2344 3145; x_wconf 70' lang='grc' dir='ltr'>τοῦτο</span> <span class='ocrx_word' id='word_1_405' title='bbox 2393 3092 2606 3162; x_wconf 76' lang='grc' dir='ltr'>πτηνήν</span> <span class='ocrx_word' id='word_1_406' title='bbox 2664 3087 2939 3168; x_wconf 75' lang='grc' dir='ltr'>πάρδαλιν</span> <span class='ocrx_word' id='word_1_407' title='bbox 2970 3091 2999 3146; x_wconf 79' lang='grc' dir='ltr'>ὁ</span> <span class='ocrx_word' id='word_1_408' title='bbox 3055 3093 3348 3172; x_wconf 69' lang='grc' dir='ltr'>προφήτης</span> <span class='ocrx_word' id='word_1_409' title='bbox 3383 3089 3544 3147; x_wconf 72' lang='grc' dir='ltr'>αὐτὸν</span> <span class='ocrx_word' id='word_1_410' title='bbox 3600 3085 3840 3168; x_wconf 68' lang='grc' dir='ltr'>προελέ-</span> 
     </span>
    </p>
   </div>
   <div class='ocr_carea' id='block_1_61' title="bbox 416 3176 2061 3276">
    <p class='ocr_par' dir='ltr' id='par_1_61' title="bbox 416 3180 2061 3256">
     <span class='ocr_line' id='line_1_61' title="bbox 416 3180 2061 3256; baseline -0.003 -16"><span class='ocrx_word' id='word_1_411' title='bbox 416 3181 668 3240; x_wconf 89' lang='lat' dir='ltr'><strong>volantis</strong></span> <span class='ocrx_word' id='word_1_412' title='bbox 716 3181 1001 3256; x_wconf 89' lang='lat' dir='ltr'><strong>pardalis,</strong></span> <span class='ocrx_word' id='word_1_413' title='bbox 1051 3180 1418 3237; x_wconf 85' lang='lat' dir='ltr'><strong>celeritatem</strong></span> <span class='ocrx_word' id='word_1_414' title='bbox 1466 3180 1748 3236; x_wconf 89' lang='lat' dir='ltr'><strong>nimirum</strong></span> <span class='ocrx_word' id='word_1_415' title='bbox 1797 3197 1864 3236; x_wconf 88' lang='lat' dir='ltr'><strong>ac</strong></span> <span class='ocrx_word' id='word_1_416' title='bbox 1916 3182 2061 3238; x_wconf 86' lang='lat' dir='ltr'><strong>velul</strong></span> 
     </span>
    </p>
   </div>
   <div class='ocr_carea' id='block_1_62' title="bbox 2180 3176 3842 3276">
    <p class='ocr_par' dir='ltr' id='par_1_62' title="bbox 2187 3176 3842 3261">
     <span class='ocr_line' id='line_1_62' title="bbox 2187 3176 3842 3261; baseline 0 -28"><span class='ocrx_word' id='word_1_417' title='bbox 2187 3199 2298 3250; x_wconf 88' lang='grc' dir='ltr'>πει,</span> <span class='ocrx_word' id='word_1_418' title='bbox 2329 3179 2390 3233; x_wconf 87' lang='grc' dir='ltr'><strong>τὸ</strong></span> <span class='ocrx_word' id='word_1_419' title='bbox 2419 3178 2563 3258; x_wconf 79' lang='grc' dir='ltr'>ταχὺ</span> <span class='ocrx_word' id='word_1_420' title='bbox 2593 3183 2682 3234; x_wconf 87' lang='grc' dir='ltr'>καί</span> <span class='ocrx_word' id='word_1_421' title='bbox 2715 3177 2953 3261; x_wconf 75' lang='grc' dir='ltr'>σφοδρὸν</span> <span class='ocrx_word' id='word_1_422' title='bbox 2988 3176 3079 3235; x_wconf 71' lang='grc' dir='ltr'><strong>καὶ</strong></span> <span class='ocrx_word' id='word_1_423' title='bbox 3123 3177 3370 3256; x_wconf 79' lang='grc' dir='ltr'>πυρῶδες</span> <span class='ocrx_word' id='word_1_424' title='bbox 3426 3179 3517 3236; x_wconf 85' lang='grc' dir='ltr'><strong>καὶ</strong></span> <span class='ocrx_word' id='word_1_425' title='bbox 3576 3181 3640 3237; x_wconf 88' lang='grc' dir='ltr'><strong>τὸ</strong></span> <span class='ocrx_word' id='word_1_426' title='bbox 3689 3180 3842 3258; x_wconf 74' lang='grc' dir='ltr'>ἄφνω</span> 
     </span>
    </p>
   </div>
   <div class='ocr_carea' id='block_1_63' title="bbox 419 3267 2074 3348">
    <p class='ocr_par' dir='ltr' id='par_1_63' title="bbox 419 3267 2074 3348">
     <span class='ocr_line' id='line_1_63' title="bbox 419 3267 2074 3348; baseline -0.003 -17"><span class='ocrx_word' id='word_1_427' title='bbox 419 3277 654 3348; x_wconf 79' lang='lat' dir='ltr'><strong>igneam</strong></span> <span class='ocrx_word' id='word_1_428' title='bbox 685 3270 1120 3328; x_wconf 86' lang='lat' dir='ltr'><strong>vehementiam</strong></span> <span class='ocrx_word' id='word_1_429' title='bbox 1153 3271 1536 3343; x_wconf 79' lang='lat' dir='ltr'><strong>praesagiens,</strong></span> <span class='ocrx_word' id='word_1_430' title='bbox 1571 3285 1689 3342; x_wconf 89' lang='lat' dir='ltr'><strong>qua</strong></span> <span class='ocrx_word' id='word_1_431' title='bbox 1730 3267 1780 3324; x_wconf 90' lang='lat' dir='ltr'><strong>is</strong></span> <span class='ocrx_word' id='word_1_432' title='bbox 1825 3276 1952 3327; x_wconf 89' lang='lat' dir='ltr'><strong>erat</strong></span> <span class='ocrx_word' id='word_1_433' title='bbox 1981 3289 2074 3326; x_wconf 89' lang='lat' dir='ltr'><strong>su-</strong></span> 
     </span>
    </p>
   </div>
   <div class='ocr_carea' id='block_1_64' title="bbox 415 3357 2071 3432">
    <p class='ocr_par' dir='ltr' id='par_1_64' title="bbox 415 3357 2071 3432">
     <span class='ocr_line' id='line_1_64' title="bbox 415 3357 2071 3432; baseline -0.002 -13"><span class='ocrx_word' id='word_1_434' title='bbox 415 3364 540 3419; x_wconf 88' lang='lat' dir='ltr'><strong>bito</strong></span> <span class='ocrx_word' id='word_1_435' title='bbox 567 3361 848 3419; x_wconf 89' lang='lat' dir='ltr'><strong>mundrm</strong></span> <span class='ocrx_word' id='word_1_436' title='bbox 875 3359 1137 3416; x_wconf 86' lang='lat' dir='ltr'><strong>victoriis</strong></span> <span class='ocrx_word' id='word_1_437' title='bbox 1165 3365 1221 3413; x_wconf 88' lang='lat' dir='ltr'><strong>et</strong></span> <span class='ocrx_word' id='word_1_438' title='bbox 1245 3360 1483 3431; x_wconf 69' lang='lat' dir='ltr'><strong>tropaeis</strong></span> <span class='ocrx_word' id='word_1_439' title='bbox 1515 3359 1636 3414; x_wconf 90' lang='lat' dir='ltr'><strong>suis</strong></span> <span class='ocrx_word' id='word_1_440' title='bbox 1662 3357 2071 3432; x_wconf 88' lang='lat' dir='ltr'><strong>pervolaturus</strong></span> 
     </span>
    </p>
   </div>
   <div class='ocr_carea' id='block_1_65' title="bbox 419 3445 2071 3521">
    <p class='ocr_par' dir='ltr' id='par_1_65' title="bbox 419 3445 2071 3521">
     <span class='ocr_line' id='line_1_65' title="bbox 419 3445 2071 3521; baseline -0.002 -13"><span class='ocrx_word' id='word_1_441' title='bbox 419 3449 580 3508; x_wconf 89' lang='lat' dir='ltr'><strong>Idem</strong></span> <span class='ocrx_word' id='word_1_442' title='bbox 613 3449 948 3507; x_wconf 81' lang='lat' dir='ltr'><strong>Alexander</strong></span> <span class='ocrx_word' id='word_1_443' title='bbox 971 3465 1107 3505; x_wconf 91' lang='lat' dir='ltr'><strong>cum</strong></span> <span class='ocrx_word' id='word_1_444' title='bbox 1139 3445 1212 3502; x_wconf 87' lang='lat' dir='ltr'><strong>de</strong></span> <span class='ocrx_word' id='word_1_445' title='bbox 1232 3445 1488 3520; x_wconf 89' lang='lat' dir='ltr'><strong>quodam</strong></span> <span class='ocrx_word' id='word_1_446' title='bbox 1519 3447 1876 3521; x_wconf 91' lang='lat' dir='ltr'><strong>philosopho</strong></span> <span class='ocrx_word' id='word_1_447' title='bbox 1909 3448 2071 3504; x_wconf 88' lang='lat' dir='ltr'><strong>audi-</strong></span> 
     </span>
    </p>
   </div>
   <div class='ocr_carea' id='block_1_66' title="bbox 418 3533 2072 3610">
    <p class='ocr_par' dir='ltr' id='par_1_66' title="bbox 418 3533 2072 3610">
     <span class='ocr_line' id='line_1_66' title="bbox 418 3533 2072 3610; baseline -0.001 -14"><span class='ocrx_word' id='word_1_448' title='bbox 418 3542 598 3596; x_wconf 89' lang='lat' dir='ltr'><strong>visset</strong></span> <span class='ocrx_word' id='word_1_449' title='bbox 629 3538 882 3595; x_wconf 91' lang='lat' dir='ltr'><strong>mundos</strong></span> <span class='ocrx_word' id='word_1_450' title='bbox 906 3554 1034 3594; x_wconf 88' lang='lat' dir='ltr'><strong>esse</strong></span> <span class='ocrx_word' id='word_1_451' title='bbox 1062 3535 1353 3600; x_wconf 81' lang='lat' dir='ltr'><strong>inﬁnitos,</strong></span> <span class='ocrx_word' id='word_1_452' title='bbox 1392 3533 1509 3592; x_wconf 92' lang='lat' dir='ltr'><strong>alte</strong></span> <span class='ocrx_word' id='word_1_453' title='bbox 1534 3535 1710 3592; x_wconf 89' lang='lat' dir='ltr'><strong>ducto</strong></span> <span class='ocrx_word' id='word_1_454' title='bbox 1733 3537 1976 3610; x_wconf 85' lang='lat' dir='ltr'><strong>gemitu,</strong></span> <span class='ocrx_word' id='word_1_455' title='bbox 2001 3539 2072 3595; x_wconf 88' lang='lat' dir='ltr'><strong>Et</strong></span> 
     </span>
    </p>
   </div>
   <div class='ocr_carea' id='block_1_67' title="bbox 415 3622 2069 3702">
    <p class='ocr_par' dir='ltr' id='par_1_67' title="bbox 415 3622 2069 3702">
     <span class='ocr_line' id='line_1_67' title="bbox 415 3622 2069 3702; baseline -0.002 -15"><span class='ocrx_word' id='word_1_456' title='bbox 415 3648 543 3702; x_wconf 80' lang='lat' dir='ltr'><strong>ego,</strong></span> <span class='ocrx_word' id='word_1_457' title='bbox 578 3631 681 3695; x_wconf 88' lang='lat' dir='ltr'><strong>ait,</strong></span> <span class='ocrx_word' id='word_1_458' title='bbox 704 3645 778 3684; x_wconf 91' lang='lat' dir='ltr'><strong>ne</strong></span> <span class='ocrx_word' id='word_1_459' title='bbox 801 3643 986 3683; x_wconf 89' lang='lat' dir='ltr'><strong>unum</strong></span> <span class='ocrx_word' id='word_1_460' title='bbox 1017 3625 1258 3698; x_wconf 90' lang='lat' dir='ltr'><strong>quidem</strong></span> <span class='ocrx_word' id='word_1_461' title='bbox 1289 3625 1481 3682; x_wconf 88' lang='lat' dir='ltr'><strong>adhuc</strong></span> <span class='ocrx_word' id='word_1_462' title='bbox 1496 3622 1698 3700; x_wconf 90' lang='lat' dir='ltr'><strong>subegi</strong></span> <span class='ocrx_word' id='word_1_463' title='bbox 1726 3624 1738 3682; x_wconf 88' lang='lat'><strong>!</strong></span> <span class='ocrx_word' id='word_1_464' title='bbox 1770 3627 1930 3683; x_wconf 82' lang='lat' dir='ltr'><strong>Adeo</strong></span> <span class='ocrx_word' id='word_1_465' title='bbox 1949 3645 2069 3685; x_wconf 86' lang='lat' dir='ltr'><strong>ma-</strong></span> 
     </span>
    </p>
   </div>
   <div class='ocr_carea' id='block_1_68' title="bbox 413 3715 2061 3793">
    <p class='ocr_par' dir='ltr' id='par_1_68' title="bbox 413 3715 2061 3793">
     <span class='ocr_line' id='line_1_68' title="bbox 413 3715 2061 3793; baseline -0.001 -18"><span class='ocrx_word' id='word_1_466' title='bbox 413 3720 730 3793; x_wconf 89' lang='lat' dir='ltr'><strong>gnanimus</strong></span> <span class='ocrx_word' id='word_1_467' title='bbox 764 3722 892 3773; x_wconf 89' lang='lat' dir='ltr'><strong>erat</strong></span> <span class='ocrx_word' id='word_1_468' title='bbox 938 3721 1116 3787; x_wconf 89' lang='lat' dir='ltr'><strong>atque</strong></span> <span class='ocrx_word' id='word_1_469' title='bbox 1167 3719 1546 3786; x_wconf 85' lang='lat' dir='ltr'><strong>temperans:</strong></span> <span class='ocrx_word' id='word_1_470' title='bbox 1597 3721 1723 3771; x_wconf 88' lang='lat' dir='ltr'><strong>erat</strong></span> <span class='ocrx_word' id='word_1_471' title='bbox 1769 3715 1929 3772; x_wconf 91' lang='lat' dir='ltr'><strong>enim</strong></span> <span class='ocrx_word' id='word_1_472' title='bbox 1989 3717 2061 3774; x_wconf 86' lang='lat' dir='ltr'><strong>ab</strong></span> 
     </span>
    </p>
   </div>
   <div class='ocr_carea' id='block_1_69' title="bbox 411 3803 2067 3864">
    <p class='ocr_par' dir='ltr' id='par_1_69' title="bbox 411 3803 2067 3864">
     <span class='ocr_line' id='line_1_69' title="bbox 411 3803 2067 3864; baseline -0.001 0"><span class='ocrx_word' id='word_1_473' title='bbox 411 3807 730 3864; x_wconf 87' lang='lat' dir='ltr'><strong>Aristotele</strong></span> <span class='ocrx_word' id='word_1_474' title='bbox 757 3807 920 3862; x_wconf 88' lang='lat' dir='ltr'><strong>omni</strong></span> <span class='ocrx_word' id='word_1_475' title='bbox 953 3803 1223 3861; x_wconf 90' lang='lat' dir='ltr'><strong>doctrina</strong></span> <span class='ocrx_word' id='word_1_476' title='bbox 1272 3803 1648 3861; x_wconf 88' lang='lat' dir='ltr'><strong>informatus.</strong></span> <span class='ocrx_word' id='word_1_477' title='bbox 1694 3805 1817 3860; x_wconf 86' lang='lat' dir='ltr'><strong>Non</strong></span> <span class='ocrx_word' id='word_1_478' title='bbox 1849 3805 2067 3864; x_wconf 89' lang='lat' dir='ltr'><strong>desunt</strong></span> 
     </span>
    </p>
   </div>
   <div class='ocr_carea' id='block_1_70' title="bbox 411 3891 2063 3970">
    <p class='ocr_par' dir='ltr' id='par_1_70' title="bbox 411 3891 2063 3970">
     <span class='ocr_line' id='line_1_70' title="bbox 411 3891 2063 3970; baseline 0 -16"><span class='ocrx_word' id='word_1_479' title='bbox 411 3898 512 3970; x_wconf 87' lang='lat' dir='ltr'><strong>qui</strong></span> <span class='ocrx_word' id='word_1_480' title='bbox 547 3907 677 3953; x_wconf 86' lang='lat' dir='ltr'><strong>eum</strong></span> <span class='ocrx_word' id='word_1_481' title='bbox 709 3897 882 3953; x_wconf 88' lang='lat' dir='ltr'><strong>Dario</strong></span> <span class='ocrx_word' id='word_1_482' title='bbox 914 3895 1066 3950; x_wconf 89' lang='lat' dir='ltr'><strong>victo</strong></span> <span class='ocrx_word' id='word_1_483' title='bbox 1096 3891 1158 3949; x_wconf 90' lang='lat' dir='ltr'><strong>in</strong></span> <span class='ocrx_word' id='word_1_484' title='bbox 1192 3893 1456 3950; x_wconf 88' lang='lat' dir='ltr'><strong>deterius</strong></span> <span class='ocrx_word' id='word_1_485' title='bbox 1488 3901 1747 3950; x_wconf 89' lang='lat' dir='ltr'><strong>mutasse</strong></span> <span class='ocrx_word' id='word_1_486' title='bbox 1795 3896 2063 3954; x_wconf 88' lang='lat' dir='ltr'><strong>animum</strong></span> 
     </span>
    </p>
   </div>
   <div class='ocr_carea' id='block_1_71' title="bbox 407 3981 2061 4058">
    <p class='ocr_par' dir='ltr' id='par_1_71' title="bbox 407 3981 2061 4058">
     <span class='ocr_line' id='line_1_71' title="bbox 407 3981 2061 4058; baseline -0.001 -15"><span class='ocrx_word' id='word_1_487' title='bbox 407 4003 474 4044; x_wconf 89' lang='lat' dir='ltr'><strong>ac</strong></span> <span class='ocrx_word' id='word_1_488' title='bbox 536 4001 598 4042; x_wconf 87' lang='lat' dir='ltr'><strong>se</strong></span> <span class='ocrx_word' id='word_1_489' title='bbox 650 3984 1053 4058; x_wconf 80' lang='lat' dir='ltr'><strong>voluptatibus</strong></span> <span class='ocrx_word' id='word_1_490' title='bbox 1107 3985 1376 4056; x_wconf 86' lang='lat' dir='ltr'><strong>corporis</strong></span> <span class='ocrx_word' id='word_1_491' title='bbox 1431 3981 1665 4039; x_wconf 84' lang='lat' dir='ltr'><strong>dedisse</strong></span> <span class='ocrx_word' id='word_1_492' title='bbox 1723 3985 2061 4043; x_wconf 81' lang='lat' dir='ltr'><strong>afﬂrment:</strong></span> 
     </span>
    </p>
   </div>
   <div class='ocr_carea' id='block_1_72' title="bbox 409 4069 2061 4148">
    <p class='ocr_par' dir='ltr' id='par_1_72' title="bbox 409 4069 2061 4148">
     <span class='ocr_line' id='line_1_72' title="bbox 409 4069 2061 4148; baseline 0 -16"><span class='ocrx_word' id='word_1_493' title='bbox 409 4075 632 4132; x_wconf 87' lang='lat' dir='ltr'><strong>etenim</strong></span> <span class='ocrx_word' id='word_1_494' title='bbox 670 4075 769 4148; x_wconf 84' lang='lat' dir='ltr'><strong>qui</strong></span> <span class='ocrx_word' id='word_1_495' title='bbox 819 4073 962 4130; x_wconf 91' lang='lat' dir='ltr'><strong>olim</strong></span> <span class='ocrx_word' id='word_1_496' title='bbox 1014 4071 1170 4129; x_wconf 89' lang='lat' dir='ltr'><strong>Darii</strong></span> <span class='ocrx_word' id='word_1_497' title='bbox 1231 4069 1384 4130; x_wconf 78' lang='lat' dir='ltr'><strong>ﬁlias</strong></span> <span class='ocrx_word' id='word_1_498' title='bbox 1435 4091 1510 4129; x_wconf 90' lang='lat' dir='ltr'><strong>ne</strong></span> <span class='ocrx_word' id='word_1_499' title='bbox 1569 4073 1768 4131; x_wconf 85' lang='lat' dir='ltr'><strong>videre</strong></span> <span class='ocrx_word' id='word_1_500' title='bbox 1821 4076 2061 4148; x_wconf 90' lang='lat' dir='ltr'><strong>quidem</strong></span> 
     </span>
    </p>
   </div>
   <div class='ocr_carea' id='block_1_73' title="bbox 406 4163 2061 4238">
    <p class='ocr_par' dir='ltr' id='par_1_73' title="bbox 406 4163 2061 4238">
     <span class='ocr_line' id='line_1_73' title="bbox 406 4163 2061 4238; baseline -0.001 -15"><span class='ocrx_word' id='word_1_501' title='bbox 406 4164 811 4236; x_wconf 76' lang='lat' dir='ltr'><strong>sustinuisset,</strong></span> <span class='ocrx_word' id='word_1_502' title='bbox 866 4164 916 4220; x_wconf 88' lang='lat' dir='ltr'><strong>is</strong></span> <span class='ocrx_word' id='word_1_503' title='bbox 977 4170 1037 4220; x_wconf 90' lang='lat' dir='ltr'><strong>et</strong></span> <span class='ocrx_word' id='word_1_504' title='bbox 1095 4163 1332 4219; x_wconf 88' lang='lat' dir='ltr'><strong>Persico</strong></span> <span class='ocrx_word' id='word_1_505' title='bbox 1385 4165 1604 4220; x_wconf 88' lang='lat' dir='ltr'><strong>amictu</strong></span> <span class='ocrx_word' id='word_1_506' title='bbox 1664 4169 1866 4238; x_wconf 89' lang='lat' dir='ltr'><strong>postea</strong></span> <span class='ocrx_word' id='word_1_507' title='bbox 1915 4177 2061 4222; x_wconf 88' lang='lat' dir='ltr'><strong>usus</strong></span> 
     </span>
    </p>
   </div>
   <div class='ocr_carea' id='block_1_74' title="bbox 405 4247 2062 4326">
    <p class='ocr_par' dir='ltr' id='par_1_74' title="bbox 405 4247 2062 4326">
     <span class='ocr_line' id='line_1_74' title="bbox 405 4247 2062 4326; baseline -0.001 -15"><span class='ocrx_word' id='word_1_508' title='bbox 405 4247 614 4312; x_wconf 84' lang='lat' dir='ltr'><strong>decem</strong></span> <span class='ocrx_word' id='word_1_509' title='bbox 645 4253 832 4310; x_wconf 89' lang='lat' dir='ltr'><strong>millia</strong></span> <span class='ocrx_word' id='word_1_510' title='bbox 845 4255 1133 4326; x_wconf 88' lang='lat' dir='ltr'><strong>juvenum</strong></span> <span class='ocrx_word' id='word_1_511' title='bbox 1159 4251 1417 4326; x_wconf 67' lang='lat' dir='ltr'><strong>praesidii</strong></span> <span class='ocrx_word' id='word_1_512' title='bbox 1441 4253 1567 4309; x_wconf 91' lang='lat' dir='ltr'><strong>loco</strong></span> <span class='ocrx_word' id='word_1_513' title='bbox 1583 4254 1739 4310; x_wconf 90' lang='lat' dir='ltr'><strong>circa</strong></span> <span class='ocrx_word' id='word_1_514' title='bbox 1761 4271 1821 4309; x_wconf 90' lang='lat' dir='ltr'><strong>se</strong></span> <span class='ocrx_word' id='word_1_515' title='bbox 1853 4253 2062 4310; x_wconf 85' lang='lat' dir='ltr'><strong>habuit</strong></span> 
     </span>
    </p>
   </div>
   <div class='ocr_carea' id='block_1_75' title="bbox 403 4343 2056 4417">
    <p class='ocr_par' dir='ltr' id='par_1_75' title="bbox 403 4343 2056 4417">
     <span class='ocr_line' id='line_1_75' title="bbox 403 4343 2056 4417; baseline -0.001 -16"><span class='ocrx_word' id='word_1_516' title='bbox 403 4362 474 4400; x_wconf 85' lang='lat' dir='ltr'><strong>ac</strong></span> <span class='ocrx_word' id='word_1_517' title='bbox 501 4348 606 4401; x_wconf 86' lang='lat'><strong>500</strong></span> <span class='ocrx_word' id='word_1_518' title='bbox 630 4343 945 4416; x_wconf 89' lang='lat' dir='ltr'><strong>pellicibus</strong></span> <span class='ocrx_word' id='word_1_519' title='bbox 967 4359 1110 4398; x_wconf 90' lang='lat' dir='ltr'><strong>usus</strong></span> <span class='ocrx_word' id='word_1_520' title='bbox 1134 4349 1239 4407; x_wconf 91' lang='lat' dir='ltr'><strong>est,</strong></span> <span class='ocrx_word' id='word_1_521' title='bbox 1265 4343 1822 4414; x_wconf 86' lang='lat' dir='ltr'><strong>Macedonicamque</strong></span> <span class='ocrx_word' id='word_1_522' title='bbox 1853 4360 2056 4417; x_wconf 87' lang='lat' dir='ltr'><strong>regum</strong></span> 
     </span>
    </p>
   </div>
   <div class='ocr_carea' id='block_1_76' title="bbox 405 4431 2058 4504">
    <p class='ocr_par' dir='ltr' id='par_1_76' title="bbox 405 4431 2058 4504">
     <span class='ocr_line' id='line_1_76' title="bbox 405 4431 2058 4504; baseline -0.001 -15"><span class='ocrx_word' id='word_1_523' title='bbox 405 4431 902 4489; x_wconf 89' lang='lat' dir='ltr'><strong>consuetudinem</strong></span> <span class='ocrx_word' id='word_1_524' title='bbox 932 4449 1174 4504; x_wconf 86' lang='lat' dir='ltr'><strong>prorsus</strong></span> <span class='ocrx_word' id='word_1_525' title='bbox 1206 4433 1266 4486; x_wconf 92' lang='lat' dir='ltr'><strong>in</strong></span> <span class='ocrx_word' id='word_1_526' title='bbox 1298 4433 1593 4487; x_wconf 88' lang='lat' dir='ltr'><strong>Persicam</strong></span> <span class='ocrx_word' id='word_1_527' title='bbox 1636 4433 1902 4488; x_wconf 83' lang='lat' dir='ltr'><strong>mutavit.</strong></span> <span class='ocrx_word' id='word_1_528' title='bbox 1935 4433 2058 4498; x_wconf 89' lang='lat' dir='ltr'><strong>Qua</strong></span> 
     </span>
    </p>
   </div>
   <div class='ocr_carea' id='block_1_77' title="bbox 403 4521 2056 4593">
    <p class='ocr_par' dir='ltr' id='par_1_77' title="bbox 403 4521 2056 4593">
     <span class='ocr_line' id='line_1_77' title="bbox 403 4521 2056 4593; baseline -0.001 -15"><span class='ocrx_word' id='word_1_529' title='bbox 403 4523 477 4578; x_wconf 86' lang='lat' dir='ltr'><strong>de</strong></span> <span class='ocrx_word' id='word_1_530' title='bbox 524 4539 703 4578; x_wconf 88' lang='lat' dir='ltr'><strong>causa</strong></span> <span class='ocrx_word' id='word_1_531' title='bbox 733 4522 913 4577; x_wconf 89' lang='lat' dir='ltr'><strong>etiam</strong></span> <span class='ocrx_word' id='word_1_532' title='bbox 964 4521 1292 4593; x_wconf 87' lang='lat' dir='ltr'><strong>permultos</strong></span> <span class='ocrx_word' id='word_1_533' title='bbox 1348 4521 1706 4578; x_wconf 78' lang='lat' dir='ltr'><strong>Macedonici</strong></span> <span class='ocrx_word' id='word_1_534' title='bbox 1765 4523 2056 4578; x_wconf 88' lang='lat' dir='ltr'><strong>exercitus</strong></span> 
     </span>
    </p>
   </div>
   <div class='ocr_carea' id='block_1_78' title="bbox 403 4607 1040 4666">
    <p class='ocr_par' dir='ltr' id='par_1_78' title="bbox 403 4607 1040 4666">
     <span class='ocr_line' id='line_1_78' title="bbox 403 4607 1040 4666; baseline 0 0"><span class='ocrx_word' id='word_1_535' title='bbox 403 4609 687 4666; x_wconf 86' lang='lat' dir='ltr'><strong>ductores</strong></span> <span class='ocrx_word' id='word_1_536' title='bbox 719 4607 1040 4666; x_wconf 81' lang='lat' dir='ltr'><strong>interfecit.</strong></span> 
     </span>
    </p>
   </div>
   <div class='ocr_carea' id='block_1_79' title="bbox 474 4697 2049 4772">
    <p class='ocr_par' dir='ltr' id='par_1_79' title="bbox 474 4697 2049 4772">
     <span class='ocr_line' id='line_1_79' title="bbox 474 4697 2049 4772; baseline 0.001 -18"><span class='ocrx_word' id='word_1_537' title='bbox 474 4698 700 4754; x_wconf 85' lang='lat' dir='ltr'><strong>Mortuo</strong></span> <span class='ocrx_word' id='word_1_538' title='bbox 731 4697 1086 4766; x_wconf 84' lang='lat' dir='ltr'><strong>Alexandro,</strong></span> <span class='ocrx_word' id='word_1_539' title='bbox 1119 4711 1368 4772; x_wconf 84' lang='lat' dir='ltr'><strong>regnum</strong></span> <span class='ocrx_word' id='word_1_540' title='bbox 1401 4700 1530 4772; x_wconf 89' lang='lat' dir='ltr'><strong>ejus</strong></span> <span class='ocrx_word' id='word_1_541' title='bbox 1561 4699 1621 4753; x_wconf 91' lang='lat' dir='ltr'><strong>in</strong></span> <span class='ocrx_word' id='word_1_542' title='bbox 1658 4697 1877 4756; x_wconf 85' lang='lat' dir='ltr'><strong>multas</strong></span> <span class='ocrx_word' id='word_1_543' title='bbox 1903 4699 2049 4756; x_wconf 85' lang='lat' dir='ltr'><strong>divi-</strong></span> 
     </span>
    </p>
   </div>
   <div class='ocr_carea' id='block_1_80' title="bbox 403 4783 2050 4863">
    <p class='ocr_par' dir='ltr' id='par_1_80' title="bbox 403 4783 2050 4863">
     <span class='ocr_line' id='line_1_80' title="bbox 403 4783 2050 4863; baseline 0.002 -20"><span class='ocrx_word' id='word_1_544' title='bbox 403 4799 535 4844; x_wconf 83' lang='lat' dir='ltr'><strong>sum</strong></span> <span class='ocrx_word' id='word_1_545' title='bbox 573 4793 662 4843; x_wconf 92' lang='lat' dir='ltr'><strong>est</strong></span> <span class='ocrx_word' id='word_1_546' title='bbox 690 4791 909 4860; x_wconf 86' lang='lat' dir='ltr'><strong>partes.</strong></span> <span class='ocrx_word' id='word_1_547' title='bbox 945 4787 1241 4844; x_wconf 64' lang='lat' dir='ltr'><strong>Perdiccas</strong></span> <span class='ocrx_word' id='word_1_548' title='bbox 1299 4783 1740 4844; x_wconf 83' lang='lat' dir='ltr'><strong>Macedonicum</strong></span> <span class='ocrx_word' id='word_1_549' title='bbox 1800 4803 2050 4863; x_wconf 86' lang='lat' dir='ltr'><strong>regnum</strong></span> 
     </span>
    </p>
   </div>
   <div class='ocr_carea' id='block_1_81' title="bbox 403 4875 2052 4951">
    <p class='ocr_par' dir='ltr' id='par_1_81' title="bbox 403 4875 2052 4951">
     <span class='ocr_line' id='line_1_81' title="bbox 403 4875 2052 4951; baseline 0.002 -18"><span class='ocrx_word' id='word_1_550' title='bbox 403 4879 560 4933; x_wconf 89' lang='lat' dir='ltr'><strong>sorte</strong></span> <span class='ocrx_word' id='word_1_551' title='bbox 593 4877 822 4951; x_wconf 88' lang='lat' dir='ltr'><strong>obtigit,</strong></span> <span class='ocrx_word' id='word_1_552' title='bbox 853 4877 1176 4934; x_wconf 61' lang='lat' dir='ltr'><strong>Ptolemaeo</strong></span> <span class='ocrx_word' id='word_1_553' title='bbox 1209 4876 1342 4950; x_wconf 86' lang='lat' dir='ltr'><strong>Lagi</strong></span> <span class='ocrx_word' id='word_1_554' title='bbox 1367 4875 1489 4932; x_wconf 82' lang='lat' dir='ltr'><strong>filio</strong></span> <span class='ocrx_word' id='word_1_555' title='bbox 1513 4877 1789 4950; x_wconf 51' lang='lat' dir='ltr'><strong>[Egyptus</strong></span> <span class='ocrx_word' id='word_1_556' title='bbox 1820 4879 1972 4936; x_wconf 71' lang='lat'><strong>213</strong></span> <span class='ocrx_word' id='word_1_557' title='bbox 1993 4883 2052 4936; x_wconf 86' lang='lat' dir='ltr'><strong>et</strong></span> 
     </span>
    </p>
   </div>
   <div class='ocr_carea' id='block_1_82' title="bbox 405 4963 2048 5038">
    <p class='ocr_par' dir='ltr' id='par_1_82' title="bbox 405 4963 2048 5038">
     <span class='ocr_line' id='line_1_82' title="bbox 405 4963 2048 5038; baseline 0.001 -14"><span class='ocrx_word' id='word_1_558' title='bbox 405 4963 785 5038; x_wconf 80' lang='lat' dir='ltr'><strong>Alexandria,</strong></span> <span class='ocrx_word' id='word_1_559' title='bbox 847 4967 1116 5036; x_wconf 86' lang='lat' dir='ltr'><strong>Seleuco,</strong></span> <span class='ocrx_word' id='word_1_560' title='bbox 1166 4967 1357 5038; x_wconf 86' lang='lat' dir='ltr'><strong>quiet</strong></span> <span class='ocrx_word' id='word_1_561' title='bbox 1412 4966 1667 5024; x_wconf 79' lang='lat' dir='ltr'><strong>Nicanor</strong></span> <span class='ocrx_word' id='word_1_562' title='bbox 1714 4965 1932 5025; x_wconf 89' lang='lat' dir='ltr'><strong>dicitur</strong></span> <span class='ocrx_word' id='word_1_563' title='bbox 1979 4987 2048 5026; x_wconf 93' lang='lat' dir='ltr'><strong>eo</strong></span> 
     </span>
    </p>
   </div>
   <div class='ocr_carea' id='block_1_83' title="bbox 397 5053 2052 5131">
    <p class='ocr_par' dir='ltr' id='par_1_83' title="bbox 397 5053 2052 5131">
     <span class='ocr_line' id='line_1_83' title="bbox 397 5053 2052 5131; baseline 0.001 -17"><span class='ocrx_word' id='word_1_564' title='bbox 397 5057 557 5131; x_wconf 90' lang='lat' dir='ltr'><strong>quod</strong></span> <span class='ocrx_word' id='word_1_565' title='bbox 588 5057 661 5114; x_wconf 84' lang='lat' dir='ltr'><strong>ad</strong></span> <span class='ocrx_word' id='word_1_566' title='bbox 695 5053 1053 5129; x_wconf 77' lang='lat' dir='ltr'><strong>Babylonem</strong></span> <span class='ocrx_word' id='word_1_567' title='bbox 1086 5053 1355 5112; x_wconf 87' lang='lat' dir='ltr'><strong>duxisset</strong></span> <span class='ocrx_word' id='word_1_568' title='bbox 1381 5071 1447 5112; x_wconf 87' lang='lat' dir='ltr'><strong>ac</strong></span> <span class='ocrx_word' id='word_1_569' title='bbox 1477 5055 1760 5113; x_wconf 88' lang='lat' dir='ltr'><strong>barbaros</strong></span> <span class='ocrx_word' id='word_1_570' title='bbox 1784 5075 2052 5130; x_wconf 85' lang='lat' dir='ltr'><strong>superas-</strong></span> 
     </span>
    </p>
   </div>
   <div class='ocr_carea' id='block_1_84' title="bbox 395 5145 2049 5221">
    <p class='ocr_par' dir='ltr' id='par_1_84' title="bbox 395 5145 2049 5221">
     <span class='ocr_line' id='line_1_84' title="bbox 395 5145 2049 5221; baseline 0.001 -16"><span class='ocrx_word' id='word_1_571' title='bbox 395 5151 502 5218; x_wconf 69' lang='lat' dir='ltr'><strong>set,</strong></span> <span class='ocrx_word' id='word_1_572' title='bbox 532 5149 701 5221; x_wconf 78' lang='lat' dir='ltr'><strong>Syria</strong></span> <span class='ocrx_word' id='word_1_573' title='bbox 729 5152 788 5202; x_wconf 89' lang='lat' dir='ltr'><strong>et</strong></span> <span class='ocrx_word' id='word_1_574' title='bbox 819 5146 1102 5219; x_wconf 88' lang='lat' dir='ltr'><strong>Babylon,</strong></span> <span class='ocrx_word' id='word_1_575' title='bbox 1129 5145 1419 5214; x_wconf 80' lang='lat' dir='ltr'><strong>Antigono</strong></span> <span class='ocrx_word' id='word_1_576' title='bbox 1451 5145 1668 5214; x_wconf 87' lang='lat' dir='ltr'><strong>Cilicia,</strong></span> <span class='ocrx_word' id='word_1_577' title='bbox 1705 5165 1834 5220; x_wconf 75' lang='lat' dir='ltr'><strong>quae</strong></span> <span class='ocrx_word' id='word_1_578' title='bbox 1865 5155 1955 5204; x_wconf 83' lang='lat' dir='ltr'><strong>est</strong></span> <span class='ocrx_word' id='word_1_579' title='bbox 1975 5151 2049 5206; x_wconf 87' lang='lat' dir='ltr'><strong>ad</strong></span> 
     </span>
    </p>
   </div>
   <div class='ocr_carea' id='block_1_85' title="bbox 391 5235 2046 5309">
    <p class='ocr_par' dir='ltr' id='par_1_85' title="bbox 391 5235 2046 5309">
     <span class='ocr_line' id='line_1_85' title="bbox 391 5235 2046 5309; baseline 0.002 -18"><span class='ocrx_word' id='word_1_580' title='bbox 391 5235 672 5303; x_wconf 84' lang='lat' dir='ltr'><strong>Taurum,</strong></span> <span class='ocrx_word' id='word_1_581' title='bbox 705 5235 1170 5302; x_wconf 82' lang='lat' dir='ltr'><strong>PhiloniMedia,</strong></span> <span class='ocrx_word' id='word_1_582' title='bbox 1197 5235 1449 5306; x_wconf 89' lang='lat' dir='ltr'><strong>Pythoni</strong></span> <span class='ocrx_word' id='word_1_583' title='bbox 1482 5237 1735 5309; x_wconf 81' lang='lat' dir='ltr'><strong>Phrygia</strong></span> <span class='ocrx_word' id='word_1_584' title='bbox 1757 5244 1813 5291; x_wconf 89' lang='lat' dir='ltr'><strong>et</strong></span> <span class='ocrx_word' id='word_1_585' title='bbox 1845 5237 2046 5308; x_wconf 76' lang='lat' dir='ltr'><strong>Lydia,</strong></span> 
     </span>
    </p>
   </div>
   <div class='ocr_carea' id='block_1_86' title="bbox 393 5325 2047 5399">
    <p class='ocr_par' dir='ltr' id='par_1_86' title="bbox 393 5325 2047 5399">
     <span class='ocr_line' id='line_1_86' title="bbox 393 5325 2047 5399; baseline 0.002 -18"><span class='ocrx_word' id='word_1_586' title='bbox 393 5327 683 5399; x_wconf 82' lang='lat' dir='ltr'><strong>Meleagro</strong></span> <span class='ocrx_word' id='word_1_587' title='bbox 725 5325 1147 5396; x_wconf 81' lang='lat' dir='ltr'><strong>Paphlagonia,</strong></span> <span class='ocrx_word' id='word_1_588' title='bbox 1181 5325 1428 5379; x_wconf 86' lang='lat' dir='ltr'><strong>Eumeni</strong></span> <span class='ocrx_word' id='word_1_589' title='bbox 1485 5327 1875 5398; x_wconf 88' lang='lat' dir='ltr'><strong>Cappodocia,</strong></span> <span class='ocrx_word' id='word_1_590' title='bbox 1931 5329 2047 5384; x_wconf 81' lang='lat' dir='ltr'><strong>Ca-</strong></span> 
     </span>
    </p>
   </div>
   <div class='ocr_carea' id='block_1_87' title="bbox 395 5413 2045 5488">
    <p class='ocr_par' dir='ltr' id='par_1_87' title="bbox 395 5413 2045 5488">
     <span class='ocr_line' id='line_1_87' title="bbox 395 5413 2045 5488; baseline 0.004 -22"><span class='ocrx_word' id='word_1_591' title='bbox 395 5416 609 5470; x_wconf 85' lang='lat' dir='ltr'><strong>sandro</strong></span> <span class='ocrx_word' id='word_1_592' title='bbox 643 5415 815 5486; x_wconf 75' lang='lat' dir='ltr'><strong>Lycia</strong></span> <span class='ocrx_word' id='word_1_593' title='bbox 865 5414 938 5469; x_wconf 89' lang='lat' dir='ltr'><strong>ad</strong></span> <span class='ocrx_word' id='word_1_594' title='bbox 973 5413 1440 5486; x_wconf 81' lang='lat' dir='ltr'><strong>Hellespontum,</strong></span> <span class='ocrx_word' id='word_1_595' title='bbox 1487 5415 1831 5488; x_wconf 73' lang='lat' dir='ltr'><strong>Lysimacho</strong></span> <span class='ocrx_word' id='word_1_596' title='bbox 1864 5417 2045 5473; x_wconf 84' lang='lat' dir='ltr'><strong>Thra-</strong></span> 
     </span>
    </p>
   </div>
   <div class='ocr_carea' id='block_1_88' title="bbox 398 5499 2046 5578">
    <p class='ocr_par' dir='ltr' id='par_1_88' title="bbox 398 5499 2046 5578">
     <span class='ocr_line' id='line_1_88' title="bbox 398 5499 2046 5578; baseline 0.005 -24"><span class='ocrx_word' id='word_1_597' title='bbox 398 5499 508 5568; x_wconf 89' lang='lat' dir='ltr'><strong>cia,</strong></span> <span class='ocrx_word' id='word_1_598' title='bbox 536 5503 842 5576; x_wconf 83' lang='lat' dir='ltr'><strong>Antipatro</strong></span> <span class='ocrx_word' id='word_1_599' title='bbox 867 5506 1110 5568; x_wconf 88' lang='lat' dir='ltr'><strong>Pontus,</strong></span> <span class='ocrx_word' id='word_1_600' title='bbox 1131 5505 1399 5576; x_wconf 68' lang='lat' dir='ltr'><strong>Oxyartes</strong></span> <span class='ocrx_word' id='word_1_601' title='bbox 1418 5504 1747 5573; x_wconf 87' lang='lat' dir='ltr'><strong>Bactriana,</strong></span> <span class='ocrx_word' id='word_1_602' title='bbox 1773 5505 2046 5578; x_wconf 87' lang='lat' dir='ltr'><strong>Philippo</strong></span> 
     </span>
    </p>
   </div>
   <div class='ocr_carea' id='block_1_89' title="bbox 396 5587 2047 5664">
    <p class='ocr_par' dir='ltr' id='par_1_89' title="bbox 396 5587 2047 5664">
     <span class='ocr_line' id='line_1_89' title="bbox 396 5587 2047 5664; baseline 0.007 -22"><span class='ocrx_word' id='word_1_603' title='bbox 396 5587 700 5661; x_wconf 76' lang='lat' dir='ltr'><strong>Dragaena,</strong></span> <span class='ocrx_word' id='word_1_604' title='bbox 760 5595 908 5648; x_wconf 91' lang='lat' dir='ltr'><strong>Poro</strong></span> <span class='ocrx_word' id='word_1_605' title='bbox 957 5595 1145 5660; x_wconf 81' lang='lat' dir='ltr'><strong>India,</strong></span> <span class='ocrx_word' id='word_1_606' title='bbox 1207 5593 1638 5664; x_wconf 85' lang='lat' dir='ltr'><strong>Phratapherni</strong></span> <span class='ocrx_word' id='word_1_607' title='bbox 1693 5595 1930 5650; x_wconf 84' lang='lat' dir='ltr'><strong>Parthia</strong></span> <span class='ocrx_word' id='word_1_608' title='bbox 1989 5603 2047 5653; x_wconf 89' lang='lat' dir='ltr'><strong>et</strong></span> 
     </span>
    </p>
   </div>
   <div class='ocr_carea' id='block_1_90' title="bbox 398 5673 2046 5756">
    <p class='ocr_par' dir='ltr' id='par_1_90' title="bbox 398 5673 2046 5756">
     <span class='ocr_line' id='line_1_90' title="bbox 398 5673 2046 5756; baseline 0.008 -29"><span class='ocrx_word' id='word_1_609' title='bbox 398 5673 707 5746; x_wconf 82' lang='lat' dir='ltr'><strong>Hyrcania,</strong></span> <span class='ocrx_word' id='word_1_610' title='bbox 732 5681 1065 5751; x_wconf 90' lang='lat' dir='ltr'><strong>Tripolemo</strong></span> <span class='ocrx_word' id='word_1_611' title='bbox 1097 5683 1312 5750; x_wconf 87' lang='lat' dir='ltr'><strong>Persis,</strong></span> <span class='ocrx_word' id='word_1_612' title='bbox 1363 5682 1658 5737; x_wconf 78' lang='lat' dir='ltr'><strong>Arcesilan</strong></span> <span class='ocrx_word' id='word_1_613' title='bbox 1715 5685 2046 5756; x_wconf 77' lang='lat' dir='ltr'><strong>Mesopota-</strong></span> 
     </span>
    </p>
   </div>
   <div class='ocr_carea' id='block_1_91' title="bbox 2187 3265 3842 3346">
    <p class='ocr_par' dir='ltr' id='par_1_91' title="bbox 2187 3265 3842 3346">
     <span class='ocr_line' id='line_1_91' title="bbox 2187 3265 3842 3346; baseline 0.002 -24"><span class='ocrx_word' id='word_1_614' title='bbox 2187 3265 2478 3334; x_wconf 80' lang='grc' dir='ltr'>διαπτῆναι</span> <span class='ocrx_word' id='word_1_615' title='bbox 2509 3269 2606 3339; x_wconf 68' lang='grc' dir='ltr'><strong>τήν</strong></span> <span class='ocrx_word' id='word_1_616' title='bbox 2647 3267 2976 3342; x_wconf 67' lang='grc' dir='ltr'>οἶκουμένην</span> <span class='ocrx_word' id='word_1_617' title='bbox 3025 3269 3160 3343; x_wconf 76' lang='grc' dir='ltr'>μέτά</span> <span class='ocrx_word' id='word_1_618' title='bbox 3217 3270 3491 3346; x_wconf 83' lang='grc' dir='ltr'>τροπαίων</span> <span class='ocrx_word' id='word_1_619' title='bbox 3542 3269 3633 3325; x_wconf 75' lang='grc' dir='ltr'><strong>καὶ</strong></span> <span class='ocrx_word' id='word_1_620' title='bbox 3683 3268 3842 3342; x_wconf 84' lang='grc' dir='ltr'>νίκηε</span> 
     </span>
    </p>
   </div>
   <div class='ocr_carea' id='block_1_92' title="bbox 2183 3355 3838 3440">
    <p class='ocr_par' dir='ltr' id='par_1_92' title="bbox 2183 3355 3838 3440">
     <span class='ocr_line' id='line_1_92' title="bbox 2183 3355 3838 3440; baseline 0.001 -28"><span class='ocrx_word' id='word_1_621' title='bbox 2183 3358 2628 3437; x_wconf 70' lang='grc' dir='ltr'>προϋποφαίνων.</span> <span class='ocrx_word' id='word_1_622' title='bbox 2697 3363 2936 3414; x_wconf 79' lang='grc' dir='ltr'>’Ἤκουσε</span> <span class='ocrx_word' id='word_1_623' title='bbox 2985 3355 3044 3414; x_wconf 71' lang='grc' dir='ltr'>δὲ</span> <span class='ocrx_word' id='word_1_624' title='bbox 3128 3360 3218 3415; x_wconf 86' lang='grc' dir='ltr'><strong>καὶ</strong></span> <span class='ocrx_word' id='word_1_625' title='bbox 3301 3381 3450 3424; x_wconf 88' lang='grc' dir='ltr'>τινος</span> <span class='ocrx_word' id='word_1_626' title='bbox 3523 3360 3838 3440; x_wconf 75' lang='grc' dir='ltr'>φιλοσύιρου</span> 
     </span>
    </p>
   </div>
   <div class='ocr_carea' id='block_1_93' title="bbox 2181 3443 3838 3526">
    <p class='ocr_par' dir='ltr' id='par_1_93' title="bbox 2181 3443 3838 3526">
     <span class='ocr_line' id='line_1_93' title="bbox 2181 3443 3838 3526; baseline 0 -25"><span class='ocrx_word' id='word_1_627' title='bbox 2181 3443 2428 3510; x_wconf 81' lang='grc' dir='ltr'>εἰπόντος</span> <span class='ocrx_word' id='word_1_628' title='bbox 2461 3447 2546 3503; x_wconf 77' lang='grc' dir='ltr'><strong>ὅτι</strong></span> <span class='ocrx_word' id='word_1_629' title='bbox 2579 3445 2794 3522; x_wconf 70' lang='grc' dir='ltr'>ἄπειροι</span> <span class='ocrx_word' id='word_1_630' title='bbox 2825 3447 3023 3520; x_wconf 81' lang='grc' dir='ltr'>κόσμοι</span> <span class='ocrx_word' id='word_1_631' title='bbox 3057 3445 3182 3522; x_wconf 82' lang='grc' dir='ltr'>είσὶ,</span> <span class='ocrx_word' id='word_1_632' title='bbox 3212 3447 3302 3504; x_wconf 82' lang='grc' dir='ltr'><strong>καὶ</strong></span> <span class='ocrx_word' id='word_1_633' title='bbox 3337 3447 3550 3526; x_wconf 80' lang='grc' dir='ltr'>μεγάλα</span> <span class='ocrx_word' id='word_1_634' title='bbox 3579 3449 3838 3520; x_wconf 80' lang='grc' dir='ltr'>στενάξας</span> 
     </span>
    </p>
   </div>
   <div class='ocr_carea' id='block_1_94' title="bbox 2178 3531 3830 3613">
    <p class='ocr_par' dir='ltr' id='par_1_94' title="bbox 2178 3531 3830 3613">
     <span class='ocr_line' id='line_1_94' title="bbox 2178 3531 3830 3613; baseline 0.002 -21"><span class='ocrx_word' id='word_1_635' title='bbox 2178 3531 2303 3609; x_wconf 67' lang='grc' dir='ltr'>ἔφη·</span> <span class='ocrx_word' id='word_1_636' title='bbox 2339 3535 2458 3594; x_wconf 74' lang='grc' dir='ltr'><strong>Εἶτ’</strong></span> <span class='ocrx_word' id='word_1_637' title='bbox 2491 3535 2723 3612; x_wconf 66' lang='grc' dir='ltr'>ἀπείρων</span> <span class='ocrx_word' id='word_1_638' title='bbox 2757 3533 2930 3592; x_wconf 68' lang='grc' dir='ltr'>ὄντων</span> <span class='ocrx_word' id='word_1_639' title='bbox 2965 3535 3098 3612; x_wconf 86' lang='grc' dir='ltr'>μηδ’</span> <span class='ocrx_word' id='word_1_640' title='bbox 3148 3537 3262 3601; x_wconf 70' lang='grc' dir='ltr'>ἑνὸς</span> <span class='ocrx_word' id='word_1_641' title='bbox 3321 3535 3428 3613; x_wconf 80' lang='grc' dir='ltr'>ἐγὼ</span> <span class='ocrx_word' id='word_1_642' title='bbox 3481 3537 3830 3612; x_wconf 74' lang='grc' dir='ltr'>κεκράτηκαῐ</span> 
     </span>
    </p>
   </div>
   <div class='ocr_carea' id='block_1_95' title="bbox 2177 3625 3829 3704">
    <p class='ocr_par' dir='ltr' id='par_1_95' title="bbox 2177 3625 3829 3704">
     <span class='ocr_line' id='line_1_95' title="bbox 2177 3625 3829 3704; baseline -0.001 -21"><span class='ocrx_word' id='word_1_643' title='bbox 2177 3625 2365 3689; x_wconf 68' lang='grc' dir='ltr'>Οὕτως</span> <span class='ocrx_word' id='word_1_644' title='bbox 2422 3628 2488 3696; x_wconf 79' lang='grc' dir='ltr'>ἦν</span> <span class='ocrx_word' id='word_1_645' title='bbox 2547 3627 2916 3702; x_wconf 67' lang='grc' dir='ltr'>μεγαλόφρων</span> <span class='ocrx_word' id='word_1_646' title='bbox 2970 3629 3058 3683; x_wconf 80' lang='grc' dir='ltr'><strong>καὶ</strong></span> <span class='ocrx_word' id='word_1_647' title='bbox 3127 3625 3526 3704; x_wconf 84' lang='grc' dir='ltr'>μεγαλόψυχος</span> <span class='ocrx_word' id='word_1_648' title='bbox 3575 3628 3665 3682; x_wconf 73' lang='grc' dir='ltr'><strong>καί</strong></span> <span class='ocrx_word' id='word_1_649' title='bbox 3725 3627 3829 3682; x_wconf 87' lang='grc' dir='ltr'>σώ-</span> 
     </span>
    </p>
   </div>
   <div class='ocr_carea' id='block_1_96' title="bbox 2175 3714 3827 3795">
    <p class='ocr_par' dir='ltr' id='par_1_96' title="bbox 2175 3714 3827 3795">
     <span class='ocr_line' id='line_1_96' title="bbox 2175 3714 3827 3795; baseline 0.002 -26"><span class='ocrx_word' id='word_1_650' title='bbox 2175 3737 2346 3792; x_wconf 70' lang='grc' dir='ltr'>φρων·</span> <span class='ocrx_word' id='word_1_651' title='bbox 2393 3714 2742 3792; x_wconf 80' lang='grc' dir='ltr'>Αριστοτέλει</span> <span class='ocrx_word' id='word_1_652' title='bbox 2800 3717 2904 3795; x_wconf 76' lang='grc' dir='ltr'><strong>γάρ</strong></span> <span class='ocrx_word' id='word_1_653' title='bbox 2956 3717 3307 3792; x_wconf 71' lang='grc' dir='ltr'>μαθητευθεῖς</span> <span class='ocrx_word' id='word_1_654' title='bbox 3365 3724 3538 3774; x_wconf 75' lang='grc' dir='ltr'>πᾶσαν</span> <span class='ocrx_word' id='word_1_655' title='bbox 3599 3715 3827 3794; x_wconf 68' lang='grc' dir='ltr'>λογικὴν</span> 
     </span>
    </p>
   </div>
   <div class='ocr_carea' id='block_1_97' title="bbox 2175 3805 3828 3883">
    <p class='ocr_par' dir='ltr' id='par_1_97' title="bbox 2175 3805 3828 3883">
     <span class='ocr_line' id='line_1_97' title="bbox 2175 3805 3828 3883; baseline 0.002 -23"><span class='ocrx_word' id='word_1_656' title='bbox 2175 3806 2484 3880; x_wconf 72' lang='grc' dir='ltr'>ἐπιστήμην</span> <span class='ocrx_word' id='word_1_657' title='bbox 2515 3807 2590 3868; x_wconf 82' lang='grc' dir='ltr'><strong>είς</strong></span> <span class='ocrx_word' id='word_1_658' title='bbox 2640 3808 2802 3883; x_wconf 77' lang='grc' dir='ltr'>ἄκρον</span> <span class='ocrx_word' id='word_1_659' title='bbox 2857 3806 3170 3880; x_wconf 70' lang='grc' dir='ltr'>ἐπαιδεύθη.</span> <span class='ocrx_word' id='word_1_660' title='bbox 3235 3807 3374 3863; x_wconf 79' lang='grc' dir='ltr'>Φασὶ</span> <span class='ocrx_word' id='word_1_661' title='bbox 3434 3805 3491 3863; x_wconf 78' lang='grc' dir='ltr'><strong>δέ</strong></span> <span class='ocrx_word' id='word_1_662' title='bbox 3543 3828 3685 3870; x_wconf 82' lang='grc' dir='ltr'>τινες</span> <span class='ocrx_word' id='word_1_663' title='bbox 3743 3809 3828 3864; x_wconf 80' lang='grc' dir='ltr'>’ὁτι</span> 
     </span>
    </p>
   </div>
   <div class='ocr_carea' id='block_1_98' title="bbox 2176 3895 3826 3974">
    <p class='ocr_par' dir='ltr' id='par_1_98' title="bbox 2176 3895 3826 3974">
     <span class='ocr_line' id='line_1_98' title="bbox 2176 3895 3826 3974; baseline -0.001 -22"><span class='ocrx_word' id='word_1_664' title='bbox 2176 3898 2310 3970; x_wconf 78' lang='grc' dir='ltr'>μετά</span> <span class='ocrx_word' id='word_1_665' title='bbox 2361 3899 2463 3966; x_wconf 68' lang='grc' dir='ltr'><strong>τὴν</strong></span> <span class='ocrx_word' id='word_1_666' title='bbox 2501 3896 2652 3965; x_wconf 88' lang='grc' dir='ltr'>νίκην</span> <span class='ocrx_word' id='word_1_667' title='bbox 2715 3897 2942 3972; x_wconf 75' lang='grc' dir='ltr'>Δαρείου</span> <span class='ocrx_word' id='word_1_668' title='bbox 2999 3895 3315 3974; x_wconf 65' lang='grc' dir='ltr'>διαφθαρείς</span> <span class='ocrx_word' id='word_1_669' title='bbox 3365 3899 3458 3953; x_wconf 88' lang='grc' dir='ltr'>τὸν</span> <span class='ocrx_word' id='word_1_670' title='bbox 3513 3902 3634 3952; x_wconf 70' lang='grc' dir='ltr'>νοῦν</span> <span class='ocrx_word' id='word_1_671' title='bbox 3689 3897 3826 3971; x_wconf 85' lang='grc' dir='ltr'>πρὸς</span> 
     </span>
    </p>
   </div>
   <div class='ocr_carea' id='block_1_99' title="bbox 2168 3982 3829 4059">
    <p class='ocr_par' dir='ltr' id='par_1_99' title="bbox 2168 3982 3829 4059">
     <span class='ocr_line' id='line_1_99' title="bbox 2168 3982 3829 4059; baseline -0.002 -19"><span class='ocrx_word' id='word_1_672' title='bbox 2168 3984 2262 4048; x_wconf 75' lang='grc' dir='ltr'><strong>τάς</strong></span> <span class='ocrx_word' id='word_1_673' title='bbox 2309 3987 2407 4041; x_wconf 70' lang='grc' dir='ltr'><strong>τού</strong></span> <span class='ocrx_word' id='word_1_674' title='bbox 2467 3987 2720 4059; x_wconf 86' lang='grc' dir='ltr'>σώματος</span> <span class='ocrx_word' id='word_1_675' title='bbox 2778 3982 2974 4054; x_wconf 78' lang='grc' dir='ltr'>ἡδονάς</span> <span class='ocrx_word' id='word_1_676' title='bbox 3026 3983 3314 4042; x_wconf 81' lang='grc' dir='ltr'>διώλισθεν</span> <span class='ocrx_word' id='word_1_677' title='bbox 3349 3987 3376 4041; x_wconf 70' lang='grc' dir='ltr'>ὁ</span> <span class='ocrx_word' id='word_1_678' title='bbox 3412 3982 3542 4059; x_wconf 83' lang='grc' dir='ltr'>μηδ’</span> <span class='ocrx_word' id='word_1_679' title='bbox 3589 3984 3829 4059; x_wconf 78' lang='grc' dir='ltr'>ἀνασχό-</span> 
     </span>
    </p>
   </div>
   <div class='ocr_carea' id='block_1_100' title="bbox 2174 4069 3826 4153">
    <p class='ocr_par' dir='ltr' id='par_1_100' title="bbox 2174 4069 3826 4153">
     <span class='ocr_line' id='line_1_100' title="bbox 2174 4069 3826 4153; baseline -0.001 -24"><span class='ocrx_word' id='word_1_680' title='bbox 2174 4095 2334 4150; x_wconf 88' lang='grc' dir='ltr'>μενος</span> <span class='ocrx_word' id='word_1_681' title='bbox 2391 4074 2656 4150; x_wconf 85' lang='grc' dir='ltr'>πρότερον</span> <span class='ocrx_word' id='word_1_682' title='bbox 2702 4075 2800 4138; x_wconf 76' lang='grc' dir='ltr'><strong>τάς</strong></span> <span class='ocrx_word' id='word_1_683' title='bbox 2855 4073 3084 4151; x_wconf 81' lang='grc' dir='ltr'>Δαρείου</span> <span class='ocrx_word' id='word_1_684' title='bbox 3167 4069 3454 4153; x_wconf 73' lang='grc' dir='ltr'>θυγατέρας</span> <span class='ocrx_word' id='word_1_685' title='bbox 3513 4075 3826 4146; x_wconf 80' lang='grc' dir='ltr'>θεάσασθαι,</span> 
     </span>
    </p>
   </div>
   <div class='ocr_carea' id='block_1_101' title="bbox 2170 4160 3829 4240">
    <p class='ocr_par' dir='ltr' id='par_1_101' title="bbox 2170 4160 3829 4240">
     <span class='ocr_line' id='line_1_101' title="bbox 2170 4160 3829 4240; baseline -0.002 -18"><span class='ocrx_word' id='word_1_686' title='bbox 2170 4165 2442 4240; x_wconf 82' lang='grc' dir='ltr'>Περσικήν</span> <span class='ocrx_word' id='word_1_687' title='bbox 2473 4185 2532 4219; x_wconf 83' lang='grc' dir='ltr'><strong>τε</strong></span> <span class='ocrx_word' id='word_1_688' title='bbox 2562 4161 2765 4234; x_wconf 73' lang='grc' dir='ltr'>στολὴν</span> <span class='ocrx_word' id='word_1_689' title='bbox 2827 4161 3192 4239; x_wconf 75' lang='grc' dir='ltr'>ἐνδυσάμενος</span> <span class='ocrx_word' id='word_1_690' title='bbox 3254 4166 3469 4240; x_wconf 84' lang='grc' dir='ltr'>μυρίοις</span> <span class='ocrx_word' id='word_1_691' title='bbox 3523 4161 3662 4226; x_wconf 72' lang='grc' dir='ltr'>νέοις</span> <span class='ocrx_word' id='word_1_692' title='bbox 3709 4160 3829 4218; x_wconf 78' lang='grc' dir='ltr'>ἐδο-</span> 
     </span>
    </p>
   </div>
   <div class='ocr_carea' id='block_1_102' title="bbox 2173 4251 3832 4333">
    <p class='ocr_par' dir='ltr' id='par_1_102' title="bbox 2173 4251 3832 4333">
     <span class='ocr_line' id='line_1_102' title="bbox 2173 4251 3832 4333; baseline -0.001 -25"><span class='ocrx_word' id='word_1_693' title='bbox 2173 4259 2458 4332; x_wconf 65' lang='grc' dir='ltr'>ρυφορεῖτο</span> <span class='ocrx_word' id='word_1_694' title='bbox 2490 4253 2580 4308; x_wconf 72' lang='grc' dir='ltr'><strong>καὶ</strong></span> <span class='ocrx_word' id='word_1_695' title='bbox 2609 4252 2944 4326; x_wconf 83' lang='grc' dir='ltr'>τριακοσίαις</span> <span class='ocrx_word' id='word_1_696' title='bbox 2979 4252 3292 4315; x_wconf 86' lang='grc' dir='ltr'>παλλακαῖς</span> <span class='ocrx_word' id='word_1_697' title='bbox 3325 4251 3556 4333; x_wconf 78' lang='grc' dir='ltr'>ἐχρῆτο,</span> <span class='ocrx_word' id='word_1_698' title='bbox 3607 4251 3684 4318; x_wconf 84' lang='grc' dir='ltr'>ὡς</span> <span class='ocrx_word' id='word_1_699' title='bbox 3729 4253 3832 4322; x_wconf 70' lang='grc' dir='ltr'>τὴν</span> 
     </span>
    </p>
   </div>
   <div class='ocr_carea' id='block_1_103' title="bbox 2171 4337 3828 4418">
    <p class='ocr_par' dir='ltr' id='par_1_103' title="bbox 2171 4337 3828 4418">
     <span class='ocr_line' id='line_1_103' title="bbox 2171 4337 3828 4418; baseline -0.003 -18"><span class='ocrx_word' id='word_1_700' title='bbox 2171 4337 2548 4411; x_wconf 62' lang='grc' dir='ltr'>Μακεδονικῆς)</span> <span class='ocrx_word' id='word_1_701' title='bbox 2635 4347 2808 4397; x_wconf 81' lang='grc' dir='ltr'>πᾶσαν</span> <span class='ocrx_word' id='word_1_702' title='bbox 2890 4347 3000 4398; x_wconf 85' lang='grc' dir='ltr'>τῶν</span> <span class='ocrx_word' id='word_1_703' title='bbox 3050 4341 3319 4418; x_wconf 75' lang='grc' dir='ltr'>βασιλέων</span> <span class='ocrx_word' id='word_1_704' title='bbox 3411 4343 3697 4413; x_wconf 76' lang='grc' dir='ltr'>συνήθειαν</span> <span class='ocrx_word' id='word_1_705' title='bbox 3751 4341 3828 4404; x_wconf 87' lang='grc' dir='ltr'><strong>εἰς</strong></span> 
     </span>
    </p>
   </div>
   <div class='ocr_carea' id='block_1_104' title="bbox 2171 4426 3832 4512">
    <p class='ocr_par' dir='ltr' id='par_1_104' title="bbox 2171 4426 3832 4512">
     <span class='ocr_line' id='line_1_104' title="bbox 2171 4426 3832 4512; baseline -0.002 -25"><span class='ocrx_word' id='word_1_706' title='bbox 2171 4431 2439 4506; x_wconf 73' lang='grc' dir='ltr'>Περσικῆν</span> <span class='ocrx_word' id='word_1_707' title='bbox 2503 4429 2801 4504; x_wconf 83' lang='grc' dir='ltr'>μετελθεῖν.</span> <span class='ocrx_word' id='word_1_708' title='bbox 2899 4431 3055 4489; x_wconf 83' lang='grc' dir='ltr'>Ὀθεν</span> <span class='ocrx_word' id='word_1_709' title='bbox 3125 4429 3215 4486; x_wconf 74' lang='grc' dir='ltr'><strong>καὶ</strong></span> <span class='ocrx_word' id='word_1_710' title='bbox 3295 4431 3558 4512; x_wconf 75' lang='grc' dir='ltr'>ἐξάρχους</span> <span class='ocrx_word' id='word_1_711' title='bbox 3633 4426 3832 4506; x_wconf 75' lang='grc' dir='ltr'>ἄνδρας</span> 
     </span>
    </p>
   </div>
   <div class='ocr_carea' id='block_1_105' title="bbox 2169 4521 3580 4598">
    <p class='ocr_par' dir='ltr' id='par_1_105' title="bbox 2169 4521 3580 4598">
     <span class='ocr_line' id='line_1_105' title="bbox 2169 4521 3580 4598; baseline 0 -20"><span class='ocrx_word' id='word_1_712' title='bbox 2169 4527 2275 4578; x_wconf 79' lang='grc' dir='ltr'>τῶν</span> <span class='ocrx_word' id='word_1_713' title='bbox 2311 4521 2691 4579; x_wconf 78' lang='grc' dir='ltr'>Μακεδονικῶν</span> <span class='ocrx_word' id='word_1_714' title='bbox 2732 4523 3020 4598; x_wconf 83' lang='grc' dir='ltr'>ταγμάτων</span> <span class='ocrx_word' id='word_1_715' title='bbox 3053 4521 3347 4586; x_wconf 86' lang='grc' dir='ltr'>πλείστους</span> <span class='ocrx_word' id='word_1_716' title='bbox 3379 4521 3580 4578; x_wconf 74' lang='grc' dir='ltr'>ἀνεῖλε.</span> 
     </span>
    </p>
   </div>
   <div class='ocr_carea' id='block_1_106' title="bbox 2229 4699 3818 4778">
    <p class='ocr_par' dir='ltr' id='par_1_106' title="bbox 2229 4699 3818 4778">
     <span class='ocr_line' id='line_1_106' title="bbox 2229 4699 3818 4778; baseline -0.001 -20"><span class='ocrx_word' id='word_1_717' title='bbox 2229 4705 2375 4759; x_wconf 69' lang='grc' dir='ltr'>Μετὰ</span> <span class='ocrx_word' id='word_1_718' title='bbox 2434 4699 2490 4758; x_wconf 72' lang='grc' dir='ltr'>δὲ</span> <span class='ocrx_word' id='word_1_719' title='bbox 2556 4705 2655 4773; x_wconf 69' lang='grc' dir='ltr'>τὴν</span> <span class='ocrx_word' id='word_1_720' title='bbox 2713 4701 3065 4778; x_wconf 76' lang='grc' dir='ltr'>Ἀλεξάνδρου</span> <span class='ocrx_word' id='word_1_721' title='bbox 3143 4701 3404 4774; x_wconf 70' lang='grc' dir='ltr'>τελευτὴν</span> <span class='ocrx_word' id='word_1_722' title='bbox 3471 4703 3547 4767; x_wconf 68' lang='grc' dir='ltr'>εἷς</span> <span class='ocrx_word' id='word_1_723' title='bbox 3599 4701 3818 4765; x_wconf 67' lang='grc' dir='ltr'>πολλάς</span> 
     </span>
    </p>
   </div>
   <div class='ocr_carea' id='block_1_107' title="bbox 2158 4789 3818 4873">
    <p class='ocr_par' dir='ltr' id='par_1_107' title="bbox 2158 4789 3818 4873">
     <span class='ocr_line' id='line_1_107' title="bbox 2158 4789 3818 4873; baseline -0.003 -25"><span class='ocrx_word' id='word_1_724' title='bbox 2158 4792 2336 4873; x_wconf 75' lang='grc' dir='ltr'>ἀρχὰς</span> <span class='ocrx_word' id='word_1_725' title='bbox 2395 4793 2430 4863; x_wconf 83' lang='grc' dir='ltr'><strong>ἡ</strong></span> <span class='ocrx_word' id='word_1_726' title='bbox 2502 4791 2752 4869; x_wconf 85' lang='grc' dir='ltr'>βασιλεία</span> <span class='ocrx_word' id='word_1_727' title='bbox 2813 4792 2975 4848; x_wconf 73' lang='grc' dir='ltr'>αύτοΰ</span> <span class='ocrx_word' id='word_1_728' title='bbox 3035 4791 3284 4869; x_wconf 77' lang='grc' dir='ltr'>διῃρέθη,</span> <span class='ocrx_word' id='word_1_729' title='bbox 3347 4791 3437 4848; x_wconf 76' lang='grc' dir='ltr'><strong>καὶ</strong></span> <span class='ocrx_word' id='word_1_730' title='bbox 3497 4789 3818 4868; x_wconf 71' lang='grc' dir='ltr'>Περδίκκας.</span> 
     </span>
    </p>
   </div>
   <div class='ocr_carea' id='block_1_108' title="bbox 2163 4879 3816 4958">
    <p class='ocr_par' dir='ltr' id='par_1_108' title="bbox 2163 4879 3816 4958">
     <span class='ocr_line' id='line_1_108' title="bbox 2163 4879 3816 4958; baseline -0.001 -21"><span class='ocrx_word' id='word_1_731' title='bbox 2163 4881 2256 4956; x_wconf 75' lang='grc' dir='ltr'><strong>μὶν</strong></span> <span class='ocrx_word' id='word_1_732' title='bbox 2290 4884 2391 4952; x_wconf 72' lang='grc' dir='ltr'>τὴν</span> <span class='ocrx_word' id='word_1_733' title='bbox 2435 4879 2774 4947; x_wconf 85' lang='grc' dir='ltr'>Μακεδονίας</span> <span class='ocrx_word' id='word_1_734' title='bbox 2837 4880 3192 4956; x_wconf 75' lang='grc' dir='ltr'>ἐκληρώσατο</span> <span class='ocrx_word' id='word_1_735' title='bbox 3255 4880 3560 4958; x_wconf 83' lang='grc' dir='ltr'>βασιλείαν,</span> <span class='ocrx_word' id='word_1_736' title='bbox 3625 4880 3816 4943; x_wconf 81' lang='grc' dir='ltr'>Πτολς</span> 
     </span>
    </p>
   </div>
   <div class='ocr_carea' id='block_1_109' title="bbox 2163 4968 3820 5048">
    <p class='ocr_par' dir='ltr' id='par_1_109' title="bbox 2163 4968 3820 5048">
     <span class='ocr_line' id='line_1_109' title="bbox 2163 4968 3820 5048; baseline -0.001 -22"><span class='ocrx_word' id='word_1_737' title='bbox 2163 4975 2322 5044; x_wconf 84' lang='grc' dir='ltr'>μαῖος</span> <span class='ocrx_word' id='word_1_738' title='bbox 2368 4969 2425 5026; x_wconf 73' lang='grc' dir='ltr'>δὲ</span> <span class='ocrx_word' id='word_1_739' title='bbox 2478 4971 2506 5025; x_wconf 86' lang='grc' dir='ltr'>ὁ</span> <span class='ocrx_word' id='word_1_740' title='bbox 2571 4971 2748 5046; x_wconf 83' lang='grc' dir='ltr'>Λάγου</span> <span class='ocrx_word' id='word_1_741' title='bbox 2836 4971 3112 5048; x_wconf 77' lang='grc' dir='ltr'>Αίγύπτου</span> <span class='ocrx_word' id='word_1_742' title='bbox 3207 4971 3299 5026; x_wconf 75' lang='grc' dir='ltr'><strong>καὶ</strong></span> <span class='ocrx_word' id='word_1_743' title='bbox 3385 4968 3820 5047; x_wconf 76' lang='grc' dir='ltr'>Ἀλεξανδρείας,</span> 
     </span>
    </p>
   </div>
   <div class='ocr_carea' id='block_1_110' title="bbox 2160 5053 3822 5137">
    <p class='ocr_par' dir='ltr' id='par_1_110' title="bbox 2160 5053 3822 5137">
     <span class='ocr_line' id='line_1_110' title="bbox 2160 5053 3822 5137; baseline -0.002 -21"><span class='ocrx_word' id='word_1_744' title='bbox 2160 5057 2423 5124; x_wconf 68' lang='grc' dir='ltr'>Σέλευκος</span> <span class='ocrx_word' id='word_1_745' title='bbox 2457 5061 2601 5117; x_wconf 78' lang='grc' dir='ltr'>ὁκαὶ</span> <span class='ocrx_word' id='word_1_746' title='bbox 2636 5061 2884 5137; x_wconf 82' lang='grc' dir='ltr'>Νικάνωρ</span> <span class='ocrx_word' id='word_1_747' title='bbox 2945 5057 3035 5116; x_wconf 77' lang='grc' dir='ltr'><strong>διὰ</strong></span> <span class='ocrx_word' id='word_1_748' title='bbox 3077 5061 3138 5116; x_wconf 82' lang='grc' dir='ltr'><strong>τὸ</strong></span> <span class='ocrx_word' id='word_1_749' title='bbox 3200 5055 3464 5132; x_wconf 68' lang='grc' dir='ltr'>ἀναϐῆναι</span> <span class='ocrx_word' id='word_1_750' title='bbox 3519 5060 3594 5123; x_wconf 73' lang='grc' dir='ltr'>εἷς</span> <span class='ocrx_word' id='word_1_751' title='bbox 3646 5053 3822 5115; x_wconf 72' lang='grc' dir='ltr'>Βαϐυ-</span> 
     </span>
    </p>
   </div>
   <div class='ocr_carea' id='block_1_111' title="bbox 2159 5146 3822 5229">
    <p class='ocr_par' dir='ltr' id='par_1_111' title="bbox 2159 5146 3822 5229">
     <span class='ocr_line' id='line_1_111' title="bbox 2159 5146 3822 5229; baseline -0.002 -23"><span class='ocrx_word' id='word_1_752' title='bbox 2159 5149 2306 5206; x_wconf 79' lang='grc' dir='ltr'>λῶνα</span> <span class='ocrx_word' id='word_1_753' title='bbox 2337 5153 2427 5207; x_wconf 80' lang='grc' dir='ltr'><strong>καὶ</strong></span> <span class='ocrx_word' id='word_1_754' title='bbox 2457 5153 2721 5224; x_wconf 73' lang='grc' dir='ltr'>κρατῆσαι</span> <span class='ocrx_word' id='word_1_755' title='bbox 2754 5156 2860 5208; x_wconf 75' lang='grc' dir='ltr'><strong>τῶν</strong></span> <span class='ocrx_word' id='word_1_756' title='bbox 2897 5146 3206 5229; x_wconf 63' lang='grc' dir='ltr'>βαρϐάρων,</span> <span class='ocrx_word' id='word_1_757' title='bbox 3243 5153 3442 5228; x_wconf 86' lang='grc' dir='ltr'>Συρίας</span> <span class='ocrx_word' id='word_1_758' title='bbox 3495 5151 3583 5207; x_wconf 74' lang='grc' dir='ltr'><strong>καῖ</strong></span> <span class='ocrx_word' id='word_1_759' title='bbox 3641 5146 3822 5207; x_wconf 62' lang='grc' dir='ltr'>Βάϐυ-</span> 
     </span>
    </p>
   </div>
   <div class='ocr_carea' id='block_1_112' title="bbox 2159 5239 3820 5318">
    <p class='ocr_par' dir='ltr' id='par_1_112' title="bbox 2159 5239 3820 5318">
     <span class='ocr_line' id='line_1_112' title="bbox 2159 5239 3820 5318; baseline -0.002 -22"><span class='ocrx_word' id='word_1_760' title='bbox 2159 5241 2396 5310; x_wconf 81' lang='grc' dir='ltr'>λῶνκος,</span> <span class='ocrx_word' id='word_1_761' title='bbox 2456 5240 2759 5318; x_wconf 81' lang='grc' dir='ltr'>Ἀντίγονος</span> <span class='ocrx_word' id='word_1_762' title='bbox 2813 5247 2914 5311; x_wconf 76' lang='grc' dir='ltr'><strong>τῆς</strong></span> <span class='ocrx_word' id='word_1_763' title='bbox 2966 5241 3101 5316; x_wconf 76' lang='grc' dir='ltr'>πρὸς</span> <span class='ocrx_word' id='word_1_764' title='bbox 3158 5241 3237 5314; x_wconf 84' lang='grc' dir='ltr'>τῷ</span> <span class='ocrx_word' id='word_1_765' title='bbox 3293 5241 3489 5314; x_wconf 82' lang='grc' dir='ltr'>Ταύρῳ</span> <span class='ocrx_word' id='word_1_766' title='bbox 3543 5239 3820 5310; x_wconf 75' lang='grc' dir='ltr'>Κιλικίας,</span> 
     </span>
    </p>
   </div>
   <div class='ocr_carea' id='block_1_113' title="bbox 2159 5328 3820 5406">
    <p class='ocr_par' dir='ltr' id='par_1_113' title="bbox 2159 5328 3820 5406">
     <span class='ocr_line' id='line_1_113' title="bbox 2159 5328 3820 5406; baseline -0.001 -21"><span class='ocrx_word' id='word_1_767' title='bbox 2159 5329 2348 5386; x_wconf 75' lang='grc' dir='ltr'>Φίλιον</span> <span class='ocrx_word' id='word_1_768' title='bbox 2381 5328 2618 5402; x_wconf 82' lang='grc' dir='ltr'>Μηδίας,</span> <span class='ocrx_word' id='word_1_769' title='bbox 2653 5332 2842 5386; x_wconf 80' lang='grc' dir='ltr'>Πύθων</span> <span class='ocrx_word' id='word_1_770' title='bbox 2893 5330 3132 5406; x_wconf 64' lang='grc' dir='ltr'>Φρυγίας</span> <span class='ocrx_word' id='word_1_771' title='bbox 3189 5331 3279 5386; x_wconf 79' lang='grc' dir='ltr'><strong>καὶ</strong></span> <span class='ocrx_word' id='word_1_772' title='bbox 3333 5328 3554 5402; x_wconf 67' lang='grc' dir='ltr'>Λυδίας,</span> <span class='ocrx_word' id='word_1_773' title='bbox 3607 5328 3820 5385; x_wconf 68' lang='lat' dir='ltr'><strong>Mst-</strong></span> 
     </span>
    </p>
   </div>
   <div class='ocr_carea' id='block_1_114' title="bbox 2157 5417 3819 5497">
    <p class='ocr_par' dir='ltr' id='par_1_114' title="bbox 2157 5417 3819 5497">
     <span class='ocr_line' id='line_1_114' title="bbox 2157 5417 3819 5497; baseline 0 -24"><span class='ocrx_word' id='word_1_774' title='bbox 2157 5440 2288 5493; x_wconf 83' lang='grc' dir='ltr'>γρος</span> <span class='ocrx_word' id='word_1_775' title='bbox 2350 5417 2751 5497; x_wconf 67' lang='grc' dir='ltr'>Παφλαγονίας,</span> <span class='ocrx_word' id='word_1_776' title='bbox 2824 5419 3071 5493; x_wconf 74' lang='grc' dir='ltr'>Εύμένης</span> <span class='ocrx_word' id='word_1_777' title='bbox 3133 5417 3548 5487; x_wconf 77' lang='grc' dir='ltr'>Καππαδοκίας,</span> <span class='ocrx_word' id='word_1_778' title='bbox 3617 5421 3819 5476; x_wconf 80' lang='grc' dir='ltr'>Κάσαν-</span> 
     </span>
    </p>
   </div>
   <div class='ocr_carea' id='block_1_115' title="bbox 2159 5506 3813 5584">
    <p class='ocr_par' dir='ltr' id='par_1_115' title="bbox 2159 5506 3813 5584">
     <span class='ocr_line' id='line_1_115' title="bbox 2162 5506 3676 5536; baseline -0.005 -1"><span class='ocrx_word' id='word_1_779' title='bbox 2162 5506 2186 5526; x_wconf 53' lang='grc'><em>*</em></span> <span class='ocrx_word' id='word_1_780' title='bbox 2399 5533 2402 5536; x_wconf 72' lang='grc'><strong>,</strong></span> <span class='ocrx_word' id='word_1_781' title='bbox 2439 5509 2450 5532; x_wconf 74' lang='lat' dir='ltr'><strong><em>f</em></strong></span> <span class='ocrx_word' id='word_1_782' title='bbox 2629 5508 2644 5528; x_wconf 84' lang='lat'><strong><em>\</em></strong></span> <span class='ocrx_word' id='word_1_783' title='bbox 2701 5511 2712 5527; x_wconf 72' lang='lat'><strong>9</strong></span> <span class='ocrx_word' id='word_1_784' title='bbox 2973 5511 2984 5528; x_wconf 75' lang='grc' dir='ltr'><strong>ν</strong></span> <span class='ocrx_word' id='word_1_785' title='bbox 3321 5509 3334 5530; x_wconf 70' lang='grc' dir='ltr'><strong>ρ</strong></span> <span class='ocrx_word' id='word_1_786' title='bbox 3663 5507 3676 5526; x_wconf 71' lang='lat'><strong>9</strong></span> 
     </span>
     <span class='ocr_line' id='line_1_116' title="bbox 2159 5507 3813 5584; baseline 0.001 -21"><span class='ocrx_word' id='word_1_787' title='bbox 2159 5529 2284 5584; x_wconf 83' lang='grc' dir='ltr'>ορος</span> <span class='ocrx_word' id='word_1_788' title='bbox 2317 5517 2514 5572; x_wconf 62' lang='lat' dir='ltr'><strong>Auum:</strong></span> <span class='ocrx_word' id='word_1_789' title='bbox 2556 5531 2645 5563; x_wconf 81' lang='grc' dir='ltr'><strong>και</strong></span> <span class='ocrx_word' id='word_1_790' title='bbox 2719 5507 3142 5580; x_wconf 82' lang='grc' dir='ltr'>Ελλησποντου,</span> <span class='ocrx_word' id='word_1_791' title='bbox 3201 5518 3520 5584; x_wconf 73' lang='grc' dir='ltr'>Λυσιμαχος</span> <span class='ocrx_word' id='word_1_792' title='bbox 3572 5515 3813 5584; x_wconf 72' lang='grc' dir='ltr'>Θρᾳκης,</span> 
     </span>
    </p>
   </div>
   <div class='ocr_carea' id='block_1_116' title="bbox 2159 5595 3811 5674">
    <p class='ocr_par' dir='ltr' id='par_1_116' title="bbox 2159 5595 3811 5674">
     <span class='ocr_line' id='line_1_117' title="bbox 2159 5595 3811 5674; baseline -0.002 -18"><span class='ocrx_word' id='word_1_793' title='bbox 2159 5599 2512 5674; x_wconf 80' lang='grc' dir='ltr'>Ἀντίπατρος</span> <span class='ocrx_word' id='word_1_794' title='bbox 2573 5605 2863 5668; x_wconf 82' lang='grc' dir='ltr'>Ποντικῆς,</span> <span class='ocrx_word' id='word_1_795' title='bbox 2911 5598 3210 5674; x_wconf 74' lang='grc' dir='ltr'>Ὀξυάρτης</span> <span class='ocrx_word' id='word_1_796' title='bbox 3268 5605 3598 5672; x_wconf 76' lang='grc' dir='ltr'>Βακτρικῆτ,</span> <span class='ocrx_word' id='word_1_797' title='bbox 3669 5595 3811 5652; x_wconf 71' lang='grc' dir='ltr'>Φίλ-</span> 
     </span>
    </p>
   </div>
   <div class='ocr_carea' id='block_1_117' title="bbox 2160 5685 3810 5766">
    <p class='ocr_par' dir='ltr' id='par_1_117' title="bbox 2160 5685 3810 5766">
     <span class='ocr_line' id='line_1_118' title="bbox 2160 5685 3810 5766; baseline -0.004 -24"><span class='ocrx_word' id='word_1_798' title='bbox 2160 5705 2325 5750; x_wconf 87' lang='grc' dir='ltr'>ιππος</span> <span class='ocrx_word' id='word_1_799' title='bbox 2413 5687 2737 5764; x_wconf 76' lang='grc' dir='ltr'>Δραγαίνης,</span> <span class='ocrx_word' id='word_1_800' title='bbox 2835 5687 3028 5764; x_wconf 79' lang='grc' dir='ltr'>Πῶρος</span> <span class='ocrx_word' id='word_1_801' title='bbox 3119 5685 3334 5755; x_wconf 75' lang='grc' dir='ltr'>Ἰνδίας,</span> <span class='ocrx_word' id='word_1_802' title='bbox 3417 5687 3810 5766; x_wconf 64' lang='grc' dir='ltr'>Φραταφέρνης</span> 
     </span>
    </p>
   </div>
  </div>
