  <div class='ocr_page' id='page_1' title='image "/cluster/home/n/w/nwhite01/storage/ocr_20150623/121:no.1/coo.31924054870260/163.png"; bbox 0 0 4142 6428; ppageno 0'>
   <div class='ocr_carea' id='block_1_1' title="bbox 332 358 446 419">
    <p class='ocr_par' dir='ltr' id='par_1_1' title="bbox 332 358 446 419">
     <span class='ocr_line' id='line_1_1' title="bbox 332 358 446 419; baseline -0.009 0"><span class='ocrx_word' id='word_1_1' title='bbox 332 358 446 419; x_wconf 81' lang='grc'>811</span> 
     </span>
    </p>
   </div>
   <div class='ocr_carea' id='block_1_2' title="bbox 1698 352 2399 415">
    <p class='ocr_par' dir='ltr' id='par_1_2' title="bbox 1698 352 2399 415">
     <span class='ocr_line' id='line_1_2' title="bbox 1698 352 2399 415; baseline 0.001 -1"><span class='ocrx_word' id='word_1_2' title='bbox 1698 353 2018 414; x_wconf 81' lang='lat' dir='ltr'>GEORGII</span> <span class='ocrx_word' id='word_1_3' title='bbox 2062 352 2399 415; x_wconf 77' lang='lat' dir='ltr'>CEDBENl</span> 
     </span>
    </p>
   </div>
   <div class='ocr_carea' id='block_1_3' title="bbox 3645 366 3770 426">
    <p class='ocr_par' dir='ltr' id='par_1_3' title="bbox 3645 366 3770 426">
     <span class='ocr_line' id='line_1_3' title="bbox 3645 366 3770 426; baseline 0.008 -2"><span class='ocrx_word' id='word_1_4' title='bbox 3645 366 3770 426; x_wconf 77' lang='lat'>312</span> 
     </span>
    </p>
   </div>
   <div class='ocr_carea' id='block_1_4' title="bbox 338 486 2000 565">
    <p class='ocr_par' dir='ltr' id='par_1_4' title="bbox 338 487 1994 559">
     <span class='ocr_line' id='line_1_4' title="bbox 338 487 1994 559; baseline -0.002 -13"><span class='ocrx_word' id='word_1_5' title='bbox 338 492 500 546; x_wconf 87' lang='lat' dir='ltr'>Idem</span> <span class='ocrx_word' id='word_1_6' title='bbox 546 492 778 547; x_wconf 88' lang='lat' dir='ltr'>animas</span> <span class='ocrx_word' id='word_1_7' title='bbox 811 489 883 543; x_wconf 88' lang='lat' dir='ltr'>de</span> <span class='ocrx_word' id='word_1_8' title='bbox 935 487 1284 559; x_wconf 78' lang='lat' dir='ltr'>corporibus</span> <span class='ocrx_word' id='word_1_9' title='bbox 1314 487 1374 540; x_wconf 92' lang='lat' dir='ltr'>in</span> <span class='ocrx_word' id='word_1_10' title='bbox 1431 503 1680 557; x_wconf 87' lang='lat' dir='ltr'>corpora</span> <span class='ocrx_word' id='word_1_11' title='bbox 1740 488 1994 559; x_wconf 87' lang='lat' dir='ltr'>migrare</span> 
     </span>
    </p>
   </div>
   <div class='ocr_carea' id='block_1_5' title="bbox 2118 486 3764 565">
    <p class='ocr_par' dir='ltr' id='par_1_5' title="bbox 2118 486 3764 565">
     <span class='ocr_line' id='line_1_5' title="bbox 2118 486 3764 565; baseline 0.004 -26"><span class='ocrx_word' id='word_1_12' title='bbox 2118 504 2270 556; x_wconf 85' lang='grc' dir='ltr'>τιμον</span> <span class='ocrx_word' id='word_1_13' title='bbox 2301 490 2534 560; x_wconf 78' lang='grc' dir='ltr'>Σάμιον,</span> <span class='ocrx_word' id='word_1_14' title='bbox 2571 489 2686 562; x_wconf 88' lang='grc' dir='ltr'>μεθ’</span> <span class='ocrx_word' id='word_1_15' title='bbox 2732 488 2790 541; x_wconf 83' lang='grc' dir='ltr'>’ὸν</span> <span class='ocrx_word' id='word_1_16' title='bbox 2849 486 3058 563; x_wconf 70' lang='grc' dir='ltr'>Πύρρον</span> <span class='ocrx_word' id='word_1_17' title='bbox 3116 488 3317 560; x_wconf 81' lang='grc' dir='ltr'>Δήλιον</span> <span class='ocrx_word' id='word_1_18' title='bbox 3375 493 3464 547; x_wconf 84' lang='lat' dir='ltr'>xui</span> <span class='ocrx_word' id='word_1_19' title='bbox 3522 511 3764 565; x_wconf 80' lang='grc' dir='ltr'>πεματον</span> 
     </span>
    </p>
   </div>
   <div class='ocr_carea' id='block_1_6' title="bbox 337 576 1985 652">
    <p class='ocr_par' dir='ltr' id='par_1_6' title="bbox 337 576 1985 652">
     <span class='ocr_line' id='line_1_6' title="bbox 337 576 1985 652; baseline -0.004 -15"><span class='ocrx_word' id='word_1_20' title='bbox 337 583 558 637; x_wconf 81' lang='lat' dir='ltr'>sensit:</span> <span class='ocrx_word' id='word_1_21' title='bbox 596 580 755 652; x_wconf 91' lang='lat' dir='ltr'>quod</span> <span class='ocrx_word' id='word_1_22' title='bbox 788 584 855 634; x_wconf 90' lang='lat' dir='ltr'>ut</span> <span class='ocrx_word' id='word_1_23' title='bbox 882 579 1304 645; x_wconf 82' lang='lat' dir='ltr'>conformaret,</span> <span class='ocrx_word' id='word_1_24' title='bbox 1339 594 1401 632; x_wconf 89' lang='lat' dir='ltr'>se</span> <span class='ocrx_word' id='word_1_25' title='bbox 1423 581 1560 632; x_wconf 97' lang='lat' dir='ltr'>ante</span> <span class='ocrx_word' id='word_1_26' title='bbox 1591 576 1818 632; x_wconf 88' lang='lat' dir='ltr'>bellum</span> <span class='ocrx_word' id='word_1_27' title='bbox 1849 577 1985 631; x_wconf 90' lang='lat' dir='ltr'>Tro-</span> 
     </span>
    </p>
   </div>
   <div class='ocr_carea' id='block_1_7' title="bbox 2095 575 2434 652">
    <p class='ocr_par' dir='ltr' id='par_1_7' title="bbox 2095 575 2434 652">
     <span class='ocr_line' id='line_1_7' title="bbox 2095 575 2434 652; baseline 0.012 -24"><span class='ocrx_word' id='word_1_28' title='bbox 2095 575 2434 652; x_wconf 77' lang='grc' dir='ltr'>Πυθαγόραν.</span> 
     </span>
    </p>
   </div>
   <div class='ocr_carea' id='block_1_8' title="bbox 335 665 3769 743">
    <p class='ocr_par' dir='ltr' id='par_1_8' title="bbox 335 665 3769 743">
     <span class='ocr_line' id='line_1_8' title="bbox 335 665 3769 743; baseline 0.001 -18"><span class='ocrx_word' id='word_1_29' title='bbox 335 672 552 743; x_wconf 90' lang='lat' dir='ltr'>janum</span> <span class='ocrx_word' id='word_1_30' title='bbox 611 670 796 725; x_wconf 90' lang='lat' dir='ltr'>fuisse</span> <span class='ocrx_word' id='word_1_31' title='bbox 850 666 1205 722; x_wconf 72' lang='lat' dir='ltr'>Athalidem</span> <span class='ocrx_word' id='word_1_32' title='bbox 1262 665 1429 735; x_wconf 86' lang='lat' dir='ltr'>dixit,</span> <span class='ocrx_word' id='word_1_33' title='bbox 1488 665 1550 721; x_wconf 90' lang='lat' dir='ltr'>in</span> <span class='ocrx_word' id='word_1_34' title='bbox 1619 666 1778 721; x_wconf 89' lang='lat' dir='ltr'>bello</span> <span class='ocrx_word' id='word_1_35' title='bbox 1837 666 2089 737; x_wconf 88' lang='lat' dir='ltr'>Trojano</span> <span class='ocrx_word' id='word_1_36' title='bbox 2148 666 2810 741; x_wconf 83' lang='lat' dir='ltr'>Euphorbum,postea</span> <span class='ocrx_word' id='word_1_37' title='bbox 2866 670 3303 726; x_wconf 87' lang='lat' dir='ltr'>Hermotimum</span> <span class='ocrx_word' id='word_1_38' title='bbox 3358 672 3642 743; x_wconf 88' lang='lat' dir='ltr'>Samium,</span> <span class='ocrx_word' id='word_1_39' title='bbox 3701 690 3769 729; x_wconf 89' lang='lat' dir='ltr'>ac</span> 
     </span>
    </p>
   </div>
   <div class='ocr_carea' id='block_1_9' title="bbox 342 754 2266 829">
    <p class='ocr_par' dir='ltr' id='par_1_9' title="bbox 342 754 2266 829">
     <span class='ocr_line' id='line_1_9' title="bbox 342 754 2266 829; baseline -0.003 -14"><span class='ocrx_word' id='word_1_40' title='bbox 342 777 556 816; x_wconf 83' lang='lat' dir='ltr'>rursus</span> <span class='ocrx_word' id='word_1_41' title='bbox 576 760 869 829; x_wconf 76' lang='lat' dir='ltr'>Pyrrhum</span> <span class='ocrx_word' id='word_1_42' title='bbox 899 756 1151 820; x_wconf 91' lang='lat' dir='ltr'>Delium,</span> <span class='ocrx_word' id='word_1_43' title='bbox 1184 756 1391 826; x_wconf 85' lang='lat' dir='ltr'>quinto</span> <span class='ocrx_word' id='word_1_44' title='bbox 1420 754 1662 809; x_wconf 92' lang='lat' dir='ltr'>demum</span> <span class='ocrx_word' id='word_1_45' title='bbox 1694 754 1823 810; x_wconf 92' lang='lat' dir='ltr'>loco</span> <span class='ocrx_word' id='word_1_46' title='bbox 1854 754 2266 827; x_wconf 77' lang='lat' dir='ltr'>Pythagoram.</span> 
     </span>
    </p>
   </div>
   <div class='ocr_carea' id='block_1_10' title="bbox 418 844 1991 920">
    <p class='ocr_par' dir='ltr' id='par_1_10' title="bbox 418 844 1991 920">
     <span class='ocr_line' id='line_1_10' title="bbox 418 844 1991 920; baseline -0.006 -14"><span class='ocrx_word' id='word_1_47' title='bbox 418 852 586 906; x_wconf 81' lang='lat' dir='ltr'>Prior</span> <span class='ocrx_word' id='word_1_48' title='bbox 609 849 940 920; x_wconf 81' lang='lat' dir='ltr'>Pythagora</span> <span class='ocrx_word' id='word_1_49' title='bbox 970 844 1322 909; x_wconf 86' lang='lat' dir='ltr'>fuitThales,</span> <span class='ocrx_word' id='word_1_50' title='bbox 1357 844 1459 914; x_wconf 90' lang='lat' dir='ltr'>qui</span> <span class='ocrx_word' id='word_1_51' title='bbox 1490 849 1764 899; x_wconf 86' lang='lat' dir='ltr'>naturam</span> <span class='ocrx_word' id='word_1_52' title='bbox 1791 859 1991 898; x_wconf 91' lang='lat' dir='ltr'>rerum</span> 
     </span>
    </p>
   </div>
   <div class='ocr_carea' id='block_1_11' title="bbox 344 934 1992 1012">
    <p class='ocr_par' dir='ltr' id='par_1_11' title="bbox 344 934 1992 1012">
     <span class='ocr_line' id='line_1_11' title="bbox 344 934 1992 1012; baseline -0.006 -15"><span class='ocrx_word' id='word_1_53' title='bbox 344 940 638 1012; x_wconf 82' lang='lat' dir='ltr'>explicare</span> <span class='ocrx_word' id='word_1_54' title='bbox 671 942 915 992; x_wconf 81' lang='lat' dir='ltr'>conatus</span> <span class='ocrx_word' id='word_1_55' title='bbox 946 935 1181 989; x_wconf 87' lang='lat' dir='ltr'>initium</span> <span class='ocrx_word' id='word_1_56' title='bbox 1206 940 1265 988; x_wconf 89' lang='lat' dir='ltr'>et</span> <span class='ocrx_word' id='word_1_57' title='bbox 1294 935 1475 988; x_wconf 76' lang='lat' dir='ltr'>finem</span> <span class='ocrx_word' id='word_1_58' title='bbox 1495 934 1763 989; x_wconf 90' lang='lat' dir='ltr'>omnium</span> <span class='ocrx_word' id='word_1_59' title='bbox 1790 948 1992 987; x_wconf 88' lang='lat' dir='ltr'>rerum</span> 
     </span>
    </p>
   </div>
   <div class='ocr_carea' id='block_1_12' title="bbox 340 1022 1994 1095">
    <p class='ocr_par' dir='ltr' id='par_1_12' title="bbox 340 1022 1994 1095">
     <span class='ocr_line' id='line_1_12' title="bbox 340 1022 1994 1095; baseline -0.005 -11"><span class='ocrx_word' id='word_1_60' title='bbox 340 1030 488 1085; x_wconf 79' lang='lat' dir='ltr'>dixit</span> <span class='ocrx_word' id='word_1_61' title='bbox 518 1043 647 1082; x_wconf 90' lang='lat' dir='ltr'>esse</span> <span class='ocrx_word' id='word_1_62' title='bbox 679 1041 893 1095; x_wconf 88' lang='lat' dir='ltr'>aquam</span> <span class='ocrx_word' id='word_1_63' title='bbox 911 1030 1090 1095; x_wconf 88' lang='lat' dir='ltr'>atque</span> <span class='ocrx_word' id='word_1_64' title='bbox 1118 1024 1352 1095; x_wconf 82' lang='lat' dir='ltr'>ignem:</span> <span class='ocrx_word' id='word_1_65' title='bbox 1389 1040 1461 1077; x_wconf 82' lang='lat' dir='ltr'>ex</span> <span class='ocrx_word' id='word_1_66' title='bbox 1491 1023 1584 1077; x_wconf 89' lang='lat' dir='ltr'>his</span> <span class='ocrx_word' id='word_1_67' title='bbox 1619 1022 1819 1077; x_wconf 85' lang='lat' dir='ltr'>omnia</span> <span class='ocrx_word' id='word_1_68' title='bbox 1850 1037 1994 1077; x_wconf 92' lang='lat' dir='ltr'>con-</span> 
     </span>
    </p>
   </div>
   <div class='ocr_carea' id='block_1_13' title="bbox 338 1113 1997 1180">
    <p class='ocr_par' dir='ltr' id='par_1_13' title="bbox 338 1113 1997 1180">
     <span class='ocr_line' id='line_1_13' title="bbox 338 1113 1997 1180; baseline -0.005 -8"><span class='ocrx_word' id='word_1_69' title='bbox 338 1123 534 1172; x_wconf 82' lang='lat' dir='ltr'>stare:</span> <span class='ocrx_word' id='word_1_70' title='bbox 567 1114 639 1170; x_wconf 87' lang='lat' dir='ltr'>ab</span> <span class='ocrx_word' id='word_1_71' title='bbox 689 1114 782 1168; x_wconf 88' lang='lat' dir='ltr'>his</span> <span class='ocrx_word' id='word_1_72' title='bbox 839 1113 1019 1168; x_wconf 84' lang='lat' dir='ltr'>etiam</span> <span class='ocrx_word' id='word_1_73' title='bbox 1052 1117 1225 1167; x_wconf 74' lang='lat' dir='ltr'>terraa</span> <span class='ocrx_word' id='word_1_74' title='bbox 1282 1117 1502 1180; x_wconf 90' lang='lat' dir='ltr'>motus,</span> <span class='ocrx_word' id='word_1_75' title='bbox 1533 1116 1846 1167; x_wconf 83' lang='lat' dir='ltr'>ventorum</span> <span class='ocrx_word' id='word_1_76' title='bbox 1880 1117 1997 1165; x_wconf 90' lang='lat' dir='ltr'>tur-</span> 
     </span>
    </p>
   </div>
   <div class='ocr_carea' id='block_1_14' title="bbox 336 1200 1471 1272">
    <p class='ocr_par' dir='ltr' id='par_1_14' title="bbox 336 1200 1471 1272">
     <span class='ocr_line' id='line_1_14' title="bbox 336 1200 1471 1272; baseline -0.005 -11"><span class='ocrx_word' id='word_1_77' title='bbox 336 1207 509 1261; x_wconf 90' lang='lat' dir='ltr'>bines</span> <span class='ocrx_word' id='word_1_78' title='bbox 543 1209 601 1258; x_wconf 91' lang='lat' dir='ltr'>et</span> <span class='ocrx_word' id='word_1_79' title='bbox 629 1203 891 1258; x_wconf 85' lang='lat' dir='ltr'>siderum</span> <span class='ocrx_word' id='word_1_80' title='bbox 923 1206 1121 1257; x_wconf 91' lang='lat' dir='ltr'>motus</span> <span class='ocrx_word' id='word_1_81' title='bbox 1152 1200 1471 1272; x_wconf 79' lang='lat' dir='ltr'>proficisci.</span> 
     </span>
    </p>
   </div>
   <div class='ocr_carea' id='block_1_15' title="bbox 408 1292 1996 1364">
    <p class='ocr_par' dir='ltr' id='par_1_15' title="bbox 408 1292 1996 1364">
     <span class='ocr_line' id='line_1_15' title="bbox 408 1292 1996 1364; baseline -0.004 -13"><span class='ocrx_word' id='word_1_82' title='bbox 408 1296 642 1352; x_wconf 86' lang='lat' dir='ltr'>Primus</span> <span class='ocrx_word' id='word_1_83' title='bbox 675 1294 887 1348; x_wconf 82' lang='lat' dir='ltr'>Thales</span> <span class='ocrx_word' id='word_1_84' title='bbox 918 1292 1208 1364; x_wconf 80' lang='lat' dir='ltr'>sapientis</span> <span class='ocrx_word' id='word_1_85' title='bbox 1239 1308 1462 1347; x_wconf 93' lang='lat' dir='ltr'>nomen</span> <span class='ocrx_word' id='word_1_86' title='bbox 1504 1292 1842 1364; x_wconf 81' lang='lat' dir='ltr'>reportavit,</span> <span class='ocrx_word' id='word_1_87' title='bbox 1875 1292 1996 1361; x_wconf 91' lang='lat' dir='ltr'>pri-</span> 
     </span>
    </p>
   </div>
   <div class='ocr_carea' id='block_1_16' title="bbox 334 1383 1996 1458">
    <p class='ocr_par' dir='ltr' id='par_1_16' title="bbox 334 1383 1996 1458">
     <span class='ocr_line' id='line_1_16' title="bbox 334 1383 1996 1458; baseline -0.005 -13"><span class='ocrx_word' id='word_1_88' title='bbox 334 1404 589 1458; x_wconf 86' lang='lat' dir='ltr'>musque</span> <span class='ocrx_word' id='word_1_89' title='bbox 621 1387 883 1441; x_wconf 88' lang='lat' dir='ltr'>animam</span> <span class='ocrx_word' id='word_1_90' title='bbox 911 1384 1310 1439; x_wconf 87' lang='lat' dir='ltr'>immortalem</span> <span class='ocrx_word' id='word_1_91' title='bbox 1333 1384 1506 1449; x_wconf 82' lang='lat' dir='ltr'>dixit,</span> <span class='ocrx_word' id='word_1_92' title='bbox 1529 1390 1707 1455; x_wconf 89' lang='lat' dir='ltr'>atque</span> <span class='ocrx_word' id='word_1_93' title='bbox 1730 1383 1996 1439; x_wconf 83' lang='lat' dir='ltr'>defectus</span> 
     </span>
    </p>
   </div>
   <div class='ocr_carea' id='block_1_17' title="bbox 334 1472 1998 1544">
    <p class='ocr_par' dir='ltr' id='par_1_17' title="bbox 334 1472 1998 1544">
     <span class='ocr_line' id='line_1_17' title="bbox 334 1472 1998 1544; baseline -0.004 -11"><span class='ocrx_word' id='word_1_94' title='bbox 334 1478 478 1535; x_wconf 90' lang='lat' dir='ltr'>solis</span> <span class='ocrx_word' id='word_1_95' title='bbox 511 1482 569 1531; x_wconf 90' lang='lat' dir='ltr'>et</span> <span class='ocrx_word' id='word_1_96' title='bbox 600 1477 756 1529; x_wconf 73' lang='lat' dir='ltr'>lunaa</span> <span class='ocrx_word' id='word_1_97' title='bbox 789 1480 849 1528; x_wconf 87' lang='lat' dir='ltr'>et</span> <span class='ocrx_word' id='word_1_98' title='bbox 879 1474 1239 1543; x_wconf 72' lang='lat' dir='ltr'>aequinoctia</span> <span class='ocrx_word' id='word_1_99' title='bbox 1286 1473 1700 1544; x_wconf 89' lang='lat' dir='ltr'>deprehendit.</span> <span class='ocrx_word' id='word_1_100' title='bbox 1735 1472 1998 1527; x_wconf 82' lang='lat' dir='ltr'>Plurima</span> 
     </span>
    </p>
   </div>
   <div class='ocr_carea' id='block_1_18' title="bbox 339 1561 1997 1632">
    <p class='ocr_par' dir='ltr' id='par_1_18' title="bbox 339 1561 1997 1632">
     <span class='ocr_line' id='line_1_18' title="bbox 339 1561 1997 1632; baseline -0.003 -11"><span class='ocrx_word' id='word_1_101' title='bbox 339 1567 523 1621; x_wconf 90' lang='lat' dir='ltr'>etiam</span> <span class='ocrx_word' id='word_1_102' title='bbox 551 1564 800 1618; x_wconf 87' lang='lat' dir='ltr'>dicteria</span> <span class='ocrx_word' id='word_1_103' title='bbox 814 1562 1060 1632; x_wconf 86' lang='lat' dir='ltr'>reliquit</span> <span class='ocrx_word' id='word_1_104' title='bbox 1085 1578 1098 1627; x_wconf 90' lang='lat'><strong>;</strong></span> <span class='ocrx_word' id='word_1_105' title='bbox 1125 1578 1380 1632; x_wconf 92' lang='lat' dir='ltr'>quorum</span> <span class='ocrx_word' id='word_1_106' title='bbox 1399 1567 1486 1617; x_wconf 90' lang='lat' dir='ltr'>est</span> <span class='ocrx_word' id='word_1_107' title='bbox 1503 1562 1680 1617; x_wconf 90' lang='lat' dir='ltr'>etiam</span> <span class='ocrx_word' id='word_1_108' title='bbox 1699 1561 1997 1616; x_wconf 89' lang='lat' dir='ltr'>famosum</span> 
     </span>
    </p>
   </div>
   <div class='ocr_carea' id='block_1_19' title="bbox 344 1650 1997 1722">
    <p class='ocr_par' dir='ltr' id='par_1_19' title="bbox 344 1650 1997 1722">
     <span class='ocr_line' id='line_1_19' title="bbox 344 1650 1997 1722; baseline -0.002 -14"><span class='ocrx_word' id='word_1_109' title='bbox 344 1652 487 1709; x_wconf 90' lang='lat' dir='ltr'>illud</span> <span class='ocrx_word' id='word_1_110' title='bbox 520 1676 547 1703; x_wconf 84' lang='lat'>«</span> <span class='ocrx_word' id='word_1_111' title='bbox 581 1655 766 1708; x_wconf 85' lang='lat' dir='ltr'>Nosce</span> <span class='ocrx_word' id='word_1_112' title='bbox 787 1657 841 1706; x_wconf 91' lang='lat' dir='ltr'>te</span> <span class='ocrx_word' id='word_1_113' title='bbox 872 1651 1089 1722; x_wconf 89' lang='lat' dir='ltr'>ipsum.</span> <span class='ocrx_word' id='word_1_114' title='bbox 1108 1672 1135 1699; x_wconf 86' lang='lat'><strong>»</strong></span> <span class='ocrx_word' id='word_1_115' title='bbox 1156 1650 1302 1704; x_wconf 89' lang='lat' dir='ltr'>Nam</span> <span class='ocrx_word' id='word_1_116' title='bbox 1328 1650 1479 1705; x_wconf 89' lang='lat' dir='ltr'>illud</span> <span class='ocrx_word' id='word_1_117' title='bbox 1506 1672 1534 1699; x_wconf 85' lang='lat'><strong><em>«</em></strong></span> <span class='ocrx_word' id='word_1_118' title='bbox 1563 1650 1817 1722; x_wconf 84' lang='lat' dir='ltr'>Sponde,</span> <span class='ocrx_word' id='word_1_119' title='bbox 1845 1667 1997 1720; x_wconf 70' lang='lat' dir='ltr'>prae-</span> 
     </span>
    </p>
   </div>
   <div class='ocr_carea' id='block_1_20' title="bbox 352 1738 2000 1809">
    <p class='ocr_par' dir='ltr' id='par_1_20' title="bbox 352 1738 2000 1809">
     <span class='ocr_line' id='line_1_20' title="bbox 352 1738 2000 1809; baseline -0.002 -12"><span class='ocrx_word' id='word_1_120' title='bbox 352 1748 442 1797; x_wconf 92' lang='lat' dir='ltr'>sto</span> <span class='ocrx_word' id='word_1_121' title='bbox 475 1759 631 1796; x_wconf 77' lang='lat' dir='ltr'>noxa</span> <span class='ocrx_word' id='word_1_122' title='bbox 652 1745 741 1797; x_wconf 89' lang='lat' dir='ltr'>est</span> <span class='ocrx_word' id='word_1_123' title='bbox 770 1762 800 1791; x_wconf 86' lang='lat'><em>»</em></span> <span class='ocrx_word' id='word_1_124' title='bbox 834 1738 1094 1794; x_wconf 87' lang='lat' dir='ltr'>Chilonis</span> <span class='ocrx_word' id='word_1_125' title='bbox 1127 1739 1322 1809; x_wconf 87' lang='lat' dir='ltr'>potius</span> <span class='ocrx_word' id='word_1_126' title='bbox 1355 1744 1465 1804; x_wconf 89' lang='lat' dir='ltr'>est,</span> <span class='ocrx_word' id='word_1_127' title='bbox 1499 1739 1601 1809; x_wconf 88' lang='lat' dir='ltr'>qui</span> <span class='ocrx_word' id='word_1_128' title='bbox 1635 1738 1695 1793; x_wconf 91' lang='lat' dir='ltr'>id</span> <span class='ocrx_word' id='word_1_129' title='bbox 1737 1738 1849 1793; x_wconf 88' lang='lat' dir='ltr'>sibi</span> <span class='ocrx_word' id='word_1_130' title='bbox 1880 1739 2000 1793; x_wconf 91' lang='lat' dir='ltr'>vin-</span> 
     </span>
    </p>
   </div>
   <div class='ocr_carea' id='block_1_21' title="bbox 354 1828 1523 1900">
    <p class='ocr_par' dir='ltr' id='par_1_21' title="bbox 354 1828 1523 1900">
     <span class='ocr_line' id='line_1_21' title="bbox 354 1828 1523 1900; baseline -0.007 -14"><span class='ocrx_word' id='word_1_131' title='bbox 354 1832 610 1899; x_wconf 87' lang='lat' dir='ltr'>dicavit;</span> <span class='ocrx_word' id='word_1_132' title='bbox 646 1836 703 1885; x_wconf 88' lang='lat' dir='ltr'>et</span> <span class='ocrx_word' id='word_1_133' title='bbox 729 1829 877 1884; x_wconf 89' lang='lat' dir='ltr'>illud</span> <span class='ocrx_word' id='word_1_134' title='bbox 909 1853 936 1878; x_wconf 77' lang='grc' dir='ltr'>ιι</span> <span class='ocrx_word' id='word_1_135' title='bbox 973 1832 1053 1884; x_wconf 87' lang='lat' dir='ltr'>Ne</span> <span class='ocrx_word' id='word_1_136' title='bbox 1084 1828 1227 1900; x_wconf 87' lang='lat' dir='ltr'>quid</span> <span class='ocrx_word' id='word_1_137' title='bbox 1259 1829 1459 1886; x_wconf 89' lang='lat' dir='ltr'>nimis.</span> <span class='ocrx_word' id='word_1_138' title='bbox 1496 1851 1523 1879; x_wconf 87' lang='lat'>»</span> 
     </span>
    </p>
   </div>
   <div class='ocr_carea' id='block_1_22' title="bbox 2181 843 3770 928">
    <p class='ocr_par' dir='ltr' id='par_1_22' title="bbox 2181 843 3770 928">
     <span class='ocr_line' id='line_1_22' title="bbox 2181 843 3770 928; baseline 0.006 -31"><span class='ocrx_word' id='word_1_139' title='bbox 2181 845 2294 916; x_wconf 85' lang='grc' dir='ltr'>Πρὸ</span> <span class='ocrx_word' id='word_1_140' title='bbox 2342 845 2539 899; x_wconf 86' lang='grc' dir='ltr'>τούτου</span> <span class='ocrx_word' id='word_1_141' title='bbox 2639 843 2697 901; x_wconf 81' lang='grc' dir='ltr'>δὲ</span> <span class='ocrx_word' id='word_1_142' title='bbox 2765 845 2958 924; x_wconf 89' lang='grc' dir='ltr'>γέγονε</span> <span class='ocrx_word' id='word_1_143' title='bbox 3013 847 3218 917; x_wconf 77' lang='grc' dir='ltr'>Θαλῆς,</span> <span class='ocrx_word' id='word_1_144' title='bbox 3274 847 3334 911; x_wconf 78' lang='grc' dir='ltr'>ὅς</span> <span class='ocrx_word' id='word_1_145' title='bbox 3384 849 3770 928; x_wconf 81' lang='grc' dir='ltr'>ἐπικεχείρηκε</span> 
     </span>
    </p>
   </div>
   <div class='ocr_carea' id='block_1_23' title="bbox 2103 930 3768 1012">
    <p class='ocr_par' dir='ltr' id='par_1_23' title="bbox 2103 930 3768 1012">
     <span class='ocr_line' id='line_1_23' title="bbox 2103 930 3768 1012; baseline 0.007 -28"><span class='ocrx_word' id='word_1_146' title='bbox 2103 930 2431 1012; x_wconf 70' lang='grc' dir='ltr'>φιλοσοφίαν</span> <span class='ocrx_word' id='word_1_147' title='bbox 2463 937 2718 1011; x_wconf 72' lang='grc' dir='ltr'>φυσικὴν,</span> <span class='ocrx_word' id='word_1_148' title='bbox 2753 937 2934 1011; x_wconf 77' lang='grc' dir='ltr'>ἀρχῆν</span> <span class='ocrx_word' id='word_1_149' title='bbox 2965 940 3064 992; x_wconf 77' lang='grc' dir='ltr'>τοῦ</span> <span class='ocrx_word' id='word_1_150' title='bbox 3121 938 3324 1001; x_wconf 86' lang='grc' dir='ltr'>παντὸς</span> <span class='ocrx_word' id='word_1_151' title='bbox 3382 939 3473 994; x_wconf 85' lang='grc' dir='ltr'>καὶ</span> <span class='ocrx_word' id='word_1_152' title='bbox 3520 937 3680 1004; x_wconf 83' lang='grc' dir='ltr'>τέλὸς</span> <span class='ocrx_word' id='word_1_153' title='bbox 3704 941 3768 995; x_wconf 87' lang='grc' dir='ltr'>τὸ</span> 
     </span>
    </p>
   </div>
   <div class='ocr_carea' id='block_1_24' title="bbox 2103 1020 3771 1100">
    <p class='ocr_par' dir='ltr' id='par_1_24' title="bbox 2103 1020 3771 1100">
     <span class='ocr_line' id='line_1_24' title="bbox 2103 1020 3771 1100; baseline 0.005 -26"><span class='ocrx_word' id='word_1_154' title='bbox 2103 1025 2210 1096; x_wconf 76' lang='grc' dir='ltr'>πῦρ</span> <span class='ocrx_word' id='word_1_155' title='bbox 2243 1023 2331 1076; x_wconf 90' lang='grc' dir='ltr'>καὶ</span> <span class='ocrx_word' id='word_1_156' title='bbox 2371 1022 2433 1077; x_wconf 84' lang='grc' dir='ltr'>τὸ</span> <span class='ocrx_word' id='word_1_157' title='bbox 2466 1020 2612 1099; x_wconf 70' lang='grc' dir='ltr'>ὕδωρ</span> <span class='ocrx_word' id='word_1_158' title='bbox 2642 1030 2781 1079; x_wconf 84' lang='grc' dir='ltr'>εἶναι</span> <span class='ocrx_word' id='word_1_159' title='bbox 2840 1027 3041 1100; x_wconf 78' lang='grc' dir='ltr'>φήσας,</span> <span class='ocrx_word' id='word_1_160' title='bbox 3070 1026 3159 1082; x_wconf 87' lang='grc' dir='ltr'>καὶ</span> <span class='ocrx_word' id='word_1_161' title='bbox 3191 1024 3243 1097; x_wconf 78' lang='grc' dir='ltr'>ἐξ</span> <span class='ocrx_word' id='word_1_162' title='bbox 3266 1028 3449 1084; x_wconf 82' lang='grc' dir='ltr'>αὐτῶν</span> <span class='ocrx_word' id='word_1_163' title='bbox 3481 1028 3549 1084; x_wconf 81' lang='grc' dir='ltr'>τὰ</span> <span class='ocrx_word' id='word_1_164' title='bbox 3596 1030 3771 1085; x_wconf 85' lang='grc' dir='ltr'>πάντα</span> 
     </span>
    </p>
   </div>
   <div class='ocr_carea' id='block_1_25' title="bbox 2106 1111 3772 1193">
    <p class='ocr_par' dir='ltr' id='par_1_25' title="bbox 2106 1111 3772 1193">
     <span class='ocr_line' id='line_1_25' title="bbox 2106 1111 3772 1193; baseline 0.005 -29"><span class='ocrx_word' id='word_1_165' title='bbox 2106 1111 2468 1176; x_wconf 73' lang='grc' dir='ltr'>συνίστασθαιο</span> <span class='ocrx_word' id='word_1_166' title='bbox 2516 1113 2606 1191; x_wconf 77' lang='grc' dir='ltr'>ἀφ’</span> <span class='ocrx_word' id='word_1_167' title='bbox 2652 1115 2724 1169; x_wconf 82' lang='grc' dir='ltr'>ὧν</span> <span class='ocrx_word' id='word_1_168' title='bbox 2753 1114 2842 1170; x_wconf 83' lang='grc' dir='ltr'>καὶ</span> <span class='ocrx_word' id='word_1_169' title='bbox 2874 1114 3001 1176; x_wconf 82' lang='grc' dir='ltr'>τοὺς</span> <span class='ocrx_word' id='word_1_170' title='bbox 3056 1115 3314 1190; x_wconf 81' lang='grc' dir='ltr'>σείσμοὺς</span> <span class='ocrx_word' id='word_1_171' title='bbox 3380 1117 3469 1172; x_wconf 88' lang='grc' dir='ltr'>καὶ</span> <span class='ocrx_word' id='word_1_172' title='bbox 3527 1120 3772 1193; x_wconf 81' lang='grc' dir='ltr'>πνευμά-</span> 
     </span>
    </p>
   </div>
   <div class='ocr_carea' id='block_1_26' title="bbox 2103 1202 3461 1280">
    <p class='ocr_par' dir='ltr' id='par_1_26' title="bbox 2103 1202 3461 1280">
     <span class='ocr_line' id='line_1_26' title="bbox 2103 1202 3461 1280; baseline 0.007 -28"><span class='ocrx_word' id='word_1_173' title='bbox 2103 1220 2212 1253; x_wconf 93' lang='grc' dir='ltr'>των</span> <span class='ocrx_word' id='word_1_174' title='bbox 2237 1202 2540 1278; x_wconf 79' lang='grc' dir='ltr'>συστροφάς</span> <span class='ocrx_word' id='word_1_175' title='bbox 2565 1203 2654 1257; x_wconf 87' lang='grc' dir='ltr'>καὶ</span> <span class='ocrx_word' id='word_1_176' title='bbox 2688 1202 2899 1278; x_wconf 77' lang='grc' dir='ltr'>ἄστρων</span> <span class='ocrx_word' id='word_1_177' title='bbox 2928 1207 3170 1275; x_wconf 80' lang='grc' dir='ltr'>κινήσεις</span> <span class='ocrx_word' id='word_1_178' title='bbox 3199 1204 3461 1280; x_wconf 85' lang='grc' dir='ltr'>γίνεσθαι.</span> 
     </span>
    </p>
   </div>
   <div class='ocr_carea' id='block_1_27' title="bbox 2176 1289 3769 1374">
    <p class='ocr_par' dir='ltr' id='par_1_27' title="bbox 2176 1289 3769 1374">
     <span class='ocr_line' id='line_1_27' title="bbox 2176 1289 3769 1374; baseline 0.004 -29"><span class='ocrx_word' id='word_1_179' title='bbox 2176 1290 2299 1345; x_wconf 90' lang='grc' dir='ltr'>Ὃτι</span> <span class='ocrx_word' id='word_1_180' title='bbox 2338 1295 2557 1365; x_wconf 79' lang='grc' dir='ltr'>πρῶτος</span> <span class='ocrx_word' id='word_1_181' title='bbox 2594 1293 2622 1347; x_wconf 90' lang='grc' dir='ltr'>ὁ</span> <span class='ocrx_word' id='word_1_182' title='bbox 2654 1290 2840 1361; x_wconf 83' lang='grc' dir='ltr'>Θαλῆς</span> <span class='ocrx_word' id='word_1_183' title='bbox 2870 1294 2933 1348; x_wconf 90' lang='grc' dir='ltr'>τὸ</span> <span class='ocrx_word' id='word_1_184' title='bbox 2964 1298 3062 1348; x_wconf 78' lang='grc' dir='ltr'>τοῦ</span> <span class='ocrx_word' id='word_1_185' title='bbox 3122 1297 3292 1371; x_wconf 74' lang='grc' dir='ltr'>σοφοῦ</span> <span class='ocrx_word' id='word_1_186' title='bbox 3351 1289 3509 1374; x_wconf 76' lang='grc' dir='ltr'>ἔσχεν</span> <span class='ocrx_word' id='word_1_187' title='bbox 3573 1294 3769 1369; x_wconf 79' lang='grc' dir='ltr'>ὄνομα,</span> 
     </span>
    </p>
   </div>
   <div class='ocr_carea' id='block_1_28' title="bbox 2105 1379 3770 1460">
    <p class='ocr_par' dir='ltr' id='par_1_28' title="bbox 2105 1379 3770 1460">
     <span class='ocr_line' id='line_1_28' title="bbox 2105 1379 3770 1460; baseline 0.006 -30"><span class='ocrx_word' id='word_1_188' title='bbox 2105 1379 2197 1431; x_wconf 76' lang='grc' dir='ltr'>καὶ</span> <span class='ocrx_word' id='word_1_189' title='bbox 2228 1382 2448 1453; x_wconf 84' lang='grc' dir='ltr'>πρῶτος</span> <span class='ocrx_word' id='word_1_190' title='bbox 2480 1383 2579 1450; x_wconf 74' lang='grc' dir='ltr'>τήν</span> <span class='ocrx_word' id='word_1_191' title='bbox 2617 1383 2802 1455; x_wconf 79' lang='grc' dir='ltr'>ψυχὴν</span> <span class='ocrx_word' id='word_1_192' title='bbox 2863 1384 3012 1436; x_wconf 88' lang='grc' dir='ltr'>εἴπεν</span> <span class='ocrx_word' id='word_1_193' title='bbox 3062 1383 3352 1452; x_wconf 83' lang='grc' dir='ltr'>ἀθάνατον,</span> <span class='ocrx_word' id='word_1_194' title='bbox 3411 1382 3684 1460; x_wconf 76' lang='grc' dir='ltr'>ὲκλείψεις</span> <span class='ocrx_word' id='word_1_195' title='bbox 3713 1407 3770 1440; x_wconf 89' lang='grc' dir='ltr'>τε</span> 
     </span>
    </p>
   </div>
   <div class='ocr_carea' id='block_1_29' title="bbox 2106 1465 3769 1550">
    <p class='ocr_par' dir='ltr' id='par_1_29' title="bbox 2106 1465 3769 1550">
     <span class='ocr_line' id='line_1_29' title="bbox 2106 1465 3769 1550; baseline 0.006 -30"><span class='ocrx_word' id='word_1_196' title='bbox 2106 1465 2197 1521; x_wconf 91' lang='lat' dir='ltr'>xui</span> <span class='ocrx_word' id='word_1_197' title='bbox 2230 1466 2520 1543; x_wconf 75' lang='grc' dir='ltr'>ἰσημερίας</span> <span class='ocrx_word' id='word_1_198' title='bbox 2558 1468 2880 1547; x_wconf 71' lang='grc' dir='ltr'>κατείληφε.</span> <span class='ocrx_word' id='word_1_199' title='bbox 2941 1471 3044 1527; x_wconf 86' lang='grc' dir='ltr'>Καὶ</span> <span class='ocrx_word' id='word_1_200' title='bbox 3103 1472 3501 1550; x_wconf 76' lang='grc' dir='ltr'>ἀποφθέγματα</span> <span class='ocrx_word' id='word_1_201' title='bbox 3540 1473 3769 1531; x_wconf 80' lang='grc' dir='ltr'>πλεῖστα</span> 
     </span>
    </p>
   </div>
   <div class='ocr_carea' id='block_1_30' title="bbox 2107 1556 3769 1634">
    <p class='ocr_par' dir='ltr' id='par_1_30' title="bbox 2107 1556 3769 1634">
     <span class='ocr_line' id='line_1_30' title="bbox 2107 1556 3769 1634; baseline 0.002 -22"><span class='ocrx_word' id='word_1_202' title='bbox 2107 1556 2389 1628; x_wconf 82' lang='grc' dir='ltr'>κατέλιπε,</span> <span class='ocrx_word' id='word_1_203' title='bbox 2436 1560 2528 1613; x_wconf 89' lang='lat' dir='ltr'>xui</span> <span class='ocrx_word' id='word_1_204' title='bbox 2579 1561 2642 1614; x_wconf 83' lang='grc' dir='ltr'>τὸ</span> <span class='ocrx_word' id='word_1_205' title='bbox 2707 1558 3102 1634; x_wconf 83' lang='grc' dir='ltr'>θρυλούμενον,</span> <span class='ocrx_word' id='word_1_206' title='bbox 3166 1587 3194 1616; x_wconf 85' lang='grc' dir='ltr'>ιι</span> <span class='ocrx_word' id='word_1_207' title='bbox 3226 1569 3398 1628; x_wconf 82' lang='grc' dir='ltr'>Γνῶθι</span> <span class='ocrx_word' id='word_1_208' title='bbox 3458 1570 3702 1623; x_wconf 88' lang='grc' dir='ltr'>σεαυτόν.</span> <span class='ocrx_word' id='word_1_209' title='bbox 3741 1589 3769 1616; x_wconf 84' lang='grc'>››</span> 
     </span>
    </p>
   </div>
   <div class='ocr_carea' id='block_1_31' title="bbox 2107 1647 3767 1726">
    <p class='ocr_par' dir='ltr' id='par_1_31' title="bbox 2107 1647 3767 1726">
     <span class='ocr_line' id='line_1_31' title="bbox 2107 1647 3767 1726; baseline 0.005 -26"><span class='ocrx_word' id='word_1_210' title='bbox 2107 1647 2181 1701; x_wconf 88' lang='grc' dir='ltr'>Τὸ</span> <span class='ocrx_word' id='word_1_211' title='bbox 2210 1647 2340 1721; x_wconf 80' lang='grc' dir='ltr'>γάρ,</span> <span class='ocrx_word' id='word_1_212' title='bbox 2371 1672 2399 1700; x_wconf 91' lang='grc'>‹‹</span> <span class='ocrx_word' id='word_1_213' title='bbox 2438 1647 2654 1724; x_wconf 83' lang='grc' dir='ltr'>Ἐγγύα,</span> <span class='ocrx_word' id='word_1_214' title='bbox 2704 1649 2850 1722; x_wconf 84' lang='grc' dir='ltr'>πάρα</span> <span class='ocrx_word' id='word_1_215' title='bbox 2904 1648 2950 1704; x_wconf 85' lang='grc' dir='ltr'>δ’</span> <span class='ocrx_word' id='word_1_216' title='bbox 3003 1648 3128 1722; x_wconf 82' lang='grc' dir='ltr'>ἄτη,</span> <span class='ocrx_word' id='word_1_217' title='bbox 3161 1677 3188 1704; x_wconf 82' lang='grc'>››</span> <span class='ocrx_word' id='word_1_218' title='bbox 3234 1651 3489 1716; x_wconf 83' lang='grc' dir='ltr'>Χίλωνος</span> <span class='ocrx_word' id='word_1_219' title='bbox 3551 1652 3767 1726; x_wconf 75' lang='grc' dir='ltr'>μᾶλλόν</span> 
     </span>
    </p>
   </div>
   <div class='ocr_carea' id='block_1_32' title="bbox 2109 1734 3769 1820">
    <p class='ocr_par' dir='ltr' id='par_1_32' title="bbox 2109 1734 3769 1820">
     <span class='ocr_line' id='line_1_32' title="bbox 2109 1734 3769 1820; baseline 0.004 -30"><span class='ocrx_word' id='word_1_220' title='bbox 2109 1735 2270 1809; x_wconf 72' lang='grc' dir='ltr'>ἔστιν,</span> <span class='ocrx_word' id='word_1_221' title='bbox 2299 1734 2790 1812; x_wconf 82' lang='grc' dir='ltr'>ἰδιοποιησαμένου</span> <span class='ocrx_word' id='word_1_222' title='bbox 2819 1739 2952 1795; x_wconf 83' lang='grc' dir='ltr'>αὐτὸ</span> <span class='ocrx_word' id='word_1_223' title='bbox 3003 1741 3093 1795; x_wconf 80' lang='grc' dir='ltr'>καὶ</span> <span class='ocrx_word' id='word_1_224' title='bbox 3151 1742 3238 1812; x_wconf 89' lang='grc' dir='ltr'>τὸ,</span> <span class='ocrx_word' id='word_1_225' title='bbox 3271 1766 3297 1795; x_wconf 87' lang='grc'>‹‹</span> <span class='ocrx_word' id='word_1_226' title='bbox 3326 1740 3514 1814; x_wconf 70' lang='grc' dir='ltr'>Μηδὲν</span> <span class='ocrx_word' id='word_1_227' title='bbox 3545 1741 3704 1820; x_wconf 70' lang='grc' dir='ltr'>ἄγαν.</span> <span class='ocrx_word' id='word_1_228' title='bbox 3740 1768 3769 1796; x_wconf 67' lang='grc' dir='ltr'>»ι</span> 
     </span>
    </p>
   </div>
   <div class='ocr_carea' id='block_1_33' title="bbox 2529 1867 2541 1875">
    <p class='ocr_par' dir='ltr' id='par_1_33' title="bbox 2529 1867 2541 1875">
     <span class='ocr_line' id='line_1_33' title="bbox 2529 1867 2541 1875; baseline 0 0"><span class='ocrx_word' id='word_1_229' title='bbox 2529 1867 2541 1875; x_wconf 69' lang='grc' dir='ltr'><strong>ρ</strong></span> 
     </span>
    </p>
   </div>
   <div class='ocr_carea' id='block_1_34' title="bbox 419 1915 2000 1996">
    <p class='ocr_par' dir='ltr' id='par_1_34' title="bbox 419 1921 2000 1995">
     <span class='ocr_line' id='line_1_34' title="bbox 419 1921 2000 1995; baseline -0.001 -17"><span class='ocrx_word' id='word_1_230' title='bbox 419 1924 653 1979; x_wconf 89' lang='lat' dir='ltr'>Tertius</span> <span class='ocrx_word' id='word_1_231' title='bbox 684 1921 1080 1995; x_wconf 87' lang='lat' dir='ltr'>philosophus</span> <span class='ocrx_word' id='word_1_232' title='bbox 1110 1921 1522 1992; x_wconf 87' lang='lat' dir='ltr'>Empedocles,</span> <span class='ocrx_word' id='word_1_233' title='bbox 1564 1927 1783 1992; x_wconf 76' lang='lat' dir='ltr'>praeter</span> <span class='ocrx_word' id='word_1_234' title='bbox 1815 1921 2000 1976; x_wconf 87' lang='lat' dir='ltr'>multa</span> 
     </span>
    </p>
   </div>
   <div class='ocr_carea' id='block_1_35' title="bbox 2118 1915 3771 1996">
    <p class='ocr_par' dir='ltr' id='par_1_35' title="bbox 2180 1915 3771 1996">
     <span class='ocr_line' id='line_1_35' title="bbox 2180 1915 3771 1996; baseline 0.006 -26"><span class='ocrx_word' id='word_1_235' title='bbox 2180 1915 2373 1990; x_wconf 80' lang='grc' dir='ltr'>Τρίτος</span> <span class='ocrx_word' id='word_1_236' title='bbox 2406 1915 2709 1993; x_wconf 76' lang='grc' dir='ltr'>φιλόσοφος</span> <span class='ocrx_word' id='word_1_237' title='bbox 2767 1915 3175 1992; x_wconf 71' lang='grc' dir='ltr'>Ἐμπεδοκλῆς.</span> <span class='ocrx_word' id='word_1_238' title='bbox 3211 1920 3386 1983; x_wconf 79' lang='grc' dir='ltr'>Οὗτος</span> <span class='ocrx_word' id='word_1_239' title='bbox 3443 1924 3580 1996; x_wconf 83' lang='grc' dir='ltr'>μετά</span> <span class='ocrx_word' id='word_1_240' title='bbox 3627 1923 3771 1979; x_wconf 81' lang='grc' dir='ltr'>πολ-</span> 
     </span>
    </p>
   </div>
   <div class='ocr_carea' id='block_1_36' title="bbox 344 2009 1996 2083">
    <p class='ocr_par' dir='ltr' id='par_1_36' title="bbox 344 2009 1996 2083">
     <span class='ocr_line' id='line_1_36' title="bbox 344 2009 1996 2083; baseline -0.002 -16"><span class='ocrx_word' id='word_1_241' title='bbox 344 2014 462 2067; x_wconf 88' lang='lat' dir='ltr'>alia</span> <span class='ocrx_word' id='word_1_242' title='bbox 492 2019 838 2083; x_wconf 80' lang='lat' dir='ltr'>portentosa</span> <span class='ocrx_word' id='word_1_243' title='bbox 856 2011 1115 2077; x_wconf 87' lang='lat' dir='ltr'>decreta,</span> <span class='ocrx_word' id='word_1_244' title='bbox 1149 2009 1262 2064; x_wconf 90' lang='lat' dir='ltr'>hoc</span> <span class='ocrx_word' id='word_1_245' title='bbox 1290 2010 1468 2064; x_wconf 88' lang='lat' dir='ltr'>etiam</span> <span class='ocrx_word' id='word_1_246' title='bbox 1502 2012 1706 2079; x_wconf 87' lang='lat' dir='ltr'>sensit,</span> <span class='ocrx_word' id='word_1_247' title='bbox 1732 2011 1996 2065; x_wconf 88' lang='lat' dir='ltr'>universi</span> 
     </span>
    </p>
   </div>
   <div class='ocr_carea' id='block_1_37' title="bbox 344 2097 1998 2173">
    <p class='ocr_par' dir='ltr' id='par_1_37' title="bbox 344 2097 1998 2173">
     <span class='ocr_line' id='line_1_37' title="bbox 344 2097 1998 2173; baseline -0.002 -16"><span class='ocrx_word' id='word_1_248' title='bbox 344 2101 640 2173; x_wconf 88' lang='lat' dir='ltr'>principia</span> <span class='ocrx_word' id='word_1_249' title='bbox 671 2106 828 2155; x_wconf 90' lang='lat' dir='ltr'>esset</span> <span class='ocrx_word' id='word_1_250' title='bbox 853 2099 1178 2154; x_wconf 88' lang='lat' dir='ltr'>amicitiam</span> <span class='ocrx_word' id='word_1_251' title='bbox 1201 2103 1379 2168; x_wconf 90' lang='lat' dir='ltr'>atque</span> <span class='ocrx_word' id='word_1_252' title='bbox 1402 2097 1783 2165; x_wconf 87' lang='lat' dir='ltr'>discordiam,</span> <span class='ocrx_word' id='word_1_253' title='bbox 1808 2099 1998 2154; x_wconf 84' lang='lat' dir='ltr'>unita-</span> 
     </span>
    </p>
   </div>
   <div class='ocr_carea' id='block_1_38' title="bbox 346 2187 2001 2258">
    <p class='ocr_par' dir='ltr' id='par_1_38' title="bbox 346 2187 2001 2258">
     <span class='ocr_line' id='line_1_38' title="bbox 346 2187 2001 2258; baseline -0.002 -12"><span class='ocrx_word' id='word_1_254' title='bbox 346 2199 469 2246; x_wconf 87' lang='lat' dir='ltr'>tem</span> <span class='ocrx_word' id='word_1_255' title='bbox 502 2189 809 2244; x_wconf 89' lang='lat' dir='ltr'>intellectu</span> <span class='ocrx_word' id='word_1_256' title='bbox 868 2187 1118 2258; x_wconf 85' lang='lat' dir='ltr'>percipi,</span> <span class='ocrx_word' id='word_1_257' title='bbox 1150 2187 1346 2258; x_wconf 84' lang='lat' dir='ltr'>ignem</span> <span class='ocrx_word' id='word_1_258' title='bbox 1379 2203 1507 2241; x_wconf 90' lang='lat' dir='ltr'>esse</span> <span class='ocrx_word' id='word_1_259' title='bbox 1555 2189 1764 2257; x_wconf 91' lang='lat' dir='ltr'>Deum,</span> <span class='ocrx_word' id='word_1_260' title='bbox 1798 2188 2001 2242; x_wconf 89' lang='lat' dir='ltr'>omnia</span> 
     </span>
    </p>
   </div>
   <div class='ocr_carea' id='block_1_39' title="bbox 348 2276 1999 2351">
    <p class='ocr_par' dir='ltr' id='par_1_39' title="bbox 348 2276 1999 2351">
     <span class='ocr_line' id='line_1_39' title="bbox 348 2276 1999 2351; baseline -0.002 -16"><span class='ocrx_word' id='word_1_261' title='bbox 348 2298 421 2337; x_wconf 86' lang='lat' dir='ltr'>ex</span> <span class='ocrx_word' id='word_1_262' title='bbox 446 2280 581 2351; x_wconf 82' lang='lat' dir='ltr'>igne</span> <span class='ocrx_word' id='word_1_263' title='bbox 601 2294 732 2333; x_wconf 89' lang='lat' dir='ltr'>esse</span> <span class='ocrx_word' id='word_1_264' title='bbox 751 2282 1081 2347; x_wconf 89' lang='lat' dir='ltr'>compacta,</span> <span class='ocrx_word' id='word_1_265' title='bbox 1100 2276 1160 2330; x_wconf 91' lang='lat' dir='ltr'>in</span> <span class='ocrx_word' id='word_1_266' title='bbox 1180 2292 1435 2346; x_wconf 90' lang='lat' dir='ltr'>eumque</span> <span class='ocrx_word' id='word_1_267' title='bbox 1453 2277 1656 2331; x_wconf 87' lang='lat' dir='ltr'>omnia</span> <span class='ocrx_word' id='word_1_268' title='bbox 1675 2276 1999 2332; x_wconf 87' lang='lat' dir='ltr'>resolutum</span> 
     </span>
    </p>
   </div>
   <div class='ocr_carea' id='block_1_40' title="bbox 348 2364 2000 2437">
    <p class='ocr_par' dir='ltr' id='par_1_40' title="bbox 348 2364 2000 2437">
     <span class='ocr_line' id='line_1_40' title="bbox 348 2364 2000 2437; baseline -0.001 -14"><span class='ocrx_word' id='word_1_269' title='bbox 348 2368 443 2423; x_wconf 90' lang='lat' dir='ltr'>iri.</span> <span class='ocrx_word' id='word_1_270' title='bbox 492 2367 597 2421; x_wconf 87' lang='lat' dir='ltr'>Cui</span> <span class='ocrx_word' id='word_1_271' title='bbox 630 2367 751 2420; x_wconf 85' lang='lat' dir='ltr'>fere</span> <span class='ocrx_word' id='word_1_272' title='bbox 795 2365 973 2419; x_wconf 88' lang='lat' dir='ltr'>Stoici</span> <span class='ocrx_word' id='word_1_273' title='bbox 1020 2364 1441 2435; x_wconf 85' lang='lat' dir='ltr'>astipulantur,</span> <span class='ocrx_word' id='word_1_274' title='bbox 1475 2365 1629 2421; x_wconf 65' lang='lat'><strong>276</strong></span> <span class='ocrx_word' id='word_1_275' title='bbox 1672 2366 2000 2437; x_wconf 78' lang='lat' dir='ltr'>conﬂagra-</span> 
     </span>
    </p>
   </div>
   <div class='ocr_carea' id='block_1_41' title="bbox 348 2453 2002 2526">
    <p class='ocr_par' dir='ltr' id='par_1_41' title="bbox 348 2453 2002 2526">
     <span class='ocr_line' id='line_1_41' title="bbox 348 2453 2002 2526; baseline -0.001 -14"><span class='ocrx_word' id='word_1_276' title='bbox 348 2459 575 2512; x_wconf 91' lang='lat' dir='ltr'>tionem</span> <span class='ocrx_word' id='word_1_277' title='bbox 624 2459 1055 2526; x_wconf 87' lang='lat' dir='ltr'>exspectantes.</span> <span class='ocrx_word' id='word_1_278' title='bbox 1124 2453 1287 2507; x_wconf 91' lang='lat' dir='ltr'>Idem</span> <span class='ocrx_word' id='word_1_279' title='bbox 1337 2454 1573 2509; x_wconf 88' lang='lat' dir='ltr'>censuit</span> <span class='ocrx_word' id='word_1_280' title='bbox 1628 2454 1891 2509; x_wconf 88' lang='lat' dir='ltr'>animam</span> <span class='ocrx_word' id='word_1_281' title='bbox 1940 2457 2002 2511; x_wconf 92' lang='lat' dir='ltr'>in</span> 
     </span>
    </p>
   </div>
   <div class='ocr_carea' id='block_1_42' title="bbox 354 2551 2005 2623">
    <p class='ocr_par' dir='ltr' id='par_1_42' title="bbox 354 2551 2005 2623">
     <span class='ocr_line' id='line_1_42' title="bbox 354 2551 2005 2623; baseline -0.001 -14"><span class='ocrx_word' id='word_1_282' title='bbox 354 2570 531 2609; x_wconf 87' lang='lat' dir='ltr'>omne</span> <span class='ocrx_word' id='word_1_283' title='bbox 550 2554 858 2607; x_wconf 86' lang='lat' dir='ltr'>brutorum</span> <span class='ocrx_word' id='word_1_284' title='bbox 872 2567 1055 2623; x_wconf 81' lang='lat' dir='ltr'>genus</span> <span class='ocrx_word' id='word_1_285' title='bbox 1068 2552 1323 2606; x_wconf 90' lang='lat' dir='ltr'>transire</span> <span class='ocrx_word' id='word_1_286' title='bbox 1348 2569 1361 2606; x_wconf 90' lang='lat'><strong>:</strong></span> <span class='ocrx_word' id='word_1_287' title='bbox 1384 2552 1466 2605; x_wconf 89' lang='lat' dir='ltr'>ita</span> <span class='ocrx_word' id='word_1_288' title='bbox 1483 2551 1641 2606; x_wconf 92' lang='lat' dir='ltr'>enim</span> <span class='ocrx_word' id='word_1_289' title='bbox 1658 2553 2005 2623; x_wconf 68' lang='lat' dir='ltr'>Pythagoras</span> 
     </span>
    </p>
   </div>
   <div class='ocr_carea' id='block_1_43' title="bbox 358 2640 1109 2716">
    <p class='ocr_par' dir='ltr' id='par_1_43' title="bbox 358 2640 1109 2716">
     <span class='ocr_line' id='line_1_43' title="bbox 358 2640 1109 2716; baseline -0.004 -19"><span class='ocrx_word' id='word_1_290' title='bbox 358 2643 702 2716; x_wconf 87' lang='lat' dir='ltr'>opinionem</span> <span class='ocrx_word' id='word_1_291' title='bbox 737 2647 976 2696; x_wconf 86' lang='lat' dir='ltr'>secutus</span> <span class='ocrx_word' id='word_1_292' title='bbox 997 2640 1109 2695; x_wconf 87' lang='lat' dir='ltr'>ait:</span> 
     </span>
    </p>
   </div>
   <div class='ocr_carea' id='block_1_44' title="bbox 426 2728 1899 2802">
    <p class='ocr_par' dir='ltr' id='par_1_44' title="bbox 426 2728 1899 2802">
     <span class='ocr_line' id='line_1_44' title="bbox 426 2728 1899 2802; baseline -0.003 -15"><span class='ocrx_word' id='word_1_293' title='bbox 426 2733 657 2802; x_wconf 83' lang='lat' dir='ltr'>Jamque</span> <span class='ocrx_word' id='word_1_294' title='bbox 688 2732 882 2785; x_wconf 75' lang='lat' dir='ltr'>valete.</span> <span class='ocrx_word' id='word_1_295' title='bbox 919 2732 1058 2783; x_wconf 84' lang='lat' dir='ltr'>Deus</span> <span class='ocrx_word' id='word_1_296' title='bbox 1078 2745 1224 2784; x_wconf 88' lang='lat' dir='ltr'>nunc</span> <span class='ocrx_word' id='word_1_297' title='bbox 1254 2728 1586 2784; x_wconf 76' lang='lat' dir='ltr'>immortalis</span> <span class='ocrx_word' id='word_1_298' title='bbox 1616 2735 1668 2783; x_wconf 82' lang='lat' dir='ltr'>et</span> <span class='ocrx_word' id='word_1_299' title='bbox 1704 2745 1899 2802; x_wconf 53' lang='lat' dir='ltr'>erpers</span> 
     </span>
    </p>
   </div>
   <div class='ocr_carea' id='block_1_45' title="bbox 421 2799 1829 2871">
    <p class='ocr_par' dir='ltr' id='par_1_45' title="bbox 421 2799 1829 2871">
     <span class='ocr_line' id='line_1_45' title="bbox 421 2799 1829 2871; baseline -0.003 -13"><span class='ocrx_word' id='word_1_300' title='bbox 421 2799 688 2858; x_wconf 60' lang='lat' dir='ltr'>Inteﬁtus</span> <span class='ocrx_word' id='word_1_301' title='bbox 717 2818 814 2871; x_wconf 89' lang='lat' dir='ltr'>ego</span> <span class='ocrx_word' id='word_1_302' title='bbox 837 2817 981 2856; x_wconf 86' lang='lat' dir='ltr'>sum.</span> <span class='ocrx_word' id='word_1_303' title='bbox 1013 2802 1157 2854; x_wconf 77' lang='lat' dir='ltr'>Puer</span> <span class='ocrx_word' id='word_1_304' title='bbox 1186 2806 1236 2855; x_wconf 78' lang='lat' dir='ltr'>et</span> <span class='ocrx_word' id='word_1_305' title='bbox 1275 2802 1605 2870; x_wconf 86' lang='lat' dir='ltr'>quandoque</span> <span class='ocrx_word' id='word_1_306' title='bbox 1629 2799 1829 2869; x_wconf 83' lang='lat' dir='ltr'>puella</span> 
     </span>
    </p>
   </div>
   <div class='ocr_carea' id='block_1_46' title="bbox 422 2871 1879 2945">
    <p class='ocr_par' dir='ltr' id='par_1_46' title="bbox 422 2871 1879 2945">
     <span class='ocr_line' id='line_1_46' title="bbox 422 2871 1879 2945; baseline -0.003 -15"><span class='ocrx_word' id='word_1_307' title='bbox 422 2877 544 2945; x_wconf 83' lang='lat' dir='ltr'>Ipse</span> <span class='ocrx_word' id='word_1_308' title='bbox 571 2876 658 2929; x_wconf 85' lang='lat' dir='ltr'>sui</span> <span class='ocrx_word' id='word_1_309' title='bbox 683 2890 694 2926; x_wconf 88' lang='lat'>:</span> <span class='ocrx_word' id='word_1_310' title='bbox 737 2873 999 2945; x_wconf 76' lang='lat' dir='ltr'>fruticem</span> <span class='ocrx_word' id='word_1_311' title='bbox 1022 2871 1237 2945; x_wconf 67' lang='lat' dir='ltr'>mmini</span> <span class='ocrx_word' id='word_1_312' title='bbox 1263 2874 1575 2941; x_wconf 85' lang='lat' dir='ltr'>piscemque</span> <span class='ocrx_word' id='word_1_313' title='bbox 1605 2873 1879 2927; x_wconf 79' lang='lat' dir='ltr'>marinum</span> 
     </span>
    </p>
   </div>
   <div class='ocr_carea' id='block_1_47' title="bbox 424 2943 1220 3014">
    <p class='ocr_par' dir='ltr' id='par_1_47' title="bbox 424 2943 1220 3014">
     <span class='ocr_line' id='line_1_47' title="bbox 424 2943 1220 3014; baseline -0.006 -13"><span class='ocrx_word' id='word_1_314' title='bbox 424 2943 571 3001; x_wconf 67' lang='lat' dir='ltr'>Pisae</span> <span class='ocrx_word' id='word_1_315' title='bbox 596 2960 787 3014; x_wconf 86' lang='lat' dir='ltr'>meque</span> <span class='ocrx_word' id='word_1_316' title='bbox 815 2943 987 3012; x_wconf 81' lang='lat' dir='ltr'>fuisse</span> <span class='ocrx_word' id='word_1_317' title='bbox 1018 2943 1220 2997; x_wconf 60' lang='lat' dir='ltr'>liorem.</span> 
     </span>
    </p>
   </div>
   <div class='ocr_carea' id='block_1_48' title="bbox 426 3032 2007 3105">
    <p class='ocr_par' dir='ltr' id='par_1_48' title="bbox 426 3032 2007 3105">
     <span class='ocr_line' id='line_1_48' title="bbox 426 3032 2007 3105; baseline -0.001 -16"><span class='ocrx_word' id='word_1_318' title='bbox 426 3036 680 3100; x_wconf 86' lang='lat' dir='ltr'>Quartus</span> <span class='ocrx_word' id='word_1_319' title='bbox 702 3032 1031 3089; x_wconf 85' lang='lat' dir='ltr'>Heraclitus</span> <span class='ocrx_word' id='word_1_320' title='bbox 1058 3032 1179 3087; x_wconf 90' lang='lat' dir='ltr'>fere</span> <span class='ocrx_word' id='word_1_321' title='bbox 1210 3032 1554 3105; x_wconf 77' lang='lat' dir='ltr'>Pythagorae</span> <span class='ocrx_word' id='word_1_322' title='bbox 1587 3048 1846 3087; x_wconf 91' lang='lat' dir='ltr'>consona</span> <span class='ocrx_word' id='word_1_323' title='bbox 1871 3048 2007 3103; x_wconf 87' lang='lat' dir='ltr'>pro-</span> 
     </span>
    </p>
   </div>
   <div class='ocr_carea' id='block_1_49' title="bbox 357 3122 2010 3194">
    <p class='ocr_par' dir='ltr' id='par_1_49' title="bbox 357 3122 2010 3194">
     <span class='ocr_line' id='line_1_49' title="bbox 357 3122 2010 3194; baseline -0.002 -15"><span class='ocrx_word' id='word_1_324' title='bbox 357 3124 670 3179; x_wconf 89' lang='lat' dir='ltr'>nuntiavit.</span> <span class='ocrx_word' id='word_1_325' title='bbox 692 3123 825 3178; x_wconf 68' lang='lat' dir='ltr'>Hmc</span> <span class='ocrx_word' id='word_1_326' title='bbox 849 3139 1086 3193; x_wconf 88' lang='lat' dir='ltr'>quoque</span> <span class='ocrx_word' id='word_1_327' title='bbox 1111 3127 1398 3193; x_wconf 64' lang='lat' dir='ltr'>praterea</span> <span class='ocrx_word' id='word_1_328' title='bbox 1417 3123 1546 3194; x_wconf 87' lang='lat' dir='ltr'>ejus</span> <span class='ocrx_word' id='word_1_329' title='bbox 1565 3126 1725 3190; x_wconf 86' lang='lat' dir='ltr'>sunt,</span> <span class='ocrx_word' id='word_1_330' title='bbox 1745 3122 2010 3193; x_wconf 90' lang='lat' dir='ltr'>corporis</span> 
     </span>
    </p>
   </div>
   <div class='ocr_carea' id='block_1_50' title="bbox 356 3210 2008 3284">
    <p class='ocr_par' dir='ltr' id='par_1_50' title="bbox 356 3210 2008 3284">
     <span class='ocr_line' id='line_1_50' title="bbox 356 3210 2008 3284; baseline -0.002 -16"><span class='ocrx_word' id='word_1_331' title='bbox 356 3229 538 3284; x_wconf 91' lang='lat' dir='ltr'>quam</span> <span class='ocrx_word' id='word_1_332' title='bbox 554 3212 863 3267; x_wconf 86' lang='lat' dir='ltr'>minimam</span> <span class='ocrx_word' id='word_1_333' title='bbox 885 3211 1130 3266; x_wconf 91' lang='lat' dir='ltr'>omnino</span> <span class='ocrx_word' id='word_1_334' title='bbox 1144 3210 1481 3266; x_wconf 88' lang='lat' dir='ltr'>habendam</span> <span class='ocrx_word' id='word_1_335' title='bbox 1497 3211 1813 3277; x_wconf 89' lang='lat' dir='ltr'>rationem,</span> <span class='ocrx_word' id='word_1_336' title='bbox 1831 3210 2008 3281; x_wconf 93' lang='lat' dir='ltr'>idque</span> 
     </span>
    </p>
   </div>
   <div class='ocr_carea' id='block_1_51' title="bbox 2107 2003 3774 2082">
    <p class='ocr_par' dir='ltr' id='par_1_51' title="bbox 2107 2003 3774 2082">
     <span class='ocr_line' id='line_1_51' title="bbox 2107 2003 3774 2082; baseline 0.005 -24"><span class='ocrx_word' id='word_1_337' title='bbox 2107 2003 2209 2066; x_wconf 73' lang='grc' dir='ltr'>λάς</span> <span class='ocrx_word' id='word_1_338' title='bbox 2271 2005 2657 2082; x_wconf 88' lang='grc' dir='ltr'>τερατολογίας</span> <span class='ocrx_word' id='word_1_339' title='bbox 2733 2004 3061 2081; x_wconf 74' lang='grc' dir='ltr'>ἐδογμάτισε</span> <span class='ocrx_word' id='word_1_340' title='bbox 3122 2009 3213 2064; x_wconf 80' lang='grc' dir='ltr'>καὶ</span> <span class='ocrx_word' id='word_1_341' title='bbox 3271 2014 3463 2079; x_wconf 76' lang='grc' dir='ltr'>ταῦτα,</span> <span class='ocrx_word' id='word_1_342' title='bbox 3521 2012 3620 2079; x_wconf 83' lang='grc' dir='ltr'>τήν</span> <span class='ocrx_word' id='word_1_343' title='bbox 3674 2016 3774 2067; x_wconf 76' lang='grc' dir='ltr'>τοῦ</span> 
     </span>
    </p>
   </div>
   <div class='ocr_carea' id='block_1_52' title="bbox 2109 2092 3775 2171">
    <p class='ocr_par' dir='ltr' id='par_1_52' title="bbox 2109 2092 3775 2171">
     <span class='ocr_line' id='line_1_52' title="bbox 2109 2092 3775 2171; baseline 0.005 -26"><span class='ocrx_word' id='word_1_344' title='bbox 2109 2092 2306 2153; x_wconf 87' lang='grc' dir='ltr'>παντὸς</span> <span class='ocrx_word' id='word_1_345' title='bbox 2340 2092 2520 2167; x_wconf 80' lang='grc' dir='ltr'>ἀρχὴν</span> <span class='ocrx_word' id='word_1_346' title='bbox 2550 2098 2731 2155; x_wconf 83' lang='grc' dir='ltr'>νεῖκος</span> <span class='ocrx_word' id='word_1_347' title='bbox 2778 2094 2868 2149; x_wconf 80' lang='grc' dir='ltr'>καί</span> <span class='ocrx_word' id='word_1_348' title='bbox 2921 2094 3110 2169; x_wconf 80' lang='grc' dir='ltr'>φιλίαν</span> <span class='ocrx_word' id='word_1_349' title='bbox 3170 2094 3370 2171; x_wconf 86' lang='grc' dir='ltr'>λέγων,</span> <span class='ocrx_word' id='word_1_350' title='bbox 3430 2098 3520 2153; x_wconf 87' lang='lat' dir='ltr'>xui</span> <span class='ocrx_word' id='word_1_351' title='bbox 3576 2100 3639 2154; x_wconf 87' lang='grc' dir='ltr'>τὸ</span> <span class='ocrx_word' id='word_1_352' title='bbox 3669 2106 3775 2169; x_wconf 80' lang='grc' dir='ltr'>τῆς</span> 
     </span>
    </p>
   </div>
   <div class='ocr_carea' id='block_1_53' title="bbox 2114 2177 3780 2263">
    <p class='ocr_par' dir='ltr' id='par_1_53' title="bbox 2114 2177 3780 2263">
     <span class='ocr_line' id='line_1_53' title="bbox 2114 2177 3780 2263; baseline 0.006 -29"><span class='ocrx_word' id='word_1_353' title='bbox 2114 2177 2349 2252; x_wconf 78' lang='grc' dir='ltr'>μονάδος</span> <span class='ocrx_word' id='word_1_354' title='bbox 2381 2181 2565 2255; x_wconf 82' lang='grc' dir='ltr'>νοερὸν</span> <span class='ocrx_word' id='word_1_355' title='bbox 2600 2186 2707 2256; x_wconf 69' lang='grc' dir='ltr'>πῦρ</span> <span class='ocrx_word' id='word_1_356' title='bbox 2764 2183 2856 2238; x_wconf 85' lang='grc' dir='ltr'>τὸν</span> <span class='ocrx_word' id='word_1_357' title='bbox 2891 2184 3048 2256; x_wconf 84' lang='grc' dir='ltr'>Θεὸν,</span> <span class='ocrx_word' id='word_1_358' title='bbox 3105 2186 3197 2240; x_wconf 81' lang='grc' dir='ltr'>καὶ</span> <span class='ocrx_word' id='word_1_359' title='bbox 3247 2186 3332 2241; x_wconf 83' lang='grc' dir='ltr'>ὅτι</span> <span class='ocrx_word' id='word_1_360' title='bbox 3390 2187 3450 2242; x_wconf 82' lang='grc' dir='ltr'>ἐκ</span> <span class='ocrx_word' id='word_1_361' title='bbox 3506 2188 3677 2263; x_wconf 85' lang='grc' dir='ltr'>πυρὸς</span> <span class='ocrx_word' id='word_1_362' title='bbox 3709 2189 3780 2244; x_wconf 75' lang='grc' dir='ltr'>τὰ</span> 
     </span>
    </p>
   </div>
   <div class='ocr_carea' id='block_1_54' title="bbox 2108 2268 3776 2349">
    <p class='ocr_par' dir='ltr' id='par_1_54' title="bbox 2108 2268 3776 2349">
     <span class='ocr_line' id='line_1_54' title="bbox 2108 2268 3776 2349; baseline 0.005 -26"><span class='ocrx_word' id='word_1_363' title='bbox 2108 2268 2280 2324; x_wconf 86' lang='grc' dir='ltr'>πάντα</span> <span class='ocrx_word' id='word_1_364' title='bbox 2337 2270 2645 2327; x_wconf 87' lang='grc' dir='ltr'>συνίσταται</span> <span class='ocrx_word' id='word_1_365' title='bbox 2704 2272 2792 2325; x_wconf 89' lang='lat' dir='ltr'>xui</span> <span class='ocrx_word' id='word_1_366' title='bbox 2854 2272 2929 2335; x_wconf 86' lang='grc' dir='ltr'>εἷς</span> <span class='ocrx_word' id='word_1_367' title='bbox 2984 2279 3094 2348; x_wconf 80' lang='grc' dir='ltr'>πῦρ</span> <span class='ocrx_word' id='word_1_368' title='bbox 3153 2275 3305 2337; x_wconf 76' lang='grc' dir='ltr'>αὖθις</span> <span class='ocrx_word' id='word_1_369' title='bbox 3357 2273 3680 2347; x_wconf 78' lang='grc' dir='ltr'>ἀναλύεται,</span> <span class='ocrx_word' id='word_1_370' title='bbox 3730 2278 3776 2349; x_wconf 82' lang='grc' dir='ltr'>ᾧ</span> 
     </span>
    </p>
   </div>
   <div class='ocr_carea' id='block_1_55' title="bbox 2113 2355 3772 2440">
    <p class='ocr_par' dir='ltr' id='par_1_55' title="bbox 2113 2355 3772 2440">
     <span class='ocr_line' id='line_1_55' title="bbox 2113 2355 3772 2440; baseline 0.006 -29"><span class='ocrx_word' id='word_1_371' title='bbox 2113 2355 2308 2435; x_wconf 80' lang='grc' dir='ltr'>σχεδὸν</span> <span class='ocrx_word' id='word_1_372' title='bbox 2341 2359 2430 2413; x_wconf 91' lang='lat' dir='ltr'>xui</span> <span class='ocrx_word' id='word_1_373' title='bbox 2464 2360 2515 2413; x_wconf 80' lang='grc' dir='ltr'>οἱ</span> <span class='ocrx_word' id='word_1_374' title='bbox 2560 2361 2805 2416; x_wconf 69' lang='grc' dir='ltr'>Στωϊκοῖ</span> <span class='ocrx_word' id='word_1_375' title='bbox 2860 2362 3215 2431; x_wconf 83' lang='grc' dir='ltr'>συντίθενται,</span> <span class='ocrx_word' id='word_1_376' title='bbox 3247 2363 3550 2440; x_wconf 74' lang='grc' dir='ltr'>ἐκπύρωσιν</span> <span class='ocrx_word' id='word_1_377' title='bbox 3599 2387 3772 2440; x_wconf 88' lang='grc' dir='ltr'>προσ-</span> 
     </span>
    </p>
   </div>
   <div class='ocr_carea' id='block_1_56' title="bbox 2114 2443 3776 2533">
    <p class='ocr_par' dir='ltr' id='par_1_56' title="bbox 2114 2443 3776 2533">
     <span class='ocr_line' id='line_1_56' title="bbox 2114 2443 3776 2533; baseline 0.007 -34"><span class='ocrx_word' id='word_1_378' title='bbox 2114 2443 2400 2510; x_wconf 79' lang='grc' dir='ltr'>δοκῶντες.</span> <span class='ocrx_word' id='word_1_379' title='bbox 2445 2449 2618 2511; x_wconf 76' lang='grc' dir='ltr'>Οὗτος</span> <span class='ocrx_word' id='word_1_380' title='bbox 2679 2449 2753 2511; x_wconf 83' lang='grc' dir='ltr'>είς</span> <span class='ocrx_word' id='word_1_381' title='bbox 2802 2450 2975 2506; x_wconf 84' lang='grc' dir='ltr'>πάντα</span> <span class='ocrx_word' id='word_1_382' title='bbox 3004 2453 3072 2507; x_wconf 84' lang='grc' dir='ltr'>τὰ</span> <span class='ocrx_word' id='word_1_383' title='bbox 3106 2452 3218 2521; x_wconf 81' lang='grc' dir='ltr'>ζῶα</span> <span class='ocrx_word' id='word_1_384' title='bbox 3254 2455 3354 2522; x_wconf 78' lang='grc' dir='ltr'>τήν</span> <span class='ocrx_word' id='word_1_385' title='bbox 3418 2454 3605 2533; x_wconf 72' lang='grc' dir='ltr'>ψυχὴν</span> <span class='ocrx_word' id='word_1_386' title='bbox 3645 2476 3776 2527; x_wconf 86' lang='grc' dir='ltr'>μετ-</span> 
     </span>
    </p>
   </div>
   <div class='ocr_carea' id='block_1_57' title="bbox 2114 2533 3775 2619">
    <p class='ocr_par' dir='ltr' id='par_1_57' title="bbox 2114 2533 3775 2619">
     <span class='ocr_line' id='line_1_57' title="bbox 2114 2533 3775 2619; baseline 0.007 -30"><span class='ocrx_word' id='word_1_387' title='bbox 2114 2533 2407 2591; x_wconf 83' lang='grc' dir='ltr'>αλλάττειν</span> <span class='ocrx_word' id='word_1_388' title='bbox 2465 2536 2675 2613; x_wconf 76' lang='grc' dir='ltr'>ε’ίρηκε,</span> <span class='ocrx_word' id='word_1_389' title='bbox 2733 2544 2811 2611; x_wconf 79' lang='grc' dir='ltr'>τῷ</span> <span class='ocrx_word' id='word_1_390' title='bbox 2870 2541 3188 2618; x_wconf 76' lang='grc' dir='ltr'>Πυθαγόρου</span> <span class='ocrx_word' id='word_1_391' title='bbox 3248 2540 3483 2619; x_wconf 79' lang='grc' dir='ltr'>δόγματι</span> <span class='ocrx_word' id='word_1_392' title='bbox 3543 2565 3775 2600; x_wconf 86' lang='grc' dir='ltr'>κατακο-</span> 
     </span>
    </p>
   </div>
   <div class='ocr_carea' id='block_1_58' title="bbox 2116 2622 3777 2708">
    <p class='ocr_par' dir='ltr' id='par_1_58' title="bbox 2116 2622 3777 2708">
     <span class='ocr_line' id='line_1_58' title="bbox 2116 2622 3777 2708; baseline 0.007 -30"><span class='ocrx_word' id='word_1_393' title='bbox 2116 2622 2347 2681; x_wconf 82' lang='grc' dir='ltr'>λουθῶν.</span> <span class='ocrx_word' id='word_1_394' title='bbox 2378 2651 2406 2679; x_wconf 80' lang='grc' dir='ltr'>(ι</span> <span class='ocrx_word' id='word_1_395' title='bbox 2438 2628 2673 2703; x_wconf 75' lang='grc' dir='ltr'>Χαίρετε</span> <span class='ocrx_word' id='word_1_396' title='bbox 2702 2630 2828 2704; x_wconf 72' lang='grc' dir='ltr'>γὰρ,</span> <span class='ocrx_word' id='word_1_397' title='bbox 2869 2630 3055 2708; x_wconf 74' lang='grc' dir='ltr'>φησὶν,</span> <span class='ocrx_word' id='word_1_398' title='bbox 3107 2628 3217 2704; x_wconf 83' lang='grc' dir='ltr'>ἐγὼ</span> <span class='ocrx_word' id='word_1_399' title='bbox 3249 2628 3329 2685; x_wconf 75' lang='grc' dir='ltr'>ὅδ’</span> <span class='ocrx_word' id='word_1_400' title='bbox 3357 2633 3472 2706; x_wconf 80' lang='grc' dir='ltr'>εἰμὶ</span> <span class='ocrx_word' id='word_1_401' title='bbox 3508 2634 3637 2695; x_wconf 78' lang='grc' dir='ltr'>Θεὸς</span> <span class='ocrx_word' id='word_1_402' title='bbox 3668 2633 3777 2707; x_wconf 74' lang='grc' dir='ltr'>ἅμα</span> 
     </span>
    </p>
   </div>
   <div class='ocr_carea' id='block_1_59' title="bbox 2115 2711 3776 2798">
    <p class='ocr_par' dir='ltr' id='par_1_59' title="bbox 2115 2711 3776 2798">
     <span class='ocr_line' id='line_1_59' title="bbox 2115 2711 3776 2798; baseline 0.007 -31"><span class='ocrx_word' id='word_1_403' title='bbox 2115 2711 2337 2788; x_wconf 78' lang='grc' dir='ltr'>ϐροτός,</span> <span class='ocrx_word' id='word_1_404' title='bbox 2391 2716 2574 2772; x_wconf 83' lang='grc' dir='ltr'>οὐκέτι</span> <span class='ocrx_word' id='word_1_405' title='bbox 2661 2719 2876 2788; x_wconf 88' lang='grc' dir='ltr'>θνητός.</span> <span class='ocrx_word' id='word_1_406' title='bbox 2940 2721 3101 2775; x_wconf 82' lang='grc' dir='ltr'>Ἤτοι</span> <span class='ocrx_word' id='word_1_407' title='bbox 3172 2721 3266 2794; x_wconf 74' lang='grc' dir='ltr'>μὲν</span> <span class='ocrx_word' id='word_1_408' title='bbox 3326 2727 3521 2798; x_wconf 82' lang='grc' dir='ltr'>πρῶτα</span> <span class='ocrx_word' id='word_1_409' title='bbox 3578 2727 3776 2797; x_wconf 76' lang='grc' dir='ltr'>κοῦρος</span> 
     </span>
    </p>
   </div>
   <div class='ocr_carea' id='block_1_60' title="bbox 2116 2803 3776 2884">
    <p class='ocr_par' dir='ltr' id='par_1_60' title="bbox 2116 2803 3776 2884">
     <span class='ocr_line' id='line_1_60' title="bbox 2116 2803 3776 2884; baseline 0.006 -26"><span class='ocrx_word' id='word_1_410' title='bbox 2116 2803 2380 2878; x_wconf 77' lang='grc' dir='ltr'>ἐγενόμην</span> <span class='ocrx_word' id='word_1_411' title='bbox 2420 2805 2556 2881; x_wconf 83' lang='grc' dir='ltr'>κόρη</span> <span class='ocrx_word' id='word_1_412' title='bbox 2588 2828 2647 2861; x_wconf 89' lang='grc' dir='ltr'>τε</span> <span class='ocrx_word' id='word_1_413' title='bbox 2674 2808 2765 2861; x_wconf 90' lang='lat' dir='ltr'>xui</span> <span class='ocrx_word' id='word_1_414' title='bbox 2815 2809 2919 2883; x_wconf 78' lang='grc' dir='ltr'>θὴρ</span> <span class='ocrx_word' id='word_1_415' title='bbox 2977 2810 3065 2863; x_wconf 80' lang='grc' dir='ltr'>καὶ</span> <span class='ocrx_word' id='word_1_416' title='bbox 3127 2810 3328 2883; x_wconf 83' lang='grc' dir='ltr'>θάμνος</span> <span class='ocrx_word' id='word_1_417' title='bbox 3383 2811 3474 2866; x_wconf 91' lang='lat' dir='ltr'>xui</span> <span class='ocrx_word' id='word_1_418' title='bbox 3535 2811 3584 2884; x_wconf 82' lang='grc' dir='ltr'>ἐξ</span> <span class='ocrx_word' id='word_1_419' title='bbox 3643 2810 3776 2874; x_wconf 82' lang='grc' dir='ltr'>ἂλος</span> 
     </span>
    </p>
   </div>
   <div class='ocr_carea' id='block_1_61' title="bbox 2116 2888 3313 2974">
    <p class='ocr_par' dir='ltr' id='par_1_61' title="bbox 2116 2888 3313 2974">
     <span class='ocr_line' id='line_1_61' title="bbox 2116 2888 3313 2974; baseline 0 -26"><span class='ocrx_word' id='word_1_420' title='bbox 2116 2888 2356 2966; x_wconf 79' lang='grc' dir='ltr'>ἔμπνοος</span> <span class='ocrx_word' id='word_1_421' title='bbox 2390 2894 2549 2970; x_wconf 78' lang='grc' dir='ltr'>ἰχθὺς</span> <span class='ocrx_word' id='word_1_422' title='bbox 2579 2897 2669 2951; x_wconf 84' lang='grc' dir='ltr'>καὶ</span> <span class='ocrx_word' id='word_1_423' title='bbox 2701 2895 2754 2951; x_wconf 84' lang='grc' dir='ltr'>ἐν</span> <span class='ocrx_word' id='word_1_424' title='bbox 2782 2895 3065 2971; x_wconf 82' lang='grc' dir='ltr'>Ὀλυμπίᾳ</span> <span class='ocrx_word' id='word_1_425' title='bbox 3097 2899 3248 2974; x_wconf 79' lang='grc' dir='ltr'>βοῦς,</span> <span class='ocrx_word' id='word_1_426' title='bbox 3287 2923 3313 2950; x_wconf 74' lang='grc' dir='ltr'>›ι</span> 
     </span>
    </p>
   </div>
   <div class='ocr_carea' id='block_1_62' title="bbox 2186 3037 3783 3123">
    <p class='ocr_par' dir='ltr' id='par_1_62' title="bbox 2186 3037 3783 3123">
     <span class='ocr_line' id='line_1_62' title="bbox 2186 3037 3783 3123; baseline 0.003 -28"><span class='ocrx_word' id='word_1_427' title='bbox 2186 3037 2453 3114; x_wconf 84' lang='grc' dir='ltr'>Τέταρτος</span> <span class='ocrx_word' id='word_1_428' title='bbox 2485 3038 2862 3114; x_wconf 69' lang='grc' dir='ltr'>Ἡράκλειτος,</span> <span class='ocrx_word' id='word_1_429' title='bbox 2894 3042 2985 3096; x_wconf 74' lang='lat' dir='ltr'>xui</span> <span class='ocrx_word' id='word_1_430' title='bbox 3037 3041 3197 3104; x_wconf 85' lang='grc' dir='ltr'>αὐτὸς</span> <span class='ocrx_word' id='word_1_431' title='bbox 3258 3040 3454 3118; x_wconf 86' lang='grc' dir='ltr'>σχεδὸν</span> <span class='ocrx_word' id='word_1_432' title='bbox 3517 3044 3783 3123; x_wconf 75' lang='grc' dir='ltr'>σύμφωνα</span> 
     </span>
    </p>
   </div>
   <div class='ocr_carea' id='block_1_63' title="bbox 2117 3128 3785 3208">
    <p class='ocr_par' dir='ltr' id='par_1_63' title="bbox 2117 3128 3785 3208">
     <span class='ocr_line' id='line_1_63' title="bbox 2117 3128 3785 3208; baseline 0.005 -28"><span class='ocrx_word' id='word_1_433' title='bbox 2117 3131 2197 3199; x_wconf 78' lang='grc' dir='ltr'>τῷ</span> <span class='ocrx_word' id='word_1_434' title='bbox 2229 3128 2515 3202; x_wconf 79' lang='grc' dir='ltr'>Πυθαγόρᾳ</span> <span class='ocrx_word' id='word_1_435' title='bbox 2570 3130 2957 3206; x_wconf 77' lang='grc' dir='ltr'>φθεγξάμενος.</span> <span class='ocrx_word' id='word_1_436' title='bbox 3007 3133 3151 3208; x_wconf 65' lang='grc' dir='ltr'>Ἔφη</span> <span class='ocrx_word' id='word_1_437' title='bbox 3196 3129 3253 3186; x_wconf 75' lang='grc' dir='ltr'>δὲ</span> <span class='ocrx_word' id='word_1_438' title='bbox 3308 3133 3394 3186; x_wconf 86' lang='lat' dir='ltr'>xui</span> <span class='ocrx_word' id='word_1_439' title='bbox 3452 3137 3644 3201; x_wconf 80' lang='grc' dir='ltr'>τοῦτο,</span> <span class='ocrx_word' id='word_1_440' title='bbox 3702 3134 3785 3189; x_wconf 82' lang='grc' dir='ltr'>ὅτι</span> 
     </span>
    </p>
   </div>
   <div class='ocr_carea' id='block_1_64' title="bbox 2124 3217 3783 3297">
    <p class='ocr_par' dir='ltr' id='par_1_64' title="bbox 2124 3217 3783 3297">
     <span class='ocr_line' id='line_1_64' title="bbox 2124 3217 3783 3297; baseline 0.005 -27"><span class='ocrx_word' id='word_1_441' title='bbox 2124 3217 2299 3287; x_wconf 82' lang='grc' dir='ltr'>πάντη</span> <span class='ocrx_word' id='word_1_442' title='bbox 2334 3220 2430 3272; x_wconf 75' lang='grc' dir='ltr'>τοῦ</span> <span class='ocrx_word' id='word_1_443' title='bbox 2488 3219 2743 3292; x_wconf 85' lang='grc' dir='ltr'>σώματος</span> <span class='ocrx_word' id='word_1_444' title='bbox 2801 3219 2979 3295; x_wconf 84' lang='grc' dir='ltr'>χρεὼν</span> <span class='ocrx_word' id='word_1_445' title='bbox 3038 3219 3332 3297; x_wconf 80' lang='grc' dir='ltr'>ὀλιγωρεῖν</span> <span class='ocrx_word' id='word_1_446' title='bbox 3397 3223 3487 3276; x_wconf 79' lang='grc' dir='ltr'>καὶ</span> <span class='ocrx_word' id='word_1_447' title='bbox 3540 3223 3783 3295; x_wconf 73' lang='grc' dir='ltr'>νομίζειν</span> 
     </span>
    </p>
   </div>
   <div class='ocr_carea' id='block_1_65' title="bbox 356 3278 2000 3387">
    <p class='ocr_par' dir='ltr' id='par_1_65' title="bbox 356 3300 2000 3372">
     <span class='ocr_line' id='line_1_65' title="bbox 356 3300 2000 3372; baseline -0.002 -15"><span class='ocrx_word' id='word_1_448' title='bbox 356 3303 575 3358; x_wconf 78' lang='lat' dir='ltr'>fimetis</span> <span class='ocrx_word' id='word_1_449' title='bbox 628 3300 919 3372; x_wconf 84' lang='lat' dir='ltr'>abjectius</span> <span class='ocrx_word' id='word_1_450' title='bbox 969 3300 1379 3366; x_wconf 88' lang='lat' dir='ltr'>consendum;</span> <span class='ocrx_word' id='word_1_451' title='bbox 1435 3316 1502 3355; x_wconf 88' lang='lat' dir='ltr'>ac</span> <span class='ocrx_word' id='word_1_452' title='bbox 1553 3300 1820 3371; x_wconf 90' lang='lat' dir='ltr'>quandiu</span> <span class='ocrx_word' id='word_1_453' title='bbox 1860 3301 2000 3354; x_wconf 77' lang='lat' dir='ltr'>Deus</span> 
     </span>
    </p>
   </div>
   <div class='ocr_carea' id='block_1_66' title="bbox 2118 3278 3780 3387">
    <p class='ocr_par' dir='ltr' id='par_1_66' title="bbox 2125 3278 3780 3387">
     <span class='ocr_line' id='line_1_66' title="bbox 2289 3278 3704 3297; baseline 0.004 -5"><span class='ocrx_word' id='word_1_454' title='bbox 2289 3278 2299 3287; x_wconf 72' lang='grc' dir='ltr'><em>υ</em></span> <span class='ocrx_word' id='word_1_455' title='bbox 2574 3278 2582 3292; x_wconf 83' lang='grc' dir='ltr'>ι</span> <span class='ocrx_word' id='word_1_456' title='bbox 2732 3278 2739 3281; x_wconf 92' lang='grc'><strong><em>-</em></strong></span> <span class='ocrx_word' id='word_1_457' title='bbox 2804 3278 2855 3295; x_wconf 50' lang='grc' dir='ltr'>σε.</span> <span class='ocrx_word' id='word_1_458' title='bbox 3147 3278 3158 3296; x_wconf 90' lang='grc'><strong>.</strong></span> <span class='ocrx_word' id='word_1_459' title='bbox 3225 3278 3232 3297; x_wconf 83' lang='grc' dir='ltr'>ι</span> <span class='ocrx_word' id='word_1_460' title='bbox 3607 3278 3617 3295; x_wconf 81' lang='lat'>.</span> <span class='ocrx_word' id='word_1_461' title='bbox 3685 3278 3704 3294; x_wconf 68' lang='grc' dir='ltr'>τ</span> 
     </span>
     <span class='ocr_line' id='line_1_67' title="bbox 2125 3302 3780 3387; baseline 0.004 -28"><span class='ocrx_word' id='word_1_462' title='bbox 2125 3304 2259 3360; x_wconf 78' lang='grc' dir='ltr'>αὐτὸ</span> <span class='ocrx_word' id='word_1_463' title='bbox 2315 3304 2558 3381; x_wconf 80' lang='grc' dir='ltr'>κοπρίων</span> <span class='ocrx_word' id='word_1_464' title='bbox 2649 3302 3067 3384; x_wconf 77' lang='grc' dir='ltr'>ἐκϐλητὸτερον,</span> <span class='ocrx_word' id='word_1_465' title='bbox 3157 3310 3247 3365; x_wconf 86' lang='lat' dir='ltr'>xui</span> <span class='ocrx_word' id='word_1_466' title='bbox 3305 3309 3365 3365; x_wconf 80' lang='grc' dir='ltr'>ἐκ</span> <span class='ocrx_word' id='word_1_467' title='bbox 3428 3316 3525 3367; x_wconf 78' lang='grc' dir='ltr'>τοῦ</span> <span class='ocrx_word' id='word_1_468' title='bbox 3575 3311 3780 3387; x_wconf 77' lang='grc' dir='ltr'>ῥᾷστου</span> 
     </span>
    </p>
   </div>
   <div class='ocr_carea' id='block_1_67' title="bbox 356 3389 2014 3463">
    <p class='ocr_par' dir='ltr' id='par_1_67' title="bbox 356 3389 2014 3463">
     <span class='ocr_line' id='line_1_68' title="bbox 356 3389 2014 3463; baseline -0.002 -17"><span class='ocrx_word' id='word_1_469' title='bbox 356 3408 604 3463; x_wconf 90' lang='lat' dir='ltr'>corpore</span> <span class='ocrx_word' id='word_1_470' title='bbox 639 3396 924 3460; x_wconf 85' lang='lat' dir='ltr'>tanquam</span> <span class='ocrx_word' id='word_1_471' title='bbox 956 3390 1355 3444; x_wconf 86' lang='lat' dir='ltr'>instrumento</span> <span class='ocrx_word' id='word_1_472' title='bbox 1403 3390 1488 3444; x_wconf 90' lang='lat' dir='ltr'>uti</span> <span class='ocrx_word' id='word_1_473' title='bbox 1522 3389 1851 3460; x_wconf 70' lang='lat' dir='ltr'>praecipiat,</span> <span class='ocrx_word' id='word_1_474' title='bbox 1886 3389 2014 3460; x_wconf 87' lang='lat' dir='ltr'>ejus</span> 
     </span>
    </p>
   </div>
   <div class='ocr_carea' id='block_1_68' title="bbox 361 3477 2015 3548">
    <p class='ocr_par' dir='ltr' id='par_1_68' title="bbox 361 3477 2015 3548">
     <span class='ocr_line' id='line_1_69' title="bbox 361 3477 2015 3548; baseline -0.002 -13"><span class='ocrx_word' id='word_1_475' title='bbox 361 3478 816 3535; x_wconf 85' lang='lat' dir='ltr'>necessitatibus</span> <span class='ocrx_word' id='word_1_476' title='bbox 833 3495 1008 3548; x_wconf 85' lang='lat' dir='ltr'>quam</span> <span class='ocrx_word' id='word_1_477' title='bbox 1034 3478 1281 3532; x_wconf 91' lang='lat' dir='ltr'>minimo</span> <span class='ocrx_word' id='word_1_478' title='bbox 1307 3477 1750 3532; x_wconf 87' lang='lat' dir='ltr'>inserviendum</span> <span class='ocrx_word' id='word_1_479' title='bbox 1780 3478 2015 3548; x_wconf 91' lang='lat' dir='ltr'>impen-</span> 
     </span>
    </p>
   </div>
   <div class='ocr_carea' id='block_1_69' title="bbox 369 3565 2011 3639">
    <p class='ocr_par' dir='ltr' id='par_1_69' title="bbox 369 3565 2011 3639">
     <span class='ocr_line' id='line_1_70' title="bbox 369 3565 2011 3639; baseline -0.002 -16"><span class='ocrx_word' id='word_1_480' title='bbox 369 3569 489 3625; x_wconf 91' lang='lat' dir='ltr'>dio.</span> <span class='ocrx_word' id='word_1_481' title='bbox 510 3568 948 3638; x_wconf 85' lang='lat' dir='ltr'>Vixittempore</span> <span class='ocrx_word' id='word_1_482' title='bbox 980 3566 1138 3621; x_wconf 90' lang='lat' dir='ltr'>Darii</span> <span class='ocrx_word' id='word_1_483' title='bbox 1162 3568 1493 3639; x_wconf 83' lang='lat' dir='ltr'>Hystaspei.</span> <span class='ocrx_word' id='word_1_484' title='bbox 1514 3568 1776 3621; x_wconf 90' lang='lat' dir='ltr'>Fuerunt</span> <span class='ocrx_word' id='word_1_485' title='bbox 1805 3572 1861 3621; x_wconf 89' lang='lat' dir='ltr'>et</span> <span class='ocrx_word' id='word_1_486' title='bbox 1891 3565 2011 3634; x_wconf 83' lang='lat' dir='ltr'>alii,</span> 
     </span>
    </p>
   </div>
   <div class='ocr_carea' id='block_1_70' title="bbox 362 3655 2010 3729">
    <p class='ocr_par' dir='ltr' id='par_1_70' title="bbox 362 3655 2010 3729">
     <span class='ocr_line' id='line_1_71' title="bbox 362 3655 2010 3729; baseline -0.001 -18"><span class='ocrx_word' id='word_1_487' title='bbox 362 3658 464 3729; x_wconf 90' lang='lat' dir='ltr'>qui</span> <span class='ocrx_word' id='word_1_488' title='bbox 487 3673 625 3712; x_wconf 88' lang='lat' dir='ltr'>suas</span> <span class='ocrx_word' id='word_1_489' title='bbox 639 3656 711 3709; x_wconf 89' lang='lat' dir='ltr'>de</span> <span class='ocrx_word' id='word_1_490' title='bbox 727 3671 927 3711; x_wconf 91' lang='lat' dir='ltr'>rerum</span> <span class='ocrx_word' id='word_1_491' title='bbox 953 3660 1168 3710; x_wconf 88' lang='lat' dir='ltr'>natura</span> <span class='ocrx_word' id='word_1_492' title='bbox 1185 3656 1497 3726; x_wconf 90' lang='lat' dir='ltr'>opiniones</span> <span class='ocrx_word' id='word_1_493' title='bbox 1510 3655 2010 3726; x_wconf 87' lang='lat' dir='ltr'>perscripserunt,</span> 
     </span>
    </p>
   </div>
   <div class='ocr_carea' id='block_1_71' title="bbox 356 3743 2010 3815">
    <p class='ocr_par' dir='ltr' id='par_1_71' title="bbox 356 3743 2010 3815">
     <span class='ocr_line' id='line_1_72' title="bbox 356 3743 2010 3815; baseline -0.001 -15"><span class='ocrx_word' id='word_1_494' title='bbox 356 3746 508 3800; x_wconf 88' lang='lat' dir='ltr'>nihil</span> <span class='ocrx_word' id='word_1_495' title='bbox 552 3762 585 3800; x_wconf 90' lang='lat' dir='ltr'>a</span> <span class='ocrx_word' id='word_1_496' title='bbox 630 3745 804 3799; x_wconf 88' lang='lat' dir='ltr'>dictis</span> <span class='ocrx_word' id='word_1_497' title='bbox 865 3743 1303 3815; x_wconf 86' lang='lat' dir='ltr'>discrepantes;</span> <span class='ocrx_word' id='word_1_498' title='bbox 1356 3761 1504 3814; x_wconf 85' lang='lat' dir='ltr'>quas</span> <span class='ocrx_word' id='word_1_499' title='bbox 1545 3759 2010 3799; x_wconf 88' lang='lat' dir='ltr'>commemorare</span> 
     </span>
    </p>
   </div>
   <div class='ocr_carea' id='block_1_72' title="bbox 351 3834 1253 3891">
    <p class='ocr_par' dir='ltr' id='par_1_72' title="bbox 351 3834 1253 3891">
     <span class='ocr_line' id='line_1_73' title="bbox 351 3834 1253 3891; baseline 0 -2"><span class='ocrx_word' id='word_1_500' title='bbox 351 3852 471 3891; x_wconf 91' lang='lat' dir='ltr'>non</span> <span class='ocrx_word' id='word_1_501' title='bbox 508 3835 791 3889; x_wconf 82' lang='lat' dir='ltr'>duximus</span> <span class='ocrx_word' id='word_1_502' title='bbox 821 3834 1253 3889; x_wconf 88' lang='lat' dir='ltr'>necessarium.</span> 
     </span>
    </p>
   </div>
   <div class='ocr_carea' id='block_1_73' title="bbox 420 3922 2008 3994">
    <p class='ocr_par' dir='ltr' id='par_1_73' title="bbox 420 3922 2008 3994">
     <span class='ocr_line' id='line_1_74' title="bbox 420 3922 2008 3994; baseline -0.001 -15"><span class='ocrx_word' id='word_1_503' title='bbox 420 3924 673 3990; x_wconf 85' lang='lat' dir='ltr'>Quintus</span> <span class='ocrx_word' id='word_1_504' title='bbox 703 3922 1171 3978; x_wconf 85' lang='lat' dir='ltr'>Anaximander.</span> <span class='ocrx_word' id='word_1_505' title='bbox 1207 3923 1259 3977; x_wconf 90' lang='lat' dir='ltr'>Is</span> <span class='ocrx_word' id='word_1_506' title='bbox 1310 3939 1414 3993; x_wconf 89' lang='lat' dir='ltr'>pro</span> <span class='ocrx_word' id='word_1_507' title='bbox 1465 3940 1663 3979; x_wconf 89' lang='lat' dir='ltr'>rerum</span> <span class='ocrx_word' id='word_1_508' title='bbox 1714 3923 2008 3994; x_wconf 88' lang='lat' dir='ltr'>principio</span> 
     </span>
    </p>
   </div>
   <div class='ocr_carea' id='block_1_74' title="bbox 348 4012 2005 4087">
    <p class='ocr_par' dir='ltr' id='par_1_74' title="bbox 348 4012 2005 4087">
     <span class='ocr_line' id='line_1_75' title="bbox 348 4012 2005 4087; baseline -0.001 -18"><span class='ocrx_word' id='word_1_509' title='bbox 348 4013 674 4087; x_wconf 89' lang='lat' dir='ltr'>quamdam</span> <span class='ocrx_word' id='word_1_510' title='bbox 708 4012 1005 4067; x_wconf 80' lang='lat' dir='ltr'>inﬁnitam</span> <span class='ocrx_word' id='word_1_511' title='bbox 1040 4018 1312 4067; x_wconf 83' lang='lat' dir='ltr'>naturam</span> <span class='ocrx_word' id='word_1_512' title='bbox 1342 4013 1597 4085; x_wconf 82' lang='lat' dir='ltr'>agnovit,</span> <span class='ocrx_word' id='word_1_513' title='bbox 1621 4012 1782 4067; x_wconf 89' lang='lat' dir='ltr'>unde</span> <span class='ocrx_word' id='word_1_514' title='bbox 1803 4019 1861 4067; x_wconf 92' lang='lat' dir='ltr'>et</span> <span class='ocrx_word' id='word_1_515' title='bbox 1889 4029 2005 4068; x_wconf 73' lang='lat' dir='ltr'>cae-</span> 
     </span>
    </p>
   </div>
   <div class='ocr_carea' id='block_1_75' title="bbox 344 4101 2005 4159">
    <p class='ocr_par' dir='ltr' id='par_1_75' title="bbox 344 4101 2005 4159">
     <span class='ocr_line' id='line_1_76' title="bbox 344 4101 2005 4159; baseline -0.002 0"><span class='ocrx_word' id='word_1_516' title='bbox 344 4105 467 4159; x_wconf 93' lang='lat' dir='ltr'>lum</span> <span class='ocrx_word' id='word_1_517' title='bbox 503 4110 560 4157; x_wconf 88' lang='lat' dir='ltr'>et</span> <span class='ocrx_word' id='word_1_518' title='bbox 591 4119 658 4157; x_wconf 88' lang='lat' dir='ltr'>eo</span> <span class='ocrx_word' id='word_1_519' title='bbox 694 4107 1012 4157; x_wconf 87' lang='lat' dir='ltr'>contentus</span> <span class='ocrx_word' id='word_1_520' title='bbox 1043 4101 1302 4156; x_wconf 88' lang='lat' dir='ltr'>mundus</span> <span class='ocrx_word' id='word_1_521' title='bbox 1334 4108 1463 4157; x_wconf 88' lang='lat' dir='ltr'>orta</span> <span class='ocrx_word' id='word_1_522' title='bbox 1503 4102 1640 4156; x_wconf 89' lang='lat' dir='ltr'>sint.</span> <span class='ocrx_word' id='word_1_523' title='bbox 1688 4103 1849 4157; x_wconf 85' lang='lat' dir='ltr'>Hanc</span> <span class='ocrx_word' id='word_1_524' title='bbox 1876 4118 2005 4157; x_wconf 90' lang='lat' dir='ltr'>esse</span> 
     </span>
    </p>
   </div>
   <div class='ocr_carea' id='block_1_76' title="bbox 342 4192 2005 4266">
    <p class='ocr_par' dir='ltr' id='par_1_76' title="bbox 342 4192 2005 4266">
     <span class='ocr_line' id='line_1_77' title="bbox 342 4192 2005 4266; baseline -0.002 -16"><span class='ocrx_word' id='word_1_525' title='bbox 342 4194 773 4266; x_wconf 85' lang='lat' dir='ltr'>sempiternam</span> <span class='ocrx_word' id='word_1_526' title='bbox 824 4198 884 4246; x_wconf 89' lang='lat' dir='ltr'>et</span> <span class='ocrx_word' id='word_1_527' title='bbox 934 4192 1257 4247; x_wconf 87' lang='lat' dir='ltr'>senectutis</span> <span class='ocrx_word' id='word_1_528' title='bbox 1314 4198 1639 4264; x_wconf 85' lang='lat' dir='ltr'>expertem,</span> <span class='ocrx_word' id='word_1_529' title='bbox 1690 4192 1763 4247; x_wconf 90' lang='lat' dir='ltr'>ab</span> <span class='ocrx_word' id='word_1_530' title='bbox 1817 4209 2005 4263; x_wconf 91' lang='lat' dir='ltr'>eaque</span> 
     </span>
    </p>
   </div>
   <div class='ocr_carea' id='block_1_77' title="bbox 341 4281 2008 4353">
    <p class='ocr_par' dir='ltr' id='par_1_77' title="bbox 341 4281 2008 4353">
     <span class='ocr_line' id='line_1_78' title="bbox 341 4281 2008 4353; baseline -0.002 -14"><span class='ocrx_word' id='word_1_531' title='bbox 341 4300 548 4340; x_wconf 92' lang='lat' dir='ltr'>omnes</span> <span class='ocrx_word' id='word_1_532' title='bbox 579 4282 838 4338; x_wconf 91' lang='lat' dir='ltr'>mundos</span> <span class='ocrx_word' id='word_1_533' title='bbox 867 4282 1204 4337; x_wconf 88' lang='lat' dir='ltr'>contineri.</span> <span class='ocrx_word' id='word_1_534' title='bbox 1234 4281 1394 4336; x_wconf 89' lang='lat' dir='ltr'>Idem</span> <span class='ocrx_word' id='word_1_535' title='bbox 1418 4288 1638 4337; x_wconf 91' lang='lat' dir='ltr'>terram</span> <span class='ocrx_word' id='word_1_536' title='bbox 1662 4282 2008 4353; x_wconf 87' lang='lat' dir='ltr'>pronuntia-</span> 
     </span>
    </p>
   </div>
   <div class='ocr_carea' id='block_1_78' title="bbox 339 4373 2004 4447">
    <p class='ocr_par' dir='ltr' id='par_1_78' title="bbox 339 4373 2004 4447">
     <span class='ocr_line' id='line_1_79' title="bbox 339 4373 2004 4447; baseline -0.001 -18"><span class='ocrx_word' id='word_1_537' title='bbox 339 4376 421 4429; x_wconf 89' lang='lat' dir='ltr'>vit</span> <span class='ocrx_word' id='word_1_538' title='bbox 455 4374 746 4447; x_wconf 91' lang='lat' dir='ltr'>pendere,</span> <span class='ocrx_word' id='word_1_539' title='bbox 777 4373 1020 4428; x_wconf 90' lang='lat' dir='ltr'>nemine</span> <span class='ocrx_word' id='word_1_540' title='bbox 1054 4388 1181 4428; x_wconf 90' lang='lat' dir='ltr'>eam</span> <span class='ocrx_word' id='word_1_541' title='bbox 1216 4377 1477 4438; x_wconf 89' lang='lat' dir='ltr'>tenente,</span> <span class='ocrx_word' id='word_1_542' title='bbox 1512 4378 1571 4427; x_wconf 91' lang='lat' dir='ltr'>et</span> <span class='ocrx_word' id='word_1_543' title='bbox 1598 4373 1727 4428; x_wconf 90' lang='lat' dir='ltr'>loco</span> <span class='ocrx_word' id='word_1_544' title='bbox 1760 4388 2004 4428; x_wconf 85' lang='lat' dir='ltr'>manere</span> 
     </span>
    </p>
   </div>
   <div class='ocr_carea' id='block_1_79' title="bbox 341 4460 2003 4533">
    <p class='ocr_par' dir='ltr' id='par_1_79' title="bbox 341 4460 2003 4533">
     <span class='ocr_line' id='line_1_80' title="bbox 341 4460 2003 4533; baseline -0.002 -15"><span class='ocrx_word' id='word_1_545' title='bbox 341 4464 476 4518; x_wconf 91' lang='lat' dir='ltr'>ideo</span> <span class='ocrx_word' id='word_1_546' title='bbox 514 4461 677 4533; x_wconf 92' lang='lat' dir='ltr'>quod</span> <span class='ocrx_word' id='word_1_547' title='bbox 707 4460 977 4531; x_wconf 90' lang='lat' dir='ltr'>undique</span> <span class='ocrx_word' id='word_1_548' title='bbox 1011 4461 1225 4531; x_wconf 76' lang='lat' dir='ltr'>aequali</span> <span class='ocrx_word' id='word_1_549' title='bbox 1252 4460 1566 4515; x_wconf 88' lang='lat' dir='ltr'>intervallo</span> <span class='ocrx_word' id='word_1_550' title='bbox 1603 4460 1794 4527; x_wconf 91' lang='lat' dir='ltr'>absit;</span> <span class='ocrx_word' id='word_1_551' title='bbox 1827 4461 2003 4515; x_wconf 87' lang='lat' dir='ltr'>sitam</span> 
     </span>
    </p>
   </div>
   <div class='ocr_carea' id='block_1_80' title="bbox 345 4548 2004 4619">
    <p class='ocr_par' dir='ltr' id='par_1_80' title="bbox 345 4548 2004 4619">
     <span class='ocr_line' id='line_1_81' title="bbox 345 4548 2004 4619; baseline -0.001 -13"><span class='ocrx_word' id='word_1_552' title='bbox 345 4567 475 4606; x_wconf 89' lang='lat' dir='ltr'>esse</span> <span class='ocrx_word' id='word_1_553' title='bbox 510 4566 640 4604; x_wconf 85' lang='lat' dir='ltr'>eam</span> <span class='ocrx_word' id='word_1_554' title='bbox 678 4549 740 4603; x_wconf 88' lang='lat' dir='ltr'>in</span> <span class='ocrx_word' id='word_1_555' title='bbox 776 4548 995 4614; x_wconf 91' lang='lat' dir='ltr'>medio,</span> <span class='ocrx_word' id='word_1_556' title='bbox 1029 4549 1216 4619; x_wconf 79' lang='lat' dir='ltr'>ﬁgura</span> <span class='ocrx_word' id='word_1_557' title='bbox 1238 4549 1322 4603; x_wconf 90' lang='lat' dir='ltr'>rei</span> <span class='ocrx_word' id='word_1_558' title='bbox 1347 4548 1586 4603; x_wconf 91' lang='lat' dir='ltr'>mobilis</span> <span class='ocrx_word' id='word_1_559' title='bbox 1608 4566 1677 4604; x_wconf 90' lang='lat' dir='ltr'>ac</span> <span class='ocrx_word' id='word_1_560' title='bbox 1711 4549 1913 4604; x_wconf 90' lang='lat' dir='ltr'>teretis</span> <span class='ocrx_word' id='word_1_561' title='bbox 1945 4554 2004 4604; x_wconf 92' lang='lat' dir='ltr'>et</span> 
     </span>
    </p>
   </div>
   <div class='ocr_carea' id='block_1_81' title="bbox 2122 3392 3779 3478">
    <p class='ocr_par' dir='ltr' id='par_1_81' title="bbox 2122 3392 3779 3478">
     <span class='ocr_line' id='line_1_82' title="bbox 2122 3392 3779 3478; baseline 0.005 -30"><span class='ocrx_word' id='word_1_562' title='bbox 2122 3392 2374 3469; x_wconf 74' lang='grc' dir='ltr'>πληροῦν</span> <span class='ocrx_word' id='word_1_563' title='bbox 2407 3396 2575 3451; x_wconf 77' lang='grc' dir='ltr'>αὐτοῦ</span> <span class='ocrx_word' id='word_1_564' title='bbox 2607 3397 2704 3460; x_wconf 85' lang='grc' dir='ltr'>τὰς</span> <span class='ocrx_word' id='word_1_565' title='bbox 2759 3398 3068 3471; x_wconf 85' lang='grc' dir='ltr'>θεραπείας,</span> <span class='ocrx_word' id='word_1_566' title='bbox 3128 3397 3231 3463; x_wconf 75' lang='grc' dir='ltr'>ἕως</span> <span class='ocrx_word' id='word_1_567' title='bbox 3260 3400 3319 3455; x_wconf 83' lang='grc' dir='ltr'>ἂν</span> <span class='ocrx_word' id='word_1_568' title='bbox 3358 3401 3385 3455; x_wconf 87' lang='grc' dir='ltr'>ὁ</span> <span class='ocrx_word' id='word_1_569' title='bbox 3417 3401 3546 3462; x_wconf 84' lang='grc' dir='ltr'>Θεὸς</span> <span class='ocrx_word' id='word_1_570' title='bbox 3594 3399 3779 3478; x_wconf 78' lang='grc' dir='ltr'>ὥτπερ</span> 
     </span>
    </p>
   </div>
   <div class='ocr_carea' id='block_1_82' title="bbox 2124 3485 3777 3565">
    <p class='ocr_par' dir='ltr' id='par_1_82' title="bbox 2124 3485 3777 3565">
     <span class='ocr_line' id='line_1_83' title="bbox 2124 3485 3777 3565; baseline 0.002 -22"><span class='ocrx_word' id='word_1_571' title='bbox 2124 3485 2337 3564; x_wconf 84' lang='grc' dir='ltr'>ὀργάνῳ</span> <span class='ocrx_word' id='word_1_572' title='bbox 2367 3508 2446 3559; x_wconf 88' lang='grc' dir='ltr'>τῳ</span> <span class='ocrx_word' id='word_1_573' title='bbox 2478 3487 2691 3559; x_wconf 87' lang='grc' dir='ltr'>σώματι</span> <span class='ocrx_word' id='word_1_574' title='bbox 2743 3489 2982 3565; x_wconf 70' lang='grc' dir='ltr'>χρῆσθαι</span> <span class='ocrx_word' id='word_1_575' title='bbox 3036 3487 3313 3564; x_wconf 79' lang='grc' dir='ltr'>ἐπιτάττῃ.</span> <span class='ocrx_word' id='word_1_576' title='bbox 3373 3489 3548 3547; x_wconf 79' lang='grc' dir='ltr'>Οὗτος</span> <span class='ocrx_word' id='word_1_577' title='bbox 3577 3491 3643 3560; x_wconf 79' lang='grc' dir='ltr'>ἦν</span> <span class='ocrx_word' id='word_1_578' title='bbox 3685 3490 3777 3547; x_wconf 80' lang='grc' dir='ltr'>ἐπὶ</span> 
     </span>
    </p>
   </div>
   <div class='ocr_carea' id='block_1_83' title="bbox 2123 3576 3778 3656">
    <p class='ocr_par' dir='ltr' id='par_1_83' title="bbox 2123 3576 3778 3656">
     <span class='ocr_line' id='line_1_84' title="bbox 2123 3576 3778 3656; baseline 0.001 -23"><span class='ocrx_word' id='word_1_579' title='bbox 2123 3578 2347 3653; x_wconf 85' lang='grc' dir='ltr'>Δαρείου</span> <span class='ocrx_word' id='word_1_580' title='bbox 2405 3580 2503 3630; x_wconf 77' lang='grc' dir='ltr'>τοῦ</span> <span class='ocrx_word' id='word_1_581' title='bbox 2559 3576 2882 3643; x_wconf 81' lang='grc' dir='ltr'>Ὑστάσπου,</span> <span class='ocrx_word' id='word_1_582' title='bbox 2970 3577 3258 3653; x_wconf 79' lang='grc' dir='ltr'>Ἐγένοντο</span> <span class='ocrx_word' id='word_1_583' title='bbox 3309 3576 3365 3634; x_wconf 79' lang='grc' dir='ltr'>δὲ</span> <span class='ocrx_word' id='word_1_584' title='bbox 3441 3578 3533 3633; x_wconf 85' lang='lat' dir='ltr'>xui</span> <span class='ocrx_word' id='word_1_585' title='bbox 3590 3577 3778 3656; x_wconf 71' lang='grc' dir='ltr'>ἕτεροι</span> 
     </span>
    </p>
   </div>
   <div class='ocr_carea' id='block_1_84' title="bbox 2124 3661 3783 3746">
    <p class='ocr_par' dir='ltr' id='par_1_84' title="bbox 2124 3661 3783 3746">
     <span class='ocr_line' id='line_1_85' title="bbox 2124 3661 3783 3746; baseline 0.002 -24"><span class='ocrx_word' id='word_1_586' title='bbox 2124 3667 2350 3746; x_wconf 71' lang='grc' dir='ltr'>φυσικὰς</span> <span class='ocrx_word' id='word_1_587' title='bbox 2410 3661 2568 3736; x_wconf 83' lang='grc' dir='ltr'>δόξας</span> <span class='ocrx_word' id='word_1_588' title='bbox 2647 3664 2736 3721; x_wconf 84' lang='grc' dir='ltr'>καὶ</span> <span class='ocrx_word' id='word_1_589' title='bbox 2790 3666 2943 3721; x_wconf 77' lang='grc' dir='ltr'>αὐτοὶ</span> <span class='ocrx_word' id='word_1_590' title='bbox 3002 3670 3326 3745; x_wconf 71' lang='grc' dir='ltr'>γράψαντες,</span> <span class='ocrx_word' id='word_1_591' title='bbox 3387 3666 3556 3742; x_wconf 73' lang='grc' dir='ltr'>μηδὲν</span> <span class='ocrx_word' id='word_1_592' title='bbox 3604 3669 3783 3744; x_wconf 82' lang='grc' dir='ltr'>ἀπεμ-</span> 
     </span>
    </p>
   </div>
   <div class='ocr_carea' id='block_1_85' title="bbox 2122 3755 3785 3835">
    <p class='ocr_par' dir='ltr' id='par_1_85' title="bbox 2122 3755 3785 3835">
     <span class='ocr_line' id='line_1_86' title="bbox 2122 3755 3785 3835; baseline 0.002 -25"><span class='ocrx_word' id='word_1_593' title='bbox 2122 3756 2409 3833; x_wconf 78' lang='grc' dir='ltr'>φαινεύσας</span> <span class='ocrx_word' id='word_1_594' title='bbox 2497 3759 2603 3809; x_wconf 80' lang='grc' dir='ltr'>τῶν</span> <span class='ocrx_word' id='word_1_595' title='bbox 2688 3755 3125 3830; x_wconf 71' lang='grc' dir='ltr'>προειρημένων,</span> <span class='ocrx_word' id='word_1_596' title='bbox 3208 3757 3268 3819; x_wconf 83' lang='grc' dir='ltr'>ἃς</span> <span class='ocrx_word' id='word_1_597' title='bbox 3343 3758 3442 3813; x_wconf 82' lang='grc' dir='ltr'>οὐκ</span> <span class='ocrx_word' id='word_1_598' title='bbox 3495 3758 3785 3835; x_wconf 80' lang='grc' dir='ltr'>ἂναγκαῑον</span> 
     </span>
    </p>
   </div>
   <div class='ocr_carea' id='block_1_86' title="bbox 2120 3843 3024 3923">
    <p class='ocr_par' dir='ltr' id='par_1_86' title="bbox 2120 3843 3024 3923">
     <span class='ocr_line' id='line_1_87' title="bbox 2120 3843 3024 3923; baseline 0.001 -24"><span class='ocrx_word' id='word_1_599' title='bbox 2120 3845 2443 3923; x_wconf 77' lang='grc' dir='ltr'>ἡγησάμεθα</span> <span class='ocrx_word' id='word_1_600' title='bbox 2462 3849 2644 3921; x_wconf 78' lang='grc' dir='ltr'>γραφῇ</span> <span class='ocrx_word' id='word_1_601' title='bbox 2668 3843 3024 3919; x_wconf 77' lang='grc' dir='ltr'>παραδοῦναι.</span> 
     </span>
    </p>
   </div>
   <div class='ocr_carea' id='block_1_87' title="bbox 2192 3932 3777 4015">
    <p class='ocr_par' dir='ltr' id='par_1_87' title="bbox 2192 3932 3777 4015">
     <span class='ocr_line' id='line_1_88' title="bbox 2192 3932 3777 4015; baseline 0.001 -26"><span class='ocrx_word' id='word_1_602' title='bbox 2192 3934 2451 4008; x_wconf 87' lang='grc' dir='ltr'>Πέμπτος</span> <span class='ocrx_word' id='word_1_603' title='bbox 2513 3932 2955 4008; x_wconf 81' lang='grc' dir='ltr'>Ἀναξίμανδρος.</span> <span class='ocrx_word' id='word_1_604' title='bbox 3038 3933 3211 3998; x_wconf 81' lang='grc' dir='ltr'>Οὗτος</span> <span class='ocrx_word' id='word_1_605' title='bbox 3268 3938 3450 4015; x_wconf 74' lang='grc' dir='ltr'>ἀρχὴν</span> <span class='ocrx_word' id='word_1_606' title='bbox 3510 3932 3609 4014; x_wconf 80' lang='grc' dir='ltr'>ἔφη</span> <span class='ocrx_word' id='word_1_607' title='bbox 3669 3942 3777 3992; x_wconf 83' lang='grc' dir='ltr'>τῶν</span> 
     </span>
    </p>
   </div>
   <div class='ocr_carea' id='block_1_88' title="bbox 2119 4023 3778 4102">
    <p class='ocr_par' dir='ltr' id='par_1_88' title="bbox 2119 4023 3778 4102">
     <span class='ocr_line' id='line_1_89' title="bbox 2119 4023 3778 4102; baseline 0.002 -23"><span class='ocrx_word' id='word_1_608' title='bbox 2119 4026 2286 4080; x_wconf 73' lang='grc' dir='ltr'>ὄντων</span> <span class='ocrx_word' id='word_1_609' title='bbox 2321 4023 2476 4102; x_wconf 77' lang='grc' dir='ltr'>φὺσιν</span> <span class='ocrx_word' id='word_1_610' title='bbox 2507 4025 2631 4078; x_wconf 75' lang='grc' dir='ltr'>τινὰ</span> <span class='ocrx_word' id='word_1_611' title='bbox 2660 4028 2757 4078; x_wconf 78' lang='grc' dir='ltr'>τοῦ</span> <span class='ocrx_word' id='word_1_612' title='bbox 2817 4024 3067 4099; x_wconf 74' lang='grc' dir='ltr'>ἀπείρου,</span> <span class='ocrx_word' id='word_1_613' title='bbox 3109 4025 3202 4100; x_wconf 74' lang='grc' dir='ltr'>ἀφ’</span> <span class='ocrx_word' id='word_1_614' title='bbox 3258 4027 3325 4095; x_wconf 74' lang='grc' dir='ltr'>ἧς</span> <span class='ocrx_word' id='word_1_615' title='bbox 3356 4027 3602 4102; x_wconf 80' lang='grc' dir='ltr'>γενέσθαι</span> <span class='ocrx_word' id='word_1_616' title='bbox 3648 4032 3778 4090; x_wconf 87' lang='grc' dir='ltr'>τοὺς</span> 
     </span>
    </p>
   </div>
   <div class='ocr_carea' id='block_1_89' title="bbox 2118 4111 3780 4190">
    <p class='ocr_par' dir='ltr' id='par_1_89' title="bbox 2118 4111 3780 4190">
     <span class='ocr_line' id='line_1_90' title="bbox 2118 4111 3780 4190; baseline 0.001 -22"><span class='ocrx_word' id='word_1_617' title='bbox 2118 4113 2376 4190; x_wconf 79' lang='grc' dir='ltr'>οὐρανοὺς</span> <span class='ocrx_word' id='word_1_618' title='bbox 2408 4113 2498 4167; x_wconf 84' lang='lat' dir='ltr'>xui</span> <span class='ocrx_word' id='word_1_619' title='bbox 2521 4113 2610 4167; x_wconf 80' lang='grc' dir='ltr'>τὸν</span> <span class='ocrx_word' id='word_1_620' title='bbox 2646 4111 2699 4167; x_wconf 74' lang='grc' dir='ltr'>ἐν</span> <span class='ocrx_word' id='word_1_621' title='bbox 2749 4112 2934 4174; x_wconf 83' lang='grc' dir='ltr'>αὐτοῖς</span> <span class='ocrx_word' id='word_1_622' title='bbox 2966 4114 3197 4187; x_wconf 82' lang='grc' dir='ltr'>κόσμον·</span> <span class='ocrx_word' id='word_1_623' title='bbox 3229 4116 3431 4186; x_wconf 75' lang='grc' dir='ltr'>ταύτην</span> <span class='ocrx_word' id='word_1_624' title='bbox 3500 4113 3544 4169; x_wconf 81' lang='grc' dir='ltr'>δ’</span> <span class='ocrx_word' id='word_1_625' title='bbox 3603 4113 3780 4171; x_wconf 77' lang='grc' dir='ltr'>ἀίδιον</span> 
     </span>
    </p>
   </div>
   <div class='ocr_carea' id='block_1_90' title="bbox 2116 4198 3780 4278">
    <p class='ocr_par' dir='ltr' id='par_1_90' title="bbox 2116 4198 3780 4278">
     <span class='ocr_line' id='line_1_91' title="bbox 2116 4198 3780 4278; baseline 0.002 -21"><span class='ocrx_word' id='word_1_626' title='bbox 2116 4204 2254 4257; x_wconf 79' lang='grc' dir='ltr'>εἶναι</span> <span class='ocrx_word' id='word_1_627' title='bbox 2284 4202 2373 4256; x_wconf 85' lang='lat' dir='ltr'>xui</span> <span class='ocrx_word' id='word_1_628' title='bbox 2406 4201 2620 4276; x_wconf 80' lang='grc' dir='ltr'>ἀγήρω,</span> <span class='ocrx_word' id='word_1_629' title='bbox 2654 4203 2742 4255; x_wconf 88' lang='lat' dir='ltr'>xui</span> <span class='ocrx_word' id='word_1_630' title='bbox 2774 4203 2979 4263; x_wconf 84' lang='grc' dir='ltr'>πάντας</span> <span class='ocrx_word' id='word_1_631' title='bbox 3029 4198 3305 4278; x_wconf 73' lang='grc' dir='ltr'>περιέχειν</span> <span class='ocrx_word' id='word_1_632' title='bbox 3334 4204 3466 4268; x_wconf 74' lang='grc' dir='ltr'>τοὺς</span> <span class='ocrx_word' id='word_1_633' title='bbox 3513 4203 3780 4277; x_wconf 81' lang='grc' dir='ltr'>κόσμοὺς.</span> 
     </span>
    </p>
   </div>
   <div class='ocr_carea' id='block_1_91' title="bbox 2116 4288 3780 4368">
    <p class='ocr_par' dir='ltr' id='par_1_91' title="bbox 2116 4288 3780 4368">
     <span class='ocr_line' id='line_1_92' title="bbox 2116 4288 3780 4368; baseline 0.001 -21"><span class='ocrx_word' id='word_1_634' title='bbox 2116 4290 2288 4354; x_wconf 81' lang='grc' dir='ltr'>Οὗτος</span> <span class='ocrx_word' id='word_1_635' title='bbox 2329 4292 2421 4345; x_wconf 86' lang='lat' dir='ltr'>xui</span> <span class='ocrx_word' id='word_1_636' title='bbox 2452 4292 2549 4359; x_wconf 74' lang='grc' dir='ltr'>τήν</span> <span class='ocrx_word' id='word_1_637' title='bbox 2578 4292 2678 4366; x_wconf 77' lang='grc' dir='ltr'>γῆν</span> <span class='ocrx_word' id='word_1_638' title='bbox 2727 4288 2917 4365; x_wconf 70' lang='grc' dir='ltr'>ε’ίρηκε</span> <span class='ocrx_word' id='word_1_639' title='bbox 2948 4290 3218 4366; x_wconf 87' lang='grc' dir='ltr'>μετέωρον</span> <span class='ocrx_word' id='word_1_640' title='bbox 3283 4293 3439 4363; x_wconf 65' lang='grc' dir='ltr'>εἶναι,</span> <span class='ocrx_word' id='word_1_641' title='bbox 3511 4294 3613 4347; x_wconf 87' lang='grc' dir='ltr'>ὑπὸ</span> <span class='ocrx_word' id='word_1_642' title='bbox 3666 4304 3780 4368; x_wconf 68' lang='grc' dir='ltr'>μη-</span> 
     </span>
    </p>
   </div>
   <div class='ocr_carea' id='block_1_92' title="bbox 2116 4376 3777 4456">
    <p class='ocr_par' dir='ltr' id='par_1_92' title="bbox 2116 4376 3777 4456">
     <span class='ocr_line' id='line_1_93' title="bbox 2116 4376 3777 4456; baseline 0.001 -22"><span class='ocrx_word' id='word_1_643' title='bbox 2116 4376 2267 4442; x_wconf 81' lang='grc' dir='ltr'>δενὸς</span> <span class='ocrx_word' id='word_1_644' title='bbox 2324 4378 2701 4454; x_wconf 68' lang='grc' dir='ltr'>κρατουμένην</span> <span class='ocrx_word' id='word_1_645' title='bbox 2734 4423 2747 4449; x_wconf 91' lang='grc'>,</span> <span class='ocrx_word' id='word_1_646' title='bbox 2785 4378 3047 4452; x_wconf 84' lang='grc' dir='ltr'>μένουσαν</span> <span class='ocrx_word' id='word_1_647' title='bbox 3078 4377 3135 4435; x_wconf 73' lang='grc' dir='ltr'>δὲ</span> <span class='ocrx_word' id='word_1_648' title='bbox 3168 4378 3255 4435; x_wconf 80' lang='grc' dir='ltr'>διὰ</span> <span class='ocrx_word' id='word_1_649' title='bbox 3284 4384 3384 4451; x_wconf 80' lang='grc' dir='ltr'>τήν</span> <span class='ocrx_word' id='word_1_650' title='bbox 3418 4381 3611 4456; x_wconf 88' lang='grc' dir='ltr'>ὁμοίαν</span> <span class='ocrx_word' id='word_1_651' title='bbox 3640 4381 3777 4437; x_wconf 79' lang='grc' dir='ltr'>πάν-</span> 
     </span>
    </p>
   </div>
   <div class='ocr_carea' id='block_1_93' title="bbox 2113 4468 3776 4544">
    <p class='ocr_par' dir='ltr' id='par_1_93' title="bbox 2113 4468 3776 4544">
     <span class='ocr_line' id='line_1_94' title="bbox 2113 4468 3776 4544; baseline 0.001 -20"><span class='ocrx_word' id='word_1_652' title='bbox 2113 4490 2221 4524; x_wconf 91' lang='grc' dir='ltr'>των</span> <span class='ocrx_word' id='word_1_653' title='bbox 2257 4468 2691 4524; x_wconf 75' lang='grc' dir='ltr'>ἀναστασιν.Καῖ</span> <span class='ocrx_word' id='word_1_654' title='bbox 2748 4473 2961 4532; x_wconf 86' lang='grc' dir='ltr'>κεῖσθαι</span> <span class='ocrx_word' id='word_1_655' title='bbox 3018 4469 3219 4539; x_wconf 86' lang='grc' dir='ltr'>ταύτην</span> <span class='ocrx_word' id='word_1_656' title='bbox 3284 4471 3378 4544; x_wconf 74' lang='grc' dir='ltr'>μὲν</span> <span class='ocrx_word' id='word_1_657' title='bbox 3445 4473 3776 4544; x_wconf 76' lang='grc' dir='ltr'>μεσαιτάτῳ,</span> 
     </span>
    </p>
   </div>
   <div class='ocr_carea' id='block_1_94' title="bbox 2115 4555 3776 4639">
    <p class='ocr_par' dir='ltr' id='par_1_94' title="bbox 2115 4555 3776 4639">
     <span class='ocr_line' id='line_1_95' title="bbox 2115 4555 3776 4639; baseline 0.001 -27"><span class='ocrx_word' id='word_1_658' title='bbox 2115 4558 2177 4612; x_wconf 85' lang='grc' dir='ltr'>τὸ</span> <span class='ocrx_word' id='word_1_659' title='bbox 2214 4555 2271 4612; x_wconf 73' lang='grc' dir='ltr'>δὲ</span> <span class='ocrx_word' id='word_1_660' title='bbox 2334 4564 2530 4636; x_wconf 80' lang='grc' dir='ltr'>σχῆμα</span> <span class='ocrx_word' id='word_1_661' title='bbox 2588 4557 2756 4626; x_wconf 77' lang='grc' dir='ltr'>αὐτῆς</span> <span class='ocrx_word' id='word_1_662' title='bbox 2818 4557 3007 4633; x_wconf 86' lang='grc' dir='ltr'>ὑγρὸν,</span> <span class='ocrx_word' id='word_1_663' title='bbox 3067 4560 3423 4635; x_wconf 77' lang='grc' dir='ltr'>στρογγύλον,</span> <span class='ocrx_word' id='word_1_664' title='bbox 3484 4558 3776 4639; x_wconf 80' lang='grc' dir='ltr'>χιονῶδες,</span> 
     </span>
    </p>
   </div>
   <div class='ocr_carea' id='block_1_95' title="bbox 341 4634 2000 4723">
    <p class='ocr_par' dir='ltr' id='par_1_95' title="bbox 341 4636 2000 4709">
     <span class='ocr_line' id='line_1_96' title="bbox 341 4636 2000 4709; baseline -0.001 -15"><span class='ocrx_word' id='word_1_665' title='bbox 341 4641 553 4703; x_wconf 74' lang='lat' dir='ltr'>niveae,</span> <span class='ocrx_word' id='word_1_666' title='bbox 586 4636 807 4709; x_wconf 89' lang='lat' dir='ltr'>lapidis</span> <span class='ocrx_word' id='word_1_667' title='bbox 837 4636 1050 4693; x_wconf 89' lang='lat' dir='ltr'>instar.</span> <span class='ocrx_word' id='word_1_668' title='bbox 1084 4638 1321 4692; x_wconf 89' lang='lat' dir='ltr'>Primus</span> <span class='ocrx_word' id='word_1_669' title='bbox 1352 4638 1462 4692; x_wconf 91' lang='lat' dir='ltr'>iste</span> <span class='ocrx_word' id='word_1_670' title='bbox 1492 4643 1552 4692; x_wconf 93' lang='lat' dir='ltr'>et</span> <span class='ocrx_word' id='word_1_671' title='bbox 1580 4639 2000 4708; x_wconf 70' lang='lat' dir='ltr'>aequinoctium</span> 
     </span>
    </p>
   </div>
   <div class='ocr_carea' id='block_1_96' title="bbox 2118 4634 3774 4723">
    <p class='ocr_par' dir='ltr' id='par_1_96' title="bbox 2118 4634 3774 4723">
     <span class='ocr_line' id='line_1_97' title="bbox 2118 4634 3774 4723; baseline 0.004 -23"><span class='ocrx_word' id='word_1_672' title='bbox 2118 4644 2255 4719; x_wconf 83' lang='grc' dir='ltr'>λίθῳ</span> <span class='ocrx_word' id='word_1_673' title='bbox 2281 4634 2686 4721; x_wconf 85' lang='grc' dir='ltr'>παραπλήσιον.</span> <span class='ocrx_word' id='word_1_674' title='bbox 2750 4650 2973 4723; x_wconf 81' lang='grc' dir='ltr'>Πρῶτος</span> <span class='ocrx_word' id='word_1_675' title='bbox 3031 4651 3114 4719; x_wconf 80' lang='grc' dir='ltr'>[Ρ.</span> <span class='ocrx_word' id='word_1_676' title='bbox 3171 4634 3294 4723; x_wconf 74' lang='grc'>158]</span> <span class='ocrx_word' id='word_1_677' title='bbox 3353 4647 3409 4704; x_wconf 76' lang='grc' dir='ltr'>δὲ</span> <span class='ocrx_word' id='word_1_678' title='bbox 3466 4634 3630 4715; x_wconf 76' lang='grc' dir='ltr'>αύτὸς</span> <span class='ocrx_word' id='word_1_679' title='bbox 3683 4652 3774 4706; x_wconf 86' lang='lat' dir='ltr'>xui</span> 
     </span>
    </p>
   </div>
   <div class='ocr_carea' id='block_1_97' title="bbox 344 4727 1998 4800">
    <p class='ocr_par' dir='ltr' id='par_1_97' title="bbox 344 4727 1998 4800">
     <span class='ocr_line' id='line_1_98' title="bbox 344 4727 1998 4800; baseline -0.001 -14"><span class='ocrx_word' id='word_1_680' title='bbox 344 4728 695 4796; x_wconf 87' lang='lat' dir='ltr'>observavit,</span> <span class='ocrx_word' id='word_1_681' title='bbox 717 4733 777 4783; x_wconf 91' lang='lat' dir='ltr'>et</span> <span class='ocrx_word' id='word_1_682' title='bbox 806 4727 1081 4798; x_wconf 88' lang='lat' dir='ltr'>solstitia,</span> <span class='ocrx_word' id='word_1_683' title='bbox 1113 4734 1173 4782; x_wconf 89' lang='lat' dir='ltr'>et</span> <span class='ocrx_word' id='word_1_684' title='bbox 1201 4744 1529 4799; x_wconf 76' lang='lat' dir='ltr'>gnomones</span> <span class='ocrx_word' id='word_1_685' title='bbox 1557 4728 1998 4800; x_wconf 82' lang='lat' dir='ltr'>horologiorum</span> 
     </span>
    </p>
   </div>
   <div class='ocr_carea' id='block_1_98' title="bbox 344 4817 1999 4891">
    <p class='ocr_par' dir='ltr' id='par_1_98' title="bbox 344 4817 1999 4891">
     <span class='ocr_line' id='line_1_99' title="bbox 344 4817 1999 4891; baseline -0.001 -15"><span class='ocrx_word' id='word_1_686' title='bbox 344 4820 494 4876; x_wconf 72' lang='lat'><strong>277</strong></span> <span class='ocrx_word' id='word_1_687' title='bbox 531 4819 591 4871; x_wconf 89' lang='lat' dir='ltr'>in</span> <span class='ocrx_word' id='word_1_688' title='bbox 636 4832 809 4871; x_wconf 90' lang='lat' dir='ltr'>usum</span> <span class='ocrx_word' id='word_1_689' title='bbox 864 4817 1163 4887; x_wconf 82' lang='lat' dir='ltr'>produxit,</span> <span class='ocrx_word' id='word_1_690' title='bbox 1204 4819 1569 4889; x_wconf 87' lang='lat' dir='ltr'>omninoque</span> <span class='ocrx_word' id='word_1_691' title='bbox 1613 4820 1999 4891; x_wconf 86' lang='lat' dir='ltr'>geometricas</span> 
     </span>
    </p>
   </div>
   <div class='ocr_carea' id='block_1_99' title="bbox 343 4905 1999 4979">
    <p class='ocr_par' dir='ltr' id='par_1_99' title="bbox 343 4905 1999 4979">
     <span class='ocr_line' id='line_1_100' title="bbox 343 4905 1999 4979; baseline 0 -16"><span class='ocrx_word' id='word_1_692' title='bbox 343 4906 781 4979; x_wconf 86' lang='lat' dir='ltr'>descriptiones</span> <span class='ocrx_word' id='word_1_693' title='bbox 833 4905 1111 4960; x_wconf 87' lang='lat' dir='ltr'>ostendit.</span> <span class='ocrx_word' id='word_1_694' title='bbox 1181 4905 1395 4961; x_wconf 84' lang='lat' dir='ltr'>Stellas</span> <span class='ocrx_word' id='word_1_695' title='bbox 1454 4906 1603 4961; x_wconf 84' lang='lat' dir='ltr'>dixit</span> <span class='ocrx_word' id='word_1_696' title='bbox 1653 4924 1783 4963; x_wconf 92' lang='lat' dir='ltr'>esse</span> <span class='ocrx_word' id='word_1_697' title='bbox 1827 4908 1999 4963; x_wconf 86' lang='lat' dir='ltr'>orbes</span> 
     </span>
    </p>
   </div>
   <div class='ocr_carea' id='block_1_100' title="bbox 342 4995 1999 5071">
    <p class='ocr_par' dir='ltr' id='par_1_100' title="bbox 342 4995 1999 5071">
     <span class='ocr_line' id='line_1_101' title="bbox 342 4995 1999 5071; baseline -0.001 -18"><span class='ocrx_word' id='word_1_698' title='bbox 342 5000 544 5071; x_wconf 78' lang='lat' dir='ltr'>igneos</span> <span class='ocrx_word' id='word_1_699' title='bbox 572 4995 644 5051; x_wconf 87' lang='lat' dir='ltr'>ab</span> <span class='ocrx_word' id='word_1_700' title='bbox 669 5011 804 5049; x_wconf 87' lang='lat' dir='ltr'>aere</span> <span class='ocrx_word' id='word_1_701' title='bbox 830 4995 1330 5066; x_wconf 83' lang='lat' dir='ltr'>comprehensos:</span> <span class='ocrx_word' id='word_1_702' title='bbox 1360 5012 1535 5066; x_wconf 79' lang='lat' dir='ltr'>porro</span> <span class='ocrx_word' id='word_1_703' title='bbox 1566 4999 1999 5068; x_wconf 74' lang='lat' dir='ltr'>exspirationes</span> 
     </span>
    </p>
   </div>
   <div class='ocr_carea' id='block_1_101' title="bbox 340 5084 1997 5157">
    <p class='ocr_par' dir='ltr' id='par_1_101' title="bbox 340 5084 1997 5157">
     <span class='ocr_line' id='line_1_102' title="bbox 340 5084 1997 5157; baseline 0 -15"><span class='ocrx_word' id='word_1_704' title='bbox 340 5104 471 5142; x_wconf 89' lang='lat' dir='ltr'>esse</span> <span class='ocrx_word' id='word_1_705' title='bbox 494 5084 783 5157; x_wconf 87' lang='lat' dir='ltr'>quosdam</span> <span class='ocrx_word' id='word_1_706' title='bbox 821 5099 979 5138; x_wconf 62' lang='lat' dir='ltr'>aura!</span> <span class='ocrx_word' id='word_1_707' title='bbox 1014 5088 1376 5155; x_wconf 67' lang='lat' dir='ltr'>permoatus,</span> <span class='ocrx_word' id='word_1_708' title='bbox 1409 5085 1482 5138; x_wconf 91' lang='lat' dir='ltr'>ob</span> <span class='ocrx_word' id='word_1_709' title='bbox 1516 5103 1664 5155; x_wconf 84' lang='lat' dir='ltr'>quos</span> <span class='ocrx_word' id='word_1_710' title='bbox 1697 5088 1883 5141; x_wconf 62' lang='lat' dir='ltr'>stellae</span> <span class='ocrx_word' id='word_1_711' title='bbox 1916 5089 1997 5141; x_wconf 82' lang='lat' dir='ltr'>vi-</span> 
     </span>
    </p>
   </div>
   <div class='ocr_carea' id='block_1_102' title="bbox 339 5174 1998 5246">
    <p class='ocr_par' dir='ltr' id='par_1_102' title="bbox 339 5174 1998 5246">
     <span class='ocr_line' id='line_1_103' title="bbox 339 5174 1998 5246; baseline -0.001 -13"><span class='ocrx_word' id='word_1_712' title='bbox 339 5179 614 5241; x_wconf 80' lang='lat' dir='ltr'>deantur,</span> <span class='ocrx_word' id='word_1_713' title='bbox 667 5182 727 5230; x_wconf 89' lang='lat' dir='ltr'>et</span> <span class='ocrx_word' id='word_1_714' title='bbox 773 5174 989 5246; x_wconf 89' lang='lat' dir='ltr'>quibus</span> <span class='ocrx_word' id='word_1_715' title='bbox 1038 5174 1332 5228; x_wconf 85' lang='lat' dir='ltr'>meatibus</span> <span class='ocrx_word' id='word_1_716' title='bbox 1393 5175 1684 5231; x_wconf 85' lang='lat' dir='ltr'>obturatis</span> <span class='ocrx_word' id='word_1_717' title='bbox 1734 5178 1998 5233; x_wconf 86' lang='lat' dir='ltr'>defectus</span> 
     </span>
    </p>
   </div>
   <div class='ocr_carea' id='block_1_103' title="bbox 340 5263 1999 5335">
    <p class='ocr_par' dir='ltr' id='par_1_103' title="bbox 340 5263 1999 5335">
     <span class='ocr_line' id='line_1_104' title="bbox 340 5263 1999 5335; baseline -0.001 -14"><span class='ocrx_word' id='word_1_718' title='bbox 340 5267 613 5321; x_wconf 86' lang='lat' dir='ltr'>existant.</span> <span class='ocrx_word' id='word_1_719' title='bbox 658 5267 737 5318; x_wconf 81' lang='lat' dir='ltr'>Ac</span> <span class='ocrx_word' id='word_1_720' title='bbox 759 5264 930 5334; x_wconf 80' lang='lat' dir='ltr'>juxta</span> <span class='ocrx_word' id='word_1_721' title='bbox 993 5263 1200 5316; x_wconf 89' lang='lat' dir='ltr'>horum</span> <span class='ocrx_word' id='word_1_722' title='bbox 1230 5264 1317 5317; x_wconf 92' lang='lat' dir='ltr'>vel</span> <span class='ocrx_word' id='word_1_723' title='bbox 1363 5266 1732 5335; x_wconf 84' lang='lat' dir='ltr'>apertionem</span> <span class='ocrx_word' id='word_1_724' title='bbox 1781 5267 1869 5321; x_wconf 89' lang='lat' dir='ltr'>vel</span> <span class='ocrx_word' id='word_1_725' title='bbox 1901 5267 1999 5323; x_wconf 86' lang='lat' dir='ltr'>ob-</span> 
     </span>
    </p>
   </div>
   <div class='ocr_carea' id='block_1_104' title="bbox 341 5352 1998 5423">
    <p class='ocr_par' dir='ltr' id='par_1_104' title="bbox 341 5352 1998 5423">
     <span class='ocr_line' id='line_1_105' title="bbox 341 5352 1998 5423; baseline 0.002 -16"><span class='ocrx_word' id='word_1_726' title='bbox 341 5357 722 5410; x_wconf 81' lang='lat' dir='ltr'>structionem</span> <span class='ocrx_word' id='word_1_727' title='bbox 753 5353 956 5408; x_wconf 89' lang='lat' dir='ltr'>lunam</span> <span class='ocrx_word' id='word_1_728' title='bbox 1018 5352 1192 5406; x_wconf 91' lang='lat' dir='ltr'>modo</span> <span class='ocrx_word' id='word_1_729' title='bbox 1237 5353 1473 5423; x_wconf 88' lang='lat' dir='ltr'>plenam</span> <span class='ocrx_word' id='word_1_730' title='bbox 1536 5356 1712 5410; x_wconf 87' lang='lat' dir='ltr'>modo</span> <span class='ocrx_word' id='word_1_731' title='bbox 1772 5356 1998 5411; x_wconf 85' lang='lat' dir='ltr'>lumine</span> 
     </span>
    </p>
   </div>
   <div class='ocr_carea' id='block_1_105' title="bbox 345 5440 1993 5500">
    <p class='ocr_par' dir='ltr' id='par_1_105' title="bbox 345 5440 1993 5500">
     <span class='ocr_line' id='line_1_106' title="bbox 345 5440 1993 5500; baseline 0.004 -7"><span class='ocrx_word' id='word_1_732' title='bbox 345 5441 701 5497; x_wconf 81' lang='lat' dir='ltr'>diminutam</span> <span class='ocrx_word' id='word_1_733' title='bbox 736 5441 943 5496; x_wconf 82' lang='lat' dir='ltr'>videri.</span> <span class='ocrx_word' id='word_1_734' title='bbox 980 5440 1133 5497; x_wconf 90' lang='lat' dir='ltr'>Solis</span> <span class='ocrx_word' id='word_1_735' title='bbox 1161 5443 1449 5497; x_wconf 89' lang='lat' dir='ltr'>circulum</span> <span class='ocrx_word' id='word_1_736' title='bbox 1481 5444 1550 5498; x_wconf 87' lang='lat' dir='ltr'>ad</span> <span class='ocrx_word' id='word_1_737' title='bbox 1604 5444 1760 5499; x_wconf 67' lang='lat' dir='ltr'>luna:</span> <span class='ocrx_word' id='word_1_738' title='bbox 1794 5445 1993 5500; x_wconf 80' lang='lat' dir='ltr'>orbem</span> 
     </span>
    </p>
   </div>
   <div class='ocr_carea' id='block_1_106' title="bbox 350 5531 1996 5603">
    <p class='ocr_par' dir='ltr' id='par_1_106' title="bbox 350 5531 1996 5603">
     <span class='ocr_line' id='line_1_107' title="bbox 350 5531 1996 5603; baseline 0.005 -22"><span class='ocrx_word' id='word_1_739' title='bbox 350 5546 477 5583; x_wconf 78' lang='lat' dir='ltr'>esse</span> <span class='ocrx_word' id='word_1_740' title='bbox 510 5532 889 5602; x_wconf 86' lang='lat' dir='ltr'>proportione</span> <span class='ocrx_word' id='word_1_741' title='bbox 920 5531 1424 5603; x_wconf 85' lang='lat' dir='ltr'>vigintiseptupla.</span> <span class='ocrx_word' id='word_1_742' title='bbox 1486 5534 1547 5586; x_wconf 88' lang='lat' dir='ltr'>In</span> <span class='ocrx_word' id='word_1_743' title='bbox 1591 5549 1823 5588; x_wconf 88' lang='lat' dir='ltr'>summo</span> <span class='ocrx_word' id='word_1_744' title='bbox 1868 5549 1996 5591; x_wconf 87' lang='lat' dir='ltr'>esse</span> 
     </span>
    </p>
   </div>
   <div class='ocr_carea' id='block_1_107' title="bbox 355 5619 1993 5685">
    <p class='ocr_par' dir='ltr' id='par_1_107' title="bbox 355 5619 1993 5685">
     <span class='ocr_line' id='line_1_108' title="bbox 355 5619 1993 5685; baseline 0.005 -14"><span class='ocrx_word' id='word_1_745' title='bbox 355 5619 562 5685; x_wconf 82' lang='lat' dir='ltr'>solem,</span> <span class='ocrx_word' id='word_1_746' title='bbox 597 5621 656 5673; x_wconf 93' lang='lat' dir='ltr'>in</span> <span class='ocrx_word' id='word_1_747' title='bbox 686 5622 803 5673; x_wconf 89' lang='lat' dir='ltr'>imo</span> <span class='ocrx_word' id='word_1_748' title='bbox 835 5621 1008 5676; x_wconf 90' lang='lat' dir='ltr'>orbes</span> <span class='ocrx_word' id='word_1_749' title='bbox 1040 5621 1347 5677; x_wconf 85' lang='lat' dir='ltr'>stellarum</span> <span class='ocrx_word' id='word_1_750' title='bbox 1380 5624 1655 5679; x_wconf 75' lang='lat' dir='ltr'>lixarum.</span> <span class='ocrx_word' id='word_1_751' title='bbox 1700 5624 1993 5680; x_wconf 82' lang='lat' dir='ltr'>Animalia</span> 
     </span>
    </p>
   </div>
   <div class='ocr_carea' id='block_1_108' title="bbox 350 5708 1993 5779">
    <p class='ocr_par' dir='ltr' id='par_1_108' title="bbox 350 5708 1993 5779">
     <span class='ocr_line' id='line_1_109' title="bbox 350 5708 1993 5779; baseline 0.006 -19"><span class='ocrx_word' id='word_1_752' title='bbox 350 5708 844 5778; x_wconf 86' lang='lat' dir='ltr'>nascivaporibus</span> <span class='ocrx_word' id='word_1_753' title='bbox 865 5726 899 5763; x_wconf 91' lang='lat' dir='ltr'>a</span> <span class='ocrx_word' id='word_1_754' title='bbox 920 5710 1043 5764; x_wconf 90' lang='lat' dir='ltr'>sole</span> <span class='ocrx_word' id='word_1_755' title='bbox 1065 5711 1327 5779; x_wconf 85' lang='lat' dir='ltr'>elevatis,</span> <span class='ocrx_word' id='word_1_756' title='bbox 1344 5719 1569 5779; x_wconf 83' lang='lat' dir='ltr'>ventos,</span> <span class='ocrx_word' id='word_1_757' title='bbox 1602 5730 1735 5768; x_wconf 87' lang='lat' dir='ltr'>cum</span> <span class='ocrx_word' id='word_1_758' title='bbox 1767 5715 1993 5770; x_wconf 86' lang='lat' dir='ltr'>tenuis-</span> 
     </span>
    </p>
   </div>
   <div class='ocr_carea' id='block_1_109' title="bbox 2110 4733 3778 4814">
    <p class='ocr_par' dir='ltr' id='par_1_109' title="bbox 2110 4733 3778 4814">
     <span class='ocr_line' id='line_1_110' title="bbox 2110 4733 3778 4814; baseline 0.003 -25"><span class='ocrx_word' id='word_1_759' title='bbox 2110 4735 2401 4811; x_wconf 85' lang='grc' dir='ltr'>ἰσημερίαν</span> <span class='ocrx_word' id='word_1_760' title='bbox 2434 4733 2554 4811; x_wconf 70' lang='grc' dir='ltr'>εὗρε</span> <span class='ocrx_word' id='word_1_761' title='bbox 2582 4735 2671 4791; x_wconf 84' lang='lat' dir='ltr'>xui</span> <span class='ocrx_word' id='word_1_762' title='bbox 2737 4736 2945 4811; x_wconf 80' lang='grc' dir='ltr'>τροπὰς</span> <span class='ocrx_word' id='word_1_763' title='bbox 2999 4738 3088 4792; x_wconf 85' lang='lat' dir='ltr'>xui</span> <span class='ocrx_word' id='word_1_764' title='bbox 3150 4737 3460 4814; x_wconf 82' lang='grc' dir='ltr'>ὡρολογίας</span> <span class='ocrx_word' id='word_1_765' title='bbox 3516 4740 3778 4814; x_wconf 70' lang='grc' dir='ltr'>γνώμονα</span> 
     </span>
    </p>
   </div>
   <div class='ocr_carea' id='block_1_110' title="bbox 2107 4825 3773 4904">
    <p class='ocr_par' dir='ltr' id='par_1_110' title="bbox 2107 4825 3773 4904">
     <span class='ocr_line' id='line_1_111' title="bbox 2107 4825 3773 4904; baseline 0.002 -22"><span class='ocrx_word' id='word_1_766' title='bbox 2107 4847 2166 4882; x_wconf 89' lang='grc' dir='ltr'>τε</span> <span class='ocrx_word' id='word_1_767' title='bbox 2218 4825 2499 4902; x_wconf 79' lang='grc' dir='ltr'>εἷσήγαγεν</span> <span class='ocrx_word' id='word_1_768' title='bbox 2544 4872 2558 4897; x_wconf 90' lang='grc'>,</span> <span class='ocrx_word' id='word_1_769' title='bbox 2603 4826 2732 4901; x_wconf 78' lang='grc' dir='ltr'>ὅπερ</span> <span class='ocrx_word' id='word_1_770' title='bbox 2820 4826 2928 4883; x_wconf 79' lang='grc' dir='ltr'>ἐστὶ</span> <span class='ocrx_word' id='word_1_771' title='bbox 2999 4830 3062 4883; x_wconf 87' lang='grc' dir='ltr'>τὸ</span> <span class='ocrx_word' id='word_1_772' title='bbox 3122 4827 3174 4883; x_wconf 84' lang='grc' dir='ltr'>ἐν</span> <span class='ocrx_word' id='word_1_773' title='bbox 3234 4835 3351 4892; x_wconf 81' lang='grc' dir='ltr'>τοῖς</span> <span class='ocrx_word' id='word_1_774' title='bbox 3409 4828 3773 4904; x_wconf 80' lang='grc' dir='ltr'>ἡλιοτρόποις</span> 
     </span>
    </p>
   </div>
   <div class='ocr_carea' id='block_1_111' title="bbox 2108 4913 3782 4993">
    <p class='ocr_par' dir='ltr' id='par_1_111' title="bbox 2108 4913 3782 4993">
     <span class='ocr_line' id='line_1_112' title="bbox 2108 4913 3782 4993; baseline 0.004 -23"><span class='ocrx_word' id='word_1_775' title='bbox 2108 4916 2479 4991; x_wconf 77' lang='grc' dir='ltr'>πηγνύμενον,</span> <span class='ocrx_word' id='word_1_776' title='bbox 2540 4916 2631 4971; x_wconf 87' lang='lat' dir='ltr'>xui</span> <span class='ocrx_word' id='word_1_777' title='bbox 2744 4913 2890 4978; x_wconf 80' lang='grc' dir='ltr'>ὅλως</span> <span class='ocrx_word' id='word_1_778' title='bbox 2996 4918 3334 4993; x_wconf 84' lang='grc' dir='ltr'>γεωμετρίας</span> <span class='ocrx_word' id='word_1_779' title='bbox 3422 4919 3782 4976; x_wconf 81' lang='grc' dir='ltr'>ὑποτύπωσιν</span> 
     </span>
    </p>
   </div>
   <div class='ocr_carea' id='block_1_112' title="bbox 2109 4999 3772 5084">
    <p class='ocr_par' dir='ltr' id='par_1_112' title="bbox 2109 4999 3772 5084">
     <span class='ocr_line' id='line_1_113' title="bbox 2109 4999 3772 5084; baseline 0.002 -25"><span class='ocrx_word' id='word_1_780' title='bbox 2109 4999 2293 5077; x_wconf 79' lang='grc' dir='ltr'>ἔδειξε.</span> <span class='ocrx_word' id='word_1_781' title='bbox 2355 5006 2434 5061; x_wconf 82' lang='grc' dir='ltr'>Τὰ</span> <span class='ocrx_word' id='word_1_782' title='bbox 2492 5002 2549 5060; x_wconf 72' lang='grc' dir='ltr'>δὲ</span> <span class='ocrx_word' id='word_1_783' title='bbox 2602 5003 2774 5081; x_wconf 79' lang='grc' dir='ltr'>ἄστρα</span> <span class='ocrx_word' id='word_1_784' title='bbox 2820 5005 2951 5084; x_wconf 74' lang='grc' dir='ltr'>φησὶ</span> <span class='ocrx_word' id='word_1_785' title='bbox 3006 5004 3248 5081; x_wconf 83' lang='grc' dir='ltr'>γενέσθαι</span> <span class='ocrx_word' id='word_1_786' title='bbox 3309 5006 3515 5063; x_wconf 84' lang='grc' dir='ltr'>κύκλον</span> <span class='ocrx_word' id='word_1_787' title='bbox 3576 5009 3772 5083; x_wconf 77' lang='grc' dir='ltr'>πυρὸς,</span> 
     </span>
    </p>
   </div>
   <div class='ocr_carea' id='block_1_113' title="bbox 2109 5093 3769 5173">
    <p class='ocr_par' dir='ltr' id='par_1_113' title="bbox 2109 5093 3769 5173">
     <span class='ocr_line' id='line_1_114' title="bbox 2109 5093 3769 5173; baseline 0.002 -24"><span class='ocrx_word' id='word_1_788' title='bbox 2109 5094 2509 5173; x_wconf 63' lang='grc' dir='ltr'>περιληφθέντα</span> <span class='ocrx_word' id='word_1_789' title='bbox 2551 5093 2606 5149; x_wconf 70' lang='grc' dir='ltr'>δὲ</span> <span class='ocrx_word' id='word_1_790' title='bbox 2640 5095 2743 5149; x_wconf 72' lang='grc' dir='ltr'>ὕπὸ</span> <span class='ocrx_word' id='word_1_791' title='bbox 2802 5094 2983 5171; x_wconf 78' lang='grc' dir='ltr'>ἀέρος.</span> <span class='ocrx_word' id='word_1_792' title='bbox 3035 5097 3297 5159; x_wconf 75' lang='grc' dir='ltr'>Ἐκπνοᾶς</span> <span class='ocrx_word' id='word_1_793' title='bbox 3353 5094 3407 5152; x_wconf 72' lang='grc' dir='ltr'>δὲ</span> <span class='ocrx_word' id='word_1_794' title='bbox 3467 5099 3604 5153; x_wconf 72' lang='grc' dir='ltr'>εἶναι</span> <span class='ocrx_word' id='word_1_795' title='bbox 3663 5100 3769 5153; x_wconf 89' lang='grc' dir='ltr'>πό-</span> 
     </span>
    </p>
   </div>
   <div class='ocr_carea' id='block_1_114' title="bbox 2110 5182 3775 5263">
    <p class='ocr_par' dir='ltr' id='par_1_114' title="bbox 2110 5182 3775 5263">
     <span class='ocr_line' id='line_1_115' title="bbox 2110 5182 3775 5263; baseline 0.003 -26"><span class='ocrx_word' id='word_1_796' title='bbox 2110 5204 2238 5258; x_wconf 80' lang='grc' dir='ltr'>ρους</span> <span class='ocrx_word' id='word_1_797' title='bbox 2266 5183 2415 5245; x_wconf 73' lang='grc' dir='ltr'>τινὰς</span> <span class='ocrx_word' id='word_1_798' title='bbox 2448 5182 2737 5259; x_wconf 78' lang='grc' dir='ltr'>αὗρώδεις,</span> <span class='ocrx_word' id='word_1_799' title='bbox 2796 5186 2912 5239; x_wconf 84' lang='grc' dir='ltr'>καθ’</span> <span class='ocrx_word' id='word_1_800' title='bbox 2969 5186 3064 5246; x_wconf 74' lang='grc' dir='ltr'>οὓς</span> <span class='ocrx_word' id='word_1_801' title='bbox 3124 5189 3407 5262; x_wconf 70' lang='grc' dir='ltr'>φαινὸνται</span> <span class='ocrx_word' id='word_1_802' title='bbox 3453 5188 3520 5242; x_wconf 71' lang='grc' dir='ltr'>τὰ</span> <span class='ocrx_word' id='word_1_803' title='bbox 3581 5189 3775 5263; x_wconf 80' lang='grc' dir='ltr'>ἄστρα-</span> 
     </span>
    </p>
   </div>
   <div class='ocr_carea' id='block_1_115' title="bbox 2109 5269 3769 5351">
    <p class='ocr_par' dir='ltr' id='par_1_115' title="bbox 2109 5269 3769 5351">
     <span class='ocr_line' id='line_1_116' title="bbox 2109 5269 3769 5351; baseline 0.004 -25"><span class='ocrx_word' id='word_1_804' title='bbox 2109 5269 2193 5326; x_wconf 83' lang='grc' dir='ltr'>διὸ</span> <span class='ocrx_word' id='word_1_805' title='bbox 2248 5294 2378 5351; x_wconf 71' lang='grc' dir='ltr'>φησι</span> <span class='ocrx_word' id='word_1_806' title='bbox 2464 5274 2552 5326; x_wconf 88' lang='lat' dir='ltr'>xui</span> <span class='ocrx_word' id='word_1_807' title='bbox 2631 5271 3115 5346; x_wconf 73' lang='grc' dir='ltr'>ἐπιφρασσομένων</span> <span class='ocrx_word' id='word_1_808' title='bbox 3194 5279 3305 5331; x_wconf 82' lang='grc' dir='ltr'>τῶν</span> <span class='ocrx_word' id='word_1_809' title='bbox 3374 5276 3614 5332; x_wconf 80' lang='grc' dir='ltr'>ἐκπνοῶν</span> <span class='ocrx_word' id='word_1_810' title='bbox 3672 5279 3769 5341; x_wconf 80' lang='grc' dir='ltr'>τὰς</span> 
     </span>
    </p>
   </div>
   <div class='ocr_carea' id='block_1_116' title="bbox 2108 5358 3771 5446">
    <p class='ocr_par' dir='ltr' id='par_1_116' title="bbox 2108 5358 3771 5446">
     <span class='ocr_line' id='line_1_117' title="bbox 2108 5358 3771 5446; baseline 0.004 -31"><span class='ocrx_word' id='word_1_811' title='bbox 2108 5359 2379 5435; x_wconf 77' lang='grc' dir='ltr'>ἐκλείψεις</span> <span class='ocrx_word' id='word_1_812' title='bbox 2410 5359 2673 5437; x_wconf 73' lang='grc' dir='ltr'>γενέσθαι.</span> <span class='ocrx_word' id='word_1_813' title='bbox 2705 5362 2812 5429; x_wconf 75' lang='grc' dir='ltr'>Τὴν</span> <span class='ocrx_word' id='word_1_814' title='bbox 2845 5358 2901 5416; x_wconf 73' lang='grc' dir='ltr'>δὲ</span> <span class='ocrx_word' id='word_1_815' title='bbox 2952 5360 3188 5435; x_wconf 79' lang='grc' dir='ltr'>σελήνην</span> <span class='ocrx_word' id='word_1_816' title='bbox 3249 5365 3383 5420; x_wconf 70' lang='grc' dir='ltr'>ποτε</span> <span class='ocrx_word' id='word_1_817' title='bbox 3445 5367 3539 5440; x_wconf 71' lang='grc' dir='ltr'>μὲν</span> <span class='ocrx_word' id='word_1_818' title='bbox 3592 5368 3771 5446; x_wconf 69' lang='grc' dir='ltr'>φαίνε-</span> 
     </span>
    </p>
   </div>
   <div class='ocr_carea' id='block_1_117' title="bbox 2109 5447 3771 5531">
    <p class='ocr_par' dir='ltr' id='par_1_117' title="bbox 2109 5447 3771 5531">
     <span class='ocr_line' id='line_1_118' title="bbox 2109 5447 3771 5531; baseline 0.004 -26"><span class='ocrx_word' id='word_1_819' title='bbox 2109 5460 2229 5513; x_wconf 87' lang='grc' dir='ltr'>σθαι</span> <span class='ocrx_word' id='word_1_820' title='bbox 2289 5452 2704 5524; x_wconf 71' lang='grc' dir='ltr'>πληρουμένην,</span> <span class='ocrx_word' id='word_1_821' title='bbox 2772 5451 2903 5505; x_wconf 76' lang='grc' dir='ltr'>ποτὲ</span> <span class='ocrx_word' id='word_1_822' title='bbox 2956 5447 3012 5505; x_wconf 76' lang='grc' dir='ltr'>δὲ</span> <span class='ocrx_word' id='word_1_823' title='bbox 3075 5453 3404 5526; x_wconf 82' lang='grc' dir='ltr'>μειουμένην</span> <span class='ocrx_word' id='word_1_824' title='bbox 3473 5457 3617 5531; x_wconf 81' lang='grc' dir='ltr'>παρὰ</span> <span class='ocrx_word' id='word_1_825' title='bbox 3670 5459 3771 5527; x_wconf 70' lang='grc' dir='ltr'>τήν</span> 
     </span>
    </p>
   </div>
   <div class='ocr_carea' id='block_1_118' title="bbox 2105 5536 3769 5615">
    <p class='ocr_par' dir='ltr' id='par_1_118' title="bbox 2105 5536 3769 5615">
     <span class='ocr_line' id='line_1_119' title="bbox 2105 5536 3769 5615; baseline 0.003 -22"><span class='ocrx_word' id='word_1_826' title='bbox 2105 5543 2214 5593; x_wconf 85' lang='grc' dir='ltr'>τῶν</span> <span class='ocrx_word' id='word_1_827' title='bbox 2243 5539 2427 5613; x_wconf 75' lang='grc' dir='ltr'>πόρων</span> <span class='ocrx_word' id='word_1_828' title='bbox 2458 5537 2798 5615; x_wconf 69' lang='grc' dir='ltr'>έπίφραξινῇ</span> <span class='ocrx_word' id='word_1_829' title='bbox 2834 5536 3054 5612; x_wconf 72' lang='grc' dir='ltr'>ἄνοιξιν.</span> <span class='ocrx_word' id='word_1_830' title='bbox 3107 5542 3267 5598; x_wconf 75' lang='grc' dir='ltr'>Εἶναι</span> <span class='ocrx_word' id='word_1_831' title='bbox 3325 5539 3381 5597; x_wconf 78' lang='grc' dir='ltr'>δὲ</span> <span class='ocrx_word' id='word_1_832' title='bbox 3414 5544 3503 5598; x_wconf 75' lang='grc' dir='ltr'>τὸν</span> <span class='ocrx_word' id='word_1_833' title='bbox 3564 5543 3769 5600; x_wconf 73' lang='grc' dir='ltr'>κύκλον</span> 
     </span>
    </p>
   </div>
   <div class='ocr_carea' id='block_1_119' title="bbox 2103 5627 3762 5703">
    <p class='ocr_par' dir='ltr' id='par_1_119' title="bbox 2103 5627 3762 5703">
     <span class='ocr_line' id='line_1_120' title="bbox 2103 5627 3762 5703; baseline 0.01 -22"><span class='ocrx_word' id='word_1_834' title='bbox 2103 5631 2199 5684; x_wconf 78' lang='grc' dir='ltr'>τοῦ</span> <span class='ocrx_word' id='word_1_835' title='bbox 2238 5627 2402 5697; x_wconf 72' lang='grc' dir='ltr'>ἡλίου</span> <span class='ocrx_word' id='word_1_836' title='bbox 2457 5628 3137 5685; x_wconf 74' lang='grc' dir='ltr'>ἑπτακαιεικοσιπλασίονα</span> <span class='ocrx_word' id='word_1_837' title='bbox 3190 5637 3291 5701; x_wconf 84' lang='grc' dir='ltr'>τῆς</span> <span class='ocrx_word' id='word_1_838' title='bbox 3353 5630 3613 5703; x_wconf 70' lang='grc' dir='ltr'>σελήνης,</span> <span class='ocrx_word' id='word_1_839' title='bbox 3672 5634 3762 5688; x_wconf 66' lang='grc' dir='ltr'>καὶ</span> 
     </span>
    </p>
   </div>
   <div class='ocr_carea' id='block_1_120' title="bbox 2102 5716 3771 5790">
    <p class='ocr_par' dir='ltr' id='par_1_120' title="bbox 2102 5716 3771 5790">
     <span class='ocr_line' id='line_1_121' title="bbox 2102 5716 3771 5790; baseline 0.004 -19"><span class='ocrx_word' id='word_1_840' title='bbox 2102 5716 2365 5773; x_wconf 80' lang='grc' dir='ltr'>ἀνωτάτω</span> <span class='ocrx_word' id='word_1_841' title='bbox 2426 5717 2519 5790; x_wconf 79' lang='grc' dir='ltr'>μὶν</span> <span class='ocrx_word' id='word_1_842' title='bbox 2583 5716 2719 5771; x_wconf 75' lang='grc' dir='ltr'>εἶναι</span> <span class='ocrx_word' id='word_1_843' title='bbox 2795 5716 2886 5773; x_wconf 90' lang='grc' dir='ltr'>τὸν</span> <span class='ocrx_word' id='word_1_844' title='bbox 2927 5718 3113 5789; x_wconf 76' lang='grc' dir='ltr'>ἥλιον,</span> <span class='ocrx_word' id='word_1_845' title='bbox 3165 5721 3464 5775; x_wconf 79' lang='grc' dir='ltr'>κατωτάτω</span> <span class='ocrx_word' id='word_1_846' title='bbox 3523 5718 3579 5776; x_wconf 78' lang='grc' dir='ltr'>δὲ</span> <span class='ocrx_word' id='word_1_847' title='bbox 3639 5722 3771 5784; x_wconf 77' lang='grc' dir='ltr'>τοὺς</span> 
     </span>
    </p>
   </div>
  </div>
