4142 6416
339 370 461 428 313

1474 367 2014 435 HISTORIARUM
2062 365 2580 429 COMPENDIUM
2592 412 2605 427 .

3662 372 3782 436 814

339 506 449 555 τῶν
508 500 767 556 ἀπλανῶν
815 502 1052 578 ἀστέρων
1111 502 1371 568 κύκλους.
1429 506 1511 563 Τὰ
1578 503 1636 560 δὲ
1678 500 1848 574 ζώδια
1894 500 1996 573 (20]

2124 500 2257 555 simi
2289 515 2534 571 vapores
2596 517 2661 555 ex
2717 517 2853 556 aere
2912 506 3327 570 secernuntur,
3387 504 3487 574 qui
3548 504 3781 561 collecti

343 592 586 667 γενεσθαι
652 591 1055 666 ἐξατμιζόμενα
1113 594 1216 649 ὑπὸ
1263 598 1361 649 τοῦ
1412 593 1606 665 ἡλίου,
1667 592 1901 664 ἀνέμους
1963 585 2020 643 δὲ

348 680 600 759 γίνεσθαι
627 686 736 736 τῶν
768 680 1113 739 λεπτοτάτων
1158 685 1344 757 ἀτμῶν
1402 683 1462 740 ἐκ
1515 688 1617 739 τοῦ
1669 683 1825 758 ἂὲρος
1880 679 2018 734 ἀπο-

346 771 684 848 κρινομένων
734 772 824 828 καὶ
878 771 1003 828 ὅταν
1055 773 1387 850 ἀθροισθῶσι
1438 774 1799 847 κινουμένων,
1832 766 2015 830 ὑετοὺς

345 859 404 917 δὲ
430 860 494 916 ἐκ
521 869 624 932 τῆς
655 859 894 936 ἀτμίδος
924 870 1024 932 τῆς
1057 861 1119 918 ἔκ
1146 868 1252 919 τῶν
1291 865 1378 941 ὑφ’
1437 863 1595 934 ἣλιον
1654 857 2015 931 ἀναδιδουμὲο

2129 595 2632 660 commoveantur,
2684 589 2912 662 pluvias
2944 607 3014 645 ex
3058 590 3534 648 exhalationibus
3581 612 3614 650 a
3655 595 3779 651 sole

2130 696 2366 735 sursum
2398 679 2664 748 elevatis,
2704 680 2959 753 fulgura,
3009 697 3142 735 cum
3196 686 3406 737 ventus
3464 699 3782 756 erumpens

2128 768 2317 824 nubes
2350 771 2582 825 scindit.
2618 770 2928 826 Hominem
2970 770 3042 826 ab
3076 770 3244 825 initio
3292 772 3472 842 piscis
3522 772 3779 829 similem

2127 865 2334 915 natum
2360 860 2562 916 fuisse.

341 973 467 1023 γης,
507 951 787 1026 ἀστραπὰς
820 949 898 1022 δὲ,
932 949 1056 1007 ὅταν
1088 950 1288 1026 ἄνεμος
1317 952 1590 1008 ἐκπίπτων
1622 948 1860 1021 διίστησι
1890 947 1985 1008 τὰς
2015 945 2262 1021 νεφέλας.
2302 948 2406 1002 Τὸν
2433 944 2490 1002 δὲ
2522 948 2806 1024 ἄνθρωπον
2840 949 2959 1004 κατ’
2989 949 3165 1024 ἀρχὰς
3195 948 3355 1024 ἰχθύῖ
3382 951 3772 1027 παραπλήσιον

342 1038 613 1115 γενέσθαι.

410 1132 606 1190 Ἕκτος
690 1129 1066 1203 Ἀναξιμένης.
1157 1131 1336 1194 Οὗτος
1422 1131 1554 1207 ἀέρα
1620 1130 1843 1204 ἄπειρον
1910 1128 2008 1195 τὴν

342 1220 528 1296 ἀρχὴν
560 1217 663 1297 ἔφη
697 1221 854 1289 εἶναι,
899 1218 948 1290 ἐξ
984 1219 1046 1274 οὗ
1075 1221 1143 1275 τὰ
1170 1220 1435 1296 γινόμενα
1484 1221 1576 1276 καὶ
1635 1220 1702 1275 τὰ
1742 1218 2010 1297 γεγονότα

336 1292 526 1363 δάι’τά
555 1292 791 1380 ἐσόμενα
820 1308 908 1363 καὶ
941 1307 1097 1373 θεοὺς
1135 1292 1225 1364 καὶ
1290 1292 1409 1364 θεῖα
1458 1308 1721 1385 γίνεσθαι.
1757 1292 1897 1374 -Τήν
1951 1292 2008 1358 ὃὲ

336 1403 445 1474 γῆν
477 1396 743 1454 πλατεῖαν
775 1396 857 1453 ἐπ’
889 1396 1018 1469 ἀέρα
1041 1397 1379 1477 ὀχουμένην.
1437 1398 1680 1472 Ὁμοίως
1748 1394 1805 1450 δὲ
1843 1392 2007 1464 ἥλιον

336 1487 432 1541 καὶ
496 1484 738 1557 σελήνην
806 1486 897 1541 καὶ
956 1487 1022 1541 τὰ
1078 1485 1225 1543 ἄλλα
1305 1485 1476 1562 ἃστρα
1559 1488 1735 1542 πάντα
1812 1485 2011 1557 πύρινα

338 1572 471 1631 ὄντα
512 1575 835 1651 ἐποχεῖσθαι
872 1581 954 1649 τῷ
1011 1576 1127 1651 ἀὲρι
1169 1573 1258 1631 διὰ
1298 1578 1360 1632 τὸ
1399 1574 1631 1638 πλάτος,
1704 1572 1897 1651 Γέγονε
1953 1568 2009 1625 δὲ

336 1667 407 1720 τὰ
439 1666 614 1741 ἃστρα
647 1666 709 1721 ἐκ
736 1671 840 1740 γῆς
871 1662 959 1719 διὰ
1004 1666 1068 1721 τὸ
1132 1668 1232 1736 τὴν
1295 1664 1498 1739 ἰκμάδα
1554 1665 1613 1720 ἐκ
1668 1664 1870 1734 ταύτης
1920 1660 2009 1715 ἀν-

346 1756 621 1826 ίστασθαι,
659 1756 727 1825 ἧς
750 1753 1117 1830 ἀραιουμὲνης
1161 1756 1222 1810 τὸ
1275 1759 1382 1831 πῦρ
1440 1754 1702 1832 γίνεσθαι·
1753 1755 1896 1808 εἶναι
1953 1747 2011 1804 δὲ

332 1846 426 1900 καὶ
457 1841 687 1920 γεώδεις
719 1843 903 1921 φύσεις
943 1843 994 1899 ἐν
1051 1850 1131 1917 τῷ
1174 1846 1334 1917 τόπῳ
1390 1849 1498 1899 τῶν
1561 1842 1818 1918 ἀστέρων,
1877 1862 2010 1914 συμ-

334 1932 770 2010 περιιρερομένας
840 1932 1093 1995 ἐκείνοις.
1163 1934 1336 1995 Οὗτος
1393 1934 1609 2005 ἤκμασε
1663 1932 1800 1987 κατὰ
1868 1931 1997 1993 τοὺς

2194 1128 2401 1182 Sextus
2422 1128 2966 1185 fuitAnaximenes.
2998 1130 3052 1184 Is
3083 1146 3281 1185 aerem
3324 1130 3629 1186 inﬁnitum
3661 1139 3777 1189 sta-

2122 1218 2234 1271 tuit
2266 1233 2467 1272 rerum
2498 1217 2863 1290 principium
2891 1236 2905 1285 ;
2940 1235 3011 1274 ex
3043 1235 3111 1274 eo
3144 1234 3276 1290 quas
3311 1224 3470 1291 sunt,
3504 1237 3636 1291 quas
3655 1220 3780 1277 fue-

2120 1312 2279 1374 runt,
2341 1307 2542 1362 omnia
2589 1312 2787 1362 ortum
2861 1306 3100 1363 habere.
3162 1309 3303 1362 Esse
3376 1308 3518 1364 deos
3572 1315 3631 1364 et
3679 1326 3774 1366 res

2122 1394 2368 1451 divinas.
2409 1397 2646 1451 Terram
2697 1396 3010 1452 latitudine
3060 1413 3167 1452 sua
3221 1398 3343 1453 aeri
3402 1398 3769 1457 incumbere.

2122 1484 2407 1540 Similiter
2437 1486 2625 1541 solem
2658 1493 2714 1541 et
2742 1486 2949 1542 lunam
2982 1492 3039 1541 et
3086 1487 3350 1558 reliquas
3368 1486 3604 1557 stellas,
3637 1505 3773 1544 cum

2120 1574 2292 1646 ignea
2333 1576 2453 1630 sint
2507 1577 2731 1646 omnia,
2789 1575 2862 1631 ab
2911 1593 3048 1632 aere
3099 1582 3343 1650 propter
3396 1577 3775 1634 latitudinem

2120 1665 2356 1736 gestari.
2388 1665 2599 1720 Stellas
2622 1682 2694 1720 ex
2718 1672 2878 1720 terra
2906 1672 3065 1721 ortas
3097 1682 3165 1720 eo
3198 1666 3357 1738 quod
3379 1682 3452 1721 ex
3474 1683 3543 1722 ea
3558 1667 3774 1723 humor

2121 1755 2383 1824 etTertur,
2411 1771 2528 1825 quo
2561 1761 2865 1811 attenuato
2897 1756 3049 1828 ignis
3079 1756 3345 1812 exsistat.
3404 1757 3543 1812 Esse
3588 1758 3767 1813 etiam

2122 1849 2385 1898 terrenas
2415 1844 2700 1914 quasdam
2726 1849 2970 1899 naturas
3000 1844 3060 1898 in
3110 1844 3240 1900 loco
3273 1845 3604 1915 stellarum,
3636 1863 3769 1917 quas

2121 1949 2239 1988 una
2282 1949 2416 1988 cum
2476 1933 2568 1988 his
2625 1934 3123 2006 circumagantur.
3181 1934 3283 1988 Hic
3341 1934 3543 1990 ﬂoruit
3595 1941 3767 1991 aatate

410 1989 419 2009 ,
478 1989 544 2010 ,,
607 1989 617 2005 ,
756 1989 768 1995 -
1060 1989 1070 1995 .
1178 1989 1190 1991 -
1325 1989 1334 1995 .
1417 1989 1482 2005 ,,
1984 1989 1993 1993 -

340 2024 573 2098 χρὸνους
606 2019 976 2095 Ἀλεξάνδρου
1008 2026 1105 2076 τοῦ
1137 2019 1469 2092 Μακεδόνος,
1530 2022 1737 2083 οὗτινος
1792 2020 1880 2076 καὶ
1914 2017 1995 2074 δι-

2113 2021 2429 2077 Alexandri
2474 2021 2830 2090 Macedonis,
2855 1989 3027 2094 cujus
3058 2023 3238 2078 etiam
3269 2028 3596 2094 praeceptor
3628 1989 3761 2079 fuit;

353 2110 617 2175 δάσκαλος
645 2117 881 2187 γέγονεν·

426 2197 700 2273 Ἕϐδομος
733 2202 1125 2280 Ἀναξαγόρας,
1181 2202 1238 2265 ὅς
1285 2200 1534 2257 ἐκαλεῖτο
1586 2204 1753 2270 Νοῦς,
1812 2196 2000 2267 ἐπειδή

364 2287 505 2358 ὕλην
534 2290 621 2343 καί
650 2294 769 2344 νοῦν
821 2291 1038 2345 πάντων
1083 2289 1266 2365 ἀρχὴν
1319 2290 1407 2344 καὶ
1465 2288 1699 2364 φρουρὸν
1742 2288 1877 2356 εἷπε,
1911 2288 2001 2342 καὶ

352 2379 444 2432 τὸν
504 2378 598 2451 μὲν
650 2383 773 2433 νοῦν
831 2382 1113 2450 ποιοῦντα,
1170 2380 1267 2448 τὴν
1334 2375 1389 2432 δὲ
1457 2375 1594 2448 ὓλην
1682 2375 1999 2452 γινομένην.

349 2470 555 2524 Ὄντων
596 2469 703 2543 γὰρ
769 2467 985 2523 πάντων
1043 2468 1305 2544 ὁμοφυῶν
1367 2468 1394 2520 ὁ
1460 2470 1585 2530 νοῦς
1632 2464 1875 2522 ἐπελθὼν
1927 2461 2001 2518 δι-

344 2561 674 2633 εκόσμησεν.
711 2559 875 2623 Οὗτός
931 2558 1071 2614 ἐστιν
1128 2558 1185 2621 ὅς
1240 2560 1332 2613 τὸν
1392 2558 1554 2629 ἣλιον
1614 2559 1736 2613 εἷπε
1796 2554 1998 2632 μύδρον

342 2645 640 2721 διάπυρον,
710 2648 955 2705 τουτέστι
1006 2648 1232 2719 πύρινον
1284 2645 1454 2702 λίθοψ
1521 2644 1731 2722 μύδρος
1793 2646 1839 2701 δ’
1890 2645 1999 2700 ἐστῖ

337 2734 570 2812 σίδηρος
600 2736 765 2812 ἀργὸς
791 2735 1309 2812 πεπυρακτωμένος.
1341 2738 1413 2792 Τὸ
1449 2733 1495 2791 δ’
1523 2738 1676 2797 ἔπος·

328 2826 570 2884 Ἠέλιον
670 2827 935 2902 πυρόεντα
1016 2825 1222 2903 μύδρον
1309 2827 1441 2883 ποτὶ
1546 2827 1765 2904 φάσκεν-
1828 2827 1999 2901 ὑπάρ-

1816 2918 1891 2953 ειν

413 2990 519 3047 Καὶ
571 2987 661 3044 διὰ
734 2994 898 3045 τοῦτο
985 2993 1161 3053 θανεῖν
1228 2986 1430 3063 μέλλεν
1513 2899 1893 3064 Ἀναξαγὲξαέἶ

348 3079 433 3133 ὅτι
466 3080 559 3133 καὶ
595 3077 764 3152 μείζω
794 3085 894 3148 τῆς
944 3077 1366 3148 Πελοποννήσου
1420 3079 1513 3133 τὸν
1578 3075 1741 3146 ἣλιον
1797 3074 1999 3153 ἔλεγεν,

320 3166 499 3229 Οὗτος
535 3168 907 3241 Κλαζομένιος
950 3167 1025 3222 ὢν
1086 3166 1330 3242 ἀγέλαις
1391 3188 1449 3223 τε
1504 3166 1595 3223 καὶ
1627 3167 1883 3240 καμήλος
1937 3168 2003 3221 τὰ

329 3261 535 3314 ἑαυτοῦ
572 3258 758 3327 ἀνῆκε.
792 3258 920 3334 Περὶ
950 3258 1148 3315 τούτου
1198 3257 1302 3338 ἔφη
1364 3255 1750 3320 Ἀπολλώνιος
1783 3259 1810 3312 ὁ
1849 3259 2000 3315 Τυα-

2179 2111 2332 2167 278
2373 2111 2669 2183 Septimus
2712 2115 3111 2185 Anaxagoras,
3160 2118 3549 2185 cognomento
3581 2114 3764 2181 Mens,

2108 2200 2266 2272 quod
2289 2219 2381 2256 om
2393 2201 2775 2273 niumirerum
2787 2202 3149 2274 principium
3166 2218 3231 2257 ac
3248 2202 3763 2258 conservationem

2106 2291 2370 2346 materiae
2401 2308 2470 2346 ac
2504 2292 2687 2346 menti
2721 2292 3061 2362 ascriberet,
3097 2291 3180 2346 ita
3210 2291 3476 2362 quidem,
3522 2296 3587 2347 ut
3636 2292 3763 2347 haec

2110 2380 2393 2447 efﬁceret,
2428 2397 2497 2435 ex
2531 2380 2634 2436 illa
2683 2398 2775 2435 res
2806 2382 3035 2435 ﬁerent.
3095 2381 3322 2435 Etenim
3380 2397 3513 2435 cum
3564 2382 3767 2437 omnia

2111 2477 2310 2528 essent
2334 2472 2603 2542 ejusdem
2625 2478 2851 2527 naturas
2883 2480 2943 2525 et
2971 2472 3242 2539 confusa,
3274 2477 3539 2527 mentem
3563 2488 3766 2545 supcr-

2106 2561 2336 2617 venisse
2369 2577 2435 2616 ac
2466 2578 2535 2616 ea
2567 2561 2887 2632 secrevisse
2916 2567 2976 2614 et
3004 2561 3065 2615 in
3102 2560 3374 2615 ordinem
3424 2560 3764 2616 adduxisse.

2108 2652 2163 2705 Is
2193 2656 2284 2705 est
2308 2650 2408 2720 qui
2438 2650 2597 2713 dixit,
2618 2649 2804 2704 solem
2852 2665 2981 2704 esse
3013 2665 3271 2705 massam
3301 2648 3442 2703 ferri
3500 2650 3760 2704 canden-

2110 2746 2252 2807 tem,
2287 2738 2344 2793 id
2368 2745 2458 2794 est
2488 2738 2745 2810 lapidem
2777 2739 3036 2811 igneum.
3061 2739 3142 2793 Ea
3170 2738 3242 2793 de
3266 2755 3467 2794 versus
3492 2726 3767 2794 feruntur

2112 2828 2293 2883 tales:

2251 2918 2588 2973 Candentem
2616 2917 2758 2986 few-2'
2786 2934 3022 2973 massam
3046 2918 3195 2987 quod
3233 2918 3454 2972 dixerat
3479 2933 3587 2973 esse

2252 2988 2452 3058 Solem,
2482 2991 2580 3043 vix
2608 2996 2833 3043 mortem
2862 2991 3014 3058 fugit
3044 2990 3437 3058 Anaxagoras,

2109 3084 2168 3133 et
2224 3078 2384 3149 quod
2432 3078 2616 3133 solem
2677 3077 3087 3150 Peloponneso
3146 3078 3437 3149 majorem
3490 3077 3757 3134 dixisset.

2108 3167 2476 3223 Clazomenis
2524 3167 2812 3223 oriundus
2868 3167 2998 3221 fuit.
3033 3174 3217 3240 Agros
3276 3184 3412 3221 suos
3469 3167 3672 3222 ovibus
3704 3173 3763 3222 et

2110 3257 2354 3312 camelis
2421 3255 2746 3328 pascendos
2815 3255 3077 3326 reliquit.
3152 3256 3355 3326 Itaque
3409 3255 3759 3326 Apollonius

336 3346 464 3409 νεῦς
523 3341 822 3421 προϐάτοις
883 3346 1097 3421 μᾶλλον
1154 3345 1190 3417 ἤ
1259 3347 1567 3419 ἀνθρώποις
1610 3344 1996 3425 φιλοσοφῆσαι.

2113 3349 2375 3417 Tyaneus
2407 3364 2543 3402 eum
2566 3346 2769 3401 ovibus
2801 3345 2987 3417 magis
3016 3361 3192 3415 quam
3236 3344 3577 3399 hominibus
3626 3345 3756 3415 phi«

339 3437 397 3490 '0
433 3430 492 3490 δὲ
522 3429 764 3506 Θηϐαῖος
795 3435 1014 3509 Κράτης
1046 3437 1423 3491 κατεπόντωσε
1452 3436 1549 3505 τήν
1611 3435 1817 3506 οὐσίαν,
1877 3434 1999 3490 οὔτε

341 3519 648 3600 προϐάτοις
682 3527 917 3595 ποιήσας
944 3522 1230 3595 ἐπιτήδεια
1261 3521 1386 3580 οὕτε
1441 3524 1771 3599 ἀνθρώποις.
1827 3525 1999 3589 Οὗτος

336 3614 558 3685 ἤκμασε
587 3614 725 3669 κατὰ
755 3615 817 3670 τὸ
851 3619 1065 3689 πρῶτον
1126 3608 1247 3678 ἔτος
1298 3621 1396 3683 τῆς
1449 3621 1540 3685 πη“
1597 3611 1995 3688 Ὀλυμπιάδος·

330 3705 453 3758 καθ’
481 3702 539 3757 ὅν
571 3703 660 3757 καὶ
699 3702 926 3758 Πλάτων
963 3702 1179 3779 λέγεται
1210 3706 1551 3779 γεγενῆσθαι.

406 3797 494 3867 [Ρ.
533 3797 657 3868 159]
685 3790 917 3870 Ὄγδοος
946 3793 1282 3869 Ἀρχέλαος.
1316 3793 1492 3857 Οὗτος
1527 3791 1628 3874 ἔφη
1686 3795 1786 3864 τήν
1850 3795 1993 3867 μῖξιν

326 3890 432 3952 τῆς
466 3882 606 3950 ὕλης
636 3884 850 3956 ὁμοίως
880 3884 1241 3959 Ἀναξαγόρᾳ,
1273 3885 1362 3939 διάί
1427 3883 1524 3946 τὰς
1578 3884 1754 3959 ἀρχὰς
1816 3882 1991 3938 ὡσαύ-

321 3993 449 4035 τως.
487 3972 633 4042 Φησῖ
672 3969 846 4027 δὲκαὶ
901 3973 1024 4047 περὶ
1084 3978 1193 4028 τῶν
1264 3973 1420 4042 ζώων
1452 3973 1535 4027 ὅτι
1564 3971 1993 4048 Θερμαινομένης

324 4068 429 4130 τῆς
484 4067 588 4135 γῆς
645 4063 707 4115 τὸ
767 4066 981 4136 πρῶτον
1053 4060 1102 4115 ἐν
1161 4066 1241 4134 τῷ
1305 4061 1455 4116 κάτω
1516 4061 1689 4136 μέρει,
1749 4059 1887 4116 ὅπου
1928 4062 1990 4116 τὸ

320 4151 524 4226 θερμὸν
554 4151 650 4205 καὶ
698 4151 761 4206 τὸ
789 4151 1002 4226 ψυχρὸν
1067 4149 1349 4227 ἐμίσγετο,
1408 4151 1744 4229 ἀναφανῆναι
1806 4153 1872 4207 τά
1935 4172 1991 4206 τε

325 4244 438 4309 ζῶα
467 4240 561 4295 καὶ
592 4239 644 4294 οἰ
682 4237 981 4315 ἂνθρωποι,
1017 4241 1238 4311 ὕστερον
1272 4237 1329 4295 δὲ
1386 4240 1573 4302 αὐτοῖς
1641 4243 1676 4310 ἡ
1727 4238 1778 4313 ἒξ
1811 4239 1991 4312 ἀλλή-

324 4327 438 4383 λων
498 4327 706 4403 γένεσις
739 4327 1206 4401 ἐπηκολούθησεν.
1268 4331 1517 4404 Ἤκμαζε
1573 4327 1630 4384 δὲ
1683 4329 1772 4384 καὶ
1831 4329 1990 4391 αὐτὸς

320 4419 455 4473 κατὰ
515 4417 643 4480 τοὺς
713 4418 950 4495 ’χρόνους
1008 4418 1368 4497 Ἀναξαγόρα,
1459 4418 1705 4490 συνέταξε
1792 4417 1849 4476 δὲ
1900 4421 1991 4475 καὶ

318 4504 702 4584 φυσιολογίαν.

2108 3434 2485 3506 losophatum
2544 3433 2711 3487 dixit.
2747 3436 2820 3487 At
2848 3434 3049 3487 Crates
3106 3432 3420 3487 Thebanus
3477 3431 3537 3486 in
3597 3448 3760 3487 mare

2108 3522 2355 3592 abjectis
2379 3523 2502 3577 suis
2533 3522 2743 3595 opibus
2772 3537 2965 3592 neque
2998 3521 3191 3576 ovium
3222 3537 3416 3592 neque
3448 3521 3761 3576 hominum

2107 3611 2345 3667 utilitati
2402 3613 2686 3668 inserviit.
2738 3611 2966 3666 Floruit
3014 3612 3170 3666 circa
3216 3611 3475 3682 primum
3534 3626 3758 3666 annum

2108 3701 2473 3773 Olympiadis
2539 3701 2913 3773 octogesimas
2989 3705 3245 3765 octava);
3320 3716 3435 3771 quo
3491 3704 3757 3770 tempore

2106 3790 2285 3845 etiam
2314 3789 2476 3844 Plato
2508 3788 2804 3844 exstitisse
2837 3789 3075 3844 dicitur.

2177 3882 2424 3935 Octavus
2457 3879 2801 3935 Archelaus.
2852 3880 2953 3933 Hic
2985 3880 3346 3951 Anaxagora:
3398 3880 3754 3934 sententiam

2107 3970 2178 4025 de
2208 3970 2496 4024 mixtione
2528 3970 2794 4025 materiae
2827 3975 2885 4023 et
2910 3968 3221 4041 principiis
3252 3973 3489 4023 secutus
3521 3974 3628 4022 est.
3677 3969 3756 4022 De

2104 4058 2464 4114 animalibus
2495 4058 2662 4124 dixit,
2716 4075 2848 4112 cum
2878 4058 3137 4129 primum
3193 4063 3349 4111 terra
3411 4057 3758 4112 incaluisset

2104 4146 2240 4202 imis
2272 4146 2559 4218 partibus.
2588 4148 2689 4201 ubi
2718 4146 2979 4201 colidum
3008 4151 3064 4200 et
3093 4146 3375 4218 frigidum
3408 4148 3757 4202 commisce-

2101 4238 2339 4303 bantur,
2375 4236 2671 4291 exstitisse
2713 4242 2769 4289 et
2795 4235 3078 4290 animalia
3127 4241 3185 4289 et
3213 4236 3518 4290 homines:
3553 4240 3758 4306 postea

2102 4328 2173 4381 iis
2224 4327 2488 4381 evenisse
2546 4331 2613 4380 ut
2659 4326 2747 4380 sui
2783 4325 2978 4380 simile
3030 4331 3427 4397 procrearent
3493 4325 3752 4396 Equalis

2101 4417 2213 4472 fuit
2244 4420 2621 4488 Anaxagoras,
2657 4420 2715 4469 et
2746 4415 2963 4469 librum
2997 4415 3067 4469 de
3099 4421 3311 4470 natura
3340 4429 3538 4469 rerum
3590 4430 3753 4468 com-

2102 4508 2321 4577 posuit.

390 4598 653 4658 Ἐννατος
690 4594 941 4664 Πλάτων,
1003 4598 1249 4668 μαθητής
1314 4596 1662 4673 Σωκράτους·
1699 4598 1726 4651 ὁ
1771 4593 1829 4652 δὲ
1870 4602 1988 4651 Σω-

2170 4599 2371 4653 Nonus
2393 4597 2579 4663 Plato,
2606 4595 2935 4667 discipulus
2958 4595 3237 4660 Socratis,
3272 4595 3371 4665 qui
3397 4594 3751 4649 Archelaum

1537 4793 1900 4849 XYLANDRI
1939 4794 2025 4847 ET
2063 4794 2277 4848 GOARl
2319 4794 2538 4848 NOTIE.

384 4994 503 5059 (‘20)
534 4987 701 5062 Haud
733 4988 856 5062 scio
883 5005 959 5062 an
992 4988 1149 5043 hanc
1178 5004 1378 5062 vocem
1401 4989 1482 5062 de
1527 4988 1759 5044 Zodiaci
1792 4989 1978 5062 signis

316 5061 576 5141 {eluerit
603 5059 1209 5141 intg:llig_i.HCasterum
1245 5076 1315 5113 ex
1350 5060 1603 5141 Diogene
1627 5059 1877 5141 Laertia,
1912 5077 1980 5115 ex

314 5132 639 5188 Plutarcho
681 5130 753 5184 de
789 5130 1285 5202 philosophorum
1318 5130 1571 5202 placitis.
1608 5149 1676 5186 ex
1700 5134 1979 5186 Cicerone

310 5214 368 5258 et
396 5204 533 5258 aliis
566 5202 723 5257 malo
756 5209 1028 5274 repetere
1065 5203 1349 5256 lectorem
1384 5220 1453 5257 ea
1501 5220 1638 5273 qua)
1698 5204 1811 5257 huc
1844 5220 1977 5274 per-

311 5278 526 5336 tinent.
560 5290 743 5345 quam
797 5275 924 5343 ipse
1000 5275 1050 5326 ei
1116 5275 1230 5328 ista
1287 5275 1633 5329 annotando
1691 5275 1978 5329 molestus

306 5365 460 5403 esse.
497 5349 613 5401 Nec
654 5346 905 5401 mendas
964 5346 1209 5416 quidem
1271 5362 1479 5400 omnes
1532 5347 1853 5401 emendare
1882 5347 1977 5401 hic

308 5419 566 5478 institui.
598 5417 801 5487 qualia
833 5416 1098 5490 sunt__de
1163 5418 1601 5490 terraeforma,
1656 5417 1719 5470 τὸ
1781 5423 1977 5490 σχῆμα

306 5490 479 5558 αὐτῆς
533 5483 697 5562 ὒγρὸν
763 5484 1107 5562 στρογγύλον
1170 5483 1440 5562 χι-ονῶδεε
1502 5486 1638 5562 Nam
1686 5483 1976 5561 παράπλγςη

305 5581 444 5629 σιον,
509 5560 641 5631 qum
703 5560 986 5631 asterisco
1044 5560 1545 5631 notavirV'ersus
1606 5561 1677 5614 de
1738 5560 1971 5615 Anaxa-

300 5650 447 5709 gora
488 5630 629 5688 sunt
661 5630 939 5704 Diogenis
968 5630 1236 5684 Laer-tii.
1276 5630 1386 5685 Sed
1420 5632 1718 5686 distichon
1774 5639 1976 5703 poste-

2088 4989 2211 5043 rius
2243 4988 2531 5042 omissum
2566 4993 2675 5042 est.
2727 4988 2891 5043 Plato
2925 5004 3057 5059 non,
3095 4988 3302 5059 procul
3349 5006 3383 5043 a
3429 4991 3546 5045 ﬁne
3583 4991 3750 5045 Phas-

2093 5060 2264 5114 donis
2324 5060 2624 5115 Socratem
2669 5059 2812 5114 facit
2869 5059 2940 5113 de
3002 5058 3113 5114 illo
3159 5066 3531 5130 querentem,
3592 5062 3749 5131 quod

2092 5132 2164 5186 de
2198 5137 2396 5185 mente
2422 5131 2779 5186 sententiam
2811 5148 2933 5185 non
2967 5131 3272 5185 tenuisset.
3320 5132 3430 5185 Sed
3480 5134 3603 5186 haec
3630 5133 3746 5186 alio

2090 5204 2409 5274 pertinent.
2444 5202 2709 5258 Platonis
2743 5202 2911 5257 locus
2961 5218 3138 5272 quem
3161 5202 3490 5272 (ἷθὼερηιιεῖ
3507 5203 3647 5257 citat
3679 5220 3747 5257 ex

2092 5273 2359 5345 Legibus,
2393 5280 2484 5328 est
2531 5274 2762 5329 duabus
2793 5291 2826 5328 a
2885 5274 3178 5344 principio
3211 5274 3347 5327 libri
3374 5273 3448 5327 de
3502 5275 3748 5345 Legibus

2089 5348 2283 5415 quarti
2318 5346 2551 5427 paginis
2581 5348 2925 5427 (ρηᾘϐ-ςῖι.)
2953 5346 3033 5398 De
3075 5345 3191 5427 diis
3223 5345 3469 5427 deorum
3519 5353 3578 5399 et
3607 5347 3744 5427 (laeti

2088 5412 2367 5489 progenie
2398 5412 2561 5471 locus
2595 5412 2684 5472 ést
2714 5418 2773 5470 in
2804 5418 3037 5471 Mimaeo.
3061 5416 3273 5489 locus
3305 5415 3382 5489 de?
3405 5417 3540 5470 Jove
3580 5418 3713 5472 volu

2086 5486 2245 5543 orem
2280 5505 2517 5543 currum
2553 5494 2764 5558 agente
2798 5492 2885 5539 est
2920 5489 2971 5539 in
3008 5487 3227 5539 Pila-dri
3260 5488 3471 5559 pagina
3512 5495 3739 5559 quarta.

2084 5558 2219 5613 XVL.
