4142 6416
1727 367 2037 438 GEORGII
2080 367 2420 437 CEDBEN!

3665 373 3790 442 3:6

363 503 678 576 physicum
709 508 1032 576 audiverat,
1067 506 1221 568 279
1243 517 1301 566 et
1330 512 1596 568 omnium
1629 523 1871 568 suorum
1895 509 2014 565 dis-

2142 506 2336 582 εράτης
2393 510 2645 583 μαθητής
2701 507 3012 586 ’Δρχιλάου
3065 511 3164 564 τοῢ
3219 513 3474 588 φυσικοῦ·
3540 507 3671 590 ἴσχε
3725 510 3788 569 δὶ

367 593 702 666 cipulorum
734 599 1299 668 prmstantissimum
1349 599 1556 658 habuit
1599 601 1929 657 Platonem.
1964 595 2018 654 Is

366 683 624 740 universi
650 682 945 759 principia
969 690 1153 745 sensit
1173 692 1378 761 Deum,
1409 689 1718 747 materiam
1747 693 1806 746 et
1828 703 2024 744 exem»

370 773 515 845 plar,
547 775 704 846 qllod
736 781 794 831 et
841 777 1258 850 cogitationem
1317 777 1420 836 Dei
1475 783 1534 836 et
1581 780 1800 846 ideam,
1851 774 2019 850 quasi

370 864 624 936 efﬁgiem
657 867 996 936 quamdam,
1031 871 1311 942 appellat,
1363 872 1457 926 cui
1508 871 1803 926 intentum
1835 869 2019 924 Deum

372 954 575 1010 omnia
629 954 982 1012 fabricatum
1012 958 1114 1014 ait.
1168 961 1352 1015 Deum
1411 959 1698 1032 corporis,
1734 959 1934 1031 ﬁgurae
1965 960 2022 1012 et

371 1043 646 1099 interitus
679 1053 982 1116 expertem
1042 1047 1202 1114 facit,
1235 1067 1303 1105 ac
1360 1067 1536 1121 quem
1569 1049 1678 1104 soli
1725 1049 2023 1119 sapientes

373 1149 726 1206 cognoscere
759 1139 997 1206 queant.
1023 1137 1109 1192 Ab
1137 1137 1248 1193 hoc
1271 1134 1416 1194 dicit
1438 1135 1780 1194 universum
1803 1135 2023 1192 factum

373 1237 502 1277 esse
535 1227 592 1277 et
622 1225 939 1296 temperari
973 1226 1221 1298 ejusque
1253 1227 1621 1300 providentia
1669 1227 1813 1299 regi.
1847 1225 2027 1281 Mate—

370 1313 518 1367 riam
543 1315 809 1368 omnium
839 1328 1038 1370 rerum
1063 1315 1417 1387 subjectum,
1443 1331 1619 1388 quam
1649 1321 1705 1371 et
1733 1316 2025 1371 nutricem

373 1401 687 1468 nominat;
747 1417 863 1474 qua
919 1405 1124 1460 formis
1182 1405 1460 1462 distincta
1525 1403 1717 1478 primo
1775 1411 2030 1476 quatuor

376 1492 673 1548 elementa
696 1498 844 1558 orta,
871 1509 939 1548 ex
979 1493 1072 1550 his
1094 1489 1310 1552 deinde
1344 1497 1634 1551 mundum
1667 1493 2024 1550 confectum.

380 1581 474 1636 Sic
502 1580 563 1635 in
593 1580 746 1637 libro
772 1583 842 1637 de
879 1580 1125 1655 Legibus
1154 1585 1360 1640 scribit
1385 1603 1397 1640 :
1431 1607 1458 1636 α
1491 1586 1644 1640 Deus
1669 1583 1932 1656 quidem,
1963 1583 2031 1638 ut

380 1671 624 1741 antiquo
658 1671 836 1727 etiam
893 1689 1168 1729 sermone
1219 1673 1584 1746 perhibetur,
1644 1672 2026 1746 principium,

381 1758 558 1815 tinem
619 1777 684 1815 ac
716 1757 978 1817 medium
1029 1763 1296 1818 omnium
1328 1775 1527 1818 rerum
1560 1761 1808 1831 habens,
1868 1765 2030 1816 recta

2127 598 2342 652 πάντων
2395 603 2504 654 τῶν
2565 600 2818 672 μαθητῶν
2907 597 3236 674 ἱκανώτερον
3325 599 3417 654 τὸν
3499 598 3790 661 Πλάτωνα.

2130 683 2302 748 Οὗτος
2333 685 2510 766 ἀρχὰς
2572 687 2708 743 εἶναι
2750 691 2848 740 τοῦ
2903 689 3101 748 παντὸς
3157 688 3286 743 Θεὸν
3337 689 3428 744 καὶ
3496 689 3634 763 ὅλην
3691 691 3787 748 καὶ

2130 772 2498 851 παράδειγμα,
2529 777 2559 832 ὃ
2589 776 2681 832 καὶ
2711 769 2914 831 ἔννοιαν
2943 779 3042 832 τοῦ
3107 781 3242 832 Θεοῦ
3285 778 3376 832 καὶ
3435 776 3578 834 ἰδέαν
3601 779 3784 849 καλεῖ,

2131 861 2255 918 οἷον
2288 861 2575 940 εῗκόνισμά
2603 879 2678 934 τι,
2739 865 2784 938 ᾧ
2833 865 3151 940 προσέχων,
3208 862 3392 944 φησὶν,
3455 867 3484 922 ὁ
3536 870 3666 932 Θεὸς
3721 870 3791 926 τὰ

2131 952 2305 1008 πάντα
2344 951 2772 1030 ἓδημιούργησε.
2840 954 2941 1011 Καὶ
3000 953 3092 1009 τὸν
3153 956 3246 1028 μιν
3305 956 3436 1010 Θεὸν
3493 958 3788 1030 ἀσώματον

2131 1043 2221 1098 καὶ
2289 1039 2526 1098 ἀνείδεον
2584 1044 2675 1098 καὶ
2734 1042 3004 1122 ἄφθαρτον
3061 1045 3153 1098 καὶ
3211 1045 3398 1118 μόνοις
3449 1051 3640 1121 σοφοῖς
3697 1047 3795 1103 ἀνι·

2137 1130 2688 1207 δράσικαταληπτὸν,
2749 1135 2880 1190 Θεὸν
2953 1135 3048 1208 μέν
3109 1133 3288 1210 λέγων
3338 1137 3431 1192 τὸν
3491 1139 3798 1208 ποιήσαντα

2135 1222 2222 1277 καὶ
2285 1220 2728 1297 διακοσμήσαντα
2786 1213 2909 1278 τόδε
2967 1224 3028 1278 τὸ
3087 1228 3188 1278 πᾶν
3247 1224 3336 1279 καὶ
3395 1227 3801 1300 προνοούμενον

2135 1311 2326 1377 αὐτοῦ,
2357 1311 2494 1382 ὕλην
2530 1309 2587 1367 δὲ
2629 1313 2727 1380 τὴν
2783 1315 2946 1366 πᾶσιν
3005 1312 3390 1387 ὒποκειμένην,
3451 1315 3519 1385 ἢν
3573 1318 3800 1388 τιθήνην

2135 1400 2315 1467 καλεῖ,
2389 1397 2441 1471 ἑξ
2498 1401 2566 1470 ἧς
2623 1397 3090 1472 διακοσμηθείσης
3150 1405 3399 1478 γενέσθαι
3456 1403 3521 1458 τά
3571 1405 3804 1480 τέσσαρα

2140 1495 2390 1563 στοιχεῖα
2448 1489 2500 1563 ἐξ
2559 1491 2632 1544 ὢν
2675 1490 2994 1561 συνέστηκεν
3061 1491 3088 1544 ὁ
3145 1491 3374 1565 κόσμος,
3435 1493 3508 1556 ὡς
3567 1490 3618 1548 έν
3679 1493 3803 1557 τοῖς

2139 1578 2350 1650 Νόμοις
2380 1575 2560 1654 λέγει⁸
2594 1603 2613 1628 ι
2665 1578 2726 1635 'U
2756 1577 2850 1651 μὲν
2895 1574 2960 1647 δὴ
3009 1579 3162 1645 Θεὸς,
3217 1579 3400 1656 ὥσπερ
3456 1581 3546 1636 καὶ
3605 1581 3633 1637 6
3693 1601 3800 1636 πα-

2138 1664 2297 1729 λαιὸς
2332 1661 2519 1741 λόγος,
2555 1667 2734 1742 ἀρχήν
2793 1685 2852 1722 τε
2909 1668 2997 1722 καὶ
3047 1665 3310 1739 τελευτὴν
3352 1669 3442 1724 καὶ
3501 1673 3635 1744 μέσα
3686 1673 3799 1726 τῶν

2138 1751 2310 1811 ὄντων
2369 1755 2620 1811 ἁπάντων
2676 1751 2846 1826 ἔχων,
2903 1753 3110 1821 εὐθεῖαν
3169 1758 3409 1834 περαίνει
3440 1761 3575 1814 κατὰ
3634 1760 3798 1838 φύσιν

377 1848 703 1904 secundum
763 1855 1038 1906 naturam
1097 1851 1472 1924 progreditur
1523 1851 1632 1908 via.
1669 1847 1833 1907 Hunc
1891 1865 2028 1906 vero

2142 1844 2652 1922 περιπορευόμενος.
2711 1850 2800 1918 Τῷ
2865 1843 2923 1901 δὶ
2980 1845 3058 1900 ἀεὶ
3119 1848 3393 1916 ξυνέπεται
3465 1848 3622 1918 Δίκη,
3681 1851 3794 1904 τῶν

379 1953 616 2009 semper
667 1939 985 1995 comitatur
1033 1939 1288 2012 justitia,
1352 1955 1555 1997 eorum
1617 1941 1784 2012 quia
1831 1938 2031 1996 divina

379 2028 752 2084 desciverunt
808 2028 938 2102 lege
967 2029 1168 2085 ultrix.
1203 2031 1370 2100 Eam,
1429 2031 1771 2102 quicunque
1820 2029 2031 2084 beatus

378 2123 466 2172 est
498 2118 750 2182 iuturus,
773 2115 1090 2176 observans
1123 2117 1432 2176 humiliter
1451 2137 1518 2176 ac
1541 2120 1866 2192 composite
1897 2119 2036 2175 sub-

379 2207 667 2277 sequitur.
702 2206 757 2261 Si
791 2207 924 2278 quis
953 2221 1088 2264 vero
1111 2209 1450 2282 arrogantia
1473 2207 1663 2264 elatus
1695 2214 1797 2264 aut
1817 2209 2031 2280 Opibus

380 2295 731 2366 superbiens
754 2297 1094 2368 petulanter
1119 2299 1373 2365 incedat,
1395 2299 1444 2354 is
1467 2316 1500 2354 a
1525 2301 1640 2353 Deo
1663 2298 1971 2354 deseritur.
2001 2320 2029 2348 »

379 2385 668 2439 Caeterum
701 2385 1010 2442 materiam
1035 2388 1207 2459 juxta
1236 2383 1354 2443 Deo
1386 2395 1686 2452 aeternam,
1713 2383 2031 2442 mundum-

380 2487 495 2544 que
526 2489 763 2547 semper
790 2475 972 2531 fuisse
1003 2477 1238 2544 asserit,
1287 2478 1388 2548 qui
1420 2477 1496 2532 sit
1527 2491 1598 2533 ex
1633 2477 1882 2532 materia
1912 2477 2030 2532 fac-

380 2568 491 2617 tus.
539 2562 663 2617 Jam
725 2565 883 2635 quod
935 2579 1246 2636 nunquam
1302 2566 1496 2638 cmpit,
1559 2571 2030 2622 consentaneum

378 2652 534 2707 haud
557 2652 732 2706 dubie
757 2655 846 2709 est
869 2653 929 2708 id
955 2667 1256 2726 nunquam
1295 2656 1647 2712 desiturum.
1689 2654 1851 2711 Alios
1882 2665 2030 2727 quo-

379 2757 493 2812 que
516 2739 782 2798 infinitos
813 2742 956 2798 deos
973 2743 1199 2812 statuit,
1225 2749 1291 2800 ut
1311 2759 1446 2801 cum
1472 2744 1652 2800 dicit:
1676 2743 1763 2800 Dii
1784 2741 2030 2801 deorum

377 2851 630 2904 quorum
663 2851 768 2906 ego
799 2836 994 2906 opifex
1027 2843 1084 2893 et
1114 2843 1302 2908 pater.
1327 2838 1662 2909 Aliquando
1699 2844 1758 2894 et
1787 2837 1962 2894 deﬂui
1977 2843 2030 2893 te

377 2923 582 2978 dicens
612 2921 854 2995 Magnus
903 2921 1145 2996 quidem
1177 2923 1238 2981 in
1289 2926 1432 2982 coelo
1457 2923 1686 2999 Jupiter
1730 2923 2031 2983 volucrem

377 3026 618 3064 currum
650 3027 850 3084 agens.
884 3009 1030 3067 Item
1063 3030 1197 3068 cum
1231 3019 1504 3070 recenset
1535 3014 1750 3070 seriem
1785 3017 1931 3071 cmio
1957 3031 2032 3070 ac

375 3105 533 3154 terra
565 3105 1006 3172 prognatorum.
1043 3102 1196 3158 280
1229 3101 1412 3159 Unico
1445 3101 1562 3160 Deo
1595 3107 1816 3161 statuto
1849 3105 2033 3160 intro-

373 3187 538 3244 ducit
566 3189 742 3245 etiam
776 3196 948 3246 natos
1001 3189 1182 3260 deos;
1236 3191 1454 3264 quibus
1505 3211 1639 3249 cum
1691 3192 2028 3250 intereundi

2139 1933 2604 2008 ἀπολειπομένων
2632 1938 2730 1990 τοῦ
2763 1935 2909 1990 θείου
2942 1934 3116 2008 νόμου
3143 1936 3411 2012 τιμωρός.
3453 1941 3558 1998 Ἦς
3609 1937 3637 1992 ὁ
3699 1937 3797 2012 μὶν

2137 2017 2556 2096 εὐδαιμονήσειν
2598 2021 2820 2097 μέλλων
2880 2021 3148 2100 ἐχόμενος
3209 2025 3484 2097 ξυνέπεται
3531 2031 3799 2089 ταπεινῶς

2135 2112 2221 2167 καὶ
2269 2111 2717 2185 κεκοσμημέναις·
2777 2111 2822 2167 εἶ
2885 2109 2941 2167 δέ
2996 2133 3079 2175 τις
3137 2111 3374 2190 ἐξαρθεὶς
3428 2113 3530 2170 ὑπὸ
3591 2113 3797 2194 μεγαλ·

2139 2201 2337 2276 αυχίας
2395 2198 2432 2270 ἤ
2483 2203 2764 2277 χρήμασιν
2825 2200 3184 2276 ἐπαιρόμενος
3248 2205 3366 2275 μεθ’
3431 2201 3640 2281 ὕϐρεως
3690 2227 3800 2260 πο-

2141 2290 2371 2364 ρεύεται,
2408 2287 2618 2366 ἔρημος
2651 2291 2811 2352 οὗτος
2869 2295 2988 2362 θεῷ
3043 2289 3514 2350 καταλείπεται.»
3574 2297 3683 2365 Τήν
3744 2291 3803 2350 δὶ

2139 2378 2279 2450 ὓλην
2321 2380 2627 2455 σύγχρονον
2673 2385 2752 2452 τῷ
2795 2384 2912 2452 Θεῷ
2939 2380 3027 2436 καὶ
3094 2383 3186 2436 τὸν
3245 2382 3450 2458 κόσμον
3509 2381 3799 2462 ἀγέννητον

2140 2468 2308 2545 λέγει’
2357 2465 2416 2524 ἐκ
2471 2469 2574 2544 γὰρ
2629 2475 2730 2538 τῆς
2796 2468 2930 2536 ὕλης
3019 2471 3329 2526 συνεστάναι
3390 2472 3554 2550 φησὶν
3614 2473 3798 2530 αὐτόν.

2141 2561 2232 2631 Τῷ
2264 2557 2319 2613 δὲ
2351 2558 2629 2635 ἀγεννήτῳ
2658 2557 2950 2615 ἀκολουθεῖ
2978 2561 3199 2623 πάντως
3253 2560 3344 2616 καὶ
3383 2560 3444 2617 τὸ
3503 2561 3798 2640 ἄφθαρτον.

2137 2648 2198 2705 Ὁ
2257 2646 2420 2710 αὐτὸς
2480 2647 2831 2726 ἀποφαίνεται
2885 2648 2975 2703 καὶ
3035 2647 3248 2712 ἄλλους
3280 2647 3569 2725 ἀορίστους
3619 2649 3798 2724 θεοὺς,

2139 2737 2266 2792 ’ὁταν
2299 2735 2471 2813 λέγει·
2505 2761 2535 2790 ιι
2568 2735 2690 2793 Θεοῖ
2723 2740 2877 2806 θεῶν,
2911 2739 2988 2793 ὧν
3019 2737 3132 2813 ἐγὼ
3184 2737 3532 2815 δημιουργός
3587 2757 3648 2796 τε
3703 2742 3796 2797 καὶ

2138 2829 2341 2903 πατήρ.
2379 2850 2407 2878 n
2453 2827 2656 2884 Ἐνίοτε
2708 2817 2766 2882 δε
2831 2828 2922 2882 καὶ
2981 2827 3338 2905 ὡρισμένους,
3399 2829 3640 2908 φάσκωνδ
3673 2855 3701 2883 α
3735 2829 3796 2891 ’0

2143 2915 2238 2988 μὶν
2266 2909 2333 2984 δὴ
2369 2914 2538 2990 μέγας
2572 2914 2623 2970 έν
2656 2914 2868 2990 οὐρανῷ
2904 2917 3034 2979 Ζεὺς
3064 2917 3270 2986 πτηνὸν
3297 2916 3443 2992 ἅρμα
3475 2917 3728 2974 ἐλαύνων·
3762 2942 3790 2970 ››

2138 3003 2229 3058 καὶ
2272 2998 2395 3059 ὅταν
2434 2998 2737 3082 γενεαλογῇ
2794 3003 2921 3066 τοὺς
2971 3003 3218 3080 Οὐρανοῦ
3271 2999 3472 3071 παῖδας
3524 3008 3618 3062 καὶ
3669 3006 3797 3077 Γῆς.

2143 3093 2426 3162 Συστῆσας
2456 3090 2513 3148 δὶ
2540 3093 2632 3148 τὸν
2667 3087 2758 3147 ἕνα
2816 3091 2945 3148 Θεὸν
3003 3089 3200 3168 εἰσάγει
3258 3089 3346 3149 καί
3401 3090 3556 3158 θεοὺς
3610 3114 3804 3172 γεννη-

2141 3179 2290 3252 τοὺς,
2347 3179 2439 3237 καὶ
2495 3176 2584 3236 διὰ
2639 3183 2732 3255 μέν
2785 3186 2882 3238 τοῦ
2951 3185 3270 3259 γεγενῆσθαι
3333 3183 3528 3249 αὐτοὺς
3585 3183 3802 3248 πάντως

377 3279 795 3336 necessitatem
847 3286 1011 3337 ortus
1059 3297 1202 3337 suus
1253 3282 1541 3354 imponat,
1598 3300 1698 3338 eos
1730 3284 2031 3340 voluntate

2151 3248 2385 3347 ἀνάγκην
2441 3268 2588 3346 ἔχειν
2639 3248 2737 3326 ’καί
2789 3248 3078 3347 φθαρῆναι,
3265 3268 3321 3327 δὲ
3377 3271 3476 3343 τὴν
3537 3271 3808 3348 βούλησιν

386 3369 482 3424 Dei
498 3369 867 3426 immortales
881 3370 1255 3444 rediginem
1276 3371 1533 3428 universi
1549 3369 1828 3445 Opificem
1841 3389 2045 3429 curam

380 3475 578 3513 rerum
611 3455 1010 3514 humanarum
1043 3476 1251 3532 gerere
1305 3477 1372 3517 ac
1405 3457 1704 3533 patienter
1753 3459 2044 3534 quosdam

380 3547 686 3620 improbos
717 3545 1074 3605 etsceiestos
1105 3548 1259 3606 ferre
1277 3549 1573 3619 ostendit;
1616 3558 1740 3607 tum
1774 3551 1916 3624 quid
1944 3567 2042 3607 eos

371 3635 573 3692 damni
608 3642 954 3705 maneat,ac
985 3639 1239 3696 exitium
1283 3657 1402 3711 quo
1436 3635 1675 3696 tandem
1699 3640 1818 3696 sint
1849 3639 2046 3696 fundi.

377 3731 466 3780 tus
497 3723 769 3798 perituri,
827 3727 1201 3784 demonstrat
1239 3746 1254 3795 ;
1288 3723 1606 3800 docetque,
1671 3733 1868 3785 tamen
1931 3727 2040 3785 etsi

377 3814 731 3886 aliquandiu
761 3816 1078 3872 videantur
1127 3815 1284 3873 beati
1322 3834 1450 3873 esse
1501 3818 1670 3887 tales,
1706 3837 1808 3874 eos
1841 3825 2041 3874 tamen

379 3911 515 3976 pest
542 3904 785 3976 aliquod
817 3909 1052 3979 tempus
1083 3907 1243 3979 ipsos
1276 3908 1520 3962 domum
1555 3907 1886 3980 urbemque
1911 3927 2039 3981 pes-

383 3993 760 4051 sundaturos.
787 3994 946 4050 idem
971 3995 1034 4050 in
1065 3997 1370 4051 Phaedone
1396 3995 1638 4052 scribit:
1669 4022 1687 4047 ι
1723 3997 1776 4052 is
1800 3995 2040 4068 quidem

383 4083 483 4154 qui
517 4081 701 4139 sacris
733 4082 1003 4141 initiatus
1029 4087 1086 4142 et
1117 4085 1402 4142 lustratus
1427 4103 1547 4142 non
1580 4093 1688 4154 est,
1717 4082 1789 4142 ad
1818 4085 2041 4142 inferos

384 4171 655 4240 devenit;
685 4173 822 4231 inde
884 4173 1146 4247 migrans
1213 4195 1346 4232 cum
1379 4175 1496 4233 Deo
1547 4175 1858 4233 habitabit.
1913 4199 1941 4227 ‹‹
1972 4173 2044 4235 Et

379 4279 622 4318 rursus:
659 4286 686 4313 ‹‹
719 4264 824 4330 Qui
878 4263 1034 4320 enim
1062 4263 1222 4338 justo
1275 4283 1340 4321 ac
1375 4271 1579 4322 sancte
1628 4263 1790 4331 vixit,
1826 4267 1874 4320 is
1907 4268 2041 4338 post

384 4357 632 4408 mortem
649 4355 804 4426 apud
821 4353 1390 4425 insulasbeatorum,
1419 4355 1616 4411 omnis
1640 4354 1780 4410 mali
1806 4372 2037 4427 expers,

384 4441 440 4495 in
471 4459 702 4497 summa
734 4443 1017 4500 felicitate
1048 4445 1222 4500 vitam
1257 4445 1453 4501 ducet.
1486 4445 1594 4510 Qui
1627 4447 1823 4500 autem
1858 4443 2039 4516 impie

384 4537 442 4584 et
472 4531 693 4604 injuste
721 4532 883 4601 vixit,
917 4533 968 4588 is
999 4533 1072 4587 ad
1093 4533 1306 4605 judicii
1339 4550 1662 4598 carcerem,
1687 4551 1864 4606 quem
1897 4533 2035 4590 Tar-

2149 3362 2244 3416 τοῦ
2276 3363 2409 3416 Θεοῦ
2470 3361 2765 3422 ἀθανάτους
2821 3359 2985 3417 πάλιν
3016 3359 3168 3419 εἶναι.
3229 3357 3290 3420 Ὀ
3349 3362 3512 3426 αὐτὸς
3567 3364 3658 3418 καὶ
3717 3363 3812 3419 τὸν

2147 3453 2250 3504 τοῦ
2280 3450 2480 3514 παντὸς
2511 3449 2862 3525 Δημιουργὸν
2921 3443 3154 3505 δείκνυσι
3213 3449 3492 3525 κηδεμόνα
3551 3453 3641 3508 καὶ
3706 3473 3810 3528 μα-

2148 3537 2422 3615 κρὸθυμον
2459 3537 2545 3595 ἐπί
2603 3557 2767 3594 τινων
2825 3535 3052 3607 ἀδίκων,
3112 3535 3203 3595 καὶ
3262 3539 3362 3610 τήν
3396 3540 3637 3596 ἐντεῦθεν
3705 3543 3816 3598 σύ-

2147 3633 2266 3694 τοῖς
2293 3632 2733 3706 προσγινομένης
2765 3624 2980 3706 βλάϐην
3019 3625 3105 3686 καὶ
3175 3631 3276 3700 τῆν
3337 3629 3623 3707 ἐσύστερον
3679 3633 3810 3688 τοῦ-

2149 3741 2264 3783 τοις
2293 3720 2690 3799 ἐπιφερομένην
2722 3717 3124 3791 πανωλεθρίαν,
3172 3719 3262 3776 καὶ
3305 3717 3390 3776 ὅτι
3449 3722 3493 3777 εἶ
3535 3721 3620 3778 καὶ
3659 3719 3812 3777 δοκεῖ

2149 3827 2286 3863 τισιν
2320 3805 2621 3884 εἶναιπρὸς
2659 3810 2850 3883 μικρὸν
2885 3807 2912 3864 ὸ
2975 3805 3183 3877 ἃδικος,
3213 3807 3342 3865 ἀλλ’
3375 3808 3467 3865 οὗν
3503 3811 3637 3883 μετά
3681 3829 3810 3866 τινα

2147 3897 2348 3973 χρόνον
2379 3897 2566 3954 eam
2594 3915 2651 3954 τε
2682 3899 2773 3952 καὶ
2809 3895 2958 3952 οἷκον
2990 3897 3082 3952 καὶ
3103 3896 3268 3954 πόλιν
3300 3893 3474 3973 ἄρδην
3507 3895 3808 3955 ἀνάστατον

2147 3989 2312 4042 ποιεῖ.
2343 3985 2404 4046 Ὀ
2435 3986 2596 4050 αὐτὸς
2627 3983 2680 4042 έν
2706 3987 2785 4060 τῷ
2820 3981 3046 4060 [Ρ.160]
3080 3981 3330 4042 Φαίδωνι
3365 3988 3554 4065 φησί-ι’
3584 4011 3605 4038 ι
3627 3987 3685 4044 ’()
3713 3987 3810 4061 μὲν

2147 4075 2431 4141 ἀτέλεστος
2459 4078 2548 4132 καὶ
2609 4073 2905 4151 ἀκᾶθαρτος
2964 4075 3040 4138 εἰς
3103 4073 3236 4148 ᾅδου
3292 4075 3638 4156 ἀφικόμενος,
3701 4075 3813 4133 ἐκεῖ

2149 4165 2574 4241 μεταχωρήσας,
2611 4165 2743 4239 μετὰ
2771 4167 2908 4221 Θεοῦ
2936 4163 3167 4234 οἰκήσει.
3205 4189 3234 4216 ››
3294 4166 3394 4221 Καὶ
3457 4161 3630 4230 οὗθις,
3654 4191 3680 4218 ‹‹
3703 4166 3809 4222 Τὸν

2149 4253 2244 4327 μὲν
2276 4251 2378 4331 γὰρ
2421 4253 2649 4316 δικαίως
2707 4251 2799 4309 τὸν
2861 4251 2981 4329 βίον
3041 4251 3415 4324 διεληλυθότα
3473 4255 3563 4312 καὶ
3621 4255 3813 4325 ὁσίως,

2145 4337 2360 4399 ἐπειδὰν
2417 4342 2748 4418 τελευτήσῃ,
2813 4343 2888 4406 εἰς
2952 4345 3208 4420 μακάρων
3264 4347 3466 4416 νήσους
3542 4345 3708 4401 οἰκεῖν
3763 4342 3818 4400 ἐν

2145 4433 2288 4507 πάσῃ
2323 4431 2667 4506 εὐδαιμονίᾳ,
2707 4437 2890 4488 κακῶν
2949 4429 3122 4504 ἐκτὸς,
3183 4431 3277 4489 τὸν
3331 4429 3389 4489 δὲ
3444 4433 3648 4497 ἀδίκως
3722 4429 3814 4490 καί

2143 4523 2316 4585 ἀθέως
2349 4524 2425 4586 εἰς
2451 4523 2514 4578 τὸ
2543 4530 2643 4592 τῆς
2675 4523 2906 4596 κρίσεώς
2935 4544 2994 4578 τε
3051 4523 3142 4578 καὶ
3203 4521 3364 4594 δίκης
3407 4522 3812 4599 δεσμωτήριον,

384 4601 578 4674 tarum
610 4617 841 4689 dicunt,
873 4628 1050 4692 atque
1092 4601 1167 4676 ad
1217 4623 1618 4678 Acherontem
1667 4601 1725 4678 et
1757 4623 2033 4694 Cocytum

2146 4608 2273 4682 ὅδή
2305 4609 2576 4688 Τάρταρον
2633 4603 2890 4672 καλοῦσι,
2941 4613 3029 4668 καὶ
3089 4612 3167 4675 είς
3221 4613 3311 4668 τὸν
3366 4613 3662 4690 Ἀχέροντα
3716 4614 3813 4669 καὶ

378 4709 796 4781 proficiscitur.
834 4733 860 4759 ιι
924 4712 1238 4766 Daemones
1287 4729 1527 4783 quoque
1586 4712 1753 4767 Plato
1787 4713 2045 4784 agnovit:

378 4799 528 4853 alios
558 4799 768 4867 bonos,
804 4800 993 4856 malos
1025 4801 1193 4855 alios.
1227 4802 1506 4856 Animam
1539 4801 1864 4872 aliquando
1911 4807 2046 4857 ortu

383 4889 747 4959 interituque
780 4905 981 4945 carere
1032 4891 1399 4960 pronuntiat,
1453 4891 1610 4945 utin
1665 4891 1757 4946 his
1808 4892 2042 4946 verbis:

384 5001 408 5024 α
445 4977 650 5033 Omnis
679 4979 879 5034 anima
910 4979 1269 5034 immortalis
1295 4983 1402 5034 est.
1430 4979 1596 5045 Quod
1620 4981 1777 5035 enim
1807 4992 2047 5051 semper

383 5075 671 5138 movetur,
706 5067 764 5122 id
791 5067 1130 5122 immortale
1164 5073 1274 5122 est.
1312 5089 1338 5116 ‹‹
1377 5067 1712 5139 Aliquando
1745 5069 1797 5124 ei
1845 5075 2042 5124 ortum

383 5159 813 5230 interitumque
847 5155 1074 5220 tribuit,
1109 5157 1378 5227 respectu
1423 5151 1650 5212 scilicet
1695 5157 1907 5214 divinae
1940 5175 2038 5214 vo-

383 5249 648 5304 luntatis.
687 5247 850 5303 Alios
912 5246 1326 5318 compositura,
1385 5253 1610 5312 natam,
1662 5247 1877 5300 interni
1936 5245 2039 5300 ob-

380 5339 640 5402 noxiam,
687 5353 896 5392 rursus
953 5335 1391 5401 immortalem;
1446 5336 1744 5407 judicium
1801 5348 2038 5406 quoque

379 5433 512 5495 post
541 5433 791 5482 mortem
837 5426 990 5490 ﬂeri,
1024 5431 1080 5480 et
1130 5441 1260 5480 esse
1301 5425 1456 5496 apud
1501 5424 1725 5480 inferos
1779 5421 2039 5480 tribunal

381 5512 732 5581 affirmat,ac
751 5515 938 5571 bonas
959 5513 1202 5585 quidem
1222 5514 1454 5571 animas
1468 5513 1683 5569 bonam
1704 5511 2036 5569 mercedem

385 5602 690 5670 consequi,
716 5603 904 5656 malas
926 5603 1104 5675 digna
1127 5603 1437 5674 supplicia.
1463 5602 1662 5657 Tradit
1685 5603 1863 5658 etiam
1883 5619 2039 5656 mor-

391 5690 626 5741 tuorum
656 5688 810 5744 284
841 5690 1072 5746 animas
1111 5691 1259 5747 alias
1310 5693 1370 5746 in
1397 5690 1513 5748 alia
1541 5709 1792 5764 corpora
1838 5691 2036 5747 immi-

2159 4700 2584 4756 Κωκυτὸνίέναι.
2625 4723 2649 4754 ι
2709 4701 2772 4758 Ὀ
2828 4701 2992 4763 αὐτὸς
3047 4699 3414 4778 παραδέχεται
3473 4703 3562 4758 καὶ
3622 4703 3811 4784 φύσεις

2157 4781 2454 4862 δαιμόνων,
2483 4789 2574 4845 καὶ
2604 4791 2732 4853 τοὺς
2769 4791 2864 4863 μὲν
2896 4789 3070 4844 αὐτῶν
3102 4791 3340 4866 ἀγαθοὺς
3373 4791 3526 4861 εἶναι,
3583 4781 3710 4856 τοὺς
3751 4791 3811 4850 δὲ

2155 4880 2417 4959 φαύλους
2479 4879 2568 4934 καὶ
2625 4881 2726 4949 τὴν
2785 4882 2972 4955 ψυχὴν
3031 4881 3165 4934 ποτὲ
3241 4881 3336 4952 μὲν
3397 4879 3664 4959 ἂφθαρτον
3719 4881 3811 4938 καὶ

2154 4969 2471 5044 ἀγέννητον,
2505 4967 2629 5024 ὅταν
2684 4968 2836 5045 λέγτν
2891 4989 2921 5021 α
2979 4970 3149 5044 Ψυχὴ
3206 4974 3352 5024 πᾶσα
3410 4972 3692 5035 ἀθάνατος·
3749 4973 3815 5027 τὸ

2151 5061 2251 5136 γὰρ
2313 5062 2621 5132 ἀεικίνητον
2676 5053 2769 5116 καί
2827 5059 3112 5115 ἀθάνατον·
3167 5080 3198 5112 ιι
3251 5061 3386 5117 ποτὶ
3440 5059 3498 5118 δὶ
3549 5064 3816 5140 γεννητὴν

2151 5147 2241 5206 καὶ
2294 5148 2564 5228 ἄφθαρτον
2618 5145 2706 5206 διὰ
2762 5151 2862 5220 τὴν
2921 5154 3018 5206 τοῦ
3075 5155 3210 5206 Θεοῦ
3268 5151 3558 5228 βούλησιν,
3608 5149 3815 5210 ἄλλοτε

2151 5241 2402 5296 σύνθετοι
2432 5242 2522 5296 καὶ
2556 5243 2821 5317 γεννητὴν
2843 5241 2934 5295 καὶ
2992 5241 3234 5318 φθαρτὴν
3295 5241 3385 5297 καὶ
3417 5241 3582 5299 πάλιν
3614 5243 3814 5299 ἀθάνα-

2149 5351 2263 5386 τον.
2300 5331 2403 5386 Καὶ
2435 5331 2616 5404 κρίσιν
2650 5329 2813 5405 φησὶν
2844 5330 2985 5384 εἶναι
3022 5328 3158 5402 μετὰ
3201 5333 3300 5400 τὴν
3343 5331 3600 5401 τελευτὴν
3635 5335 3724 5388 καὶ
3757 5332 3811 5388 έν

2153 5417 2284 5490 ᾆδον
2328 5417 2824 5492 δικαστ·ιςριον,καὶ
2881 5418 2976 5479 τὰς
3037 5417 3130 5490 μὶν
3192 5417 3395 5494 ἀγαθὰς
3452 5418 3658 5495 ἀγαθοῦ
3722 5441 3816 5495 μι..

2151 5510 2281 5562 σθοῦ
2321 5507 2631 5584 τυγχάνειν,
2663 5507 2756 5568 τὰς
2789 5503 2846 5561 δὶ
2883 5503 3125 5578 πονηρὰς
3184 5512 3294 5562 τῶν
3358 5509 3675 5566 ἀκολούθων
3735 5507 3817 5567 δι-

2148 5602 2282 5654 κῶν.
2324 5601 2384 5655 Ὀ
2433 5593 2594 5657 αὐτὸς
2651 5595 2740 5651 καὶ
2799 5597 3288 5668 μετενσωμάτωσιν
3355 5601 3550 5673 ψυχῶν
3615 5597 3821 5678 δογμα-

2146 5689 2306 5760 τίζει,
2337 5689 2428 5745 καὶ
2461 5681 2802 5764 μεταϐαίνειν
2858 5687 2955 5751 τὰς
3011 5687 3195 5766 ψυχὰς
3255 5687 3332 5751 εἰς
3393 5686 3540 5745 ἄλλα
3588 5691 3818 5766 σώματα
