4142 6418
405 404 524 471 317

1538 404 2094 470 HISTUltlARUM
2138 402 2705 467 COMPENDIUM.

3709 400 3831 466 318

401 544 524 598 κατ’
552 539 704 611 ἀξίαν
747 539 998 611 ἑκάστης,
1052 538 1141 596 καὶ
1188 542 1324 596 κατά
1373 560 1525 602 τινας
1581 537 1869 614 περιόδους
1926 538 2058 614 ὠρι-

2181 552 2365 612 grare,
2397 543 2573 611 prout
2601 553 2852 610 quaeque
2883 536 3121 605 meruit,
3155 551 3373 609 easque
3405 540 3572 595 statis
3613 539 3831 611 quibus

406 632 615 705 σμάνας
644 630 1056 704 ἀναπέμπεσθαι
1087 629 1254 686 πάλιν
1307 631 1385 693 εἰς
1439 635 1631 686 τοῦτον
1689 630 1783 686 τὸν
1834 631 2065 703 κόσμον,

412 727 608 795 πεῖραν
668 720 1034 796 παρεξομένας
1091 726 1190 790 τῆς
1263 721 1465 776 ὶαυτῶν
1517 720 1907 797 προαιρέσεως.
1966 717 2069 775 Καὶ

411 812 493 867 ςτι
553 812 689 882 μετὰ
740 810 864 872 Διός
912 828 1057 872 τινας
1132 811 1265 865 εἶναι
1320 814 1428 865 τῶν
1489 814 1703 887 ψυχῶν,
1762 810 1853 864 καὶ
1899 805 2073 872 ἄλλας

417 901 555 973 μετὰ
591 903 700 955 τῶν
733 896 921 954 ἄλλων
976 900 1131 956 θεῶν.
1191 898 1541 974 Εἱμαρμένην
1585 897 1642 954 δέ
1698 920 1859 977 φησιν
1913 898 2068 966 εἶναι,

407 988 474 1042 οὐ
513 984 702 1060 μέντοι
788 989 960 1042 πάντα
1013 990 1132 1042 καθ’
1192 987 1526 1062 εἱμαρμένην
1577 987 1836 1063 γίνεσθαι.
1874 989 1932 1041 '0
1977 987 2068 1057 μὲν

408 1077 506 1133 οὖν
571 1078 808 1134 Πλάτων
843 1122 857 1148 ,
926 1080 1235 1154 συναγαγὼν
1290 1080 1358 1135 τὰ
1405 1080 1529 1153 τρία
1586 1080 1723 1154 μέρη
1778 1084 1878 1148 τῆς
1936 1078 2072 1132 κατᾶ

403 1170 580 1222 πάντα
637 1168 986 1245 φιλοσοφίας,
1038 1167 1459 1245 φυσιολογικήν,
1512 1170 1732 1238 ἠθικὴν,
1781 1168 1871 1223 καὶ
1913 1166 2072 1241 λογιι

396 1260 523 1326 κῆν,
557 1258 735 1319 οὕτως
789 1256 1132 1335 ἐδογμάτισε.
1195 1260 1425 1314 Πλάτων
1477 1256 1534 1315 δὲ
1586 1258 1951 1331 ἐπωνομάσθη
1984 1255 2075 1313 διὰ

401 1350 468 1404 τὸ
496 1347 711 1412 πλατὺς
735 1348 874 1404 εῖναι
925 1351 987 1404 τὸ
1049 1348 1289 1426 στέρνον.
1349 1350 1553 1406 ’Ἄλλοι
1585 1347 1643 1404 δὲ
1670 1351 1744 1411 ὼς
1774 1348 1983 1404 πλατὺν
2018 1347 2069 1403 ἐν

418 1436 618 1515 λόγοις
652 1437 923 1495 Πλάτωνα
960 1438 1256 1509 κληθῆναι.
1289 1438 1461 1502 Οὗτος
1491 1433 1624 1494 ἐϐίω
1656 1437 1747 1510 ἔτη
1780 1439 1891 1513 πτβὲ

475 1620 710 1680 Δέκατος
762 1615 1169 1692 Ἀριστοτέλης.
1231 1616 1405 1681 Οὗτος
1454 1618 1729 1694 ἀκροατὴς
1787 1616 2077 1691 γενόμενος

408 1711 513 1762 τοῦ
547 1705 840 1768 Πλάτωνος
878 1706 954 1770 εἰς
996 1706 1198 1782 τέχνην
1249 1708 1347 1776 τήν
1381 1704 1708 1787 φιλοσοφίαν
1761 1707 1939 1782 ἤγαγε
1985 1703 2075 1760 καὶ

406 1795 781 1870 λογικώτερος
820 1794 1057 1869 ἐγένετο,
1119 1796 1183 1851 τὰ
1247 1796 1342 1869 μὲν
1399 1800 1649 1870 στοιχεῖα
1696 1799 1804 1850 τῶν
1861 1795 2072 1850 πάντων

2179 627 2313 684 dam
2329 629 2587 700 peractis
2610 627 3031 683 circuitibusin
3045 629 3205 683 hunc
3228 628 3515 683 mundum
3539 629 3830 694 redire,ut

2176 717 2286 773 sibi
2319 734 2440 773 sum
2461 718 2780 773 voluntatis
2806 718 3108 790 specimen
3129 718 3464 773 exhibeant.
3492 720 3629 773 Esse
3650 734 3829 789 quas-

2176 808 2313 863 dam
2359 808 2591 862 animas
2624 822 2759 862 cum
2809 809 2966 874 Jove,
3018 808 3306 878 quasdam
3358 822 3492 862 cum
3532 808 3666 861 aliis
3693 808 3827 862 diis.

2176 897 2381 952 Fatum
2416 906 2651 968 quoque
2685 910 2835 964 esse,
2868 896 2972 952 sed
3002 913 3122 952 non
3174 898 3375 951 omnia
3403 898 3521 952 fato
3569 898 3716 951 ﬁeri.
3750 900 3831 951 Ac

2177 987 2344 1041 Plato
2376 986 2618 1057 quidem
2654 992 2772 1041 tres
2805 987 2985 1041 totius
3014 986 3406 1058 philosophiae
3440 992 3637 1058 partes
3668 1000 3831 1041 com-

2179 1075 2407 1146 plexus,
2442 1090 2694 1145 quarum
2728 1075 2918 1146 prima
2948 1076 3020 1129 de
3052 1091 3249 1129 rerum
3286 1081 3516 1137 natura,
3571 1075 3834 1130 secunda

2180 1165 2250 1221 de
2284 1166 2572 1225 moribus,
2608 1166 2781 1220 tertia
2805 1165 2877 1220 de
2925 1166 3258 1221 disserendi
3305 1172 3395 1221 est
3440 1166 3686 1222 ratione.
3720 1166 3833 1220 hu-

2171 1255 2435 1329 jusmocli
2469 1257 2782 1328 opiniones
2814 1257 3025 1311 tenuit.
3063 1263 3287 1312 Nomen
3331 1257 3592 1311 Platonis
3628 1256 3835 1311 habuit

2181 1362 2214 1401 a
2246 1345 2560 1400 latitudine
2592 1347 2851 1418 pectoris
2882 1350 2992 1416 (est
3023 1348 3182 1401 enim
3211 1347 3407 1401 Platos
3439 1346 3656 1401 urtecis
3703 1344 3832 1401 latt-

2181 1428 2342 1504 tudo)
2372 1434 2485 1497 vel,
2516 1442 2583 1490 ut
2611 1436 2745 1490 aliis
2776 1435 3026 1499 videtur,
3062 1435 3134 1490 ab
3169 1436 3456 1509 orationis
3501 1435 3833 1491 latitudine.

2186 1520 2339 1576 Vixit
2368 1537 2557 1576 annos
2588 1522 2884 1594 octoginta
2915 1523 3085 1577 duos.

2254 1610 2529 1667 Decimus
2552 1612 2921 1668 Aristoteles.
2948 1614 3002 1667 Is
3019 1628 3154 1668 cum
3171 1613 3492 1669 audivisset
3508 1614 3834 1680 Platonem,

2185 1706 2373 1755 artem
2402 1701 2863 1773 philosophandi
2896 1703 3223 1757 constituit.
3262 1703 3602 1758 Disserendi
3652 1704 3836 1757 ratio-

2185 1809 2322 1847 nem
2358 1793 2727 1848 subtiliorem
2758 1794 3000 1865 redegit.
3032 1795 3325 1866 principia
3346 1796 3611 1850 omnium
3637 1811 3836 1850 rerum

400 1882 765 1959 ὖπδθέμενος,
798 1885 916 1938 οἷον
946 1886 1047 1956 τήν
1081 1884 1270 1939 οὐσίαν
1302 1884 1393 1940 καὶ
1450 1886 1515 1939 τὸ
1574 1880 1945 1958 συμϐεϐηκὸς,
1972 1885 2063 1952 τὴν

448 1976 463 1985 .
575 1973 587 1985 .
638 1973 649 1985 .
803 1970 814 1985 .
972 1978 996 1985 _
1095 1979 1121 1985 μ
1279 1975 1293 1985 .
1519 1975 1529 1985 .
1729 1974 1742 1985 .
1778 1970 1818 1985 ρ..
1978 1968 2006 1985 ο

2187 1886 2454 1937 statuens
2496 1882 2888 1938 substantiam
2938 1889 2997 1937 et
3027 1880 3377 1949 accidentia,
3432 1899 3685 1954 quorum
3737 1884 3839 1939 illa

407 1976 504 2049 μὶν
532 1973 718 2029 οὐσίαν
756 1970 883 2045 μίαν
907 1978 1022 2035 τοῖς
1050 1979 1211 2028 πᾶσιν
1274 1975 1656 2048 ὑποκειμένην,
1686 1974 1753 2029 τὰ
1774 1970 1829 2028 δὲ
1861 1968 2065 2046 συμϐε-

406 2059 615 2133 ϐηκότα
642 2062 807 2117 έννέα⁶
839 2063 929 2117 καὶ
961 2064 1060 2133 τὴν
1113 2063 1206 2136 μέν
1247 2062 1432 2118 οὐσίαν
1462 2063 1722 2134 τοιαύτην
1782 2062 1915 2117 εἶναι
1947 2064 2062 2117 οἷον

413 2154 546 2207 Θεὸν
574 2152 661 2207 καὶ
690 2150 973 2228 ἄνθρωπον
1005 2153 1095 2208 καὶ
1131 2157 1293 2223 ζῶον,
1340 2154 1464 2227 περὶ
1508 2151 1540 2207 ἃ
1567 2152 1657 2207 καὶ
1688 2152 1755 2207 τὰ
1786 2146 2065 2225 συμϐεϐη-

416 2240 551 2295 κότα
586 2244 880 2317 θεωρεῖται,
920 2244 982 2296 τὸ
1026 2243 1119 2314 μὲν
1151 2244 1310 2296 ποιὸν
1347 2243 1469 2297 οἷον
1528 2242 1743 2311 λευκὸν,
1778 2239 1970 2315 μέλαν·
2002 2242 2065 2296 τὸ

416 2327 473 2384 δὲ
530 2331 689 2385 ποσὸν

404 2420 497 2475 καῖ
532 2425 735 2493 μεῖζον,
764 2421 826 2475 τὸ
859 2418 916 2475 δὲ
945 2421 1083 2493 πρός
1112 2441 1164 2475 τι
1206 2418 1322 2475 οἷον
1351 2421 1555 2491 πατὴρ,
1608 2420 1744 2486 υἱὸς,
1777 2421 1838 2473 τὸ
1871 2416 1929 2474 δὲ
1958 2421 2064 2473 ποῦ

399 2510 524 2563 οἷον
550 2511 831 2584 Ἀθήνῃσι,
862 2511 1144 2586 Μεγάροις
1198 2508 1251 2564 έν
1303 2509 1475 2580 οἰκίᾳ,
1528 2507 1580 2563 ἐν
1633 2508 1827 2585 ἀγορᾷ,
1887 2509 1949 2563 τὸ
2008 2505 2064 2562 δὲ

402 2598 539 2653 πότε
572 2600 690 2652 οἷον
726 2598 874 2674 χθὶς,
907 2602 1153 2673 πέρυσιν,
1187 2597 1274 2653 ἐπὶ
1305 2600 1405 2668 τῆς
1466 2597 1692 2669 δεκάτης
1747 2598 2065 2671 Ὀλυμπιά-

407 2685 525 2751 δος,
559 2687 623 2742 τὸ
655 2684 713 2741 δε
742 2694 919 2743 ποιεῖν
952 2688 1068 2742 οἷον
1130 2689 1378 2763 γράφειν,
1443 2690 1680 2761 τέμνειν,
1746 2687 1915 2742 καίειν
1972 2688 2062 2742 καὶ

399 2774 548 2838 ὅλως
582 2774 889 2852 ένεργεῖντι·
921 2778 982 2831 τὸ
1016 2774 1072 2832 δὲ
1100 2776 1332 2856 πάσχειν
1383 2777 1502 2832 οἷον
1554 2776 1866 2850 τέμνεσθαι,
1916 2775 2062 2831 καίε-

396 2878 543 2937 σθαι,
576 2865 893 2937 τύπτεσθαι,
928 2867 989 2921 τὸ
1040 2864 1098 2921 δὲ
1125 2866 1272 2942 ἔχειν
1335 2866 1454 2921 οῖον
1516 2869 1828 2935 κεκτῆσθαι,
1878 2864 2063 2920 ὡπλί-

392 2966 541 3025 σθαι,
566 2956 631 3011 τὸ
662 2951 720 3010 δὲ
748 2962 957 3019 κεῖσθαι
1015 2957 1129 3010 οἷον
1189 2957 1523 3027 κατάκειται,
1577 2954 1871 3022 ἀνάκειται,
1930 2955 2058 3010 κάθ-

397 3065 555 3114 ηται,
581 3043 821 3119 δέχεται.
849 3045 905 3099 '0
928 3044 1087 3108 αὐτὸς
1110 3043 1498 3121 Ἀριστοτέλης
1522 3042 1717 3121 σχεδὸν
1743 3043 1811 3100 τὰ
1829 3044 2061 3100 πλεῖστα

396 3138 686 3214 ουμφωνεῖ
707 3136 793 3209 [Ρ.
856 3135 979 3208 161]
1034 3139 1112 3207 τῷ
1143 3134 1425 3202 Πλάτωνι,
1456 3134 1607 3206 πλὴν
1638 3138 1739 3189 τοῦ
1794 3134 1918 3209 περὶ
1958 3137 2061 3208 qm-

388 3230 512 3299 χῆς
586 3220 885 3297 δόγματος.
949 3221 1351 3297 Ἐπιδιαμένειν
1407 3226 1510 3298 γάρ
1568 3245 1721 3304 ιρησι,
1774 3225 1865 3277 καὶ
1926 3222 2059 3296 μετᾶ

395 3318 569 3370 ταῦτα
620 3316 793 3386 αὐτὴν
874 3316 1316 3396 συναφανίζεσθαι
1403 3320 1483 3372 τῶ
1532 3318 1770 3390 πέμπτῳ
1823 3317 2059 3388 σώματι’
2094 3291 2137 3355 C

393 3403 712 3459 ὑποτίθεται
744 3407 847 3480 γὰρ
900 3404 1062 3468 οὗτος
1130 3406 1217 3461 καὶ
1272 3406 1518 3479 πέμπτον
1559 3411 1717 3478 σῶμα
1773 3403 1907 3479 μετᾶ
1959 3406 2065 3459 τῶν

391 3492 584 3548 ἄλλων
625 3494 895 3567 σωμάτων
922 3498 1028 3550 τῶν
1061 3495 1365 3568 τεσσάρων,
1399 3496 1519 3549 οἷον
1553 3499 1786 3568 πνεῦμα
1831 3496 1930 3563 τὴν
1961 3494 2066 3569 γὰρ

388 3584 581 3657 ψυχὴν
643 3583 778 3638 ὅλου
836 3588 934 3639 τοῦ
990 3584 1200 3657 κόσμου
1245 3585 1407 3664 φησῖν
1465 3584 1724 3649 ἀθάνατον
1776 3584 1933 3654 εἶναι,
1975 3581 2064 3637 καὶ

390 3671 559 3727 αὐτὸν
591 3672 682 3727 τὸν
729 3673 941 3746 κόσμον
1000 3672 1203 3743 ἀίὃιον,
1253 3674 1353 3743 τὴν
1415 3671 1473 3729 δὲ
1526 3674 1644 3738 καθ’
1708 3670 1953 3744 ἕκαστον,
1991 3670 2067 3735 ὠς

392 3762 738 3837 προείπομεν
772 3763 1143 3842 ἀφανίζεσθαι.

465 3851 709 3921 “Ouini
767 3854 1124 3927 Ἀρταξέρξου
1180 3858 1278 3908 τοῦ
1329 3855 1506 3927 Ὤχου
1559 3853 1625 3922 ἦν
1686 3854 1714 3908 ὁ
1772 3853 2065 3909 Αθιστοτέ-

410 3943 538 4012 λης,
573 3941 890 4013 ἐτελεύτησε
939 3940 993 3998 δὲ
1045 3943 1250 4018 βιώσας
1280 3940 1374 4014 ’ἐτη
1411 3951 1469 3999 o’.
1527 3942 1869 4013 Ἐκλτςθησαν
1927 3939 1983 3996 δὲ
2012 3942 2063 3996 οἱ

407 4031 508 4105 μὲν
543 4031 651 4086 ἀπὸ
682 4033 927 4102 Ζήνωνος
954 4032 1062 4087 ἀπὸ
1107 4035 1208 4098 τῆς
1267 4031 1529 4103 ποικίλης
1580 4036 1739 4093 στοᾶς
1800 4031 2061 4103 Στωϊκοῖ,

402 4121 456 4175 ὁὶ
490 4116 547 4174 ὃὶ
578 4120 685 4175 ἀπὸ
736 4124 832 4174 τοῦ
895 4119 1311 4195 Ἀριστοτέλους
1369 4121 1476 4175 ἀπὸ
1521 4124 1618 4176 τοῦ
1676 4118 1835 4195 ἔργου
1904 4122 2063 4194 Περι-

397 4210 716 4279 πατητικοί·
787 4214 1211 4286 περιπατοῦντες
1267 4211 1371 4287 γὰρ
1421 4208 1582 4284 έντῷ
1645 4209 1855 4283 Λυκείῳ
1913 4209 2062 4263 ἐποιο

396 4304 569 4354 οὖντο
604 4299 698 4361 τὰς
742 4302 1026 4369 ζητήσεις.

471 4383 771 4460 Ἐνδεκσίτη
833 4387 1042 4463 αἳρεσις
1082 4394 1195 4444 τῶν
1253 4394 1531 4446 Στωϊκῶν.
1604 4390 1706 4445 Καὶ
1757 4389 1913 4443 οὗτοι
1962 4388 2065 4443 ὑπ-

395 4479 579 4540 έθεντο
614 4479 795 4556 ἀρχὴν
827 4478 922 4550 μέν
962 4482 1072 4532 τῶν
1131 4481 1345 4533 πάντων
1404 4479 1552 4549 Θεὸν,
1585 4479 1762 4533 καὶτὸ
1806 4479 1924 4533 καθ’
1976 4478 2061 4532 εἱ-

396 4567 689 4642 μαρμένην
751 4569 816 4621 τὰ
874 4568 1045 4622 πάντα
1112 4562 1585 4624 διεϐεϐαιώσαντο.
1644 4569 1759 4636 Τήν
1829 4566 2063 4639 σελήνην

780 2332 898 2386 οἷον
950 2328 1185 2407 δίπηχυ,
1244 2331 1336 2385 καὶ
1394 2329 1681 2386 διπλάσιον
1742 2331 1832 2385 καὶ
1889 2329 2064 2404 ἥμισυ

2183 1972 2445 2027 omnium
2478 1978 2634 2026 esset
2683 1972 3039 2040 subiectum,
3082 1973 3208 2027 haec
3258 1974 3317 2027 in
3347 1989 3559 2028 novem
3613 1974 3834 2028 classes

2182 2061 2707 2133 distinguerentur.
2727 2062 3232 2127 Substantiam,’ut
3254 2062 3414 2117 verbi
3431 2078 3630 2131 causa,
3656 2062 3833 2129 Deus,

2183 2150 2383 2215 homo,
2414 2151 2655 2215 animal,
2688 2151 2750 2205 in
2783 2152 2998 2221 quibus
3032 2152 3316 2205 nimirum
3349 2151 3678 2207 accidentia
3703 2168 3840 2205 con~

2181 2240 2539 2306 siderantur,
2574 2240 2849 2311 qualitas,
2883 2247 2949 2295 ut
2964 2241 3187 2307 album,
3214 2242 3443 2313 nigrum
3473 2257 3485 2307 ;
3512 2242 3831 2311 quantitas,

2179 2334 2245 2383 ut
2302 2328 2651 2397 bicubitum,
2719 2328 3078 2408 triculnitale,
3147 2330 3417 2402 duplum,
3491 2331 3829 2397 dimidium,

2178 2418 2410 2489 majus;
2446 2417 2677 2483 relatio,
2726 2426 2793 2474 ut
2822 2424 3010 2490 pater,
3063 2420 3260 2486 illius;
3295 2419 3414 2477 ubi.
3449 2426 3513 2474 ut
3559 2420 3827 2475 Athenis.

2177 2506 2439 2577 Megaris.
2474 2506 2654 2573 domi,
2686 2506 2747 2560 in
2781 2507 2904 2561 foro
2932 2525 2943 2572 ;
2970 2507 3229 2578 quando,
3254 2514 3320 2562 ut
3350 2509 3498 2574 heri,
3524 2510 3830 2580 superiore

2176 2610 2354 2661 anno,
2391 2594 2625 2650 decima
2664 2596 3052 2667 Olympiade;
3103 2598 3279 2664 actio,
3312 2604 3377 2650 ut
3425 2598 3705 2662 scribere,
3740 2615 3829 2652 se-

2176 2699 2332 2749 care,
2363 2700 2559 2751 urere,
2592 2692 2769 2755 atque
2810 2686 3055 2740 omnino
3104 2700 3277 2757 agere
3309 2686 3536 2756 aliquid
3566 2703 3579 2754 ;
3608 2687 3829 2756 passio,

2173 2779 2241 2828 ut
2272 2772 2482 2841 secari,
2516 2774 2632 2840 uri,
2664 2773 2865 2840 feriri;
2893 2773 3153 2843 habitus,
3186 2779 3252 2828 ut
3282 2774 3607 2845 possidere,
3633 2788 3831 2829 arma-

2174 2866 2300 2918 tum
2334 2880 2497 2929 esse;
2528 2864 2698 2931 situs,
2723 2868 2787 2917 ut
2808 2862 3186 2927 decumbere,
3208 2863 3578 2927 accumbere,
3595 2862 3826 2932 sedere,

2174 2953 2463 3024 accipere.
2490 2952 2868 3024 Inplerisque
2887 2952 3041 3009 282
3064 2953 3342 3007 omnibus
3366 2952 3669 3007 Aristoteli
3690 2966 3826 3007 cum

2173 3042 2418 3097 Platone
2446 3042 2990 3112 convenit,excepto
3016 3041 3087 3095 de
3104 3040 3567 3112 animajudicio.
3594 3044 3825 3097 Manere

2174 3132 2334 3187 enim
2365 3148 2495 3187 eam
2517 3136 2651 3204 post
2682 3148 2895 3202 corpus
2913 3132 3112 3197 sentit,
3147 3146 3214 3186 ac
3236 3136 3441 3202 postea
3460 3146 3597 3187 cum
3616 3133 3824 3202 quinto

2173 3238 2419 3295 corpore
2449 3221 2694 3277 aboleri.
2730 3223 2903 3276 Ponit
2952 3221 3112 3276 enim
3140 3221 3257 3287 hic,
3305 3227 3524 3292 prteter
3571 3226 3828 3292 quatuor

2175 3324 2442 3382 corpora,
2477 3310 2752 3381 quintum
2784 3309 3106 3380 quoddam,
3139 3308 3299 3363 velut
3329 3309 3624 3380 spiritum.
3682 3311 3825 3364 Aui-

2176 3417 2334 3455 mam
2384 3400 2544 3454 enim
2606 3399 2782 3453 totius
2838 3398 3048 3453 mundi
3102 3400 3185 3453 ait
3215 3414 3342 3451 esse
3400 3398 3823 3468 immortalem,

2176 3490 2491 3560 ipsumque
2524 3488 2810 3543 mundum
2860 3492 3171 3554 internum,
3224 3486 3591 3559 singulorum
3622 3493 3822 3542 autem

2176 3580 2428 3644 animas,
2453 3584 2519 3634 ut
2551 3577 2828 3645 diximus,
2865 3577 3130 3632 interire.

2252 3853 2401 3907 Vixit
2434 3852 2777 3907 Aristoteles
2808 3868 2995 3907 annos
3028 3855 3096 3906 70
3121 3858 3179 3908 et
3207 3852 3318 3907 fuit.
3358 3857 3621 3922 tempore
3654 3851 3824 3904 Arta-

2175 3943 2370 3996 xerxis
2402 3941 2563 3997 Orhi.
2591 3945 2883 3997 Zenonem
2909 3942 3094 3997 secuti
3119 3941 3455 4013 phi1050phi
3498 3956 3532 3995 a
3571 3940 3823 4005 porticu,

2176 4048 2305 4102 quas
2328 4030 2403 4086 ob
2426 4033 2673 4102 picturae
2688 4032 3032 4087 varietatem
3054 4038 3179 4087 stoa
3200 4032 3414 4087 Pcrcile
3437 4029 3653 4085 Grmcis
3673 4028 3822 4082 dici-

2178 4129 2292 4190 tur,
2319 4123 2495 4178 Stoici
2520 4123 2925 4179 nominantur.
2951 4122 3285 4178 Aristotelei
3309 4129 3508 4179 autem
3526 4120 3820 4191 Peripate-

2178 4212 2273 4266 tici
2307 4228 2340 4266 a
2369 4210 2831 4277 deambulando,
2866 4210 3023 4281 quod
3060 4211 3257 4265 Grmce
3290 4210 3619 4280 peripatein
3671 4207 3822 4261 diri-

2175 4305 2306 4356 tur:
2340 4300 2794 4357 obambulantes
2826 4300 2985 4355 enim
3017 4301 3078 4355 in
3109 4300 3294 4371 Lyceo
3327 4296 3728 4368 disputabant.

2246 4392 2571 4448 Undecima
2584 4391 3073 4463 philosOphorum
3098 4395 3258 4444 secta
3279 4388 3457 4444 Stoici
3497 4387 3560 4441 Hi
3587 4401 3822 4457 quoque

2175 4481 2359 4536 Deum
2391 4482 2752 4553 paincipium
2785 4480 3054 4536 omnium
3086 4495 3283 4533 rerum
3309 4482 3663 4541 statuerunt,
3690 4490 3823 4529 con-

2177 4570 2614 4642 tenderuntque
2646 4571 2847 4626 omnia
2872 4568 3025 4625 facto
3049 4568 3199 4624 fieri.
3225 4568 3446 4623 Lunam
3466 4566 3673 4621 dicunt
3694 4580 3824 4619 esse

393 4654 650 4730 λέγουσιν
678 4654 943 4711 ἀθάνατον
975 4656 1130 4712 εἶναι.
1185 4660 1356 4729 Σῶμα
1418 4653 1475 4710 δὲ
1530 4655 1758 4731 λέγουσι
1816 4655 2063 4733 γενέσθαι

2181 4659 2594 4725 immortalem,
2654 4674 2870 4731 corpus
2912 4660 3043 4730 ejus
3091 4664 3298 4713 natum
3357 4671 3486 4711 esse
3545 4670 3615 4710 ex
3667 4654 3823 4710 aeris

397 4745 463 4800 ἐκ
492 4752 593 4814 τῆς
620 4746 960 4820 περιψνὲξεως
1014 4750 1110 4801 τοῦ
1170 4743 1325 4820 ἀέρος
1390 4750 1488 4801 τοῦ
1547 4747 1920 4821 περιέχοντοςσ
1984 4744 2070 4801 διὸ

389 4834 486 4887 καί
518 4835 706 4912 ψυχὴν
740 4835 908 4905 αὐτὴν
956 4833 1240 4890 καλοῦσιν·
1292 4835 1667 4909 Ὁμο).ογοῦσι
1724 4836 1815 4890 καὶ
1877 4852 2067 4909 μετεν-

387 4923 751 4995 σωμάτωσιν,
784 4924 1105 4999 ὡρισμένων
1143 4922 1317 4979 οὐσῶν
1349 4930 1457 4980 τῶν
1500 4927 1715 5000 ψυχῶν,

464 5101 791 5166 Δωδέκατος
849 5104 1193 5177 Ἐπίκουρος.
1281 5104 1453 5167 Οὗτος
1539 5103 1733 5180 σχεδὸν
1819 5106 2057 5161 ἐναντίαν

390 5199 554 5248 πᾶσιν
620 5191 783 5267 δόξαν
835 5190 1008 5252 ἔθετο.
1066 5194 1271 5268 Ἀρχὰς
1325 5196 1420 5267 μέν
1475 5199 1583 5249 τῶν
1639 5194 1784 5250 ὅλων
1831 5196 2056 5251 ὑπέθετο

387 5285 641 5358 ἀτόμους
670 5286 759 5340 καὶ
787 5287 964 5352 κενὸν,
1024 5286 1178 5340 κενὸν
1239 5287 1333 5358 μὲν
1400 5286 1517 5340 οἷον
1574 5286 1667 5340 τὸν
1722 5288 1890 5341 τὸπον
1944 5290 2054 5342 τῶν

387 5377 691 5446 ἐσομένων,
727 5374 970 5447 ἀτόμους
1003 5376 1103 5443 τήν
1158 5372 1296 5445 ὕλην
1346 5375 1396 5447 ἐξ
1428 5376 1494 5443 ἧς
1525 5375 1589 5430 τὰ
1620 5374 1810 5433 πάντα.
1874 5377 1968 5431 Ἐκ
1999 5375 2053 5431 δὲ

380 5464 747 5536 τῶνάτόμων
782 5461 1156 5517 συνελθουσῶν
1211 5464 1454 5536 γενέσθαι
1512 5464 1603 5518 καὶ
1652 5463 1745 5518 τὸν
1805 5465 1931 5518 Θεὸν
1962 5464 2050 5519 xxi.

377 5557 446 5609 τὰ
476 5558 728 5629 στοιχεῖα
760 5551 1053 5607 καὶπαντᾶ
1104 5552 1169 5606 τὰ
1221 5550 1272 5607 έν
1302 5552 1507 5622 αότοῖς,
1567 5553 1641 5613 ὡς
1698 5551 1865 5625 μηδὲν
1915 5556 2051 5626 μήτε

381 5644 636 5719 γενέσθαι
693 5640 835 5716 μήτε
891 5641 1107 5695 ἑστάναι
1165 5641 1211 5694 εἰ
1270 5641 1343 5713 μή
1405 5639 1463 5695 ἐκ
1517 5646 1624 5695 τῶν
1678 5642 1897 5715 ἀτόμων
1956 5641 2047 5711 ἦν.

384 5730 666 5805 Ἀτόμους
728 5728 787 5785 δὲ
835 5729 1055 5804 λέγουσι
1114 5730 1176 5785 τὸ
1220 5728 1738 5805 λεπτομερέστερον,
1780 5731 1870 5787 καὶ
1931 5733 2050 5806 μεθ’

2181 4750 2529 4805 circumdati
2561 4749 3029 4821 refrigeratione.
3063 4747 3227 4803 Unde
3249 4754 3308 4802 et
3328 4746 3617 4817 Psychen,
3652 4743 3711 4798 id
3733 4748 3825 4799 est

2177 4842 2460 4905 animam,
2484 4856 2614 4895 eam
2643 4838 2967 4911 appellant,
2988 4854 3121 4893 cum
3146 4835 3401 4908 psychos
3423 4837 3620 4889 Graece
3642 4834 3824 4906 frigus

2176 4930 2485 5002 signiticet.
2503 4931 2822 4984 Numerum
2843 4928 3177 4983 animarum
3200 4925 3513 4981 definitum
3536 4928 3823 4989 statuunt,

2174 5035 2393 5090 easque
2423 5020 2494 5074 de
2525 5018 2872 5090 corporibus
2904 5018 2964 5072 in
2998 5032 3245 5088 corpora
3277 5015 3555 5084 migrare.

2246 5108 2638 5163 Duodecimus
2698 5114 2785 5161 est
2846 5107 3151 5178 Epicurus.
3204 5104 3257 5157 Is
3315 5104 3436 5157 fere
3494 5100 3696 5155 omnia
3727 5100 3819 5155 his

2168 5198 2467 5252 contraria
2490 5197 2738 5252 censuit.
2782 5195 3081 5266 Principia
3112 5208 3309 5248 rerum
3358 5188 3557 5262 posuit
3586 5192 3818 5244 atomos

2166 5302 2233 5341 ac
2266 5287 2462 5351 inane,
2496 5286 2607 5340 hoc
2663 5290 2729 5340 ut
2759 5284 2956 5339 locum
3013 5282 3189 5337 rebus
3220 5281 3375 5335 natis
3432 5278 3812 5349 recipiendis,

2165 5381 2393 5431 atomos
2427 5381 2490 5429 ut
2538 5375 2804 5429 omnium
2838 5373 3149 5427 materiam
3214 5372 3428 5425 Earum
3483 5373 3816 5423 atomorum

2163 5480 2485 5537 congressu
2518 5470 2575 5517 et
2606 5463 2789 5517 Deum
2823 5468 2881 5516 et
2910 5462 3207 5515 elementa
3239 5465 3295 5513 et
3326 5476 3456 5528 qua:
3482 5457 3542 5511 in
3573 5457 3647 5511 iis
3676 5462 3815 5512 sunt

2163 5555 2363 5610 omnia
2386 5555 2714 5618 exstitisse;
2744 5568 2936 5622 neque
2952 5550 3274 5620 quidquam
3300 5548 3451 5603 288
3485 5562 3580 5613 au]
3616 5553 3813 5602 ortum

2161 5651 2263 5701 aut
2290 5648 2563 5699 constare
2592 5642 2707 5697 nisi
2742 5656 2809 5695 ex
2840 5639 3074 5694 atomis.
3111 5644 3191 5692 Ita
3222 5640 3431 5691 vocant
3459 5637 3814 5691 tenuissima

2162 5734 2533 5806 corpuscula,
2584 5748 2717 5803 quae
2777 5735 2981 5786 centro
3030 5733 3133 5784 aut
3162 5732 3382 5799 puncto
3438 5726 3606 5783 nullo
3633 5725 3812 5780 dividi
