4142 6410
356 376 490 435 319

1744 366 2066 429 GEORGII
2108 368 2433 431 CEDREN
2444 372 2460 429 l

3683 373 3806 435 320

368 512 639 581 possunt.
676 508 862 561 Deum
922 504 1321 560 immortalem
1354 502 1582 557 nullius
1635 502 1881 556 omnino
1942 516 2012 555 rei

2142 496 2216 553 ὧν
2250 501 2439 556 οὐκᾶν
2495 504 2705 575 γένοιτο
2764 505 2981 576 κέντρον
3136 509 3362 576 σημεῖον
3423 504 3602 576 οὐδὲν,
3672 506 3801 562 οὐδὲ

369 613 574 653 curam
586 612 721 669 gere
731 612 792 650 re
815 613 829 661 ;
847 610 1042 665 neque
1058 610 1185 649 esse
1199 598 1300 648 aut
1314 591 1744 663 providentiam
1758 592 1819 645 in
1841 590 2025 646 ullam

368 691 470 743 aut
499 686 685 741 fatum
718 683 983 754 aliquod,
1017 683 1120 738 sed
1141 683 1343 737 omnia
1363 681 1605 736 fortuito
1628 680 1885 736 evenire.
1912 681 2027 735 Ha-

371 777 721 832 bitationem
754 774 873 827 Deo
896 773 1160 844 assignat
1180 777 1345 826 extra
1376 771 1686 838 mundum,
1712 770 1773 825 in
1798 770 1869 823 iis
1891 786 2024 840 quae

372 868 496 937 ipse
531 870 694 919 vocat
713 861 1172 917 intermundiis:
1210 860 1290 914 ibi
1324 876 1459 915 eum
1491 860 1747 914 otiosum
1790 875 2025 914 summa

373 958 433 1011 in
462 955 756 1025 voluptate
790 967 982 1024 agere,
1013 966 1207 1021 neque
1239 966 1377 1005 eum
1408 954 1511 1004 aut
1549 949 1783 1021 negotia
1804 948 2021 1003 habere

372 1047 521 1102 velle
556 1050 658 1099 aut
688 1043 821 1097 aliis
870 1041 1182 1096 facessere.
1235 1040 1439 1095 Finem
1495 1040 1812 1109 bonorum,
1863 1056 1931 1095 ac
1960 1039 2022 1094 in

371 1151 546 1205 quem
572 1133 870 1204 sapientes
901 1130 1174 1195 tendant,
1198 1129 1553 1201 voluptatem
1572 1145 1721 1197 esse,
1749 1130 1866 1183 sive
1890 1144 2022 1183 eam

373 1240 502 1295 quia
525 1220 808 1277 mortales
849 1219 1121 1289 sequitur
1149 1217 1524 1289 cupiditates,
1576 1219 1696 1272 sive
1729 1234 1858 1273 eam
1890 1235 2021 1289 qum

368 1312 685 1367 virtutibus
717 1309 1053 1365 comitatur.
1108 1308 1350 1362 Animas
1399 1324 1527 1362 esse
1585 1307 1933 1380 sanguinem
1968 1313 2024 1359 et

368 1419 505 1458 cum
528 1400 877 1471 corporibus
900 1404 964 1452 ut
984 1398 1149 1453 nasci
1175 1398 1259 1451 sic
1281 1397 1459 1452 etiam
1484 1398 1749 1452 interire.
1788 1395 2019 1451 Nullum

360 1490 661 1563 judicium
686 1487 1149 1559 exspectandum
1185 1491 1288 1541 aut
1309 1485 1567 1541 tribunal
1610 1484 2019 1552 metuendum,

365 1579 470 1635 sed
507 1579 783 1650 impunes
832 1592 1075 1647 prorsus
1102 1575 1334 1630 futuros
1382 1575 1483 1645 qui
1535 1574 1824 1647 flagitiose
1859 1574 2018 1628 vixe-

368 1674 526 1724 runt.

2140 584 2402 665 διαίρεσις
2434 589 2682 664 οὐδεμία.
2716 592 2823 648 Τὸν
2877 588 2933 646 δὲ
2992 592 3121 647 Θὲον
3155 589 3329 647 αῒδιον
3388 593 3479 648 καὶ
3532 592 3805 672 ἄφθαρτον

2142 679 2265 733 ὅντα
2301 678 2432 754 μηδ’
2464 680 2610 746 ὅλως
2642 682 2788 743 τινὸς
2841 687 3114 755 προνοεῖν.
3176 683 3281 738 Καὶ
3343 682 3492 746 ὅλως
3541 686 3798 758 πρόνοια,

2139 770 2325 846 φησὶν,
2359 768 2457 825 οὐκ
2473 768 2639 839 ἔστιν,
2673 768 2798 826 οὐδὲ
2830 770 3160 843 εί¹μαρμένη,
3217 770 3344 827 ἀλλ’
3401 772 3799 847 αὐτοματισμῷ

2138 858 2308 913 πάντα
2335 857 2594 933 γίνεσθαι.
2646 861 2724 918 Τὸ
2780 857 2837 915 δὲ
2869 861 3189 935 οίκητῆριον
3249 865 3346 916 τοῦ
3405 867 3539 918 Θεοῦ
3571 859 3672 936 ἔξω
3701 868 3800 919 τοῦ

2137 948 2347 1020 κόσμου
2381 948 2517 1003 εἶναι
2573 948 2745 1025 λέγει,
2773 948 2825 1003 ἐν
2857 955 2976 1012 τοῖς
3043 952 3438 1023 μετακοσμίοις
3497 951 3643 1008 οὕτω
3699 973 3803 1007 κα-

2138 1033 2431 1110 λουμένοις
2462 1039 2673 1101 τόποις·
2706 1040 3003 1114 ἡσυχάζων
3048 1039 3150 1115 γὰρ
3208 1036 3400 1109 ἥδεται
3430 1040 3485 1095 ἐν
3525 1045 3594 1115 τῇ
3626 1041 3802 1117 ἀκρο-

2134 1130 2270 1201 τάτῃ
2306 1129 2633 1208 εὐφροσύνῃ,
2690 1129 2782 1183 καί
2844 1129 2969 1183 οὕτε
3015 1127 3177 1189 αὐτὸς
3211 1128 3469 1203 βούλεται
3502 1132 3803 1205 πράγματα

2135 1209 2283 1290 ἔχειν
2316 1213 2440 1272 οὔτε
2470 1216 2630 1290 ἄλλῳ
2660 1215 2943 1293 παρέχειν.
3009 1216 3178 1278 Τὲλος
3210 1215 3267 1272 δὲ
3296 1219 3405 1273 τῶν
3463 1219 3676 1295 ἀγαθῶν
3704 1223 3797 1277 καὶ

2138 1310 2317 1384 σοφῶν
2348 1302 2558 1381 ἀνδρῶν
2588 1305 2688 1381 τῄν
2748 1304 2953 1376 ἡδονὴν
2994 1305 3131 1362 εἷναί
3164 1328 3350 1383 φησιν,
3383 1306 3493 1363 εἴτε
3528 1311 3627 1379 τὴν
3661 1311 3798 1365 κατὰ

2134 1395 2231 1456 τὰς
2289 1397 2482 1464 Θνητάς
2541 1395 2832 1468 ἐπιθυμίας
2891 1393 2997 1450 ε’ίτε
3055 1397 3154 1464 τὴν
3199 1398 3316 1451 κατ’
3375 1398 3590 1471 ἀρετὴν.
3638 1400 3795 1473 Αἷμα

2136 1481 2192 1539 δὲ
2223 1485 2309 1538 γαί
2342 1486 2436 1547 τὰς
2470 1486 2650 1563 ψυχὰς
2689 1485 2848 1554 εἶναι,
2907 1485 2995 1539 καὶ
3054 1482 3467 1541 συνδιαλύισθαι
3519 1492 3638 1550 τοῖς
3686 1489 3801 1542 σώ-

2139 1595 2297 1647 μασιν
2330 1572 2514 1648 ὥσπερ
2544 1573 2631 1628 καὶ
2656 1577 3078 1648 συγγεννῶνται.
3111 1575 3299 1648 Κρίσιν
3334 1576 3464 1651 φησὶ
3524 1577 3601 1648 μὴ
3658 1579 3800 1631 εἶναι

2138 1666 2279 1735 μήτε
2332 1662 2656 1740 δικαστήρια
2741 1662 2869 1720 ἀλλ’
2942 1664 3260 1726 ἀνευθύνους
3320 1666 3455 1722 εἶναι
3514 1666 3800 1731 παντελῶς

2131 1753 2260 1817 τοὺς
2296 1754 2363 1808 τὰ
2393 1753 2598 1827 ἄθεσμα
2629 1751 2949 1828 δράσαντας.

431 1849 706 1905 Decimus
732 1850 938 1904 tertius
969 1848 1176 1903 Sextus
1202 1852 1260 1902 et
1302 1847 1546 1920 Pyrrho.
1604 1846 1816 1902 Sextus
1847 1846 2012 1917 quid

2205 1840 2664 1917 Τρισκαιδέκατος
2725 1844 2911 1913 Σέξτοι
2975 1843 3067 1897 καὶ
3145 1843 3453 1920 Πύρῥωνες,
3504 1846 3661 1918 ὁμὲν
3718 1848 3796 1920 μὴ

361 1956 541 2011 quam
575 1938 850 2011 cognosci
886 1943 987 1993 aut
1034 1937 1257 2009 percipi
1304 1953 1476 2008 posse
1509 1936 1760 2007 negavit,
1815 1936 2018 2007 itaque

360 2028 771 2084 suslinendam
786 2028 1284 2091 assensionem,et
1302 2024 1703 2078 resistendum
1728 2026 1816 2090 ei;
1841 2026 2024 2079 idem-

359 2135 472 2187 que
497 2122 704 2171 contra
725 2133 932 2170 omnes
956 2120 1111 2169 artes
1135 2120 1311 2184 atque
1349 2113 1630 2168 scientias
1669 2113 2018 2184 disputavit.

360 2207 588 2276 Pyrrho
601 2212 801 2259 autem
823 2204 1211 2275 philosophus
1226 2202 1565 2273 ephecticus
1590 2201 2020 2272 appellabatur,

362 2295 519 2365 quod
548 2294 963 2349 assensionem
998 2292 1252 2345 tolleret.
1289 2290 1637 2359 Disputabat
1668 2291 1830 2344 enim
1878 2308 2022 2344 con-

366 2392 457 2439 tra
504 2384 689 2438 alium
745 2380 1188 2453 philosophum,
1251 2375 1350 2449 ql'li
1407 2379 1611 2433 omnia
1648 2378 1923 2450 cognosci
1954 2395 2021 2433 ac

364 2472 788 2544 comprehendi
849 2486 1023 2541 posse
1083 2467 1497 2523 contendebat.
1556 2468 1648 2522 Sic
1692 2467 1776 2521 illi
1831 2466 2020 2521 verbis

371 2563 747 2626 altercantes,
782 2560 933 2615 alter
977 2558 1223 2612 alterius
1254 2556 1612 2611 refellebant
1649 2556 2014 2627 opinionem.

429 2654 527 2706 Est
559 2668 696 2722 ergo
722 2649 1210 2706 Academicorum
1234 2653 1291 2702 et
1320 2648 1785 2717 Pyrrhoniorum
1811 2653 1869 2702 et
1890 2648 2016 2719 phi—

364 2742 750 2813 losophorum
802 2738 1122 2812 peculiaris
1155 2744 1335 2805 secta,
1369 2742 1428 2791 et
1474 2736 1809 2792 Academici
1842 2755 2014 2793 voca-

361 2831 597 2897 bantur,
632 2829 786 2899 quod
816 2829 878 2883 in
919 2826 1236 2882 Academia
1282 2826 1823 2881 commorabantur.
1858 2828 2013 2882 284

354 2920 639 2989 Princeps
660 2934 867 2972 eorum
888 2917 1138 2985 Pyrrho,
1163 2931 1198 2969 a
1219 2931 1335 2985 quo
1350 2916 1665 2985 Pyrrhonii
1689 2915 1830 2971 dicti
1851 2922 2010 2985 sunt,

360 3008 513 3062 nihil
553 3007 773 3077 percipi
799 3022 974 3077 posse
1007 3004 1362 3069 affirmavit;
1388 3004 1688 3074 jussitque
1714 3004 1773 3058 in
1796 3010 2014 3059 utram-

355 3112 470 3166 que
502 3099 728 3167 partem
771 3095 1096 3165 disputare,
1133 3091 1204 3146 de
1256 3097 1468 3146 neutra
1515 3091 1842 3162 quidquam
1874 3110 2011 3163 pro-

353 3185 668 3240 nuntiare:
718 3183 869 3237 nihil
929 3182 1086 3236 enim
1116 3197 1251 3236 vere
1307 3197 1503 3251 neque
1560 3180 1757 3235 animo
1813 3198 2005 3252 neque

354 3291 532 3329 sensu
564 3273 811 3345 percipi,
864 3271 1048 3326 videri
1103 3276 1330 3325 tantum
1377 3270 1719 3325 hominibus
1766 3271 1847 3325 ita
1899 3271 2006 3326 ha-

350 3363 511 3417 bere.

426 3452 490 3505 Hi
524 3467 660 3521 ergo
679 3467 888 3505 omnes
919 3452 991 3503 de
1022 3449 1281 3503 universi
1304 3454 1519 3503 natura
1540 3453 1598 3502 et
1628 3453 1759 3501 ortu
1787 3464 1853 3502 ea
1872 3465 2007 3502 sen—

348 3546 558 3594 serunt
579 3556 647 3595 ac
668 3539 1041 3594 tradiderunt
1062 3555 1191 3607 qua:
1215 3537 1532 3592 retulimus
1558 3554 1571 3603 ;
1597 3536 1870 3607 infraque
1904 3538 2004 3591 Dei

349 3628 748 3699 cognitionem
809 3627 1222 3695 subsistentes,
1268 3626 1328 3679 in
1387 3641 1590 3680 rerum
1649 3625 2005 3680 caducarum

352 3722 565 3772 natura
623 3717 883 3771 studium
944 3719 1378 3786 occupaverunt
1444 3714 1869 3782 cognoscenda,
1933 3714 2005 3769 ad

350 3806 823 3877 magnitudinem
858 3822 1056 3859 rerum
1080 3811 1413 3859 creatarum
1437 3809 1768 3875 stupentes,
1790 3822 2006 3875 easque

351 3914 457 3969 pro
487 3898 732 3952 numine
763 3898 889 3967 ipso
920 3896 1196 3967 amplexi.
1224 3897 1310 3950 Ita
1331 3894 1484 3949 alius
1516 3894 1696 3950 aliam
1722 3901 2005 3950 creatura;

350 3993 581 4058 partem
629 3986 1035 4058 prieferentes,
1069 3986 1250 4040 Deum
1313 3984 1525 4039 horum
1559 3984 1832 4055 opificem
1886 4002 2005 4040 non

350 4084 737 4151 agnoverunt.
774 4081 887 4133 Nos
920 4084 1118 4133 antem
1152 4077 1433 4147 deinceps
1468 4083 1786 4145 sequentes
1819 4077 2005 4131 histo-

348 4170 468 4224 rias
502 4169 778 4240 persequi
811 4168 1240 4241 aggrediemur.

424 4259 779 4314 Ptolemazus
807 4274 941 4330 ergo
966 4258 1097 4329 Lagi
1125 4257 1282 4311 ﬁlius
1303 4256 1526 4327 :Egypti
1554 4273 1796 4329 legnum
1816 4274 2007 4314 annos

352 4349 421 4400 40
451 4348 635 4417 gessit
659 4347 813 4418 (ejus
852 4350 1023 4399 natale
1072 4344 1359 4415 Epicurus
1406 4344 1797 4416 philosophus
1830 4346 2001 4400 inno'

355 4439 491 4507 tuit)
510 4442 645 4509 post
660 4437 902 4491 Darium
924 4435 1185 4489 Arsamis
1204 4435 1392 4488 lilium
1406 4451 1583 4503 quem
1610 4437 2007 4491 Romanorum

349 4542 555 4597 regum
586 4541 765 4580 causa
796 4523 1246 4578 referendorum
1280 4524 1609 4589 omisimus,
1646 4541 1822 4596 regno
1866 4525 1999 4579 lun-

2141 1932 2274 1986 εἶναι
2306 1934 2480 2003 πάντη
2512 1934 2757 2009 γνωστὸο
2790 1933 2880 1987 καὶ
2912 1931 3266 2002 καταληπτὸν
3290 1935 3319 1987 ὁ
3362 1934 3556 2004 Σέξτος
3588 1931 3799 2011 δογμα-

2136 2020 2324 2090 τίζων,
2413 2019 2611 2097 ἐπέχον
2695 2021 2783 2076 καὶ
2871 2021 3240 2094 ἐνιστάμενος·
3306 2020 3463 2085 οὗτος
3513 2022 3602 2077 καὶ
3662 2024 3803 2098 πρὸς

2135 2115 2309 2164 πᾶσαν
2343 2109 2559 2164 ἀντεῖπε
2596 2110 2800 2184 τέχνην
2850 2110 2939 2165 καὶ
2999 2110 3191 2179 ἐπιστή
3206 2132 3335 2182 μην.
3368 2112 3430 2167 Ὁ
3462 2108 3519 2165 δὲ
3575 2109 3802 2185 ΙΙύῤῥων

2136 2197 2440 2275 φιλόσοφος
2491 2197 2564 2253 ὢν
2625 2199 2903 2276 ἐφεκτικός
2943 2197 3214 2267 ἐκαλεῖτο,
3275 2198 3619 2273 ἐνιστάμενος
3659 2202 3799 2255 κατᾶ

2131 2292 2229 2341 τοῦ
2262 2286 2577 2357 ἐξεναντίας,
2621 2287 2926 2366 φιλοσόφου
2983 2288 3073 2342 καὶ
3126 2286 3323 2343 τούτου
3376 2286 3556 2351 ὄντος.
3616 2288 3793 2351 Οὗτος

2395 2376 2608 2449 γνωστὰ
2688 2379 2768 2449 [Ρ.
2858 2378 2981 2451 162]
3057 2377 3146 2431 καὶ
3230 2376 3559 2449 καταληπτὰ
3604 2373 3796 2458 ἔφρασεν

2132 2465 2287 2536 εἶναι,
2343 2466 2429 2519 καὶ
2495 2464 2638 2519 οὕτω
2724 2465 2790 2519 τὰ
2875 2463 3142 2535 ἀλληλών
3200 2463 3648 2542 λογομαχοῦντες
3699 2468 3797 2522 ἀν-

2130 2554 2327 2629 ᾕρουν.

2201 2641 2603 2717 Ἀκαδημαϊκοὶ
2634 2645 2722 2698 καὶ
2778 2643 3112 2720 Πυρρώνειοι
3141 2644 3286 2716 άλλη
3320 2645 3525 2720 α’ίρεσις
3556 2645 3786 2723 φιλοσό-

2128 2755 2264 2810 φων.
2328 2731 2673 2803 Ἐκλήθησαν
2748 2729 2806 2787 δὲ
2865 2731 3268 2806 Ἀκαδημαῖκοὶ
3328 2732 3420 2789 διὰ
3482 2741 3545 2791 τὸ
3602 2735 3655 2789 ἐν
3717 2740 3785 2810 τῇ

2127 2820 2446 2895 Ἀκαδημίᾳ
2520 2824 2617 2885 τάς
2691 2818 2971 2897 διατριϐὰς
3057 2822 3254 2886 αὐτοὺς
3332 2829 3628 2888 ποιεῖσθαι.
3694 2831 3783 2879 Ὧν

2126 2908 2285 2984 ἄρξας
2340 2911 2367 2965 ὁ
2428 2910 2655 2988 Πύρῥων
2690 2955 2703 2979 ,
2757 2912 2845 2989 ἀφ’
2904 2909 2967 2965 οὗ
3014 2909 3349 2986 Ιιυῤῥώνειοι
3406 2913 3781 2984 ἐπεκλήθησαν

2126 2999 2445 3078 φιλόσοφοι,
2485 3001 2587 3069 τήν
2654 3000 3035 3075 ἀκαταληψίαν
3093 3000 3346 3055 ἀπάντων
3404 3006 3624 3077 πρῶτος
3675 3002 3783 3057 εἶσ-

2126 3094 2347 3168 τίγαγεν,
2382 3092 2455 3153 ὡς
2509 3090 2809 3166 ἐπιχειρεῖν
2846 3090 2941 3164 μὶν
3003 3090 3079 3153 εἰς
3136 3092 3380 3166 ἑκάτερα,
3452 3093 3528 3165 μή
3592 3094 3785 3167 μέντοι

2122 3180 2509 3258 ἀποφαίνεσθαι
2598 3176 2789 3253 μηδὲν·
2854 3177 3008 3234 ούδέν
3082 3181 3186 3255 γὰρ
3238 3182 3375 3235 εἶναι
3427 3179 3612 3257 ἓλεγεν
3665 3180 3791 3237 οὔτε

2116 3270 2313 3339 νοητὸν
2338 3267 2461 3324 οὕτε
2490 3269 2748 3339 αἶ’σθητὸν
2782 3268 3005 3339 ἀληθὲς,
3065 3268 3212 3325 ἀλλὰ
3268 3268 3444 3326 δοκεῖν
3495 3272 3611 3331 τοῖς
3678 3271 3737 3325 ἀν
3763 3303 3776 3314 -

2133 2378 2303 2430 πάντα

2056 3368 2065 3378 ”
2121 3358 2362 3432 θρώποις
2392 3358 2565 3419 οὕτως
2596 3354 2767 3432 ἔχειν.

2188 3448 2356 3505 Οὗτοι
2390 3449 2483 3521 μὲν
2516 3449 2609 3502 οὖν
2643 3448 2838 3509 πάντες
2868 3446 2955 3503 ἐπὶ
2999 3455 3101 3518 τῆς
3157 3454 3253 3504 τοῦ
3321 3451 3520 3512 παντὸς
3577 3451 3791 3529 φύσεώς

2115 3558 2174 3592 τε
2203 3537 2291 3592 καὶ
2329 3536 2585 3611 γενέσεως
2625 3537 2851 3607 ταύτης,
2911 3538 3091 3600 καθὼς
3129 3536 3436 3611 ἐξεθέμεθα,
3472 3539 3680 3608 ἐξεῖπον
3712 3542 3783 3614 τῇ

2116 3625 2290 3681 αὐτῶν
2325 3624 2477 3701 δόξῃ,
2505 3626 2653 3681 κάτω
2694 3623 2752 3680 δὲ
2807 3631 2902 3681 τοῦ
2954 3624 3111 3681 Θείου
3168 3627 3364 3689 πάντες
3420 3630 3781 3702 χωρήσαντες

2114 3718 2369 3792 περὶτῶν
2397 3716 2694 3793 γινομένων
2743 3717 2930 3772 ούσίαν
2962 3716 3389 3793 ἡσχολήθησαν,
3449 3718 3517 3773 τά
3571 3718 3776 3795 μεγέθη

2114 3814 2212 3873 τῆς
2243 3807 2469 3869 κτίσεως
2500 3807 2936 3883 καταπλαγέντες
2991 3807 3082 3861 καὶ
3123 3807 3255 3862 αὐτὰ
3313 3808 3374 3862 τὸ
3432 3809 3582 3863 Θεῖον
3643 3811 3778 3863 εἶναι

2115 3895 2453 3968 νομίσαντες,
2498 3891 2679 3969 ἔτερος
2736 3894 2916 3970 ἕτερον
2980 3895 3143 3970 μέρος
3194 3903 3293 3964 τῆς
3362 3896 3590 3960 κτίσεως
3644 3917 3780 3972 προ-

2113 3987 2387 4062 κρίναντες
2425 4032 2438 4056 ,
2522 3989 2615 4042 τὸν
2684 3987 2895 4043 τούτων
2950 3987 3078 4041 Θεὸν
3139 3987 3229 4041 καὶ
3285 3985 3619 4063 δημιουργὸν
3679 3986 3778 4041 ούκ

2115 4075 2423 4151 ἐπέγνωσαν
2457 4119 2470 4131 .
2532 4077 2722 4148 Ἡμεῖς
2783 4072 2840 4130 δὲ
2894 4079 3002 4129 τῶν
3060 4074 3249 4153 ἐφεξῆς
3290 4077 3545 4152 ἱστοριῶν
3603 4074 3769 4129 πάλιν

2111 4166 2211 4233 τῆν
2241 4165 2389 4235 τάξιν
2420 4159 2780 4224 ἀναλαϐόντες
2809 4168 2907 4218 τοῦ
2940 4162 3113 4239 λόγου
3145 4164 3429 4241 ἐχώμεθα.

2188 4251 2533 4325 Πτολεμαῖος
2593 4254 2621 4307 ὁ
2704 4253 2882 4328 Λάγου
2940 4246 3287 4307 ἐϐασίλευσεν
3343 4254 3619 4329 Αἰγύπτου
3674 4250 3767 4326 ἔτη

2113 4342 2510 4417 τεσσαράκοντα
2567 4340 2680 4416 (ἐπὶ
2736 4341 2933 4396 τούτου
2991 4341 3316 4415 Ἐπίκουρος
3376 4344 3404 4397 ὁ
3463 4341 3774 4423 φιλόσοφος

2117 4430 2464 4507 ἐγνωρίζετο)
2526 4431 2661 4504 μετά
2746 4436 2965 4504 Δαρεῖον
3028 4429 3329 4505 Ἀρσάμου,
3390 4430 3447 4486 δν
3508 4429 3597 4486 διὰ
3651 4431 3783 4495 τοὺς

2115 4524 2225 4575 τῶν
2279 4520 2571 4592 Ῥωμαίων
2621 4518 2868 4594 βασιλεῖς
2926 4518 3323 4595 παρελίπομεν,
3386 4518 3780 4595 βασιλεύσαντα

353 4620 515 4670 ctum
544 4630 733 4669 annos
764 4616 815 4666 6.
849 4615 971 4678 Quo
1004 4612 1311 4667 interfecto
1344 4611 1679 4667 Alexander
1698 4613 2000 4669 Persicum

2129 4607 2204 4680 ἶτη
2239 4610 2304 4673 ς”
2351 4608 2409 4663 ’ὸν
2468 4608 2558 4663 καὶ
2615 4607 2826 4663 ἀνεῖλεν
2884 4604 3258 4680 Ἀλέξανδρος,
3306 4608 3615 4674 καταλύσας
3667 4613 3767 4681 τὴν

351 4701 887 4775 regnumabolevit,
915 4707 1163 4756 tractum
1189 4717 1498 4772 perannos
1521 4702 1643 4754 240.
1673 4701 2006 4757 Alexander

352 4792 533 4847 totius
564 4807 746 4861 prope
792 4790 952 4844 orbis
1010 4795 1301 4845 terrarum
1343 4789 1678 4859 imperium
1731 4789 2003 4861 adeptus,

351 4880 649 4951 Babylone
682 4885 973 4947 mortuus,
998 4894 1246 4952 regnum
1280 4878 1410 4949 ejus
1434 4877 1591 4932 inter
1622 4896 1899 4949 proceres
1916 4880 2003 4934 di-

348 4971 534 5025 visum
569 4975 675 5024 est.
726 4969 1082 5023 Ptolemazus
1134 4968 1264 5037 Lagi
1302 4966 1460 5021 filius
1501 4968 1725 5039 [Egypti
1760 4985 2005 5041 regnum

348 5059 642 5126 obtinuit;
677 5074 744 5112 ac
787 5063 917 5128 post
948 5073 1082 5111 eum
1128 5054 1432 5109 Ptolemaei
1465 5055 1564 5109 alii
1625 5059 1686 5110 l3
1714 5074 1903 5128 usque
1935 5060 2005 5113 ad

347 5149 717 5219 Cleopatram
740 5144 1003 5215 Dionysii
1031 5143 1236 5198 filiam.
1263 5142 1460 5197 Asiam
1485 5143 1823 5199 universam
1848 5147 2012 5199 Anti-

346 5255 534 5307 gonus
566 5235 893 5306 occupavit.
926 5231 1192 5302 Assyriae,
1238 5230 1552 5300 Babylonis
1584 5238 1642 5285 et
1674 5232 2007 5289 Palu-stitia:

348 5345 529 5392 regno
592 5326 814 5396 potitus
863 5328 953 5377 est
1011 5320 1292 5376 Seleucus
1351 5320 1650 5375 Nicanor?
1709 5321 1858 5378 285
1915 5323 2007 5377 cui

349 5419 634 5474 successit
671 5416 999 5471 Antiochus
1025 5414 1200 5476 illius,
1232 5418 1287 5468 et
1311 5413 1590 5483 deinceps
1614 5414 1713 5469 alii
1733 5418 1795 5467 1ξὶ
1820 5432 2008 5484 usque

352 5505 425 5560 ad
454 5506 811 5560 Antiochum
871 5504 1261 5576 Epiphanem,
1316 5502 1540 5557 Seleuci
1607 5503 2005 5575 Philopatoris

354 5592 565 5648 ﬁlium.
602 5592 720 5645 Hoc
750 5599 1034 5664 regnante
1067 5592 1474 5648 Hierosoluma
1502 5591 1697 5646 denuo
1730 5600 1901 5663 capta
1953 5602 2007 5648 et

354 5695 450 5733 res
481 5679 943 5734 Maccabaorum
960 5688 1136 5751 gesta:
1159 5681 1586 5752 templumque,
1611 5682 1694 5735 uti
1728 5682 2011 5753 prwdixe-

2118 4696 2396 4773 βασιλείαν
2456 4701 2673 4770 Περσῶν
2721 4694 3075 4771 διαρκέσασαν
3106 4694 3198 4767 ἔτη
3261 4706 3370 4771 σμ“.
3425 4697 3596 4761 Αὐτὸς
3656 4698 3772 4755 δὶὸ

2115 4785 2469 4862 Ἀλέξανδρος
2500 4787 2678 4856 πάσης
2734 4793 2840 4863 γῆς
2894 4783 3088 4861 σχεδὸν
3147 4786 3432 4861 κυριεύσας
3493 4789 3542 4843 ἐν
3605 4785 3778 4847 Βαϐυ-

2116 4875 2253 4931 λῶνι
2286 4875 2531 4932 τελευτὰ.
2590 4880 2926 4950 Διαιροῦνται
2985 4872 3041 4929 δὲ
3091 4876 3191 4945 τὴν
3224 4874 3499 4950 βασιλείαν
3535 4879 3585 4931 0".
3620 4899 3777 4953 μεγι-

2118 4970 2298 5027 στᾶνες
2360 4964 2563 5033 αὐτοῦ,
2623 4966 2709 5019 καὶ
2776 4963 3125 5038 βασιλεύουσι
3190 4964 3535 5037 Πτολεμαῖος
3601 4968 3696 5040 μὲν
3755 4970 3783 5021 ὁ

2119 5055 2306 5129 Λάγου
2365 5053 2648 5129 Αἰγύπτου
2723 5056 2812 5107 καὶ
2882 5053 3111 5122 κατεξῆς
3173 5053 3508 5127 Πτολεμαῖοι
3573 5063 3639 5129 ιγ’
3675 5052 3781 5120 ἕως

2118 5142 2475 5217 Κλεοπάτρας
2536 5145 2798 5218 θυγατρὸς
2853 5142 3132 5196 Διονυσίου
3160 5189 3173 5208 ,
3206 5150 3306 5211 τῆς
3343 5141 3399 5197 δὲ
3432 5145 3612 5208 Ἀσίας
3672 5148 3774 5201 πά·

2119 5255 2218 5302 σης
2260 5233 2574 5309 Ἀντίγονος
2633 5232 2866 5307 ἐκράτει,
2896 5238 2996 5299 τῆς
3060 5229 3115 5285 δὲ
3172 5233 3455 5307 ’Λσσυρίας
3523 5236 3610 5288 καὶ
3675 5236 3778 5290 Bat-

2118 5317 2370 5384 ϐυλῶνος
2414 5322 2501 5376 καί
2564 5320 2926 5390 Παλαιστίνης
2984 5318 3252 5384 Σέλευκος
3298 5319 3508 5395 ἐκράτει
3541 5324 3568 5377 ὁ
3602 5323 3777 5379 Νικά-

2116 5432 2249 5484 νωρ.
2286 5412 2433 5466 Μετά
2482 5407 2539 5464 δὲ
2603 5409 2867 5464 Σέλευκον
2919 5404 3262 5464 ἐϐασίλευσεν
3322 5411 3607 5489 Ἀντιόχος
3668 5414 3784 5474 υἱὸς

2119 5501 2288 5554 αὐτοῦ
2319 5501 2409 5555 καὶ
2469 5498 2637 5555 ἄλλοι
2707 5501 2781 5554 ιε’.
2836 5501 2969 5555 Εἶτα
3030 5494 3374 5554 ἐϐασίλευσεν
3437 5501 3784 5579 Ἀντίοχοςὸ

2120 5590 2439 5667 Ἐπιφανὴς,
2474 5587 2589 5651 υίὸς
2649 5586 2917 5642 Σελεύκου
2984 5592 3081 5642 τοῦ
3141 5588 3545 5662 Φιλοπάτορος·
3602 5591 3782 5667 ὑφόὖ

2122 5681 2331 5754 γέγονεν
2366 5681 2399 5747 ἡ
2428 5676 2647 5752 οιυτέρα
2697 5673 2939 5738 ἅλλωσις
2979 5677 3365 5750 Ἰερουσαλὴμ,
3398 5679 3486 5732 καὶ
3519 5680 3584 5732 τὰ
3629 5684 3782 5735 Μακ-
