4142 6418
332 385 449 447 321

1497 377 2054 440 HISTORIARUM
2097 379 2659 447 COMPENDIUM.

3627 391 3763 451 322

329 509 575 571 καϐαίων
606 508 885 586 ἐπράχθη,
941 507 1032 563 καὶ
1092 510 1152 565 τὸ
1198 508 1342 583 ἱερὸν
1403 506 1679 582 ἰμολύνθη
1720 511 1856 565 κατά
1876 509 1981 578 τὴν

2119 517 2191 569 'at
2243 514 2545 585 Danielus,
2595 516 2895 589 pollutum
2928 520 3034 573 est.
3072 518 3150 573 Ea
3202 517 3359 574 enim
3403 522 3756 593 tempestate

330 608 432 661 τοῦ
464 597 669 669 Δανιήλ
703 598 1030 676 πρόρρησιν.
1089 597 1214 655 Ἀπὶ
1278 598 1382 674 γὰρ
1438 604 1548 655 τῶν
1607 601 1831 674 ἡμερῶν
1858 599 1989 655 τού-

333 714 440 749 των
499 688 818 760 ἐπληθύνθη
878 687 929 742 ἐν
980 689 1050 762 τῇ
1111 693 1182 764 γῇ
1241 687 1308 743 τὰ
1365 688 1521 757 κατὰ,
1573 689 1766 766 ἀφ’ὦν
1797 687 1992 759 ἐξῆλθε

336 786 459 862 ῥίζα
490 780 827 856 ὁμαρτωλὸς
876 778 1176 854 ’Λντίοχος
1213 778 1240 833 ὁ
1292 778 1615 853 Ἐπιφανὴς,
1650 779 1764 837 υἱὸς
1800 779 1994 835 Σελεύ-

334 896 433 930 κου
482 877 582 928 τοῦ
639 869 1054 943 Φιλοπάτορος,
1115 870 1174 932 ὅς
1223 868 1484 944 ὑπάρχων
1521 866 1696 932 δεινὸς
1727 868 1863 945 ἀνὴρ
1901 868 1990 924 καὶ

334 961 690 1032 πΛεονέκτης,
759 960 849 1014 καὶ
913 955 1134 1020 πολλάς
1229 958 1471 1034 ἁρπαγάς
1534 959 1627 1013 καὶ
1694 956 1992 1028 λεηλασίας

335 1057 598 1124 ποιήσας,
652 1053 956 1125 συνήγαγεν
1003 1048 1262 1124 ἀργύριον
1318 1049 1406 1103 καὶ
1469 1048 1695 1124 χρυσίον
1730 1050 1990 1118 ποθητὸν,

336 1141 426 1196 καὶ
456 1139 518 1194 ἐκ
553 1135 772 1206 πολλῆς
833 1132 1220 1212 οἷστρηλασίας
1258 1135 1349 1189 καὶ
1401 1133 1699 1196 ἀκολασίας
1760 1134 1835 1195 εἰς
1865 1132 1992 1196 τοὺς

340 1228 547 1301 μίμους
579 1227 761 1291 καθεὶς
810 1224 995 1280 ἑαυτὸν
1055 1223 1107 1279 έν
1165 1220 1285 1297 ὄψει
1344 1225 1560 1279 πάντων
1608 1221 1843 1284 ἀναιδῶς
1873 1228 1993 1285 ταῖς

335 1317 580 1395 γυναιξὶν
630 1314 973 1390 ἐπεμαίνετ’).
1022 1316 1121 1375 "Oc
1171 1312 1307 1367 κατὰ
1350 1312 1644 1389 πρόσωπον
1688 1319 1787 1382 τῆς
1839 1313 1996 1387 βασι-

338 1408 492 1470 λείας
551 1404 866 1482 χωρούσης,
923 1397 1211 1472 ἠϐουλήθη
1269 1400 1393 1475 μίαν
1451 1402 1729 1476 βασιλείαν
1767 1409 1997 1471 ποιῆσαι

338 1500 441 1568 τήν
477 1517 538 1551 τε
595 1492 934 1570 Ἀντιόχειαν
993 1492 1084 1547 καὶ
1143 1493 1243 1560 τήν
1302 1489 1601 1566 Αἴγυπτον.
1660 1491 1757 1546 Καὶ
1798 1489 1863 1561 δη
1895 1493 1995 1560 τήν

340 1585 620 1661 Αἴγυπτον
652 1576 975 1638 καταλαϐὼν
1035 1578 1089 1636 ἐν
1149 1579 1311 1659 ὄχλῳ
1367 1581 1524 1656 βαρεῖ
1572 1580 1661 1635 καὶ
1710 1580 1762 1635 ἐν
1794 1575 1995 1654 ἅρμασι

335 1676 427 1731 καὶ
481 1673 710 1753 ἐλέφασι
756 1671 845 1727 καὶ
900 1670 1085 1743 στόλῳ
1138 1669 1383 1747 μεγάλῳ,
1435 1670 1690 1726 συνάπτει
1746 1667 1997 1743 πόλεμον

2098 600 2347 675 impleta
2390 610 2483 660 est
2524 612 2681 662 terra
2732 606 3195 678 calamitatibus,
3230 613 3547 680 postquam
3592 610 3759 667 radix

2101 699 2485 762 peccatorum
2501 696 3168 768 AntiuchnsEpiphanes
3182 697 3759 771 SeleuciPhilopato-

2102 779 2187 834 ris
2221 781 2382 836 ﬁlius
2395 783 2634 853 prodiit.
2652 784 3034 841 IsAntiochus
3047 801 3184 839 acer
3198 786 3376 841 homo
3408 792 3465 841 et
3484 787 3755 858 cupidus,

2103 869 2308 924 multis
2338 871 2564 942 rapinis
2605 889 2673 927 ac
2722 872 3262 944 depreedationibus
3310 892 3474 944 usus,
3527 877 3756 947 argenti

2105 958 2353 1030 aurique
2386 976 2630 1033 magnas
2661 978 2804 1033 Opes
2834 962 3045 1035 coegit,
3078 980 3146 1018 ac
3188 964 3429 1020 vesania
3472 964 3760 1037 intempe-

2106 1047 2421 1120 rantiaque
2452 1067 2521 1105 eo
2553 1051 2868 1123 prolapsus
2894 1058 2984 1107 est
3014 1058 3079 1107 ut
3109 1054 3265 1109 inter
3294 1055 3513 1110 mimos
3537 1055 3598 1109 in
3623 1072 3760 1110 con-

2104 1141 2309 1207 spectu
2339 1137 2606 1193 omnium
2638 1139 3019 1211 impudenter
3048 1158 3168 1196 sum
3212 1141 3275 1196 in
3309 1142 3593 1198 mulieres
3632 1142 3764 1197 libi-

2107 1225 2233 1281 dini
2290 1227 2742 1299 obsequeretur.
2790 1228 2954 1284 Idem
3004 1246 3183 1301 regno
3236 1248 3521 1302 prospere
3578 1238 3758 1287 eunte

2108 1316 2315 1370 statuit
2360 1334 2464 1371 suo
2515 1333 2698 1391 regno
2749 1320 3058 1390 :Egyptum
3107 1319 3390 1392 adjicere.
3437 1321 3642 1392 Itaque
3695 1322 3758 1377 in

2106 1406 2416 1477 zEgyptum
2435 1423 2571 1461 cum
2604 1424 2819 1480 magno
2847 1408 3130 1474 exercitu,
3156 1410 3448 1478 curribus,
3476 1410 3758 1482 elephan-

2108 1493 2183 1549 tis
2222 1511 2289 1550 ac
2316 1495 2505 1552 classe
2539 1512 2753 1568 magno
2804 1497 3127 1569 profectus,
3168 1498 3395 1554 bellum
3447 1500 3764 1555 Ptolemaun

2108 1584 2273 1655 regni
2337 1586 2566 1657 Egypti
2621 1586 2844 1655 intulit,
2878 1604 3066 1658 eoque
3118 1588 3287 1660 pulso
3319 1589 3498 1644 urbes
3538 1591 3762 1663 :Egypti

2108 1688 2316 1727 omnes
2348 1674 2504 1745 cepit
2534 1691 2602 1729 ac
2630 1674 3006 1747 depraadatus
3038 1683 3146 1731 est.

330 1766 470 1840 πρὸς
531 1760 881 1836 Πτολεμαῖον
941 1757 1178 1837 βασιλέα
1236 1759 1541 1835 Αἱγύπτοιν
1603 1760 1661 1816 ὃν
1719 1760 1809 1815 καὶ
1866 1758 2069 1835 τρέψας
2145 1758 2514 1834 κατεκράτησε
2598 1761 2693 1826 τάς
2746 1761 2797 1816 ἐν
2855 1763 3123 1838 Αἰγύπτῳ
3178 1765 3392 1831 πόλεις,
3455 1767 3543 1821 καὶ
3601 1767 3773 1824 πάσας

332 1851 653 1911 ἐσκύλευσε.

405 1943 491 2016 [Ρ.
528 1939 653 2015 163]
689 1945 803 2008 Τῆς
852 1934 909 1993 δὲ
962 1936 1121 2012 ἁγίας
1153 1936 1370 1999 πόλεως
1403 1936 1835 2010 κατοικουμένης
1871 1938 2006 2010 μετά

2185 1940 2262 1993 Eo
2306 1944 2569 2011 tempore
2604 1956 2739 1996 cum
2764 1958 2933 1996 sacra
2962 1940 3102 1996 urbs
3136 1941 3544 2015 Hierosolyma
3573 1944 3694 1999 alta
3714 1945 3774 1999 in

340 2030 520 2100 πάσης
570 2028 797 2104 εἰρήνης
849 2024 938 2081 διὰ
976 2029 1076 2097 τὴν
1126 2031 1222 2081 τοῦ
1268 2027 1571 2102 ἀρχιερέως
1621 2026 1802 2083 Ὀνίου
1846 2046 2042 2100 μισο--

350 2117 618 2193 πονηρίαν
674 2138 735 2172 τε
790 2116 879 2172 καὶ
940 2111 1238 2186 εὐσέϐειαν,
1298 2110 1497 2186 συνέϐη
1556 2116 1674 2170 καθ’
1724 2114 1860 2187 ὅλην
1908 2115 2008 2183 τήν

357 2208 521 2264 πόλιν
553 2206 742 2288 σχεδὸν
771 2205 851 2286 ἐφ’
902 2206 1135 2281 ἡμέραις
1189 2207 1244 2279 μ’
1299 2205 1573 2283 φαίνεσθαι
1607 2202 1694 2260 διὰ
1723 2208 1821 2261 τοῦ
1853 2203 2010 2280 ἀέρος

360 2298 545 2360 ἱππεῖς
573 2295 860 2377 τρέχοντας
899 2294 1186 2365 ἐνόπλους,
1248 2292 1581 2374 διαχρύσους
1614 2291 1813 2357 στολάς
1853 2292 2009 2370 ἕχον-

356 2408 474 2457 τας,
531 2388 616 2443 καὶ
672 2382 989 2464 προσϐολάς
1038 2385 1304 2460 ἑκατέρων
1358 2384 1652 2462 γινομένας
1699 2386 1787 2440 καὶ
1821 2382 2009 2439 ὅπλων

348 2479 587 2547 κινήσεις
643 2475 733 2532 καὶ
790 2474 1039 2552 χρυσέων
1104 2475 1326 2549 κόσμων
1384 2472 1686 2549 ἐκλάμψεις
1726 2473 2006 2535 παντοίοις

345 2564 542 2622 εἴδεσιν
613 2565 927 2644 ἀμφίάσεων
1010 2562 1536 2640 τεθωρακισμένους.
1635 2564 1727 2619 Διὸ
1812 2563 2008 2625 πάντες

341 2654 530 2725 ἠξίουν
590 2653 674 2710 ἐπ’
733 2655 916 2731 ἀγαθῷ
970 2651 1216 2730 γενέσθαι
1298 2655 1398 2723 τὴν
1457 2652 1792 2719 ἐπιφάνειαν.
1850 2654 2009 2715 ’Ἠτις

352 2745 442 2800 καὶ
475 2741 798 2819 προεδήλου
833 2744 933 2812 τήν
985 2742 1229 2818 πονηρὰν
1285 2739 1477 2820 ἔφοδον
1531 2743 1846 2819 Ἀνσιειὸχου⁸
1882 2741 2008 2797 ἀνα-

351 2834 535 2904 ζεύξας
592 2833 695 2908 γάρ
755 2832 892 2907 μετά
944 2833 1102 2904 νίκης
1155 2829 1376 2902 πολλῆς
1431 2832 1520 2887 καὶ
1601 2831 2011 2909 τεθηριωμένος

338 2926 441 2993 τήν
500 2923 692 3002 ψυχὴν
754 2916 1033 2996 παρέλαϐε
1090 2923 1190 2992 τήν
1248 2920 1413 2976 πόλιν
1471 2918 1841 2997 δορυάλωτον,
1896 2920 2012 2977 εἶτα

341 3012 746 3087 προστάξαντος
802 3012 929 3074 τοὺς
990 3012 1325 3088 στρατιώτας
1362 3008 1598 3089 ἀφειδῶς
1629 3012 1847 3067 κόπτειν
1879 3011 2008 3073 τοὺς

346 3101 877 3179 παρατυγχάνοντας
935 3100 1267 3175 ἀνῃρέθησαν
1329 3098 1582 3176 χιλιάδες
1659 3102 1765 3177 ρπ’.
1831 3102 2010 3157 Κατα-

341 3190 642 3264 τολμήσας
674 3188 765 3246 οὖν
809 3190 897 3246 καὶ
954 3189 1029 3251 εἷς
1077 3189 1140 3246 τὸ
1190 3189 1435 3265 ἁγίασμα
1474 3190 1732 3246 εἰσελθὼν
1767 3190 1818 3245 έν
1851 3192 2014 3266 οπερ-

2116 2044 2259 2099 pace
2292 2028 2656 2084 incoleretur
2685 2030 2845 2085 Oniaa
2873 2029 3091 2085 summi
3124 2031 3422 2101 pontiﬁcis
3454 2032 3671 2103 pietate
3704 2049 3772 2088 ac

2118 2116 2179 2170 in
2234 2117 2423 2172 malos
2456 2118 2786 2187 severitate,
2829 2135 2936 2191 per
2975 2121 3043 2173 40
3091 2120 3211 2174 fere
3262 2119 3388 2175 dies
3434 2137 3540 2192 per
3584 2125 3771 2176 totam

2116 2208 2325 2263 urbem
2373 2207 2433 2262 in
2475 2225 2611 2264 aere
2642 2208 2747 2264 visi
2781 2214 2922 2264 sunt
2953 2209 3089 2280 equi
3140 2210 3362 2265 auratis
3403 2212 3584 2266 armis
3634 2212 3772 2268 tecti

2117 2297 2394 2368 aciesque
2441 2297 2699 2354 adversa)
2732 2298 2890 2354 inter
2936 2315 2997 2353 se
3029 2298 3438 2372 conﬁigentes,
3491 2300 3772 2373 utrinque

2117 2392 2312 2443 motus
2343 2405 2668 2458 armorum,
2693 2390 3006 2462 omnisque
3037 2390 3274 2462 generis
3304 2407 3626 2447 aureorum
3648 2393 3778 2447 tho-

2115 2494 2319 2533 racum
2351 2482 2527 2548 atque
2559 2479 2909 2552 integumen
2932 2484 3128 2533 torum
3152 2478 3540 2551 fulgor.Quod
3572 2485 3781 2537 osten-

2120 2573 2245 2622 tum
2288 2568 2373 2622 uti
2402 2567 2555 2623 bene
2596 2574 2876 2637 verteret,
2930 2585 3138 2623 omnes
3189 2573 3585 2640 optaverunt;
3634 2571 3784 2625 illud

2115 2673 2253 2712 vero
2305 2657 2605 2712 infelicem
2636 2658 2913 2713 Antiochi
2942 2658 3256 2713 adventum
3305 2659 3460 2715 286
3511 2660 3780 2732 designa-

2117 2745 2238 2801 bat.
2272 2749 2594 2802 Revertens
2627 2746 2786 2802 enim
2809 2764 2879 2802 ex
2910 2749 3150 2819 Egypto
3175 2748 3523 2816 Antiochus,
3554 2749 3775 2821 insigni

2118 2835 2362 2891 victoria
2379 2836 2568 2891 elatus
2588 2837 2951 2907 efferatoque
2973 2837 3173 2891 animo
3191 2837 3587 2909 Hierosolyma
3608 2838 3778 2894 ador-

2120 2930 2232 2995 tus,
2259 2926 2310 2979 vi
2335 2926 2723 2997 expugnavit;
2752 2926 3158 2997 militibusquc
3181 2927 3493 2998 imperavit
3522 2928 3777 3002 utjngu-

2120 3015 2312 3072 larent
2341 3016 2404 3071 in
2438 3033 2832 3088 quoscunque
2861 3016 3232 3084 incidissent,
3266 3034 3459 3089 neque
3493 3019 3779 3090 cuiquam

2119 3111 2450 3176 parcerent.
2500 3106 2585 3161 lta
2645 3106 2746 3159 180
2801 3104 2992 3160 millia
3020 3105 3361 3160 Judaeorum
3423 3106 3558 3161 caesi
3618 3113 3778 3162 sunt.

2119 3194 2401 3250 Caaterum
2424 3194 2840 3249 eotemeritatis
2863 3211 3213 3267 progressus
3236 3196 3591 3251 estAntioch
3610 3213 3700 3262 us,
3721 3202 3789 3252 ut

343 3280 556 3358 ηφανία
600 3278 816 3354 πολλῇ,
864 3279 954 3335 καὶ
1004 3281 1206 3351 στήσας
1259 3280 1447 3354 βωμὸν
1496 3280 1583 3335 καὶ
1618 3276 1848 3335 εἷ’δωλον
1886 3276 2009 3356 βδέ-

2122 3282 2298 3338 etiam
2331 3284 2394 3337 in
2425 3283 2753 3339 sacrarium
2782 3282 3210 3354 superbissime
3235 3283 3565 3349 intraverit,
3589 3301 3785 3341 aram-

343 3369 536 3445 λυγμα
587 3369 943 3443 ἐρημώσεως,
998 3368 1091 3424 καὶ
1138 3369 1231 3424 τὸν
1286 3369 1415 3424 ναὸν
1453 3368 1646 3442 μιάνας
1675 3366 1747 3423 δι’
1781 3368 2016 3444 ἀκαθάρ-

340 3466 458 3515 τῶν
503 3463 725 3529 θυσιῶν,
782 3458 929 3534 ἱερὸν
990 3459 1115 3521 Διὸς
1170 3456 1486 3533 Ὀλυμπίου
1540 3457 2016 3534 προσαγορεύσας,

342 3549 439 3604 καὶ
496 3548 582 3627 ἔφ’
644 3546 862 3622 ὑψηλοῦ
915 3546 1088 3603 τόπου
1120 3548 1368 3618 καθίσας,
1423 3546 1675 3604 ἐκέλευσε
1715 3553 1830 3611 τοῖς
1864 3545 2021 3623 δορυ-

344 3638 548 3716 φόροις
600 3634 695 3693 ἵνα
743 3634 968 3693 ἕκαστον
1027 3632 1278 3713 Ἐϐραῖον
1356 3636 1448 3693 καὶ
1519 3643 1692 3713 κρεῶν
1754 3639 2015 3713 χοιρείων

342 3726 440 3782 καὶ
473 3723 874 3791 εἰδωλοθύτων
924 3727 1285 3802 ἀπογεύεσθαι
1335 3726 1678 3804 ἀναγκάζειν,
1713 3727 1759 3781 εἰ
1790 3724 1848 3782 δέ
1875 3747 2018 3789 τινες

351 3818 431 3890 μή
466 3815 698 3883 θέλοιεν,
758 3816 985 3879 τούτους
1040 3816 1401 3892 ἀναιρεῖσθαι.
1472 3814 1710 3872 Πολλῶν
1780 3814 1839 3871 δὲ
1897 3838 2015 3871 συνο

346 3906 759 3977 αρπασθέντων,
817 3905 869 3976 ἐξ
922 3906 995 3961 ὧν
1051 3904 1316 3982 Ἐλεάζαρ
1370 3926 1454 3969 τις
1485 3910 1593 3961 τῶν
1624 3906 2016 3982 πρωτευόντων

346 3992 742 4071 γραμματέων,
771 3992 880 4066 ἤδη
931 3989 1297 4069 προϐεϐηκὼς
1344 3999 1442 4064 τήν
1494 3992 1737 4065 ἡλικίαν,
1776 3994 2019 4070 ἠναγκάο

351 4089 475 4153 ζετο
510 4090 945 4162 μιαροφαγῆσαι·
981 4084 1009 4138 ὁ
1044 4081 1121 4155 δὲ,
1170 4084 1261 4139 τὸν
1314 4085 1433 4158 μετ’
1487 4083 1738 4145 εὐκλείας
1789 4084 2019 4147 θάνατον

351 4170 573 4246 μᾶλλον
673 4174 764 4228 τὸν
804 4174 938 4246 μετὰ
972 4174 1179 4247 μύσους
1214 4174 1336 4248 βίον
1387 4172 1805 4247 ἀναδεξάμενος,
1838 4174 2023 4237 αὐθαι-

347 4264 524 4336 ρέτως
572 4261 661 4318 ἐπὶ
707 4263 771 4318 τὸ
826 4261 1105 4335 τύμπανον
1158 4264 1496 4339 προσήγετο,
1557 4263 1647 4317 καὶ
1706 4263 1852 4318 οὓτω
1887 4261 2021 4335 μετὰ

348 4350 587 4408 πολλῶν
614 4351 876 4426 πρότερον
930 4353 1200 4426 αἰκισμῶν
1247 4352 1338 4408 καὶ
1393 4352 1668 4426 μαστίγων
1704 4350 2018 4425 ὑπαλλάξας

345 4440 444 4496 τὸν
484 4441 603 4516 βίον
638 4441 699 4496 οὐ
732 4441 897 4515 μόνον
926 4446 1044 4503 τοῖς
1092 4439 1233 4504 νέοις
1276 4438 1421 4496 ἀλλά
1477 4439 1567 4495 καὶ
1595 4446 1712 4504 τοῖς
1741 4435 2020 4516 προϐεϐη-

340 4529 467 4586 κόσι
500 4530 591 4585 τὸν
647 4532 838 4585 ἑαυτοῦ
895 4531 1116 4586 θάνατον
1156 4527 1462 4606 ὑπόδειγμα
1509 4530 1892 4605 γενναιότητος
1926 4526 2017 4585 καὶ

341 4619 547 4693 ἀρετῆς
579 4620 854 4676 κατέλιπε.
894 4622 1029 4685 Μεθ’
1072 4620 1129 4677 ὅν
1178 4620 1269 4676 καὶ
1317 4618 1485 4675 ἄλλοι
1514 4623 1659 4683 τινες
1692 4620 1829 4676 έπτά
1857 4617 2019 4675 ἀδελ-

2128 3389 2242 3442 que
2289 3372 2371 3427 ibi
2419 3378 2479 3427 et
2528 3372 2914 3429 simulacrum
2966 3372 3258 3438 statuerit,
3312 3372 3778 3430 abominandum

2127 3461 2416 3519 vastitatis
2430 3462 2662 3535 signum
2681 3480 2694 3530 ;
2714 3461 3124 3533 templumque
3139 3461 3390 3534 impuris
3403 3463 3778 3534 profanatum

2129 3551 2438 3608 sacriﬁciis
2460 3553 2651 3608 aedem
2679 3552 2833 3608 Jovis
2865 3552 3119 3623 Olympii
3155 3551 3646 3610 denominaverit.
3673 3554 3781 3608 Se-

2129 3641 2277 3697 dens
2325 3658 2502 3714 porro
2554 3643 2617 3697 in
2668 3641 2909 3697 sublimi
2981 3641 3110 3696 loco
3163 3641 3448 3696 satellites
3487 3642 3672 3714 jussit
3716 3649 3786 3698 ut

2130 3730 2408 3787 Hebraeos
2438 3731 2780 3805 singulatim
2811 3732 2883 3786 ad
2917 3747 3128 3787 carnes
3159 3730 3367 3787 suillas
3394 3748 3460 3787 ac
3492 3732 3785 3789 sacriﬁcia

2128 3819 2585 3877 simulacrorum
2616 3821 2910 3895 gustanda
2956 3821 3283 3893 adigerent,
3322 3826 3785 3893 recusantesque

2129 3909 2555 3967 interﬁcerent.
2588 3912 2749 3966 Inter
2779 3910 2999 3966 multos
3031 3911 3133 3981 qui
3168 3915 3293 3965 tum
3329 3910 3458 3982 ejus
3488 3910 3573 3965 rei
3605 3926 3784 3967 causa

2130 3997 3117 4071 comprehendebantur,fuitetiam
3130 3999 3438 4054 Eleazarus
3453 3999 3784 4055 scribarum

2129 4087 2429 4159 princeps,
2462 4093 2736 4160 provecta
2776 4088 2904 4160 jam
2954 4092 3145 4143 aetate.
3188 4088 3242 4142 ls
3292 4104 3425 4142 cum
3476 4088 3551 4143 ad
3583 4089 3780 4145 cibum

2130 4177 2425 4233 nefarium
2438 4183 2769 4250 urgeretur,
2792 4182 3044 4232 mortem
3065 4176 3386 4248 gloriosam
3409 4177 3538 4232 vitae
3561 4178 3782 4250 ﬂagitio

2130 4266 2547 4323 contaminatas
2567 4264 2850 4337 praetulit,
2868 4282 2935 4320 ac
2959 4270 3167 4336 sponte
3185 4265 3361 4320 suain
3385 4281 3632 4321 nervum
3655 4283 3783 4322 sese

2130 4354 2342 4409 abduci
2375 4370 2584 4424 passus
2608 4357 2724 4418 est;
2746 4352 2847 4407 ubi
2879 4351 3084 4407 multis
3116 4351 3280 4422 prius
3307 4368 3374 4405 ac
3396 4351 3571 4407 fmdis
3592 4357 3781 4407 tortus

2131 4442 2511 4507 cruciatibus,
2541 4442 2717 4497 vitam
2750 4441 2921 4509 ﬁniit,
2944 4458 3066 4496 non
3084 4437 3564 4495 adolescentibus
3590 4442 3788 4510 modo,

2131 4532 2234 4587 sed
2257 4537 2315 4587 et
2344 4536 2488 4586 natu
2510 4530 2837 4603 majoribus
2859 4536 3114 4585 mortem
3139 4546 3308 4585 suam
3334 4530 3790 4601 magnanimita-

2133 4621 2209 4676 tis
2240 4637 2308 4676 ac
2337 4620 2708 4675 fortitudinis
2735 4619 3085 4690 relinquens
3109 4617 3471 4690 exemplum.
3494 4621 3633 4674 Post
3654 4636 3789 4675 eum

344 4682 441 4788 φοὶ
480 4708 617 4780 μετά
652 4709 862 4784 μητρὸς
893 4706 1173 4787 διαφόρως
1204 4709 1613 4784 βασανισθέντες
1643 4710 1734 4764 τὸν
1756 4713 1853 4764 τοῦ
1888 4728 2009 4783 μαρ-

2128 4710 2229 4765 alii
2259 4715 2486 4781 septem
2509 4709 2722 4764 fratres
2752 4726 2874 4765 una
2905 4725 3038 4763 cum
3072 4714 3261 4763 matre
3292 4708 3452 4764 varie
3480 4710 3793 4765 excarniﬁ-

343 4797 540 4871 τυρίου
566 4794 823 4877 στέφανον
855 4795 1089 4870 ἐνδόξως
1124 4796 1476 4869 ἀνεδήσαντο.
1511 4799 1624 4876 Ὑφ’
1655 4800 1729 4853 ὧν
1763 4800 1790 4853 ὁ
1819 4797 2017 4874 τύραν-

347 4906 442 4948 νος
475 4887 887 4963 καταισχυνθεὶς
919 4887 1014 4943 καὶ
1050 4886 1265 4962 μᾶλλον
1289 4886 1565 4961 ἐκμανεὶς,
1594 4890 1662 4943 τὰ
1691 4888 1811 4962 ἱερὰ
1842 4886 2016 4942 πάντα

349 4978 517 5048 σκεύη
552 4971 756 5047 λαϐὼν,
790 4977 994 5053 χρυσόν
1026 4997 1087 5031 τε
1119 4976 1208 5032 καὶ
1240 4976 1476 5054 ἄργυρον
1510 4975 1753 5052 ἄπειρον,
1791 4976 1883 5032 καὶ
1912 4981 2014 5031 πᾶ-

349 5090 446 5124 σαν
470 5069 572 5138 τὴν
624 5066 788 5123 πόλιν
819 5065 1294 5146 λαφυραγωγήσας
1338 5068 1429 5121 καὶ
1470 5067 1538 5121 τά
1590 5068 1765 5138 κτήνη
1798 5087 2017 5143 κρεουρ-

346 5163 522 5236 γήσας
543 5159 634 5215 καὶ
662 5158 881 5229 πολλὴν
907 5179 1168 5238 φονοκτον
1179 5158 1260 5214 ίαν
1282 5160 1522 5230 ποιήσας
1542 5158 1632 5214 καὶ
1663 5157 2017 5235 μεγαλορῥη-

352 5255 603 5326 μογήσας
633 5251 985 5327 ἀνεχώρησεν
1014 5251 1090 5313 εἷς
1118 5250 1491 5331 Ἀντιόχειαν.
1516 5251 1616 5306 Καὶ
1643 5253 1778 5325 μετὰ
1799 5248 1895 5305 δύο
1917 5244 2012 5322 ἔτη

346 5343 487 5398 κατὰ
543 5343 762 5417 Περσῶν
791 5340 1211 5416 ἐπιστρατεύσας
1268 5339 1583 5397 ἀπέστειλεν
1642 5341 1884 5416 ἄρχοντα
1914 5361 2017 5421 ερο-

346 5429 661 5509 ρολογῆσαι
692 5432 794 5499 τὴν
824 5428 992 5487 πόλιν
1021 5431 1410 5507 Ἰερουσαλὴμ,
1462 5432 1522 5495 ὅς
1569 5429 2012 5507 παραγενόμενος

348 5523 488 5597 μετὰ
516 5519 741 5588 ’πολλῆς
790 5518 1074 5594 δυνάμεως
1122 5521 1214 5576 καὶ
1267 5519 1521 5591 λαλήσας
1569 5520 1874 5595 εἰρηνικοὺς
1905 5520 2013 5577 λό-

342 5632 480 5688 γους
517 5610 655 5687 μετά
686 5608 856 5667 δόλου
888 5610 1025 5687 πρὸς
1071 5611 1175 5681 τήν
1231 5609 1602 5686 Ἰερουσαλὴμ
1630 5610 1723 5669 καὶ
1754 5609 2013 5676 εἰσελθὼν

340 5701 615 5772 ὶπαταζεν
647 5699 821 5770 αὐτὴν
850 5698 1048 5776 πληγῇ
1085 5698 1299 5777 μεγάλῃ
1326 5698 1417 5756 καὶ
1474 5697 1722 5765 καθελὼν
1754 5699 1819 5756 τά
1847 5700 2010 5777 τείχη

2129 4799 2242 4856 cati
2272 4799 2541 4871 martyrii
2571 4814 2853 4855 coronam
2885 4798 3144 4872 gloriose
3178 4798 3533 4854 retulerunt.
3575 4799 3662 4853 Ab
3694 4799 3788 4855 his

2126 4894 2415 4962 tyrannus
2430 4890 2585 4961 turpi
2596 4890 2818 4945 tudinis
2832 4890 3135 4946 convictus
3152 4889 3381 4962 majore
3397 4891 3595 4946 furore
3624 4907 3789 4946 exar-

2125 4983 2244 5049 sit;
2277 4982 2584 5053 sacrisque
2617 4981 2904 5038 omnibua
2951 4981 3106 5038 vasis
3147 4981 3411 5054 abreptis
3452 4981 3699 5052 aurique
3732 4986 3792 5036 et

2125 5071 2351 5145 argenti
2374 5072 2426 5125 vi
2460 5071 2778 5142 immensa,
2812 5077 2872 5126 et
2910 5070 3122 5127 urbem
3154 5076 3340 5127 totam
3373 5069 3790 5141 depopulatus,

2126 5161 2399 5218 mactatis
2420 5162 2601 5217 etiam
2622 5160 2953 5232 pecudibus
2979 5165 3035 5215 et
3059 5159 3219 5215 caede
3242 5158 3556 5215 hominum
3576 5174 3794 5231 magna

2125 5250 2327 5324 edita,j
2337 5250 3099 5307 actabundusAntiochiam
3116 5248 3464 5304 rediit.Post
3481 5247 3793 5303 biennium

2125 5342 2267 5398 287
2294 5340 2733 5412 expeditionem
2758 5339 2821 5395 in
2840 5341 3053 5394 Persas
3076 5354 3295 5409 parans
3316 5336 3577 5409 legatum
3603 5336 3786 5404 misit,

2124 5432 2226 5502 qui
2258 5429 2687 5501 Hierosolymis
2738 5428 3025 5485 tributum
3076 5427 3361 5499 exigeret.
3395 5426 3450 5481 Is
3500 5443 3636 5482 cum
3666 5444 3788 5483 ma-

2123 5537 2268 5594 gnas
2298 5520 2643 5577 adduxisset
2672 5517 2893 5590 copias,
2912 5522 3044 5573 astu
3061 5521 3273 5588 pacata
3303 5517 3508 5572 omnia
3532 5515 3787 5588 loquens

2121 5614 2333 5671 urbem
2365 5612 2626 5681 intravit,
2649 5611 2832 5683 inque
2855 5626 2925 5666 ea
2953 5607 3277 5666 crudeliter
3300 5607 3460 5665 caede
3482 5616 3788 5682 grassatus

2124 5722 2326 5762 muros
2346 5702 2566 5776 dejecit
2579 5700 2913 5773 urbemque
2928 5698 3198 5757 incendit
3216 5714 3231 5765 ;
3247 5698 3788 5773 templumquoque
