4142 6422
381 384 497 445 123

1733 377 2064 439 GEORGII
2108 376 2450 437 GEDRENI

3684 385 3809 444 324

381 516 583 587 impiis
612 513 920 570 sacrificiis
964 513 1246 585 opplevit,
1283 520 1339 569 et
1386 511 1621 567 Judmos
1668 511 1769 582 qui
1820 509 2017 567 Graecis

2150 511 2322 561 πᾶσαν
2380 505 2663 581 ἐνέπρησε,
2717 507 2806 562 καὶ
2863 509 2926 563 τὸ
2987 507 3080 581 μὲν
3133 509 3277 584 ἱερὸν
3338 510 3547 586 μιαρῶν
3606 515 3806 568 θυσιῶν

378 604 593 659 ritibus
621 604 706 659 uti
737 608 1103 663 recusarent,
1131 602 1465 673 promiscue
1488 601 1708 655 occidit
1728 618 1750 665 ;
1770 600 2034 670 abiitque

383 693 588 750 relicto
621 692 897 764 praefecto
949 692 1051 762 qui
1098 691 1331 745 Judaeos
1382 696 1701 760 torqueret.
1746 695 1811 744 At
1841 705 2034 744 sacer.

380 784 485 838 dos
544 782 787 854 quidam
879 781 1121 835 nomine
1182 779 1477 842 Matthiae,
1540 778 1803 849 quinque
1880 777 2034 832 filios

384 874 631 936 habens,
692 887 944 942 quorum
1004 886 1157 924 unus
1216 868 1330 924 fuit
1391 868 1569 923 Judas
1652 868 2030 933 Maccabaaus,

383 961 736 1033 indignitate
768 961 850 1014 rei
879 959 1240 1023 stimulatus,
1276 958 1337 1012 in
1368 957 1711 1029 praefectum
1742 958 2028 1028 impetum

378 1052 540 1115 fecit,
592 1066 780 1121 eoque
838 1049 1129 1103 trucidato
1179 1065 1389 1103 omnes
1452 1065 1589 1103 suos
1638 1047 2030 1118 congregavit,

384 1142 839 1209 Graecorumque
871 1139 1125 1193 incestas
1147 1154 1278 1192 aras
1302 1138 1610 1201 subvertit,
1646 1144 1706 1191 et
1736 1154 1835 1191 eos
1866 1136 1967 1207 qui
2000 1152 2034 1190 a

380 1229 509 1301 lege
539 1229 741 1283 divina
769 1228 1147 1283 desciverant
1190 1227 1511 1281 interemit.
1547 1226 1658 1281 Sed
1705 1225 2032 1281 Antiochus

380 1319 631 1390 turpiter
663 1335 732 1373 ex
768 1317 1007 1372 Perside
1052 1322 1380 1385 revertens,
1415 1323 1659 1387 accepta
1688 1316 1877 1382 clade,
1911 1332 2031 1386 prae

381 1406 565 1462 nimio
593 1422 842 1462 mmrore
874 1406 933 1459 in
967 1405 1238 1459 morbum
1263 1405 1493 1470 incidit,
1517 1404 2031 1474 familiaribusque

385 1496 512 1551 suis
538 1496 732 1550 fassus
764 1501 854 1549 est
892 1511 954 1548 se
998 1493 1296 1548 insomnio
1348 1494 1607 1564 torqueri
1642 1510 1708 1548 ac
1749 1493 2031 1548 sollicitu-

378 1585 515 1640 dine
546 1583 759 1639 confici
786 1601 799 1638 :
825 1600 984 1638 nunc
1016 1600 1079 1639 se
1111 1583 1406 1638 recordari
1441 1599 1571 1653 quae
1604 1581 2027 1653 Hierosolymis

374 1675 668 1729 maleficia
700 1674 1076 1741 exercuisset,
1097 1680 1156 1727 et
1185 1674 1406 1727 sentire
1437 1677 1679 1743 propter
1709 1672 1822 1726 ista
1842 1673 1901 1725 in
1923 1672 2026 1725 has

372 1781 433 1818 se
467 1763 837 1818 calamitates
867 1763 1197 1829 devenisse,
1222 1762 1402 1832 inque
1424 1762 1619 1817 alieno
1652 1761 1779 1816 solo
1805 1761 2021 1832 perire.

2149 592 2436 666 ἐνέπλησε,
2462 593 2589 658 τοὺς
2630 593 2687 650 δὲ
2749 598 2825 669 μὴ
2880 597 3349 672 προαιρουμένους
3382 604 3490 657 τῶν
3522 599 3803 658 Ἰουδαίων

2148 681 2440 753 ἒλληνίσαι
2493 682 2728 760 ἀφειδῶς
2785 682 3110 743 κατέκτεινε.
3176 685 3429 751 Πολλοὺς
3460 689 3552 743 οὖν
3591 689 3801 747 ἀνελὼν

2145 772 2408 841 ἀπῆλθεν,
2443 775 2684 849 ἄρχοντα
2722 775 3038 831 καταλιπὼν
3091 777 3166 838 εἷς
3222 776 3283 832 τὸ
3343 774 3647 849 ϐασανίζειν
3680 782 3809 844 τοὺς

2145 860 2464 926 Ἰουδαίους.
2516 865 2757 928 Ματθίας
2815 862 2872 919 δέ
2920 886 3004 927 τις
3062 866 3234 941 ἱερεὺς
3267 866 3413 946 ἔχων
3447 869 3598 931 υἱοὺς
3622 872 3805 942 πέντε,

2144 952 2233 1029 ἀφ’
2292 954 2367 1007 ὢν
2424 950 2630 1015 Ἰούδας
2700 955 2729 1008 6
2795 949 3149 1017 Μακκαϐαῖος
3207 958 3292 1029 [Ρ.
3329 959 3453 1031 164]
3516 957 3802 1033 έτύγχανε,

2147 1042 2323 1113 ζήλου
2381 1042 2651 1114 πλησθεὶς
2708 1046 2799 1099 καὶ
2861 1046 3110 1119 ὁρμήσας
3176 1047 3312 1101 κατὰ
3371 1052 3468 1102 τοῦ
3533 1048 3805 1123 ἄρχοντος

2143 1132 2347 1187 ἀνεῖλεν
2407 1134 2585 1188 αὐτόν.
2647 1135 2753 1189 Καὶ
2812 1135 3117 1210 συναγαγὼν
3180 1137 3419 1198 ἅπαντας
3493 1138 3619 1199 τοὺς
3673 1138 3801 1215 περὶ

2142 1223 2302 1276 αὑτὸν
2360 1220 2655 1298 ἀπέρχεται
2714 1225 2803 1278 καὶ
2860 1225 3223 1281 κατασκάπτει
3280 1225 3411 1288 τοὺς
3463 1226 3801 1304 ἀκαθάρτους

2145 1313 2372 1385 βωμοὺς
2404 1318 2512 1367 τῶν
2542 1311 2853 1382 Ἑλλήνων,
2898 1315 2987 1368 καὶ
3041 1313 3170 1369 τοὺς
3218 1315 3553 1382 ἀποστάντας
3581 1323 3678 1373 τοῦ
3708 1321 3800 1374 νό-

2146 1421 2249 1472 μου
2308 1401 2533 1478 ἀναιρεῖ.
2593 1403 2649 1455 '0
2703 1400 2760 1457 δὲ
2825 1424 2888 1478 γε
2945 1404 3226 1479 Ἀντίοχος
3291 1405 3550 1480 ἀκόσμως
3600 1428 3658 1463 τε
3707 1412 3800 1465 καὶ

2140 1488 2445 1563 ἡττημένος
2479 1490 2537 1545 ἐκ
2587 1498 2687 1560 τῆς
2750 1489 3006 1566 Περσίδος
3063 1495 3163 1562 τήν
3218 1494 3567 1571 ὑποστροφὴν
3600 1496 3802 1551 ποιού-

2144 1600 2328 1653 μενος,
2390 1578 2450 1634 ἐκ
2507 1580 2728 1649 πολλῆς
2800 1581 3033 1653 ἀθυμίας
3092 1583 3447 1658 ἀρρωστήσας
3505 1580 3606 1663 ἔφη
3659 1588 3795 1660 πρὸς

2136 1669 2263 1731 τοὺς
2333 1671 2566 1732 οἰκείους
2625 1673 2837 1726 ἑαυτοῦ·
2897 1674 3219 1748 Ἀφίσταται
3278 1676 3305 1729 6
3355 1674 3523 1740 ὕπνος
3554 1678 3660 1733 ἀπὸ
3689 1683 3797 1733 τῶν

2136 1757 2438 1837 ὀφθαλμῶν
2475 1781 2602 1833 μου,
2635 1761 2727 1816 καὶ
2759 1761 3133 1834 συμπέπτωκα
3186 1764 3292 1819 ἀπὸ
3344 1771 3444 1832 τῆς
3497 1765 3790 1839 μερίμνης.

357 1853 545 1908 Simul
575 1854 794 1925 aurigae
829 1870 933 1907 suo
964 1852 1269 1906 mandavit
1299 1857 1362 1905 ut
1393 1852 1570 1906 citato
1597 1868 1774 1906 cursu
1807 1866 2012 1921 perge-

2136 1853 2242 1905 Νῦν
2312 1850 2405 1903 οὖν
2474 1854 2861 1924 μιμνήσκομαι
2925 1856 3034 1906 τῶν
3102 1858 3281 1908 κακῶν
3347 1855 3419 1908 ὧν
3477 1853 3708 1923 ἐποίησα
3738 1857 3791 1912 έν

355 1948 465 2009 ret,
499 1943 811 2014 perspicue
852 1942 1332 1996 animadvertens
1364 1941 1645 1995 divinitus
1676 1940 2014 1995 immissum

359 2032 738 2103 supplicium.
767 2031 1104 2086 Vexahatur
1127 2031 1448 2086 insanabili
1473 2031 1892 2085 intestinorum
1912 2030 2020 2084 do-

356 2120 506 2175 lore.
540 2121 770 2175 Accidit
799 2127 997 2175 autem
1029 2126 1095 2174 ut
1142 2120 1214 2175 de
1246 2136 1424 2174 curru
1454 2136 1718 2191 praeceps
1750 2135 1883 2173 cum
1916 2118 2021 2173 im-

362 2216 505 2281 petu
582 2210 1020 2272 deturbaretur,
1091 2226 1280 2279 eoque
1338 2225 1477 2285 casu
1535 2208 1738 2263 afﬂicti
1818 2208 2019 2263 omnia

362 2299 633 2354 membra
665 2299 933 2370 corporis
965 2300 1474 2362 excruciarentur,
1510 2314 1578 2352 ac
1608 2314 1833 2351 vermes
1863 2297 2015 2353 988

358 2406 593 2462 quoque
654 2394 1061 2460 erumperent,
1146 2388 1628 2461 gravissimisque
1708 2387 2016 2442 doloribus

360 2496 569 2535 carnes
602 2481 781 2534 etiam
831 2479 1194 2534 deciderent.
1229 2481 1315 2533 Ita
1362 2478 1464 2533 ille
1511 2478 1686 2532 vitam
1728 2477 1786 2532 in
1819 2477 2015 2532 aliena

357 2573 516 2623 terra
547 2586 680 2624 cum
711 2567 1054 2639 turpissima
1086 2573 1275 2622 morte
1308 2566 1713 2622 commutavit.

2132 1938 2516 2013 Ἰερουσαλήμ.
2549 1942 2759 2013 Ἕγνων
2792 1942 2875 1995 ὃτι
2925 1943 3086 2016 χάριν
3133 1941 3343 1997 τούτων
3379 1943 3530 2017 εὗρον
3558 1946 3627 1999 τὰ
3655 1946 3792 2001 κατὰ

2127 2032 2314 2094 ταῦτα,
2348 2026 2436 2081 καὶ
2470 2025 2589 2082 ίδοὺ
2621 2026 2942 2101 ἀπόλλυμαι
2995 2028 3047 2084 έν
3092 2033 3165 2105 γῇ
3198 2029 3489 2104 ἀλλοτρίᾳ.
3525 2033 3629 2088 Καὶ
3670 2055 3790 2088 συν.

2130 2117 2275 2185 έταξε
2327 2117 2417 2171 τὸν
2476 2117 2873 2192 ἁρματηλάτην
2928 2118 3092 2174 αὐτοὶ
3161 2119 3405 2175 έλαὲνειν
3468 2119 3794 2193 ἀνενδότως,

2129 2204 2588 2282 ἐπαισθανόμενος
2654 2207 2899 2286 ἐναργῶς
2977 2216 3083 2279 τῆς
3140 2206 3339 2265 ἄνωθεν
3393 2211 3626 2284 κρίσεως
3691 2214 3791 2282 τὴν

2127 2296 2421 2369 τιμωρίαν.
2485 2298 2727 2372 Συνέσχε
2782 2298 2886 2374 γάρ
2941 2298 3100 2353 αὐτὸν
3176 2300 3469 2371 ἀνήκεστος
3523 2299 3786 2376 ἀλγηδὼν

2124 2389 2232 2439 τῶν
2290 2383 2641 2464 σπλάγχνων
2705 2382 2897 2457 συνέϐη
2961 2384 3018 2442 δὲ
3072 2393 3250 2443 πεσεῖν
3318 2388 3478 2445 αὐτὸν
3533 2392 3624 2444 καὶ
3682 2391 3790 2447 ἀπὸ

2125 2479 2222 2529 τοῦ
2254 2475 2495 2548 ἅρματος
2529 2476 2696 2549 ῥοίζῳ
2725 2477 3049 2556 φερόμενον,
3099 2478 3189 2532 καὶ
3240 2475 3497 2554 δυσχερεῖ
3525 2479 3788 2551 π’ώματι

2123 2568 2456 2638 περιπεσεῖν,
2516 2564 2606 2618 καὶ
2663 2565 2837 2621 πάντα
2894 2570 2991 2621 τοῦ
3054 2567 3312 2638 σώματος
3368 2564 3788 2645 ἀποστρεὸλοῦ-

359 2660 480 2714 σθαι
512 2659 578 2713 τά
611 2656 778 2729 μέλη,
810 2653 951 2711 ὥστε
980 2657 1071 2710 καὶ
1112 2654 1404 2726 σκώληκας
1437 2650 1695 2730 ἆκΰράσαι
1725 2655 1814 2709 καὶ
1856 2653 1915 2709 ἐκ
1945 2650 2158 2716 ὀδύναις
2195 2653 2471 2730 μεγίσταις
2499 2655 2855 2710 καταπίπτειν
2886 2656 3057 2710 αὐτοῦ
3086 2656 3184 2719 τὰς
3221 2656 3441 2732 σάρκας’
3482 2659 3571 2712 καὶ
3607 2658 3785 2721 οὓτως

364 2745 633 2822 αἷσχίστῳ
665 2745 820 2819 μόρῳ
840 2744 934 2799 τὸν
971 2746 1088 2819 βίον
1120 2744 1206 2800 ἐπὶ
1237 2743 1388 2813 ξένης
1417 2743 1761 2818 κατέστρεψε.

430 2836 727 2892 Successit
748 2837 907 2891 ﬂlius
942 2835 1271 2889 Antiochus
1301 2837 1579 2905 Eupator.
1602 2836 1703 2888 Hic
1727 2834 2012 2889 adversus

350 2927 564 2983 Judam
613 2925 1026 2991 Maccabmum,
1063 2924 1220 2994 quod
1252 2923 1303 2977 is
1329 2924 1491 2995 regia
1521 2923 1800 2994 prmsidia
1854 2923 2013 2995 deje-

353 3017 550 3076 cisset.
607 3015 912 3087 ingentem
962 3014 1133 3069 duxit
1183 3013 1529 3078 exercitum,
1563 3013 1770 3083 viginti
1823 3013 2014 3067 millia

356 3104 647 3176 equitum,
688 3102 917 3174 pedites
972 3105 1194 3159 lOOOOO.
1230 3118 1441 3157 currus
1488 3102 1614 3163 3C0,
1662 3102 2011 3173 elephantos

355 3195 427 3250 ab
470 3182 696 3249 bellum
747 3192 1099 3247 exercitatos
1134 3194 1220 3245 55.
1275 3191 1476 3248 Aciem
1511 3191 1593 3245 ita
1637 3191 1921 3245 instruxit
1948 3196 2014 3244 ut

2198 2832 2352 2888 Μετά
2382 2829 2441 2887 δὲ
2468 2832 2752 2912 Ἀντίοχον
2803 2830 3143 2889 ἐϐασίλευσεν
3196 2835 3487 2909 Ἀντίοχος
3534 2837 3562 2893 6
3597 2835 3781 2892 Εὐπά-

2123 2943 2257 2997 τωρ,
2294 2924 2410 2985 υίὸς
2460 2922 2646 2993 αὐτοῦ,
2711 2923 2793 3001 ἐφ’
2852 2924 2912 2978 οὗ
2974 2921 3185 2986 Ἰούδας
3217 2925 3245 2978 6
3281 2919 3636 2987 Μακκαϐαιος
3669 2924 3781 2980 τοὺ⁹

2125 3013 2478 3093 φρουράργας
2536 3012 2828 3088 Ἀντιόχου
2880 3013 3315 3086 τροπωσάμενος
3367 3013 3614 3078 ἐπελθεῖν
3665 3026 3767 3077 καθ

2124 3102 2288 3157 αὐτοῦ
2322 3103 2607 3178 Ἀντίοχον
2644 3103 3012 3179 παρεσκεύασε
3073 3104 3206 3176 μετὰ
3261 3101 3536 3181 χιλιάδων
3568 3104 3780 3160 ἱππέων

2122 3192 2296 3247 εἶ’κοσι
2355 3192 2445 3247 καὶ
2499 3197 2676 3262 πεζῶν
2749 3190 3020 3268 χιλιάδων
3106 3193 3293 3248 ἑκατὸν
3378 3193 3466 3248 καὶ
3526 3194 3785 3269 ἁρμάτων

349 3283 551 3337 divisis
601 3283 664 3336 in
718 3280 1043 3354 phalanges
1076 3280 1411 3353 elephantis
1454 3280 1638 3335 cuivis
1686 3282 1824 3334 4000
1854 3280 2009 3333 viros

2130 3281 2449 3356 τριακοσίων
2507 3283 2593 3336 καὶ
2654 3281 2962 3356 ἐλεφάντων
3019 3288 3087 3338 vs‘
3137 3268 3593 3358 γεγυμνασμένων
3646 3282 3783 3357 πρὸς

347 3372 553 3428 loricis
585 3377 642 3427 et
675 3371 1008 3427 cassidibus
1049 3371 1221 3426 aereis
1250 3374 1510 3425 armatos
1559 3369 1912 3440 adjungeret
1942 3383 2010 3423 ao

350 3462 455 3515 500
487 3461 752 3515 delectos
803 3460 1074 3530 equites:
1121 3458 1391 3531 gestabat
1420 3457 1612 3529 quivis
1653 3456 2010 3528 elephantus

350 3550 561 3605 turrim
590 3550 870 3622 ligneam,
916 3550 1098 3619 inque
1147 3565 1218 3605 ea
1265 3554 1527 3603 armatos
1556 3548 1710 3602 viros
1742 3549 1830 3602 32.
1864 3550 2007 3601 (lum

357 3640 499 3695 solis
531 3639 681 3694 radii
716 3640 777 3693 in
820 3644 1027 3693 aurata
1072 3644 1241 3693 scuta
1272 3642 1331 3692 et
1370 3654 1579 3692 currus
1633 3637 2006 3703 incidissent,

348 3745 561 3785 eorum
588 3728 816 3783 reflexu
848 3733 1082 3783 montes
1116 3726 1573 3798 splenduerunt.
1606 3731 1752 3781 Aere
1796 3730 1919 3781 tum
1953 3729 2012 3779 et

349 3835 633 3891 magnum
690 3824 781 3873 est
847 3818 1236 3873 commissum
1296 3815 1596 3888 proelium.
1647 3816 1813 3881 Quod
1873 3831 2009 3869 cum

350 3909 608 3965 maxime
658 3908 932 3969 ferveret,
963 3907 1273 3962 Eleazarus
1313 3907 1497 3961 frater
1535 3904 1718 3973 Judm,
1759 3920 2011 3960 cernens

347 3999 558 4056 ardare
592 3998 944 4069 elephantos
979 4013 1280 4067 supraque
1303 4013 1405 4050 eos
1436 3995 1795 4063 sagittarios,
1820 4009 2007 4050 unum

351 4105 558 4144 eorum
593 4088 797 4143 videns
828 4086 1078 4158 reliquis
1111 4085 1521 4140 sublimiorem
1566 4101 1635 4139 ac
1664 4083 2007 4140 thoracibus

347 4178 526 4249 regiis
553 4185 868 4239 armatum,
922 4183 980 4230 et
1028 4176 1365 4246 suspicatus
1424 4191 1493 4229 eo
1538 4190 1780 4247 regnem
1841 4173 2010 4252 ferri,

348 4274 512 4322 extra
543 4268 783 4322 ordines
797 4283 926 4321 sese
942 4266 1257 4341 proripuit,
1273 4264 1455 4335 inque
1471 4278 1729 4318 cuneum
1746 4263 2009 4317 hostium

349 4373 478 4412 sese
510 4357 863 4424 immittens,
911 4355 1116 4410 multis
1163 4354 1320 4409 circa
1368 4354 1755 4425 elephantum
1800 4352 2013 4408 occisis

353 4445 615 4501 belluam
648 4446 851 4512 subiit,
904 4451 1294 4514 ventremque
1344 4443 1474 4514 ejus
1519 4443 1718 4508 feriit;
1770 4459 1887 4513 quo
1940 4459 2011 4497 ex

354 4534 599 4590 vulnere
621 4534 824 4589 bellua
842 4533 1124 4599 concidit,
1152 4533 1471 4603 ipsumque
1493 4532 1669 4586 ruina
1690 4533 1989 4602 oppressit

2117 3372 2389 3445 πόλεμον.
2446 3374 2546 3433 "Oc
2603 3370 2695 3426 καὶ
2762 3368 2957 3427 διελὼν
3015 3372 3143 3433 τοὺς
3200 3371 3498 3450 ἰλέφαντας
3553 3371 3628 3434 εἷς
3682 3371 3780 3434 τὰς

2118 3460 2403 3537 φάλαγγας
2461 3459 2796 3536 παρέστησεν
2858 3460 3068 3534 ἑκάστῳ
3127 3459 3374 3538 ἐλέφαντι
3431 3458 3627 3535 ἄνδρας
3684 3478 3777 3537 χι-

2118 3547 2270 3611 λίους
2298 3549 2825 3624 τεθεωρακισμένους
2872 3548 2922 3602 έν
2974 3546 3386 3615 ἁλυσειδωτοῖς,
3441 3549 3529 3604 καὶ
3559 3569 3777 3623 περικε-

2118 3638 2345 3718 φαλαῖαι
2372 3638 2585 3716 χαλκαῖ
2615 3637 2703 3692 ἐπὶ
2760 3640 2856 3700 τὰς
2915 3640 3159 3713 κεφαλὰς
3218 3639 3418 3708 αὐτῶν,
3468 3638 3559 3693 καὶ
3592 3639 3778 3701 ἱππεῖς

2118 3727 2368 3785 ἐκλεκτοὶ
2426 3730 2770 3784 πεντακόσιοι
2830 3727 3241 3805 διατεταγμένοι
3299 3730 3513 3802 ἑκάστῳ
3574 3730 3775 3804 θηρίῳ,

2117 3818 2205 3873 καὶ
2233 3819 2432 3894 πύργοι
2483 3817 2694 3888 ξύλινοι
2751 3818 2832 3897 ἐφ’
2889 3819 3101 3888 ἑκάστῳ
3132 3818 3310 3895 θηρίῳ
3343 3819 3432 3874 διὰ
3490 3825 3773 3899 μηχανῆς,

2118 3907 2207 3962 καῖ
2241 3906 2321 3987 ἐφ’
2352 3908 2564 3979 ἑκάστῳ
2616 3904 2805 3983 ἄνδρες
2862 3905 3146 3981 δυνάμεως
3203 3903 3425 3963 ἔνοπλοι
3457 3925 3778 3982 τριακοντα-

2122 3993 2239 4053 δύο.
2271 3998 2359 4058 Ὡς
2393 3995 2448 4051 δὲ
2478 3995 2826 4069 κατέλαμπεν
2860 3997 2888 4051 6
2919 3993 3086 4065 ἣλιος
3135 3995 3223 4051 ἐπὶ
3254 3998 3349 4059 τὰς
3383 4002 3590 4072 χρυσᾶς
3621 3995 3786 4052 ἀσπίς

2121 4083 2215 4147 δας
2246 4084 2432 4140 καίτὰ
2485 4088 2720 4160 ἅρματα,
2764 4080 2981 4140 ἔστιλϐε
3038 4085 3105 4139 τά
3171 4084 3272 4161 ὅρη
3333 4086 3424 4140 ἀπ’
3481 4085 3679 4140 αὐτῶν
3716 4086 3785 4153 ἦν

2116 4173 2218 4246 γὰρ
2249 4173 2284 4240 ἡ
2332 4166 2662 4245 παρεμϐολή
2727 4169 2945 4247 μεγάλη
2999 4169 3090 4224 καὶ
3150 4169 3349 4245 ἰσχυρά
3400 4169 3675 4229 λίαν.’Καὶ
3707 4170 3785 4232 ὡς

2118 4259 2380 4315 ἐπέτεινεν
2437 4261 2472 4327 ἠ
2538 4258 2719 4333 μάχη,
2769 4257 3098 4331 θεασάμενος
3151 4257 3417 4333 Ἐλεάζαρ
3469 4259 3498 4314 6
3542 4254 3790 4333 ἀδελφὸς

2120 4346 2294 4405 Ἰούδα
2355 4347 2780 4421 πεπυρωμένους
2854 4345 2982 4409 τοὺς
3061 4342 3357 4423 ἐλέφαντας
3415 4346 3508 4401 καὶ
3563 4345 3789 4415 τοξότας

2120 4435 2401 4492 έπέὐτῶν
2436 4435 2793 4514 φερομένους,
2853 4433 2947 4490 ἶνα
3006 4433 3051 4490 δ’
3113 4433 3242 4491 ἰδὼν
3306 4433 3646 4510 ὑψηλότερον
3673 4440 3784 4488 τῶν

2119 4526 2308 4583 ἄλλων
2373 4527 2463 4581 καὶ
2534 4524 2846 4602 βασιλικοῖς
2903 4527 3103 4602 θώραξι
3170 4525 3651 4600 καθωπλισμένον,
3695 4525 3787 4580 καὶ

350 4622 537 4677 ludas
570 4639 703 4677 cum
750 4622 863 4677 hoc
894 4622 1119 4676 videret
1167 4626 1225 4675 et
1274 4635 1535 4692 pugnam
1594 4620 1703 4685 sibi
1746 4621 2014 4691 iniquam

2130 4616 2360 4691 νομίσας
2384 4616 2467 4671 ἐπ’
2524 4615 2685 4671 αὐτὸν
2748 4618 2997 4695 φέρεσθαι
3054 4615 3149 4670 τὸν
3210 4613 3439 4691 βασιλέα
3470 4612 3789 4685 ἐκπηδήσας

364 4727 493 4765 esse
527 4711 796 4775 sentiret,
830 4710 1304 4782 Hierosolymam
1346 4708 1498 4763 που
1533 4708 1814 4780 profugit.
1869 4711 2015 4764 Eum

361 4800 671 4855 insecutus
707 4798 1033 4854 Antiochus
1062 4797 1273 4852 urbem
1305 4796 1618 4852 obsidione
1650 4797 1853 4853 cinxit.
1876 4799 2017 4853 Post

304 4916 307 4919 ν
361 4906 508 4962 pace
540 4889 871 4960 composita
913 4894 973 4943 at
1001 4887 1138 4942 dato
1184 4886 1580 4959 jurejurando
1626 4887 1922 4942 admissus
1953 4888 2014 4942 in

359 4979 570 5035 urbem
594 4978 667 5034 ab
697 4978 866 5042 Juda,
899 4977 1118 5032 violata
1139 4977 1503 5048 juramento,
1540 4993 1740 5032 muros
1771 4993 2017 5048 prorsus

360 5069 597 5141 dejecit,
659 5085 728 5125 ac
784 5067 997 5123 incolis
1059 5065 1330 5138 spoliatis
1402 5067 1756 5123 Antiocham
1816 5068 2011 5123 rediit.

355 5162 498 5216 Post
546 5159 671 5214 haec
708 5157 966 5213 triennio
996 5156 1175 5211 Judas
1215 5156 1429 5211 avitam
1460 5157 1809 5229 religionem
1840 5172 2015 5228 poene

356 5248 685 5305 obsoletam
734 5244 1109 5310 instauravit,
1163 5243 1321 5299 bella
1378 5260 1593 5317 magna
1645 5245 1848 5317 gessit,
1902 5248 2009 5299 tro-

355 5355 605 5409 pasaque
651 5337 940 5409 prasclara
973 5336 1178 5402 erexit,
1215 5339 1274 5389 et
1301 5335 1504 5390 Iudaea
1534 5335 1811 5390 Antiochi
1846 5333 2014 5389 duci-

358 5424 470 5479 bus
503 5428 783 5483 omnibus
815 5426 1146 5499 proﬂigatis
1184 5424 1527 5495 temploque
1583 5428 1899 5496 repurgato
1932 5429 2019 5478 to-

365 5514 480 5569 tius
512 5518 713 5587 populi
748 5533 1045 5572 consensu
1062 5515 1327 5589 pontifex
1359 5514 1656 5570 maximus
1683 5516 1873 5571 factus
1904 5520 2013 5572 est.

2123 4714 2224 4777 τῆς
2309 4705 2654 4778 παρατάξεως
2732 4704 3065 4779 ἐμπλέκεται
3146 4703 3227 4777 τῷ
3309 4711 3415 4760 τῶν
3493 4703 3783 4777 πολεμίων

2126 4794 2594 4870 ἁθροίσματι,καῖ
2653 4791 2901 4858 πολλοὺς
2961 4792 3281 4855 ἀποκτείνας
3332 4800 3443 4849 τῶν
3499 4794 3620 4868 περὶ
3697 4793 3789 4847 νὸν

2129 4884 2391 4964 ἐλέφαντα
2458 4884 2803 4939 ὑποκάτωθεν
2866 4881 3030 4937 αὐτοῦ
3114 4880 3300 4951 ὑπέδυ,
3364 4883 3454 4938 καὶ
3545 4882 3787 4952 πατάξας

2129 4975 2204 5037 εἰς
2258 4977 2357 5045 τὴν
2410 4973 2641 5049 γαστέρα
2696 4974 2788 5029 τὸν
2850 4970 3113 5050 ἐλέφαντα
3175 4972 3483 5031 ἐπικαθίσαι
3536 4973 3625 5027 καὶ
3658 4994 3788 5026 συν-

2126 5067 2317 5139 τρῖψαι
2364 5063 2523 5118 αὐτὸν
2550 5064 2644 5118 τὸν
2674 5063 2737 5118 τὸ
2769 5061 2956 5138 θηρίον
3016 5062 3287 5132 ἐποίησεν.
3346 5065 3519 5135 ’Ὀπερ
3579 5059 3786 5123 Ἰούδας

2130 5154 2459 5226 θεασάμενος
2506 5152 2599 5207 καὶ
2646 5153 3031 5227 κραταιότερον
3077 5152 3170 5206 τὸν
3222 5149 3469 5225 πόλεμον
3531 5150 3787 5224 αἰσθόμε·

2127 5264 2219 5305 νος
2253 5242 2331 5303 εἲς
2380 5239 2744 5317 Ἰερουσαλὴμ
2802 5236 2982 5319 ἔφυγε.
3016 5241 3121 5298 Καὶ
3177 5238 3467 5312 ὖπιδιώξας
3497 5241 3788 5316 Ἀντίοχος

2128 5327 2442 5405 ἐπολιόρκει
2488 5329 2714 5400 ταύτην.
2749 5330 2882 5386 Εἶτα
2942 5328 3145 5406 λόγους
3204 5330 3511 5403 εἰρηνικοὺς
3547 5331 3660 5402 μεθ’
3693 5328 3793 5402 δρ-

2127 5442 2237 5477 κων
2297 5419 2696 5493 ποιησαμένου,
2757 5417 2976 5495 δέχεται
3035 5419 3193 5474 αὐτὸν
3258 5417 3468 5480 Ἰούδας
3510 5416 3663 5482 ἔνδον
3690 5420 3791 5487 τῆς

2126 5510 2366 5573 πόλεως.
2399 5510 2460 5568 Ὀ
2492 5507 2570 5578 δε,
2604 5507 2864 5573 εἴσελθὼν
2915 5508 3008 5564 καὶ
3056 5508 3148 5565 τὸν
3201 5507 3362 5583 ὅρκον
3398 5506 3793 5586 παρασπονδήσ-

360 5618 459 5661 σας
485 5603 572 5656 καὶ
597 5602 661 5660 τὸ
688 5608 877 5682 τεῖχος
906 5602 1095 5659 τέλεον
1151 5600 1523 5677 καταστρέψας
1584 5601 1674 5657 καὶ
1729 5601 1857 5664 τοὺς
1908 5601 2205 5677 οἷκήτορας
2264 5598 2586 5668 σκυλεύσας,
2644 5597 2724 5662 είς
2777 5597 3141 5674 Ἀντιόχειαν,
3192 5598 3787 5676 [Β.1θῦ]ὑπέστριψε,

356 5687 503 5744 Μετὰ
564 5686 622 5744 εδ
685 5695 852 5746 causa
916 5689 1128 5754 Ἰούδας
1190 5692 1366 5765 τρισὶν
1428 5687 1571 5746 ἔτεσι
1638 5692 1736 5761 τήν
1800 5689 2091 5768 θρησκείαν
2158 5689 2599 5769 ὀλιγωρηθεῖσαν
2659 5688 2759 5758 τήν
2801 5690 3031 5765 πάτριον
3099 5686 3451 5761 ἀνεκτήσατο,
3493 5686 3787 5745 καὶπσλῦι
