4142 6412
362 398 478 459 327

1728 384 2046 448 GEORGII
2094 384 2431 447 CEDRENI

3666 393 3788 453 328

355 530 697 586 Aristobulo
733 502 1089 585 sacerdotes.
1144 531 1284 583 Erat
1313 532 1510 583 autem
1540 523 1785 596 quidam
1829 519 2005 575 Onias

2131 516 2413 590 παρουσίᾳ.
2450 516 2551 573 Καὶ
2616 518 2852 590 Ὑρκανῷ
2908 517 3002 590 μὶν
3044 517 3339 596 συνεμάχει
3400 522 3512 596 (21)
3561 518 3623 576 τὸ
3669 520 3780 592 δη-

356 619 605 675 nomine
641 619 797 674 inter
854 617 1212 683 sacerdotes,
1258 617 1394 688 pius
1425 633 1491 670 ac
1539 613 1761 685 justus,
1796 617 1854 665 et
1910 608 2008 679 qui

358 707 676 779 aliquando
701 707 960 778 pluviam
983 707 1257 779 precibus
1278 705 1584 760 elicuerat.
1613 704 1779 757 Hunc
1807 715 2016 771 coege-

358 804 499 853 runt
529 797 837 851 victoriam
877 802 1084 867 petere
1120 813 1155 850 a
1188 795 1328 851 Deo.
1365 796 1416 849 Is
1451 810 1586 865 ergo
1621 792 1705 847 sic
1737 796 1826 845 est
1884 805 2014 860 pre-

362 893 528 942 catus
552 903 564 942 :
592 909 619 936 ‹‹
647 886 893 941 Domine
918 887 1094 953 Deus,
1129 902 1324 956 neque
1350 883 1569 955 populo
1589 888 1797 937 contra
1821 894 2017 934 sacer-

367 979 536 1033 dotes
564 994 756 1048 neque
812 976 905 1031 his
937 979 1143 1031 contra
1173 975 1463 1047 populum
1513 972 1799 1027 auxilium
1841 970 1949 1024 fer.
1987 988 2014 1015 »

366 1069 513 1122 Eum
558 1067 755 1122 statim
809 1065 1081 1121 crudeles
1132 1065 1220 1120 illi
1270 1070 1449 1135 atque
1499 1062 1667 1133 impii
1718 1059 2016 1131 lapidibus

286 1155 293 1164 ’
369 1156 714 1212 obruerunt.
766 1157 1043 1211 Insecuta
1091 1160 1178 1209 est
1226 1154 1427 1208 statim
1485 1152 1739 1206 vindicta
1796 1148 2014 1215 divina,

366 1246 643 1316 venitque
674 1248 1079 1302 Romanorum
1106 1245 1431 1315 imperator
1455 1242 1794 1311 Pompeius,
1829 1242 1887 1293 et
1914 1253 2016 1292 ur-

363 1335 497 1390 bem
548 1334 722 1407 cepit.
774 1336 1201 1407 Ingressusque
1252 1333 1313 1386 in
1365 1330 1690 1387 sacrarium
1735 1328 2016 1382 intimum

362 1424 584 1495 piatate
641 1422 851 1478 ductus
904 1422 1057 1477 nihil
1116 1440 1298 1477 sacras
1357 1419 1745 1492 supellectilis
1803 1415 2014 1487 attigit,

363 1513 631 1584 quamvis
695 1518 851 1567 esset
907 1511 1205 1582 permulta
1258 1511 1360 1565 ibi.
1412 1510 1564 1575 Quin
1617 1513 1673 1565 et
1712 1503 2017 1578 repurgari

362 1602 569 1658 fanum
601 1606 660 1659 et
690 1602 985 1658 sacriﬁcia
1010 1602 1211 1674 peragi
1237 1596 1824 1671 jussit.Aristobulus
1841 1596 2017 1649 Pom-

358 1691 492 1762 peio
535 1690 688 1747 dono
721 1690 886 1746 misit
915 1691 1091 1745 vitem
1125 1689 1500 1761 auream,260
1534 1687 1755 1743 talenta
1794 1699 2017 1755 appen-

362 1781 623 1835 dentem.

433 1958 793 2013 Ptolemazus
823 1960 1135 2030 Evergetes
1168 1958 1467 2014 secundus
1501 1955 1766 2029 regnavit
1822 1967 2014 2008 annos

361 2049 563 2121 viginti
598 2048 1217 2114 novem.Ptolemaeus,
1241 2048 1341 2119 qui
1376 2063 1411 2102 a
1441 2046 1777 2101 tumiditate
1809 2057 2013 2112 corpo-

363 2137 447 2192 ris
475 2138 748 2207 Physcon
781 2137 1329 2205 estnominatus,”
1362 2136 1770 2191 s.Ptolemaeus
1803 2133 2016 2189 Alexas

364 2243 554 2282 annos
578 2226 1026 2281 lO.Ptolemieus
1051 2226 1216 2281 Soter
1238 2222 1823 2286 secundus.secundo
1843 2225 2013 2278 Ever-

365 2314 515 2387 getis
546 2315 698 2370 292
735 2314 1112 2382 ﬁlius,annos
1143 2313 1552 2384 29,Cleopatra
1581 2315 1633 2379 8,
1658 2311 2017 2366 Ptolemaeus

359 2402 568 2475 junior
595 2403 913 2474 Dionysius
963 2405 1052 2458 30.
1104 2403 1417 2475 Cleopatra
1465 2402 1640 2472 hujus
1690 2401 1812 2456 ﬁlia
1862 2400 2015 2472 patri

372 2492 905 2565 successii,collega
935 2493 1101 2566 regni
1130 2493 1311 2549 fratre
1341 2493 1683 2560 Ptolemaeo,
1710 2507 1887 2563 quem
1916 2490 2019 2545 illa

372 2582 580 2638 oborto
614 2582 858 2638 dissidio
891 2582 1140 2646 necavit,
1173 2599 1480 2653 annosque
1512 2585 1580 2635 22
1621 2597 1869 2653 regnum
1928 2585 2015 2634 te-

365 2672 516 2727 nuit.
542 2672 654 2727 Sed
688 2671 749 2726 in
783 2677 1114 2744 temporum
1153 2672 1571 2744 supputatione
1603 2676 1859 2742 quatuor
1888 2674 2014 2724 tan-

372 2766 494 2816 tum
528 2761 668 2816 anni
703 2762 870 2833 regni
900 2761 1081 2833 hujus
1111 2761 1439 2833 Cleopatrae
1475 2758 1831 2816 numerandi
1856 2762 2015 2813 sunt.

436 2851 587 2907 Asiae
620 2867 800 2921 regno
848 2851 1078 2922 primus
1126 2851 1456 2923 Antigonus
1499 2850 1722 2921 potitus
1774 2848 2015 2919 Antigo-

374 2941 535 2994 niam
566 2939 777 2994 urbem
807 2939 881 2994 ad
913 2940 1193 2995 Orontem
1226 2938 1471 2994 ﬂuvium
1515 2938 1801 2994 condidit.
1853 2938 2017 2992 Hane

366 3028 648 3083 Seleucus
671 3028 945 3084 Antiochi
975 3032 1146 3100 pater
1164 3027 1372 3083 refecit
1393 3044 1460 3083 ac
1491 3027 1880 3083 Antiocheam
1910 3041 2017 3080 no-

370 3117 775 3174 minavit.Haec
807 3123 897 3173 est
925 3118 1252 3174 Antiochea
1284 3135 1514 3190 magna.
1546 3117 1703 3173 Idem
1737 3116 2019 3171 Seleucus

371 3207 638 3263 condidit
667 3208 846 3263 etiam
879 3207 1251 3275 Laodiceam,
1282 3207 1631 3271 Seleuciam,
1666 3208 2012 3278 Apameam,

365 3296 996 3365 Edessam,Berrceam,
1032 3297 1251 3353 Pellam
1283 3303 1341 3352 et
1372 3296 1735 3367 Babylonem
1766 3293 2012 3365 recepit,

368 3386 551 3458 inque
585 3387 750 3443 novis
781 3386 1032 3443 urbibus
1061 3387 1295 3443 Judaeos
1327 3402 1461 3443 cum
1495 3384 1709 3442 Graecis
1749 3383 2017 3438 habitare

357 3476 567 3547 jussit.

439 3744 835 3799 Erasistratus
891 3742 1180 3809 medicus,
1241 3741 1593 3816 cognomine
1661 3741 2016 3813 Diapbanes,

368 3831 770 3903 deprehendit
814 3831 1176 3887 Antiochum
1234 3831 1462 3887 Seleuci
1523 3830 1715 3886 ﬁlium
1769 3832 2022 3903 graviter

385 3927 696 3995 aegrotare,
752 3921 911 3994 quod
962 3937 1275 3978 novercam
1337 3920 1653 3994 deperiret,
1738 3921 2018 3976 Demetrii

378 4010 586 4067 tiliam.
621 4013 693 4066 Et
722 4010 998 4067 Seleucus
1030 4011 1137 4067 ﬁlii
1170 4011 1445 4067 morbum
1485 4010 1792 4085 tegerrime
1822 4010 2019 4066 ferens

369 4097 423 4153 ei
453 4114 701 4155 uxorem
736 4116 905 4155 suam
958 4100 1271 4155 concessit.
1319 4102 1374 4155 Is
1404 4099 1732 4154 Antiochus
1790 4098 2017 4154 Seleuci

371 4187 531 4243 illius
567 4205 637 4244 ex
671 4188 824 4261 patri
858 4189 949 4246 sui
981 4189 1233 4261 conjuge
1268 4189 1622 4255 Stratonica,
1653 4188 1775 4243 ﬁlia
1804 4189 2018 4243 Deme-

365 4277 489 4347 trii,
540 4277 733 4334 ﬁlium
781 4277 988 4350 genuit
1034 4284 1427 4352 cognomento
1479 4279 1686 4348 Deum,
1741 4277 1841 4348 qui
1887 4282 2023 4349 post

365 4367 562 4438 ipsum
589 4368 768 4440 Syrias
797 4374 857 4423 et
886 4368 1039 4424 Asiae
1075 4385 1323 4441 regnum
1350 4385 1541 4424 annos
1571 4371 1635 4422 15
1673 4366 1882 4422 tenuit.

438 4638 609 4689 Anno
642 4636 851 4690 mundi
881 4636 1011 4690 5281
1051 4635 1397 4691 Nicomedes
1448 4635 1736 4708 Bithynia;
1769 4652 1873 4690 rex
1923 4637 2019 4690 Ni-
2052 4623 2099 4688 D

365 4724 699 4780 comediam
721 4725 930 4781 urbem
953 4724 1025 4781 de
1048 4743 1154 4781 suo
1179 4726 1420 4781 nomine
1436 4724 1854 4797 cendidit,quae
1878 4729 2014 4781 ante

363 4816 612 4869 Astacus
631 4814 745 4869 fuit
765 4814 940 4870 dicta.
964 4815 1291 4871 Antiochus
1317 4815 1657 4887 Epiphanes
1682 4832 1783 4870 rex
1807 4814 2009 4887 Syriae.

363 4902 791 4975 Hierosolymis
819 4904 1009 4976 captis
1040 4921 1107 4960 ac
1138 4903 1457 4976 populatis,
1493 4904 1782 4976 templum
1815 4903 2012 4975 profa—

361 4993 732 5064 navit,inque
765 5011 834 5049 eo
867 4993 1268 5049 abominabile
1299 4994 1457 5049 Jovis
1490 4993 1742 5065 Olympii
1777 4999 2015 5049 consta-

358 5084 474 5140 tuit
502 5083 1079 5155 simulacrum,quod
1110 5084 1337 5140 Danieli
1370 5084 1650 5140 vaticinio
1683 5084 2013 5140 desolatio-

361 5173 458 5230 nis
490 5190 595 5229 seu
626 5174 923 5230 vastitatis
954 5173 1357 5229 abominabile
1385 5174 1618 5245 signum
1651 5173 1888 5229 dicitur.

432 5267 643 5320 Annus
675 5264 971 5320 aSeleuco
1008 5266 1106 5317 170
1139 5262 1325 5318 Judaai
1350 5265 1754 5319 Romanorum
1776 5261 2020 5319 fuerunt

366 5351 689 5409 tributarii.

2125 608 2368 678 μοτικὸν,
2405 602 2815 682 Ἀριστοϐούλῳ
2856 605 2914 662 δὲ
2944 608 2996 662 οἱ
3023 609 3205 683 ἱερεῖς.
3241 614 3337 664 Ἦν
3370 607 3427 665 δὲ
3466 632 3549 671 τις
3600 613 3781 675 Ὀνίας

2122 696 2349 768 ὀνόματι
2405 692 2630 767 εὐσεϐής
2695 698 2785 751 καὶ
2841 695 3074 767 δίκαιος,
3132 698 3221 753 καὶ
3282 697 3341 753 ἐκ
3398 705 3504 754 τῶν
3560 702 3776 775 ἱερέων,

2122 783 2177 846 ὅς
2233 786 2323 839 καὶ
2381 781 2682 861 ἀνομϐρίαν
2749 785 2909 842 ’ἑλυσὲ
3004 808 3135 842 ποτε
3220 787 3530 860 εὐξάμενος
3587 795 3781 845 τοῦτον

2120 873 2420 950 ἠνάγκασεν
2443 871 2692 945 εὔξασθαι
2731 874 2855 950 περὶ
2885 877 3061 947 νίκης.
3098 878 3158 933 Ὀ
3214 873 3271 931 δὲ
3322 875 3521 948 ηὔξατο
3573 878 3775 953 λέγων.

2121 986 2148 1012 ‹‹
2209 963 2303 1017 Θεὶ
2360 964 2521 1038 Κύριε
2575 965 2872 1035 Δεσπότης,
2919 967 3059 1039 μήτε
3119 970 3196 1037 τῷ
3254 963 3420 1039 δήμῳ
3476 968 3612 1022 κατὰ
3667 972 3777 1022 τῶν

2122 1049 2306 1123 ίερέων
2339 1072 2435 1107 σου
2480 1057 2619 1127 μήτε
2646 1059 2762 1116 τοῖς
2792 1055 2992 1130 ἱερεῦσι
3024 1056 3161 1110 κατά
3188 1060 3284 1110 τοῦ
3323 1053 3507 1129 δήμου
3565 1057 3782 1132 βοηθή-

2124 1160 2243 1214 σῃς.
2281 1166 2302 1192 ι
2338 1147 2537 1197 Τοῦτον
2576 1140 2634 1197 δὲ
2662 1143 2859 1205 εὐθέως
2912 1144 2964 1199 οἱ
3013 1142 3156 1198 ὠλοὶ
3195 1144 3286 1199 καὶ
3337 1140 3549 1207 ἀσεϐεῖς
3602 1144 3785 1200 ὲλίθα-

2122 1249 2238 1286 σαν.
2271 1230 2375 1286 Καὶ
2406 1233 2672 1307 παρευθυς
2712 1239 2813 1302 τῆς
2869 1231 3013 1296 θείας
3074 1230 3234 1303 δίκης
3302 1234 3529 1296 τούτους
3592 1235 3785 1308 μετελ-

2122 1317 2321 1388 θούσης
2351 1318 2489 1388 ἦλθε
2525 1322 2640 1375 κατ’
2680 1322 2860 1376 αὐτῶν
2918 1323 3212 1394 Πομπήϊος
3256 1322 3543 1395 Ῥωμαίων
3586 1343 3781 1398 στρατ-

2122 1407 2255 1483 ηγὸς
2285 1410 2376 1463 καὶ
2405 1409 2506 1477 τὴν
2539 1408 2702 1465 πόλιν
2751 1409 3041 1486 ἐπόρθησε.
3114 1410 3212 1465 Καὶ
3262 1410 3523 1467 εἰσελθὼν
3581 1412 3660 1474 εἰς
3718 1412 3787 1467 τὰ

2120 1500 2280 1571 ’Ἀγια
2311 1502 2417 1552 τῶν
2463 1498 2654 1574 ἁγίων,
2709 1496 2781 1553 δι’
2841 1494 3114 1561 εὐσεϐείας
3170 1498 3393 1561 οὐδενὸς
3453 1504 3561 1555 τῶν
3619 1502 3783 1575 ἱερῶν

2088 1582 2326 1641 ⁴σκευῶν
2386 1586 2588 1661 ἥψατο,
2642 1587 2834 1662 καίπερ
2889 1586 3121 1643 πολλῶν
3206 1590 3516 1666 χρημάτων
3590 1610 3788 1660 οντων,

2121 1672 2384 1731 ἀλλὰκαὶ
2432 1677 2763 1751 ἀνακαθᾶραι
2819 1678 2882 1732 τὸ
2926 1677 3067 1751 ἱερὸν
3118 1679 3210 1732 καὶ
3266 1678 3361 1740 τὰς
3420 1677 3603 1741 θυσίας
3661 1678 3782 1734 ἐπι-

2119 1765 2299 1819 τελεῖν
2336 1764 2675 1841 προσέταξεν.
2712 1768 2965 1840 Ἔτιεμψε
3020 1764 3077 1821 δὲ
3129 1762 3552 1841 Ἀριστόϐουλος
3609 1764 3785 1841 δῶρον

2048 1883 2096 1947 Β
2132 1856 2410 1928 Πομπηίῳ
2440 1854 2697 1930 ἄμπελον
2730 1863 2942 1935 χρυσῆν
2977 1854 3270 1912 διακοσίων
3304 1854 3603 1913 ταλάντων.

2203 1943 2549 2018 Πτολεμαῖος
2580 1946 2607 2000 6
2641 1943 2889 2018 δεύτερος
2921 1941 3244 2022 Εὐεργέτης,
3305 1940 3397 2015 ἔτη
3430 1947 3531 2002 κθ’.
3581 1946 3785 2002 Ιιτολεο

2131 2039 2293 2106 μαῖος
2335 2036 2363 2089 6
2396 2035 2628 2091 Φύσκων
2665 2032 2737 2090 δι’
2796 2035 2960 2110 ὄγκον
2993 2039 3090 2091 τοῦ
3137 2038 3394 2109 σώματος
3438 2034 3784 2106 ἐπικληθεὶς,

2127 2117 2219 2193 ἔτη
2261 2126 2322 2194 ιζ’
2355 2131 2533 2196 μῆνας
2566 2126 2630 2188 ς’.
2665 2124 3009 2199 Πτολεμαῖος
3069 2123 3310 2199 Ἀλεξᾶς,
3372 2120 3466 2197 ἔτη
3534 2127 3583 2185 ι’.
3644 2132 3788 2182 Πτο-

2128 2211 2361 2286 λεμαῖος
2401 2214 2428 2267 6
2461 2211 2709 2289 δεύτερος
2742 2216 2963 2289 Σωτὴρ,
2997 2216 3025 2269 6
3058 2216 3174 2277 υίὸς
3204 2220 3302 2270 τοῦ
3334 2212 3586 2288 δευτέρου
3622 2216 3786 2290 Εὔερ-

2128 2304 2309 2377 γέτου,
2342 2300 2434 2373 ἔτη
2468 2306 2564 2358 κΘ’.
2603 2304 2941 2379 Κλεοπάτρα,
2976 2301 3069 2375 ἔτη
3104 2305 3174 2375 η’.
3211 2304 3558 2377 Πτολεμαῖος
3592 2306 3620 2360 6
3664 2304 3791 2370 νέος

2130 2392 2383 2454 Διόνυσος
2417 2388 2761 2448 ἐϐασίλευσεν
2825 2386 2918 2463 ἔτη
2983 2390 3052 2449 λ’.
3107 2390 3427 2468 Κλεοπάτρα
3456 2395 3490 2462 ἡ
3517 2398 3613 2449 τοῦ
3658 2394 3785 2450 νέου

2129 2481 2389 2537 Διονύσου
2438 2482 2686 2558 θυγάτηρ
2740 2479 3145 2552 τελευτήσαντα
3198 2479 3506 2558 διαδέχεται
3554 2482 3787 2559 πατέρα,

2125 2571 2213 2626 καὶ
2249 2566 2639 2644 συμϐασιλεύει
2671 2572 2812 2643 αὐτῇ
2846 2570 3200 2643 Πτολεμαῖος
3234 2573 3262 2626 6
3296 2568 3555 2648 ἀδελφός·
3591 2578 3785 2628 τοῦτον

2129 2656 2469 2735 διενεχθέντα
2499 2660 2635 2734 πρὸς
2670 2660 2841 2731 αὐτήν
2882 2658 3149 2715 ἀνελοῦσα
3210 2660 3346 2733 μόνη
3403 2660 3631 2737 κατέσχε
3682 2663 3785 2730 τὴν

2127 2748 2334 2825 ἀρχὴν,
2366 2748 2454 2804 καὶ
2490 2747 2769 2825 βασιλεύει
2801 2745 2895 2819 ἔτη
2929 2750 3037 2825 κβ’.
3068 2752 3195 2807 ’Ότι
3229 2749 3279 2803 ἐν
3313 2754 3393 2820 τῷ
3423 2751 3644 2825 ἀριθμῷ
3674 2755 3787 2806 τῶν

2128 2840 2344 2915 χρόνων
2379 2835 2427 2894 δ’
2461 2837 2599 2911 μόνα
2658 2834 2749 2911 ἔτη
2808 2846 2909 2908 τῆς
2971 2838 3253 2913 βασιλείας
3311 2838 3480 2909 αὐτῆς
3538 2837 3619 2894 δεῖ
3668 2839 3786 2915 ἀρι-

2129 2941 2158 2994 θ
2166 2935 2307 3003 μεῖν.

2200 3021 2318 3089 Τῆς
2343 3019 2529 3081 Ἀσίας
2561 3024 2780 3094 πρῶτος
2815 3018 3072 3094 βασιλεὺς
3136 3019 3447 3093 Ἀντίγονος
3496 3021 3789 3094 γενόμενος

2130 3108 2458 3183 ’Δντιγονίαν
2510 3102 2685 3163 ἔκτισε
2737 3111 2839 3178 τὴν
2893 3109 3031 3186 πρὸς
3089 3113 3170 3181 τῷ
3228 3110 3458 3183 Ὀρόντη
3529 3114 3785 3182 ποταμῷ.

2128 3197 2347 3268 Ταύτην
2436 3195 2705 3260 Σέλευκος
2791 3196 3072 3260 ἐπικτίσας
3135 3199 3163 3252 6
3223 3199 3516 3275 Ἀντιόχου
3604 3201 3789 3272 πατὴρ

2130 3288 2477 3361 Ἀντιόχειαν
2539 3287 2841 3360 ὠνόμασεν’
2877 3289 2911 3357 ἡ
2955 3284 3013 3342 δέ
3061 3287 3205 3343 ἐστιν
3237 3290 3271 3357 ἡ
3308 3286 3525 3363 μεγάλη
3575 3289 3786 3345 Ἀντιό-

2396 3375 2424 3396 7-
2559 3376 2571 3391 ο
2665 3376 2674 3394 ι
3008 3375 3023 3395 \
3215 3375 3269 3408 ιι.
3464 3369 3489 3395 ›ι

2130 3396 2278 3452 χεια.
2347 3377 2579 3440 Ουτοςο
2613 3373 2881 3438 Σελευκος
2934 3396 3025 3430 και
3085 3382 3403 3431 Λαοοικειαν
3463 3397 3638 3432 εκτισε
3692 3393 3787 3446 καὶ

2132 3464 2473 3537 Σελεύκειαν,
2540 3466 2858 3537 Ἀπάμειαν,
2920 3462 3172 3535 Ἐδεσαν,
3232 3465 3511 3541 Βέῥροιαν.
3568 3465 3788 3522 [Ιὲλλαν

2128 3555 2219 3610 καὶ
2252 3550 2556 3611 Βαϐυλῶνα
2585 3555 2982 3629 παρεστήσατο.
3047 3555 3149 3611 Καὶ
3205 3553 3257 3608 ἐν
3316 3560 3435 3617 ταῖς
3494 3555 3639 3618 νέαις
3680 3558 3787 3612 πό-

2133 3644 2250 3700 λεσι
2277 3642 2579 3707 Ἰουδαίους
2609 3644 2906 3717 συνῴκισεν
2937 3641 3198 3715 “Ελλησι.

2200 3734 2384 3791 ’Ότιὸ
2435 3735 2710 3811 Διαφανής
2777 3732 3068 3807 λεγόμενος
3130 3732 3541 3808 Ἐρασίστρατος
3602 3734 3788 3808 ἰατρὸς

2132 3821 2325 3898 διέγνω
2355 3822 2641 3902 Ἀντίοχον
2673 3823 2764 3877 τὸν
2800 3821 3071 3877 Σελεύκου
3103 3820 3270 3878 παῖδα
3293 3819 3482 3886 δεινῶς
3525 3827 3790 3879 νοσοῦντα

2130 3911 2221 3968 διὰ
2247 3912 2338 3967 τὸν
2366 3913 2504 3986 πρὸς
2531 3912 2633 3982 τὴν
2662 3916 2760 3967 τοῦ
2815 3911 3023 3985 πατρὸς
3076 3913 3322 3987 γαμετὴν
3373 3906 3571 3986 ἔρωτα,
3616 3915 3782 3988 θυγα-

2128 4004 2257 4076 τέρα
2288 4000 2636 4077 Δημητρίου·
2671 4000 2791 4065 ὅθεν
2826 3998 3093 4064 Σέλευκος
3133 4005 3213 4073 τῷ
3264 4002 3421 4057 πάθει
3473 3999 3785 4079 περιαλγή-

2132 4115 2224 4155 σας
2281 4096 2608 4168 παραχωρεῖ
2670 4096 2750 4163 τῷ
2808 4089 2962 4146 παιδί
3021 4093 3298 4169 Ἀντιόχῳ
3371 4100 3468 4164 τῆς
3517 4099 3782 4169 γαμετῆῗς.

2131 4183 2301 4246 Οὗτος
2333 4180 2616 4256 Ἀντίοχος
2649 4181 2677 4235 6
2709 4178 3006 4255 λεγόμενος
3039 4184 3235 4255 Σωτὴρ
3267 4177 3422 4257 ἔσχεν
3453 4180 3512 4236 ἐκ
3541 4189 3640 4251 τῆς
3687 4193 3785 4246 θυ-

2131 4270 2329 4347 γατρὸς
2370 4268 2713 4343 Δημητρίου,
2773 4272 2859 4343 [Ρ.
2926 4274 3047 4343 167]
3103 4276 3348 4346 γαμετῆς
3407 4268 3464 4325 δὲ
3513 4269 3785 4326 Σελεύκου

2129 4366 2224 4415 τοῦ
2257 4361 2461 4437 πατρὸς
2494 4360 2686 4428 αὐτοῦ,
2724 4358 3111 4435 Στρατονίκης,
3146 4358 3342 4436 ἄρσενα
3372 4360 3489 4415 υἱὸν
3522 4360 3613 4414 τὸν
3666 4359 3792 4416 ἐπι-

2132 4449 2400 4520 κληθέντα
2433 4447 2581 4517 Θεὸν,
2630 4449 2688 4509 ὅς
2745 4449 2835 4503 καὶ
2896 4444 3237 4504 ἐϐασίλευσεν
3296 4452 3412 4523 μετ’
3468 4450 3624 4505 αὐτὸν
3686 4456 3791 4506 Συ-

2131 4539 2247 4614 ρίας
2279 4539 2367 4593 καὶ
2398 4536 2585 4600 Ἀσίας
2616 4535 2710 4607 ἔτη
2750 4539 2828 4594 ιε’.

2204 4630 2292 4687 Ἐν
2325 4633 2405 4699 τῷ
2447 4634 2596 4682 εσπα¹
2658 4624 2763 4682 ἔτει
2816 4631 2914 4682 τοῦ
2971 4629 3184 4702 κόσμου
3240 4626 3571 4702 Νικομήδης
3633 4631 3789 4705 βασι-

2127 4718 2254 4782 λεὺς
2302 4718 2542 4775 Βιθυνῶν
2599 4715 2685 4772 ἐπ’
2736 4717 2963 4791 ὀνόματί
3022 4719 3188 4773 αὐτοῦ
3252 4721 3353 4789 τὴν
3414 4717 3787 4792 Νικομήδειαν

2124 4807 2320 4876 ἔκτισε,
2385 4808 2582 4883 πρώην
2634 4806 2980 4881 καλουμένην
3041 4809 3326 4866 Ἀστακόν.
3389 4810 3679 4884 Ἀντίοχος
3753 4810 3783 4863 6

2126 4899 2427 4977 Ἐπιφανὴς
2457 4895 2715 4972 βασιλεὺς
2747 4899 2968 4974 Συρίας,
2999 4901 3099 4969 τὴν
3149 4898 3516 4974 Ἰερουσαλὴμ
3569 4901 3787 4974 πορθή-

2127 5009 2221 5051 σας
2249 4987 2340 5042 καὶ
2368 4987 2460 5041 τὸν
2501 4986 2625 5041 ναὸν
2656 4981 3003 5063 βεϐηλώσας,
3063 4986 3185 5050 Διὸς
3219 4984 3527 5061 Ὀλυμπίου
3583 4985 3786 5063 βδελυ-

2127 5098 2241 5154 γμα
2272 5076 2324 5132 ἐν
2357 5076 2506 5148 αὐτῷ
2536 5075 2878 5147 ἀνεστήλωσε
2903 5077 3040 5132 κατὰ
3077 5077 3177 5146 τήν
3235 5080 3332 5132 τοῦ
3392 5074 3592 5147 Δανιὴλ
3639 5096 3781 5151 προ-

2126 5166 2374 5249 ςητείαν,
2407 5164 2575 5242 ἤγουν
2604 5166 2668 5221 τὸ
2702 5162 2987 5243 βδέλυγμα
3016 5172 3115 5236 τῆς
3146 5164 3499 5241 ἐρημώσεως,

2196 5257 2319 5313 “Ou
2346 5255 2424 5329 po’
2453 5250 2548 5324 ἔτη
2582 5252 2972 5332 ἐτελεσφόρουν
3022 5256 3323 5329 Ῥωμαίοις
3371 5251 3630 5313 Ἰουδαῖοι
3675 5253 3783 5309 ἀπὸ

2130 5346 2424 5403 Σελεύκου.

1570 5476 1933 5533 XYLANDRI
1970 5477 2057 5533 ET
2093 5477 2309 5533 GOARI
2347 5475 2570 5531 NOTAE.

438 5598 555 5670 (21)
584 5601 767 5660 Nemo
800 5621 923 5660 non
954 5603 1115 5675 videt
1142 5603 1406 5675 pessime
1438 5602 1567 5659 haec
1606 5603 1761 5675 inter
1820 5620 1882 5659 se
1934 5621 2025 5659 co-

372 5664 616 5727 haerere.
653 5676 764 5747 Ego
817 5675 959 5731 satis
1004 5664 1194 5730 habeo
1243 5674 1528 5730 lectorem
1587 5673 1662 5731 ad
1706 5675 2029 5748 Josephum

2133 5600 2486 5730 ὲῗὲῗίιέᾶιὲηέι
2485 5598 2779 5726 ablegare.
2819 5599 2957 5655 Vide
2987 5599 3206 5657 librum
3248 5600 3518 5671 Antiquit.
3569 5614 3661 5654 xw
3709 5598 3786 5654 ab
