4142 6416
328 339 452 399 329

328 555 482 617 λείας
541 552 897 626 Κλεοπάτρας
973 553 1077 609 ὑπὸ
1137 551 1421 627 Ῥωμαίων
1476 553 1797 630 ἀναρρηθεὶς
1858 554 1997 609 ὑπα-

329 666 450 715 τος,
483 643 559 706 εἰς
589 645 692 713 τήν
727 641 1024 712 Ἀνατολὴν
1068 641 1160 698 σὺν
1214 642 1405 716 πολλῇ
1471 644 1711 698 ἀνελθὼν
1772 642 1996 716 δυνάμει

332 735 429 789 καὶ
460 732 712 795 πολλοὺς
743 738 850 787 τῶν
884 732 1073 787 αὐτόθι
1102 733 1532 806 τροπωσάμενος
1566 734 1657 787 καὶ
1690 733 2000 810 ὑποφόρους

333 827 704 896 καταστήσας,
766 822 937 886 ίδίους
1012 828 1118 879 τῶν
1189 824 1372 879 τόπων
1429 824 1749 894 καθίστησιν
1809 822 1999 894 ἐπιμε-

334 915 533 986 λητὰς.
566 914 919 987 Ἀντίπατρον
963 914 1061 986 μὲν
1112 910 1202 968 οὖν
1260 913 1350 967 τὸν
1413 910 1822 983 Ἀσκαλωνίτην
1882 916 1999 966 Πα-

343 1002 629 1072 λαιστίνης
686 1002 983 1071 κατέστησε
1048 998 1360 1071 διοικητήν.
1413 1002 1536 1063 Υἱὸς
1591 998 1649 1056 δὲ
1703 1001 1768 1069 ἧν
1824 1000 2000 1056 Ἀντί-

334 1112 545 1165 πατρος
590 1086 840 1165 Ἡρώδου
898 1090 1067 1158 τινὸς,
1118 1094 1226 1144 τῶν
1282 1090 1335 1143 ἐν
1391 1091 1681 1163 νεωκόροις
1738 1088 2003 1162 ἀριθμου-

340 1181 522 1252 μένων
577 1181 669 1234 καὶ
698 1180 804 1235 τῶν
848 1178 1036 1233 αὐτόθι
1066 1183 1166 1234 τού
1224 1178 1583 1240 ’Λπόλλωνος
1640 1174 1999 1250 ἱεροδούλων.

336 1267 517 1328 ΙΙαῖδα
550 1266 608 1324 δὲ
647 1263 772 1323 ὄντα
802 1269 935 1323 ποτὲ
961 1269 1053 1323 τὸν
1107 1269 1461 1341 Ἀντιπατρον
1513 1265 1713 1340 λῃσταὶ
1767 1263 2001 1342 ἀναρπά-

333 1380 520 1421 σαντες
579 1356 883 1430 Ἰδουμαῖοι

967 1362 1229 1435 κατεῖχον
1266 1400 1280 1427 ,
1367 1356 1537 1429 λύτρα
1624 1356 1755 1430 ὑπὲρ
1838 1355 2003 1410 αὐτοῦ

328 1455 650 1521 κομιεῖσθαι
729 1444 1126 1526 ὑπειληφότες·
1219 1451 1317 1501 τοῦ
1411 1444 1470 1501 δὲ
1550 1446 1754 1521 πατρὸς
1836 1446 2002 1500 αὐτοῦ

1491 333 2029 395 HISTORIARUM
2075 335 2619 400 COMPENDIUM.

404 464 651 527 Ἰούλιος
682 467 893 539 Καῖσαρ
923 465 1059 520 κατᾶ
1084 464 1147 520 τὸ
1213 461 1465 536 τέταρτον
1531 458 1647 527 ἔτος
1677 471 1777 534 τῆς
1840 465 1999 540 βασι-
2032 469 2079 534 Α

3641 343 3764 404 330

2183 470 2371 526 Julius
2427 474 2620 528 Caesar
2687 476 2897 542 quarto
2979 487 3137 527 anno
3197 473 3362 545 regni
3435 475 3762 547 Cleopatrae

2109 559 2315 614 consul
2349 565 2584 615 creatus
2615 577 2751 615 cum
2807 576 3024 631 magno
3053 560 3314 615 exercitu
3348 559 3408 614 in
3461 563 3765 618 Orientem

2110 650 2291 714 venit,
2350 651 2676 721 multisque
2734 650 2814 704 ibi
2874 650 3043 705 victis
3104 656 3161 704 et
3215 648 3620 721 stipendiariis
3678 653 3764 708 fa-

2111 738 2387 803 ctis,suos
2421 740 2856 810 provinciarum
2880 739 3190 794 constituit
3220 742 3766 810 procuratores.lta

2109 827 2486 899 Antipatrum
2517 829 2913 885 Ascalonitam
2946 829 3208 901 praefecit
3238 828 3592 885 Palaestinae.
3626 831 3759 884 Fuit

2114 915 2163 969 is
2196 915 2350 972 filius
2398 916 2711 988 cujusdam
2763 918 3030 983 Herodis,
3086 918 3243 973 inter
3292 919 3545 973 aedituos
3592 919 3757 973 censi

2114 1009 2173 1058 et
2216 1022 2318 1060 eos
2372 1007 2473 1077 qui
2524 1006 2604 1061 ibi
2653 1006 2945 1078 Apollinis
2991 1007 3130 1062 fano
3182 1008 3533 1063 inserviunt.
3569 1011 3759 1079 Atque

2113 1093 2271 1147 hunc
2304 1110 2552 1164 puerum
2584 1096 2887 1166 quondam
2920 1096 3159 1150 Idumaei
3200 1096 3514 1168 praedones
3548 1113 3759 1167 rapue-

2115 1187 2267 1247 rant,
2303 1201 2404 1255 spe
2437 1201 2543 1255 pro
2578 1184 2763 1255 ipsius
2795 1185 3078 1240 missione
3128 1185 3423 1240 mercedis
3477 1185 3765 1256 accipien-

2114 1271 2202 1327 dm
2239 1288 2251 1325 :
2286 1272 2388 1327 sed
2419 1274 2562 1343 quia
2592 1279 2758 1345 pater
2807 1279 2933 1328 erat
2963 1274 3407 1345 pauperrimus,
3458 1275 3769 1345 Antipater

2114 1359 2271 1430 apud
2305 1360 2463 1432 ipsos
2496 1378 2699 1417 servus
2744 1363 3051 1430 remansit,
3087 1363 3469 1434 ipsorumque
3500 1363 3767 1418 moribus

2117 1449 2426 1506 institutus
2459 1458 2568 1506 est.

332 1539 414 1601 εἷς
466 1535 699 1613 ἔσχατον
760 1538 948 1599 πενίας
1008 1533 1373 1606 ἐληλακὸτος,
1432 1530 1612 1607 ἔμεινε
1668 1534 1815 1608 παρὰ
1871 1539 1993 1596 τοῖς
2053 1537 2349 1609 ἀρπάξασιν
2404 1537 2680 1594 δουλεύων
2737 1539 2827 1594 καὶ
2876 1545 2993 1603 τοῖς
3062 1540 3278 1595 ἐκείνων
3337 1537 3510 1596 ἕθεστι
3567 1541 3764 1618 τρεφόο

329 1648 516 1701 μενος.

407 1714 816 1790 Ἀναιρεθέντος
876 1712 933 1769 δέ
989 1719 1086 1769 τοῦ
1132 1712 1496 1788 Ἀντιπάτρου
1553 1712 1845 1791 φαρμάκῳ,
1899 1714 2001 1786 βα-

2182 1718 2326 1772 Cum
2360 1717 2636 1774 Balichus
2668 1718 2911 1789 quidam
2954 1719 3191 1774 Judaeus
3235 1721 3617 1791 Antipatrum
3670 1737 3765 1774 ve-

331 1806 533 1876 σκανίᾳ
562 1811 661 1873 τῆς
694 1802 914 1872 πολλῆς
969 1799 1341 1877 εὐδαιμονίας,
1402 1802 1505 1856 ὐπὸ
1557 1800 1802 1877 Βαλίχου
1833 1802 2003 1862 τινὸς.

332 1892 631 1962 Ἰουδαίου,
667 1890 1018 1972 διαδέχονται
1076 1893 1129 1946 οἱ
1182 1890 1372 1954 παῖδες
1430 1890 1597 1947 αὗτοῦ
1653 1893 1753 1961 τὴν
1804 1890 2003 1965 ἀρχὴν,

327 1981 585 2059 Ἡρώδης
618 1984 708 2038 καὶ
756 1980 1056 2044 Φασάῖλος’
1106 1980 1195 2036 καὶ
1228 1982 1257 2035 6
1293 1982 1388 2054 μὲν
1415 1983 1513 2050 τὴν
1573 1978 1882 2054 Ἰδουμαίαν
1914 1981 2005 2035 καὶ

330 2077 433 2143 τὴν
462 2071 865 2148 Ἱεροσολύμων
898 2070 1256 2146 ἐκληρώσατο
1287 2078 1416 2147 γῆν,
1462 2072 1560 2139 τήν
1620 2069 1678 2126 δὲ
1736 2069 2001 2128 Ἰουδαίαν

342 2162 437 2217 καὶ
492 2162 782 2218 Γαλιλαίαν
814 2159 1146 2236 ὁἩρώδης.
1206 2159 1378 2223 Γνοὺς
1447 2158 1503 2216 δὲ
1563 2161 1637 2224 ὡς
1693 2162 1942 2234 Ὑρκανὸς
1975 2161 2003 2216 6

346 2254 457 2327 πρὸ
518 2253 675 2307 αὐτου
734 2248 991 2326 βασιλεὺς
1038 2251 1129 2305 τὸν
1207 2255 1304 2305 τοῦ
1338 2245 1505 2305 Δαϐὶδ
1562 2251 1730 2328 τάφον
1789 2251 2003 2320 ἀνοίξας

348 2341 630 2416 τρισχίλια
659 2335 823 2397 ἔλαϐε
867 2338 1127 2409 τάλαντα,
1159 2338 1340 2409 ἤνοιξε
1371 2340 1461 2394 καὶ
1519 2339 1704 2411 αὐτὸς,
1735 2339 1824 2395 καὶ
1852 2340 2005 2419 χρῄ-

346 2451 495 2503 ματα
527 2431 620 2502 μὲν
650 2429 757 2506 οὐχ
790 2430 936 2503 εὗρε,
980 2429 1191 2502 κόσμου
1242 2425 1300 2483 δὲ
1331 2429 1585 2503 χρύσειον
1616 2430 1707 2483 καὶ
1736 2429 2004 2504 κειμήλια

336 2518 530 2575 πολλὰ
572 2518 839 2575 ἀνείλετο.
892 2516 1246 2593 Πειραθέντος
1279 2515 1337 2572 δὲ
1370 2517 1534 2573 αὐτοῦ
1588 2516 1853 2593 ἐνδοτέρω
1885 2538 2000 2593 χω-

329 2617 473 2684 ρεῖν,
510 2610 571 2663 οὗ
602 2610 669 2663 τὶ
699 2609 928 2682 σώματα
959 2602 1126 2661 Δαϐὶδ
1158 2607 1249 2661 καὶ
1292 2605 1662 2680 Σολομῶντος
1721 2607 2000 2679 ἐτέθησαν,

338 2703 448 2775 πῦρ
476 2696 698 2769 ἐξελθὸν
728 2694 824 2753 δύο
854 2700 963 2752 τῶν
996 2693 1313 2775 δορυφόρων
1346 2697 1675 2777 κατέφθειρε.

408 2965 708 3039 Γενόμενος
742 2962 800 3019 δὲ
855 2964 929 3025 εἱς
956 2965 1056 3033 τήν
1084 2965 1368 3041 Αἳγυπτον
1401 2962 1633 3025 Ἰούλιος
1687 2971 1788 3034 τῆς
1830 2963 2002 3019 Κλεοι

2114 1822 2272 1861 neno
2307 1806 2664 1876 sustulisset,
2716 1812 2941 1862 tantam
2974 1808 3026 1862 ei
3075 1808 3421 1863 felicitatem
3462 1808 3764 1879 invidens,

2115 1893 2221 1947 lilii
2252 1895 2547 1965 Antipatri
2579 1894 2969 1950 hereditatem
3002 1896 3165 1967 regni
3197 1895 3763 1961 adierunt,Herodes

2112 1988 2290 2053 atque
2324 1984 2707 2051 Phaselus,ea
2734 1983 2862 2056 lege
2886 1990 2951 2039 ut
2982 1985 3079 2040 hic
3111 1984 3433 2040 Idumaeam
3469 1991 3525 2041 et
3558 1986 3765 2039 Hiero-

2112 2070 2464 2142 solymicum
2522 2073 2837 2128 sortiretur
2894 2073 3279 2141 territorium,
3341 2073 3440 2128 ille
3499 2073 3763 2129 Judaeam

2112 2165 2170 2214 et
2226 2160 2545 2216 Galilaaam.
2621 2164 2691 2216 Et
2770 2161 3030 2216 Herodes
3086 2162 3321 2233 cognito
3400 2164 3757 2233 Hyrcanum,

2109 2248 2211 2319 qui
2263 2255 2401 2305 ante
2459 2252 2654 2322 ipsum
2716 2268 2894 2321 regno
2976 2251 3172 2306 fuerat
3223 2252 3486 2311 functus.
3556 2253 3753 2306 Davitli

2111 2340 2381 2411 sepulcro
2413 2346 2615 2411 aperto
2645 2340 2757 2396 tria
2789 2341 3149 2396 talentorum
3194 2340 3385 2396 millia
3414 2340 3753 2409 abstulisse,

2113 2428 2236 2500 ipse
2295 2446 2530 2501 quoque
2592 2429 2931 2501 sepulcrum
2988 2429 3049 2484 id
3103 2429 3381 2501 aperuit:
3446 2430 3602 2486 294
3653 2429 3759 2486 sed

2108 2517 2257 2572 nihil
2290 2519 2787 2589 pecunizeyerum
2818 2523 3173 2574 ornamenta
3202 2535 3384 2574 aurea
3417 2524 3474 2573 et
3500 2521 3766 2590 reposita

2112 2607 2361 2664 donaria
2391 2608 2579 2663 multa
2610 2610 2831 2679 reperit
2884 2614 3062 2678 atque
3101 2610 3445 2678 asportavit.
3500 2610 3764 2680 Cumque

2110 2702 2359 2753 conatus
2390 2702 2548 2752 esset
2603 2697 2857 2752 interius
2902 2702 3240 2767 penetrare,
3284 2696 3384 2751 ubi
3446 2698 3652 2753 Davidi
3713 2705 3772 2753 et

2111 2785 2445 2842 Solomonis
2486 2801 2735 2858 corpora
2787 2791 2956 2841 erant
3018 2786 3298 2857 reposita,
3361 2785 3516 2857 ignis
3573 2789 3771 2859 erupit

2114 2877 2383 2948 duosque
2411 2876 2733 2932 satellitum
2767 2876 3085 2932 interfecit.

2183 2966 2374 3022 Julius
2413 2982 2550 3021 cum
2581 2966 2641 3020 in
2674 2968 2985 3037 Egyptum
3015 2966 3295 3034 venisset,
3324 2967 3560 3023 insidiis
3592 2969 3771 3023 evita-

334 3057 553 3130 πάτρας
584 3053 833 3130 κρατύνει
861 3056 961 3123 τὴν
1021 3052 1222 3127 ἀρχὴν,
1278 3056 1389 3107 τῶν
1444 3052 1834 3125 ἐπιτιθεμένων
1884 3052 2003 3107 ἀνα-

442 3144 475 3154 ..
656 3137 1968 3154 .....-....._._._

2125 3056 2194 3110 tis
2253 3072 2399 3126 quas
2456 3056 2571 3127 ipsi
2629 3055 2948 3111 adversarii
2995 3055 3397 3125 tetenderant,
3445 3057 3772 3129 Cleopatra)

333 3144 560 3206 στείλας
617 3143 708 3205 τὰς
757 3137 1078 3203 ἐπιϐουλάς.
1114 3142 1218 3199 Καὶ
1272 3140 1340 3196 τὰ
1394 3140 1483 3196 ἐπὶ
1538 3149 1638 3212 τῆς
1700 3140 2004 3211 Ἀνατολῆς

343 3237 565 3292 ἅπαντα
621 3229 1046 3306 διοικησάμενος
1114 3230 1413 3301 ἐπανῆλθεν
1498 3232 1574 3293 εἰς
1624 3232 1725 3301 τὴν
1784 3232 2007 3303 Ῥώμην

348 3346 457 3399 μον
466 3325 740 3398 αρχήσας.

412 3418 546 3474 ⁴Ὀτι
577 3417 605 3470 6
663 3414 899 3476 Ἰούλιος
962 3413 1069 3486 μὴν
1125 3411 1414 3473 Κυντίλιος
1474 3410 1712 3488 ἐλέγετο,
1768 3433 2008 3485 μετωνο-

348 3507 538 3580 μάσθη
574 3502 632 3559 δὲ
678 3505 823 3579 παρᾶ
866 3501 1160 3562 ’Δντωνίου
1219 3499 1309 3556 διὰ
1358 3502 1420 3555 τὸ
1477 3510 1806 3577 γεννηθῆναι
1865 3502 2011 3576 αὐτῷ

340 3597 507 3651 Γάϊον
542 3592 798 3652 Ἰούλιον.
828 3598 883 3646 Ὀ
913 3589 972 3647 δὲ
1024 3589 1300 3662 Σεξτίλιος
1358 3591 1465 3646 ἀπὸ
1524 3591 1846 3667 Αὐγούστου
1895 3590 2010 3650 Αὕ-

342 3682 670 3762 γουστος,.ὅ
699 3681 812 3738 ἐστι
853 3677 1132 3743 σεϐαστός.

420 3777 552 3832 Ὀτι
582 3773 817 3848 κάρμινα
864 3771 1013 3847 παρᾶ
1061 3771 1361 3844 Ῥωμαίοις
1409 3768 1625 3847 λέγεται
1655 3771 1721 3827 τὰ
1777 3767 1881 3844 ἔπη
1921 3773 2011 3827 καὶ

342 3864 650 3941 καρμεντία
679 3866 714 3934 ἡ
750 3863 994 3937 μαντεία.
1395 3908 1407 3918 .

422 3958 511 4028 [Ρ.
578 3957 697 4025 168]
754 3955 878 4010 ’Ὁτι
927 3954 1026 4022 τὴν
1082 3952 1308 4028 πρώτην
1351 3955 1449 4007 τοῦ
1513 3953 1685 4026 μηνὸς
1740 3953 2011 4026 Ῥωμαῖοι

346 4041 630 4104 καλάνδας
686 4040 937 4097 καλοῦσι’
1015 4041 1201 4103 νόννας
1285 4036 1342 4095 δὲ
1402 4041 1491 4096 καὶ
1553 4038 1730 4105 εἶδοῦς
1786 4040 1872 4097 ἐπὶ
1917 4044 2014 4115 μὲν

341 4132 689 4206 Ἰανουαρίου
774 4131 864 4186 καὶ
942 4125 1321 4206 Φεϐρουαρίου
1401 4127 1732 4203 Ἀπριλλίου
1801 4152 1858 4185 τε
1922 4132 2012 4186 καὶ

348 4222 584 4278 Ἰουνίου
614 4221 704 4275 καὶ
745 4219 1059 4296 Αὐγούστου
1114 4219 1204 4274 καὶ
1256 4213 1631 4291 Σεπτεμϐρίου
1685 4220 1773 4274 καὶ
1804 4222 2011 4278 Ὀκτω-

344 4308 511 4386 ϐρίου
554 4310 645 4364 καὶ
705 4304 1019 4384 Νοεμϐρίου
1077 4307 1172 4372 τὰς
1229 4309 1323 4382 μὲν
1365 4309 1551 4370 νόννας
1585 4307 1808 4386 λέγουσι
1850 4312 1887 4365 ε’
1915 4315 2012 4365 τοῦ

348 4400 551 4475 μηνὸς,
583 4397 675 4459 τίς
703 4395 763 4453 δὶ
817 4395 996 4459 είδοῦς
1033 4398 1094 4472 ιγ’
1147 4400 1245 4451 τοῦ
1298 4397 1488 4471 μηνὸς,
1520 4395 1607 4451 ἐπὶ
1657 4394 1714 4452 δὲ
1769 4398 2012 4475 Μαρτίου

343 4491 439 4544 καὶ
471 4490 650 4545 Maian
697 4486 786 4542 καὶ
844 4485 1081 4544 Ἰουλίου
1128 4486 1216 4541 καὶ
1277 4480 1611 4561 Δεκεμϐρίου
1639 4488 1737 4552 τὰς
1770 4488 1861 4560 μὲν
1892 4488 2011 4542 νόν-

345 4601 442 4643 νας
471 4580 573 4649 τὴν
605 4579 761 4647 ζ’τοῦ
795 4577 966 4649 μηνὸς
1001 4577 1134 4650 (32),
1168 4575 1262 4636 τὰς
1325 4573 1383 4630 δὲ
1443 4573 1621 4639 εἷδοῦς
1679 4580 1778 4647 τὴν
1822 4579 1877 4633 ιε’
1914 4582 2012 4633 τοῦ

343 4668 549 4743 μηνός.
609 4663 890 4726 Καλάνδας
964 4664 1143 4720 τοίνυν
1202 4664 1532 4739 Ἰανουαρίου
1591 4666 1855 4741 εὐρίσκων
1909 4668 2008 4736 τὴν

335 4766 381 4812 α’
416 4756 758 4831 Ἰανουαρίου
788 4753 1060 4828 νομίσείς,
1091 4752 1209 4809 Ἔτι
1242 4750 1300 4806 δὲ
1361 4753 1469 4828 πρὸ
1520 4760 1689 4830 τριῶν
1731 4758 1831 4826 τὴν
1889 4757 2007 4831 τρί-

333 4867 438 4917 την
466 4843 559 4900 καί
587 4844 694 4919 πρὸ
726 4849 853 4917 μιᾶς
878 4846 1082 4897 νοννῶν
1136 4840 1484 4916 Ἰανουαρίων
1540 4846 1641 4914 τήν
1701 4842 1769 4915 δ’,
1802 4842 1892 4900 διὰ
1931 4846 2010 4901 τὸ’

334 4937 437 5005 τήν
472 4933 539 5001 ε’,
583 4932 659 4993 ὡς
723 4925 955 5010 ἔφημεν,
985 4928 1171 4982 νόνναν
1229 4926 1531 4986 καλεῖσθαι.
1565 4930 1719 4986 Μετᾶ
1749 4929 1806 4987 δὲ
1843 4934 1943 5001 τήν
1972 4935 2010 4987 ε’

340 5023 525 5084 εἴποις
558 5019 618 5075 ἂν
673 5021 781 5094 πρὸ
846 5021 898 5090 η’
952 5014 1110 5073 εἰδῶν
1169 5016 1545 5091 Ἰανουαρίων,
1613 5016 1787 5095 ἤγουν
1847 5024 1917 5095 τῇ
1974 5042 2006 5085 ς

332 5113 563 5179 τούτου,
594 5107 686 5165 καὶ
730 5109 840 5184 πρὸ
861 5105 996 5163 ἑπτᾶ
1023 5103 1187 5159 πάλιν
1216 5107 1286 5179 τῇ
1322 5105 1383 5173 ζ“,
1443 5110 1536 5161 καί
1593 5108 1717 5178 ἑξῆς
1774 5109 2008 5182 ὁμοίως,

2122 3161 2371 3216 regnum
2402 3146 2464 3199 in
2497 3161 2665 3201 suam
2694 3144 2923 3217 redegit
2950 3146 3632 3218 potestatem,rebusque
3664 3164 3771 3218 per

2122 3234 2423 3289 Orientem
2454 3232 2792 3288 constitutis
2823 3234 3071 3288 Romam
3106 3232 3477 3303 rediit,solus
3510 3236 3615 3290 toti
3652 3235 3772 3290 rei-

2121 3323 2376 3397 publicae
2409 3322 2832 3394 imperaturus.

2192 3413 2381 3469 Julius
2433 3410 2658 3466 mensis
2717 3415 2854 3466 ante
2912 3410 3191 3475 Quintilis
3242 3410 3569 3466 dicebatur.
3627 3411 3767 3467 Julii

2123 3518 2340 3558 nomen
2373 3501 2424 3555 ei
2459 3499 2531 3555 ab
2559 3499 2815 3554 Antonio
2843 3499 3184 3571 impositum
3215 3505 3305 3554 est
3326 3500 3459 3554 ideo
3483 3499 3641 3571 quod
3660 3501 3772 3556 isto

2123 3609 2330 3649 mense
2361 3590 2420 3644 C.
2453 3588 2642 3644 Julius
2673 3594 2847 3644 natus
2876 3589 3089 3644 fuerat.
3126 3589 3364 3645 Sextilis
3389 3590 3464 3645 ab
3509 3592 3772 3663 Augusto

2125 3686 2424 3755 Augustus
2455 3685 2544 3735 est
2572 3680 3012 3740 denominatus.

2196 3774 2527 3828 Carmenta)
2557 3769 2810 3825 fatidica;
2841 3768 3077 3825 mulieri
3109 3787 3329 3826 nomen
3351 3771 3562 3843 obtigit
3589 3772 3780 3829 avati—

2126 3863 2325 3927 ciniis,
2357 3879 2488 3932 quas
2521 3860 2788 3916 carmina
2818 3861 3100 3916 Romanis
3134 3860 3436 3918 dicuntur.

2195 3952 2457 4006 Primam
2488 3950 2716 4005 mensis
2747 3949 2906 4005 diem
2939 3950 3191 4006 Romani
3224 3951 3516 4008 Kalendas
3572 3952 3779 4024 appel-

2126 4041 2472 4107 lant,Nonas
2495 4039 2767 4109 quintam
2786 4039 3013 4093 mensis
3035 4039 3213 4105 diem,
3242 4045 3298 4093 et
3321 4040 3458 4096 Idus
3481 4041 3775 4096 decimam

2126 4129 2383 4184 tertiam.
2418 4126 2537 4182 Nisi
2571 4126 2729 4197 quod
2760 4126 3309 4197 Martii,Maii,Jnlii,
3347 4135 3406 4183 et
3434 4130 3776 4185 Decembris

2128 4223 2321 4276 Nonas
2366 4218 2641 4288 septima,
2683 4216 2819 4272 Idus
2868 4216 3099 4272 decima
3149 4218 3359 4288 quinta
3405 4219 3498 4274 die
3551 4220 3776 4275 consti-

2128 4313 2320 4364 tuunt.
2360 4308 2561 4377 Itaque
2591 4305 2692 4361 ubi
2725 4304 3021 4360 Kalendas
3050 4306 3359 4361 Januarias
3413 4306 3593 4381 leges,
3652 4307 3776 4379 pri-

2130 4414 2287 4454 mam
2319 4395 2582 4452 Januarii
2624 4394 2781 4449 diem
2809 4394 3098 4464 intellige.
3131 4395 3325 4451 Tertia
3357 4402 3597 4453 vocatur
3626 4413 3679 4452 a.
3714 4395 3773 4452 d.

2123 4488 2385 4553 tertium,
2419 4491 2478 4540 et
2508 4491 2720 4556 quarta
2752 4484 2943 4555 pridie
2976 4487 3169 4539 Nonas
3195 4485 3484 4553 Januarii,
3520 4487 3681 4557 quia,
3714 4491 3781 4541 ut

2122 4577 2265 4645 dixi,
2299 4576 2510 4648 quinta
2542 4579 2632 4629 est
2662 4573 2842 4629 Nonis
2872 4574 3407 4631 Januarii.Sextam
3439 4575 3773 4647 appellabis

2119 4684 2172 4722 a.
2232 4665 2288 4722 d.
2323 4666 2354 4719 8
2409 4663 2546 4719 Idus
2593 4663 2880 4719 Januarii.
2938 4662 3088 4720 295
3130 4664 3455 4735 Septimam
3505 4680 3557 4720 a.
3606 4665 3664 4720 d.
3724 4668 3778 4720 7.

2119 4757 2397 4812 Octavam
2429 4769 2481 4808 a.
2538 4752 2682 4818 (1.6,
2718 4756 2777 4806 et
2833 4757 3067 4807 caetera.
3105 4753 3253 4818 Quia
3312 4753 3546 4809 decima
3602 4754 3778 4809 tertia

2120 4843 2249 4900 dies
2307 4842 2446 4897 Idus
2501 4844 2763 4895 vocatur.
2839 4840 3140 4896 Decimam
3200 4848 3475 4912 quartam
3554 4843 3780 4899 scribes

2122 4950 2175 4989 a.
2208 4933 2264 4987 d.
2302 4934 2367 4986 l9
2397 4927 2692 4985 Kalendas
2744 4927 3115 4985 Februarias.
3156 4931 3460 4986 Decimam
3509 4931 3781 5001 quintam

2123 5039 2176 5077 a.
2203 5021 2263 5075 d.
2295 5024 2359 5073 l7
2391 5015 2688 5073 Kalendas
2718 5017 3072 5073 Februarias
3098 5034 3111 5074 :
3150 5018 3350 5090 itaque
3381 5019 3779 5091 progredieris

2123 5125 2316 5180 usque
2349 5107 2424 5164 ad
2463 5106 2724 5178 primam
2755 5105 3057 5162 Februarii
3092 5107 3406 5178 diem,qu£e
3438 5107 3785 5163 nominatur

1529 5236 1891 5290 XYLANDRI
1952 5236 2037 5289 ET
2104 5233 2319 5290 GOARI
2376 5231 2599 5285 ΝΟΤᾸΞ.

410 5352 527 5425 (22)
553 5354 770 5425 Notum
803 5357 893 5425 est
919 5353 1094 5410 hodie
1125 5371 1243 5410 non
1274 5352 1611 5415 Decembri.
1634 5350 1737 5407 sed
1770 5350 2005 5425 Octobri

334 5423 437 5499 sex
461 5423 856 5499 NOnastribui
882 5439 897 5499 ξ
920 5441 1060 5499 qum
1092 5426 1295 5499 opinio
1322 5425 1481 5499 infra
1530 5425 1710 5499 etiam
1748 5424 2008 5499 perscri-

334 5497 497 5552 bitur
544 5499 612 5551 A.
648 5496 712 5550 D.
750 5494 1090 5568 significant.
1120 5494 1257 5554 ante
1303 5496 1461 5553 diem
1497 5494 1607 5568 Πρὸ
1653 5497 1845 5568 τριῶν,
1872 5512 2010 5568 προ-

331 5572 464 5639 μιᾶς
500 5573 619 5623 etc.
672 5565 864 5622 Etiam
906 5567 1092 5627 Graeci
1136 5570 1247 5624 hoc
1281 5568 1495 5623 imitati
1545 5565 1755 5622 dicunt
1784 5565 1855 5620 de
1896 5565 2011 5637 quo

623 5682 895 5745 ΡΑτιιοι..
944 5684 1054 5746 Gs.
1102 5686 1311 5747 CXXI.

2122 5346 2695 5419 alibi.Etymologias
2734 5363 2971 5419 quoque
2999 5350 3186 5403 nostri
3221 5350 3480 5404 auctoris
3503 5349 3563 5404 in
3593 5351 3793 5406 media

2122 5420 2339 5501 Feliqui
2367 5417 2381 5486 ξ
2416 5417 2649 5501 (μιδῖ
2695 5417 3014 5501 voluissem
3051 5421 3339 5501 persequi
3373 5438 3490 5492 qua
3520 5439 3798 5501 compro-

2123 5488 2319 5565 bando
2342 5488 2460 5561 qua
2479 5488 3142 5565 refelle_ndo,prolixior
3174 5498 3237 5547 ut
3258 5488 3795 5565 essemoportébat,

2125 5571 2184 5619 et
2213 5560 2540 5635 aliquando
2591 5560 2868 5631 (Edipus.
2898 5561 3034 5616 XvL.

3536 5683 3606 5742 il
