4142 6410
379 333 501 412 331'

1742 337 2060 401 GEORGII
2104 338 2440 404 CEDRENI

3690 342 3814 405 332

379 484 655 541 Kalendis
687 482 1012 540 Februarii.
1048 480 1390 551 Eodemque
1439 477 1616 533 modo
1663 475 1735 529 de
1785 469 2032 542 reliquis

2168 468 2237 523 ἲιὰ
2260 471 2323 526 τὸ
2362 473 2460 542 τήν
2513 475 2582 552 ιγ’
2639 477 2978 553 Ἰανουαρίου
3030 473 3206 539 είδοῦς
3261 474 3596 550 Ἰανουαρίου
3655 473 3812 549 λὲγε-

378 574 678 630 mensibus
703 573 1025 646 judicabis.

2141 569 2283 622 σθαι.
2317 561 2428 630 Τήν
2461 560 2520 618 δὲ
2566 563 2628 619 ιδ’
2657 565 2853 622 τούτου
2881 563 3054 629 ε’ίποις
3105 562 3164 620 ἃν
3220 566 3326 637 πρὸ
3391 565 3455 620 ιθ¹
3510 560 3811 622 Καλανδῶν

386 657 913 738 Φεϐρουαρίου,τήν
947 657 1004 715 δὲ
1039 660 1096 714 ιε’
1135 657 1239 733 πρὸ
1273 662 1361 726 ιη’,
1413 653 1503 709 καὶ
1558 653 1680 724 ἑξῆς
1735 651 1874 706 κατα
1932 646 2026 702 τὸν
2088 647 2290 722 τρόπον
2354 653 2521 730 μέχρι
2579 661 2681 724 τῆς
2743 655 2969 732 πρώτης
3029 651 3426 730 Φεϐρουαρίουο
3477 652 3591 708 εἶτα
3652 651 3808 725 ἐμεῖς

387 737 659 813 καλάνδας
693 745 1086 825 Φεϐρουαρίου.
1121 748 1241 802 Ἔτι
1281 742 1338 800 δὲ
1365 743 1456 799 καὶ
1491 740 1578 798 ἐπὶ
1608 746 1716 796 τῶν
1749 738 1937 796 ἄλλων
1975 739 2162 809 μηνῶν
2198 737 2430 810 ὁμοίως,

462 846 509 897 Λ
538 840 668 897 cibo
698 843 878 896 Janus
907 837 1187 895 Romanis
1210 835 1497 892 Cibullius
1527 837 1618 888 est
1647 832 1861 898 dictus,
1896 827 2036 899 quia

393 930 654 986 convivia
675 931 862 1001 juvet.
897 931 996 983 Est
1025 932 1084 982 et
1111 929 1292 981 Janus
1323 923 1604 990 Quirinus
1635 921 1828 976 dictus
1857 917 2036 974 velutl

391 1024 814 1092 propugnator,
873 1024 931 1072 et
989 1018 1268 1072 Consaaus
1330 1013 1499 1085 quasi
1557 1009 1929 1075 ltinerarius,
1982 1009 2042 1061 et

389 1107 677 1162 Patricius
733 1113 798 1162 ut
855 1106 1156 1178 indigena.
1217 1104 1323 1158 Dio
1367 1105 1666 1158 Romanus
1721 1097 2038 1167 antiquum

391 1195 708 1268 quemdam
726 1197 970 1251 heroem
983 1195 1228 1250 nomine
1240 1194 1452 1248 Janum
1474 1192 1652 1259 ait,eo
1667 1187 1826 1261 quod
1842 1192 2040 1241 eatur-

389 1301 465 1340 no
496 1285 821 1356 hospitium
852 1281 1674 1357 prmbuisset,przeteritorum
1705 1295 1774 1334 ac
1804 1277 2034 1331 futuro-

386 1391 520 1431 rum
551 1375 764 1430 notitia
785 1375 968 1430 fuisse
997 1373 1312 1446 praeditum
1341 1389 1354 1437 ;
1381 1372 1514 1427 ideo
1548 1386 1684 1426 eum
1706 1385 1740 1423 a
1761 1364 2043 1424 Romanis

387 1463 712 1519 bifrontem
733 1465 926 1536 pingi;
949 1479 1216 1518 mensem
1232 1462 1306 1517 ab
1330 1478 1400 1516 eo
1421 1459 1771 1516 Januarium
1795 1455 2040 1520 dictum,

389 1569 645 1623 eumque
677 1553 817 1608 anni
850 1552 1215 1624 principium
1249 1567 1400 1606 esse.

466 1733 753 1792 Februam
784 1732 958 1788 deam
1011 1731 1329 1802 quamdam
1380 1729 1742 1801 piacularem
1793 1724 2042 1782 Romani

393 1822 777 1879 crediderunt
806 1822 1220 1892 esse.Anysius
1239 1820 1388 1876 libro
1407 1822 1473 1875 de
1501 1819 1776 1874 Mensibus
1798 1818 2043 1870 Etrusca

2218 828 2342 884 ’Ότι
2373 830 2639 904 Ῥωμαῖοι
2678 827 2879 895 κύϐους
2936 834 3034 902 τὴν
3087 834 3296 909 τροφὴν
3354 830 3600 887 ἐκάλουν·
3658 829 3710 902 ἐξ
3743 827 3806 885 οὗ

2149 913 2236 969 καὶ
2267 917 2434 973 Ἰανὸν
2471 915 2801 976 Κιὸούλλιον
2835 919 2926 977 διὰ
2953 923 3014 977 τὸ
3061 921 3455 997 εὖωχιαστικὸν
3496 921 3587 976 καὶ
3640 919 3811 977 Ἰανὸν

2150 1009 2379 1081 Κυρῖνον
2435 1009 2625 1064 ὡσανεῖ
2690 1011 3008 1086 πρόμαχον,
3065 1012 3154 1066 καὶ
3215 1013 3480 1068 Κονσαῖον
3539 1009 3656 1064 ἀντὶ
3710 1013 3810 1066 τοῦ

2152 1092 2337 1150 ὁδαὶον
2395 1099 2484 1153 καὶ
2542 1099 2828 1174 πατρίκιον
2876 1099 3206 1176 αὐτόχθονα.
3268 1099 3410 1156 Δίων
3457 1101 3484 1154 ὁ
3528 1100 3812 1172 Ῥωμαῖος

2155 1185 2387 1261 ἀρχαῖόν
2415 1208 2537 1243 τινα
2564 1189 2723 1261 ἥρωα
2755 1190 2917 1246 Ἰανὸν
2948 1189 3120 1266 λέγει,
3163 1187 3254 1245 διὰ
3297 1192 3397 1260 τὴν
3458 1193 3554 1244 τοῦ
3612 1187 3815 1262 Κρόνου

2155 1273 2346 1349 ξενισιν
2375 1272 2612 1333 λαϐόντα
2667 1280 2768 1349 τήν
2799 1284 2994 1355 γνῶσιν
3053 1285 3160 1335 τῶν
3211 1279 3528 1354 μελλόντων
3583 1279 3817 1334 καὶτῶν

2156 1365 2646 1441 προϋπαρχόντων,
2680 1369 2770 1424 καὶ
2803 1366 2892 1424 διὰ
2931 1373 3093 1426 τοῦτο
3135 1367 3484 1441 διπρόσωπον
3535 1368 3637 1423 ὑπὸ
3670 1369 3815 1423 Ῥω-

2156 1454 2332 1527 μαίων
2362 1455 2712 1522 πλάττεσθαι·
2749 1457 2797 1532 ἐξ
2833 1459 2895 1512 οὗ
2927 1457 3018 1514 τόν
3075 1480 3134 1514 τε
3194 1465 3341 1532 μῆνα
3397 1456 3672 1529 κληθῆναι
3706 1457 3808 1514 Ἰα-

2153 1544 2430 1618 νουάριον,
2482 1545 2572 1601 καὶ
2626 1547 2724 1615 τήν
2780 1551 2876 1602 τοῦ
2927 1544 3082 1610 ἔτους
3129 1547 3308 1622 ἀργὴν
3359 1546 3464 1602 ἀπὸ
3513 1551 3609 1601 τοῦ
3651 1545 3820 1602 αύτοῦ

2158 1635 2332 1707 μηνὸς
2363 1637 2618 1710 γίνεσθαι.

2226 1715 2506 1789 Φεϐρουαν
2563 1723 2684 1787 θεάν
2733 1745 2852 1779 τινα
2917 1725 3246 1800 καθαρτικήν
3305 1729 3414 1781 τῶν
3473 1724 3816 1800 πραγμάτων

2155 1810 2208 1864 οἳ
2262 1810 2526 1884 Ῥωμαῖοι
2579 1808 2910 1888 παρέλαϐον,
2965 1815 3212 1874 Ἀνύσιος
3299 1812 3355 1870 δὲ
3438 1812 3490 1869 ἐν
3564 1819 3642 1886 τῷ
3691 1812 3818 1887 περὶ

390 1910 595 1982 lingua
618 1911 894 1966 februum
927 1909 1210 1982 appellari
1242 1909 1326 1963 ait
1355 1925 1492 1964 eum
1524 1907 1624 1978 qui
1651 1911 1742 1962 est
1769 1904 1926 1978 apud
1956 1903 2042 1958 in-

2168 1903 2340 1966 ιηνῶν
2371 1897 2634 1976 φεϐροῦον
2679 1903 2774 1958 τὸν
2836 1903 3208 1984 χαθαχθόνιον
3264 1907 3334 1969 τῆ
3367 1901 3620 1959 Θούσκων
3655 1907 3810 1980 οωνῇ

389 1999 571 2054 feros.
600 2000 786 2056 Labeo
811 1999 1198 2054 Februarium
1222 2016 1256 2053 a.
1278 1997 1482 2053 dolore
1507 1997 1730 2052 dictum
1754 1999 2042 2061 autumat,

391 2089 532 2161 quia
562 2089 763 2144 februs
796 2087 1078 2144 Romanis
1109 2088 1280 2143 dolor
1311 2086 1562 2142 dicatur.
1587 2088 1667 2140 Eo
1699 2099 1906 2140 mense
1939 2083 2044 2136 de—

391 2179 627 2234 functos
656 2177 1052 2234 honorabant.
1087 2176 1381 2232 Februare
1414 2193 1592 2248 porro
1637 2181 1726 2230 est
1769 2188 2042 2245 purgare.

465 2359 629 2414 Marti
665 2376 884 2414 nomen
917 2358 1162 2414 Romani
1205 2358 1622 2429 imposuerunt
1650 2373 1684 2412 a
1715 2360 1926 2424 morte,
1946 2361 2048 2410 aut

396 2449 557 2519 quod
589 2448 808 2503 artium
842 2447 917 2503 sit
947 2453 1161 2514 motor,
1195 2453 1297 2502 aut
1329 2446 1488 2517 quod
1541 2463 1574 2500 a
1607 2445 1750 2501 solis
1781 2444 2048 2500 maribus

392 2536 638 2593 colatur.
701 2540 815 2592 Aut
857 2553 892 2592 a
943 2534 1266 2608 μιὶρνασθαι,
1320 2535 1660 2607 pugnando,
1715 2532 2044 2590 secundum

392 2625 806 2682 Philoxenum.
825 2625 1046 2698 Lingua
1076 2625 1343 2698 Egyptia
1372 2629 1614 2679 vocatur
1645 2623 1858 2689 Ertosi,
1888 2621 2048 2693 quod

392 2716 748 2772 vocabulum
762 2716 916 2772 298
939 2716 1131 2771 omnis
1149 2715 1384 2788 generis
1406 2713 1877 2786 procreationem
1907 2713 2047 2768 vita-

394 2803 509 2860 lem
543 2805 834 2877 designat,
892 2803 1128 2874 vimque
1161 2803 1355 2858 omnis
1408 2809 1634 2858 natura:
1669 2807 1726 2857 et
1779 2801 2044 2858 materiae

397 2895 884 2965 permutatricem
918 2910 986 2948 ac
1019 2893 1326 2948 viviﬁcam.

467 2981 922 3046 Kerdos,Latine
949 2980 1272 3038 lucrum.id
1299 2981 1459 3051 quod
1489 2979 1663 3035 datur
1684 2979 1757 3034 ad
1784 2985 2040 3050 tempus,

391 3071 634 3128 dicitur.
672 3070 1000 3126 Milliarisia
1031 3075 1231 3126 autem
1263 3083 1296 3124 ει
1328 3069 1545 3124 militia
1577 3085 1590 3122 :
1640 3069 1834 3138 Scipio
1886 3069 2046 3124 enim

391 3181 537 3221 auro
569 3163 906 3232 destitutus,
937 3167 994 3220 et
1027 3165 1274 3236 urgente
1305 3159 1617 3227 Annibale,
1651 3159 1944 3216 militibus
1977 3177 2047 3216 ea

393 3253 618 3326 paravit
647 3259 824 3324 atque
857 3251 1177 3307 distribuit.

462 3435 766 3490 Delatores
807 3450 957 3504 quos
987 3432 1236 3488 Romani
1270 3435 1500 3496 vocant,
1533 3430 1572 3484 ii
1625 3429 1840 3486 Graecis
1884 3435 2042 3498 sunt,

397 3520 617 3577 diaboli
650 3528 707 3576 et
738 3522 1116 3596 sycophantae

474 3611 820 3682 Spatharius
853 3610 1134 3666 Romanis
1166 3615 1255 3665 est
1285 3609 1554 3682 corporis
1604 3615 1823 3680 custos,
1855 3611 2046 3666 oratio

403 3699 797 3772 compellatio,
831 3699 1197 3756 fabricenses
1227 3715 1531 3756 armorum
1565 3699 1826 3770 opiﬁces.

469 3878 718 3935 Romani
751 3877 996 3950 pudicas
1037 3876 1316 3933 mulieres
1366 3881 1668 3932 matronas
1721 3879 2044 3950 appellant,

396 3967 579 4024 (ἓνωοί
614 3967 884 4023 dominas
913 3966 1186 4022 familias.
1207 3968 1301 4021 Em
1337 3971 1644 4038 tantopere
1674 3967 2044 4024 verecundiae

393 4057 715 4112 studebant
735 4061 800 4112 ut
821 4074 894 4112 ne
915 4060 1410 4112 conversarentur
1430 4055 1670 4127 quidem
1697 4073 1830 4112 cum
1854 4057 2045 4130 vulga-

390 4145 556 4202 ribus
578 4144 1135 4214 mulieribus,sedin
1149 4145 1379 4201 balneis
1395 4151 1559 4200 extra
1573 4145 2041 4216 multitudinem,

390 4235 500 4293 sibi
526 4236 726 4308 quieta
751 4235 1025 4308 quaedam
1048 4235 1378 4308 deligerent
1403 4234 1690 4306 loca,quae
1713 4235 2041 4292 etiamnum

389 4325 738 4382 Matronalia
768 4324 1071 4381 dicuntur.

465 4415 545 4469 De
593 4413 812 4470 Graecis
869 4413 1014 4470 casti
1068 4412 1310 4468 fuerunt
1368 4412 1872 4484 BelleroPhontes,
1937 4414 2040 4486 qui

387 4503 758 4571 Stheneboea,
798 4505 1012 4571 Tenes,
1063 4503 1165 4574 qui
1211 4502 1608 4573 Alphesibma,
1659 4501 1890 4572 Peleus,
1938 4503 2040 4574 qui

2151 1989 2318 2062 λέγει.
2353 1990 2414 2048 Ὀ
2446 1987 2503 2046 δὲ
2528 1986 2749 2046 Λαϐεὼν
2783 1991 2890 2047 ἀπὸ
2919 1998 3016 2048 τοῦ
3065 1994 3292 2055 πὲνθους
3323 1991 3474 2066 λέγει
3531 1996 3810 2062 κληθῆναι

2149 2078 2242 2133 τὸν
2281 2073 2676 2154 Φεϐρουάριον·
2738 2078 2966 2157 φέδρους
3027 2082 3127 2158 γὰρ
3185 2082 3330 2156 παρὰ
3386 2082 3684 2154 Ῥωμαίοις
3745 2082 3809 2138 τὸ

2153 2168 2344 2231 πένθος
2403 2169 2884 2246 προσαγορεύεται.
2943 2174 3074 2230 Κατ’
3113 2172 3274 2228 αὐτὸν
3335 2170 3392 2227 δὲ
3441 2173 3566 2232 τοὺς
3620 2193 3816 2228 κατοι-

2149 2256 2428 2333 χομένους
2460 2259 2659 2332 ἐτίμων
2688 2260 2778 2328 ναὶ
2817 2256 3149 2340 φεὸρουᾶραι
3182 2262 3243 2316 τὸ
3271 2267 3520 2337 καθᾶραι.

2225 2349 2349 2405 ’Ότι
2395 2348 2487 2403 τὸν
2549 2350 2782 2424 Μάρτεμ
2847 2351 2898 2404 οἱ
2964 2351 3234 2422 Ῥωμαῖοι
3300 2351 3510 2425 μόρτεμ
3577 2350 3816 2406 ἐκάλουν

2155 2437 2319 2493 οἷονει
2350 2439 2599 2507 θάνατον,
2655 2439 2691 2509 ἢ
2745 2442 2973 2510 κινητὴν
3034 2446 3142 2496 τῶν
3198 2445 3430 2518 τεχνῶν,
3463 2441 3497 2511 ἢ
3531 2441 3623 2496 τόν
3681 2442 3811 2516 παρ’

2154 2525 2394 2602 ἆῤῥένων
2449 2527 2535 2582 καὶ
2571 2527 2750 2600 μόνων
2807 2529 3142 2601 τιμώμενον,
3177 2529 3210 2598 ἢ
3246 2529 3304 2584 ἐκ
3361 2534 3457 2585 τοῦ
3515 2530 3813 2603 μάρνασθαι

2152 2617 2290 2671 κατὰ
2351 2615 2664 2688 Φιλόξενον.
2725 2617 2984 2675 Καλεῖται
3032 2615 3089 2672 δὲ
3144 2617 3502 2692 Αἷγυπτιαστί
3557 2620 3811 2692 Ἐρτωσί·

2152 2710 2314 2762 τοῦτο
2343 2703 2400 2761 δὲ
2440 2707 2689 2778 σημαίνει
2746 2729 2947 2772 παντος
3005 2710 3196 2784 γενους
3232 2707 3530 2783 ζωογονίαν
3587 2710 3678 2763 καὶ
3710 2709 3813 2763 πά-

2156 2817 2256 2865 σης
2285 2793 2468 2859 οὒσίας
2496 2799 2583 2852 καὶ
2625 2795 2786 2867 ὕλης,
2817 2797 2953 2853 κατὰ
3012 2797 3194 2876 φύσιν,
3259 2797 3350 2851 καῖ
3409 2795 3632 2869 δύναμιν
3693 2793 3811 2852 διαο

2153 2908 2182 2941 τ
2194 2889 2421 2955 ακτικὴν
2454 2889 2818 2960 ζουογονικήν.

2223 2979 2347 3035 ’Ὁτι
2376 2974 2568 3052 κέρδος
2599 2979 2634 3046 ἡ
2665 2976 2942 3051 ἐπίκαιρος
2992 2973 3141 3038 δόσις
3203 2975 3438 3050 λέγεται,
3506 2978 3810 3054 μιλιαρισία

2155 3063 2212 3120 δὲ
2269 3065 2376 3120 ἀπὸ
2429 3074 2530 3132 τῆς
2589 3064 2835 3138 μιλιτίας
2899 3064 3067 3139 ἤγουν
3129 3069 3432 3141 στρατείας·
3497 3068 3657 3144 ὁγᾶρ
3693 3075 3791 3124 Σκι

2153 3154 2293 3210 πίων
2347 3154 2416 3210 δι’
2471 3151 2634 3210 ἔνδειν
2695 3157 2930 3235 χρυσίου
2959 3161 3075 3220 τοῖς
3117 3157 3475 3230 στρατιώταις
3505 3157 3570 3211 τὰ
3632 3157 3818 3232 μυλια-

2069 3273 2114 3338 c
2157 3252 2241 3324 ρῖς
2267 3267 2318 3302 ια
2347 3248 2745 3309 κατασκευάσας
2805 3243 3152 3318 ἐπιδέδωκεν,
3212 3244 3463 3301 Ἀννίϐου
3491 3253 3608 3310 τοῖς
3641 3245 3813 3322 πρᾶγ-

2165 3359 2324 3412 μασιν
2359 3335 2725 3410 ἐπικειμένου.

2231 3430 2366 3484 ’Ότι
2421 3424 2732 3498 δηΛάτορας
2796 3421 2922 3488 τοὺς
2985 3419 3277 3487 διαϐόλους
3335 3425 3425 3481 καὶ
3487 3425 3820 3504 συκοφάντας

2160 3517 2389 3572 καλοῦσι
2420 3516 2712 3588 Ῥωμαῖοι.

2231 3607 2356 3662 Ὂτι
2415 3606 2714 3679 σπαθάριος
2781 3603 2809 3658 ὁ
2894 3602 3296 3684 σωματοφύλαξ
3354 3603 3520 3666 ἐστίν,
3579 3602 3816 3679 ὀρατίων

2160 3699 2570 3773 προσεώνησις,
2630 3695 2720 3750 καὶ
2793 3693 3129 3774 φαυρικίσιοι
3189 3694 3238 3749 οἱ
3297 3697 3404 3750 τῶν
3465 3691 3652 3748 ὅπλων
3714 3688 3820 3764 δη-

2165 3784 2445 3860 μιουργοί.

2229 3875 2354 3932 ’Ότι
2393 3875 2660 3948 Ῥωμαῖοι
2717 3872 2814 3938 τὰς
2869 3873 3154 3948 σώφρόνας
3208 3877 3462 3950 γυναῖκας
3531 3873 3820 3948 ματρώνας

2160 3963 2414 4030 ἐκάλουν,
2451 3964 2502 4018 οἱ
2533 3965 2620 4037 [Ρ.
2658 3965 2781 4036 169]
2842 3959 2898 4017 δὲ
2950 3959 3220 4032 Ἓλληνες
3269 3958 3678 4024 οἶκοὸεσποίνας
3745 3959 3827 4018 Α⁹ἷ

2155 4059 2416 4109 τοσοῦτον
2479 4059 2579 4122 τῆς
2611 4049 2800 4113 αἰδοῦς
2853 4049 3162 4128 ἐφρόντιζον
3197 4051 3272 4113 ὡς
3307 4048 3449 4124 μηδὲ
3502 4055 3621 4112 ταῖς
3673 4047 3824 4106 πολ-

2158 4140 2280 4204 λαῖς
2322 4147 2432 4197 τῶν
2491 4145 2760 4216 γυναικῶν
2823 4138 3064 4214 ὁμιλεῖν,
3099 4138 3247 4196 ἀλλὰ
3273 4140 3475 4204 τόπους
3507 4140 3653 4202 τινὰς
3685 4141 3828 4210 ἡσυ-

2157 4231 2319 4308 χίους
2351 4231 2402 4287 ἐν
2449 4236 2566 4295 τοῖς
2626 4229 2938 4306 βαλανείοις
2992 4228 3093 4302 ἔξω
3150 4234 3249 4285 τοῦ
3295 4228 3546 4302 πλτςοους
3607 4229 3826 4291 ἑαυταῖς

2155 4320 2457 4398 ἀφορίζειν,
2489 4321 2584 4384 οὓς
2617 4313 2695 4376 ἔτι
2726 4321 2814 4375 καὶ
2845 4324 2934 4375 νῦν
2969 4318 3304 4394 ματρωνίκια
3334 4317 3621 4376 καλοῦσιν.

2225 4413 2350 4468 ’Ότι
2411 4411 2685 4490 σώφρονες
2767 4405 3058 4480 Ἑλλήνων
3117 4409 3317 4482 οὗτοι,
3371 4406 3826 4486 Βελλεροφόντης

2154 4495 2475 4562 Σθενεϐοίας
2508 4499 2598 4555 καὶ
2630 4499 2815 4569 Τελης
2874 4502 2982 4573 (23)
3030 4494 3420 4579 Ἀλφεσιϐοίας
3450 4500 3540 4554 καὶ
3603 4497 3826 4568 Βηλεὺς

387 4592 766 4662 Astydamea,
801 4596 860 4647 et
887 4589 1261 4664 Hippolytus,
1297 4591 1398 4662 qui
1430 4589 1680 4646 Phaedra
1727 4591 2036 4648 abstinuit.

2168 4587 2546 4664 Αστυδαμείας
2585 4590 2670 4645 καὶ
2707 4588 3034 4652 Ἱππόλυτος
3067 4587 3329 4664 Φαίδρας.

459 4683 544 4736 Αο
561 4681 721 4752 apud
737 4679 1043 4736 Chaldaaos
1059 4680 1515 4752 interpretatum
1540 4686 1629 4735 est
1648 4680 2040 4752 lumen,quod

2221 4681 2341 4734 Ὅτι
2371 4681 2406 4748 ἡ
2448 4678 2528 4733 διώ
2559 4680 2704 4754 παρᾶ
2743 4675 3045 4741 Φαλδαίοις
3078 4679 3433 4754 ἑρμηνεύεται
3468 4682 3583 4757 φῶς
3614 4677 3820 4749 νοητὸν

1522 4804 1884 4862 XYLANDRI
1967 4809 2056 4870 ET
2144 4807 2363 4864 GOABI
2445 4806 2667 4862 NOTzE.

459 4934 574 5003 (23)
605 4934 668 4987 In
700 4933 897 4988 Graeco
938 4938 1029 4989 est
1083 4930 1268 5000 τέλης.
1301 4931 1413 4986 Sed
1445 4947 1551 5002 ego
1610 4937 1848 4988 secutus
1902 4951 2036 4990 sum

387 5005 1198 5076 historiam.Bellerophonlis
1226 5009 1286 5076 et
1316 5003 1615 5076 Hippolyti
1646 5020 1746 5076 res
1773 5005 2040 5062 notiores

388 5083 529 5138 sunt
559 5094 738 5148 quam
770 5083 836 5136 ut
863 5077 938 5136 de
961 5075 1042 5132 iis
1077 5077 1150 5132 sit
1182 5075 1418 5148 aliquid
1451 5075 1881 5136 annotandum.
1936 5079 2039 5136 Te-

387 5166 494 5205 nes
525 5146 746 5218 autem,
780 5165 814 5204 a
845 5165 961 5218 quo
1003 5148 1199 5203 insula
1230 5146 1498 5202 Tenedos
1555 5163 1778 5218 nomen
1837 5148 2036 5203 habet.

387 5221 564 5292 Cycni
609 5217 764 5276 illius
817 5217 1070 5291 Neptuni
1122 5236 1306 5290 nepos
1359 5217 1888 5292 fuisse__traditur_:
1940 5221 2042 5292 qui

386 5289 651 5373 novercae
713 5293 784 5373 de
841 5289 1046 5373 stupro
1120 5289 1315 5373 ipsum
1391 5289 1714 5373 appellanti
1786 5289 2046 5373 noluerit

386 5363 659 5438 obsequi,
715 5360 968 5438 ideoque
1019 5364 1082 5438 in
1116 5360 1280 5438 mare
1311 5379 1344 5426 ξι
1400 5360 1567 5438 patre
1599 5360 1744 5438 falso
1804 5361 2040 5438 crimini

387 5427 658 5508 novercae
703 5427 980 5508 crede-nte
1015 5427 1102 5508 _in
1153 5433 1300 5508 cista
1351 5427 1673 5508 eipositus,
1725 5431 2042 5508 incolumis

492 5501 756 5560 insulam
780 5503 1172 5578 Leucophryn
1197 5501 1444 5571 delatus
1455 5504 1544 5578 eii
1561 5519 1780 5578 nomen
1825 5501 2045 5578 ,Ῑθββτὶῑ

387 5572 590 5650 ibique
621 5572 992 5650 regnaverit"
1027 5572 1128 5632 Est
1159 5575 1272 5650 hoc
1314 5572 1794 5650 ΔτψιιᾴξιϊβὶκξὶῐῑιΔ
1815 5575 1882 5650 in
1933 5577 2044 5650 Ly:

392 5645 778 5716 caphronein,
812 5648 971 5718 apud
1000 5648 1264 5704 Eustath.
1309 5645 1372 5701 in
1427 5647 1612 5703 Illiad.
1641 5645 1711 5712 α’,
1773 5647 1878 5715 38;
1941 5645 2040 5718 qui

2151 4933 2544 4988 Philonomen
2565 4933 2742 4988 istam
2773 4950 3087 4989 novercam
3115 4933 3188 4988 ab
3209 4933 3343 4988 aliis
3365 4933 3704 5005 Polybmam
3730 4949 3831 5004 ap-

2151 5005 2360 5078 pellari
2414 5005 2696 5078 ostendit,
2729 5007 2908 5060 etiam
2968 5005 3028 5060 in
3089 5005 3459 5078 Dionysium.
3487 5077 3495 5078 7
3521 5009 3714 5078 Atque
3743 5005 3830 5059 ita

2155 5076 2246 5132 est
2275 5076 2430 5148 apud
2455 5077 2838 5137 scholiastem
2887 5092 3124 5147 quoque
3173 5076 3433 5144 Homeri,
3481 5077 3542 5132 in
3603 5077 3828 5148 dictum

2154 5147 2375 5204 locum.
2410 5149 2679 5204 Meminit
2725 5156 2784 5203 et
2831 5148 3123 5203 Diodorus
3181 5149 3412 5204 Siculus
3443 5149 3504 5203 in
3537 5148 3654 5202 ﬂne
3699 5147 3739 5203 l.
3771 5165 3825 5215 ν,

2156 5221 2261 5276 sed
2291 5219 2536 5276 nomine
2567 5237 2834 5276 novercas
2867 5220 3108 5276 omisso.
3143 5221 3355 5275 Noster
3385 5219 3825 5276 Alnhesibaaam

2156 5297 2343 5348 vocat.
2396 5292 2536 5357 Quae
2587 5292 2882 5362 scriptura
2930 5292 2978 5346 si
3031 5291 3108 5346 sit
3163 5297 3346 5362 recta,
3397 5290 3546 5362 nihil
3602 5296 3692 5347 est
3722 5290 3829 5345 ab—

2158 5363 2358 5447 surdi:
2392 5379 2531 5447 nam
2565 5361 2915 5447 quodniide‘m
2963 5361 3610 5447 PeleumnAstyda‘mea
3639 5362 3829 5447 absti-

2156 5437 2362 5490 nuisse
2383 5435 2492 5506 ait,
2548 5433 2679 5492 eam
2723 5435 3016 5490 Pindarus
3065 5435 3128 5489 in
3186 5433 3394 5506 Nemeis
3446 5433 3826 5506 Hippolytam

2156 5505 2959 5580 Cr‘etheidem,_Magnessam
3019 5505 3398 5580 Hippolytam
3457 5505 3733 5580 Horatius
3766 5505 3829 5560 in

2156 5575 2298 5632 0dis
2329 5583 2519 5633 vocat.
2546 5575 2955 5643 Quaehistoria
2985 5585 3075 5634 est
3096 5575 3286 5634 etiam
3329 5577 3488 5648 apud
3539 5577 3830 5649 interpre-

2156 5655 2277 5704 tem
2299 5649 2625 5722 Apollonii.
2659 5666 2826 5707 num.
2859 5666 2952 5712 xiv
2979 5649 3085 5705 lib.
3127 5667 3144 5706 ι
3174 5650 3320 5715 XxL.
