4142 6434
408 354 527 412 335

1767 340 2084 408 GEORGII
2128 338 2478 401 CEDRENI

3710 331 3834 392 336

480 485 758 540 Plinthon
805 484 989 540 δι’ωοί
1047 489 1259 539 vocant
1297 482 1545 538 laterem
1604 486 1859 537 coctum.
1922 481 2058 533 Erat

2241 470 2305 526 ἹῘ
2329 469 2458 544 παρ’
2515 467 2794 538 Ἕλλησιν
2828 468 2943 540 (27)
2995 465 3137 534 ὀπτὴ
3196 463 3425 526 πλίνθος
3457 460 3832 539 λατέρκουλον

408 579 607 629 autem
636 573 907 646 plinthus
954 574 1227 644 quaedam
1257 572 1514 643 publica,
1560 572 1622 626 in
1673 586 1791 642 qua
1820 572 2058 624 senato-

406 679 542 719 rum
574 680 641 718 ac
672 662 973 735 legionum
1005 662 1252 717 nomina
1272 660 1755 716 inscribebantur
1772 657 2061 729 quadrata

408 756 615 827 ﬁgura.
674 755 739 809 In
780 770 950 809 muro
1009 753 1278 825 plinthus
1309 758 1455 808 erat.
1517 750 1768 818 Quidam
1818 749 2058 804 titulum

407 843 732 916 appellant,
761 860 896 898 cum
931 842 1137 897 titulus
1166 858 1287 897 non
1321 842 1400 897 sit
1419 839 1831 913 quadrangula
1849 839 2056 910 figura,

409 933 515 989 sed
545 932 898 1006 dignitatum
929 932 1324 1004 praescriptio.

477 1206 526 1259 Α
556 1203 838 1260 Romanis
870 1219 1138 1258 crassum
1174 1208 1232 1257 et
1260 1203 1447 1257 latum
1472 1202 1699 1274 lignum
1732 1199 1948 1255 matrix
1977 1197 2060 1252 di-

407 1295 581 1349 citur.
612 1293 859 1362 Antiqui
892 1293 1052 1347 enim
1085 1292 1145 1346 in
1178 1292 1361 1364 ligno,
1393 1291 1715 1347 corticibus
1745 1307 1811 1345 ac
1842 1305 1872 1344 e
1904 1288 2057 1343 libro

410 1384 551 1438 tiliae
602 1382 888 1438 confectis
948 1381 1165 1437 tabulis
1220 1381 1580 1437 scribebant.
1631 1383 1733 1436 Est
1771 1384 1829 1434 et
1861 1376 2061 1433 tabula

406 1473 668 1540 tiliacea,
718 1473 781 1527 in
835 1488 1014 1542 quam
1057 1471 1233 1527 verba
1262 1471 1555 1528 libertatis
1608 1470 1884 1527 solebant
1936 1470 2059 1524 ins-

408 1564 602 1618 cribi:
648 1564 845 1618 Graece
911 1561 1038 1617 tilia
1085 1566 1175 1617 est
1224 1561 1477 1633 philyra.
1540 1562 1713 1616 Liber
1768 1565 1826 1615 et
1876 1558 2061 1614 codex

408 1652 569 1706 idem
601 1650 932 1706 habentur:
964 1651 1199 1722 proprie
1230 1656 1425 1705 autem
1453 1650 1637 1705 codex
1668 1655 1941 1704 truncum
1975 1646 2059 1702 si-

409 1742 670 1813 gnificat,
704 1740 858 1796 liber
887 1740 1189 1795 corticem.
1222 1739 1438 1794 Eadem
1468 1738 1782 1794 matricula
1823 1753 2057 1793 nuncu-

410 1836 624 1902 patur;
655 1836 713 1886 et
743 1830 1088 1900 matricarii,
1120 1829 1221 1901 qui
1251 1829 1413 1903 ligna
1441 1830 1787 1886 coniiciunt.

479 2082 810 2150 Geryonem
824 2080 1213 2150 tricorporem
1224 2079 1886 2151 perhibentfuisse,non
1901 2076 2060 2148 quod

411 2171 600 2226 tribus
629 2170 811 2225 fuerit
838 2171 991 2227 299
1039 2169 1324 2241 praeditus
1372 2169 1742 2239 corporibus,
1778 2169 1881 2224 sed
1922 2168 2063 2240 quia

413 2268 530 2315 tres
563 2260 624 2315 in
655 2262 888 2316 Oceano
916 2261 1130 2315 insulae
1161 2260 1464 2332 suppetias
1489 2260 1603 2331 ipsi
1628 2258 1915 2315 ferebant.

482 2351 634 2422 Bigaa
666 2350 950 2405 Romanis
994 2349 1379 2421 appellantur
1403 2366 1613 2404 currus
1661 2348 1885 2421 bijugi:
1922 2349 2060 2403 inde

408 2439 619 2510 bigarii
651 2438 814 2493 dicti.
850 2438 1033 2493 Iidem
1066 2438 1305 2494 Latinos
1337 2455 1476 2493 suos
1502 2438 1751 2505 incolas,
1787 2438 2063 2493 Hellenes

410 2530 640 2584 Graecos
672 2528 1027 2595 nominant;
1060 2534 1120 2583 et
1143 2527 1423 2592 decanos,
1450 2544 1598 2599 quos
1629 2527 1778 2583 alias
1803 2527 2059 2583 lictores.

478 2675 713 2744 Septem
745 2672 1084 2744 spectacula
1113 2672 1239 2726 haec
1271 2676 1411 2726 sunt
1439 2687 1450 2726 :

549 2791 861 2845 Priscorum
890 2791 1081 2843 inanis
1100 2787 1419 2858 pyramides
1450 2788 1730 2858 superbia,

558 2863 801 2915 Jactavit
831 2863 1102 2931 Egyptus
1132 2858 1329 2928 quibus
1358 2875 1412 2914 se
1442 2858 1669 2913 callida.

555 2931 883 3001 Phariaeque
912 2932 1082 2985 turris
1111 2936 1261 2997 astra
1292 2936 1519 2999 tangens
1546 2932 1847 2985 summitas.

560 3005 794 3071 Magnus
824 3001 1058 3057 colossus
1088 3001 1201 3068 ille,
1234 3001 1459 3055 celebris
1486 3001 1545 3054 in
1577 3001 1787 3069 Rhodo,

555 3074 922 3143 Tumulusque
944 3073 1179 3128 Mausoli
1216 3071 1514 3126 exauditus
1544 3073 1811 3140 omnibus,

545 3147 617 3200 Et
646 3145 833 3214 Oyzici
862 3146 1053 3199 domus
1081 3146 1264 3198 ruinae
1293 3143 1502 3210 nescia,

544 3216 708 3271 ﬁdes
738 3217 926 3271 Diana
955 3216 1262 3285 nobilisque
1291 3215 1445 3285 apud
1472 3214 1769 3285 Ephesum,

550 3288 719 3356 Cujus
742 3288 1070 3358 perhibetur
1094 3293 1290 3341 auctor
1318 3287 1607 3358 Artemisia
1631 3304 1653 3339 .·

547 3357 824 3414 Mausolus
856 3358 987 3413 olim
1017 3360 1309 3429 conjugem
1338 3357 1483 3429 hanc,
1507 3357 1708 3412 miram
1734 3358 1950 3413 habuit.

548 3433 736 3500 Lycia?
764 3430 1039 3485 theatrum
1068 3427 1128 3484 in
1157 3430 1290 3484 urbe
1318 3427 1604 3483 conditum
1633 3431 1822 3499 Muris,

550 3501 708 3567 Quod
735 3503 955 3557 Ismaeli
982 3503 1150 3570 stirps
1180 3501 1494 3569 adaequavit
1520 3500 1656 3555 solo.

552 3574 907 3643 Ruﬁniusque
936 3573 1115 3628 dictus
1148 3572 1298 3627 lucus
1325 3573 1603 3643 Pergami,

550 3644 717 3714 Cujus
738 3642 843 3714 per
869 3644 1049 3699 orbem
1073 3642 1441 3713 pulchritudo
1470 3644 1695 3712 cognita
1724 3648 1822 3698 est.

472 3731 650 3788 Caius
703 3731 893 3787 Julius
947 3732 1142 3787 Cmsar
1196 3730 1463 3803 regnavit
1527 3747 1721 3786 annos
1780 3736 2056 3801 quatuor,

405 3835 646 3875 menses
704 3824 951 3892 septem.
999 3821 1195 3875 Caesar
1250 3824 1449 3875 autem
1502 3817 1575 3874 ab
1610 3835 1677 3874 eo
1727 3818 1921 3874 dictus
1972 3825 2063 3875 est

410 3908 568 3980 quod
600 3925 753 3965 casso
785 3908 995 3965 matris
1021 3914 1189 3965 utero
1252 3914 1432 3965 natus
1476 3912 1651 3965 esset.
1714 3908 1914 3964 Dictus
1971 3915 2061 3966 est

406 3998 562 4054 800
592 3999 773 4055 etiam
818 3999 1102 4067 Dictator,
1163 3998 1333 4070 quasi
1391 4013 1575 4070 penes
1634 4014 1812 4069 quem
1871 4015 2058 4055 unum

406 4088 604 4143 omnis
625 4094 783 4144 esset
806 4093 1069 4161 potestas
1095 4105 1114 4143 :
1145 4094 1235 4143 est
1264 4093 1465 4143 autem
1514 4087 1809 4143 dictatura
1838 4089 2058 4161 magis-

401 4183 590 4235 tratus
620 4179 846 4234 nullius
877 4179 1107 4253 legibus
1142 4178 1464 4250 subjectus.
1499 4178 1715 4233 Cwsari
1746 4183 1923 4234 natus
1947 4178 2062 4234 fuit

398 4285 588 4340 equus
643 4269 898 4342 ungulas
952 4269 1180 4325 habens
1231 4269 1422 4336 ﬁssas,
1484 4267 1841 4339 nullumque
1873 4268 2057 4324 alium

400 4375 698 4414 sessorem
776 4358 1121 4425 admittens,
1183 4358 1358 4414 sicuti
1430 4357 1803 4429 Bucephalus
1862 4358 2056 4414 solum

400 4447 630 4518 recepit
652 4447 1073 4503 Alexandrum.
1096 4448 1153 4501 Is
1182 4445 1376 4501 adhuc
1404 4446 1638 4518 juvenis
1668 4462 1775 4517 per
1796 4448 2059 4518 quietem

399 4535 761 4607 imaginatus
789 4543 880 4592 est
910 4553 972 4591 se
1005 4549 1139 4591 cum
1173 4540 1363 4590 matre
1398 4551 1507 4590 sua
1535 4535 1714 4589 coire.

475 4625 660 4691 Idem,
710 4631 776 4680 ut
832 4625 1185 4681 Plutarchus
1242 4624 1462 4693 scribit,
1516 4624 1794 4680 maximis
1833 4626 2057 4697 praaliis

398 4713 744 4781 Germanos,
776 4714 974 4771 Gallos
1005 4719 1066 4769 et
1114 4714 1432 4769 Britannos
1474 4713 1725 4783 domuit,
1759 4714 2055 4787 urbesque

391 4801 741 4858 hominibus
770 4802 1115 4875 frequentes
1143 4803 1500 4876 quingentas
1524 4804 1807 4861 Romanis
1830 4807 2054 4878 stipen-

397 4892 621 4951 diarias
651 4895 899 4969 redegit.

2087 3194 2138 3259 Ο

2088 4559 2135 4623 D

2167 558 2315 633 παρὰ
2368 557 2673 631 Ῥωμαίοις
2732 555 2976 631 λέγεται.
3035 557 3106 612 Ἥ
3166 552 3225 609 δὲ
3278 552 3510 617 πλίνθος
3567 550 3838 624 δημοσία,

2169 646 2253 720 ἐφ’
2282 649 2349 701 οὗ
2394 649 2463 702 τά
2515 667 2575 702 τε
2628 653 2737 701 τῶν
2802 645 3113 721 βουλευτῶν
3147 644 3237 699 καὶ
3266 644 3333 697 τὰ
3360 647 3470 698 τῶν
3501 641 3839 719 στρατευμά-

2167 758 2277 791 των
2309 736 2553 809 ὀνόματα
2612 737 2979 813 ἀπεγράφετο,
3033 735 3124 789 καὶ
3179 734 3440 808 ἐγράφετο
3490 732 3579 788 ἐπὶ
3609 732 3843 807 τείχους

2168 824 2243 886 εἷς
2269 826 2611 902 τετράγωνον
2645 832 2840 900 σχῆμα
2868 825 3039 887 τύπος
3063 844 3150 886 τις
3181 823 3273 878 καὶ
3305 822 3543 897 γραμμή
3575 819 3829 885 πλίνθος.

2165 914 2356 971 Τίτλον
2418 917 2498 988 [Ρ.
2535 917 2659 988 170]
2714 914 2805 970 καὶ
2867 915 3039 986 αὐτήν
3091 934 3235 975 τινες
3296 912 3687 985 ὀνομάζουσιν,
3730 910 3836 965 οὐκ

2168 1003 2369 1068 εἰδότες
2401 1005 2476 1065 ὡς
2502 1001 2690 1066 τίτλος
2749 1004 2953 1078 κυρίως
2984 1006 3019 1073 ἡ
3077 1002 3406 1079 προσγραφὴ
3436 1006 3548 1055 τῶν
3581 1000 3836 1073 ἀξιωμάο

2166 1116 2272 1149 των
2304 1094 2541 1170 λέγεται,
2575 1095 2641 1149 οὐ
2678 1095 2785 1167 μὴν
2820 1097 2854 1162 ἡ
2884 1094 3230 1169 τετράγωνος
3258 1092 3515 1166 γραμμή.

2242 1185 2466 1259 Λέγεται
2516 1187 2663 1258 παρὰ
2709 1182 3011 1256 Ῥωμαίοις
3067 1182 3352 1255 ματρίκιον
3414 1181 3475 1235 τὸ
3525 1177 3706 1234 πλατὺ
3737 1178 3834 1248 ξύ-

2168 1272 2267 1328 λον
2297 1273 2386 1328 καὶ
2415 1273 2589 1351 παχύ’
2624 1275 2675 1326 οἱ
2706 1271 2811 1347 γὰρ
2839 1271 3066 1347 άρχάῖοι
3097 1270 3284 1343 ξύλοις
3340 1269 3431 1325 καὶ
3485 1266 3705 1345 φλοιοῖς
3740 1269 3837 1323 καὶ

2170 1361 2477 1440 φιλυρίνοις
2535 1361 2710 1433 πίναξι
2769 1352 3528 1439 προσγράφοιςνὲκέχρηντο.
3563 1366 3715 1417 Ἔστι
3775 1358 3835 1414 δὲ

2168 1452 2259 1507 καὶ
2290 1452 2438 1513 σανὶς
2499 1449 2781 1528 φιλυρίνη,
2839 1449 2923 1527 ἐφ’
2974 1453 3039 1519 ἧς
3099 1450 3167 1505 τὰ
3224 1450 3443 1524 ῥήματα
3474 1457 3573 1519 τῆς
3606 1447 3832 1513 ἐλευθε-

2172 1539 2289 1615 ρίας
2321 1537 2478 1594 εἷ’ωθε
2508 1540 2828 1618 γράφεσθαι.
2887 1538 3051 1596 Τιλία
3108 1536 3165 1593 δὲ
3215 1539 3363 1613 παρά
3415 1544 3534 1599 τοῖς
3569 1537 3759 1599 αὐτοῖς
3790 1540 3828 1606 ἡ

2174 1626 2381 1707 φιλύρα
2410 1628 2473 1683 τὸ
2532 1628 2714 1699 ξύλον·
2778 1627 2897 1683 ὅθεν
2961 1625 3128 1700 κῶδιξ
3185 1628 3249 1683 τὸ
3286 1623 3528 1702 βιϐλίον.
3562 1624 3741 1699 Κίύδιξ
3777 1624 3839 1682 δὲ

2170 1717 2372 1792 κυρίως
2404 1719 2432 1772 ὁ
2466 1718 2655 1794 φιτρὸς
2706 1719 2833 1792 παρ’
2890 1716 3075 1779 αὐτοῖς
3128 1715 3398 1782 καλεῖταί,
3453 1716 3545 1771 καὶ
3579 1710 3739 1791 λίϐερ
3767 1716 3834 1771 τὸ

2095 1836 2142 1901 Β
2175 1800 2415 1880 βιϐλίον,
2450 1801 2614 1880 Λίϐερ
2678 1803 2734 1860 δὲ
2783 1807 2811 1861 ὁ
2869 1804 3063 1882 φλοιός
3115 1803 3227 1861 ἐστι
3284 1804 3511 1880 κυρίως·
3540 1809 3708 1859 ταῦτα
3738 1805 3833 1859 καὶ

2175 1893 2482 1970 ματρίκιον.
2544 1895 2647 1952 Καὶ
2709 1895 3096 1971 ματρικαρίους
3151 1893 3278 1956 τοὺς
3336 1892 3673 1969 ξυλουργοὺς
3729 1914 3833 1948 κα-

2169 1988 2348 2042 λοῦσμ

2239 2073 2598 2149 Τρισώματον
2625 2075 2716 2129 τὸν
2749 2073 3026 2150 Γηρυόνην
3057 2075 3213 2152 φασὶν
3261 2074 3372 2149 οὐχ
3418 2075 3502 2129 ’ὁτι
3541 2074 3833 2135 τοσούτοις

2166 2161 2447 2237 ἐχρήσατο
2473 2165 2742 2236 σώμασιν,
2776 2163 2903 2218 ἀλλ’
2952 2164 3036 2218 ὅτι
3074 2168 3220 2238 τρεῖς
3250 2170 3407 2232 νῆσοι
3441 2161 3492 2218 ἐν
3522 2168 3601 2234 τῷ
3638 2165 3834 2218 Ὠκεα-

2166 2257 2243 2323 vii)
2272 2252 2512 2324 κείμεναι
2542 2254 2884 2330 συνεμάχουν
2917 2252 3089 2325 αὐτῷ.

2238 2342 2361 2398 Ὃτι
2417 2342 2683 2414 Ῥωμαῖοι
2740 2342 2804 2396 τὰ
2863 2339 3056 2416 δίζυγα
3110 2343 3323 2415 ἅρματα
3386 2342 3541 2418 βίγας
3574 2341 3839 2397 ἐκάλουν»

2168 2429 2221 2500 ἐξ
2253 2429 2443 2484 ὤνκαὶ
2505 2431 2770 2505 βιγάριοι.
2827 2429 3089 2492 Λατίνους
3146 2430 3273 2490 τοὺς
3325 2429 3829 2505 ἐπιχωριάζοντας,

2170 2518 2434 2594 Γραικοὺς
2499 2516 2557 2573 δὲ
2612 2520 2737 2581 τοὺς
2795 2516 3184 2589 ἓλληνίζοντας
3243 2524 3525 2589 καλοῦσιν,
3560 2521 3828 2581 Δεκανοῦς

2170 2610 2297 2669 τοὺς
2332 2603 2699 2684 ῥαϐδούχους.

2239 2698 2363 2754 ’Ότι
2392 2698 2459 2751 τά
2489 2697 2759 2770 λεγόμενα
2789 2698 2925 2752 ἑπτὰ
2955 2697 3198 2770 θεάματά
3229 2696 3342 2752 ἐστι
3373 2703 3560 2753 ταῦτα·

2314 2787 2478 2873 ιςενὸν
2507 2785 2767 2873 φρύαγμα
2794 2791 2902 2873 των
2933 2784 3104 2873 πάλαι
3134 2783 3459 2873 πυραμίδες,

2317 2855 2594 2949 ᾼῖγυπῑὲος
2628 2855 2797 2949 δεῇ-περ
2831 2857 3193 2949 εἶχενκόμπον
3287 2855 3525 2946 πλάνος,

2316 2930 2413 3006 Kei-
2446 2930 2654 3006 πόριες
2687 2930 3300 3006 δεῖτρριξέξισέιῦμενος.
3318 2930 3527 3006 Φέρου-

2317 2999 2504 3075 Μέγας-
2524 2999 2801 3075 κολοσσὸς
2824 3001 2852 3055 ὁ
2885 2999 3257 3075 θρυλούμενος
3286 2999 3499 3075 Ῥόδου,

2316 3068 2421 3126 Kal
2445 3068 2656 3145 τύμϐος
2688 3068 3005 3145 ἐξάκουστος
3097 3068 3195 3145 τοῦ
3225 3068 3563 3145 Μαυσώλου,

2318 3145 2418 3222 Emi
2450 3140 3244 3222 ξίὲυζίκουᾌφὲριοτος-ἆῤῥαγής
3267 3140 3469 3222 δόμος.

2310 3218 2392 3290 Τῆ
2404 3212 2793 3290 ςμἌρτέμιδός
2808 3222 2908 3285 τῆς
2943 3212 3188 3290 Ἐφεσίας
3202 3212 3415 3290 ί-δόμος,

2303 3286 2491 3364 ξιξρν-’ῥν
2505 3285 2606 3364 περ
2618 3285 2911 3364 ξέξήγειιρεν
2934 3285 3255 3364 Ἀρτεμισία

2312 3306 2404 3342 ιον
2434 3307 2491 3341 ον
2505 3308 2606 3362 περ
2639 3306 2820 3364 εζηγει
2859 3308 2911 3341 εν
2934 3306 3255 3363 Ἀρτεμισια

2392 3356 2720 3435 ’Μαυσῴλου
2748 3306 2979 3435 τάλαινα
3009 3359 3245 3435 σύζυγος
3276 3359 3471 3435 πάλαι.

2310 3429 2409 3487 Καὶ
2434 3431 2495 3485 τὸ
2527 3428 2748 3504 θέατρον
2791 3430 2992 3504 Λυκίας
3021 3438 3121 3504 τῆς
3145 3428 3522 3504 τῶνᾲΜύρων,

2307 3504 2483 3576 Ὅπερ
2512 3500 2907 3576 κατεσπάραξεν
2941 3502 3175 3576 Ἰσμαὴλ
3208 3502 3388 3576 γόνυς.

2310 3572 2411 3653 Ιςαὶ
2442 3572 2761 3653 Ῥουφίνιον
2781 3572 2945 3653 ἄλσος
2978 3572 3033 3629 ἐν
3056 3578 3140 3653 τῇ)
3169 3572 3464 3653 Περγάμῳ,

2310 3645 2493 3719 Οὗπερ
2522 3643 2592 3700 τὸ’
2614 3644 2823 3710 κάλλος
2851 3652 3024 3701 πᾶσαν
3056 3643 3261 3722 ἕδραμέ
3282 3643 3479 3721 χθόνα.

2234 3734 2396 3796 Γάϊος
2425 3734 2659 3798 Ἰούλιος
2692 3741 2892 3810 Καῖσαρ
2924 3729 3269 3791 ἐϐασίλευσεν
3312 3730 3406 3803 ἔτη
3441 3730 3505 3803 δ’,
3550 3735 3726 3806 μῆνας
3758 3734 3826 3802 ζ“.

2163 3827 2371 3901 Καῖσαρ
2401 3821 2459 3880 δὲ
2490 3824 2792 3898 ἐπεκλήθη,
2845 3826 2875 3880 ὅ
2933 3825 3148 3902 λέγεται
3206 3825 3480 3899 ἀνατομή,
3512 3821 3595 3879 ὅτι
3627 3821 3824 3877 θανού-

2164 3935 2263 3985 σης
2317 3921 2415 3985 τῆς
2477 3916 2684 3991 μητρὸς
2742 3916 2907 3971 αὐτοῦ
2964 3914 3017 3971 ἐν
3074 3920 3155 3988 τῷ
3210 3914 3411 3989 ἐννάτῳ
3445 3915 3579 3989 μηνὶ
3608 3912 3814 3968 ταύτην

2163 4003 2521 4078 ἀνατεμόντες
2573 4003 2838 4081 ἐξήγαγον
2922 4003 3104 4061 αὐτόν.
3166 4005 3340 4066 Οὗτος
3397 4004 3488 4059 καὶ
3544 4011 3825 4076 Δικτατωρ

2165 4091 2399 4164 ἐκλήθη,
2442 4095 2471 4148 b'
2523 4092 2633 4149 ἐστι
2696 4092 3003 4172 μονάρχης·
3066 4090 3337 4168 δικτάτωρ
3399 4090 3455 4147 δέ
3501 4090 3641 4146 ἐστιν
3674 4090 3823 4164 ἀρχή

2163 4181 2542 4246 ἀνυπεύθυνος.
2583 4181 2778 4255 Τούτῳ
2817 4180 3016 4258 ἐτέχθη
3055 4180 3228 4245 ⁸ίππος
3278 4182 3395 4237 ἀντὶ
3429 4180 3611 4251 όπλῆς
3643 4179 3832 4255 χηλὰς

2167 4263 2314 4345 ἔχων
2344 4270 2433 4325 καὶ
2468 4268 2677 4344 μηδένα
2705 4266 2889 4344 ἕτερον
2921 4265 3193 4342 ἀναϐάτην
3243 4268 3549 4350 δεχόμενος
3580 4268 3616 4338 ἢ
3646 4268 3834 4337 αὐτὸν,

2168 4359 2242 4421 ὡς
2276 4358 2627 4435 Βουκὲφαλος
2657 4360 2748 4416 τὸν
2778 4357 3157 4436 Ἀλέξανδρον.
3194 4359 3367 4423 Οὗτος
3415 4360 3534 4422 νέος
3589 4356 3665 4413 ὣν
3710 4354 3837 4412 ἕδο-

2170 4450 2251 4521 ξεν
2285 4450 2338 4505 ἐν
2365 4457 2484 4512 τοῖς
2516 4449 2702 4513 ὕπνοις
2732 4450 3098 4520 συνουσιάζειν
3128 4454 3198 4524 τῇ
3230 4449 3343 4522 ῗδίᾳ
3376 4450 3577 4524 μητρί.

2235 4634 2358 4691 "Ott
2390 4630 2548 4694 αὐτὸς
2580 4630 2837 4701 Ἰούλιος,
2861 4629 2935 4693 ὥς
2969 4652 3101 4707 φησι
3137 4630 3519 4707 Πλούταρχος,
3548 4629 3832 4705 μεγίστοις

2196 4723 2373 4796 ἀγῶσι
2434 4720 2518 4793 [Ρ.
2555 4722 2677 4794 171]
2708 4720 3016 4796 Γερμανοὺς
3073 4721 3164 4776 καὶ
3220 4720 3469 4785 Γάλλους
3496 4720 3589 4776 καὶ
3624 4723 3829 4795 Βρεττα

2164 4811 2292 4874 νοὺς
2322 4810 2755 4885 χειρωσάμενος,
2819 4810 3135 4888 ὑποφόρους
3194 4816 3314 4873 τοῖς
3365 4808 3667 4884 Ῥωμαίοις
3699 4829 3832 4864 πεν-

2165 4898 2423 4961 τακοσίας
2453 4900 2646 4962 πόλεις
2673 4898 3005 4972 οἷκουμὲνης
3033 4902 3423 4971 κατεστήσατο.

1615 4995 1982 5052 XYLANDRI
2020 4999 2108 5053 ET
2147 5000 2365 5055 GOARI
2400 5000 2625 5056 NOTAE.

469 5093 586 5166 (2‘7)
616 5094 919 5166 Xylander
966 5100 1032 5150 ut
1075 5095 1257 5150 nimis
1305 5093 1564 5166 proprie,
1620 5093 1703 5148 sic
1758 5093 2050 5166 ridicule:

402 5161 630 5219 Πλίνθον
671 5161 866 5223 ’ἂνκοὶ
920 5173 1118 5223 vocant
1176 5161 1679 5221 laterem—coctum.
1739 5165 1882 5229 Quis
1942 5168 2053 5222 hoc

399 5237 678 5309 nesciat?
712 5239 925 5309 Verum
980 5237 1123 5309 quid
1155 5238 1230 5293 ad
1278 5236 1528 5292 Cedreni
1562 5236 1934 5309 propositum
1965 5239 2059 5309 vel

397 5308 739 5365 Graecorum
786 5307 1014 5369 πλίνθος
1068 5310 1159 5364 vel
1208 5309 1549 5364 Latinorum
1599 5313 1801 5362 coctus
1848 5307 2004 5364 later
2033 5308 2061 5365 Ἰ

397 5380 643 5454 Relictis
700 5381 922 5438 idcirco
983 5380 1286 5454 Xylanﬁdro
1339 5380 1669 5454 lateribus,
1733 5379 2059 5436 Iaterculum

405 5451 632 5533 erudite
682 5455 878 5533 aperit
911 5451 1560 5533 Pancirollusinﬂot'.
1587 5452 1751 5533 ‘I'mp:
1796 5466 1857 5533 c._
1893 5468 2007 5509 xcu
2041 5468 2055 5510 :

405 5521 543 5575 Erat
570 5521 831 5581 aerarium
855 5528 914 5580 in
944 5526 1059 5582 ede
1080 5526 1333 5588 Saturni,
1365 5522 1464 5579 ubi
1486 5522 1776 5593 plebiscita
1806 5529 1859 5578 et
1887 5540 2056 5580 sena-

408 5594 494 5667 tus
523 5595 769 5667 consulta
811 5597 1240 5667 reponebantur.
1280 5596 1347 5651 1d
1367 5600 1563 5666 postea
1615 5593 1941 5650 laterculum
1969 5597 2059 5653 di-

404 5665 574 5715 ctum.
623 5665 1003 5721 Mathematici
1049 5670 1191 5723 enim
1238 5665 1570 5738 quadratam
1613 5667 1849 5734 ﬁguram
1890 5671 1943 5725 et
1986 5668 2061 5724 ad

2164 5099 2412 5170 aliquam
2439 5099 2857 5155 similitudinem
2886 5098 3065 5154 instar
3109 5098 3298 5155 lateris
3328 5105 3639 5170 surgentem
3667 5092 3831 5170 πλιν-

2168 5168 2303 5237 Θίον,
2333 5171 2394 5225 id
2423 5178 2501 5225 est
2532 5171 2859 5226 laterculum
2903 5176 3123 5233 vocant,
3155 5173 3247 5226 cui
3302 5168 3476 5225 eodem
3502 5170 3702 5225 similis
3733 5169 3829 5223 la-

2170 5242 2438 5297 terculum
2470 5249 2551 5297 est
2578 5244 2915 5313 appellatus.
2946 5241 3038 5298 Sic
3090 5248 3143 5297 et
3203 5242 3440 5313 lapidem
3492 5241 3831 5312 quadratum

2168 5313 2484 5381 architecti,
2538 5320 2591 5369 et
2647 5330 2844 5383 agmen
2895 5313 3156 5369 (Elianus
3211 5320 3553 5384 nuncupant.
3612 5315 3658 5368 A
3720 5325 3831 5380 quo

2170 5385 2498 5440 laterculum
2547 5386 2647 5440 hoc
2680 5384 2926 5440 derivari
2954 5384 3229 5441 Cedrenus
3278 5391 3549 5440 autumat.
3581 5384 3707 5450 Qui,
3733 5384 3829 5436 in-

2168 5458 2308 5528 quit,
2341 5456 2482 5511 later
2512 5463 2694 5512 coctus
2742 5463 2838 5523 est,
2886 5472 2981 5512 seu
3028 5452 3278 5519 πλινθίον
3330 5458 3557 5522 Graecis,
3593 5456 3829 5528 latercu-

2170 5524 2345 5583 luma
2382 5529 2644 5583 Romanis
2690 5528 2914 5584 dicitur.
2966 5529 3060 5583 Est
3115 5535 3299 5585 autem
3347 5529 3434 5584 hic
3466 5529 3607 5583 later
3642 5524 3828 5585 publi-

2167 5615 2282 5726 Chiis,
2404 5615 2512 5670 quo
2540 5605 2859 5655 senatorum
2879 5605 2933 5654 et
2960 5599 3237 5668 legionum
3266 5602 3499 5655 nomina
3520 5597 3836 5654 scribeban-

2232 5687 2282 5725 r.
2363 5685 2492 5726 om.

2172 5676 2282 5727 tur.
2317 5676 2492 5727 Gonn.
