4142 6418
429 417 548 496 339

1756 403 2070 483 GEORGII
2119 403 2471 482 causam

3725 416 3852 479 340

405 555 620 639 piper,
670 553 879 631 lintea,
931 560 1188 630 chartas,
1219 561 1389 623 vitra,
1435 559 1839 640 magnumque
1871 555 2058 612 obelis

2204 554 2368 608 ναῦτα
2437 555 2502 640 α’,
2561 556 2779 630 πέπερι,
2843 553 3058 623 ὀθόνας,
3118 555 3356 628 χάρτην,
3407 551 3712 640 θὲλια,καί
3775 553 3870 608 τὸν

429 671 566 712 cum
599 661 654 710 et
685 655 1106 725 imperatorem
1147 647 1506 705 collocatum
1556 645 1619 701 in
1653 645 1864 719 magno
1895 644 2084 712 Circo,

429 745 616 801 altum
643 742 824 816 pedes
855 733 920 796 87'
956 744 1001 796 ς.

500 922 715 979 Habuit
743 921 920 976 etiam
950 917 1406 974 Athenodorum
1459 914 1963 982 Alexandrinum,
1995 918 2086 970 sa-

427 1012 871 1085 pientissimum
927 1009 1143 1063 virum.
1179 1009 1394 1063 Insano
1451 1005 1782 1060 alienarum
1833 1004 2086 1060 uxorum

425 1103 613 1159 amori
639 1086 988 1173 indulgebat
1008 1100 1234 1165 Caesar;
1261 1097 1526 1168 adeoque
1565 1094 1676 1168 ipsi
1702 1092 1924 1165 flagitio
1957 1097 2086 1166 ejus

423 1192 622 1248 mariti
653 1190 1081 1246 inserviebant.
1118 1187 1264 1242 Cum
1301 1188 1457 1241 enim
1491 1185 1710 1256 aliquis
1741 1181 2083 1240 senatorum

423 1281 496 1337 ad
528 1298 662 1336 eum
694 1279 941 1344 veniret,
975 1274 1070 1333 cui
1102 1293 1252 1331 uxor
1296 1268 1456 1330 esset
1503 1269 1785 1334 formosa.
1818 1273 1888 1328 ad
1923 1274 2084 1328 hunc

419 1373 618 1426 Caesar
673 1366 841 1422 misit
906 1363 1080 1420 suum
1139 1358 1454 1430 annulum,
1524 1360 1962 1434 postulavitque
2018 1367 2084 1416 ut

419 1474 666 1514 uxorem
691 1458 749 1511 in“
765 1449 976 1510 lectica
1007 1453 1078 1509 ad
1125 1469 1186 1508 se
1209 1453 1472 1506 mitteret
1498 1447 1704 1523 operta
1744 1448 2078 1522 obsignata-

423 1563 537 1618 que
566 1544 625 1600 et
654 1562 778 1600 una
816 1543 1106 1598 annulum
1138 1535 1508 1608 remitteret;
1542 1541 1745 1610 itaque
1766 1539 2080 1594 mulierem

421 1637 484 1690 in
515 1635 726 1690 lectica
755 1633 1079 1704 accipiens,
1114 1625 1614 1702 expletalibidine
1639 1631 1766 1683 eain
1804 1627 2078 1700 obsigna-

419 1731 541 1778 tam
596 1723 810 1779 marito
869 1721 1230 1778 remittebat.
1313 1719 1571 1774 Petierat
1636 1717 1958 1790 aliquando
2020 1717 2078 1771 id

420 1799 618 1884 ipsum
649 1829 683 1866 a
713 1792 866 1867 303
915 1810 1172 1881 quodam
1204 1811 1399 1864 Caesar
1427 1825 1439 1875 ;
1475 1807 1574 1878 qui
1625 1825 1760 1862 cum
1802 1823 2078 1862 recusare

2199 642 2362 717 μέγαν
2397 638 2687 699 ὀϐελίσκον
2724 645 2862 718 μετᾶ
2891 646 2989 698 τοῦ
3023 641 3317 717 βασιλέως,
3367 639 3528 697 αὐτόν
3558 661 3616 698 τε
3647 642 3859 698 ἑστῶτα

2192 729 2244 786 ἒν
2272 736 2354 804 τῷ
2387 730 2616 808 μεγάλῳ
2663 735 2914 805 Ἰππικῷ,
2972 727 3170 807 ἔχοντα
3227 731 3363 804 ὕψος
3394 726 3569 792 πόδας
3601 731 3687 800 πζ¹
3715 731 3853 804 ἣμι-

2194 841 2308 876 συν.

2264 910 2403 985 Εἶχε
2433 907 2490 966 δὲ
2519 911 2608 967 καὶ
2641 909 3022 986 Ἀθηνόδωρον
3055 911 3148 966 τὸν
3179 905 3542 984 Ἀλεξανδρέα
3597 911 3860 988 σοφώτα-

2191 1019 2283 1055 τον
2338 1001 2496 1057 πάνυ.
2551 1003 2652 1056 "HV
2712 997 2769 1056 δὲ
2821 1003 3030 1076 Καῖσαρ
3093 996 3378 1073 μανιώδης
3435 998 3519 1054 ἀεὶ
3577 998 3702 1073 περὶ
3759 999 3862 1059 τὰς

2190 1091 2298 1144 τῶν
2325 1087 2636 1166 ἀλλοτρίων
2662 1095 2945 1165 γυναῖκας,
2978 1090 3054 1153 ὡς
3104 1088 3196 1144 καὶ
3253 1087 3452 1150 αὐτοὺς
3503 1086 3855 1164 ἐξυπηρετεῖν

2189 1179 2268 1251 τῷ
2311 1179 2597 1252 μιάσματι.
2629 1181 2830 1237 Ἠνίκα
2858 1179 2959 1255 γὰρ
2989 1179 3198 1254 ἤρχετό
3228 1197 3312 1239 τις
3368 1181 3476 1232 τῶν
3539 1175 3854 1252 βουλευτῶν

2191 1269 2327 1340 πρὸς
2367 1267 2526 1324 αὐτὸν
2561 1259 2762 1345 ὧραίαν
2796 1267 2940 1342 ἔχων
2982 1274 3236 1344 γυναῖκα,
3293 1261 3503 1340 ἔπεμπε
3560 1267 3701 1341 πρὸς
3731 1272 3862 1322 τοῦ·

2189 1377 2283 1412 τον
2313 1359 2404 1412 τὸν
2435 1358 2636 1414 οἰκεῖον
2689 1356 3002 1428 δακτύλιον,
3061 1359 3150 1413 καὶ
3208 1357 3364 1428 ἠξίου
3431 1351 3694 1430 ἐμϐαλεῖν
3748 1358 3854 1428 τὴν

2186 1449 2430 1521 γαμετὴν
2460 1447 2512 1503 ἐν
2546 1447 2858 1524 καταστέγῳ
2918 1448 3123 1528 φορείῳ
3177 1449 3270 1504 καὶ
3339 1450 3850 1519 κατασημανασθαι,

2187 1538 2280 1591 καὶ
2319 1539 2474 1602 αὗθις
2529 1539 2620 1593 τὸν
2678 1535 2971 1594 δακτύλιον
3031 1537 3489 1612 ἀντιπέμψασθαν
3554 1536 3648 1591 καὶ
3708 1535 3852 1591 οὕτω

2189 1621 2487 1705 δεχόμενος
2552 1630 2653 1698 τήν
2707 1633 2938 1703 γυναῖκα
2996 1627 3048 1682 ὲν
3115 1631 3196 1700 τῷ
3249 1626 3453 1706 φορείῳ
3509 1625 3857 1701 ἀσελγαίνων

2189 1715 2475 1794 έσφράγιζε
2521 1717 2612 1771 καὶ
2699 1717 3148 1796 ἀνταπέστρειρεν.
3209 1720 3384 1792 ’Όπερ
3473 1713 3668 1791 γέγονέ
3721 1733 3851 1784 τινι,

2186 1803 2244 1867 ὅς
2281 1807 2356 1878 μὴ
2379 1803 2671 1879 τολμήσας
2701 1807 2972 1862 ἀντειπεῖν
3013 1803 3337 1880 ἀπωδύρετο
3375 1807 3438 1860 τὸ
3497 1801 3848 1880 δυστύχημα,

427 1919 548 1956 non
571 1901 836 1966 auderet,
871 1917 1037 1984 suam
1071 1897 1467 1980 calamitatem
1501 1897 1870 1970 deplorabat.
1898 1898 2069 1952 Athe-

2185 1896 2282 1957 Οἷς
2314 1894 2533 1958 ἐπιστὰς
2585 1893 2960 1972 Ἀθηνόδωρος
3015 1893 3294 1964 κλαίτυσι,
3352 1894 3442 1950 καὶ
3495 1895 3597 1964 τὴν
3666 1893 3843 1949 αἰτίαν

415 1990 682 2048 nodorus
703 2007 837 2045 cum
860 1990 920 2044 in
934 1975 1269 2060 plorantem
1287 1975 1803 2056 incidisset,causa
1823 1987 2077 2060 cognita,

424 2097 486 2134 se
505 2097 638 2135 cum
663 2080 867 2134 stricto
886 2077 1082 2150 gladio
1104 2077 1166 2132 in
1194 2077 1465 2132 lecticam
1491 2075 1648 2145 abdi,
1683 2076 1882 2147 itaque
1914 2075 2073 2130 obsi-

417 2174 592 2240 gnata
631 2185 701 2224 ea
729 2167 802 2223 ad
833 2169 1124 2222 Caisarem
1160 2166 1312 2220 mitti
1341 2165 1541 2236 jussit.
1576 2165 1772 2220 Caesar
1814 2182 1947 2220 cum
1981 2181 2074 2220 se-

417 2257 640 2312 natoris
688 2273 933 2312 uxorem
975 2252 1088 2309 sibi
1120 2253 1362 2310 allatam
1407 2257 1624 2325 putans
1673 2251 1921 2325 januam
1951 2252 2072 2308 lec-

415 2345 550 2401 tica:
582 2345 934 2417 aperuisset,
967 2343 1208 2399 exsiluit
1254 2342 1518 2415 gladium
1551 2343 2070 2398 strictumtenens.

414 2433 854 2500 Athenodorus,
891 2433 1206 2503 subitoque
1227 2432 1385 2488 visus
1407 2431 1729 2487 admodum
1750 2431 2073 2504 perterruit

413 2526 728 2592 Cassarem,
761 2525 1250 2593 metuentemque
1272 2521 1382 2576 sibi
1407 2521 1779 2576 conﬁrmavit
1807 2538 2068 2590 rursum,

405 2613 869 2686 juramentoque
900 2609 1098 2683 adegit
1126 2610 1474 2682 promittere
1496 2609 1649 2664 nihil
1681 2627 1743 2664 se
1775 2610 1836 2664 iri
1869 2615 2066 2681 poste-

389 2686 542 2757 .rum
576 2701 693 2758 tale
727 2705 1022 2756 acturum.
1055 2701 1120 2754 Id
1153 2699 1301 2754 adeo
1328 2703 1558 2770 gratum
1593 2699 1807 2754 Caesari
1840 2697 1970 2767 fuit,
2003 2704 2070 2753 ut

392 2779 727 2846 convocato
758 2781 970 2845 senatu
1001 2789 1448 2844 Athenodorum
1479 2785 1685 2842 multis
1714 2787 1908 2843 verbis
1937 2773 2063 2843 lau-

411 2879 682 2946 daverit;
735 2867 1152 2948 addideritque
1221 2893 1305 2945 se,
1373 2893 1510 2932 cum
1570 2879 1800 2948 turpem
1865 2883 2067 2950 ageret

408 2961 611 3039 vitam,
644 2969 716 3026 ab
769 2985 836 3024 eo
866 2969 1050 3024 fuisse
1105 2973 1456 3025 correctum.
1489 2968 1616 3022 Jam
1665 2967 1858 3039 gravis
1891 2973 2062 3023 aetate

394 3056 826 3116 Athenodorus
856 3059 918 3112 in
975 3058 1228 3129 patriam
1262 3056 1552 3112 redeundi
1604 3057 1835 3112 veniam
1869 3051 2060 3128 petiit,

408 3147 568 3221 quod
591 3149 719 3220 jam
749 3147 1074 3220 perfectam
1105 3147 1304 3202 rerum
1327 3146 1727 3218 cognitionem
1760 3154 1817 3202 et
1847 3133 2059 3220 agendi

405 3241 699 3296 rationem
758 3239 953 3294 Caesar
1010 3245 1166 3293 esset
1240 3243 1615 3292 consecutus.
1678 3238 1824 3292 Cum
1906 3255 2057 3311 aegre

405 3329 642 3385 veniam
702 3327 1098 3401 impetrasset,
1147 3327 1358 3384 ultimo
1405 3327 1671 3400 digressu
1720 3327 2058 3383 valedicens

406 3419 620 3474 Caesari
653 3418 715 3472 in
745 3433 950 3472 aurem
982 3417 1395 3488 insusurravit,
1437 3411 1685 3472 hortans
1715 3423 1779 3471 ut
1828 3417 2060 3487 quoties

407 3507 498 3562 ira
526 3511 1012 3574 commoveretur,
1048 3523 1169 3562 non
1197 3511 1336 3561 ante
1358 3506 1448 3578 agi
1472 3505 1796 3578 quidquam
1823 3504 2061 3561 manda-

407 3603 499 3650 ret
525 3613 703 3666 quam
724 3595 882 3668 apud
903 3613 1033 3651 sese
1057 3597 1125 3649 24
1146 3594 1568 3650 vocabulorum
1605 3593 1900 3650 elementa
1921 3612 2063 3650 enu-

409 3690 698 3740 merasset
725 3701 738 3740 :
771 3689 946 3740 norat
965 3684 1126 3738 enim
1161 3683 1432 3738 animum
1465 3685 1712 3740 Cassaris
1747 3685 1942 3740 subita
1974 3685 2062 3740 ira

409 3774 814 3843 exardescere,
845 3779 902 3828 et
931 3772 1104 3828 facile
1127 3773 1364 3828 mutari.
1387 3775 1531 3828 Tum
1559 3775 1792 3829 Caesar:
1829 3797 1855 3824 ‹‹
1883 3776 2062 3842 Bene,

407 3863 622 3939 inquit,
654 3861 876 3930 habet;
898 3862 1319 3918 commonuisti
1347 3879 1437 3916 me
1467 3863 1626 3934 quod
1658 3862 1923 3918 nondum
1948 3863 2061 3919 siin

405 3951 726 4025 perfectus.
777 3951 982 4022 Itaque
1025 3949 1293 4006 nondum
1345 3952 1538 4023 patiar
1587 3957 1642 4008 te
1692 3953 1753 4007 in
1805 3954 2059 4024 patriam

407 4039 624 4095 redire.
661 4064 684 4092 ι

485 4131 653 4184 Anno
712 4129 957 4198 Augusti
1006 4131 1039 4182 2
1081 4129 1438 4184 indictiones
1485 4129 1772 4184 institutus
1824 4135 1965 4185 sunt
2008 4137 2062 4184 et

407 4218 693 4286 bisextus,
728 4218 1009 4290 legesque
1057 4217 1130 4274 ab
1161 4235 1228 4272 eo
1261 4218 1461 4274 civiles
1518 4219 1858 4291 propositas.
1902 4221 2063 4275 Tunc

411 4312 590 4368 etiam
621 4311 822 4365 Romae
862 4295 1142 4383 Virgilius
1186 4314 1362 4380 poeta
1411 4309 1689 4364 innotuit.
1742 4309 1858 4364 Sub
1909 4311 2064 4365 304

415 4417 482 4456 eo
512 4399 692 4454 etiam
711 4397 922 4452 Iudam
953 4397 1282 4466 Galilaium,
1316 4398 1488 4469 cujus
1513 4404 1602 4454 est
1627 4398 1687 4452 in
1713 4399 1874 4453 Actis
1905 4415 2068 4453 men-

411 4488 516 4555 tio,
574 4487 775 4542 ferunt
814 4485 1169 4541 seditionem
1227 4487 1501 4556 movisse,
1553 4493 1611 4542 et
1665 4489 2062 4559 Antipatrum,

411 4575 662 4630 Herodis
721 4561 972 4645 patrem,
1027 4575 1242 4630 Iudaea)
1307 4593 1508 4647 regem
1560 4594 1594 4631 a
1649 4573 1930 4632 Romanis
1979 4577 2066 4633 fa-

413 4670 595 4720 ctum.

487 4753 776 4808 Antonius
805 4757 1004 4808 autem
1037 4749 1241 4809 consul
1277 4759 1335 4822 et
1366 4753 1692 4824 imperator
1741 4757 2063 4821 Romanus,

413 4842 500 4898 uti
527 4841 634 4897 Dio
660 4841 938 4897 Cocceius
971 4842 1197 4908 scribit,
1234 4839 1412 4897 Bruto
1453 4847 1510 4896 et
1541 4842 1760 4911 Cassio,
1813 4845 1911 4915 qui
1943 4847 2068 4900 Cai-

413 4949 607 4987 sarem
637 4931 855 4986 Iulium
881 4936 1258 5001 necaverant,
1283 4931 1635 4999 interfectis,
1657 4933 1948 4988 exercitus
1979 4951 2065 4988 re-

411 5021 652 5077 creandi
699 5037 878 5076 causa
925 5021 985 5094 in
1019 5020 1246 5091 Syriam
1307 5020 1484 5076 venit.
1538 5005 1680 5076 inde
1739 5021 2066 5094 Cleopatrae

411 5127 612 5166 amore
653 5116 860 5182 captus
907 5093 1172 5181 Angusto
1222 5109 1437 5164 Caesari
1496 5127 1556 5165 se
1604 5093 1898 5183 opposuit,
1953 5113 2069 5167 Ro-

408 5216 691 5270 mamque
732 5199 950 5264 redire,
985 5214 1061 5252 ne
1093 5214 1332 5252 causam
1367 5195 1564 5254 dicere
1616 5218 1763 5272 opus
1799 5198 2064 5269 haberet,

409 5288 886 5362 posthabuit.llic
903 5287 1194 5342 Antonius
1217 5305 1349 5342 eum
1367 5288 1675 5360 Cleopatra
1695 5289 2067 5346 Alexandria)

412 5383 472 5431 et
497 5378 722 5450 Egypti
768 5377 977 5448 regina
1020 5375 1162 5430 inito
1196 5377 1469 5444 consilio,
1517 5378 1900 5449 Dexiopliane
1949 5395 2068 5434 me-

416 5465 660 5521 chanico
675 5466 728 5520 ei
744 5465 906 5538 operi
922 5464 1460 5539 praefecto,magnie
1478 5466 1791 5522 hominum
1807 5468 2070 5523 multitu-

417 5551 572 5606 dinis
603 5571 782 5624 opera
833 5553 1136 5626 multoque
1188 5555 1389 5610 labore
1439 5560 1498 5610 et
1549 5556 1854 5626 impendio
1901 5575 2065 5628 usus,

416 5641 600 5694 maris
629 5641 845 5696 fretum
870 5643 1026 5712 quod
1049 5643 1254 5698 urbem
1283 5643 1699 5698 Alexandriam
1725 5651 1781 5698 et
1815 5646 2066 5717 pharum

419 5729 679 5785 insulam
747 5731 1130 5786 interfluebat
1205 5739 1462 5802 quatuor
1515 5733 1814 5789 miliarum
1876 5735 2071 5791 latitu-

2189 1985 2397 2058 μαθὼν,
2431 1984 2619 2042 ἑαυτὸν
2647 1984 2850 2061 ᾔτησεν
2881 1979 3144 2058 ἐμϐαλεῖν
3207 1988 3287 2056 τῷ
3343 1983 3548 2058 φορείῳ
3587 1983 3677 2038 καί
3743 2003 3842 2038 κα-

2180 2073 2672 2147 τασημηναμένους
2725 2074 3068 2143 ἀποστεῖλαι,
3126 2073 3331 2150 γυμνὸν
3381 2073 3533 2150 ξίφος
3588 2070 3843 2152 ἐπιφερό-

2184 2183 2360 2236 μενον.
2423 2163 2500 2222 Οὗ
2551 2163 2896 2240 ἀπαχθέντος
2952 2161 3130 2219 ἐδόκει
3190 2168 3394 2238 Καῖσαρ
3443 2163 3542 2231 τήν
3615 2167 3846 2237 γυναῖκα

2180 2251 2315 2306 εἶναι
2351 2255 2449 2306 τοῦ
2505 2251 2902 2330 συγκλητικοῦ,
2961 2253 3054 2307 καὶ
3109 2251 3415 2326 ἀνοίξωτος
3495 2251 3592 2314 τὰς
3673 2252 3842 2326 θύρας

2178 2338 2388 2412 ἐξέθορε
2444 2343 2681 2418 ξιφήρης
2736 2340 3120 2417 Ἀθηνόδωρος
3174 2341 3264 2396 καὶ
3343 2342 3479 2396 πάνυ
3535 2339 3840 2410 κατέπτηξε

2174 2433 2255 2502 τῷ
2285 2429 2469 2505 ἀθρόῳ
2497 2431 2590 2486 τὸν
2624 2431 2887 2506 Καίσαρα.
2947 2431 3051 2488 Καὶ
3120 2427 3337 2486 δεδιότα
3395 2429 3553 2485 αὐτὸν
3609 2430 3838 2500 ἀνεκτή-

2176 2538 2325 2589 σατο,
2358 2521 2447 2576 καὶ
2475 2525 2592 2584 τοῖς
2637 2521 2910 2595 μεγίστοις
2958 2517 3251 2591 κατέδησεν
3311 2521 3497 2595 ’ὀρκοις
3553 2517 3834 2592 μηδέποτε

2170 2613 2333 2664 τοῦτο
2361 2612 2586 2685 πρᾶξαι.
2635 2613 2728 2663 ’Όν
2759 2615 3020 2666 τοσοῦτον
3079 2606 3370 2683 ἀπεδέξατο
3423 2609 3497 2672 ὼς
3549 2609 3651 2678 τὴν
3700 2607 3832 2682 σύγ-

2169 2697 2374 2768 κλητον
2405 2699 2719 2774 συναγαγὼν
2755 2697 2942 2754 πολλᾶ
2998 2701 3090 2754 τὸν
3127 2694 3504 2773 Ἀθηνόδωρον
3545 2695 3826 2772 ἐγκωμιά-

2171 2807 2280 2858 σαι,
2311 2788 2624 2864 προσθεῖναι
2657 2785 2716 2844 δὲ
2744 2789 2836 2843 καὶ
2863 2791 3055 2858 τοῦτο,
3096 2787 3172 2850 ὡς
3201 2787 3368 2842 κακὸν
3405 2787 3522 2862 βίον
3577 2785 3832 2862 ἐσχηκὼς

2173 2876 2278 2931 ὑπὸ
2311 2874 2696 2954 ’Λθηνοδώρου
2730 2877 3124 2952 ἐπανωρθώθη.
3157 2879 3409 2951 Γηράσας
3460 2873 3516 2931 δὲ
3575 2878 3604 2931 ὃ
3659 2878 3822 2946 Ἀϐη-

2166 2962 2406 3039 νόδωρος
2435 2963 2635 3040 ᾔτησεν
2661 2965 2914 3022 ἀπελθεῖν
2943 2963 3020 3029 εἷς
3075 2967 3174 3036 τὴν
3230 2963 3483 3040 πατρίδα·
3544 2962 3691 3042 ἔλεγε
3714 2966 3812 3041 γᾶρ

2168 3055 2244 3117 ὡς
2263 3054 2474 3120 τέλειος
2500 3054 2584 3127 εἴη
2617 3058 2646 3112 ὁ
2675 3057 2882 3133 Καῖσαρ
2929 3057 3068 3113 κατὰ
3123 3061 3296 3113 πᾶσαν
3345 3055 3673 3135 φιλοσοφίαν
3730 3055 3819 3111 καὶ

2165 3143 2465 3219 πρᾶξιν.⁹0
2497 3145 2556 3200 δὲ
2597 3143 2764 3218 μόλις
2819 3145 3104 3222 ἐπέτρεψεν
3169 3145 3314 3218 αὐτῷ
3369 3146 3468 3215 τήν
3526 3145 3831 3226 ἀναχώρη-

2172 3253 2277 3290 σιν.
2320 3233 2406 3296 Ὠς
2462 3230 2519 3288 δὲ
2580 3232 2800 3308 μέλλων
2859 3233 3106 3308 ἀπαίρειν
3164 3235 3438 3305 ἠσπάζετο
3497 3235 3682 3303 αὐτὸν,
3739 3234 3830 3288 καὶ

2169 3321 2435 3396 ἐπικύψας
2469 3322 2544 3386 εἰς
2583 3323 2646 3378 τὸ
2680 3324 2773 3386 οὗς
2806 3323 3102 3396 παρεκάλει
3128 3322 3202 3378 ’ἶν’
3233 3324 3419 3388 ὁσάκις
3451 3323 3706 3401 δργισθῇ,
3751 3323 3826 3397 μή

2165 3410 2432 3484 πρότερον
2461 3411 2690 3487 κελεῦσῃ
2719 3413 2782 3468 τὸ
2822 3413 3113 3486 πρακτέον,
3173 3414 3300 3489 πρὶν
3339 3411 3399 3468 ἂν
3467 3415 3586 3469 καθ’
3641 3413 3830 3468 ἑαυτὸν

2165 3499 2449 3576 ἀριθμήσῃ
2485 3503 2550 3556 τὰ
2577 3499 2663 3556 κδ’
2695 3502 2964 3558 στοιχεῖα·
2989 3501 3113 3574 ἤδει
3141 3503 3243 3578 γὰρ
3277 3505 3445 3560 αὐτοῦ
3466 3504 3527 3559 τὸ
3553 3503 3824 3576 ὀξύθυμον

2165 3590 2255 3644 καὶ
2323 3588 2758 3665 εὐμετάϐλητον.
2818 3593 2881 3650 Ὀ
2939 3589 2996 3648 δὲ
3063 3596 3264 3664 Κάῖσαρ
3341 3593 3658 3666 αἶσθόμενος
3686 3595 3820 3667 ’ἔφη’

2175 3684 2200 3734 ά
2233 3675 2389 3756 Εὖγε,
2423 3679 2740 3753 ὑπέμνησάς
2772 3703 2839 3755 με
2869 3681 2942 3744 ὡς
2976 3680 3175 3754 ἀτελής
3207 3682 3320 3756 εἶμι
3350 3682 3441 3738 καὶ
3470 3689 3570 3752 τῆς
3605 3688 3706 3751 σῆς
3738 3680 3819 3736 δι-

2169 3766 2465 3832 δασκαλίας
2499 3767 2780 3846 δεόμενος.
2819 3771 2915 3826 Διὰ
2943 3776 3108 3828 τοῦτο
3142 3772 3202 3828 οὐ
3227 3775 3580 3850 συγχωρήσω
3607 3795 3689 3828 σοι
3723 3777 3824 3844 τῆς

2168 3857 2536 3936 ἐνεγκαμένης
2565 3859 2702 3922 τέως
2730 3855 3010 3930 ἐπιϐῆναι.
3048 3885 3075 3914 n

2239 4121 2444 4184 Τούτου
2503 4127 2587 4199 [Ρ.
2655 4128 2777 4201 173]
2833 4133 2912 4200 τῷ
2973 4126 3207 4203 δευτέρῳ
3263 4124 3370 4186 ἔτει
3453 4133 3508 4186 αἱ
3587 4130 3827 4189 ’ίνδικτοι

2169 4214 2534 4287 ἐπενοήθησαν
2572 4217 2663 4270 καὶ
2695 4217 2758 4271 τὸ
2794 4215 3059 4291 βίσεξτον,
3095 4219 3184 4274 καὶ
3240 4220 3446 4293 νόμους
3487 4218 3690 4292 ἐξέθετο
3722 4243 3832 4278 πο-

2171 4303 2438 4366 λιτικούς.
2475 4300 2570 4358 Καὶ
2631 4304 2914 4380 Βιργίλιος
2970 4307 3113 4381 παρᾶ
3173 4307 3472 4380 Ῥωμαίοις
3504 4309 3829 4386 ἐγνωρίζετο

2169 4391 2428 4464 ποιητής.
2466 4394 2586 4450 Ἐπὶ
2616 4394 2815 4450 τούτου
2855 4395 2945 4450 καὶ
2987 4393 3194 4453 Ἰούδαν
3227 4397 3319 4452 τὸν
3377 4397 3673 4454 Γαλιλαῖον
3737 4402 3834 4456 τὸν

2171 4481 2224 4537 ἐν
2263 4489 2382 4546 ταῖς
2416 4485 2670 4558 Πράξεσιν
2724 4481 3096 4564 ἐμφερόμενον
3155 4485 3461 4562 ἱστοροῦσιν
3516 4487 3836 4566 ἐγηγέρθαι,

2169 4573 2260 4626 καὶ
2291 4572 2643 4646 Ἀντίπατρον
2693 4573 2785 4628 τὸν
2843 4572 3098 4649 Ἠρώδου
3152 4577 3356 4651 πατέρα
3410 4579 3509 4646 τῆς
3571 4577 3837 4644 Ἰουδαίας

2091 4654 2140 4718 Ι)
2172 4661 2404 4736 βασιλέα
2428 4669 2762 4734 καταστῆναι
2796 4665 2899 4719 ὑπὸ
2927 4665 3248 4738 Ῥωμαίων.

2245 4752 2533 4813 Ἀντώνιος
2565 4749 2623 4808 δὲ
2666 4753 2693 4806 ὁ
2753 4755 3056 4830 στρατηγὸς
3109 4756 3197 4810 καὶ
3258 4754 3462 4820 ὕπατος
3521 4759 3838 4834 Ῥωμαίων,

2176 4841 2248 4902 ὣς
2282 4863 2410 4917 φησι
2445 4839 2582 4896 Δίων
2617 4841 2644 4896 ὁ
2707 4841 2984 4916 Κόκκειος,
3017 4839 3228 4900 ἀνελὼν
3290 4851 3526 4919 Βροῦτον
3568 4851 3658 4904 καὶ
3719 4851 3838 4907 Kai-

2176 4931 2439 4993 σιοντοῦς
2479 4932 2742 5011 φοι-ευτὰς
2803 4933 3041 4990 Ἰουλίου
3101 4936 3394 5010 Καίσαρος,
3454 4935 3546 4994 τὸν
3603 4943 3836 5018 στρατὸν

2175 5017 2462 5077 ἀναλαϐὼν
2493 5020 2658 5089 ἦλθεν
2693 5023 2744 5076 ἐν
2780 5023 2968 5099 Συρίᾳ.
2997 5018 3204 5098 Ἔρωτι
3227 5021 3284 5080 δὲ
3317 5026 3546 5101 βληθεὶς
3576 5017 3838 5088 Κλὲοπά-

2173 5133 2303 5186 τρας
2373 5112 2599 5188 ἀντῆρεν
2659 5111 2960 5188 Αὐγούστῳ
3020 5115 3273 5192 Καίσαρι·
3331 5117 3450 5182 ὅθεν
3517 5117 3838 5187 ἐπανελθεῖν

2177 5202 2251 5264 εἷς
2287 5203 2506 5274 Ῥώμην
2535 5202 2635 5258 οὐκ
2659 5201 2884 5278 ἐγνώκει
2935 5204 3010 5266 ὡς
3069 5203 3234 5282 λόγον
3278 5205 3599 5266 ἀποδώσων.
3659 5212 3840 5278 Οὗτος

2177 5293 2205 5345 ὁ
2265 5293 2556 5353 Ἀντώνιος
2622 5293 2754 5366 μετὰ
2847 5292 3200 5368 Κλεοπᾶτρας
3261 5293 3665 5374 ’Λλεξανδρεῖας
3740 5304 3837 5358 καὶ

2179 5379 2453 5454 Αἰγύπτου
2507 5381 2794 5456 ἀνταρσίαν
2858 5381 3302 5457 βουλευσάμενος
3363 5387 3683 5464 προσέχωσε
3739 5393 3837 5446 τὸν

2178 5467 2588 5545 Ἀλεξανδρείας
2645 5478 2745 5540 τῆς
2817 5469 3034 5534 πόλεως
3112 5473 3202 5528 καὶ
3265 5475 3451 5551 Φάρου
3512 5481 3609 5548 τῆς
3665 5483 3844 5552 νήσου

2180 5559 2374 5631 μεταξὺ
2435 5556 2776 5633 διακείμενον
2842 5558 3137 5625 θαλάσσιον
3194 5563 3464 5640 πορθμὸν,
3527 5569 3656 5624 ὡσεὶ
3713 5572 3845 5628 τέσ-

2177 5669 2310 5722 σαρα
2345 5647 2504 5720 μίλια
2533 5645 2730 5704 ἔχοντα
2760 5647 3054 5724 διάστημα.
3087 5655 3292 5709 Τοῦτον
3326 5656 3417 5711 οὗν
3440 5657 3530 5712 τὸν
3579 5661 3837 5736 πορθμὸν

2178 5737 2326 5815 χειρὶ
2373 5735 2561 5812 πολλῇ
2620 5739 2710 5793 καὶ
2769 5737 2978 5810 σπουδῆ
3039 5741 3124 5798 καὶ
3187 5739 3422 5821 δαπάνῃ,
3473 5748 3837 5826 Δεξιοιράνους
