4142 6420
367 411 485 471 341

1515 405 2071 470 HISTORIABUM
2116 406 2632 471 COMPINDIUM

3680 407 3802 471 342

371 546 696 622 μηχανικοῦ
751 546 849 598 τοῦ
906 540 1068 619 ἔργου
1119 540 1568 619 προηγουμένου,
1619 540 2016 601 συντελέσαντες

2141 540 2300 610 diue,
2362 544 2590 617 ingesta
2643 544 2894 600 materia
2949 543 3209 613 siccavit,
3260 544 3516 615 fecitque
3565 550 3632 600 ut
3661 550 3799 601 tan-

368 631 600 708 ⁴ἤπειρον
659 630 754 687 καὶ
807 632 973 707 βατὸν
1027 633 1168 687 εἴναι
1215 631 1621 707 παρεσκεύασαν
1673 627 1875 687 ἄϐατον
1906 625 2034 685 ὄντα

2145 647 2323 705 quam
2355 650 2463 703 per
2491 633 2896 690 continentem
2929 632 3077 688 liber
3094 638 3251 689 esset
3282 649 3352 688 ex
3371 633 3517 690 urbe
3540 635 3801 691 Pharum

365 723 433 778 τὸ
463 721 752 798 πρότερον,
785 722 875 777 καὶ
925 720 1226 784 ἀκωλύτως
1257 720 1451 793 ἑξεῖναι
1511 723 1648 797 πρὸς
1718 723 1818 793 τήν
1853 721 2036 795 Φάρον
2142 720 2360 778 aditus.

367 808 691 871 διαϐαίνειν.

440 902 653 961 Τούτου
682 906 764 975 τῷ
795 899 863 956 ιδ’
892 897 1025 969 ἔτει,
1056 900 1370 975 Αὐγούστου
1401 898 1459 957 δὶ
1506 902 1777 977 Καίσαρος
1809 904 1905 977 μβ⁸
1928 898 2033 957 ἔτει

361 1000 466 1062 τῆς
501 990 809 1070 μοναρχίας
840 990 1033 1059 αύτοῦ,
1062 990 1305 1048 τίκτεται
1335 992 1571 1068 Χριστὸς
1601 992 1630 1046 6
1676 991 1808 1057 Θεὸς
1848 993 2030 1065 ἡμῶν.

364 1085 532 1145 Ἔτος
559 1086 726 1138 τοῦτο
756 1080 986 1144 κτίσεως
1033 1080 1244 1155 κόσμου
1303 1082 1441 1137 κατὰ
1496 1083 1592 1144 τὰς
1650 1076 2034 1156 ἀκριϐεστέρας

362 1172 685 1249 ἀναγραφὰς
717 1172 866 1247 ⁸εςῖκϊ,
911 1170 1045 1244 μηνὶ
1074 1166 1399 1246 Δεκεμϐρίῳ
1429 1171 1525 1240 κε’,
1581 1173 1764 1245 ἡμέρᾳ
1795 1167 1857 1227 δ’.
1919 1170 2032 1227 Κύ-

365 1261 508 1323 κλος
540 1261 710 1331 ἡλίου
752 1258 1242 1329 ὀκτωκαιδέκατος,
1274 1260 1364 1315 καὶ
1424 1258 1660 1332 σελήνης
1716 1259 1916 1319 κύκλος
1951 1259 2028 1315 ιε’.

363 1352 497 1407 Εἶτα
528 1355 729 1425 γνῶναι
755 1350 854 1418 τήν
884 1350 1094 1425 ἡμεραν
1150 1349 1481 1425 βουλόμενοι
1532 1352 1649 1405 καθ’
1706 1348 1772 1419 ἦν
1831 1347 2027 1416 ἐτέιίθη

357 1440 595 1514 Χριστὸς
628 1440 657 1493 6
688 1436 953 1508 ἀληθινὸς
984 1439 1115 1500 Θεὸς
1145 1440 1328 1510 ἡμῶν,
1387 1439 1601 1511 τίθεμεν
1631 1438 1724 1499 τὰς
1763 1439 1898 1493 κατὰ
1964 1439 2028 1494 τὸ

358 1529 535 1604 παρὸν
564 1527 684 1589 ἔτος
717 1524 764 1583 δ’
796 1527 1032 1588 inquit;
1060 1532 1159 1583 τοῦ
1191 1526 1382 1597 ἡλίου,
1442 1529 1529 1584 καὶ
1574 1528 1795 1589 ταύταις
1852 1546 2025 1601 πρυσο

355 1621 581 1691 τίθεμεν
610 1619 707 1679 τὰς
738 1617 846 1673 ἀπὸ
894 1618 1081 1693 ἀρχῆς
1144 1622 1244 1673 τοῦ
1301 1619 1524 1693 πρώτου
1559 1620 1734 1691 μηνὸς
1790 1620 2022 1689 ἡμέρας,

356 1706 693 1783 ’Δπριλλίου
727 1706 803 1771 λ’,
836 1708 1013 1764 Maio»
1075 1705 1184 1772 λα’,
1254 1708 1482 1765 Ἰουνίου
1538 1706 1608 1773 λ’,
1652 1707 1887 1763 Ἰουλίου
1920 1706 2023 1773 λα’,

355 1797 683 1873 Αὐγούστου
771 1797 883 1863 λα’,
937 1790 1318 1871 Σεπτεμϐρίου
1392 1796 1461 1868 λ’,
1515 1794 1854 1872 Ὀγτωϐρῖου
1916 1794 2020 1863 λα’,

2214 899 2402 972 Hujus
2423 901 2750 973 Cleopatras
2797 899 3029 956 decimo
3062 902 3294 971 quarto,
3318 901 3567 970 Augusti
3598 907 3797 958 autem

2143 994 2390 1049 Caesaris
2410 994 2577 1066 regni
2612 996 2682 1048 32
2713 1010 2892 1061 anno,
2941 993 3209 1049 Christus
3259 994 3546 1049 Dominus
3597 1001 3802 1051 noster

2143 1088 2318 1138 natus
2350 1090 2439 1138 est
2467 1083 2600 1153 (fuit
2630 1083 2679 1138 is
2710 1099 2904 1138 annus
2934 1082 3163 1145 mundi,
3195 1083 3522 1138 secundum
3557 1100 3800 1144 accura-

2144 1179 2299 1227 tores
2330 1172 2599 1239 annales,
2653 1175 2815 1235 5506)
2871 1172 3093 1227 mensis
3149 1172 3491 1227 Decembris
3549 1173 3644 1228 die
3702 1177 3794 1242 25,

2144 1263 2291 1318 feria
2338 1269 2568 1334 quarta.
2622 1262 2831 1335 Cyclas
2868 1262 3007 1317 :=olis
3061 1270 3187 1316 erat
3223 1264 3303 1329 t8,
3340 1262 3494 1317 lunas
3534 1264 3613 1317 15.
3646 1264 3792 1319 Cum

2142 1368 2278 1423 ergo
2310 1352 2467 1407 diem
2493 1352 2767 1407 volumus
2798 1351 3106 1423 explorare
3138 1368 3254 1421 qua
3304 1352 3570 1406 Christus
3622 1369 3795 1408 Verus

2139 1447 2346 1497 noster
2368 1442 2523 1497 Deus
2540 1448 2714 1496 natus
2746 1441 3004 1507 est,anui
3027 1441 3338 1512 prmsenlis
3363 1447 3621 1511 quatuor
3651 1442 3796 1497 solis

2140 1536 2376 1602 epactas
2410 1530 2912 1602 ponimus,iisque
2937 1530 3214 1585 addimus
3237 1530 3364 1585 dies
3387 1548 3519 1602 quae
3553 1536 3692 1585 sunt
3721 1530 3793 1586 ab

2139 1623 2307 1677 initio
2331 1623 2506 1694 primi
2542 1624 2787 1686 mensis,
2811 1622 2963 1679 305
2989 1640 3204 1693 nempe
3255 1623 3477 1694 Aprilis
3509 1625 3597 1683 30.
3662 1623 3796 1679 Maii

2138 1712 2225 1771 31.
2258 1712 2415 1767 Junii
2446 1714 2533 1777 30,
2556 1712 2694 1768 Julii
2722 1714 2809 1778 31,
2856 1712 3102 1782 Augusti
3161 1712 3251 1773 31,
3306 1712 3669 1782 Septembris
3702 1715 3793 1782 30,

2137 1801 2405 1857 Octobris
2435 1804 2524 1867 31,
2548 1800 2889 1857 Novembris
2921 1802 3007 1863 30,
3039 1800 3383 1856 Decembris
3412 1804 3499 1854 25.
3527 1802 3792 1871 Summa,

361 1882 685 1963 Νοεμϐρίου
726 1885 796 1954 λ’,
864 1879 1198 1960 Δεκεμϐρίου
1256 1887 1351 1956 κε’,
1410 1887 1551 1959 ὁμοῦ
1610 1886 1745 1965 σῑιαἌ
1807 1886 2016 1948 Ταύτας

2135 1890 2261 1947 dies
2287 1894 2410 1945 291.
2466 1891 2625 1945 Hanc
2656 1906 2762 1960 per
2817 1895 3042 1959 septem
3095 1888 3287 1944 divide
3315 1890 3434 1945 ita:
3469 1890 3689 1961 septies
3720 1894 3789 1945 40

363 1976 533 2057 ὕφελε
592 1976 681 2031 ἐπὶ
737 1979 848 2030 τῶν
906 1975 1041 2029 ὲπτᾶ
1099 1973 1291 2038 οὓτως·
1355 1976 1576 2038 ἑπτάκις
1613 1976 1663 2048 μ’
1718 1978 1819 2030 cm"
1860 1978 1925 2030 ια’
1957 1978 2017 2046 ζ’·

366 2065 561 2122 λοιπαὶ
595 2063 656 2124 δ’.
690 2066 976 2140 Ἐγνωμεν
1013 2063 1111 2119 οὖν
1145 2065 1220 2129 ὡς
1247 2067 1366 2119 καθ’
1393 2063 1462 2136 ἤν
1492 2065 1701 2141 ἡμέραν
1721 2062 2022 2142 ἐδημιούρ-

365 2176 506 2229 γησε
530 2154 652 2217 τους
692 2161 1004 2233 φωστῆρας,
1049 2157 1165 2210 κατ’
1225 2154 1394 2225 αύτὴν
1447 2154 1644 2224 ἰτέλθη
1706 2155 1935 2230 Χριστὸς
1990 2156 2019 2210 6

373 2243 639 2313 ἀληθινὸς
663 2245 785 2306 Θεὸς
817 2247 979 2317 ἡμῶν
1014 2244 1085 2305 ὡς
1121 2245 1387 2320 ὑπάρχων
1417 2242 1613 2306 ’Ἥλιος
1643 2242 2017 2314 δικαιοσύνης.

435 2425 531 2495 Τῷ
587 2423 644 2477 ιε’
697 2418 804 2478 ἔτει
875 2417 1134 2491 Τιϐερίου
1194 2424 1467 2498 Καίσαρος
1537 2423 1853 2500 βαπτίζεται
1916 2424 2018 2479 ὑπὸ

350 2513 633 2573 Ἰωάννου,
667 2512 964 2569 ἰνδικτιῶνι
996 2515 1215 2589 πρώτῃ.
1248 2513 1301 2570 ἐν
1332 2519 1413 2587 τῷ
1475 2512 1716 2591 Ἰορδάνῃ
1757 2520 2017 2588 ποταμῷ,

345 2607 419 2677 τῇ
455 2606 527 2679 ιγ’
557 2604 740 2678 ἡμέρᾳ
763 2607 860 2659 τοῦ
893 2605 976 2659 λα’
1006 2598 1160 2666 ἔτους
1193 2604 1380 2674 αὐτοῦ,
1436 2606 1480 2669 ς’
1520 2609 1617 2660 τοῦ
1673 2606 2016 2681 Ἰανουαρίου

354 2692 553 2764 μηνός.
590 2692 679 2748 Ἐν
709 2697 789 2765 τῷ
820 2694 947 2770 δεφξ
986 2691 1090 2750 ἔτει
1144 2692 1327 2749 τοίνυν
1381 2701 1481 2763 τῆς
1518 2698 1616 2749 τοῦ
1682 2695 1893 2766 κόσμου
1926 2715 2013 2770 γε·

353 2781 557 2845 νίσεως
590 2780 857 2855 ἐγεννήθη
889 2782 1123 2857 Χριστὸς
1184 2784 1213 2837 ὁ
1270 2783 1400 2844 Θεὸς
1458 2785 1638 2855 ⁴ἡμῶν.
1700 2784 1789 2840 Ἐν
1827 2780 1885 2838 δὲ
1938 2786 2017 2854 τῷ

354 2872 588 2947 παρόντι
618 2872 787 2952 ,εφλς“
816 2870 921 2926 ἔτει
970 2866 1291 2941 ἐϐαπτίσθη,
1347 2872 1527 2934 καθὼς
1559 2871 1832 2929 λέλεκται.
1868 2874 2016 2931 Μετὰ

357 2958 417 3017 δί
441 2962 514 3017 τὸ
547 2962 914 3037 βαπτισθῆναι
946 2961 1157 3017 ’ἅπαντα
1180 2962 1273 3017 τὸν
1303 2961 1458 3028 λαὸν,
1490 2961 1527 3037 ᾖ
1583 2983 1717 3038 φησι
1773 2962 1841 3016 τὰ
1895 2962 2014 3038 ἱερὰ

357 3052 563 3125 Δόγια,
595 3050 686 3105 καὶ
737 3052 917 3119 Ἰησοῦ
977 3050 1363 3125 βαπτισθέντος
1415 3052 1504 3106 καὶ
1565 3051 2015 3130 προσευχομένου

345 3140 568 3214 εγενετο
599 3139 943 3213 ἀνεῳχθῆναι
991 3140 1083 3195 τὸν
1144 3139 1394 3215 οὐρανὸν,
1451 3138 1545 3196 καὶ
1601 3136 1905 3210 καταϐῆναι
1949 3141 2013 3196 τὸ

344 3234 572 3303 Πνεῦμα
626 3230 691 3285 τὸ
751 3230 903 3303 ἅγιον
955 3233 1257 3303 σωματικῷ
1310 3228 1444 3285 εἴδει
1498 3230 1623 3285 ὡσεὶ
1688 3230 2004 3305 περιστερὰν

342 3317 433 3374 ἐπ’
464 3319 650 3387 αὐτὸν,
680 3319 771 3374 καὶ
802 3320 986 3397 φωνήν
1020 3318 1069 3389 ἐξ
1128 3319 1363 3393 ούρανοῦ
1418 3319 1664 3395 γενέσθαι
1722 3316 2005 3396 λέγουσαν·

356 3431 378 3459 ε
413 3408 494 3463 Σὺ
520 3408 574 3463 εἴ
601 3410 631 3463 6
663 3409 788 3470 Υἱός
823 3428 929 3482 μου
960 3409 990 3463 6
1045 3408 1348 3486 ἀγαπητόςο
1390 3408 1443 3463 ἐν
1502 3408 1590 3464 σοὶ
1644 3407 1949 3480 ηὐδόκησα.
1982 3432 2010 3460 n

350 3499 492 3556 Εἶτα
522 3503 729 3575 γνῶναι
759 3492 1095 3573 βουλόμενοι
1124 3499 1215 3553 καὶ
1255 3498 1387 3554 ποία
1435 3500 1502 3569 ἦν
1553 3501 1653 3568 τῆς
1704 3495 2012 3571 ἑϐδομάδος

346 3589 538 3663 ἡμέρα
564 3588 655 3643 ὅτε
693 3589 721 3643 6
756 3588 955 3661 Κύριος
986 3583 1309 3660 ἐϐαπτίσθη,
1367 3589 1579 3662 τίθεμεν
1636 3590 1722 3665 [Ρ.
1787 3592 1910 3663 174]
1948 3591 2014 3646 τὰ

344 3676 502 3757 cold
557 3676 674 3747 ἔτη.
734 3678 970 3739 Τούτοις
1029 3677 1389 3752 προστίθεμεν
1444 3679 1508 3734 τὸ
1584 3679 1863 3751 τέταρτον,
1919 3680 2012 3735 καὶ

344 3769 591 3843 γίνονται
846 3772 1020 3823 Ταῦτα
1052 3766 1350 3846 ὑφείλομεν
1384 3768 1530 3842 παρᾶ
1580 3768 1641 3823 τὸ
1687 3769 1866 3839 ἑπτάἶ,
1921 3768 2011 3826 λέο

363 3876 574 3935 γοντεςο
608 3857 767 3911 ἱπτάῖ
919 3859 1030 3931 51',
1058 3855 1220 3912 ὲπτάῖ
1247 3858 1302 3912 π’
1332 3858 1431 3935 (ρξ’,
1465 3857 1622 3913 επτάῖ
1652 3865 1703 3928 η’
1747 3859 1845 3922 νς’.
1882 3866 2013 3913 Aous

346 3949 444 4004 καὶ
472 3945 518 4003 δ’
550 3948 801 4004 ἰπακταί.
859 3947 1095 4011 Ταύταις
1162 3948 1549 4023 προσάπτομεν
1600 3948 1695 4009 τὰς
1746 3949 1851 4004 ἀπὸ
1916 3952 2014 4005 τοῦ

349 4042 585 4112 πρώτου
620 4040 792 4114 μηνὸς
824 4039 1036 4116 ἡμέρας
1088 4035 1194 4102 ἓως
1251 4038 1420 4109 αὐτῆς
1478 4046 1578 4108 τῆς
1627 4039 1839 4115 ἡμέρας
1867 4038 1920 4094 ὲν
1978 4038 2015 4115 ᾖ

349 4133 380 4187 ὁ
418 4129 628 4204 Κύριος
656 4123 979 4199 ἐϐαπτίσθη.
1015 4128 1204 4190 Οὕτως
1228 4124 1377 4204 ἔχεις
1410 4127 1644 4192 ἐπακτᾶς
1678 4128 1741 4187 δ’.
1802 4128 2017 4207 Απριλ⁶

343 4220 487 4278 λίου
517 4218 589 4288 λ’,
614 4217 792 4274 Μαΐου
819 4216 926 4285 λα’,
960 4219 1188 4276 Ἰουνίου
1222 4216 1291 4287 λ“,
1351 4218 1592 4276 Ἰουλίου
1649 4217 1754 4290 λα’,
1810 4218 2013 4294 A6706-

339 4331 479 4365 στου
509 4305 619 4375 λα“,
659 4302 1038 4382 Σεπτεμϐρίου
1072 4305 1140 4374 λ’,
1177 4303 1514 4383 Ὀκτωϐρίου
1547 4306 1651 4375 λα’,
1693 4305 2011 4382 Νοεμϐρίου

342 4397 419 4469 λ’,
455 4392 795 4472 Δεκεμϐρίου
826 4394 932 4464 λα’,
964 4397 1298 4468 Ἰαιουαρίου
1346 4398 1412 4467 ς’,
1473 4398 1616 4470 ὁμοῦ
1672 4399 1804 4455 σπε’.
1865 4401 2010 4457 Ταύ-

341 4508 449 4549 τας
482 4486 656 4567 ὕςρελε
684 4485 772 4542 ἐπί
800 4488 910 4541 τῶν
939 4486 1094 4556 ἑπτὰ,
1136 4485 1313 4561 λέγων
1374 4484 1535 4542 ὲπτᾶῖ
1594 4489 1646 4560 μ’
1676 4494 1782 4556 σπ’,
1818 4485 2012 4545 λοιπαὶ

340 4582 406 4635 ε’.
440 4581 736 4654 ’Ἑγνωμεν
770 4576 861 4630 οὖν
894 4577 969 4638 ὡς
1004 4575 1055 4630 ἐν
1085 4577 1123 4631 ε’
1149 4583 1251 4645 τῆς
1280 4571 1588 4649 ἑϐδομάδος
1645 4578 1828 4653 ἡμέρᾳ
1886 4575 2011 4634 ἐϐα-

345 4667 552 4736 πτίσθη
588 4667 616 4721 6
666 4665 891 4740 Κύριος.
948 4666 1081 4730 Καθ’
1138 4667 1204 4736 ἢν
1265 4667 1473 4741 ἡμέραν
1526 4665 1687 4731 αὐτὸς
1744 4669 1771 4722 ὁ
1813 4668 2016 4743 Κύριος

339 4756 680 4831 προσέταξεν
707 4753 984 4831 ἐξαγαγεῖν
1024 4756 1091 4809 τα
1120 4751 1287 4809 ὕδατα
1318 4755 1516 4831 ἑρπετᾶ
1544 4759 1740 4835 ψυχῶν
1803 4762 2013 4827 ζωσῶν,

344 4845 516 4906 αὐτὸς
545 4843 633 4899 ἐπὶ
665 4843 944 4914 συντελείᾳ
969 4846 1081 4898 τῶν
1114 4841 1326 4898 αἷλώνων
1373 4838 1671 4916 ἐϐαπτίσθη
1704 4846 1792 4900 καὶ
1823 4847 2016 4923 ἡγίασε

337 4936 405 4991 τὸ
440 4930 597 5006 ὕδωρ
630 4932 727 4987 καὶ
761 4933 1033 5002 ζωοποιὸν
1060 4934 1200 5006 ἡμῖν
1228 4933 1617 5009 ἀπειργάσατο.

418 5024 582 5082 Μετὰ
621 5019 679 5077 δὲ
707 5023 770 5077 16
831 5023 1217 5097 βαπτισθῆναι,
1272 5021 1363 5076 καὶ
1392 5025 1747 5096 πειρασθῆναι
1779 5025 1885 5080 ίιπὸ
1914 5030 2013 5080 τοῦ

341 5119 565 5172 Σατανᾶ
596 5113 647 5168 ἐν
699 5118 770 5188 τῇ
830 5113 1044 5187 ἐρήμῳ,
1103 5113 1196 5168 καὶ
1253 5116 1470 5178 νικῆσαι
1538 5114 1628 5169 16v
1662 5115 2011 5191 πειράζοντα,

335 5204 670 5283 παρεγένετο
703 5204 778 5266 εἰς
838 5204 936 5272 τήν
990 5201 1286 5259 Γαλιλαίαν
1318 5204 1605 5278 κηρύσσων
1660 5205 1723 5260 τὸ
1756 5206 2006 5283 Εὐαγγέ-

336 5294 467 5353 λιον
495 5302 599 5364 τῆς
635 5292 942 5369 βασιλείας,
1000 5292 1092 5347 καὶ
1151 5292 1412 5356 κελεύσας
1466 5292 1595 5357 τοὺς
1628 5296 1875 5368 μαθητὰς
1906 5318 1997 5351 πι-

339 5385 668 5444 στεύσαντας
719 5383 814 5437 καὶ
876 5379 1192 5454 δεξαμὺουι
1249 5382 1312 5437 16
1381 5384 1644 5458 κήρυγμα
1708 5388 1808 5450 τῆς
1862 5384 2011 5440 εὐσε-

338 5471 493 5539 ϐείας
543 5472 793 5538 ἀνελθεῖν
856 5473 971 5545 μετ’
1030 5472 1199 5527 αὐτοῦ
1260 5473 1336 5534 εἰς
1397 5471 1775 5548 Ἰεροσόλυμα,
1818 5475 2008 5550 ἑορτά-

339 5587 430 5622 σαι
461 5566 526 5621 τὸ
576 5563 808 5638 νομικὸν
865 5561 1070 5619 πάσχα.
1123 5561 1255 5619 Εἶτα
1317 5561 1566 5626 θέλοντες
1635 5567 1747 5638 (28)
1805 5571 2011 5640 γνῶναι

2134 1987 2273 2037 sunt
2302 1981 2405 2033 280
2432 1981 2567 2035 Haec
2597 1979 2670 2034 de
2702 1994 2935 2033 summa
2957 1978 3145 2046 aufer,
3176 1982 3405 2033 restant
3429 1978 3604 2032 H.Ab
3640 1978 3780 2034 his7

2126 2070 2393 2136 detrahe,
2426 2069 2822 2126 remanebunt
2858 2072 2911 2125 4.
2948 2069 3033 2125 Ita
3075 2084 3211 2140 ergo
3244 2067 3773 2139 deprehendimus,

2127 2178 2245 2232 qua
2273 2160 2428 2215 diem
2458 2159 2778 2215 luminaria
2798 2158 3121 2214 fabricatus
3147 2156 3575 2223 fuerat,eadem
3598 2162 3657 2212 et
3676 2174 3778 2213 na-

2124 2255 2249 2305 tum
2281 2249 2466 2305 fuisse
2499 2249 2822 2315 Christum,
2854 2263 3054 2302 verum
3092 2247 3275 2301 Deum
3332 2250 3626 2311 nostrum,
3672 2246 3777 2317 qui

2125 2345 2215 2395 est
2235 2339 2333 2395 Sol
2356 2339 2627 2408 justitias.

2195 2440 2365 2485 Anno
2403 2428 2619 2484 Tiberii
2669 2426 2918 2483 Caesaris
2975 2429 3064 2493 15,
3096 2424 3423 2482 indictione
3456 2427 3670 2498 prima,
3702 2425 3775 2483 ab

2121 2520 2347 2575 Joanne
2376 2517 2707 2589 baptizatus
2752 2520 2841 2571 est
2899 2515 2961 2569 in
3011 2531 3187 2570 amne
3243 2514 3524 2581 Iordane,
3560 2516 3627 2570 13
3678 2515 3775 2571 die

2123 2607 2263 2663 anni
2321 2606 2511 2661 aetatis
2555 2622 2676 2660 suae
2730 2607 2819 2669 31,
2880 2610 3046 2659 sexta
3076 2602 3170 2657 die
3201 2602 3470 2658 Januarii
3522 2605 3771 2659 mensis.

2122 2695 2376 2752 Proinde
2405 2694 2675 2750 Christus
2707 2695 2862 2750 Deus
2891 2698 3096 2748 noster
3119 2698 3293 2747 natus
3340 2698 3430 2746 est
3487 2708 3646 2747 anno
3701 2692 3776 2748 ab

2120 2783 2362 2841 exordio
2394 2782 2600 2839 mundi
2651 2784 2812 2849 5507,
2843 2780 3170 2852 baptizatus
3217 2796 3374 2836 anno
3432 2780 3594 2837 5536.
3628 2782 3777 2838 Cum

2119 2880 2178 2932 et
2206 2874 2517 2931 universus
2564 2871 2819 2943 populus
2874 2876 3031 2925 esset
3082 2869 3441 2941 baptizatus,
3496 2876 3563 2926 ut
3594 2887 3776 2927 sacra

2121 2965 2354 3020 Litterae
2411 2961 2674 3031 tradunt,
2735 2965 2793 3015 et
2820 2961 2988 3014 Jesus
3035 2959 3366 3030 baptizatus
3398 2966 3768 3032 precaretur,

2119 3053 2251 3110 coeli
2284 3052 2471 3124 aperti
2505 3055 2741 3113 sunt,ac
2774 3054 3015 3104 sanctus
3048 3048 3299 3119 Spiritus
3331 3047 3524 3104 forma
3561 3065 3771 3122 corpo»

2119 3156 2221 3195 rea
2252 3145 2535 3209 tanquam
2557 3134 2833 3192 columba
2863 3150 3042 3206 supra
3089 3134 3285 3206 ipsum
3319 3150 3381 3189 se
3411 3135 3681 3192 dimisit:
3716 3142 3775 3191 et

2119 3242 2227 3286 vox
2258 3228 2330 3284 de
2358 3227 2504 3284 caelo
2523 3226 2659 3281 talis
2689 3224 2891 3280 audita
2921 3229 3012 3279 est
3047 3242 3069 3272 ι
3103 3224 3186 3279 Tu
3207 3239 3269 3279 es
3290 3223 3472 3278 Filius
3486 3240 3658 3280 mens
3688 3224 3774 3280 di-

2121 3319 2401 3386 lectus,in
2422 3324 2479 3371 te
2508 3316 2894 3386 acquiesco.»
2927 3315 3108 3368 Porro
3132 3313 3283 3367 scire
3314 3313 3562 3384 cupiens
3585 3317 3769 3385 quota

2120 3394 2299 3465 fuerit
2329 3406 2679 3478 septimana
2726 3402 2852 3457 dies
2903 3418 3019 3472 qua
3069 3400 3400 3472 baptizatus
3459 3406 3550 3456 est
3576 3403 3769 3469 Jesus,

2122 3514 2277 3571 pone
2307 3512 2496 3552 annos
2546 3495 2705 3547 5336.
2740 3491 2945 3563 Adjice
3000 3490 3093 3544 his
3145 3488 3538 3561 quadrantem
3571 3505 3772 3559 suum,

2124 3588 2267 3643 fient
2298 3585 2358 3642 in
2388 3600 2623 3640 summa
2651 3586 2810 3638 6920.
2864 3583 2997 3636 Haec
3027 3581 3110 3635 sic
3135 3596 3242 3651 per
3290 3584 3319 3633 ’7
3368 3578 3591 3635 divides
3625 3597 3638 3634 :
3687 3595 3777 3635 εει

2123 3677 2275 3749 pties
2332 3678 2436 3731 900
2502 3680 2640 3730 sunt
2688 3658 2845 3727 (i300.
2889 3673 3147 3726 Rursum
3205 3670 3425 3741 septies
3449 3669 3519 3724 80
3548 3669 3778 3725 faciunt

2125 3770 2231 3823 δοο
2256 3764 2516 3823 Tandem
2547 3763 2766 3834 septies
2797 3762 2828 3815 8
2851 3764 2992 3816 sunt
3016 3762 3105 3814 56.
3140 3759 3239 3813 His
3268 3758 3550 3813 omnibus
3581 3758 3775 3814 detra-

2124 3859 2233 3913 ctis
2264 3856 2575 3913 restabunt
2604 3858 2861 3924 quatuor
2882 3848 3234 3921 epactaetHis
3266 3847 3392 3929 dies
3423 3847 3712 3903 addemus
3743 3865 3777 3904 a

2124 3949 2317 4020 primo
2349 3956 2555 4002 mense
2585 3958 2776 4013 usque
2808 3941 2883 3997 ad
2928 3940 3298 4013 propositum
3330 3937 3506 3993 diem.
3547 3938 3638 3992 Sic
3668 3937 3779 3992 ha-

2125 4037 2354 4094 bebisé
2406 4039 2665 4105 epactas,
2715 4030 2935 4103 Aprilis
2992 4030 3121 4084 dies
3170 4031 3258 4094 30,
3311 4028 3463 4083 τοο
3522 4026 3654 4082 Maii
3685 4028 3774 4095 31,

2123 4127 2281 4183 Junii
2314 4128 2403 4189 30,
2458 4123 2596 4179 Julii
2656 4125 2746 4187 31,
2787 4119 3035 4191 Augusti
3096 4119 3186 4181 31,
3235 4115 3619 4187 Septembris,
3682 4117 3771 4183 30,

2126 4214 2394 4273 Octobris
2427 4216 2515 4280 31,
2549 4209 2892 4268 Novembris
2928 4210 3017 4274 30,
3051 4205 3413 4272 Decembris,
3437 4208 3527 4271 31,
3552 4206 3774 4260 Janua-

2124 4308 2197 4362 rii
2226 4307 2277 4360 6.
2302 4305 2547 4360 Summa
2597 4301 2721 4355 285.
2782 4299 2915 4353 Haec
2968 4314 3075 4368 per
3119 4293 3521 4365 septenarium
3555 4292 3771 4364 divide,

2124 4396 2235 4452 hoc
2266 4400 2438 4466 pacto
2472 4409 2485 4447 :
2516 4390 2744 4462 Septies
2772 4390 2841 4442 40
2871 4392 3012 4441 sunt
3041 4386 3167 4453 280,
3225 4387 3454 4438 restant
3483 4381 3770 4454 quinque.

2124 4487 2217 4543 Sic
2274 4483 2607 4541 invenimus
2664 4481 2874 4551 quinta
2927 4476 3275 4547 septimana)
3315 4473 3413 4528 die
3452 4471 3771 4528 Dominum

2123 4576 2306 4632 fuisse
2367 4574 2749 4644 baptizatum.
2808 4569 2934 4633 Qua
2988 4564 3148 4620 enim
3206 4564 3301 4618 die
3359 4562 3485 4635 ipse
3511 4563 3777 4631 jusserat

2128 4682 2314 4737 aquas
2370 4662 2698 4735 producere
2755 4657 3014 4730 reptilia,
3062 4653 3347 4711 animalia
3401 4652 3674 4719 viventia,
3707 4667 3777 4707 ea

2129 4757 2191 4810 in
2228 4756 2346 4809 fine
2405 4751 2760 4808 saeculorum
2808 4748 2988 4802 etiam
3020 4745 3352 4817 baptizatus
3382 4757 3600 4813 aquam
3631 4756 3776 4797 con-

2126 4844 2395 4910 secravit,
2424 4847 2609 4913 utque
2641 4838 2816 4896 nobis
2847 4841 3004 4893 esset
3033 4835 3261 4890 viviﬁca
3292 4833 3497 4889 efficit.

2196 5026 2520 5091 Postquam
2549 5018 2880 5090 baptizatus
2911 5015 2972 5070 in
2998 5013 3321 5069 solitudine
3349 5027 3385 5067 a
3413 5011 3630 5066 Satana
3649 5014 3783 5063 ten-

2123 5120 2280 5171 tatus
2303 5113 2373 5169 de
2407 5127 2475 5167 eo
2500 5108 2806 5164 victoriam
2829 5104 3123 5172 retulit,in
3144 5102 3449 5159 Galilaaam
3480 5097 3778 5170 profectus

2125 5210 2234 5272 est,
2287 5202 2488 5272 ibique
2545 5199 2748 5254 lastum
2780 5196 2853 5252 de
2882 5210 3064 5267 regno
3097 5192 3201 5247 Dei
3233 5188 3510 5244 nuntium
3541 5184 3776 5252 dididit,

2124 5292 2570 5366 discipulosque
2611 5289 2713 5359 qui
2744 5282 3124 5341 crediderant
3166 5283 3226 5334 et
3254 5276 3491 5349 pietatis
3548 5289 3778 5366 praeco-

2124 5362 2297 5442 nium
2323 5380 2578 5453 amplexi
2603 5382 3001 5453 erant,secum
3024 5367 3433 5439 Hierosolyma
3449 5362 3775 5453 ascendere

2116 5475 2298 5549 jussit
2326 5472 2399 5529 ad
2420 5448 2637 5543 pascha
2657 5448 2981 5522 secundum
3005 5459 3151 5530 legis
3174 5452 3776 5549 przescriptumcele-

2121 5542 2583 5623 bradumnlam
2642 5557 2689 5612 si
2744 5552 2996 5608 velimus
3058 5561 3415 5621 cognoscere
3469 5548 3651 5615 quota
3681 5542 3777 5599 die

1560 5667 1924 5722 XYLANDBI
1964 5669 2051 5722 ΕΤ
2090 5666 2305 5722 GOARI
2344 5661 2568 5718 ΝΟΤιΕ.

418 5756 534 5830 (28)
568 5756 782 5811 Totum
816 5752 929 5807 hoc
960 5752 1203 5807 vitatum
1235 5758 1342 5810 est.
1372 5755 1572 5825 Neque
1600 5755 1844 5811 deerant
1869 5757 2039 5812 nobis
2066 5752 2334 5811 fortassis
2351 5748 2711 5818 conjecturae
2743 5736 3177 5805 emendandi,si
3215 5740 3401 5790 totum
3426 5736 3773 5805 computum
