4142 6414
363 427 480 485 343

1734 408 2060 472 GEORGII
2104 409 2457 472 CEDRENI

3663 412 3784 471 344

366 557 591 612 mensis
624 556 941 611 incidisset
964 556 1022 609 in
1056 557 1407 625 praesentem
1457 563 1679 602 annum
1713 546 1873 607 5536,
1908 543 2035 596 ini-

2147 545 2313 615 ποστῇ
2344 546 2442 596 τοῦ
2473 544 2645 615 μηνὸς
2676 536 2871 619 ἔφθασε
2909 540 3045 596 κατὰ
3073 542 3135 596 τὸ
3178 542 3348 616 παρὸν
3389 540 3552 617 ,εφλξ
3606 542 3788 608 ἒτους,

365 647 516 702 tium
548 651 724 701 nacta
768 661 802 700 a
829 644 1112 699 vicesima
1134 640 1322 695 Martii
1357 639 1472 703 die,
1526 636 1757 690 decima
1813 637 2027 704 quarta

375 735 505 790 dies
535 734 711 806 primi
738 732 964 788 mensis
988 726 1581 795 lunaris,dividemus
1602 725 1741 777 5536
1770 737 1877 792 per
1908 722 1972 773 19
2009 734 2022 773 :

376 828 732 895 supererunt
762 827 813 875 7.
852 821 1036 892 Hujus
1068 816 1474 886 undecuplum
1506 818 1596 867 est
1622 816 1710 865 77.
1768 810 1863 864 Bis
1920 807 2026 861 tri-

384 913 549 985 ginta
574 913 685 966 hoc
718 916 805 965 est
826 912 915 976 60,
950 908 1085 963 inde
1115 907 1313 961 aufer:
1364 902 1677 957 restabunt
1730 903 1811 953 17.
1863 896 2026 951 Adde

374 1001 470 1057 his
502 1006 778 1070 tres,quaa
811 1001 947 1053 ante
982 994 1366 1051 luminarium
1407 992 1627 1046 coitum
1653 992 1793 1044 sunt
1824 1004 1835 1040 :
1890 990 2027 1040 ante

373 1092 575 1146 lunam
596 1091 651 1157 7,
685 1095 743 1143 et
772 1087 918 1143 alias
951 1090 981 1139 7
1014 1085 1085 1141 ab
1117 1084 1399 1140 vicesima
1430 1081 1621 1153 prima
1670 1077 1858 1133 Martii
1908 1076 2023 1129 die.

378 1180 621 1234 Summa
645 1180 733 1243 42,
768 1176 908 1230 hinc
940 1174 1084 1230 tolle
1114 1175 1182 1227 40
1219 1191 1230 1227 :
1296 1173 1619 1242 supersunt
1678 1168 1763 1221 14.
1823 1167 2027 1234 Itaque

375 1268 608 1323 decima
638 1271 853 1337 quarta
883 1264 1058 1336 primi
1090 1262 1319 1317 mensis
1358 1260 1516 1314 lunas
1578 1257 1703 1311 dies
1734 1253 1946 1310 incidit
1968 1252 2031 1306 in

375 1355 724 1411 vicesimum
758 1353 1079 1424 septimum
1113 1350 1302 1404 Martii
1335 1348 1514 1401 diem.
1549 1348 1731 1400 Porro
1762 1342 2029 1397 volentes

381 1459 739 1515 cognoscere
762 1446 945 1512 quota
961 1440 1088 1494 dies
1115 1437 1463 1509 septimanae
1481 1433 1679 1502 fuerit,
1700 1430 1849 1486 adde
1882 1444 2030 1500 qua-

377 1531 655 1586 drantem
677 1531 826 1584 301
868 1544 1045 1583 suum
1075 1526 1150 1583 ad
1182 1524 1451 1595 5586,qui
1485 1528 1576 1577 est
1604 1522 1759 1575 1884.
1785 1519 2031 1573 Summa

376 1620 489 1673 erit
519 1622 678 1675 6920.
714 1620 855 1673 Eam
901 1616 1094 1670 divide
1157 1630 1264 1686 per
1290 1617 1342 1680 7,
1369 1618 1437 1666 ut
1461 1625 1639 1681 supra
1675 1608 2030 1677 relinquen-

375 1717 474 1765 tur
528 1714 745 1780 quatur
802 1710 1041 1778 epactae.
1104 1705 1204 1758 His
1262 1702 1412 1758 adde
1444 1700 1625 1755 3dies
1656 1705 2031 1767 antegressos

381 1798 865 1870 conjunctionem
928 1786 1432 1859 luminarium,'et
1470 1794 1499 1842 7
1533 1789 1660 1843 dies
1691 1805 1725 1842 a
1756 1785 2036 1840 vicesima

2133 629 2314 704 ἀρχὴν
2348 630 2610 704 εἰληφυῖα
2642 632 2747 686 άπὸ
2793 632 2875 685 κα“
2919 635 3018 685 τοῦ
3076 630 3324 705 Μαρτίου
3386 632 3578 703 μηνὸς,
3629 634 3663 699 ἡ
3727 629 3791 684 ιδ’

2130 716 2229 773 τοῦ
2259 720 2484 794 πρώτου
2520 722 2692 793 μηνὸς
2718 727 2820 790 τῆς
2854 719 3115 790 σελήνης,
3143 720 3210 774 τὰ
3265 718 3429 796 δεφλς¹
3494 719 3790 796 ὑφείλομεν

2129 805 2219 862 ἐπί
2249 812 2355 862 τῶν
2390 810 2475 868 ιθ’,
2528 809 2730 864 Λοιπαὶ
2789 811 2855 879 ζ’.
2916 809 3130 871 Ταύτας
3184 806 3790 880 ἐνδεκαπλασιάζοντες,

2132 894 2371 969 γίνονται
2405 900 2498 964 οξ.
2533 891 2775 953 Ἔκϐαλε
2809 894 3113 972 τριακάδας
3168 893 3302 968 δύω,
3362 895 3540 973 λέγων
3601 896 3685 959 δὶς
3744 897 3794 954 λ’

2130 984 2189 1052 ξ’·
2217 981 2410 1039 λοιπαὶ
2446 987 2527 1053 ιζ’.
2565 980 2850 1060 Πρόσεαλε
2890 985 3114 1047 ταύταις
3172 992 3317 1060 τρεῖς
3369 988 3463 1049 τὰς
3517 989 3623 1060 πρὸ
3680 993 3790 1042 τῶν

2136 1074 2462 1149 φωστήρων,
2494 1075 2603 1150 πρὸ
2635 1073 2874 1144 σελήνης
2907 1075 2968 1142 ζ’,
3002 1075 3092 1129 καὶ
3154 1076 3198 1142 ζ’
3236 1075 3331 1137 τὰς
3390 1074 3497 1130 ἀπὸ
3546 1077 3648 1145 καί,
3702 1076 3793 1131 καὶ

2133 1160 2302 1230 αὐτῆς
2339 1166 2437 1216 τοῦ
2500 1161 2748 1235 Μαρτίου
2815 1164 3012 1235 μηνός.
3074 1163 3250 1236 Ὁμοῦ
3307 1164 3416 1236 με’.
3472 1165 3673 1241 Ὓφελε
3720 1163 3790 1219 λ”

2136 1248 2329 1305 λοιπαὶ
2365 1248 2447 1307 ιδ’.
2482 1252 2584 1307 Καὶ
2620 1244 2845 1325 ἔφθασεν
2874 1254 2908 1320 ἡ
2946 1249 3011 1306 ιδ’
3062 1255 3160 1306 τοῦ
3206 1253 3430 1327 πρώτου
3464 1254 3634 1325 μηνὸς
3689 1260 3792 1322 τῆς

2136 1338 2373 1410 σελήνης
2406 1343 2476 1413 τῇ
2542 1341 2623 1410 κζ’
2663 1346 2761 1396 τοῦ
2822 1341 3067 1416 Μαρτίου
3132 1342 3323 1415 μηνός.
3373 1344 3507 1400 Εἶτα
3544 1342 3793 1405 θέλοντες

2134 1434 2336 1503 γνῶναι
2366 1430 2456 1482 καὶ
2486 1430 2620 1500 ποίᾳ
2647 1429 2830 1503 ἡμέρᾳ
2862 1427 3088 1507 ἔφθασεν
3121 1433 3155 1501 ἡ
3188 1430 3323 1500 αύτὴ
3362 1429 3429 1486 ιδ’
3451 1438 3568 1494 τοῖς
3608 1431 3794 1509 κεφλν,

2136 1517 2498 1589 προστίθεμεν
2532 1518 2594 1572 τὸ
2632 1516 2911 1593 τέταρτον,
2943 1516 3133 1593 ,ατπδλ
3184 1520 3275 1574 καὶ
3333 1520 3574 1597 γίνονται
3605 1521 3794 1595 ,ςῆξκκ

2137 1608 2315 1660 Ταῦτα
2345 1604 2511 1681 ὕφελε
2541 1605 2619 1668 εἷς
2646 1607 2712 1660 τὰ
2744 1610 2808 1677 ζ’,
2872 1608 3047 1682 Αέγων
3101 1610 3223 1683 ζ79’
3281 1610 3385 1682 ιςτζ
3419 1612 3504 1679 ζπ⁹
3554 1610 3651 1681 φξ¹,
3687 1610 3795 1678 ζη’,

2136 1695 2227 1755 vc‘.
2254 1695 2457 1749 Λοιπαὶ
2490 1692 2533 1749 δ’
2565 1693 2816 1753 ἐπακταί.
2874 1698 3105 1759 Ταύταις
3164 1692 3447 1772 πρόσϐαλε
3493 1704 3640 1775 τρεῖς
3698 1700 3796 1760 τὰς

2139 1783 2246 1857 πρὸ
2274 1787 2382 1837 τῶν
2417 1786 2749 1860 φωστήρων,
2781 1786 2871 1839 καὶ
2931 1787 2971 1854 ζ’
3024 1785 3119 1847 τὰς
3173 1786 3280 1841 ἀπὸ
3331 1789 3435 1854 κα’,
3502 1786 3591 1841 καὶ
3627 1789 3799 1855 αὐτῆς

378 1890 573 1960 prima
603 1887 814 1941 Martii.
850 1886 1092 1939 Summa
1122 1884 1226 1952 ,14.
1287 1879 1488 1935 Divide
1512 1896 1618 1949 per
1640 1882 1669 1929 7
1706 1895 1718 1932 :
1754 1875 1905 1930 nihil
1937 1890 2032 1929 su-

2147 1876 2236 1925 τοῦ
2266 1874 2512 1945 Μαρτίου
2533 1874 2744 1974 Δμηνός.
2780 1875 2952 1947 Ὀμοῦ
2988 1871 3073 1931 ιδ’.
3122 1874 3225 1930 Καὶ
3278 1874 3443 1930 ὕφελε
3501 1878 3560 1944 ζ’·
3605 1874 3798 1931 λοιπαὶ

384 1978 624 2050 pererit,
658 1976 768 2031 fuit
799 1990 937 2046 ergo
976 1972 1315 2029 Sabbatum.

456 2068 693 2123 Decimo
748 2082 907 2120 nono
958 2063 1174 2118 Tiberii
1222 2078 1379 2117 anno
1427 2060 1697 2115 Christus
1743 2055 2033 2128 supplicio

385 2173 513 2212 sese
538 2155 823 2223 subdidit,
857 2169 1012 2208 anno
1043 2152 1251 2207 mundi
1296 2152 1457 2215 5539,
1491 2148 1586 2201 die
1622 2147 1846 2201 mensis
1896 2148 2038 2199 Mar-

389 2249 454 2302 tii
485 2250 575 2316 23,
609 2246 958 2316 septimanae
992 2248 1176 2298 sexta.
1211 2240 1453 2295 Exstitit
1482 2256 1514 2294 a
1546 2238 1795 2293 mortuis
1839 2240 1905 2290 25
1938 2236 2035 2290 die

387 2337 654 2409 ejusdem
684 2336 896 2404 Martii,
921 2334 1015 2389 die
1048 2349 1082 2388 a
1111 2332 1355 2388 sabbato
1386 2328 1825 2402 proxima.lnde
1848 2328 1909 2381 in
1931 2328 2034 2381 Ec-

386 2426 570 2482 clesia
610 2429 914 2496 receptum
947 2427 1036 2478 est
1061 2422 1283 2493 pascha
1339 2419 1703 2474 dominicum
1736 2416 2036 2472 celebrare

386 2516 670 2570 vicesima
696 2514 902 2585 quinta
929 2512 1023 2566 die
1050 2511 1259 2567 Martii.
1288 2512 1410 2575 Quo
1430 2514 1697 2579 tempore
1726 2505 2037 2561 Judaicum

391 2606 614 2678 pascha
644 2603 1054 2675 peragebatur,
1116 2602 1240 2656 dies
1299 2605 1426 2655 erat
1485 2598 1672 2654 Martii
1723 2600 1809 2664 24,
1864 2596 2041 2665 septi-

393 2711 584 2751 mana:
617 2694 890 2764 septima,
926 2690 1439 2746 idestsabbatum.
1472 2687 1740 2742 Circulus
1773 2686 1916 2740 solis
1947 2686 2037 2754 23,

383 2782 541 2835 lunae
576 2782 661 2847 10,
693 2786 1013 2849 utrumque
1071 2782 1451 2831 numeratum
1485 2792 1519 2829 a
1564 2778 1625 2827 21
1665 2772 1853 2828 Martii
1884 2788 2038 2843 prai-

391 2871 577 2925 sentis
607 2869 1106 2935 anni,indictione
1130 2867 1447 2937 quarta.Et
1467 2863 1822 2919 undecimus
1848 2877 2041 2917 annus

389 2964 518 3014 erat
556 2958 848 3013 naturalis
901 2954 1371 3010 novendecennii
1422 2953 1598 3018 lunas,
1633 2968 1701 3006 ac
1724 2950 2042 3022 vigesimus

392 3054 592 3102 sextus
623 3063 818 3101 annus
848 3044 1295 3118 vigintoctennii
1329 3042 1491 3097 solis.
1512 3042 1630 3095 Hoc
1660 3046 1856 3095 autem
1871 3055 2043 3109 quar—

390 3142 513 3191 tum
544 3137 765 3207 pascha
796 3140 904 3201 est,
939 3149 1053 3205 quo
1072 3150 1178 3203 pro
1209 3132 1380 3187 nobis
1402 3146 1611 3202 passus
1645 3135 1731 3184 est
1753 3129 2044 3194 Christus,

380 3238 552 3277 verus
584 3222 736 3276 Deus
790 3226 1014 3275 noster.
1041 3218 1469 3274 Testimonium
1520 3222 1718 3270 autem
1767 3213 2040 3285 perhibet

385 3312 580 3381 ipsum
641 3326 878 3381 quoque
926 3308 1337 3380 Evangelium,‘
1382 3307 1475 3360 his
1522 3305 1714 3359 verbis
1735 3302 1783 3336 ⁸⁸
1816 3320 1827 3355 :
1859 3324 1884 3351 «ι
1918 3302 2039 3372 Ipsi

381 3416 516 3454 vero
563 3399 623 3453 in
662 3399 1010 3470 praetorium
1066 3414 1187 3451 non
1264 3395 1590 3459 intrabant,
1662 3409 1736 3447 ne
1812 3391 2044 3461 pollue«

378 3492 609 3554 rentur,
654 3486 759 3542 sed
807 3486 1094 3557 postridie
1144 3486 1363 3556 pascha
1411 3489 1654 3554 possent
1696 3482 1807 3536 rite
1839 3497 2036 3535 come-

381 3578 542 3632 dere.
579 3598 606 3625 »
643 3577 788 3631 Item
820 3574 891 3608 διν
915 3593 933 3629 :
967 3598 994 3623 «
1029 3574 1215 3629 Judaei
1247 3591 1447 3645 porro,
1516 3589 1590 3627 ne
1650 3587 1859 3627 eorum
1911 3587 2043 3626 cor—

384 3682 532 3737 pora
565 3666 624 3720 in
659 3681 831 3720 cruce
868 3669 1183 3719 manerent
1213 3664 1461 3719 sabbato
1492 3665 1643 3731 {erat
1699 3662 1858 3715 enim
1918 3663 2044 3732 pri-

391 3755 488 3809 die
521 3753 777 3819 sabbati,
828 3752 987 3824 quod
1045 3752 1366 3808 admodum
1431 3767 1646 3823 magna
1683 3750 2043 3806 solennitate

390 3844 581 3899 acturi
613 3846 824 3910 erant),
858 3859 892 3897 a
922 3842 1102 3897 Pilato
1136 3842 1514 3912 postularunt
1544 3845 1611 3895 ut
1640 3841 1714 3895 iis
1746 3857 1881 3895 ossa
1910 3856 2047 3893 con-

386 3933 792 4005 fringerentur
812 3937 989 4002 atque
1013 3932 1472 4002 deponerentur.
1503 3952 1530 3979 ››
1553 3930 1677 3994 Quo
1708 3930 2045 4001 igiturtemn

392 4038 535 4093 pore
565 4021 833 4077 Christus
884 4037 990 4075 suo
1023 4036 1269 4091 corpore
1313 4036 1420 4090 pro
1469 4019 1641 4074 nobis
1682 4019 2041 4090 supplicium

391 4113 523 4179 luit,
556 4129 624 4166 eo
657 4111 985 4183 legitimum
1019 4110 1240 4182 pascha
1270 4126 1390 4164 non
1417 4109 1557 4175 edit,
1593 4110 1695 4164 sed
1729 4109 1881 4164 808
1915 4110 2040 4181 ipse

396 4218 502 4274 pro
532 4202 705 4256 nobis
732 4202 972 4256 victima
1002 4200 1193 4255 factus
1212 4206 1317 4254 est.
1352 4200 1516 4265 Quod
1548 4205 1747 4254 autem
1781 4216 1903 4253 non
1939 4199 2040 4253 de-

380 4292 536 4346 cimo
575 4296 786 4362 quarto
816 4290 913 4345 die
932 4290 1153 4361 pascha
1174 4288 1690 4361 celeb_raverit,sed
1713 4306 1845 4343 eum
1870 4295 2037 4342 ante-

380 4380 611 4451 ceperit
638 4379 909 4451 mysticae
941 4395 1120 4433 caanaa
1166 4378 1563 4443 institutione,
1623 4394 1738 4448 quo
1771 4382 2038 4447 tempore

381 4468 941 4523 infermentatorum
961 4483 1181 4538 panum
1208 4467 1597 4522 sanctificatio
1622 4472 1681 4519 et
1704 4465 2039 4521 festivitatis

380 4561 701 4627 apparatus
732 4560 1007 4626 aguntur,
1040 4563 1389 4628 argumento
1416 4561 1526 4621 est,
1561 4556 1704 4626 quia
1725 4554 2036 4625 discipulis

383 4621 501 4698 non
530 4644 603 4698 de
626 4621 861 4699 victima
878 4649 936 4699 et
952 4621 1790 4715 panibusinfermentatis,sed
1814 4621 2031 4714 panem
2062 4621 2111 4685 Β

383 4738 442 4786 et
472 4732 673 4787 vinum
698 4733 961 4788 tradidit.

450 4822 558 4886 Qui
592 4822 894 4878 Christum
929 4822 1196 4878 scribunt
1226 4825 1385 4878 anno
1417 4823 1557 4876 5500
1586 4826 1815 4891 natum,
1876 4838 2035 4877 anno

389 4912 526 4965 5533
560 4910 852 4982 supplicio
886 4912 1184 4979 allectum,
1210 4917 1410 4966 errant
1440 4927 1635 4981 neque
1667 4912 1909 4982 pra‘cise
1927 4928 2034 4966 an-

383 5016 494 5053 nos
528 5006 768 5056 norunt.

452 5090 533 5143 Eo
561 5093 827 5161 tempore
875 5106 993 5160 quo
1064 5090 1126 5144 in
1185 5090 1359 5144 terris
1390 5091 1569 5145 homo
1598 5091 1865 5146 Christus
1897 5091 2037 5162 egit,

380 5178 490 5233 fuit
522 5178 764 5250 quidam
796 5179 1031 5233 Edessaa
1080 5179 1320 5251 regulus
1352 5182 1595 5236 nomine
1624 5184 1912 5252 Augarus.
1949 5180 2037 5234 Ad

379 5267 537 5323 hunc
567 5284 805 5339 quoque
836 5267 1264 5323 miraculorum
1295 5285 1329 5324 a
1359 5271 1476 5325 Deo
1537 5276 1740 5325 nostro
1800 5269 2033 5323 Christo

456 5392 505 5427 ⁸6
533 5394 699 5450 Joan.
730 5411 891 5464 xvm,
923 5397 990 5449 28
1066 5394 1136 5429 διδ*
1166 5397 1329 5451 Joan.
1364 5414 1481 5467 xxx,
1508 5400 1595 5453 31.

2141 1963 2202 2031 ζ’,
2234 1963 2322 2016 καὶ
2349 1963 2416 2031 ἦν
2449 1957 2752 2019 Σάϐϐατον.

2209 2052 2303 2122 Τῷ
2336 2048 2392 2105 δὲ
2427 2053 2492 2114 ιθ⁸
2519 2049 2628 2105 ἓτει
2659 2046 2915 2125 Τιϐερίου
2968 2051 3235 2126 Καίσαρος
3268 2053 3296 2107 6
3356 2052 3555 2124 Κύριος
3588 2052 3673 2107 ἐπὶ
3734 2052 3799 2108 τὸ

2138 2139 2312 2203 πάθος
2340 2147 2540 2212 παρῆν.
2582 2142 2747 2202 Ἔτος
2777 2145 2941 2195 τοῦτο
3000 2140 3189 2217 εεφλθζ
3252 2142 3381 2214 μηνὶ
3432 2141 3652 2215 Μαρτίῳ
3690 2144 3798 2216 κγ’,

2140 2228 2325 2304 ἡμέρᾳ
2353 2236 2410 2290 ς“.
2455 2230 2681 2300 Ἀνέστη
2712 2228 2769 2284 δὲ
2796 2234 2866 2303 τῇ
2919 2232 2994 2284 κε“
3048 2233 3146 2285 τοῦ
3197 2231 3366 2285 αὐτοῦ
3410 2230 3656 2305 Μαρτίου
3691 2253 3800 2303 μη-

2141 2318 2255 2383 νὸς,
2290 2318 2341 2371 ἐν
2372 2319 2417 2389 ᾦ
2449 2316 2637 2393 χρόνῳ
2696 2318 2975 2388 ἐτελέσθη,
3019 2318 3202 2393 ἡμέρᾳ
3260 2322 3325 2375 α’.
3383 2322 3541 2383 ’Ὸθεν
3592 2322 3682 2374 καὶ
3737 2321 3802 2374 τὸ

2144 2407 2339 2480 Κύριον
2382 2408 2574 2482 Ηάσχα
2623 2408 2896 2483 ἑορτάζειν
2947 2413 2981 2478 ή
3036 2409 3338 2480 Ἐκκλησία
3393 2409 3702 2487 παρείληφε
3730 2413 3801 2484 τῇ

2142 2500 2337 2551 κε’τοῦ
2368 2497 2614 2570 Μαρτίου
2675 2497 2871 2571 μηνός.
2936 2500 3019 2554 Ἐν
3077 2500 3122 2570 ᾧ
3175 2500 3365 2573 χρόνῳ
3423 2498 3673 2568 ἐτελέσθη
3739 2500 3802 2553 τὸ

2145 2583 2441 2642 Ἰουδαϊκὸν
2473 2588 2684 2661 πάσχα,
2713 2589 2847 2660 μηνὶ
2905 2590 3136 2662 Μαρτίῳ
3193 2585 3296 2654 κδ’,
3352 2591 3535 2661 ἡμέρᾳ
3594 2591 3653 2657 ζ’.
3689 2590 3803 2645 Κύ-

2144 2674 2279 2738 κλος
2308 2674 2474 2744 ἡλίου
2543 2676 2622 2750 κγ’
2680 2678 2772 2731 καὶ
2823 2676 3057 2747 σελήνης
3096 2679 3145 2745 ι’,
3196 2679 3375 2752 ἀρχὴν
3410 2677 3676 2755 εἰληφότα
3700 2679 3800 2745 τήν

2144 2773 2224 2820 κα¹
2253 2769 2349 2819 τοῦ
2382 2764 2631 2840 Μαρτίου
2679 2766 2874 2839 μηνὸς,
2935 2774 3036 2835 τῆς
3094 2765 3396 2837 ἐνεστώσης
3457 2772 3538 2840 [Ρ.
3604 2772 3723 2840 175]
3757 2765 3799 2821 δ’

2148 2852 2511 2915 ἲνὸικτιῶνος.
2550 2856 2643 2908 Καὶ
2681 2857 2752 2909 ια’
2815 2853 2933 2916 ἔτος
2991 2863 3091 2925 τῆς
3149 2857 3288 2911 κατὰ
3319 2858 3475 2934 φύσιν
3537 2856 3793 2911 ἐννεακαι-

2148 2940 2529 3018 δεκαετηρίδος
2575 2951 2678 3013 τῆς
2709 2943 2965 3015 σελήνης,
2998 2944 3088 2999 καὶ
3158 2946 3235 3007 xc‘
3293 2950 3392 3013 τῆς
3458 2945 3596 3000 κατὰ
3640 2946 3790 3021 φύσιν

2150 3031 2832 3106 ὀκτωκαιεικοσαετηρίδος
2860 3037 2963 3087 τοῦ
2993 3032 3184 3102 ἡλίου.
3238 3037 3419 3091 Τοῦτο
3488 3032 3547 3089 δὲ
3602 3036 3664 3090 τὸ
3719 3035 3797 3090 τὲ-

2147 3142 2341 3195 ταρτον
2373 3122 2563 3199 πάσχα
2593 3120 2734 3176 ἐστὶν
2768 3122 2821 3177 ἐν
2862 3124 2907 3193 ᾧ
2938 3120 3199 3178 πέπονθεν
3253 3123 3388 3197 ὑπὲρ
3446 3127 3605 3196 ἡμῶν
3670 3130 3799 3197 Χρι-

2152 3211 2275 3272 στὸς
2309 3213 2336 3264 ὁ
2368 3210 2627 3280 ἀληθινὸς
2659 3212 2788 3272 Θεὸς
2841 3214 3022 3284 ἡμῶν,
3087 3215 3362 3288 Μαρτυρεῖ
3422 3211 3477 3268 δὲ
3530 3215 3619 3268 καὶ
3676 3214 3808 3267 αὐτὸ

2149 3301 2211 3354 τὸ
2244 3299 2601 3376 Εὐαγγέλιον,
2633 3301 2716 3369 τὸ,
2741 3325 2769 3352 ‹‹
2806 3302 2903 3355 Καὶ
2936 3300 3088 3356 αὐτοὶ
3138 3302 3239 3357 οὐκ
3305 3301 3559 3370 εἰσῆλθον
3616 3303 3691 3364 εἰς
3745 3303 3805 3357 τὸ

2152 3390 2504 3464 πραιτώριον,
2536 3390 2622 3444 ’ἱνα
2657 3392 2732 3462 μὴ
2782 3396 3102 3463 μιανθῶσιν,
3169 3390 3296 3447 ἀλλ’
3360 3391 3453 3446 ’ἕνα
3511 3392 3810 3452 ἀκωλύτως

2148 3483 2219 3552 τῇ
2247 3479 2369 3548 ἑξῆς
2401 3478 2583 3553 ἡμέρᾳ
2611 3480 2823 3555 φάγωσι
2848 3480 2911 3534 τὸ
2967 3481 3176 3555 πάσχα.
3231 3506 3258 3531 η
3317 3484 3415 3537 Καὶ
3476 3482 3647 3546 αὖθις·
3683 3508 3708 3533 α
3741 3484 3810 3539 Οἱ

2151 3567 2247 3621 οὖν
2278 3564 2560 3637 Ἰουδαῖοι,
2586 3566 2675 3622 ’ίνα
2709 3571 2783 3640 μή
2821 3567 2979 3643 μείνῃ
3014 3568 3101 3624 ἒπὶ
3157 3575 3255 3625 τοῦ
3314 3576 3547 3643 σταυροῦ
3576 3572 3643 3625 τὰ
3709 3573 3811 3625 σώ-

2154 3676 2297 3728 ματα
2326 3655 2378 3710 ἐν
2415 3661 2495 3728 τῷ
2551 3652 2844 3730 Σαϐϐάτῳ,
2905 3658 3017 3713 ἐπεὶ
3073 3660 3385 3734 παρασκευή
3438 3661 3504 3729 ἦν
3562 3662 3649 3731 (ἦν
3703 3661 3810 3735 γὰρ

2154 3747 2364 3823 μεγάλη
2419 3750 2454 3816 ἡ
2518 3747 2699 3821 ἠμέρα
2755 3747 2935 3817 ἐκείνη
2995 3753 3095 3803 τοῦ
3155 3744 3482 3822 Σαϐϐάτου),
3515 3752 3811 3825 ἠρώτησαν

2148 3837 2239 3891 τὸν
2299 3835 2534 3891 Ιιιλάτον
2589 3834 2683 3890 ’ίνα
2736 3843 3067 3911 κατεαγῶσιν
3125 3838 3299 3892 αὐτῶν
3356 3840 3423 3893 τὰ
3476 3839 3646 3909 σκέλη
3714 3839 3807 3894 καὶ

2150 3926 2404 3999 ἀρθῶσιν.
2440 3949 2467 3977 ››
2501 3928 2587 3982 Ἐν
2617 3927 2663 3998 ᾧ
2693 3928 2787 3980 οὖν
2815 3930 2994 4001 καιρῷ
3022 3929 3159 3982 κατᾶ
3189 3929 3358 4001 σάρκα
3417 3926 3608 3984 ἔπαθεν
3672 3931 3807 4003 ὑπὲρ

2147 4016 2307 4085 ἡμῶν
2347 4015 2375 4068 6
2431 4016 2653 4089 Κύριος,
2712 4017 2776 4069 τὸ
2824 4016 2960 4069 κατὰ
3008 4016 3178 4087 νόμον
3230 4016 3335 4072 οὐκ
3380 4015 3545 4096 ἔφαγε
3597 4018 3808 4093 πάσχα,

2147 4101 2275 4156 ἀλλ’
2318 4103 2481 4164 αὐτὸς
2513 4104 2644 4172 ὑπὲρ
2676 4105 2839 4176 ἡμῶν
2868 4102 3053 4173 ἐτύθη.
3087 4107 3209 4162 ’Ὁτι
3242 4104 3299 4161 δὲ
3342 4107 3403 4161 οὗ
3434 4109 3571 4162 κατὰ
3600 4110 3700 4177 τήν
3745 4106 3810 4163 ιδ’

2148 4191 2428 4245 ὲπετὲλεσε
2457 4192 2520 4245 τὸ
2561 4192 2772 4266 πάσχα,
2832 4190 2978 4247 ἀλλὰ
3030 4196 3137 4268 πρὸ
3194 4196 3390 4249 τούτου
3446 4197 3508 4250 τὸ
3551 4198 3810 4267 μυστικὸν

2146 4278 2355 4334 ἒτέλεσε
2386 4278 2624 4349 δεῖπνον,
2649 4281 2738 4336 ὅτε
2763 4281 2850 4337 καὶ
2883 4284 2911 4335 6
2957 4284 3224 4358 ἁγιασμὸς
3281 4290 3391 4339 τῶν
3457 4286 3680 4358 ἀζύμων
3718 4288 3808 4341 καὶ

2145 4372 2179 4439 ἡ
2214 4373 2615 4443 προετοιμασία
2643 4378 2742 4440 τῆς
2799 4372 2995 4446 ἑορτῆς
3047 4372 3275 4448 ἐγίνετο,
3329 4374 3633 4449 εὑρίσκεται
3690 4382 3812 4437 τοῖς

2150 4463 2420 4529 μαθηταῖς
2456 4455 2778 4530 μεταδιδοὺς
2807 4458 2867 4513 οὐ
2900 4460 3139 4532 θύματος
3197 4459 3323 4517 οὑδὲ
3380 4464 3629 4537 ἀζύμων,
3678 4462 3810 4519 ἀλλ’

2146 4544 2310 4623 ἄρτου
2340 4546 2428 4601 καὶ
2470 4548 2757 4621 ποτηρίου.

2217 4817 2283 4872 Οἱ
2317 4814 2374 4871 δὲ
2402 4818 2502 4885 τὴν
2532 4816 2780 4891 γέννησιν
2837 4822 2935 4873 τοῦ
2993 4824 3237 4893 Χριστοῦ
3278 4820 3672 4896 ἀναγράφοντες
3730 4823 3811 4885 εἰς

2144 4904 2206 4958 τὸ
2237 4907 2333 4983 ,εφ’
2367 4900 2485 4966 ἔτος
2514 4906 2604 4960 καὶ
2635 4908 2697 4960 τὸ
2738 4909 2909 4970 πάθος
2941 4906 2995 4961 ἐν
3029 4913 3109 4979 τῷ
3139 4907 3309 4984 ὶεφλγ“
3359 4909 3690 4983 σφάλλουσι,
3729 4915 3808 4982 μὴ

2144 4996 2243 5063 τὴν
2274 4990 2552 5069 ἀκρίϐειαν
2581 5000 2678 5050 τοῦ
2709 4991 2861 5058 ἔτους
2895 4997 3268 5069 ἐπιστάμενοι.

2221 5086 2365 5138 κατά
2393 5085 2519 5146 τοὺς
2551 5084 2788 5159 χρόνους
2847 5088 2945 5152 τῆς
3006 5083 3266 5161 ἐνσάρκου
3325 5086 3622 5160 ἐπιδημίας
3672 5092 3809 5163 Χρι-

2148 5177 2277 5227 στοῦ
2305 5177 2402 5227 τοῦ
2433 5172 2699 5242 ἀληθινοῦ
2759 5179 2894 5228 Θεοῦ
2948 5176 3107 5245 ἡμῶν
3137 5176 3204 5244 ἦν
3236 5198 3318 5237 τις
3364 5175 3653 5251 tonio/.73
3708 5179 3812 5232 πός

2146 5262 2286 5324 λεως
2320 5261 2600 5333 Ἐδέσσης,
2684 5264 2913 5337 ὀνόματι
2970 5264 3241 5341 Αὒγαρος.
3312 5264 3659 5337 Διαδοθείσης
3712 5268 3810 5322 οὖν

1593 5486 1951 5542 XYLANDRI
1991 5486 2079 5539 ET
2119 5483 2335 5539 GOARI
2374 5484 2594 5537 NOTA‘J.

396 5568 594 5650 (θρίξςη
641 5575 1403 5650 vocant)__eccles_iasticum
1488 5570 1879 5650 excutereet
1928 5575 2045 5650 huc

393 5639 675 5695 adhibere
705 5639 1015 5700 consilium
1059 5647 1287 5716 fuisset,
1322 5650 1526 5719 Itaque
1552 5648 1691 5718 quia
1747 5648 1802 5703 id
1866 5648 2038 5703 nobis

2159 5571 2419 5625 alienum
2456 5571 2765 5626 videbatur
2796 5572 2972 5643 hujus
3010 5572 3143 5629 loci.
3178 5574 3289 5627 vita
3317 5574 3575 5628 auctoris
3599 5573 3811 5627 reddi-

2150 5659 2364 5714 dimus.
2399 5662 2537 5714 Χγι..
