4142 6418
370 397 502 458 345

1522 389 2057 457 HISTORIABUM
2107 389 2662 455 COMPENDIUM.

3686 393 3809 457 346

375 533 666 604 πανταχοῦ
706 530 805 598 τῆς
862 532 970 583 τῶν
1030 527 1344 602 θαυμασίων
1399 528 1595 605 φήμης
1650 527 1887 602 Χριστοῦ
1943 526 2039 577 τοῦ

2156 525 2447 581 editorum
2480 527 2744 598 undique
2767 543 2968 599 sparsa
2999 528 3262 599 pervenit
3307 528 3463 584 fama
3496 546 3509 595 ;
3541 544 3796 599 quorum

391 623 527 675 Θεοῦ
557 620 745 690 ἡμῶν,
776 616 1010 679 ἀκούσας
1063 619 1150 672 καὶ
1207 616 1368 680 αὐτὸς
1425 618 1455 671 ὁ
1513 616 1700 692 ῥηθεὶς
1753 613 2045 687 τοπάρχης

385 709 632 779 ἰξίστατο
665 707 755 761 ἒπὶ
804 706 1025 769 τούτοις
1081 706 1173 760 καὶ
1223 704 1402 761 ἐπόθει
1455 702 1589 760 ἰδεῖν
1644 704 1736 758 τὸν
1794 700 2045 777 Χριστόν.

382 799 497 853 Οὐκ
526 794 765 868 ἠδύνατο
799 794 856 851 δὲ
886 794 976 851 διὰ
1000 797 1063 850 τὸ
1092 796 1326 859 ἀνιάτως
1379 802 1576 852 νοσεῖν.
1635 796 1836 871 Γράφει
1867 792 2044 847 τοίνυν

384 888 687 958 ἐπιστολὴν
716 889 853 964 πρὸς
887 886 1072 956 αὐτὸν,
1114 889 1148 957 ἢ
1183 886 1468 943 ἀπέστειλε
1499 885 1569 941 δι’
1627 885 1877 942 Ἀνανίου
1936 887 2044 938 τῶν

389 978 561 1033 αὺτοῦ
590 974 986 1052 ταχυδρόμων,
1020 976 1078 1039 ὅς
1140 976 1192 1031 ἐν
1255 976 1416 1049 πείρᾳ
1472 974 1740 1053 ἐτύγχανε
1801 973 1887 1027 καὶ
1944 977 2045 1040 τῆς

393 1075 756 1148 ζωγραφικῆς
781 1067 1003 1143 τέχνης.
1038 1066 1380 1143 Παρήγγειλε
1410 1064 1467 1122 δὲ
1496 1068 1645 1138 αὐτῷ
1703 1068 1731 1120 ὁ
1799 1064 2047 1139 Αὕγαρος

383 1154 578 1215 λαϐεῖν
621 1158 673 1214 ἐν
701 1155 876 1213 σανίδι
906 1157 970 1213 τὸ
998 1158 1261 1230 ὁμοίωμα
1290 1162 1390 1222 τῆς
1443 1160 1540 1211 τοῦ
1599 1158 1835 1232 Χριστοῦ
1881 1150 2046 1221 ἰδέας,

373 1253 435 1302 Ἠ
500 1245 563 1301 δὲ
619 1245 888 1314 ἐπιστολὴ
938 1251 1034 1301 τοῦ
1104 1246 1357 1322 Αύγάρου
1416 1246 1552 1301 κατὰ
1608 1247 1767 1320 ἡῆμα
1832 1240 2047 1313 διέξεισι

376 1333 530 1391 τάδε’
568 1360 597 1387 «ι
631 1335 881 1410 Ᾱῦγαρος
939 1335 1228 1411 τοπάρχης
1283 1334 1501 1397 πόλεως
1558 1331 1815 1403 Ἐδέσσης
1869 1333 2048 1401 Ἰησοῦ

375 1432 607 1499 Σωτῆρι
661 1424 871 1499 ἀγαθῷ,
937 1425 1256 1503 ἀναφανέντι
1299 1425 1349 1478 ἐν
1406 1423 1564 1479 πόλει
1623 1420 2045 1498 Ἱεροσολύμων,

377 1515 617 1593 χαίρειν.
675 1514 975 1571 ’Ἤκουσταί
1039 1535 1132 1585 μοι
1190 1515 1254 1569 τὰ
1310 1514 1432 1588 περὶ
1492 1517 1587 1568 σοῦ
1634 1513 1724 1567 καὶ
1778 1515 1888 1567 τῶν
1937 1515 2044 1564 σῶν

380 1605 636 1677 ἰαμάτων
670 1604 745 1665 ὡς
800 1602 929 1658 ἄνευ
981 1603 1284 1678 φαρμάκων
1318 1603 1421 1658 ὑπό
1451 1624 1547 1657 σου
1592 1599 1915 1677 γινομένων·
1972 1599 2046 1661 ὼς

373 1694 482 1768 γὰρ
516 1692 714 1768 λόγος,
746 1690 989 1766 τυφλοὺς
1019 1689 1348 1748 ἀναϐλέπειν
1380 1699 1578 1760 ποιεῖς,
1638 1689 1863 1766 χωλοὺς
1894 1707 2049 1763 περι-

379 1788 598 1850 πατεῖν,
636 1781 873 1856 λεπρους
932 1782 1264 1856 καθαρίζεις,
1322 1783 1411 1837 καὶ
1442 1783 1718 1855 ἂκάθαρτα
1767 1778 2046 1850 πνεύματα

2155 614 2551 671 admiratione
2581 618 2887 688 perculsus
2917 617 3212 671 Christum
3272 616 3467 671 videre
3502 618 3805 673 desidera-

2156 705 2253 759 vit.
2278 705 2443 770 Quod
2472 724 2547 760 ne
2580 706 3094 772 fieret,insanabi|i
3120 706 3325 760 morbo
3349 706 3806 777 impediebatur.

2159 795 2360 866 Itaque
2390 796 2465 851 ad
2496 813 2630 852 eum
2652 798 2835 851 mittit
2882 797 3192 869 epistolam
3228 814 3334 868 per
3360 813 3543 851 unum
3574 796 3648 851 de
3681 799 3803 853 suis

2156 886 2499 942 cursoribus
2530 886 3443 959 Ananiamnomine,eique(nam
3476 892 3535 942 et
3562 887 3803 959 pingere

2156 976 2351 1044 norat)
2382 976 2624 1030 mandat
2653 980 2719 1029 ut
2756 976 2971 1030 Christi
3004 976 3257 1030 formam
3282 978 3341 1030 in
3363 976 3564 1031 tabula
3593 977 3806 1047 depin-

2154 1064 2619 1135 geret.Epistolto
2642 1065 2981 1136 exemplum
3012 1065 3162 1119 infra
3195 1066 3480 1137 scriptum
3506 1071 3595 1119 est
3621 1083 3632 1120 :
3659 1069 3808 1119 «Au-

2153 1169 2327 1224 garus
2360 1153 2597 1223 regulus
2629 1152 2860 1208 Edessa)
2890 1155 3057 1209 urbis
3085 1156 3221 1209 Jesu
3262 1154 3551 1208 Servatori
3623 1154 3804 1221 bono,

2156 1242 2459 1296 exsistenti
2504 1242 2565 1297 in
2609 1243 2753 1297 urbe
2787 1242 3209 1313 Hierosolyma,
3244 1243 3514 1298 salutem.
3542 1243 3804 1298 Allatum

2155 1332 2230 1388 ad
2258 1349 2350 1387 me
2392 1338 2479 1387 est
2503 1339 2558 1387 te
2590 1333 2716 1388 sine
2740 1332 3193 1388 medicamentis
3218 1332 3457 1387 morbos
3479 1333 3802 1404 depellere:

2156 1425 2344 1478 fertur
2365 1424 2525 1478 enim
2551 1423 2656 1478 abs
2688 1429 2742 1478 te
2774 1424 2948 1477 caecis
2971 1424 3179 1491 visum,
3209 1423 3437 1478 claudis
3469 1424 3804 1495 ingressum

2155 1514 2685 1585 restitui,leprosos
2714 1513 3043 1586 repurgari,
3066 1513 3381 1582 verbisque
3408 1513 3521 1567 tuis
3554 1513 3812 1566 immun-

2155 1603 2262 1657 dos
2295 1604 2538 1675 spiritus
2591 1604 2769 1674 abigi,
2801 1620 2902 1658 eos
2934 1604 3034 1673 qui
3084 1603 3383 1659 diuturnis
3434 1602 3658 1657 morbis
3692 1606 3807 1655 tor-

2156 1698 2414 1763 quentur
2439 1693 2931 1763 sanari,mortuos
2962 1694 3022 1748 in
3054 1694 3235 1749 vitam
3270 1694 3551 1749 revocari.
3585 1692 3808 1758 Quibus

2157 1782 2309 1836 που
2342 1782 2618 1837 omnibus
2649 1782 2721 1837 de
2753 1788 2809 1836 te
2839 1783 3059 1837 auditis
3090 1783 3150 1837 in
3183 1799 3312 1838 eam
3347 1783 3478 1837 veni
3509 1782 3811 1853 cogitatio-

381 1869 543 1944 λόγῳ
572 1866 920 1938 ἀπελαύνεις,
954 1870 1043 1923 καὶ
1073 1867 1199 1931 τοὺς
1258 1869 1310 1924 ἐν
1381 1868 1713 1944 μακρονοσίᾳ
1755 1868 2045 1942 βασανιζο-

2155 1876 2379 1934 nem,te
2404 1872 2585 1925 Deum
2619 1887 2747 1925 esse
2780 1870 3045 1942 cmloque
3078 1872 3417 1943 degressum
3451 1872 3560 1925 ista
3591 1871 3806 1941 facere,

389 1961 584 2033 μένους
670 1958 989 2031 θεραπεύεις
1071 1962 1162 2012 καὶ
1245 1960 1464 2030 νεκροὺς
1545 1956 1811 2033 ἐγείρεις.
1871 1952 2050 2012 Ταῦτα

382 2050 566 2105 πάντα
595 2048 831 2109 ἀκούσας
861 2047 987 2122 περὶ
1026 2045 1122 2101 σοῦ
1152 2049 1290 2103 κατὰ
1346 2051 1469 2101 νοῦν
1528 2046 1724 2119 ἐθέμην
1784 2044 1866 2099 ὅτι
1924 2044 2053 2104 Θεὸς

395 2138 444 2190 εἶ
470 2138 563 2190 καὶ
589 2130 823 2197 καταϐὰς
856 2134 908 2206 ἐξ
952 2136 1185 2210 ούρανοῦ
1241 2139 1409 2190 ταῦτα
1465 2140 1666 2207 ποιεῖς,
1722 2131 1758 2201 ἤ
1824 2134 1947 2194 Υἱὸς
2002 2133 2051 2186 εἷ

403 2230 503 2280 τοῦ
563 2229 711 2289 Θεοῦ,
765 2229 941 2279 ποιῶν
1001 2229 1188 2283 ταῦτα.
1244 2226 1340 2280 Διὰ
1391 2228 1558 2279 ταῦτα
1612 2224 1795 2277 τοίνυν
1838 2221 2047 2296 γράψας

400 2311 631 2383 ἐδεήθην
669 2316 767 2378 τῆς
800 2317 899 2379 σῆς
936 2313 1128 2388 ἰσχύος
1155 2314 1241 2368 καὶ
1276 2314 1612 2391 ἀγαθότητός
1644 2310 1912 2380 σκυλῆναι
1960 2310 2049 2363 καὶ

388 2401 573 2466 ἐλθεῖν
607 2401 740 2477 πρός
777 2424 864 2475 με,
890 2400 980 2457 ’ἱνα
1008 2404 1072 2458 τὸ
1103 2403 1276 2467 πάθος
1305 2405 1333 2456 ὅ
1374 2398 1490 2481 ἔχω
1549 2401 1897 2478 θεραπεύσῃς.
1948 2398 2050 2454 Καὶ

372 2492 491 2565 γαρ
524 2491 737 2559 ἤκουσα
766 2492 855 2545 ’ὁτι
904 2491 992 2545 καὶ
1028 2492 1082 2546 οἱ
1114 2488 1371 2549 Ἰουδαῖοι
1429 2491 1899 2568 καταγογγύζουσί
1956 2510 2051 2544 σου

383 2579 477 2633 καὶ
517 2577 820 2653 βούλονται
853 2580 1096 2634 κακῶσαί
1127 2600 1204 2635 σε.
1242 2579 1411 2641 Πόλις
1444 2576 1502 2634 δὲ
1536 2578 1630 2652 μοί
1680 2577 1789 2633 ἐστι
1823 2596 2052 2651 σμικρο-

386 2668 554 2737 τάτη,
619 2669 705 2739 [Ρ.
768 2669 890 2743 176]
974 2671 1097 2740 ἣτις
1154 2668 1420 2745 ἐξαρκέσει
1504 2667 1833 2747 ἀμφοτέροις
1890 2670 2051 2740 ἡμῖν.

394 2758 675 2830 Ἕρῥωσο.
740 2759 858 2815 νὉ
902 2755 958 2812 δὲ
1012 2755 1372 2837 ταχυδρόμος
1428 2758 1678 2814 ἀπελθὼν
1749 2757 1801 2811 ἐν
1856 2759 2058 2831 Ἰερου-

394 2846 613 2918 σαλὴμ,
647 2846 738 2901 καὶ
771 2845 898 2911 δοὺς
929 2853 1010 2920 τῷ
1048 2847 1238 2921 Κυρίῳ
1266 2850 1365 2917 την
1401 2845 1723 2916 ἐπιστολὴν,
1765 2847 1834 2915 ἦν
1866 2844 2056 2917 ἐπιμε-

390 2935 506 2997 λῶς
542 2935 799 3005 ἀτενίζων
828 2936 1002 3008 αὐτῷ,
1035 2940 1112 3009 μὴ
1147 2935 1445 3011 δυνάμενος
1477 2935 1535 2991 δὲ
1593 2935 1834 3007 πλησίον
1892 2932 2056 2988 αὺτοῦ

372 3034 577 3096 στῆναι
627 3024 717 3081 διὰ
776 3028 840 3081 τὸ
896 3026 1187 3104 συῤῥεῦσαν
1244 3035 1484 3098 πλῆθος,
1538 3026 1626 3082 ἐπί
1676 3048 1798 3081 τινα
1857 3026 2056 3099 πέτραν

390 3118 592 3190 μικρὸν
623 3123 725 3185 τῆς
774 3122 878 3191 γῆς
937 3117 1290 3187 ἁνεστηκυῖαν
1352 3112 1553 3179 ἀναϐὰς
1613 3116 1898 3185 ἐκαθέσθη,
1966 3129 2058 3184 καὶ

2156 1967 2257 2016 aut
2288 1961 2501 2015 Filium
2520 1977 2649 2014 esse
2682 1960 2913 2030 Dei,qui
2943 1961 3055 2014 ista
3084 1965 3348 2031 praestes.
3375 1961 3577 2028 Itaque
3609 1959 3807 2014 missis

2159 2051 2371 2105 litteris
2419 2050 2577 2105 volui
2632 2050 2743 2105 hoc
2788 2050 2892 2104 abs
2952 2054 3052 2105 tua
3108 2053 3400 2121 potestate
3453 2056 3509 2101 et.
3540 2048 3804 2101 bonitate

2157 2138 2537 2205 contendere,
2574 2139 2657 2193 uti
2692 2138 2765 2193 ad
2798 2154 2891 2192 me
2924 2138 3299 2208 proficiscare
3330 2153 3398 2191 ac
3447 2154 3539 2190 me
3600 2135 3806 2190 morbo

2157 2245 2289 2282 meo
2322 2228 2557 2282 liberes.
2583 2229 2727 2282 Nam
2753 2234 2810 2282 et
2841 2228 2951 2281 hoc
2980 2227 3125 2281 mihi
3184 2226 3523 2280 nuntiatum
3577 2231 3664 2279 est
3709 2227 3807 2279 Ju-

2157 2317 2316 2372 daeos
2348 2318 2455 2372 tibi
2482 2316 2723 2387 obloqui
2755 2333 2821 2371 ac
2840 2316 3088 2371 insidias
3113 2317 3455 2371 tendere.At
3490 2315 3634 2368 mihi
3663 2315 3806 2369 urbs

2159 2412 2267 2475 est,
2300 2423 2641 2478 quanquam
2689 2407 3029 2478 perexigua,
3092 2412 3290 2460 tamen
3351 2404 3639 2459 ambobus
3689 2405 3809 2458 suf-

2158 2498 2406 2552 fectura.
2466 2496 2630 2552 Vale.
2688 2518 2715 2545 ››
2773 2501 2987 2550 Cursor
3057 2495 3466 2566 Hierosolyma
3506 2494 3806 2566 profectus

2159 2588 2389 2642 Christo
2423 2585 2734 2657 epistolam
2769 2586 3035 2640 exhibuit
3059 2601 3071 2649 ;
3094 2600 3349 2655 eumque
3381 2584 3700 2653 diligenter
3719 2589 3808 2636 at-

2161 2675 2338 2729 tentis
2370 2675 2804 2745 contemplatus
2837 2673 3186 2740 oculis,cum
3206 2690 3241 2727 a
3269 2672 3607 2727 confluente
3637 2671 3808 2725 turba

2161 2764 2403 2835 propius
2441 2769 2636 2818 astare
2667 2780 2785 2818 non
2828 2763 3145 2827 sineretur,
3180 2762 3239 2816 in
3273 2777 3480 2816 saxum
3507 2760 3807 2831 quoddam

2161 2851 2467 2923 paululum
2499 2869 2677 2923 supra
2706 2858 2923 2907 terram
2957 2853 3227 2905 eminens
3285 2851 3572 2915 consedit,
3605 2850 3808 2919 ibique

2163 2941 2362 2997 statim
2394 2942 2598 2997 oculos
2628 2942 2882 3009 Christo,
2915 2957 3157 2995 manum
3182 2941 3401 2995 charta)
3435 2939 3712 3006 intendit,
3746 2945 3811 2992 ut

2163 3033 2506 3102 apparentis
2536 3031 2736 3102 ﬁguras
2793 3031 3049 3104 etﬁgiem
3083 3030 3449 3101 depingeret.
3491 3031 3701 3082 Verum
3759 3029 3807 3080 is

2164 3126 2415 3174 conatus
2444 3119 2663 3174 frustra
2695 3119 2826 3185 fuit,
2852 3118 3101 3173 Domino
3129 3116 3381 3173 subinde
3422 3117 3646 3171 vultum
3679 3132 3811 3169 mu-

370 3207 538 3268 εύθίις
573 3203 759 3278 ἐκείνῳ
793 3207 888 3279 μὲν
920 3204 1047 3268 τοὺς
1109 3205 1455 3282 ὀφθαλμοὺς,
1487 3211 1568 3279 τῷ
1637 3204 1694 3260 δὲ
1734 3209 1914 3286 χάρτῃ
1950 3210 2045 3278 τήν

450 3302 471 3310 ο
749 3298 760 3310 ι
857 3293 879 3310 ἢ
1038 3297 1051 3310 ι
1158 3298 1171 3310 \
1336 3301 1359 3310 υ
1615 3291 1635 3310 ,1
1897 3305 1901 3310 .

2164 3208 2466 3263 tante.Sed
2494 3208 2781 3275 Christus,
2800 3207 2894 3262 cui
2926 3207 3169 3261 occultat
3200 3206 3396 3261 cordis
3425 3205 3813 3277 cogitationes

374 3302 542 3370 χεῖρα
580 3293 930 3370 προσήρειδε,
963 3297 1055 3350 καὶ
1111 3298 1211 3365 την
1266 3301 1363 3350 τοῦ
1404 3291 1731 3372 φαινομένου
1787 3305 2046 3373 μετεγρά-

374 3405 474 3463 φεν
500 3385 828 3457 ὁμοιότητα.
865 3385 963 3441 Καὶ
992 3382 1255 3458 οὐδαμῶς
1304 3383 1543 3455 ἠδύνατο
1582 3385 1744 3441 αὐτὸν
1802 3385 2046 3442 καταλα-

374 3468 492 3527 ϐεῖν
544 3470 635 3528 διὰ
688 3475 751 3530 τὸ
810 3474 965 3546 ὶτὲρα
1015 3475 1104 3529 καὶ
1159 3475 1315 3548 ἑτέρᾳ
1367 3470 1487 3549 ὄψει
1519 3477 1821 3553 φαίνεσθαι.
1875 3481 1930 3529 ’0
1989 3474 2046 3531 δὲ

376 3563 605 3637 Κύριος,
644 3562 719 3623 ὡς
761 3565 854 3618 ἅτε
878 3564 1127 3641 κρυφίων
1151 3565 1404 3639 γνὼσεων
1455 3566 1546 3620 καὶ
1599 3562 1838 3637 καρδιῶν
1869 3565 2045 3638 ἐξετα-

378 3655 535 3719 στὴς,
574 3652 738 3725 γνοὺς
778 3654 879 3720 τήν
912 3651 1206 3726 ἐνθύμησιν
1265 3652 1435 3707 αὖτοῦ
1496 3653 1890 3726 μετεκαλέσατο
1949 3655 2046 3710 αὐ-

380 3740 501 3804 τὸν,
536 3739 896 3810 καὶζητησας
956 3739 1211 3815 νίψασθαι
1270 3740 1498 3812 ἐπεδόθη
1561 3743 1709 3815 αὐτῷ
1739 3742 1902 3818 ῥάκος
1958 3766 2046 3799 τε-

372 3825 682 3902 τράδιπλον
728 3828 864 3901 μετὰ
892 3830 956 3883 τὸ
989 3830 1268 3902 νίψασθαι,
1308 3828 1361 3883 ἐν
1394 3830 1438 3902 ᾦ
1468 3832 1556 3884 καί
1587 3830 1900 3904 ἀπεμάξατο
1941 3834 2039 3901 τήν

382 3912 665 3989 ἄχραντον
693 3916 785 3971 καὶ
816 3916 963 3980 θείαν
994 3918 1167 3972 αὐτοῦ
1198 3913 1345 3989 ὄψιν.
1380 3918 1484 3973 Καὶ
1515 3913 1559 3971 ὤ
1588 3923 1685 3973 τοῦ
1720 3919 1993 3993 θαύματος
2027 3923 2038 3977 l

384 4006 661 4079 παρευθὺς
693 4005 1008 4075 ἑνετυπώθη
1064 4013 1166 4075 τῆς
1216 4006 1379 4061 αὑτοῦ
1438 4013 1652 4084 μορφῆς
1706 4008 1769 4061 τὸ
1823 4008 2042 4064 ἀπεικό-

372 4115 552 4167 νισμα
607 4092 663 4149 ἐν
720 4100 789 4169 τῇ
850 4093 1074 4163 σινδόνι,
1133 4095 1200 4163 ἣν
1253 4097 1344 4149 καὶ
1392 4096 1639 4151 ἀπέδωκε
1688 4100 1767 4168 τῷ
1826 4098 2042 4171 Ἀνανίᾳ

378 4185 576 4240 εἰπών·
613 4212 637 4234 ιι
669 4184 924 4256 ’¹Απελθε,
958 4185 1048 4239 καὶ
1080 4183 1284 4247 ἀπόδος
1314 4185 1481 4254 αὐτὴν
1512 4193 1592 4259 τῷ
1656 4187 2040 4243 ἀποστείλαντί

371 4295 455 4329 σε.
496 4300 524 4324 υ
558 4273 896 4350 Ἀντὲγραψε
930 4272 988 4329 δὲ
1027 4276 1054 4329 ὁ
1088 4276 1287 4349 Κύριος
1319 4277 1407 4330 καὶ
1441 4275 1738 4345 ἐπιστολήν
1780 4279 1914 4352 πρὸς
1947 4281 2036 4333 τὸν

369 4364 648 4438 Αῧγαρον,
686 4362 772 4418 ἐπὶ
811 4361 1010 4433 λέξεως
1052 4362 1284 4420 ἔλουσαν
1319 4365 1511 4426 οῦτῶς·
1541 4392 1566 4416 ‹‹
1631 4367 1910 4442 Μακάριος
1966 4370 2036 4440 εἴ,

372 4453 624 4527 Αῧγαρε,
657 4454 945 4515 πιστεύσας
970 4453 1022 4508 ἐν
1052 4452 1178 4526 ἐμοὶ
1221 4457 1297 4527 μή
1359 4456 1614 4530 ἑωρακώς
1671 4478 1757 4528 με.
1830 4458 2038 4534 Γέγρα-

371 4564 508 4597 πται
536 4542 640 4618 γὰρ
671 4544 794 4616 περί
823 4543 984 4614 ἐμοῦ,
1012 4544 1142 4605 τοὺς
1186 4545 1495 4619 ἑωρακότας
1533 4567 1599 4617 με
1661 4548 1734 4618 μὴ
1768 4549 2035 4604 πιστεύειν

2161 3298 2484 3369 explorata:
2512 3297 3040 3368 essent,proposito
3073 3296 3260 3367 ipsius
3292 3294 3595 3349 intellecto
3628 3294 3815 3347 homi—

2158 3404 2293 3442 nem
2325 3387 2399 3442 ad
2427 3404 2489 3441 se
2549 3388 2816 3453 vocavit;
2869 3402 2936 3441 ac
2988 3386 3184 3441 lavare
3242 3385 3453 3438 faciem
3508 3399 3808 3453 quaerens,

2156 3485 2471 3549 postquam
2503 3476 2879 3543 abluisset,in
2921 3491 3186 3547 pannum
3210 3473 3663 3544 quadruplicem
3692 3471 3804 3526 sibi

2157 3566 2418 3622 oblatum
2444 3565 2656 3620 divina:
2693 3582 2812 3620 sum
2847 3570 2903 3619 et
2928 3563 3326 3619 immaculata:
3350 3563 3519 3617 faciei
3556 3560 3800 3616 simula-

2154 3673 2318 3711 crum
2351 3655 2612 3710 maximo
2639 3653 2925 3708 miraculo
2955 3653 3278 3724 impressit.
3312 3654 3453 3707 Eam
3487 3650 3802 3705 sindonem

2155 3746 2399 3801 Ananiaa
2432 3744 2693 3810 tradidit,
2729 3743 3018 3798 mandans
3042 3748 3106 3797 ut
3137 3742 3380 3796 domino
3403 3758 3509 3795 suo
3542 3742 3801 3809 afferret,

2153 3854 2219 3892 ac
2244 3854 2362 3892 una
2392 3835 2728 3907 epistolam,
2756 3851 2933 3906 quam
2996 3834 3053 3888 in
3087 3835 3211 3888 haec
3242 3832 3417 3886 verba
3446 3831 3752 3901 rescripsit
3782 3847 3796 3887 :

2153 3949 2179 3977 ‹‹
2213 3928 2425 3980 Beatus
2456 3942 2539 3990 es,
2574 3928 2827 3995 Augare,
2869 3924 2967 3995 qui
3004 3923 3147 3977 mihi
3180 3939 3301 3977 non
3335 3922 3454 3975 viso
3486 3920 3662 3974 tidem
3696 3920 3802 3973 ha-

2152 4014 2353 4068 buisti.
2388 4014 2480 4068 Sic
2513 4014 2672 4068 enim
2705 4014 2774 4068 de
2828 4029 2923 4067 me
2976 4011 3210 4066 Litteris
3243 4010 3524 4064 traditum
3554 4014 3663 4069 est,
3700 4024 3801 4061 eos

2150 4104 2252 4174 qui
2285 4120 2379 4158 me
2401 4102 2659 4168 videant,
2696 4101 2873 4156 tidem
2904 4101 3053 4154 mihi
3084 4117 3203 4155 non
3238 4100 3566 4163 habituros,
3592 4113 3797 4152 verum

2150 4210 2251 4248 eos
2273 4193 2428 4247 3‘l0
2451 4191 2553 4261 qui
2584 4206 2679 4244 me
2710 4206 2830 4244 non
2866 4190 3171 4256 vidissent,
3234 4189 3408 4243 ﬁdem
3444 4187 3587 4242 mihi
3620 4192 3799 4256 atque

2150 4283 2325 4336 vitam
2356 4280 2684 4335 habituros.
2718 4279 2883 4343 Quod
2913 4278 3064 4350 petis
3096 4283 3158 4332 ut
3182 4278 3255 4333 ad
3276 4284 3334 4331 te
3362 4277 3619 4341 veniam,
3649 4275 3797 4328 mihi

2149 4374 2351 4429 omnia
2381 4371 2740 4427 absolvenda
2789 4376 2926 4425 sunt
2966 4388 3036 4425 ea
3066 4386 3318 4441 quorum
3363 4370 3549 4441 gratia
3578 4370 3795 4422 missus

2150 4482 2301 4529 sum,
2334 4464 2526 4533 iisque
2558 4462 2843 4516 confectis
2874 4460 3243 4515 redeundum
3275 4460 3349 4514 ad
3400 4462 3656 4519 Patrem,
3692 4456 3793 4527 qui

2151 4554 2413 4609 miserat.
2444 4555 2523 4606 Eo
2556 4552 2709 4605 facto
2742 4552 2973 4605 mittam
3005 4550 3076 4605 ad
3112 4556 3166 4604 te
3190 4566 3376 4604 unum
3399 4564 3668 4603 meorum
3712 4547 3803 4601 di-

372 4635 431 4687 ἐν
479 4632 625 4705 ἐμοί·
662 4635 712 4687 o't
743 4631 802 4687 δὲ
862 4635 937 4704 μὴ
997 4632 1299 4709 ἑωρακότες
1368 4656 1434 4707 με
1491 4634 1644 4691 αὒτοὶ
1729 4637 2039 4694 πιστεύουσι

2155 4642 2543 4714 scipulorum,
2579 4641 2821 4695 nomine
2864 4639 3262 4695 Tbaddaaum:
3311 4639 3359 4693 is
3391 4644 3447 4692 et
3506 4638 3712 4692 morbo
3748 4642 3801 4690 te

372 4722 473 4777 καὶ
510 4723 787 4790 ζήσονται.
822 4724 953 4797 Περὶ
994 4720 1052 4777 Si
1103 4724 1165 4776 οὗ
1221 4719 1456 4798 ἔγραψάς
1518 4747 1613 4796 μοι
1672 4725 1848 4789 ἐλθεῖν
1908 4730 2042 4803 πρός

375 4831 465 4877 σε,
492 4808 612 4863 δέον
642 4809 753 4864 ἐστὶ
797 4809 973 4865 πάντα
1036 4808 1333 4885 πληρῶσαί
1386 4833 1451 4884 με
1511 4809 1581 4866 δι’
1619 4810 1655 4868 ἅ
1705 4813 2039 4883 ἀπεστάλην,

373 4898 475 4953 καὶ
535 4898 671 4971 μετὰ
712 4899 775 4953 τὸ
826 4903 1117 4971 πληρῶςαι
1176 4899 1559 4974 ἀναληφθῆναί
1618 4923 1684 4974 με
1747 4904 1884 4979 πρὸς
1950 4906 2041 4959 τὸν

373 4986 784 5043 ἀποστείλαντά
846 5009 914 5059 με
962 4987 1191 5063 Πατέρα.
1263 4987 1517 5046 Ἐπειδὰν
1576 4988 1634 5045 δὲ
1718 4992 2038 5069 ἀναληφθῶ,

374 5074 705 5131 ἀποστείλω
738 5098 821 5132 σοι
851 5073 942 5131 ἕνα
973 5081 1082 5132 τῶι
1118 5080 1379 5149 μαθητῶν
1443 5101 1568 5151 μου,
1607 5080 1836 5154 ὀνόματι
1900 5081 2041 5137 Θαδ-

374 5164 561 5228 δαῖον,
594 5166 741 5225 ὅστις
772 5164 863 5219 καὶ
905 5165 968 5220 τὸ
997 5166 1171 5227 πάθος
1228 5188 1323 5221 σου
1381 5170 1695 5243 θεραπεύσει
1749 5171 1837 5224 καὶ
1892 5174 2039 5241 ζωὴν

374 5255 608 5310 αἰώνιον
642 5256 729 5308 καὶ
763 5254 990 5329 εἰρήνην
1024 5276 1111 5311 σοι
1140 5257 1426 5332 παράσχῃ,
1467 5259 1557 5313 καὶ
1613 5264 1682 5332 τῇ
1741 5259 1904 5316 πόλει
1945 5283 2040 5317 σου

373 5346 671 5418 γενήσεται
698 5343 761 5397 τὸ
822 5343 1002 5397 ἰκανὸν
1054 5345 1189 5416 πρὸς
1256 5346 1320 5400 τὸ
1381 5345 1587 5417 μηδένα
1638 5353 1744 5402 τῶν
1826 5348 2040 5425 ἐχθρῶν

376 5436 713 5509 κατισχῦσαι
742 5430 931 5501 αὐτῆς.
971 5458 999 5483 »ι
1032 5433 1267 5495 Ἐπιθεὶς
1298 5433 1350 5488 ἐν
1383 5439 1461 5508 τῷ
1516 5435 1664 5492 τέλει
1722 5438 1811 5491 καὶ
1869 5459 2042 5516 σφραο

376 5521 512 5601 γῖδα
556 5524 875 5597 γράμμασιν
936 5518 1248 5597 ἰίϐραῖκοῖς
1312 5524 1732 5599 ἐνσημανθεῖσαν
1796 5531 1955 5599 ἑπτὰ,
2012 5530 2046 5587 ά

375 5633 507 5668 τινα
553 5612 1069 5687 μεθερμηνευόμενα
1127 5630 1297 5669 ταυτα
1356 5612 1609 5685 δηλοῦσι,
1665 5622 1800 5673 Θεοῦ
1860 5620 2042 5684 θεαθὲν

387 5707 575 5773 θαῦμα
624 5709 791 5765 θεῖον.
852 5704 913 5759 Ὀ
972 5699 1030 5757 δὲ
1084 5704 1374 5777 τοπάρχης
1453 5706 1692 5781 Λῦγαρος
1756 5704 2043 5783 δεξάμενος

382 5795 706 5866 περιχαρῶς
767 5792 858 5847 τὸν
916 5792 1191 5861 Ἀνανίαν,
1253 5792 1428 5848 πεσὼν
1506 5797 1874 5869 προσεκύνησε
1943 5802 2043 5871 τὴν

2155 4732 2343 4786 solvet
2371 4736 2427 4785 et
2483 4731 2661 4784 vitam
2712 4735 2998 4784 azternam
3052 4745 3377 4800 pacemque
3430 4728 3537 4781 tibi
3598 4733 3655 4781 et
3691 4726 3805 4779 tuis

2152 4819 2726 4891 praebebit,urbsque
2752 4826 2851 4873 tua
2880 4818 2953 4872 ab
2976 4818 3255 4873 omnibus
3288 4817 3556 4872 hostibus
3590 4822 3716 4870 tuta
3746 4821 3803 4869 et

2153 4909 2369 4963 invicta
2400 4910 2520 4964 tiet.
2542 4931 2567 4957 υ
2598 4910 2660 4962 In
2694 4908 2809 4963 line
2835 4908 3095 4978 sigillum
3113 4907 3542 4979 posuitlitteris
3574 4912 3802 4977 septem

2155 4998 2454 5053 Hebraicis
2475 5004 2745 5053 notatum
2772 5016 2784 5065 ;
2811 5015 3063 5069 quarum
3088 5015 3298 5053 sensus
3315 5003 3405 5052 est
3428 5014 3440 5050 :
3468 4997 3566 5051 Dei
3583 5001 3805 5065 specta-

2155 5096 2279 5144 tum
2303 5089 2565 5143 divinum
2593 5090 2964 5145 miraculum.
2994 5092 3261 5160 Augarus
3293 5094 3529 5158 recepto
3588 5101 3805 5155 magna

2154 5196 2288 5234 cum
2318 5178 2523 5233 lwtitia
2552 5178 2860 5234 tabellario
2892 5195 3116 5250 pronus
3137 5177 3397 5233 concidit
3424 5176 3803 5244 divinamque

2154 5268 2420 5324 adoravit
2454 5268 2773 5335 imaginem
2805 5284 3020 5341 magna
3051 5284 3185 5321 cum
3217 5265 3333 5321 ﬁde
3367 5273 3424 5320 et
3453 5263 3749 5318 desiderio
3789 5281 3802 5330 ;

2154 5359 2474 5427 statimque
2507 5357 2729 5412 morbis
2760 5358 2882 5412 suis
2906 5357 3190 5411 liberatus
3208 5353 3548 5423 est,exiguis
3578 5352 3639 5407 in
3659 5352 3808 5407 facie

2153 5447 2607 5502 remanentibus
2628 5446 2819 5502 adhuc
2851 5447 3140 5517 reliquiis.
3162 5444 3394 5499 Etenim
3413 5443 3809 5498 duobusmor-

2155 5535 2246 5591 bis
2276 5536 2470 5591 fuerat
2499 5535 3297 5602 conﬂictatus,articulorum
3322 5533 3551 5588 scilicet
3580 5534 3807 5588 diutur-

2158 5625 2249 5679 nis
2272 5625 2577 5680 doloribus
2607 5642 2673 5679 ac
2723 5625 2888 5695 lepra
2918 5625 3106 5697 nigra,
3142 5640 3273 5693 qua:
3305 5640 3522 5695 corpus
3553 5625 3679 5693 (jus
3704 5624 3807 5676 dc-

2158 5731 2409 5786 pascens
2459 5714 2608 5769 adeo
2665 5714 3097 5770 dcformaverat
3153 5721 3222 5769 ut
3276 5733 3397 5786 prae
3457 5716 3683 5786 pudore
3714 5716 3804 5767 vix

2158 5820 2423 5875 unquam
2452 5821 2512 5859 se
2545 5804 2911 5861 cernendum
2935 5805 3280 5862 hominibus
3312 5804 3620 5876 prmberet.
