4142 6438
361 386 485 449 3ιῖ

1724 388 2041 455 GEORGII
2087 386 2435 450 GEDRENI

362 523 513 601 ἆγίαν
542 523 722 579 εἰκόνα
748 525 838 580 καὶ
872 527 1138 600 ἄχραντον
1162 530 1263 581 τοῦ
1296 525 1503 599 Κυρίου
1534 525 1710 581 πίστει
1742 525 1832 580 καὶ
1864 524 2023 597 πόθῳ
2054 522 2274 595 πολλῷ,
2306 522 2397 577 καὶ
2445 523 2787 597 παραχρῆμα
2848 520 2969 591 ἰάθη
3027 518 3135 575 ἀπὸ
3191 524 3302 576 τῶν
3359 520 3533 576 νόσων
3591 521 3791 595 αὐτοῦ,

368 617 565 687 μικροῦ
595 634 743 676 τινος
775 613 1040 689 λειψάνου
1075 614 1496 692 ὑπολειφθὲντος
1530 614 1581 670 ὲν
1612 618 1693 687 τῷ
1721 614 1963 687 μετώπῳ
2002 613 2190 670 αὐτοῦ.
2224 613 2322 668 Ἠν
2342 610 2446 688 γάρ
2478 612 2506 666 ὁ
2538 608 2783 685 Αῧγαρος
2819 606 2940 663 δυσὶ
2978 610 3252 682 νοσήμασι
3311 608 3772 687 ταλαιπωρούμει

366 722 476 771 νος,
512 703 585 757 ἐνὶ
622 703 716 776 μὶν
750 702 1022 779 ἀρθρίτιδι
1056 704 1270 779 χρονίᾳ,
1304 704 1459 779 ὲτὲρᾳ
1489 702 1547 760 δὲ
1577 702 1755 778 mng
1790 702 2045 778 μελαίνῃ,
2080 697 2435 774 ἐκδαπανώσῃ
2461 699 2524 755 τὸ
2552 703 2713 772 σῶμα
2744 699 2928 754 αὺτοῦ,
2951 698 3047 758 Ὃς
3076 697 3168 752 xui
3200 703 3318 763 ταῖς
3373 698 3480 753 ἀπὸ
3536 704 3647 755 τῶν
3677 699 3783 774 ἅρ-

371 806 514 869 θρων
547 792 763 855 ὀδύναις
790 793 1068 868 συνείχετο
1099 796 1330 857 καὶτοῖς
1361 801 1462 863 τῆς
1495 793 1699 869 λέπρας
1732 791 2163 865 ἑταλαιπωρεῖτο
2222 794 2434 857 κακοῖς,
2496 790 2601 866 ἀφ’.
2656 789 2724 858 ἦς
2782 788 2998 862 ἐγένετο
3057 786 3204 860 αὐτῷ
3260 789 3294 857 ἡ
3354 795 3458 859 τῆς
3512 790 3797 870 ἀμορφίας

375 882 635 957 αἰσχύνη,
670 879 738 935 δι’
769 879 834 951 ἤν
863 880 991 937 οὐδὲ
1022 885 1208 946 θεατὸς
1244 884 1311 951 ἧν
1341 880 1539 938 σχεδὸν
1566 889 1685 944 τοῖς
1713 882 2040 956 ἀνθρώποις.

446 975 764 1043 Postquam
798 972 1060 1028 Christus
1095 973 1381 1044 supplicio
1423 973 1670 1028 tolerato
1714 974 1773 1027 in
1805 971 2019 1027 ccelnm

2207 966 2358 1022 Μετά
2385 964 2440 1020 δέ
2469 987 2529 1041 γε
2565 966 2627 1020 τὸ
2658 969 2753 1020 τοῦ
2784 969 3029 1041 Χριστοῦ
3079 965 3249 1028 πάθος
3308 966 3397 1020 καὶ
3460 967 3559 1034 τήν
3595 966 3671 1031 εἰς
3704 967 3795 1022 οὐ·

374 1059 906 1127 rediit,Thaddmus
942 1061 1217 1116 Edessam
1242 1064 1401 1116 venit
1429 1060 2029 1133 apostolus,adduxit-

375 1166 487 1220 que
518 1152 818 1221 Augarum
849 1149 922 1204 ad
947 1150 1599 1221 piscinam,omnesque
1632 1151 1733 1222 qui
1765 1167 1897 1205 cum
1922 1148 2025 1203 illo

374 1244 543 1292 erant
577 1238 636 1292 in
660 1252 881 1293 nomen
912 1240 1106 1293 Patris
1122 1240 1248 1294 Filii
1281 1256 1348 1294 ac
1370 1241 1623 1311 Spiritus
1638 1237 2029 1308 sanctibapli-

374 1328 737 1399 zavit.Atque
765 1331 1031 1399 Augarus
1064 1345 1248 1399 purus
1279 1345 1345 1384 ac
1379 1346 1557 1384 sanus
1589 1329 1660 1383 de
1683 1344 1839 1399 aqua
1863 1326 2024 1392 exiit,

374 1417 570 1473 deleto
600 1416 780 1471 etiam
810 1434 988 1488 parvo
1037 1418 1164 1487 illo,
1199 1419 1291 1473 an
1312 1421 1346 1472 1
1384 1418 1542 1489 quod
1575 1417 1933 1472 remansisse
1965 1416 2027 1469 in

376 1507 505 1579 ejus
526 1508 719 1561 fronte
779 1506 1060 1574 diximus,
1101 1509 1364 1581 vestigio.
1398 1508 1620 1563 Exinde
1644 1520 1877 1562 summo
1910 1511 2028 1561 stu-

372 1597 472 1652 dio
506 1600 774 1668 Augarus
806 1598 1204 1653 venerandam
1235 1598 1448 1654 divinas
1471 1599 1677 1653 formae
1706 1597 2026 1669 imaginem

373 1685 930 1757 coluit,addiditque
949 1687 1061 1742 hoc
1084 1688 1218 1743 aliis
1246 1689 1369 1744 suis
1399 1687 2023 1757 benefactis.Antiqui~

374 1780 470 1830 tus
500 1782 635 1831 ante
668 1776 970 1846 publicam
985 1776 1219 1833 Edessae
1240 1784 1471 1849 portam
1503 1778 1565 1831 in
1589 1777 1829 1832 sublimi
1862 1790 2029 1847 quaa-

375 1865 510 1920 dam
542 1865 796 1937 alicujus
837 1866 1176 1922 Graecorum
1215 1868 1465 1923 deorum
1526 1867 1753 1938 efﬁgies
1811 1866 2026 1933 stabat,

373 1968 548 2023 quam
582 1953 830 2008 adorare
865 1955 1192 2025 cogebatur
1223 1972 1290 2010 ac
1350 1955 1404 2009 ei
1463 1959 1595 2009 vota
1639 1954 1834 2009 facere
1894 1953 2027 2023 qui-

372 2058 605 2112 cunque
635 2042 845 2098 urbem
877 2043 1099 2100 intrare
1130 2044 1464 2099 vellet.Eam
1488 2046 1758 2116 Augarus
1790 2042 2030 2097 sustulit

372 2138 549 2201 atque
608 2132 1021 2201 pessumdedit
1053 2149 1066 2197 ;
1098 2133 1278 2204 inque
1313 2133 1443 2205 ejus
1468 2133 1665 2187 locum
1708 2132 2027 2204 imaginem

374 2218 542 2273 illam
574 2219 811 2280 Christi.
844 2220 972 2275 sine
1006 2237 1291 2276 manuum
1325 2239 1506 2293 opera
1535 2222 1770 2283 factam.
1806 2221 2027 2276 consti-

2141 1055 2329 1128 ρανοὺς
2359 1052 2523 1111 αυτοῦ
2581 1051 2772 1109 ἄνοδον
2829 1048 3153 1109 καταλαϐὼν
3207 1055 3236 1109 ὁ
3295 1052 3603 1116 ἀπόστολος
3657 1050 3796 1109 Θαδ-

2130 1140 2293 1215 δαῖος
2323 1146 2423 1212 τὴν
2457 1141 2741 1211 Ἔδεσσαν,
2789 1148 3110 1220 προσήγαγε
3168 1149 3238 1217 τῇ
3298 1139 3668 1219 κολυμϐήθρᾳ
3712 1146 3806 1201 τὸν

2139 1233 2413 1310 Αὕγαρον,
2474 1235 2562 1289 καὶ
2619 1235 2817 1295 πάντας
2876 1232 3004 1294 τοὺς
3058 1233 3222 1288 αὐτοῦ
3279 1229 3564 1289 ἐϐάπτισεν
3609 1235 3685 1297 εἷς
3741 1235 3806 1289 ’τὸ

2140 1316 2314 1396 ὄνομα
2343 1327 2439 1378 τοῦ
2472 1324 2681 1397 Ματρὸς
2712 1323 2804 1378 καὶ
2834 1327 2930 1377 τοῦ
2961 1325 3090 1376 Υἱοῦ
3121 1322 3211 1378 καὶ
3251 1322 3347 1377 τοῦ
3399 1322 3560 1396 ἁγίου
3630 1322 3808 1377 Ilva!»-

2144 1433 2334 1485 ματος.
2367 1413 2470 1468 Καὶ
2517 1411 2712 1483 ἐξῆλθε
2760 1417 2859 1467 τοῦ
2919 1410 3118 1475 ὕδατος
3175 1414 3407 1487 καθαρὸς
3466 1413 3557 1468 καὶ
3622 1414 3805 1489 ὑγιὴς,

2140 1500 2569 1577 ἀπαλειφθὲντος
2603 1502 2692 1556 καὶ
2738 1506 2840 1556 τοῦ
2872 1505 3071 1576 μικροῦ
3131 1500 3389 1575 λειψάνου
3444 1509 3543 1571 τῆς
3601 1500 3809 1576 λέπρας

2138 1595 2234 1645 τοῦ
2271 1587 2693 1662 ὑπολειφθέντος
2736 1586 2787 1643 ἐν
2853 1594 2933 1662 [Ρ.
2994 1591 3117 1663 177]
3180 1594 3253 1661 τῷ
3314 1590 3554 1662 μετώπῳ
3609 1588 3799 1647 αὐτοῦ.

2142 1681 2368 1735 Ἐκτοτε
2399 1675 2456 1733 δὲ
2486 1678 2751 1740 παντοίως
2784 1673 2998 1733 ἐσέϐετο
3024 1679 3113 1733 καὶ
3164 1678 3325 1750 ἐτίμα
3380 1676 3441 1734 τό
3500 1673 3800 1750 σεϐάσμιον

2140 1765 2437 1840 ἐκτύπωμα
2494 1772 2593 1831 τῆς
2647 1771 2744 1821 τοῦ
2812 1767 3009 1842 Κυρίου
3072 1775 3315 1845 μορφῆς,
3400 1768 3652 1841 προσθεὶς
3706 1767 3802 1822 καὶ

2139 1862 2300 1912 τοῦτο
2332 1859 2360 1912 ὁ
2391 1858 2682 1936 τοπάρχης
2714 1864 2836 1921 τοῖς
2870 1857 3090 1921 λοιποῖς
3124 1859 3290 1914 αὐτοῦ
3319 1858 3537 1919 καλοῖς.
3586 1861 3804 1914 "Exitu-

2143 1946 2234 2003 λαι
2256 1953 2363 2003 τῶν
2398 1954 2601 2022 καιρῶν
2634 1950 2741 2022 πρὸ
2771 1956 2870 2018 τῆς
2898 1947 3171 2023 δημοσίας
3205 1948 3387 2018 πύλης
3426 1956 3525 2018 τῆς
3581 1946 3806 2009 πόλεως

2145 2034 2400 2108 Ἐδέσσης
2458 2036 2684 2113 ἄγαλμά
2739 2058 2790 2092 τι
2851 2042 2957 2092 τῶν
3017 2035 3363 2108 Ἑλληνικῶν
3411 2039 3544 2092 θεῶν
3576 2038 3805 2111 ὕπερθεν

2142 2128 2515 2199 ἀνεστήλωτο,
2549 2128 2579 2182 ὅ
2608 2130 2784 2184 πάντα
2811 2131 2906 2184 τὸν
2941 2128 3090 2190 ἐντὸς
3121 2135 3222 2199 τῆς
3254 2126 3471 2190 πόλεως
3510 2127 3800 2203 βουλόμε-

2144 2238 2233 2272 νον
2264 2216 2480 2273 εἰσιέναι
2512 2218 2721 2293 ἀνάγκη
2771 2219 2837 2288 ἧν
2897 2224 3218 2294 προσκυνεῖν
3268 2219 3359 2273 καὶ
3429 2217 3595 2296 εὐχὰς
3656 2218 3807 2272 ἀπο-

375 2308 489 2362 tuit
522 2308 735 2363 tabulae
767 2310 1193 2382 agglutinatam
1246 2318 1733 2383 exornatamque.
1762 2328 1894 2367 cum
1929 2310 2029 2366 tali

2145 2307 2372 2380 διδόναι,
2403 2308 2493 2364 καὶ
2544 2310 2719 2372 οὕτως
2760 2309 3094 2385 εἶσέρχεσθαι
3154 2310 3208 2365 ἐν
3268 2313 3336 2383 τῇ
3386 2307 3568 2365 πόλει.
3620 2305 3802 2365 Τοῦτο

372 2397 761 2468 inscriptione
795 2413 810 2453 :
847 2423 874 2449 ιι
909 2399 1139 2454 Christe
1173 2402 1348 2468 Deus,
1382 2402 1482 2472 qui
1511 2402 1571 2456 in
1597 2407 1651 2456 te
1686 2400 2029 2472 sperat,voti

377 2486 445 2540 ﬁt
475 2502 751 2557 compos;
784 2487 1085 2559 jussitque
1145 2494 1209 2544 ut
1267 2491 1607 2562 quicunque
1637 2507 1743 2561 per
1775 2507 1904 2545 eam
1938 2490 2035 2544 in-

376 2580 534 2631 trare
584 2575 757 2631 vellet
789 2583 1064 2647 fportam,
1121 2578 1361 2650 imagini
1427 2579 1694 2635 debitum
1743 2580 2034 2634 honorem

376 2673 551 2734 atque
598 2666 1038 2721 venerationem
1087 2667 1411 2723 exhiberet.
1446 2669 1564 2724 Hoc
1616 2670 1713 2741 pio
1762 2669 2032 2725 instituto

377 2754 853 2825 obtemperatum
884 2760 995 2819 est,
1038 2757 1305 2826 quandiu
1361 2760 1631 2830 Augarus
1680 2764 1859 2830 atque
1901 2763 2036 2831 post

376 2843 535 2898 hunc
568 2844 729 2898 ﬁlius
750 2844 1242 2916 vixerunt.Nepos
1263 2851 1461 2902 autem
1485 2864 1620 2903 cum
1639 2849 1698 2903 in
1721 2849 1808 2903 avi
1832 2849 2027 2905 incum

377 2938 435 2987 et
464 2948 712 3001 regnum
744 2934 1151 3001 successisset,
1168 2934 1401 3005 abjecta
1430 2936 1751 3006 pietate,ad
1784 2938 2031 2993 simula-

378 3036 615 3075 crorum
645 3020 872 3075 cultum
905 3020 1532 3095 descivit,f_statuitque
1565 3025 1799 3081 sublata
1814 3027 2032 3082 Christi

376 3109 633 3181 imagine
686 3115 939 3165 statuam
1002 3112 1293 3167 daamonis
1326 3130 1630 3185 reponere.
1669 3120 1741 3169 At
1794 3118 2025 3187 episco-

376 3214 487 3269 pus
537 3197 790 3265 Edessae,
849 3214 985 3252 cum
1043 3198 1154 3253 sibi
1213 3216 1283 3254 ea
1343 3218 1436 3255 res
1508 3201 1790 3257 divinitus
1873 3209 2032 3259 esset

378 3286 919 3359 patefacta,quanta
941 3287 1106 3343 licuit
1136 3289 1507 3359 providentia
1566 3293 1719 3346 malo
1751 3294 2031 3351 occurrit.

378 3375 524 3440 Quia
555 3377 713 3431 enim
746 3376 916 3432 locus
945 3383 1071 3432 erat
1101 3379 1354 3450 cylindri
1382 3381 1907 3449 forma,lucernam
1933 3399 2032 3438 ac-

378 3478 620 3521 censam
679 3466 893 3521 divinae
949 3467 1191 3540 imagini
1246 3471 1573 3540 praeposuit
1627 3487 1639 3538 ;
1692 3471 2031 3543 injectaque

378 3555 596 3626 tegula,
631 3561 687 3609 et
720 3556 952 3627 reliqua
1009 3559 1331 3629 capacitate
1394 3561 1554 3615 calce
1615 3578 1681 3617 ac
1738 3562 2025 3620 lateribus

380 3645 704 3715 obstructa,
738 3647 820 3702 ita
850 3648 1044 3703 locum
1086 3650 1504 3720 complanavit,
1541 3657 1606 3706 ut
1635 3654 1881 3724 aequalis
1917 3672 2027 3709 ca:-

380 3740 507 3790 tero
540 3752 708 3791 muro
733 3742 907 3792 esset.
941 3739 1144 3809 Itaque
1181 3740 1397 3811 impius
1427 3741 1552 3808 ille,
1587 3742 1741 3798 8ιὲ
1775 3760 1912 3797 cum
1949 3745 2034 3798 in-

380 3824 505 3881 visa
530 3824 639 3896 ipsi
674 3826 867 3896 imago
917 3844 1035 3881 non
1068 3830 1532 3900 conSpiceretur,
1567 3830 1639 3885 ab
1672 3831 1910 3903 incepto
1936 3833 2034 3889 de-

381 3913 552 3970 stitit.
585 3914 696 3970 Sed
728 3915 901 3988 longo
934 3917 1217 3988 deinceps
1250 3919 1534 3991 temporis
1569 3924 1757 3976 tractu
1788 3938 2032 3992 prorsus

382 4019 454 4057 ex
487 4003 796 4059 hominum
829 4007 1119 4062 memoria
1142 4023 1324 4063 sacra)
1348 4008 1519 4063 istius
1543 4009 1819 4082 imaginis
1843 4012 2037 4068 occul-

380 4092 524 4148 tatio
558 4092 755 4149 delata
784 4097 1402 4161 est.Post,.lustiniano
1435 4098 1793 4169 imperatore
1819 4103 2033 4158 Roma-

380 4196 618 4245 norum,
652 4183 942 4239 Chosroes
973 4186 1288 4240 Persarum
1322 4203 1423 4241 rex
1452 4187 1632 4244 urbes
1662 4189 1816 4244 Asiae
1847 4197 2032 4262 oppu-

378 4285 565 4342 gnans
596 4277 774 4343 atque
802 4279 1037 4329 vastans
1055 4275 1236 4330 etiam
1264 4276 1546 4332 Edessam
1585 4278 2034 4344 0bsedit.0uam

375 4378 509 4417 cum
542 4363 820 4418 omnibus
860 4364 1155 4419 machinis
1200 4382 1267 4419 ac
1325 4370 1542 4423 conatu
1599 4373 1877 4433 tentaret,
1914 4375 2031 4424 tor-

371 4451 613 4519 mentis,
640 4451 1033 4508 concussione
1090 4471 1422 4523 murorum,
1478 4463 1787 4527 portarum
1820 4475 2029 4529 perru-

377 4540 582 4610 ptione
605 4556 1132 4613 urgens,magnum
1155 4543 1473 4614 Oppidanis
1498 4551 1725 4601 metum
1760 4547 2030 4605 incussit.

380 4629 427 4685 Ii
460 4646 594 4684 cum
622 4630 748 4699 jam
781 4630 853 4685 de
890 4631 1077 4687 salute
1112 4634 1501 4705 desperarent
1532 4636 1711 4707 inque
1747 4638 2031 4693 extremis

381 4724 583 4774 essent
604 4721 911 4792 angustiis,
944 4721 1017 4777 ad
1050 4723 1233 4779 Deum
1266 4726 1863 4798 confugerunt,atque
1895 4742 2032 4783 eum

380 4824 533 4879 aegro
557 4808 732 4865 corde
783 4815 841 4865 et
896 4811 1177 4883 lacrymis
1220 4814 1593 4885 requirentes
1654 4816 2030 4887 invenerunt,

375 4897 539 4964 buia,
574 4904 638 4953 ut
658 4898 891 4956 divinus
923 4902 1145 4957 cecinit
1203 4903 1477 4969 Davidus,
1528 4907 1901 4976 propinquus
1947 4909 2036 4962 est

376 4987 655 5044 omnibus
688 4989 882 5061 ipsum
914 5007 1048 5046 vere
1098 4992 1532 5048 invocantibus.
1564 4996 1816 5051 Proinde
1850 5003 2032 5053 noctu

2145 2396 2240 2454 οὖν
2270 2399 2333 2453 τὸ
2363 2397 2664 2472 ἀκάθαρτον
2705 2398 2797 2453 καὶ
2855 2396 3217 2472 διαμονιῶδες
3276 2397 3498 2474 ἄγαλμα
3553 2396 3806 2461 καθελὼν

2142 2488 2234 2544 καὶ
2260 2485 2455 2561 τελείῳ
2479 2485 2753 2558 παραδοὺς
2786 2487 3098 2565 ἀφανισμῷ,
3129 2488 3204 2549 εἷς
3245 2489 3337 2543 τὸν
3394 2485 3597 2542 ἐκείνου
3625 2487 3800 2542 τόπον

2144 2580 2243 2647 τὴν
2274 2577 2706 2653 ἀχειροποίητον
2736 2577 2938 2648 ταύτην
2970 2577 3153 2632 εἶκόνα
3180 2580 3276 2632 τοῦ
3331 2583 3587 2651 Σωτῆρος
3636 2577 3802 2649 ἡμῶν

2143 2668 2233 2724 καὶ
2267 2672 2400 2723 Θεοῦ
2430 2665 2520 2722 ἐπὶ
2551 2663 2761 2729 σανίδος
2808 2664 3092 2738 κολλήσας
3148 2664 3236 2721 καί
3294 2663 3655 2727 καλλωπίσας
3712 2665 3805 2720 ἀν-

2142 2760 2390 2829 έστησεν,
2421 2756 2725 2833 ἐπιγράψας
2752 2754 2805 2812 ἒν
2838 2756 2973 2830 αὐτῇ
3004 2761 3170 2812 ταῦτα
3200 2758 3267 2812 τὰ
3319 2758 3384 2833 ῥή
3397 2775 3556 2831 ματα·
3606 2780 3625 2807 ι
3662 2756 3801 2832 Χρι-

2144 2847 2476 2917 eadem,
2521 2848 2547 2900 ὁ
2608 2847 2684 2909 εὶς
2745 2846 2802 2900 σὲ
2857 2844 3098 2915 ἑλπίζων
3159 2846 3261 2901 οὐκ
3317 2846 3709 2923 ἀποτυγχάνει.
3766 2868 3792 2897 »

2144 2935 2248 2994 Καὶ
2277 2936 2471 2992 λοιπὸν
2505 2934 2751 3000 ἐθέσπισε
2780 2937 2954 2991 πάντα
2984 2938 3077 2991 τὸν
3108 2933 3199 2990 διὰ
3226 2943 3327 3005 τῆς
3357 2934 3541 3006 πύλης
3595 2934 3789 3005 ἐκείνης

2146 3024 2482 3099 εἰσέρχεσθαι
2544 3020 2817 3096 μέλλοντα
2874 3024 2936 3079 τὸ
2995 3026 3274 3097 προσῆκον
3333 3019 3493 3084 σέϐας
3551 3022 3642 3077 καὶ
3696 3021 3793 3089 τὴν

2118 3122 2311 3186 Δτιμὴν
2349 3113 2644 3186 ἀπονέμειν
2674 3116 2743 3186 τῇ
2776 3110 3222 3185 πολυθαυμάστῳ
3269 3111 3360 3167 καὶ
3402 3113 3802 3185 Θαυματουργῷ

2140 3207 2237 3257 τοῦ
2269 3206 2514 3275 Χριστοῦ
2547 3202 2733 3269 εἰκόνι,
2768 3200 2856 3256 καὶ
2892 3200 3063 3263 οὕτως
3116 3200 3192 3263 εἷς
3246 3201 3346 3268 τήν
3402 3198 3567 3255 πόλιν
3627 3198 3804 3273 εἷσέρ-

2143 3294 2358 3368 χεσθαι.
2394 3291 2497 3348 Καὶ
2535 3287 2835 3365 ὃιετηρήθη
2867 3291 2929 3346 τὸ
2960 3296 3212 3346 τοιοῦτον
3267 3293 3364 3345 τοῦ
3405 3286 3597 3365 ἀνδρὸς
3647 3288 3800 3343 εὐσε-

2144 3379 2232 3444 ϐὲς
2265 3382 2536 3455 θέσπισμα
2562 3381 2726 3454 μέχρι
2758 3388 2857 3450 τῆς
2890 3380 2941 3436 ἐν
2974 3386 3054 3454 τῷ
3119 3382 3224 3457 βίῳ
3284 3383 3458 3437 αὐτοῦ
3510 3378 3802 3455 παροικίας

2141 3474 2352 3528 καὶτοῦ
2381 3474 2500 3526 υἱοῦ
2531 3471 2721 3527 αὐτοῦ.
2754 3472 2814 3528 Ὀ
2851 3467 2908 3527 δὲ
2965 3474 3163 3527 τούτου
3223 3469 3444 3547 ἔκγονος
3494 3474 3597 3533 τῆς
3653 3488 3805 3524 παπ-

2141 3566 2295 3636 πῲας
2326 3562 2504 3637 ἀρχῆς
2535 3558 2801 3636 διάδοχος
2829 3561 3067 3637 γεγονὼς
3125 3558 3459 3616 ἀπελάκτισε
3511 3561 3610 3628 τὴν
3653 3557 3807 3613 εὗσέ-

2146 3649 2296 3707 ϐειαν
2329 3652 2421 3706 καὶ
2486 3653 2623 3724 πρὸς
2680 3651 2747 3705 τὰ
2802 3649 3011 3707 εἳδωλα
3068 3651 3450 3723 ηὐτομόλησε,
3502 3650 3592 3704 καὶ
3641 3647 3808 3704 πάλιν

2147 3737 2440 3812 ἠϐουλήθη
2474 3740 2859 3811 ἀναστηλῶσαι
2891 3737 3217 3813 δαιμονικήν
3273 3737 3509 3810 στήλην,
3557 3739 3645 3793 καὶ
3703 3741 3806 3805 τήν

2144 3835 2241 3887 τοῦ
2269 3834 2503 3903 Χριστοῦ
2534 3829 2717 3885 εἰκόνα
2746 3828 3016 3886 καθελεῖν.
3059 3833 3238 3886 Τοῦτο
3296 3828 3455 3906 γνοὺς
3504 3830 3533 3883 ὁ
3582 3826 3809 3883 ἐπίσκο-

2145 3943 2249 3984 πος
2283 3917 2537 3991 Ἐδέσσης
2570 3917 2661 3975 διὰ
2710 3919 2854 3983 θείας
2895 3916 3294 3992 ἀποκαλύψεως
3349 3918 3448 3986 τὴν
3506 3916 3807 3992 ἐνδεχομι-

2144 4029 2243 4077 νην
2273 4004 2421 4063 ἔθετο
2488 4008 2768 4081 πρόνοιαν.
2832 4003 3057 4074 Ἐπειδή
3114 4005 3217 4083 γὰρ
3277 4006 3305 4059 ὁ
3358 4005 3527 4067 τόπος
3586 4003 3809 4077 ὑπῆρχε

2144 4094 2591 4171 κυλινδροειδής,
2675 4091 2977 4170 θρυαλλίδα
3034 4095 3138 4167 πρὸ
3202 4101 3304 4162 τῆς
3365 4092 3508 4157 θείας
3595 4091 3807 4153 εἰκόνος

2145 4187 2351 4259 avdita;
2382 4186 2471 4239 xui
2513 4184 2749 4259 κέραμον
2785 4181 3013 4250 ἐπιθεὶς,
3047 4182 3163 4237 εἶτα
3191 4177 3386 4250 ἔξωθεν
3444 4181 3650 4254 τιτάνῳ
3708 4179 3805 4234 καὶ

2144 4274 2399 4338 πλίνθοις
2430 4274 2741 4351 ἀποφράξας
2768 4273 2830 4327 τὸ
2875 4266 3139 4345 ἐμϐαδὸν,
3183 4271 3258 4335 εἰς
3318 4269 3539 4344 ὁμαλὴν
3599 4268 3804 4347 ἐπιφά-

2142 4386 2288 4421 νειαν
2314 4366 2378 4419 τὸ
2402 4369 2589 4439 τεῖχος
2621 4362 2920 4431 ἀπηύθυνε,
2977 4362 3069 4417 xui
3130 4360 3182 4414 ἐν
3215 4365 3295 4433 τῷ
3329 4361 3406 4433 μὴ
3440 4359 3667 4436 ὁρᾶσθαι
3700 4359 3800 4427 τήν

2144 4455 2522 4536 φθονουμένην
2613 4451 2823 4528 μορφήν
2919 4449 3125 4521 ἀπέστη
3185 4457 3285 4518 τῆς
3347 4448 3716 4536 ἐγχειρήσεως
3773 4449 3806 4503 ὁ

2146 4535 2436 4613 δυσσεϐὴς.
2490 4541 2675 4615 ’Έρῥει
2715 4538 2892 4594 τοίνυν
2953 4537 3043 4594 διὰ
3122 4541 3288 4612 μέσου
3347 4537 3547 4614 χρόνος
3605 4535 3806 4606 πολὺς,

2144 4633 2365 4701 καὶτῆς
2396 4631 2445 4701 ἐξ
2488 4630 2789 4705 ἀνθρώπων
2831 4631 3060 4702 μνήμης
3103 4627 3349 4705 ἀπερῥύη
3418 4629 3452 4697 ἡ
3500 4633 3600 4695 τῆς
3649 4627 3806 4701 ἱερᾶς

2141 4724 2343 4793 ταύτης
2378 4720 2587 4781 εἰκόνος
2617 4719 2945 4793 ἁπόκρυψις.
2993 4720 3053 4776 Ὀ
3086 4715 3144 4772 δὲ
3207 4721 3314 4772 τῶν
3382 4718 3605 4792 Περσῶν
3700 4716 3803 4791 βα·-

2146 4810 2330 4871 σιλεὺς
2361 4806 2610 4884 Χυσρόης
2638 4808 2731 4871 τὰς
2796 4810 2897 4872 τῆς
2955 4808 3142 4870 Ἀσίας
3202 4806 3392 4868 πόλεις
3448 4809 3667 4881 πορθῶν
3709 4805 3804 4860 xui

2142 4899 2648 4978 καταστρεφόμενος
2733 4892 3001 4952 κατέλαϐε
3077 4896 3165 4951 xui
3218 4891 3478 4952 Ἔδεσσαν
3552 4894 3639 4949 ἐπὶ
3700 4902 3807 4963 τῆς

2149 4988 2432 5067 βασιλείας
2463 4990 2597 5060 (29),
2628 4988 2716 5042 καὶ
2750 4990 2921 5041 πᾶσαν
2955 4985 3214 5059 μηχανὴν
3248 4986 3469 5054 κινήσας
3526 4984 3631 5058 πρὸ
3688 4988 3800 5037 τῶν

376 5077 606 5134 Eulalia
634 5079 913 5150 episcopo
944 5082 1220 5151 apparuit
1241 5080 1456 5136 mulier
1477 5084 1744 5153 quaedam
1766 5086 1957 5141 forma
1978 5094 2031 5142 et

2144 5078 2333 5136 ἄλλων
2364 5084 2464 5146 τῆς
2500 5074 2740 5145 πόλεως,
2774 5078 2889 5130 οἷον
2925 5072 3103 5149 βελῶν
3165 5071 3403 5150 ἀφέσεις,
3462 5072 3802 5134 κατασείσεις

380 5175 596 5225 ornatu
627 5184 805 5239 quam
836 5170 1101 5226 humana
1129 5170 1243 5225 fert
1272 5178 1486 5228 natura
1514 5176 1872 5247 augustiore,
1907 5194 2034 5233 mo-

376 5260 625 5331 nuitque
651 5275 785 5314 eum
802 5276 979 5329 supra
1002 5265 1229 5330 portam
1255 5260 1473 5331 (locum
1500 5270 1566 5318 ac
1589 5265 1832 5319 modum
1858 5267 2037 5321 simul

375 5348 704 5421 indicabat)
763 5348 946 5404 latere
1001 5349 1264 5404 abditam
1335 5353 1735 5408 venerandam
1821 5355 2036 5410 Christi

379 5435 847 5509 imaginem,qua
867 5438 1104 5495 inventa
1138 5446 1197 5493 et
1218 5447 1458 5512 recepta
1497 5443 1699 5497 omnia
1729 5443 1933 5500 dextre
1947 5461 2035 5499 es-

2144 5175 2371 5246 τειχῶν,
2404 5166 2745 5244 διαοραύσεις
2787 5164 2998 5232 πυλῶν,
3051 5164 3127 5227 εἰς
3188 5158 3357 5241 φόϐον
3410 5164 3499 5218 καὶ
3558 5163 3801 5238 ἀγωνίαν

2147 5256 2368 5317 ἐνέϐαλε
2396 5257 2522 5319 τοὺς
2553 5265 2652 5326 τῆς
2693 5256 2933 5317 πόλεως.
2968 5254 3035 5311 Οἳ
3083 5253 3135 5308 ἐν
3193 5252 3482 5327 ἀμηχανίᾳ
3511 5253 3601 5308 καὶ
3656 5252 3800 5307 ἀπο-

2149 5351 2347 5428 γνώσει
2405 5349 2762 5406 καταστάντες
2848 5345 2984 5421 πρὸς
3041 5344 3134 5398 τὸν
3204 5343 3333 5397 Θεὸν
3376 5344 3806 5419 καταφεύγουσι,

2149 5440 2241 5496 καὶ
2277 5441 2395 5512 μετ’
2427 5436 2624 5508 ὀδύνης
2656 5433 2880 5511 καρδίας
2914 5434 3003 5489 καὶ
3045 5431 3293 5508 δακρύων
3334 5431 3557 5502 ἐζήτουν
3615 5432 3808 5500 αὐτὸν,

1586 5539 1957 5597 XYLANIJRI
1998 5536 2083 5598 ET
2122 5532 2337 5598 GOARI
2376 5540 2595 5595 ΝΟΤᾹΞ.

460 5639 572 5708 (29)
606 5641 676 5693 Et
706 5639 920 5695 lacuna
943 5640 1529 5709 sequituI',Caetet-um
1559 5638 1649 5691 vel
1681 5654 1750 5693 ex
1780 5626 2042 5695 Cedreno

378 5707 507 5779 ipso
538 5707 725 5778 liquet
784 5707 1072 5766 excidisse
1134 5709 1284 5781 hinc,
1347 5709 1729 5765 Ἰσοστινιανοῦ
1785 5714 1884 5764 τοῦ
1947 5728 2038 5784 μισ

2153 5632 2328 5712 γάλου
2365 5642 2551 5712 :J‘na'm
2581 5652 2677 5690 res
2725 5632 2937 5690 incidit
2992 5634 3054 5687 in
3112 5630 3431 5703 imperium
3480 5629 3801 5688 Justiniani

2152 5706 2362 5786 Magni.
2396 5706 2534 5765 XvL.
