4142 6444
382 438 508 512 i349

1531 430 2070 516 HISTORIAMM
2118 432 2685 515 doMPENDmM.

3695 441 3819 507 ΒΜ)

390 580 481 638 διὸ
509 570 808 657 καῖεὗρον.
868 581 1027 660 ἐγγὺς
1083 583 1186 659 γάρ
1254 568 1451 661 Κύριος
1505 590 1635 641 πᾶσι
1686 590 1804 647 τοῖς
1860 573 2030 641 ἐπικαη

2166 591 2256 642 set
2285 583 2543 643 acturus.
2576 583 2899 658 Episcopus
2928 583 3223 638 immensa
3278 578 3541 652 repletus
3587 581 3814 650 laetitia,

394 668 690 745 λουμένοις
725 672 888 727 αὐτὸν
934 673 985 728 ἐν
1045 673 1294 746 ἀλησείᾷ,
1344 675 1481 730 κατὰ
1528 673 1619 729 τὸν
1666 672 1809 730 θεῖον
1864 663 2050 732 Δαϐίδ.

392 761 648 818 Φαίνεται
719 760 824 837 γὰρ
881 762 1014 817 εἶναι
1083 749 1172 818 διὰ
1227 764 1325 833 τῆς
1375 763 1564 826 νυκτὸς
1648 748 1906 838 Εὐλαλίῳ
1973 769 2052 838 τῷ

389 848 680 924 ἐπισκόπῳ
714 852 853 925 γυνή
903 873 988 914 τις
1045 850 1314 921 εὐστειλῆς
1369 854 1459 908 καὶ
1513 852 1737 927 κοσμία,
1791 854 2051 928 κρείττων

388 941 425 1010 ἢ
468 940 612 996 κατά
644 932 952 1015 ἄνθρωπον,
1017 941 1377 1014 ὑποτιθεμένη
1438 942 1587 1016 αὐτῷ
1651 940 1740 997 καὶ
1797 942 2048 1017 λέγουσα,

380 1028 469 1109 δτι
507 1030 725 1085 Ἐπάνιυ
758 1035 857 1098 τῆς
891 1029 1073 1100 πύλης
1100 1038 1198 1100 τῆς
1223 1029 1463 1102 πόλεως,
1499 1030 1551 1086 ἐν
1583 1021 1724 1104 τῷδε
1756 1036 1834 1103 τῷ
1871 1032 2047 1105 τόπῳ,

381 1116 476 1173 διά
504 1113 663 1171 τόνδε
693 1118 785 1171 τὸδ
846 1116 1072 1192 τρόπον,
1135 1121 1168 1188 ἡ
1230 1118 1389 1192 τιμία
1447 1118 1607 1174 εἶ’κὼν
1662 1125 1760 1175 τοῦ
1814 1109 2048 1195 Χριστοῦ

377 1203 822 1280 ἀποκέκρυπται,
881 1205 946 1276 ἥν
1012 1206 1365 1278 ἀναζητήσας
1449 1198 1539 1263 καὲ
1626 1198 1811 1263 λαϐὼν
1879 1209 2048 1264 πάντα

379 1299 470 1370 [Ρ.
548 1296 675 1367 178]
736 1295 929 1357 αἰσίως
982 1290 1223 1369 πράξεις.
1283 1297 1343 1351 Ὀ
1405 1294 1450 1351 δ’
1518 1295 1814 1359 ἐπίσκοπος
1873 1298 2048 1372 χαρᾶς

378 1380 595 1464 ἀφέτου
647 1381 916 1454 πλησθεὶς
1003 1383 1093 1439 καὶ
1177 1385 1268 1439 τὸν
1344 1384 1512 1441 τόπον
1570 1382 1897 1441 καταλαϐὼν
1955 1387 2046 1440 καὶ

448 1477 473 1487 εν
616 1469 640 1490 λ
716 1471 728 1489 ο
753 1471 767 1489 ο
1104 1476 1129 1488 α.
1271 1473 1284 1491 Ι
1796 1476 1810 1491 ἱ

376 1494 577 1528 τουτον
612 1472 927 1547 οιαρρῆξας,
962 1469 1006 1526 ὣ
1037 1493 1132 1528 του
1191 1475 1465 1546 θαυματος
1500 1475 1510 1531 l
1573 1475 1691 1551 εὗρε
1751 1496 1853 1543 την
1904 1473 2046 1529 θείαν

378 1560 564 1616 εἰκόνα
632 1554 1016 1632 ἀδιαλώϐητον
1100 1562 1191 1618 καὶ
1276 1564 1699 1640 κεχαραγμένην
1792 1556 1882 1619 καί
1947 1564 2046 1632 τήν

375 1650 692 1727 θρυαλλίδα
724 1649 776 1706 ἐν
809 1653 1276 1728 τοσούτῳίχρόνῳ
1312 1654 1388 1727 μὴ
1421 1644 1865 1723 ἀποσϐεσθέἲσαν,
1899 1648 2046 1710 ἀλλὰ

374 1743 467 1796 καῖ
499 1741 554 1796 ἐν
587 1747 668 1815 τῷ
700 1742 835 1814 πρὸς
869 1739 1121 1824 φυλακὴν
1177 1743 1471 1808 ἐπιτιθέντι
1529 1740 1635 1822 πρὸ
1685 1750 1784 1801 τοῦ
1832 1743 2044 1819 λύχνου

368 1832 604 1905 κεράμῳ
660 1829 964 1885 ἐκτυπωθέν
1020 1827 1224 1910 ἕτερον,
1288 1826 1550 1910 ὁμοίωμα
1621 1832 2041 1910 ἀπαράλλακτον

366 1924 471 1974 τοῦ
532 1917 917 1995 πρωτοτύπου.
981 1921 1156 1977 Τοῦτο
1211 1909 1396 1976 λαϐὼν
1455 1924 1483 1977 6
1551 1921 1844 1984 ἐπίσκοπος
1908 1923 2041 1996 μετὰ

374 2014 559 2085 χαρᾶς
618 2009 882 2085 ἀμέτρου,
940 2010 1029 2065 καὶ
1091 2009 1409 2071 λιτανεύσας
1467 2012 1557 2066 καὶ
1616 2011 2040 2088 εὐχαριστήσας,

376 2093 645 2153 κατὲλαϐε
673 2100 765 2152 τὸν
823 2097 992 2153 τόπον
1051 2100 1170 2153 καθ’
1230 2098 1288 2154 δν
1345 2100 1397 2154 οἱ
1456 2102 1655 2177 Πέρσαι
1716 2098 2035 2179 διώρυττον·

383 2187 480 2246 Ὠς
514 2183 571 2240 δὲ
596 2185 827 2256 πλησίον
864 2185 1133 2258 ἀλλήλων
1196 2186 1445 2263 ἐγένοντο
1503 2186 1554 2244 ἐν
1606 2195 1685 2263 τῷ
1741 2189 2034 2265 ὀρύγματι,

386 2274 497 2329 ἀπὸ
526 2280 622 2343 τῆς
651 2273 876 2355 λυχνίας
911 2275 1121 2348 ἐκείνης
1184 2276 1371 2333 ἐλαίου
1430 2270 1797 2350 ἐπιστᾶξαντες
1847 2278 1921 2341 εἰς
1971 2279 2033 2333 τὸ

2163 674 2293 731 loco
2325 676 2561 731 invento
2603 679 2660 731 et
2691 678 2895 747 aperto
2926 673 3147 745 reperit
3185 671 3355 743 (proh
3387 670 3740 727 miraculum
3777 672 3816 743 l)

2163 760 2421 821 divinam
2443 764 2762 838 imaginem
2794 762 3157 819 incolumem
3183 760 3610 831 lucernamque
3648 764 3814 815 tanto

2162 852 2446 921 temporis
2496 854 2748 909 decursu
2779 856 2901 908 non
2932 851 3308 919 exstinctam,
3340 855 3517 921 atque
3561 850 3707 905 adeo
3751 851 3812 904 in

2161 940 2355 1017 tegula
2385 948 2515 1015 quae
2537 943 2730 999 fuerat
2758 946 2894 998 ante
2940 941 3249 997 lucernam
3300 939 3586 995 custodite
3636 954 3816 995 causa

2161 1024 2412 1105 objecta,
2432 1030 2612 1088 aliam
2645 1031 2968 1103 exemplari
2996 1047 3102 1102 per
3122 1028 3321 1085 omnia
3347 1028 3669 1083 assimilem
3695 1029 3809 1083 im-

2158 1138 2425 1195 pressam
2466 1122 2809 1195 imaginem.
2843 1121 2960 1176 Hac
3010 1118 3111 1174 ille
3157 1119 3383 1191 ingenti
3434 1134 3565 1172 cum
3594 1118 3808 1189 gaudio

2158 1214 2412 1283 arrepta,
2448 1210 2883 1283 supplicatione
2930 1215 2988 1264 et
3016 1209 3337 1281 gratiarum
3387 1207 3619 1262 actiOne
3676 1222 3814 1277 per-

2157 1300 2325 1368 actis,
2360 1304 2496 1355 eum
2527 1292 2681 1355 813
2706 1300 2903 1356 locum
2934 1298 3243 1370 petiitqua
3274 1297 3466 1351 Persre
3501 1294 3812 1350 cuniculos

2155 1389 2426 1460 agebant.
2458 1390 2722 1459 Cumque
2762 1405 2945 1460 prope
2977 1384 3113 1441 illos
3156 1387 3546 1457 pervenisset,
3603 1402 3675 1439 ex
3728 1385 3813 1440 lu-

2154 1486 2334 1533 cerna
2365 1476 2563 1533 oleum
2594 1477 2905 1533 instillavit
2934 1476 2996 1530 in
3030 1476 3225 1547 ignem
3258 1474 3330 1529 ab
3389 1474 3463 1528 iis
3512 1481 3809 1545 peratum,

2156 1568 2322 1637 isque
2344 1566 2497 1638 ignis
2528 1564 2728 1621 hostes
2786 1564 2858 1621 ad
2917 1576 3103 1620 unum
3155 1580 3363 1619 omnes
3415 1562 3807 1634 consumpsit.

2154 1656 2265 1711 Sed
2294 1662 2352 1710 et
2380 1650 2522 1711 foris
2556 1652 2747 1711 Persae
2780 1653 2852 1710 ad
2884 1654 3189 1710 laedendos
3221 1652 3552 1724 oppidanos
3600 1658 3807 1723 regiim

2154 1744 2622 1811 succenderant;
2656 1747 2756 1816 qui
2790 1744 2942 1817 ignis
2966 1760 3099 1798 cum
3118 1743 3380 1797 aleretur
3398 1738 3809 1812 cepiosissima

2153 1836 2420 1903 materia,
2471 1834 2573 1889 ubi
2622 1844 2806 1906 prope
2854 1842 2990 1889 cum
3051 1829 3247 1887 divina
3307 1830 3498 1901 efﬁgie
3558 1830 3813 1885 accessit

2155 1923 2486 2001 episcopus,
2522 1920 2714 1978 subito
2740 1928 2981 1977 exortus
3012 1920 3241 1975 iralidus
3270 1925 3501 1984 ventus,
3553 1932 3689 1972 eum
3746 1918 3807 1973 in

2154 2028 2253 2068 eos
2285 2014 2386 2084 qui
2409 2013 2844 2068 succenderant
2866 2007 3101 2066 distulit
3130 2025 3349 2079 eosque
3376 2014 3557 2062 urens
3588 2006 3804 2079 abegit.

2150 2102 2236 2156 Ita
2266 2092 2460 2157 Persa)
2492 2108 2614 2157 nun
2669 2100 2856 2156 semel
2916 2100 3166 2163 tantum,
3223 2097 3327 2153 sed
3387 2097 3602 2167 saepius
3648 2095 3803 2150 male

2149 2191 2399 2263 accepti,
2428 2190 2648 2247 Edessa
2678 2189 2909 2262 integra
2930 2192 2989 2244 et
3018 2198 3081 2244 re
3114 2187 3333 2243 infecta
3382 2185 3637 2240 maxime
3671 2199 3804 2239 cum

2147 2280 2435 2336 dedecore
2467 2281 2886 2336 discesserunt.

388 2362 951 2442 ηὖτρεπισμένονπῢρ
981 2366 1185 2429 πάντας
1244 2366 1535 2423 ἀπώλεσαν
1594 2366 1784 2444 ἄρδην.
1848 2366 2028 2424 Ἀλλὰ
2084 2368 2175 2423 καί
2229 2369 2328 2438 τὴν
2384 2364 2575 2439 ἔξωθεν
2627 2369 2949 2442 ἀναφθεῖσαν
3006 2366 3178 2439 πυρὰν
3241 2363 3345 2419 ὑπὸ
3405 2367 3511 2418 τῶν
3586 2367 3804 2436 Περσῶν

383 2453 526 2507 κατα
577 2458 684 2508 τῶν
746 2450 920 2525 ἀνδον,
976 2457 1042 2525 ἢν
1107 2457 1327 2531 ἀπειρος
1386 2455 1492 2528 ὕλη
1556 2457 1866 2535 ὑπέτρεφεν,
1927 2452 1999 2519 ὡς
2056 2456 2298 2527 πλησίον
2358 2456 2526 2529 αὐτῆς
2584 2457 2798 2535 ἐγένετο
2855 2458 2884 2511 6
2939 2455 3237 2515 ἐπίσκοπος
3301 2453 3436 2524 μετά
3504 2451 3598 2506 τοῦ
3659 2450 3803 2505 θείου

373 2539 796 2616 ἐκτυπώματος,
859 2543 1112 2621 ἐξαίφνης
1174 2538 1351 2623 βίαιος
1412 2546 1607 2620 ἃνεμος
1655 2546 1889 2623 ἐγερθεὶς
1948 2547 2083 2601 κατὰ
2149 2538 2256 2601 τῶν
2344 2545 2759 2621 ἀναφλεγὸντων
2845 2543 3047 2613 ταύτην
3129 2542 3498 2615 ἀντεστρεψεν,
3560 2540 3655 2603 οὕς
3710 2548 3810 2605 καὶ

368 2631 752 2707 ἐμπυρίζουσα
782 2631 1104 2708 ἀπέστρεψε.
1139 2637 1323 2691 Ταῦτα
1380 2627 1637 2698 παθὸντες
1681 2632 2273 2710 μᾶλλονῆδράσαντες
2325 2632 2374 2690 οἳ
2436 2635 2655 2710 Ηὲρσαι,
2716 2634 2824 2710 οὐχ
2879 2634 3039 2706 ἅπαξ,
3096 2630 3242 2687 ἀλλά
3299 2629 3379 2690 δὶς
3435 2629 3526 2683 καὶ
3584 2627 3802 2684 πολλά-

368 2742 484 2788 κις,
523 2722 642 2793 μετ’
672 2721 940 2797 αἰσχύνης
972 2722 1198 2800 ἀπείρου
1233 2724 1597 2800 ὑπεχώρησαν
1632 2724 1916 2801 ἄπρακτοι.

446 2811 602 2869 Ἐπεὶ
671 2809 729 2867 δὶ
786 2810 925 2888 πρὸς
1004 2815 1104 2882 τήν
1198 2812 1588 2891 βασιλεύουσαν
1651 2820 1759 2871 τῶν
1815 2815 2032 2870 πόλεων

369 2900 720 2975 πανταχόθεν
794 2899 1056 2978 συνερρύη
1137 2903 1206 2956 τὰ
1260 2896 1540 2978 ἁγιώτατα
1595 2905 1684 2958 καὶ
1742 2902 2032 2974 κάλλιστα,

375 2991 449 3058 ἦν
480 2986 541 3044 δὶ
572 2988 674 3063 ἄρα
714 2995 856 3053 θεῖον
889 2988 1153 3065 βούλημα
1192 2992 1282 3073 καί
1320 2996 1421 3064 τήν
1478 2994 1626 3070 ἱερὰν
1684 2983 1885 3065 ταύτην
1942 2998 2031 3052 καὶ

379 3078 533 3134 θείαν
616 3077 797 3134 εἰκόνα
886 3078 1021 3152 μετᾶ
1073 3086 1182 3136 τῶν
1241 3078 1429 3137 ἄλλων
1489 3083 2029 3158 ἀποθησαυρισθῆναι

362 3166 585 3239 καλῶν,
620 3168 648 3222 6
675 3172 784 3223 τῶν
841 3166 1127 3242 Ῥωμαίων
1181 3175 1500 3247 κυριαρχῶν
1549 3173 1828 3247 Ῥωμαειὸς
1860 3174 1888 3230 6
1922 3182 2028 3230 Λα-

366 3257 620 3327 καπηνός
675 3254 998 3330 σπούδασμα
1047 3265 1285 3314 ποιεῖται
1340 3267 1772 3339 κατευμοιρῆσαι
1828 3260 2030 3335 ταύτης

2216 2812 2526 2873 Enimvero
2557 2834 2691 2874 cum
2725 2817 2786 2872 in
2817 2814 3026 2871 urbem
3059 2831 3190 2886 quae
3236 2811 3468 2884 imperii
3500 2814 3679 2881 caput
3708 2816 3797 2864 est

2145 2909 2345 2963 omnia
2376 2907 2642 2979 undique
2671 2907 2993 2963 sacerrima
3021 2911 3198 2977 atque
3230 2900 3631 2975 pulcherrima
3660 2916 3798 2954 con-

2144 2998 2418 3065 ﬂuerent,
2449 3015 2517 3053 ac
2548 2992 2651 3053 Dei
2682 2996 2951 3052 voluntas
2982 2999 3139 3051 esset
3158 2998 3225 3048 ut
3246 2993 3402 3047 inter
3420 2989 3632 3045 aliaibi
3666 2990 3792 3044 brec

2143 3104 2378 3159 quoque
2411 3087 2834 3143 reconderetur
2853 3082 3055 3141 divina
3076 3082 3596 3155 imago,Bomanus
3621 3080 3794 3134 Laca-

2140 3190 2351 3249 penus,
2388 3177 2711 3250 imperator
2756 3177 3176 3241 Romanorum,
3237 3186 3477 3243 operam
3525 3167 3690 3223 dedit
3734 3172 3797 3223 ut

2141 3284 2209 3322 ea
2236 3267 2528 3339 potiretur
2558 3278 2743 3338 eaque
2775 3260 3346 3333 Constantinopolim
3367 3254 3601 3313 ditaret.
3628 3257 3791 3327 Saepe

360 3345 457 3401 καὶ
491 3344 920 3401 καταπλοοτίσαί
971 3349 1071 3417 τήν
1130 3334 1539 3425 βασιλεύουσαν.
1602 3334 1704 3408 ί(άῖ
1765 3350 1829 3421 δὴ
1892 3334 2027 3408 κατά

2141 3356 2268 3428 ejus
2294 3357 2379 3412 rei
2421 3372 2600 3411 causa
2648 3334 2878 3409 'frustra
2924 3353 3148 3423 legatos
3208 3348 3469 3403 miserat.
3529 3344 3790 3400 Tandem

364 3433 670 3515 διαφόρους
728 3437 951 3512 καιροὺς
1004 3434 1354 3507 ἐξαπέστειλε
1427 3441 1565 3516 πρὸς
1623 3442 1722 3510 τὴν
1775 3439 2030 3498 Ἔδεσσαν

369 3522 550 3600 μηδὲν
584 3524 800 3607 ἀνύσας.
854 3525 915 3583 Ὁ
984 3527 1080 3599 μὶν
1142 3526 1243 3602 γὰρ
1302 3525 1550 3585 ἐπέκειτο
1609 3529 1805 3600 αὐτῶν,
1867 3533 1918 3586 ot
1974 3524 2032 3588 δὲ

367 3613 602 3672 ἀνέδυον
653 3615 742 3671 καὶ
796 3618 1219 3692 παρεκρούοντο.
1282 3621 1383 3677 Καὶ
1434 3620 1745 3678 τελευταῖον
1788 3624 2029 3679 πεισθέν-

362 3726 460 3766 τες
535 3703 838 3759 ἐπένευσαν”
899 3706 928 3760 6
985 3705 1089 3782 γὰρ
1174 3700 1299 3778 ἅναξ
1384 3709 1669 3783 Ῥωμαίων
1727 3716 1795 3786 τῇ
1856 3712 2029 3790 ἐφὲσει

359 3798 467 3849 τοῦ
526 3792 779 3848 τοιούτου
837 3793 1010 3849 καλοῦ
1077 3796 1215 3871 πρὸς
1272 3797 1441 3852 πάντα
1495 3794 1707 3869 ὑπείξας
1774 3802 1842 3855 τὰ
1900 3804 2029 3871 παρ’

360 3884 549 3938 αὐτῶν
608 3878 1061 3957 προϐαλλόμενα,
1112 3884 1201 3939 καὶ
1282 3880 1408 3949 δοὺς
1473 3886 1658 3951 αὐτοῖς
1718 3861 2028 3956 διακοσίούς

356 3975 720 4049 Σαρακηνοὺς
745 3974 835 4029 καῖ
864 3974 1106 4052 ἀργύρου
1140 3975 1416 4051 ἐπισήμου
1473 3972 1733 4054 χιλιάδας
1790 3966 2023 4053 δώδεκα,

353 4063 451 4118 καὶ
511 4063 953 4140 ἀσφαλισάμενος
1010 4062 1103 4120 διὰ
1162 4065 1464 4144 σφραγῖδος
1518 4076 1729 4144 χρυσῆς
1786 4075 1883 4125 τοῦ
1945 4075 2020 4145 μή

352 4151 653 4224 πολεμίως
689 4151 1014 4228 ἐπὲργεσθαι
1056 4153 1121 4209 τὰ
1151 4156 1260 4210 τῶν
1304 4157 1600 4231 Ῥωμαίων
1649 4160 2023 4233 στρατεύματα

352 4240 500 4297 κατά
528 4246 636 4295 τῶν
667 4242 941 4317 τεσσάρων
974 4240 1190 4299 πόλεων
1238 4243 1481 4315 ἐκείνων,
1546 4244 1686 4319 μηδέ
1739 4246 2022 4318 ληίζεσθαι

351 4329 587 4397 ταύτας,
623 4328 854 4406 ἐπέτυχε
903 4336 1003 4401 τῆς
1059 4333 1348 4403 αἰτήσεως.
1401 4335 1550 4391 Ἐπεὶ
1607 4337 1710 4412 γὰρ
1778 4359 2022 4417 συνεγω-

361 4426 519 4495 ρεῖτο
552 4419 787 4496 γενέσθαι
839 4422 929 4475 καὶ
977 4423 1371 4498 παρεχώρησεν
1405 4425 1433 4479 6
1464 4423 1702 4501 ἀμηρᾶς,
1758 4422 2020 4492 λαϐόντες

355 4509 414 4564 οἷ
482 4507 794 4575 ἐπίσκοποι,
830 4510 859 4565 ὅ
886 4531 945 4564 τε
1007 4511 1342 4583 Σαμοσάτων
1395 4514 1485 4568 καὶ
1520 4515 1547 4569 6
1577 4522 1678 4584 τῆς
1739 4501 2019 4589 Ἐδέσσης,

352 4598 453 4655 καὶ
487 4594 662 4673 ἕτεροί
693 4620 833 4661 τινες
862 4604 970 4655 τῶν
1018 4595 1267 4656 ὠλαϐῶν
1323 4602 1388 4657 τὸ
1438 4604 1586 4679 ἅγιον
1646 4606 1820 4662 ἐκεῖτο
1869 4609 2018 4663 ἀπει-

2141 3442 2465 3517 cupiditate
2492 3446 2620 3517 ejus
2652 3443 2960 3499 obtinendi
3021 3457 3152 3496 cum
3214 3437 3528 3492 Edessenis
3586 3432 3790 3488 omnia

2138 3537 2402 3608 ipsorum
2434 3534 2733 3607 postulata
2762 3532 3171 3597 concessisset,
3205 3522 3661 3583 obtinuit.Dedit
3681 3524 3786 3575 200

2137 3625 2482 3689 Saracenos,
2518 3626 2582 3679 l2
2612 3623 2794 3679 millia
2820 3621 3046 3694 argenti
3088 3618 3298 3693 signati
3327 3633 3340 3681 ;
3374 3624 3673 3685 aureoq'ue
3708 3610 3785 3666 si-

2133 3712 2274 3783 gillo
2307 3706 2680 3770 confirmavit
2709 3728 3018 3783 nunquam
3050 3709 3313 3780 legiones
3355 3699 3645 3760 Romanas
3678 3700 3781 3754 ho-

2134 3800 2351 3859 stiliter
2378 3810 2633 3876 quatuor
2664 3792 2797 3858 illas
2824 3794 3004 3857 urbes
3034 3812 3373 3855 accessurus
3392 3798 3493 3850 aut
3518 3788 3779 3863 praedam

2132 3901 2386 3951 acturas.
2421 3884 2503 3949 ita
2534 3893 2649 3949 voti
2682 3908 2924 3963 compos
2955 3882 3164 3955 factus,
3199 3878 3355 3943 ΜΔ
3386 3887 3587 3939 Amera
3638 3897 3781 3935 con-

2130 3984 2398 4053 cedente,
2432 3981 2691 4055 episcopi
2726 3981 3144 4035 Samosatenus
3169 3980 3227 4031 et
3272 3972 3605 4030 Edessemis
3635 3969 3774 4024 alii-

2129 4090 2244 4145 que
2258 4073 2338 4145 pii
2353 4077 2618 4128 san‘ctam
2631 4069 2795 4124 illam
2812 4056 3066 4140 effigiem
3090 4083 3158 4121 ac
3177 4063 3485 4136 epistolam
3501 4076 3533 4115 a
3546 4059 3777 4115 Christo

2129 4163 2409 4234 scriptam
2435 4162 2658 4216 Edessa
2685 4159 3021 4229 auferentes
3054 4158 3166 4211 iter
3195 4152 3444 4226 ingressi
3468 4153 3780 4206 sunt.Rur-

2128 4269 2228 4308 sus
2260 4257 2384 4307 tum
2415 4248 2652 4305 infinita
2684 4254 2822 4303 sunt
2850 4246 3007 4302 edita
3043 4236 3345 4300 miracula.
3381 4241 3523 4296 Cum
3575 4255 3780 4310 perve-

2127 4342 2355 4396 nissent
2386 4340 2458 4396 ad
2490 4338 2777 4410 templum
2829 4337 2927 4392 Dei
2982 4334 3318 4400 Genitricis,
3371 4331 3528 4402 quod
3578 4335 3669 4384 est
3718 4328 3783 4383 in

2126 4430 2487 4503 Optimatum
2518 4429 2758 4500 regione
2806 4445 2874 4483 ac
2906 4424 3141 4481 Eusebii
3169 4422 3405 4488 dicitur,
3439 4419 3608 4475 multi
3632 4416 3775 4490 {fide

2125 4512 2355 4595 praediti
2388 4520 2739 4575 accedentes
2766 4536 2799 4571 a
2838 4516 3014 4572 variis
3063 4513 3286 4570 morbis
3334 4516 3475 4567 sunt
3520 4508 3779 4564 liberati.

2125 4613 2209 4668 Ibi
2234 4613 2409 4667 etiam
2429 4611 2669 4682 quidam
2690 4609 2936 4663 accessit
2958 4605 3057 4676 qui
3079 4622 3114 4660 a
3138 4602 3408 4659 dmmone
3432 4599 3782 4667 vexabatur,

352 4688 599 4761 κόνισμα
666 4690 755 4744 καὶ
814 4690 878 4744 τὸ
918 4690 1325 4772 χριοτόγραφον
1382 4693 1750 4769 ἐπιστολίδιον
1799 4698 2020 4774 εἳχοντο

2141 4706 2307 4773 atque
2338 4700 2465 4756 hinc
2496 4700 2664 4770 quasi
2695 4698 2893 4752 divino
2948 4686 3235 4749 instinctu
3267 4690 3617 4746 vaticinatus
3656 4693 3746 4743 est
3766 4698 3789 4741 :

349 4785 461 4848 τῆς
494 4774 768 4833 ὁδοῦ’καῖ
828 4777 994 4833 πάλιν
1054 4778 1249 4856 ἄπειρα
1308 4781 1546 4839 ἐτελεῖτο
1605 4787 1870 4860 θαύματα.
1930 4789 2020 4850 Ὠς

353 4865 419 4923 δὲ
452 4868 797 4937 κατήντησαν
835 4867 886 4922 ἐν
916 4872 995 4940 τῷ
1023 4872 1132 4924 τῶν
1168 4871 1521 4945 Ὀπτιμάτων
1574 4876 1788 4950 θέματι,
1846 4876 1900 4932 ἐν
1944 4883 2023 4950 τῷ

352 4963 464 5026 τῆς
496 4958 765 5011 Θεοτόκου
805 4958 919 5029 ναῷ
978 4962 1058 5030 τῷ
1118 4956 1377 5015 Εὐσεϐίου
1436 4963 1744 5040 λεγομένῳ,
1806 4968 2013 5023 Πολλοὶ

352 5046 761 5121 προσελθόντες
824 5048 959 5121 μετὰ
1022 5047 1255 5113 πίστεως
1311 5050 1416 5108 ἀπὸ
1500 5054 1772 5111 ποικίλων
1841 5056 2016 5113 νόσων

346 5135 610 5205 ἷάθησαν.
669 5135 840 5199 Ἔνθα
898 5135 988 5190 καί
1042 5157 1125 5198 τις
1184 5138 1493 5211 προσῆλθεν
1580 5144 1683 5198 ὐπὸ
1755 5142 2015 5216 δαίμονος

347 5222 786 5302 ἐνοχλούμενος,
820 5223 910 5278 καὶ
943 5221 1069 5280 τάδε
1111 5225 1278 5281 οἱονεὶ
1309 5225 1684 5305 ἀπεφοίϐασεν.
1716 5230 2012 5303 Ἀπὸλαῧε,

345 5310 957 5382 Κωνσταντινούπολις,
992 5309 1147 5383 δόξαν
1175 5315 1266 5370 καὶ
1294 5319 1489 5392 χαρὰν,
1520 5321 1608 5375 καὶ
1670 5323 1752 5391 σὺ,
1804 5344 2012 5399 πορφυ-

348 5401 673 5479 ρογέννητε,
704 5402 803 5469 τὴν
840 5399 1122 5476 βασιλείαν
1164 5424 1280 5463 σου.
1343 5406 1439 5461 Καὶ
1497 5412 1743 5485 παραυτὰ
1811 5411 1932 5482 ἰάθη
1986 5415 2014 5468 6

349 5489 665 5565 ἅνθρωπος.
698 5492 780 5563 Τῇ
805 5487 862 5544 δὶ
909 5491 965 5545 ιε’
1014 5496 1112 5545 τοῦ
1168 5494 1478 5571 Αὐγούστου
1531 5501 1725 5570 μηνὸς,
1777 5503 1914 5557 κατᾶ
1948 5504 2013 5559 τὸ

350 5581 524 5654 ’ςυνβ’
553 5575 674 5641 ἔτος
705 5599 807 5647 της
840 5576 938 5633 τοῦ
968 5581 1050 5652 [Ρ.
1105 5583 1229 5655 179]
1286 5585 1499 5657 κόσμου
1546 5585 1830 5662 γενέσεως,
1882 5608 2010 5647 κατ-ι

348 5663 555 5725 ὗλαϐον
585 5670 649 5724 τὸ
704 5667 759 5722 ἐν
816 5666 1159 5743 Βλαχὲρναις
1205 5673 1328 5727 ναὸν
1384 5682 1485 5743 τῆς
1546 5677 1837 5755 ὑπεραγίας
1891 5688 2015 5737 Θεο-

346 5758 527 5813 τόκου
565 5756 619 5812 οἱ
668 5758 731 5811 τὸ
788 5756 945 5832 ἅγιον
997 5755 1472 5836 διακομιζόμενοι,
1503 5764 1534 5819 ὅ
1571 5768 1660 5821 καὶ
1701 5764 2012 5844 σεϐασμίως

2133 4778 3787 4863 Recipe,Constantinopolis,gloriametlmtitiam,tuque,

2132 4883 2715 4954 Porphyrogennete,
2750 4883 2916 4933 tuum
2950 4891 3219 4947 regnum.
3255 4872 3581 4941 Stalimque
3615 4885 3786 4924 sana-

2131 4979 2223 5027 tus
2245 4978 2352 5026 est.
2391 4972 2491 5025 Die
2535 4967 2765 5023 decima
2811 4967 3019 5037 quinta
3054 4963 3324 5036 Augusti.
3377 4976 3531 5017 anno
3579 4957 3785 5013 mundi

2126 5064 2282 5129 6452,
2316 5060 2355 5115 ii
2388 5058 2488 5131 qui
2514 5074 2744 5113 sacram
2778 5055 3097 5128 imaginem
3122 5047 3777 5117 ferebant,Blachernas

2125 5152 2198 5207 ad
2240 5151 2427 5205 aedem
2459 5149 2819 5204 beatissima:
2850 5145 2951 5200 Dei
3006 5141 3322 5199 Cenitricis
3357 5138 3775 5210 pervenerunt.

2125 5241 2211 5297 lbi
2242 5246 2483 5311 accepta
2517 5243 2606 5292 est
2637 5241 2975 5292 reverenter
3007 5249 3074 5287 ac
3103 5247 3312 5303 magno
3354 5244 3488 5283 cum
3539 5224 3774 5296 gaudio,

2123 5328 2483 5401 adorataque
2518 5346 2546 5383 a
2580 5325 2928 5388 Caesaribus,
2963 5339 2997 5377 a
3028 5320 3374 5392 proceribus
3424 5322 3483 5371 et
3530 5314 3779 5385 reliquis

2124 5420 2420 5477 omnibus.
2462 5415 2752 5472 Postridie
2805 5417 2940 5484 post
2985 5407 3403 5465 salutationem
3454 5408 3513 5459 et
3560 5402 3781 5459 adora-

2124 5509 2369 5576 tionem,
2404 5504 2671 5561 humeris
2711 5502 2835 5558 suis
2861 5499 3159 5555 sublatam
3195 5496 3514 5567 imaginem
3558 5493 3775 5547 Christi

2121 5602 2390 5654 summus
2440 5593 2705 5666 pontifex
2756 5587 3230 5659 Theophylactus
3289 5590 3346 5639 et
3395 5582 3772 5654 imperatoris

2122 5687 2230 5743 ﬁlii
2262 5687 2467 5758 (senex
2499 5682 2660 5736 enim
2682 5677 3092 5734 imbecillitate
3122 5673 3524 5743 detlnebatur)
3543 5688 3612 5727 ac
3632 5688 3777 5743 prmo

2124 5784 2283 5832 terea
2313 5778 2619 5831 senatores
2662 5780 2871 5825 omnes
2919 5783 3053 5822 cum
3101 5766 3371 5821 universa
3422 5762 3775 5817 ecclesiasti-
