4154 6410
396 392 511 454 351

1762 389 2076 454 GEORGII
2120 387 2463 449 CEDllENI

3707 392 3831 453 352

396 540 600 579 corum
629 524 822 594 turba,
842 543 958 596 quo
985 526 1155 581 decet
1185 528 1468 582 comitatu
1499 543 1686 598 usque
1719 525 1792 582 ad
1821 529 2055 598 portam

2179 517 2262 573 καὶ
2295 522 2613 594 περιχαρῶς
2645 515 2921 594 ὑπεδέχθη
2980 519 3070 574 καὶ
3128 523 3507 594 προσεκυνήθη
3569 521 3715 596 παρά
3767 542 3830 576 τε

401 615 658 668 Auream
692 613 1083 669 deduxerunt.
1119 614 1258 669 Inde
1289 615 1499 670 eodem
1531 615 1670 684 ritu,
1725 613 1971 686 psalmis
2004 617 2061 668 et

402 699 643 770 hymnis
672 701 978 771 adhibitis,
1011 703 1085 758 ad
1114 702 1313 757 nobile
1371 709 1430 758 et
1474 703 1797 759 maximum
1848 702 2060 757 divinas

400 789 706 859 sapientiaa
747 792 1030 862 templum
1064 791 1424 847 detulerunt.
1460 795 1669 848 Postea
1699 792 1772 847 ad
1804 792 2058 862 impera-

400 883 590 932 torem
623 879 1040 944 ascenderunt,
1069 886 1126 933 et
1185 880 1245 934 in
1303 882 1515 949 Pharo,
1569 899 1700 952 quae
1752 887 1842 936 est
1901 880 2058 934 aedes

401 966 547 1020 divas
582 967 854 1036 Virginis,
890 969 1288 1024 venerandam
1322 974 1500 1040 atque
1560 986 1790 1025 sacram
1840 967 2057 1024 Christi

401 1054 719 1126 imaginem
763 1056 912 1112 3I5
948 1056 1374 1128 deposuerunt,
1401 1075 1681 1132 magnum
1711 1057 2059 1130 praasidium

399 1143 616 1213 regina:
653 1143 893 1199 urbium
925 1145 1090 1200 urbis
1137 1153 1194 1200 et
1243 1148 1510 1202 omnium
1560 1147 2054 1202 Christianorum.

399 1234 581 1300 Atque
613 1231 742 1286 haec
774 1234 1015 1302 quidem
1051 1235 1360 1292 hactenus.
1387 1237 1500 1291 Nos
1521 1235 1596 1291 ad
1626 1236 1891 1290 historia!
1921 1251 2058 1289 con-

399 1319 792 1376 tinuationem
825 1328 1212 1378 revertamur.

397 1404 637 1481 ψαλμῶν
697 1408 788 1462 καὶ
848 1410 1036 1482 ὓμνων
1093 1407 1394 1467 κατέλαϐον
1446 1412 1538 1467 τὸν
1611 1413 1958 1486 περιώνυμον

2057 1407 2310 1483 μέγιστον

2169 612 2275 662 τῶν
2313 603 2582 682 βασιλέων
2615 609 2702 662 καὶ
2736 612 2844 663 τῶν
2879 607 2929 662 έν
2958 606 3102 663 τέλει
3142 609 3233 664 καὶ
3264 615 3370 664 τῶν
3423 608 3635 664 λοιπῶν
3693 611 3831 665 πάν-

2168 716 2297 752 των.
2330 700 2411 770 Τῇ
2443 693 2501 751 δὲ
2553 696 2811 772 ἐπαύριον
2884 698 3021 770 μετὰ
3076 699 3167 754 τὸν
3207 697 3492 773 ἆσπαομὸν
3561 703 3674 772 (30)
3739 699 3834 754 καὶ

2169 787 2268 854 τήν
2317 785 2686 861 προσκύνησιν
2743 787 3003 862 ἀράμενοι
3069 789 3168 857 τήν
3208 792 3306 844 τοῦ
3359 789 3596 864 Χριστοῦ
3644 787 3834 844 εἰκόνα

2170 874 2257 930 ἐπὶ
2299 880 2407 931 τῶν
2435 873 2604 950 ὤμων
2652 877 2680 931 ’ὀ
2743 897 2802 932 τε
2858 876 3147 956 ἀρχιερεὺς
3189 877 3570 957 Θεοφύλακτος
3625 878 3718 933 καὶ
3773 880 3829 933 οἱ

2167 965 2444 1034 νεάζοντες
2478 962 2724 1040 βασιλεῖς
2779 967 2828 1037 (6
2886 968 2990 1044 γὰρ
3049 967 3228 1042 γέρων
3285 964 3356 1021 δι’
3393 967 3668 1022 ἀσθένειαν
3728 966 3828 1022 ἀπ-

2167 1052 2634 1127 ελείπετο),άλλᾶ
2669 1054 2760 1109 καὶ
2821 1057 2871 1108 οἱ
2928 1063 3029 1124 τῆς
3079 1057 3365 1131 γερουσίας
3418 1057 3648 1118 ἅπαντες
3697 1056 3838 1129 μετὰ

2166 1141 2365 1204 παντὸς
2407 1147 2506 1197 τοῦ
2563 1149 2665 1211 τῆς
2705 1144 3040 1214 Ἐκκλησίας
3085 1143 3486 1219 πληρώματος,
3537 1151 3606 1220 τῇ
3662 1165 3832 1220 προσ-

2165 1230 2374 1304 ηκούσῃ
2420 1228 2722 1310 δορυφορίᾳ
2779 1231 3138 1307 παρέπεμπον
3183 1233 3350 1312 μέχρι
3408 1241 3507 1303 τῆς
3564 1233 3834 1310 χρυσείας

2164 1319 2397 1394 πόρτης.
2448 1321 2707 1376 Κάκεῖθεν
2741 1320 2908 1377 πάλιν
2954 1318 3363 1397 ἀναλαϐόμενοι
3415 1323 3626 1396 ὁμοίως
3692 1323 3832 1396 μετὰ

2401 1409 2524 1463 ναὸν
2603 1416 2704 1479 τῆς
2783 1411 2990 1484 Ἀγίας.
3054 1412 3181 1466 Είτα
3265 1410 3500 1482 ἀνῆλθον
3581 1411 3655 1473 εἰς
3731 1412 3837 1465 τὸν

418 1494 670 1564 βασιλέα,
728 1497 820 1551 καὶ
877 1497 928 1552 ἐν
985 1503 1064 1571 τῷ
1123 1501 1439 1575 Θεομητρὸς
1498 1503 1612 1572 ναῷ
1688 1499 1856 1574 Φάρῳ
1927 1495 2210 1560 κατέθεντο
2288 1499 2350 1552 τὸ
2421 1499 2610 1572 τίμιον
2683 1501 2776 1554 καὶ
2853 1498 3004 1576 ἂγιον
3082 1499 3382 1574 ἐκτύπωμα
3450 1505 3546 1555 τοῦ
3627 1496 3833 1574 Κυρίου

400 1586 564 1656 ἡμῶν
616 1585 798 1654 Ἰησοῦ
852 1587 1111 1662 Χριστοῦ,
1168 1589 1242 1650 εἷς
1297 1587 1674 1666 φυλακτήριον
1739 1587 1994 1664 μέγιστον
2049 1593 2148 1655 τῆς
2210 1585 2494 1662 βασιλίδος
2549 1592 2656 1643 τῶν
2715 1588 2932 1644 πόλεων
2993 1590 3085 1644 καὶ
3141 1591 3358 1644 πάντων
3412 1595 3519 1644 τῶν
3577 1595 3839 1664 Χριστια-

396 1678 528 1728 νῶν.
563 1674 664 1730 Καὶ
689 1680 860 1731 ταῦτα
893 1677 988 1749 μὲν
1018 1677 1218 1747 οὕτως,
1249 1679 1418 1734 πάλιν
1447 1676 1505 1734 δὲ
1534 1684 1634 1748 τῆς
1663 1682 1770 1732 τῶν
1800 1679 2054 1752 ἱστοριῶν
2087 1675 2417 1738 ἀκολουθίας
2449 1675 2695 1750 ἑξόμεθα,

471 1765 614 1819 Nato
646 1765 901 1835 Christo,
942 1768 1141 1823 statim
1199 1772 1496 1840 Augustus
1543 1770 1744 1824 omnia
1784 1769 1844 1822 in
1891 1783 2060 1822 suam

401 1852 631 1925 redegit
690 1861 1065 1926 potestatem,
1119 1875 1187 1913 ac
1230 1859 1744 1914 dominationibus
1793 1857 2059 1930 gentium

400 1942 715 2013 regnisque
749 1945 1203 2015 particularibus
1263 1948 1496 2003 abolitis
1552 1947 1756 2003 omnia
1800 1947 2061 2002 Romano

405 2029 656 2102 imperio
687 2034 962 2105 subjecit.
1016 2037 1102 2090 Ita
1163 2043 1286 2092 tum
1337 2055 1574 2093 summa
1626 2054 1737 2109 pax
1790 2037 2070 2091 obtinuit-

405 2121 632 2192 Quippe
658 2123 779 2177 Deo
803 2140 928 2178 rem
961 2127 1289 2181 Romanam
1321 2127 1641 2198 adjuvante
1676 2127 1878 2180 hostes
1909 2131 2074 2196 terga

407 2213 734 2274 verterunt,
763 2218 824 2265 et
852 2228 1035 2285 regna
1064 2214 1295 2283 pridem
1341 2215 1587 2270 adversa
1637 2221 1760 2269 tum
1816 2214 2073 2268 cervices

408 2296 806 2352 subdiderunt
828 2300 974 2371 jugo
1006 2301 1273 2357 salutari.
1316 2305 1462 2358 Nam
1512 2305 1664 2358 Deus
1711 2302 1954 2356 veritate
2003 2308 2061 2355 et

409 2401 607 2440 rerum
653 2387 916 2456 ipsarum
977 2391 1316 2446 testimonio
1358 2397 1639 2462 tanquam
1688 2408 1826 2446 voce
1864 2396 2062 2462 utens,

407 2493 576 2530 suam
603 2483 740 2532 tunc
767 2479 1139 2551 majestatem
1166 2481 1609 2538 demonstravit.
1631 2482 1888 2537 Proinde
1916 2483 2068 2536 Deus

407 2566 746 2622 Judmorum
782 2571 1117 2626 vecordiam
1149 2573 1482 2643 praevidens
1511 2589 1617 2644 per
1647 2579 1837 2628 vatem
1868 2573 1950 2627 ita
1981 2589 2042 2626 es

409 2657 796 2712 vaticinatus:
824 2681 848 2707 «
878 2659 1114 2714 Cessate
1139 2667 1197 2715 et
1218 2663 1552 2732 cognoscite
1583 2679 1675 2715 me
1709 2678 1840 2715 esse
1863 2663 2074 2728 Deum,

407 2745 508 2814 qui
542 2751 598 2799 et
633 2747 798 2800 inter
826 2755 1032 2816 gentes
1065 2755 1122 2803 et
1155 2749 1212 2804 in
1248 2757 1400 2804 terra
1452 2750 1775 2806 exaltabor.
1814 2771 1840 2798 ››
1896 2749 2078 2804 Nobis

419 2839 616 2888 autem
650 2835 993 2907 signiﬁcans
1026 2839 1298 2907 quisnam
1334 2839 1427 2894 ille
1460 2841 1556 2905 sit,
1592 2857 1658 2893 ac
1681 2839 1850 2909 quasi
1883 2845 2078 2909 gratu-

416 2921 544 2977 lans
578 2924 754 2978 nobis
779 2931 960 2992 vales,
995 2948 1022 2974 ‹‹
1049 2927 1224 2992 Deus,
1250 2928 1465 2998 inquit,
1493 2928 1858 2982 exercituum
1887 2928 2071 2982 Domi-

413 3028 545 3079 nus,
579 3014 914 3084 apartibus
973 3017 1192 3070 nostris
1252 3023 1379 3070 est:
1437 3017 1832 3088 patrocinium
1888 3017 2074 3071 nostri

411 3102 661 3173 suscipit
686 3104 837 3158 Deus
861 3105 1083 3161 Jacobi.
1110 3128 1137 3156 ι)
1169 3107 1370 3178 Neque
1395 3124 1529 3162 vero
1553 3108 1744 3162 otiosa
1766 3113 1857 3161 est
1875 3092 2074 3161 Jacobi

417 3192 663 3258 mentio,
697 3192 800 3247 sed
825 3193 957 3248 ideo
989 3193 1143 3250 facta
1175 3197 1333 3266 quod
1358 3197 1408 3250 is
1430 3196 1656 3267 primus
1681 3195 1751 3250 de
1769 3195 2091 3258 vocatione,

2240 1767 2353 1822 Τοῦ
2386 1763 2443 1820 δὲ
2500 1773 2698 1842 Κυριου
2758 1770 2924 1840 ἡμῶν
2968 1768 3155 1839 Ἰησοῦ
3198 1773 3444 1844 Χριστοῦ
3483 1769 3620 1823 κατὰ
3657 1770 3838 1843 σάρκα

2171 1853 2458 1929 τεχθέντος
2515 1854 2670 1917 εὐθὺς
2727 1855 3042 1931 Αὔγουστος
3120 1862 3333 1932 Καῖσαρ
3391 1857 3656 1930 ἐκράτησε
3706 1856 3841 1911 πάν-

2173 1962 2302 2010 των,
2342 1943 2558 2005 καὶτὰς
2590 1943 2881 2019 ἐθναρχίας
2913 1946 3086 2006 πάσας
3133 1946 3220 2000 καὶ
3275 1947 3501 2019 μερικας
3553 1943 3840 2020 βασιλείας

2173 2030 2482 2095 καταλύσας
2546 2038 2666 2097 τοῖς
2727 2033 3014 2106 Ῥωμαίων
3087 2032 3224 2104 οἳαξι
3310 2034 3513 2096 πάντας
3585 2033 3836 2104 ὑπέταξε,

2177 2121 2266 2176 καὶ
2303 2121 2491 2196 βαθεῖα
2530 2120 2721 2197 είρήνη
2761 2127 3043 2199 πανταχοῦ
3097 2125 3305 2200 γέγονε·
3362 2127 3465 2190 τῆς
3522 2124 3629 2198 γὰρ
3687 2123 3836 2186 θείας

2184 2213 2441 2289 βοηθείας
2481 2213 2834 2291 ἐπιφανείσης
2883 2219 3026 2270 νῶτα
3082 2213 3376 2272 δεδώκασιν
3438 2215 3490 2270 οἱ
3547 2213 3838 2289 πολέμιοι,

2182 2303 2270 2357 καὶ
2302 2306 2356 2358 αἱ
2387 2301 2556 2358 πάλαι
2579 2305 2832 2360 τάναντία
2863 2310 3163 2384 ιρρονοῦσαι
3216 2303 3490 2380 βασιλεῖαι
3545 2303 3839 2360 ὑπέκλιναν

2182 2392 2272 2446 τὸν
2305 2393 2509 2467 αὐχένα
2537 2393 2623 2448 καὶ
2657 2394 2750 2447 τὸν
2818 2397 3086 2469 σωνήριον
3148 2396 3308 2469 ζυγὸν
3363 2391 3705 2465 ὑπεδέξαντο.
3758 2397 3838 2466 Τῇ

2182 2482 2287 2556 γὰρ
2317 2481 2547 2554 ἀληθείᾳ
2576 2484 2665 2538 καὶ
2692 2487 2761 2556 τῇ
2810 2487 2920 2538 τῶν
2988 2485 3331 2559 πραγμάτων
3393 2485 3660 2559 μαρτυρίᾳ
3718 2484 3834 2538 οἶόν

2181 2593 2289 2627 τινι
2321 2577 2476 2651 φωνῇ
2531 2573 2882 2646 χρησάμενος
2925 2575 2952 2628 6
2994 2573 3123 2634 Θεὸς
3190 2573 3254 2627 τὸ
3305 2573 3504 2628 οἰκεῖον
3548 2573 3684 2647 ὕψος
3733 2574 3834 2629 ὑπ-

2183 2658 2364 2730 έδειξε.
2402 2658 2680 2734 Προειδὼς
2710 2663 2891 2716 τοίνυν
2923 2663 2950 2716 ὁ
2983 2663 3113 2724 Θεὸς
3141 2663 3240 2730 τήν
3276 2658 3553 2718 Ἰουδαίων
3577 2661 3836 2717 ἀπόνοιαν

2181 2748 2282 2828 ἔφη
2317 2747 2406 2803 διὰ
2433 2749 2530 2802 τοῦ
2561 2751 2872 2823 προφήτου·
2933 2773 2956 2802 ιι
2986 2747 3335 2824 Σχολᾶσατε,
3393 2750 3482 2803 καὶ
3533 2755 3708 2824 γνῶτε
3749 2749 3834 2805 ὅτι

2182 2837 2288 2915 ἐγώ
2347 2837 2463 2912 εἶμι
2519 2839 2547 2892 6
2606 2839 2758 2900 Θεός·
2844 2839 3210 2913 ὑψωθήσομαι
3295 2838 3348 2894 ἐν
3414 2844 3532 2900 τοῖς
3603 2834 3821 2910 ἔθνεσιν,

2185 2929 2548 3002 ὑψωθήσομαι
2580 2926 2632 2982 ἐν
2689 2931 2760 2999 τῇ
2815 2931 2908 3002 γῇ.
2958 2951 2984 2979 n
3043 2929 3204 3000 Ὴμῖν
3243 2925 3299 2982 δὲ
3353 2924 3686 3003 παραδηλῶν
3737 2927 3820 2988 τίς

2183 3017 2341 3078 οὗτός
2401 3015 2536 3085 ἐστι,
2586 3017 2674 3071 καὶ
2728 3015 2913 3092 ὥσπερ
3005 3017 3526 3096 συνευφραινόμενιις
3619 3016 3826 3090 ἰπάγει’

2183 3131 2210 3157 ‹‹
2272 3106 2478 3181 Κύριος
2542 3109 2652 3161 τῶν
2711 3102 2991 3178 δυνάμεων
3055 3109 3172 3178 μεθ’
3240 3108 3420 3178 ἡμῶν,
3480 3103 3832 3180 ἀντιλήπτωρ

2183 3197 2344 3268 ἡμῶν
2378 3195 2406 3249 6
2439 3196 2566 3257 Θεὸς
2601 3190 2818 3251 Ἰακὼϐ.
2871 3219 2897 3246 ››
2938 3199 3048 3252 Τοῦ
3098 3193 3155 3250 δὲ
3213 3189 3408 3251 Ἰακὼϐ
3447 3197 3546 3266 τήν
3607 3198 3834 3267 μνήμην

412 3281 678 3350 gentium
713 3288 802 3336 est
831 3283 1202 3339 vaticinatus.
1239 3285 1428 3339 Verba
1473 3285 1600 3356 ejus
1655 3290 1792 3339 sunt
1821 3301 1834 3338 :
1882 3306 1908 3332 α
1942 3285 2065 3338 Non

2179 3267 2288 3359 οὐχ
2323 3282 2513 3346 ἁπλῶς
2567 3283 2888 3354 ἐποιήσατο·
2949 3282 3079 3340 ἀλλ’
3129 3282 3314 3354 ἐπειδὴ
3377 3285 3592 3360 πρῶτος
3632 3284 3836 3346 ἐκεῖνος

411 3371 602 3425 deerit
629 3371 906 3443 princeps
923 3373 1072 3428 Juda
1098 3373 1408 3439 oriundus,
1445 3373 1634 3430 donec
1667 3373 1715 3427 is
1746 3372 1943 3427 veniat
1971 3373 2063 3426 cui

411 3458 672 3528 reposita
705 3463 793 3512 est
811 3476 1044 3514 summa
1074 3477 1306 3515 rerum:
1333 3461 1382 3515 is
1401 3461 1512 3516 erit
1539 3477 1672 3532 spes
1685 3461 1949 3534 gentium
1963 3459 2066 3514 ⁸⁷.»

407 3548 612 3614 Itaque
651 3545 901 3602 Davidus
921 3548 1048 3618 jam
1073 3554 1196 3603 tum
1227 3550 1618 3604 mutationem
1639 3550 1904 3622 gentium
1925 3567 2070 3620 pra:-

410 3634 638 3703 dicens,
673 3637 1096 3691 convenienter
1152 3638 1235 3691 ait
1285 3638 1471 3692 Deum
1523 3639 1744 3702 Jacobi,
1799 3638 1898 3708 qui
1958 3639 2072 3694 ista

411 3723 523 3776 fuit
555 3722 928 3791 vaticinatus,
970 3742 1094 3779 rem
1129 3726 1411 3797 prmclare
1443 3727 1718 3798 gessisse.
1781 3729 2070 3782 Caeterum

417 3828 574 3866 anno
598 3812 764 3883 regni
788 3815 1032 3884 Augusti
1065 3816 1154 3878 48,
1190 3831 1347 3869 anno
1376 3816 1579 3869 mundi
1605 3819 1744 3870 5506
1772 3832 2067 3870 annorum

421 3901 914 3956 Antiochensium
947 3903 1101 3958 816
1131 3920 1418 3959 numerus
1449 3905 1640 3975 coepit.
1690 3906 1951 3976 Cumque
2001 3921 2070 3958 eo

414 3996 685 4062 tempore
715 3991 974 4046 Herodes
1005 3992 1340 4064 alienigena
1367 3993 1704 4048 Judaaorum
1761 4011 1864 4048 rex
1915 3999 2073 4048 esset

412 4081 748 4136 declaratus
777 4088 916 4138 nato
952 4082 1200 4138 Domino
1233 4089 1437 4138 nostro
1468 4084 1605 4138 Jesu
1634 4084 1864 4138 Christo
1897 4087 2070 4139 Hero-

409 4170 633 4241 desque
665 4171 843 4227 vitam
876 4172 1093 4228 misere
1125 4190 1258 4228 cum
1283 4180 1472 4229 morte
1495 4175 2067 4240 commutasset,im-

411 4259 636 4330 pletum
670 4266 759 4315 est
799 4259 946 4315 illud
980 4263 1310 4328 oraculum,
1343 4281 1460 4333 quo
1495 4281 1612 4318 non
1647 4269 1785 4317 ante
1835 4263 2072 4318 defutu-

410 4366 544 4404 rum
572 4350 902 4420 principem
931 4351 1132 4421 populi
1161 4353 1311 4407 Juda
1343 4359 1714 4424 procreatum
1739 4352 2071 4418 dicebatur,

415 4455 594 4508 quam
627 4439 677 4492 is
707 4440 800 4493 cui
836 4441 1098 4510 reposita
1128 4447 1254 4494 erat
1309 4458 1547 4496 summa
1593 4457 1817 4506 rerum,
1878 4441 1938 4496 id
1986 4446 2075 4496 est

413 4528 702 4595 Christus,
738 4534 1108 4582 nasceretur.
1134 4529 1379 4594 Quando
1409 4530 1564 4584 enim
1585 4530 1842 4584 Herodes
1863 4530 2074 4586 alieni-

2173 3374 2276 3442 τήν
2311 3378 2418 3428 τῶν
2480 3372 2646 3436 ἐθνῶν
2703 3374 3063 3446 προεθέσπισε
3109 3381 3324 3442 κλῆσινθ
3360 3398 3388 3424 ‹‹
3431 3374 3549 3430 Οὐκ
3595 3372 3840 3448 ἐκλείψει

2176 3464 2306 3538 γὰρ,
2347 3462 2535 3542 φησὶν,
2566 3460 2752 3538 ἄρχων
2785 3462 2836 3532 ἐξ
2868 3459 3062 3530 Ἰούδα,
3095 3461 3198 3524 ἓως
3229 3463 3288 3517 ἄν
3327 3458 3478 3518 ἔλθοι
3533 3463 3562 3517 ὃ
3609 3461 3834 3518 ἀπόκει-

2175 3571 2290 3621 ται,
2327 3556 2418 3606 καί
2451 3551 2614 3612 αὐτὸς
2668 3547 2978 3624 προσδοκία
3043 3549 3231 3622 ἐθνῶν,
3285 3576 3312 3601 ι»
3365 3553 3461 3620 τὴν
3522 3547 3838 3624 μεταϐολὴν

2176 3643 2282 3694 τῶν
2344 3639 2510 3703 ἐθνῶν
2579 3641 2850 3694 κάνταῦθα
2907 3640 3245 3713 προσπίζων,
3307 3639 3530 3702 εἰκότως
3587 3641 3682 3695 τὸν
3739 3645 3836 3695 τοῦ

2179 3722 2376 3784 Ἰακὼϐ
2409 3729 2538 3783 Θεὸν
2569 3733 2667 3782 τοῦ
2707 3732 2878 3782 ταῦτα
2929 3727 3326 3802 προειρηκότος
3380 3725 3482 3802 ἔφη
3538 3732 3834 3803 κατωρθω-

2179 3819 2346 3874 κέναι.
2380 3821 2696 3893 Τοιγαροῦν
2727 3816 2778 3872 ἐν
2802 3821 2880 3890 τῷ
2925 3818 3016 3893 μβ“
3045 3824 3148 3887 τῆς
3180 3816 3493 3893 Αὐγούστου
3554 3817 3834 3892 βασιλείας

2179 3908 2232 3963 έν
2263 3912 2343 3980 τῷ
2373 3908 2500 3983 ,εφξ
2539 3904 2646 3962 ἔτει
2677 3907 2784 3962 ἀπὸ
2823 3907 3052 3968 κτίσεως
3105 3907 3340 3981 κόσμου,
3393 3909 3607 3983 ἢρχθη,
3639 3909 3667 3962 ὸ
3697 3907 3836 3963 κατᾶ

2177 3995 2520 4070 Ἀντιόχειαν
2581 4001 2692 4050 τῶν
2752 3993 2884 4049 ἐτῶν
2948 3994 3207 4069 ἀριθμός.
3269 3995 3373 4052 Καὶ
3430 3993 3684 4072 Ἡρώδης
3739 3997 3834 4067 μὲν

2179 4085 2228 4155 ἐξ
2263 4084 2426 4139 ἐθνῶν
2458 4082 2566 4154 ἤδη
2605 4082 2861 4160 βασιλεὺς
2899 4091 3000 4152 τῆς
3043 4082 3304 4146 Ἰουδαίας
3371 4084 3836 4160 ἀνηγορευμένος,

2177 4175 2268 4232 καὶ
2307 4178 2404 4229 τοῦ
2464 4173 2668 4248 Κυρίου
2735 4175 2895 4246 ἡμῶν
2953 4175 3132 4244 Ἰησοῦ
3185 4179 3426 4250 Χριστοῦ
3475 4177 3611 4230 κατὰ
3667 4176 3840 4249 σάρκα

2177 4264 2548 4339 γεννηθέντος,
2576 4261 2666 4316 καὶ
2699 4265 2795 4316 τοῦ
2829 4259 3079 4336 Ἡρώδου
3127 4267 3310 4324 κακῶς
3357 4263 3450 4318 τίιν
3501 4263 3620 4337 βίον
3674 4262 3836 4318 διαλ-

2181 4353 2467 4424 λάξαντος,
2500 4349 2864 4425 πεπλήρωται
2909 4353 2993 4411 τὸ.
3037 4378 3063 4403 α
3099 4353 3216 4410 Οὐκ
3272 4356 3354 4426 [Ρ.
3421 4355 3541 4426 180]
3592 4351 3834 4426 ἐκλείψει

2182 4443 2370 4520 ἃρχων
2413 4441 2465 4512 ἐξ
2507 4437 2686 4496 Ἰούδα
2735 4436 2841 4502 ἕως
2894 4440 2953 4494 ἂν
2991 4435 3122 4515 ἔλθῃ
3153 4441 3183 4495 ὅ
3222 4440 3526 4509 ἀπόκειται,
3579 4442 3640 4502 ὅς
3689 4441 3835 4496 ἐστιν

2183 4535 2211 4589 ὁ
2237 4531 2492 4600 Χριστός.
2529 4555 2557 4582 ››
2615 4527 2840 4598 Ἐπειδὴ
2883 4533 2986 4608 γὰρ
3027 4531 3188 4593 αὐτὸς
3228 4531 3255 4584 6
3292 4528 3538 4606 Ἡρώδης
3582 4527 3836 4608 ἀλλόφυ-

305 4631 315 4640 ·
380 4657 392 4664 .
413 4632 566 4687 gena
595 4616 791 4685 posito
823 4616 1113 4686 praeputio
1145 4632 1395 4687 regnum
1429 4617 1490 4671 in
1521 4617 1756 4672 Iudaeos
1789 4617 2066 4687 obtinuit,

2185 4623 2282 4684 λος
2312 4619 2388 4674 ὢν
2419 4619 2774 4694 περιτμηθεὶς
2813 4619 2944 4695 ἦρξε
2993 4624 3101 4674 τῶν
3164 4616 3440 4676 Ἰουδαίων
3495 4619 3584 4674 καὶ
3641 4621 3841 4696 ἀρχιε-

416 4710 476 4760 et
503 4703 823 4758 Ananilnm
845 4704 1241 4776 alienigenam
1269 4706 1618 4776 pontiﬁcatu
1642 4707 1901 4762 maximo
1927 4709 2072 4763 ειπε-

414 4793 512 4862 rit,
573 4791 770 4847 statim
819 4793 1132 4847 Judaicum
1184 4795 1524 4865 imperium,
1577 4795 1732 4866 quod
1785 4796 2074 4852 hactenus

413 4882 776 4944 obtinuerat,
833 4880 1070 4935 finitum
1121 4881 1252 4936 fuit.
1303 4883 1532 4937 Etenim
1599 4885 1936 4940 sacerdotes
1987 4886 2075 4940 rei

413 4969 666 5042 publica)
699 4968 1082 5040 praefuerant,
1110 4970 1300 5026 donec
1326 4973 1642 5043 Pompeius
1668 4975 2076 5030 Romanorum

411 5060 529 5116 dux
564 5059 986 5130 Hierosolymis
1013 5060 1369 5130 expugnatis
1403 5063 1692 5133 templum
1729 5063 1959 5134 polluit,
2010 5081 2077 5119 ac

415 5151 846 5214 Aristobulum.
881 5153 980 5222 qui
1015 5169 1082 5206 eo
1111 5168 1299 5222 usque
1331 5169 1578 5224 regnum
1599 5153 1770 5224 juxta
1800 5171 1866 5209 ac
1890 5157 2081 5226 ponti‘

419 5242 657 5297 ﬁcatum
681 5259 714 5296 ιι
746 5241 1074 5313 majoribus
1107 5259 1214 5312 per
1235 5243 1674 5298 successionem
1697 5250 2083 5316 acceptages-

413 5337 589 5397 serat,
626 5331 883 5386 vinctum
921 5333 1168 5386 Romam
1202 5331 1390 5396 misit,
1425 5348 1492 5386 ac
1553 5332 1836 5403 populum
1881 5333 2076 5388 Judai-

480 5429 525 5463 ⁸⁷
559 5432 698 5485 Gen.
725 5448 884 5504 σωκ,
922 5433 1003 5486 10.

2183 4711 2278 4788 ρέα
2306 4710 2630 4779 κατέστησεν
2663 4706 2938 4782 ἀλλογενῆ
2972 4709 3063 4763 τὸν
3092 4709 3398 4775 ἈνάνιΛον,
3431 4709 3586 4773 εὐθὺς
3629 4709 3836 4781 ἐπαύθη

2183 4800 2320 4855 κατᾶ
2345 4799 2444 4865 τήν
2479 4797 2626 4860 θείαν
2685 4795 2988 4872 πρόῤῥησιν
3043 4799 3078 4866 ἡ
3114 4796 3164 4870 ἐξ
3225 4794 3403 4852 Ἰούδα
3455 4798 3602 4873 ἀρχὴ
3665 4799 3840 4872 μέχρι

2183 4890 2305 4944 τότε
2337 4889 2668 4962 κρατήσασα.
2731 4887 2799 4943 Οἱ
2839 4887 2943 4960 γὰρ
2999 4887 3164 4961 ἱερεῖς
3233 4889 3679 4961 προειστήκεισαν
3728 4892 3842 4942 τῶν

2186 4977 2547 5054 πραγμάτων,
2580 4977 2744 5052 ἄχρις
2778 4974 2840 5030 οὗ
2876 4978 3168 5048 Πομπήϊος
3224 4977 3252 5030 6
3305 4975 3593 5048 Ῥωμαίων
3644 4997 3842 5052 στρατ-

2186 5067 2319 5143 ηγὸς
2406 5065 2626 5128 ἐπιστὰς
2705 5066 2803 5134 τὴν
2869 5065 2964 5136 μὶν
3033 5063 3403 5138 Ἰερουσαλὴμ
3459 5065 3595 5120 κατᾶ
3645 5067 3846 5137 κράτος

2188 5155 2500 5230 πολιορκεῖ,
2547 5155 2742 5228 μιαίνει
2773 5151 2830 5210 δὲ
2857 5154 2923 5208 τὰ
2951 5152 3096 5228 ἅγια,
3127 5155 3219 5208 τὸν
3275 5151 3333 5208 δὲ
3383 5153 3442 5208 ἐκ
3482 5161 3580 5223 τῆς
3634 5156 3846 5236 προγό-

2191 5267 2296 5300 νων
2330 5241 2599 5320 διαδοχῆς
2642 5242 2838 5319 μέχρις
2877 5241 3081 5297 ἐκείνου
3112 5245 3209 5298 τοῦ
3254 5247 3447 5316 καιροῦ
3492 5241 3848 5320 διαρκέσαντα

2198 5332 2429 5407 βασιλέα
2458 5353 2516 5388 τε
2547 5334 2691 5404 ὁμοῦ
2716 5333 2804 5386 καὶ
2836 5331 3096 5406 ἀρχιερέα
3136 5327 3562 5405 Ἀριστόϐουλον
3620 5331 3848 5406 δέσμιον

1612 5547 1982 5603 XYLANDRI
2016 5519 2102 5604 ar
2141 5551 2357 5606 GOARI
2397 5551 2624 5605 more.

493 5632 968 5711 (30L'Acnaaudz.
1001 5635 1101 5690 ubi
1131 5635 1421 5711 desacris
1467 5635 1830 5711 imaginibus
1880 5643 1968 5692 est
2016 5655 2234 5706 sermo,
2295 5639 2564 5695 osculum
2617 5639 2794 5693 etiam
2846 5639 2958 5693 sibi
3017 5639 3402 5711 conjunctum
3451 5641 3694 5711 expetit.
3747 5640 3844 5695 0f-

425 5702 558 5756 ﬁcia
587 5702 922 5761 Grazcorum
959 5707 1255 5762 sexcentis
1285 5707 1346 5760 in
1377 5707 1544 5762 locis.
1579 5702 1752 5762 ϐολῇ.
