4154 6406
347 327 472 389 353

341 463 436 520 ἐπὶ
466 462 694 534 Ῥώμην
724 455 1005 532 ἒκπιίμῲας
1059 457 1121 513 τὸ
1166 462 1270 513 πᾶν
1332 454 1612 514 Ἰουδαίων
1668 451 1820 518 ἔθνος
1875 457 2015 514 Ῥω-

350 551 540 627 μαίοις
577 550 854 626 ὑπόφορον
886 546 1201 617 κατέστησε.
1234 546 1339 604 Καὶ
1397 547 1544 602 οὕτω
1594 552 1813 621 πρῶτος
1842 544 2016 602 ἀλλό-

352 635 838 720 φυλοςἮρώδης,
867 637 942 697 ὡς
990 633 1143 713 ἔφην,
1195 640 1258 691 τὸ
1321 633 1583 692 Ἰουδαῖον
1638 630 1789 700 ἔθνος
1829 634 2014 712 ἐγχει-

356 732 589 807 ρίζεται.
650 728 783 785 Καθ’
859 726 917 781 ὃν
989 727 1176 802 καιρὸν
1269 725 1510 801 ἐναργῶς
1592 724 1693 792 τῆς
1780 726 2015 801 Χριστοῦ

354 817 659 896 παρουσίας
689 816 950 887 ἑνστάσης
1011 813 1260 886 ἐξέλιπον
1288 815 1340 870 οἱ
1371 818 1480 870 τῶν
1537 811 1813 871 Ἰουδαίων
1874 813 2015 891 ἀρχ-

354 913 523 984 ιερεῖς
550 907 641 961 καὶ
670 908 989 980 ἡγουμενοι.

425 995 712 1066 Γεννηθεὶς
759 995 942 1048 τοίνυν
1002 994 1031 1048 6
1087 992 1319 1068 Χριστὸς
1384 990 1496 1047 οὐδ’
1556 991 1717 1055 αὐτὸς
1771 990 1860 1046 ἐπὶ
1916 994 2017 1046 τοῦ

352 1086 624 1154 αίσθητοῦ
655 1083 849 1159 θρόνου
882 1076 1048 1137 Δαϐὶό
1107 1080 1370 1151 ἐκάθισεν,
1430 1079 1577 1137 ἀλλά
1626 1077 1821 1156 θρόνον
1872 1079 2017 1156 λέγει

357 1170 530 1233 Δαόὶδ
557 1174 659 1243 τὴν
714 1171 1062 1246 ἃκαθαίρετον
1112 1172 1202 1227 καὶ
1247 1172 1475 1227 αἰώνιον
1509 1169 1810 1246 βασιλείαν.
1842 1168 2019 1230 Αὐτὸς

355 1264 461 1340 γάρ
522 1264 635 1319 ἐστι
692 1258 994 1336 προσδοκία
1051 1259 1241 1332 ἐθνῶν,
1288 1261 1418 1340 οὐχὶ
1444 1264 1542 1316 τοῦ
1588 1259 1887 1335 ἐλαχίστου
1920 1260 2018 1332 μὲ-

358 1374 491 1429 ρους
549 1357 654 1418 τῆς
714 1351 1063 1423 οἰκουμένης.
1118 1374 1147 1403 ι(
1188 1355 1380 1407 ’Έσται
1430 1352 1555 1425 γὰρ,
1613 1350 1798 1430 φησὶν.
1829 1352 1864 1419 ἡ
1898 1348 2022 1422 ῥίζα

348 1448 452 1499 τοῦ
518 1441 713 1498 Ἰεσσαὶ
797 1438 886 1495 καί
944 1441 973 1494 6
1027 1439 1380 1513 ἀνιστάμενον
1437 1438 1630 1518 ἄρχειν
1688 1437 1876 1503 ἐθνῶν
1936 1436 2019 1492 ἐπ’

353 1532 509 1604 αὐτῷ
528 1529 657 1601 ἔθνη
707 1529 977 1585 ἐλπιοῦσι·
1014 1554 1043 1581 ››
1072 1529 1162 1583 καὶ
1194 1552 1223 1581 ‹‹
1254 1527 1479 1585 Τέθεικά
1508 1549 1566 1583 σε
1623 1528 1697 1591 εἰς
1755 1525 2018 1599 διαθήκην

356 1623 580 1700 γένους,
614 1622 694 1683 εἰς
727 1624 845 1694 φῶς
876 1619 1063 1684 ἐθνῶν·
1098 1643 1128 1671 ››
1160 1619 1250 1674 καὶ
1286 1643 1315 1673 ‹‹
1341 1621 1589 1692 ϐήσομαι
1621 1618 1696 1681 εἷς
1728 1620 1821 1674 τὸν
1854 1619 2025 1673 αἰῶνα

363 1715 467 1766 τοῦ
507 1709 710 1772 αἰῶνος
741 1708 804 1763 τὸ
844 1709 1059 1784 σπέρμα
1090 1707 1278 1777 αὐτοῦ,
1319 1708 1411 1763 καὶ
1467 1708 1561 1762 τὸν
1615 1707 1805 1783 θρόνον
1860 1707 2025 1762 αὐτοῦ

356 1799 568 1861 ὡς’τᾶς
596 1797 808 1872 ἡμέρας
832 1802 930 1853 τοῦ
960 1796 1209 1873 οὐρανοῦ.
1244 1820 1272 1849 »
1306 1797 1482 1861 Οὗτος
1511 1797 1602 1851 οὖν
1643 1797 1732 1852 καὶ
1771 1794 2025 1872 βασιλεὺς

352 1891 545 1958 πάσης
573 1895 674 1959 τῆς
699 1895 804 1965 γῆς
839 1884 1129 1961 διέμεινεν,
1161 1886 1212 1942 εἶ’
1239 1887 1329 1942 καὶ
1360 1889 1436 1960 μή
1496 1887 1563 1942 τὰ
1618 1891 1869 1962 σκῆπτρα
1921 1892 2023 1956 τῆς

353 1973 631 2037 Ἰουδαίας
687 1972 965 2050 παρέλαϐε
996 2020 1010 2044 ,
1064 1974 1153 2031 καὶ
1228 1972 1487 2051 βασίλεὺς
1530 1975 1708 2047 πάσης
1762 1982 1863 2045 τῆς
1918 1983 2023 2051 γῆς

360 2066 509 2121 ἔστιν
524 2067 552 2120 6
567 2065 720 2127 Θεός·
744 2064 849 2121 Καὶ
865 2066 900 2128 ἡ
917 2063 1198 2140 ἐλευθερία
1226 2068 1322 2119 τοῦ
1355 2060 1549 2120 Ἰακὼϐ
1581 2059 1910 2135 ἐϐεϐαιώθη,
1932 2064 2023 2119 καὶ

369 2152 800 2230 ὲνευλογήθησαν
833 2154 884 2208 ἐν
916 2159 996 2226 τῷ
1054 2152 1325 2227 σπέρματι
1379 2155 1548 2209 αὐτοῦ
1574 2159 1739 2209 πᾶσαι
1770 2155 1825 2209 αἱ
1855 2152 2023 2232 φυλαὶ

374 2245 482 2308 τῆς
512 2246 632 2315 γῆς,
659 2239 740 2294 καὶ
772 2238 948 2295 πάντα
975 2240 1043 2294 τά
1071 2233 1201 2309 ἔθνη
1252 2243 1578 2314 μακαριοῦσι
1634 2240 1725 2295 τὸν
1759 2240 2021 2314 Χριστόν.

450 2332 562 2384 ’Ἱνα
589 2326 644 2382 δὲ
686 2327 1006 2406 σαφεστερον
1062 2328 1287 2403 γένηται
1342 2332 1459 2391 πῶς
1497 2332 1532 2399 ἡ
1565 2330 1811 2404 ἰερατικὴ
1874 2327 2022 2407 φυλὴ

364 2416 535 2490 ἐμίγη
566 2421 634 2491 τῇ
687 2416 970 2492 βασιλικῇ,
1021 2415 1250 2491 λέξομεν
1301 2417 1498 2482 οὕτως.
1553 2419 1614 2476 Ὃ
1666 2420 1760 2491 μὲν
1818 2415 2022 2480 Ἰούδας

358 2506 622 2581 ἐγέννησε
663 2508 757 2563 τὸν
817 2509 990 2582 Φαρὲς
1048 2509 1075 2562 ὁ
1124 2506 1183 2563 δὲ
1240 2510 1414 2583 Φαρὲς
1468 2509 1560 2563 τὸν
1620 2510 1865 2584 Ἐσρὼμ,
1907 2510 1935 2562 6
1967 2505 2026 2563 δὲ

356 2597 593 2670 Ἑσρώμ
646 2597 737 2652 τὸν
794 2598 991 2671 Ἀρὰμ,
1053 2599 1081 2651 6
1141 2596 1200 2652 δὲ
1249 2598 1428 2671 Ἀρὰμ
1476 2598 1567 2653 τὸν
1624 2596 1962 2671 Ἀμιναδάμ,
1996 2598 2024 2651 ὁ

357 2682 419 2740 δὲ
455 2684 780 2759 Ἀμιναδὰμ
805 2687 901 2742 τὸν
950 2687 1203 2759 Νασσὼν,
1235 2686 1264 2740 ὁ
1297 2684 1352 2742 δὲ
1406 2687 1670 2744 Ναασσὼν
1727 2687 1818 2742 τὸν
1876 2686 2022 2743 Σαλ-

364 2776 508 2849 μὼν,
549 2777 578 2830 6
618 2774 677 2831 δὲ
709 2775 947 2849 Σαλμὼν
1002 2776 1095 2832 τὸν
1156 2776 1315 2846 Βόοζ,
1375 2776 1512 2846 Βόοζ
1564 2774 1622 2832 δὲ
1679 2776 1770 2832 τὸν
1831 2773 2021 2845 Ὠϐἠδ,

361 2859 539 2934 Ὠϐἧδ
570 2862 629 2920 δὲ
664 2865 757 2921 τὸν
814 2866 1029 2934 Ἰεσσαὶ,
1060 2867 1089 2919 6
1121 2863 1180 2922 δὲ
1239 2865 1431 2922 Ἰεσσαὶ
1489 2860 1655 2921 Δαϐἰδ
1713 2865 1805 2922 τόν
1869 2868 2022 2940 βασι-

356 2955 484 3015 λέα.
533 2956 690 3014 Ἐπεὶ
738 2957 832 3011 υῦν
878 2958 907 3011 6
963 2958 1190 3014 Ναασὼν
1239 2957 1357 3021 υἱὸς
1405 2958 1472 3027 ἧν
1529 2962 1626 3013 τοῦ
1683 2955 2023 3031 Ἀμιναδᾶμ,

357 3046 567 3102 τούτου
624 3046 724 3115 τήν
775 3043 1014 3114 ἀδελφὴν
1084 3043 1370 3103 Ἐλισάϐετ
1422 3047 1657 3122 ἠγάγετο
1720 3052 1949 3123 γυναῖκα
1995 3048 2022 3101 6

366 3134 545 3211 μέγας
599 3133 889 3211 ἀρχιερεὺς
946 3136 1161 3210 ’Λαρὼν
1198 3178 1212 3204 ,
1299 3133 1535 3214 ἀδελφὸς
1611 3136 1909 3202 Μωυσέως,
1966 3137 2027 3191 ἐκ

1503 322 2044 385 HISTORIABUM
2089 325 2648 392 COMPENDlUM.

2056 1854 2105 1919 B

3668 332 3786 395 354

2046 478 2100 545 Α
2131 475 2266 514 cum
2289 476 2530 518 omnem
2555 463 2827 520 homanis
2843 464 3300 537 stipendiarium
3322 468 3477 522 fecit.
3508 470 3585 523 Eo
3610 468 3786 525 modo

2126 547 2387 619 primum
2438 553 2653 608 Herodi
2713 553 3066 628 alienigenae
3124 555 3187 609 in
3243 556 3481 611 Judceos
3538 575 3787 631 regnum

2127 639 2513 695 commissum
2544 641 2694 708 fuit;
2727 660 2845 713 quo
2880 648 3150 714 tempore
3182 645 3492 715 perspicue
3524 646 3787 701 instante

2125 727 2340 783 Christi
2371 730 2647 797 adventu,
2678 732 3018 788 Iudaeorum
3047 737 3106 788 et
3129 733 3443 805 pontiﬁces
3474 739 3532 789 et
3566 735 3790 806 princi-

2128 832 2233 887 pes
2259 818 2588 874 desierunt.

2202 996 2382 1051 Natus
2412 996 2679 1053 Christus
2738 1015 2860 1053 non
2917 999 3135 1054 visibili
3167 999 3440 1055 Davidico
3491 1000 3641 1056 solio
3686 1019 3789 1056 rex

2130 1088 2416 1160 consedit,
2450 1089 2555 1144 sed
2588 1089 2804 1155 solium
2836 1091 3177 1146 Davidicum
3237 1092 3540 1163 Scriptura
3584 1093 3791 1165 appel-

2130 1177 2214 1233 lat
2244 1185 2535 1235 aeternum
2568 1186 2626 1236 et
2663 1180 3101 1236 indissolubile.
3136 1183 3266 1253 Ipse
3301 1183 3459 1237 enim
3492 1189 3581 1238 est
3611 1201 3789 1254 quem

2132 1273 2482 1339 exspectant
2500 1274 2726 1342 gentes,
2747 1288 2879 1342 quae
2900 1286 3020 1325 non
3039 1276 3179 1326 sunt
3200 1272 3452 1327 minima
3473 1290 3607 1344 pars
3630 1273 3791 1328 orbis

2132 1360 2449 1415 terrarum.
2479 1380 2508 1408 ‹‹
2530 1360 2655 1413 Erit
2684 1360 2868 1431 enim,
2896 1360 2997 1430 ait,
3020 1360 3196 1432 stirps
3215 1362 3416 1429 Jessm,
3450 1367 3507 1415 et
3528 1362 3576 1417 is
3595 1362 3695 1433 qui
3717 1361 3791 1417 ad

2135 1446 2454 1517 imperium
2487 1448 2546 1502 in
2567 1454 2776 1519 gentes
2825 1449 3154 1521 gerendum
3225 1450 3566 1517 exorietur;
3616 1452 3677 1505 in
3724 1469 3792 1505 eo

2133 1540 2340 1607 gentes
2366 1553 2533 1607 spem
2564 1543 2807 1608 ponent.
2843 1538 3020 1593 Posui
3055 1544 3109 1594 te
3142 1539 3203 1593 in
3234 1539 3424 1594 fmdns
3471 1541 3707 1612 generis
3738 1545 3800 1596 et

2137 1623 2341 1679 lumen
2366 1625 2515 1680 811
2547 1628 2834 1698 gentium.
2869 1629 2935 1682 In
2967 1629 3169 1683 omnia
3208 1629 3410 1684 secula
3460 1629 3794 1702 propagabo

2138 1712 2270 1783 ejus
2300 1714 2683 1784 progeniem;
2718 1732 2912 1787 neque
2944 1721 3082 1772 ante
3109 1716 3327 1772 solium
3383 1718 3513 1789 ejus
3566 1719 3796 1791 regium

2140 1818 2482 1857 successore
2515 1803 2742 1859 carebit
2769 1820 2948 1875 quam
2980 1805 3107 1860 dies
3138 1805 3286 1861 coelo
3316 1823 3439 1861 non
3484 1808 3730 1862 oriatur.
3768 1832 3795 1856 ››

2134 1892 2189 1945 Is
2220 1908 2364 1964 ergo
2397 1897 2456 1946 et
2483 1909 2588 1947 rex
2634 1893 2925 1948 universas
2982 1899 3153 1949 terra:
3208 1896 3554 1966 permansit,
3608 1913 3816 1967 quanr

2136 1996 2315 2052 quam
2337 1986 2571 2052 sceptra
2585 1983 2612 2035 ,Ι
2620 1981 2833 2038 udaica
2852 1999 2972 2037 non
2994 1984 3293 2055 acceperit
3316 2001 3330 2051 ;
3357 1989 3415 2038 et
3436 2001 3540 2039 rex
3562 1984 3798 2039 univer-

2135 2086 2213 2124 sas
2245 2075 2419 2124 terra;
2451 2075 2540 2125 est
2564 2071 2740 2134 Deus,
2793 2087 2860 2126 ac
2884 2071 3132 2127 libertas
3188 2071 3387 2127 Jacobi
3435 2072 3794 2129 conﬁrmata

2137 2159 2432 2229 est,inqne
2454 2158 2584 2230 ejus
2605 2159 2833 2215 semine
2849 2176 3058 2215 omnes
3077 2164 3247 2216 terra:
3271 2160 3460 2216 tribus
3480 2161 3667 2217 beata)
3686 2161 3806 2218 fac-

2137 2256 2210 2305 ιω
2237 2256 2394 2315 sunt,
2419 2267 2747 2323 omnesque
2766 2252 2971 2325 populi
3013 2253 3316 2309 Christum
3365 2253 3795 2325 praedicabunt.

2136 2341 2427 2396 Utautem
2468 2341 2845 2396 manifestius
2892 2342 2995 2397 ﬁat
3043 2342 3342 2413 quomodo
3404 2344 3791 2399 sacerdotalis

2138 2429 2326 2483 tribus
2348 2430 2640 2500 permixta
2668 2429 2849 2485 fuerit
2868 2448 3002 2486 cum
3026 2432 3208 2502 regia,
3242 2432 3326 2486 sic
3373 2448 3498 2486 rem
3546 2449 3801 2504 expone-

2137 2536 2272 2574 mus
2297 2519 2508 2584 ;Jndas
2539 2520 2860 2576 Pharezum
2878 2522 3229 2591 procreavit.
3254 2521 3395 2576 Inde
3427 2522 3635 2577 ordine
3659 2540 3799 2594 pro-

2136 2608 2298 2679 gnati
2319 2612 2459 2663 sunt
2474 2610 3517 2679 Esromus,Aramns,Aminodamus,
3539 2613 3804 2667 Naasson

2138 2695 2401 2759 Salmon,
2427 2697 2663 2763 Boozns,
2692 2696 2950 2764 Obedus,
2975 2699 3192 2766 Jessas,
3218 2715 3321 2753 rex
3347 2698 3617 2754 Davidus.
3648 2700 3805 2763 Quo-

2138 2786 2301 2840 niam
2327 2785 2505 2857 igitur
2535 2787 2797 2841 Naasson
2826 2784 2982 2842 ﬁlius
3025 2791 3152 2841 erat
3192 2787 3590 2857 Aminadami,
3620 2788 3800 2859 hujus

2140 2889 2404 2930 sororem
2490 2874 2844 2929 Elizabetam
2914 2881 3112 2931 Aaron
3170 2876 3438 2947 pontifex
3500 2875 3797 2932 maximus

2140 2979 2383 3019 uxorem
2416 2962 2602 3030 duxit,
2636 2964 2820 3019 frater
2871 2965 3067 3035 Mosis,
3118 2965 3276 3020 tribu
3311 2966 3528 3021 Levita.
3563 2966 3715 3030 Quin
3750 2969 3812 3020 et

2141 3053 2376 3109 divinus
2417 3053 2649 3121 Jodaas,
2709 3054 2975 3125 pontifex
3021 3060 3081 3109 et
3110 3056 3236 3126 ipse
3295 3056 3609 3123 maximus,
3644 3055 3804 3110 tribu

2143 3142 2359 3208 Levita,
2406 3142 2467 3197 in
2502 3143 2882 3197 matrimonio
2929 3143 3139 3198 habuit
3193 3160 3461 3199 sororem
3520 3144 3810 3213 Ochoziaa,

365 3227 557 3304 φυλῆς
604 3228 869 3302 ὑπάρχων
926 3230 1023 3281 τοῦ
1076 3226 1226 3282 Λευί.
1285 3225 1389 3283 Καὶ
1451 3225 1633 3299 μέντοι
1664 3226 1755 3282 καὶ
1785 3227 1814 3281 6
1844 3224 2033 3282 θεσπὲ-

2149 3230 2417 3287 Ιιιὰωεῑιι
2448 3231 2627 3296 tribu.
2654 3232 2918 3302 Cumque
2954 3232 3165 3287 exinde
3197 3232 3388 3287 tribus
3420 3232 3582 3304 regia
3628 3231 3811 3297 fuerit

365 3338 490 3380 σιος
567 3317 838 3392 ἱεράρχης
901 3313 1090 3374 Ἰωδαὲ
1123 3359 1138 3385 ,
1195 3313 1375 3394 φυλῆς
1427 3312 1501 3370 ὢν
1553 3323 1654 3386 τῆς
1717 3324 2029 3390 Λευῖτικῆς,

367 3406 618 3483 ἠγάγετο
647 3405 872 3481 γυναῖκα
899 3406 1001 3475 τὴν
1033 3401 1278 3479 ἀδελφὴν
1328 3404 1608 3480 Ὀχοζίου,
1635 3403 1818 3484 φυλῆς
1874 3403 2033 3460 οὖσαν

364 3499 471 3551 τοῦ
501 3493 701 3553 Ἰούδα.
744 3495 1038 3559 Κάντεῦθεν
1077 3491 1274 3548 λοιπὸν
1330 3501 1433 3563 τῆς
1499 3493 1795 3569 βασιλικῆς
1856 3495 2036 3571 φυλῆς

370 3583 751 3660 συμμιγείσης
791 3588 860 3658 τῇ
894 3587 1177 3657 Λευῖτικῇ,
1242 3582 1393 3655 μάλα
1421 3604 1481 3658 γε
1518 3583 1747 3646 είκότως
1776 3585 1805 3639 6
1840 3584 2034 3658 Κύρίος

367 3681 436 3736 ἑκ
495 3678 709 3753 Μαρίας
763 3683 864 3747 τῆς
922 3674 1197 3752 Ηαρθένου
1267 3674 1357 3729 καὶ
1414 3673 1551 3729 κατᾶ
1598 3675 1770 3749 σάρκα
1829 3675 2038 3749 μητρὸς

371 3769 545 3824 αὐτοῦ
572 3765 1061 3843 γενεαλογούμενος
1108 3763 1255 3819 σῦτω
1288 3760 1544 3837 βασιλεὺς
1607 3763 1700 3817 καὶ
1729 3764 1903 3834 ἱερεὺς
1960 3763 2036 3823 εἷς

2142 3336 2279 3375 cum
2311 3319 2661 3375 sacerdotali
2683 3320 2990 3391 permixta,
3027 3319 3350 3375 admodum
3382 3319 3810 3375 convenienter

2143 3408 2422 3465 dominus
2454 3426 2525 3463 ex
2546 3409 2725 3463 Maria
2776 3409 3009 3482 Virgine
3068 3426 3137 3465 ac
3197 3414 3385 3465 matre
3424 3410 3622 3465 carnis
3682 3425 3806 3463 sum

2144 3504 2340 3569 natus,
2373 3500 2527 3556 serie
2575 3499 2811 3572 generis
2860 3501 3128 3572 exposita
3180 3506 3240 3555 et
3282 3518 3385 3556 rex
3417 3506 3477 3556 et
3533 3500 3809 3555 sacerdos

2148 3589 2273 3653 Dei,
2306 3595 2371 3644 nt
2400 3588 2624 3644 dictum
2658 3595 2767 3656 est,
2826 3589 3316 3661 deprehenditur.
3370 3591 3575 3660 Itaque
3612 3589 3809 3645 mani-

2146 3677 2296 3734 festo
2330 3678 2689 3750 prmiicatur
2717 3694 2818 3734 rex
2849 3680 3270 3751 sempiternus,
3321 3679 3599 3749 idemque
3633 3683 3815 3733 teter-

2147 3784 2269 3822 nns
2300 3767 2565 3839 pontifex
2597 3768 2929 3823 secundum
2964 3767 3377 3824 Melchisedeci
3410 3767 3705 3823 ordinem.

376 3857 452 3912 τὰ
481 3857 618 3932 πρὸς
642 3856 795 3922 Θεὸν,
841 3855 916 3916 ὡς
946 3848 1105 3932 ἔφην,
1137 3851 1448 3927 ἀνθρώποις
1507 3853 1589 3925 [Ρ.
1652 3854 1775 3926 181]
1834 3850 2225 3922 ἀναδέδεικται,
2283 3853 2374 3909 καὶ
2424 3853 2722 3929 προδήλως
2776 3855 3099 3930 κηρύττεται
3159 3853 3414 3930 βασιλεὺς
3467 3855 3687 3919 αἰώνιος
3715 3875 3811 3911 κα-

365 3945 559 4020 ἰερεὺς
586 3944 664 4006 εἷς
695 3946 789 4000 τὸν
817 3943 992 4000 αἲῶνα
1021 3941 1159 3998 κατᾶ
1185 3943 1285 4012 τὴν
1317 3941 1467 4010 τάξιν
1496 3939 1859 4015 Μελχισεδέκ.

453 4036 724 4091 Ἐντεῦθεν
775 4035 961 4089 τοίνυν
1019 4031 1249 4108 ἄρχεται
1298 4033 1335 4101 ἡ
1363 4031 1594 4106 τετάρτη
1660 4029 1935 4104 βασιλεία,
1976 4032 2046 4099 ἢν

380 4126 412 4180 6
438 4120 650 4192 Δανιὴλ
677 4121 730 4178 ἓν
761 4125 832 4197 τῇ
860 4126 969 4178 τῶν
1001 4121 1275 4196 τεσσάρων
1312 4118 1516 4193 θηρίων
1569 4118 1802 4191 ὀπτασίᾳ
1854 4118 2044 4194 τεταρ-

370 4236 476 4270 τον
506 4213 699 4287 θηρίον
741 4210 993 4292 διαφέρον
1024 4215 1133 4266 τῶν
1190 4208 1381 4265 ἄλλων
1432 4208 1709 4283 τροπικῶς
1766 4208 2044 4281 ὀνομάζει,

374 4304 463 4384 ἐφ’
512 4303 578 4357 οὗ
625 4302 715 4357 καὶ
746 4302 775 4357 6
806 4306 915 4357 τῶν
973 4300 1206 4373 πρώτων
1260 4298 1537 4373 τεσσάρων
1595 4297 1886 4374 στοιχείων
1945 4295 2044 4369 δη-

383 4392 662 4467 μιουργὸς
686 4391 777 4445 καὶ
821 4389 915 4445 τὸν
978 4386 1373 4463 τετραπέρατον
1430 4385 1637 4460 κόσμον
1693 4384 1965 4457 συνδήσας
1993 4386 2045 4441 ἐν

368 4480 600 4541 τούτοις
628 4481 837 4550 Ἰησοῦς
876 4483 1118 4554 Χριστὸς
1176 4476 1461 4552 ἐσαρκώθη
1496 4473 1586 4531 διὰ
1614 4477 1714 4544 τήν
1768 4475 2040 4552 ἡμετέραν

2229 4034 2385 4090 318
2416 4037 2606 4105 Atque
2639 4035 2751 4091 hoc
2783 4041 2872 4091 est
2901 4036 3140 4091 initium
3168 4035 3365 4106 quarti
3414 4035 3601 4107 regni,
3660 4033 3821 4106 quod

2159 4124 2462 4193 Danielus,
2487 4140 2622 4177 cum
2654 4124 2706 4177 ei
2740 4130 2995 4195 quatuor
3024 4124 3310 4181 animalia
3331 4130 3666 4195 appareret,
3708 4124 3822 4179 sibi

2156 4212 2433 4269 animalis
2466 4212 2662 4283 specie
2696 4229 2732 4268 a
2762 4214 3017 4284 reliquis
3065 4212 3378 4268 diﬁ‘erente
3437 4218 3825 4284 repraasenta-

2157 4305 2282 4357 tum
2314 4304 2416 4373 ait,
2450 4322 2566 4377 quo
2590 4304 2906 4358 veheretur
2924 4302 3257 4374 primorum
3280 4306 3536 4372 quatuOr
3560 4301 3823 4357 elemen-

2154 4398 2362 4450 torum
2394 4396 2618 4467 opifex,
2647 4395 2749 4466 qui
2779 4392 3284 4465 quatripatentem
3330 4391 3619 4446 mundum
3678 4408 3823 4447 con-

2156 4482 2453 4540 cinnavit:
2485 4502 2602 4557 quo
2634 4499 2814 4557 regno
2847 4482 3077 4538 scilicet
3124 4487 3349 4536 nostvaa
3383 4481 3592 4536 salutis
3643 4497 3824 4536 causa

376 4569 689 4643 σωτηρίαν.
720 4570 880 4633 Ὅθεν
912 4567 1140 4629 εἰκότως
1195 4564 1361 4641 μέγας
1421 4563 1677 4639 βασιλεὺς
1728 4565 1819 4620 καὶ
1863 4565 2023 4636 ἐπίτη

2160 4573 2331 4629 Iesus
2362 4574 2631 4631 Christus
2654 4575 2831 4629 homo
2870 4575 3186 4627 natus'est.
3222 4571 3411 4636 Quare
3447 4571 3661 4626 merito
3692 4588 3824 4625 om-

382 4681 494 4735 μος
528 4659 662 4733 ὗπὶρ
692 4658 896 4720 πάντας
931 4658 959 4712 ὁ
990 4654 1303 4731 Αὔγουστος
1328 4654 1421 4710 καὶ
1481 4650 1706 4716 δυνατὸς
1762 4655 2057 4730 γενόμενὸς

378 4748 619 4819 ὓπὲταξε
682 4749 778 4809 τὰς
838 4746 1064 4822 μερικὰς
1126 4742 1409 4821 βασιλείας
1464 4744 1659 4813 πάσας,
1720 4740 1811 4799 διὰ
1856 4744 1948 4799 τὸν
2004 4743 2058 4799 ἐν

377 4845 508 4902 ταῖς
539 4837 774 4913 ἡμέραις
808 4838 980 4893 αὐτοῦ
1028 4834 1265 4894 Βασιλέα
1319 4838 1418 4891 τοῦ
1472 4834 1676 4895 παντὸς
1731 4833 1821 4889 καὶ
1855 4835 2055 4910 Κύριον

378 4927 674 5002 τεχθέντα,
712 4926 848 4983 κατὰ
900 4925 1000 4991 τὴν
1055 4924 1282 4981 Ἡσαῗου
1341 4920 1700 4999 προφητείαν·
1762 4922 1897 4999 φησὶ
1926 4923 2054 4998 γὰρ·

383 5042 415 5070 κ
456 5015 557 5072 Καὶ
591 5012 739 5070 ἔσται
795 5014 850 5070 ἐν
909 5018 1030 5073 ταῖς
1097 5011 1357 5090 ἐσχάταις
1415 5011 1650 5086 ἡμέραις
1711 5008 1940 5089 ἐμφανὲς
1995 5012 2059 5068 τὸ

387 5106 527 5181 ὅρος
558 5103 780 5178 Κυρίου,
836 5103 929 5158 καὶ
962 5103 992 5157 ὁ
1031 5103 1189 5163 οἶκος
1221 5104 1318 5156 τοῦ
1377 5103 1512 5155 Θεοῦ
1570 5098 1655 5155 ἐπ’
1710 5097 1890 5175 ἄκρων
1948 5104 2056 5156 τῶν

387 5192 586 5267 ὀρέων.
648 5191 749 5249 Καὶ
801 5191 1149 5265 ὑψωθήσεται
1211 5188 1462 5263 ὑπεράνω
1516 5187 1627 5242 τῶν
1688 5189 1919 5261 βουνῶν,
1967 5190 2058 5243 καὶ

384 5284 615 5353 ἥξουσιν
656 5280 739 5336 ἐπ’
770 5279 930 5336 αὐτὸν
957 5278 1133 5335 πάντα
1187 5278 1255 5333 τὰ
1310 5271 1465 5346 ἔθνη,
1522 5276 1613 5331 καὶ
1670 5276 2061 5351 πορεόυσονται

386 5371 520 5428 Ααοί
554 5369 785 5439 πολλοὶ,
817 5371 909 5425 καὶ
940 5369 1144 5444 ἐροῦσι·
1176 5371 1359 5424 Δεῦτε.
1392 5360 1679 5440 ἀναδῶμεν
1710 5366 1786 5428 εἰς
1841 5367 1904 5422 τὸ
1937 5366 2065 5443 ὅρος

384 5464 600 5539 Κυρίου
656 5470 746 5518 καί
807 5462 885 5527 είς
937 5463 1030 5517 τὸν
1112 5460 1263 5516 οἶκον
1322 5465 1421 5517 τοῦ
1473 5463 1609 5515 Θεοῦ
1668 5455 1904 5517 Ἰωκώϐ.
1958 5464 2059 5519 Καὶ

388 5557 690 5631 ἀναγγελεῖ
740 5555 876 5627 ἡμῖν
912 5552 1012 5621 τήν
1044 5548 1175 5607 ὁδὸν
1206 5549 1393 5619 αὐτοῦ,
1456 5570 1547 5604 και
1596 5548 1976 5624 πορευσόμεθα
2008 5550 2062 5606 ἐν

388 5642 556 5720 αὐτῇ.
613 5643 711 5701 Ἐκ
759 5642 863 5719 γὰρ
911 5640 1052 5697 Σιὼν
1114 5636 1448 5710 ἰξελεῦσεται
1505 5637 1693 5710 νόμος,
1747 5639 1837 5695 καὶ
1898 5637 2063 5721 λόγος

466 5743 515 5781 ⁸⁸
548 5743 663 5800 Isa.
700 5758 761 5813 ιι,
793 5744 907 5799 1-4.

2166 4663 2343 4719 nibus
2378 4664 2616 4737 regibus
2658 4663 2848 4735 major
2877 4660 3287 4732 illustriorque
3342 4661 3456 4715 fuit
3504 4666 3827 4735 Augustus,

2167 4754 2487 4825 omniaque
2521 4752 2902 4825 particularia
2933 4767 3116 4824 regna
3146 4767 3251 4805 suo
3275 4751 3527 4822 imperio
3552 4751 3830 4822 subjecit,

2168 4849 2411 4915 propter
2440 4861 2576 4899 eum
2608 4843 2709 4914 qui
2740 4841 2926 4914 ipsius
2951 4846 3125 4896 astate
3173 4840 3335 4895 nasci
3383 4840 3588 4895 debuit
3636 4858 3742 4896 rex
3773 4845 3833 4896 et

2169 4934 2454 4988 Dominus
2480 4932 2761 5002 universi,
2794 4948 2927 5003 quas
2964 4930 3147 4985 Isaias
3171 4929 3265 4984 his
3321 4928 3513 4986 verbis
3544 4929 3831 5000 praedixe-

2170 5030 2262 5080 rat
2290 5023 2381 5080 εδδ
2416 5048 2443 5075 ‹‹
2473 5024 2703 5080 Ultimis
2734 5040 2910 5095 porro
2968 5020 3338 5093 temporibus
3379 5038 3551 5076 mons
3592 5021 3827 5076 Domini

2171 5113 2285 5168 erit
2315 5113 2591 5183 illustris,
2626 5113 2902 5183 aedesque
2962 5110 3062 5165 Dei
3111 5110 3173 5164 in
3217 5126 3449 5164 summo
3481 5109 3777 5164 montium
3815 5125 3829 5165 :

2173 5203 2529 5260 exaltabitur
2559 5221 2739 5276 supra
2761 5203 2969 5270 colles,
2992 5206 3053 5257 et
3081 5201 3155 5256 ad
3198 5217 3327 5256 eam
3382 5198 3834 5271 proﬁciscentur

2174 5308 2383 5349 omnes
2414 5293 2706 5348 nationes.
2739 5290 3026 5360 Multique
3050 5288 3255 5360 populi
3279 5288 3475 5357 ibunt,
3496 5305 3565 5344 ac
3594 5287 3831 5343 dicent:

2175 5382 2437 5454 Agedum
2458 5380 2933 5438 conscendamus
2948 5383 3212 5433 montem
3229 5377 3463 5433 Domini
3478 5377 3834 5434 etadeamus

2176 5470 2365 5527 eadem
2399 5472 2498 5526 Dei
2528 5470 2800 5527 Jacobei:
2854 5469 2902 5523 is
2929 5466 3102 5523 nobis
3131 5466 3283 5522 viam
3337 5484 3504 5523 suam
3534 5472 3838 5524 monstra-

2175 5560 2281 5629 bit,
2317 5562 2498 5633 inque
2530 5577 2598 5616 ea
2628 5577 2736 5615 nos
2768 5555 3229 5613 ambulabimus.
3264 5557 3409 5611 Nam
3441 5556 3513 5612 de
3544 5557 3720 5613 Sione
3737 5557 3835 5614 lex

2179 5648 2537 5724 egredietur,
2568 5653 2627 5705 et
2656 5663 2851 5705 sermo
2873 5644 3102 5703 domini
3123 5643 3549 5717 Hierosolymis
3608 5646 3833 5715 exibit;
