4154 6414
424 339 545 399 359

494 650 848 707 Archelaum
864 642 1109 700 Herodis
1132 640 1319 693 filium
1344 640 1638 707 Augustus
1664 636 1878 692 Judaaze
1909 634 2067 705 genti

420 738 1020 813 prasfecitlieliquam
1054 730 1356 799 regionem
1379 728 1441 781 in
1466 730 1496 781 4
1521 733 1715 798 partes
1740 725 2068 792 distribuit,

423 830 630 898 eisque
651 826 915 895 reliquos
938 818 1209 876 Archelai
1232 816 1443 870 fratres
1465 814 1809 886 praeposuit,
1856 817 2066 865 tetrar-

422 918 563 971 chas
594 935 627 971 a
659 910 1088 985 quadripartito
1151 905 1400 976 imperio
1432 902 1784 974 appellatos.
1846 902 2068 954 Horum

420 1006 664 1061 nomina
694 1007 829 1058 sunt
864 997 1122 1054 Herodes
1154 995 1327 1067 patri,
1360 995 1670 1064 Antipater
1698 1009 1803 1046 avo
1847 1006 2064 1061 cogno-

421 1095 632 1160 mines,
668 1090 945 1163 Lysanias
974 1093 1030 1141 et
1088 1084 1415 1155 Philippus.
1449 1084 1633 1136 Tanta
1690 1098 1760 1135 eo
1796 1085 2062 1149 tempore

416 1184 528 1238 fuit
558 1186 755 1238 Romae
788 1177 1039 1251 penuria
1082 1180 1146 1230 ut
1179 1173 1411 1228 modius
1444 1171 1640 1226 aureis
1693 1174 1759 1223 2‘1
1803 1169 1879 1223 sit
1926 1184 2063 1222 ven-

419 1273 603 1327 ditus.

486 1371 656 1416 Anno
681 1349 1505 1420 mundili519,incarnationis
1522 1353 1722 1402 autem
1747 1345 1962 1400 divinas
1984 1346 2066 1411 13,

418 1452 626 1506 tertius
660 1447 937 1511 Herodes,
986 1442 1339 1515 cognomine
1373 1438 1647 1511 Agrippa,
1702 1452 1953 1507 regnum
2005 1435 2065 1487 in

416 1540 649 1596 Iudaeos
681 1535 957 1599 obtinuit,
1018 1531 1376 1603 alienigena,
1420 1526 1665 1581 Herodis
1715 1524 1869 1580 328
1912 1522 2069 1577 filios

419 1629 602 1683 frater
634 1620 1219 1692 Archelaiﬂegnavit
1250 1634 1438 1674 annos
1469 1617 1717 1669 24.Nam
1744 1612 2069 1667 Archelaus

418 1734 553 1772 cum
583 1720 614 1770 9
646 1730 834 1769 annos
867 1714 1191 1783 regnasset,
1234 1724 1268 1763 a
1326 1704 1605 1763 Romanis
1637 1709 1726 1759 est
1780 1703 2067 1756 Viennam

420 1806 620 1861 Gallia:
651 1802 861 1858 urbem
892 1801 951 1854 in
985 1798 1259 1853 exsilium
1293 1793 1642 1850 missus.Hic
1675 1789 2064 1860 Herodes,qui

417 1901 474 1951 et
499 1894 767 1965 Antipas,
800 1906 955 1946 anno
988 1888 1079 1943 sui
1107 1886 1270 1959 regni
1307 1886 1371 1939 13
1400 1886 1690 1939 Joannem
1742 1881 2066 1952 Baptistam

417 1984 668 2051 necavit,
720 1980 953 2036 Christo
1002 1979 1072 2030 32
1121 1980 1331 2047 agente
1386 1989 1634 2029 annum.
1692 1970 1807 2025 Sub
1863 1969 2072 2025 eodem

417 2072 685 2125 Christus
702 2073 942 2139 propter
960 2082 1066 2118 nos
1082 2068 1290 2134 sponte
1306 2058 1667 2131 supplicium
1682 2056 1897 2127 pertuli
1911 2054 2073 2112 t.Sub

420 2161 531 2215 hoc
552 2162 818 2214 Panosus
833 2156 974 2209 urbs
987 2156 1257 2207 Caesarea
1278 2149 1536 2219 Philippi
1558 2147 1948 2203 denominata
1966 2151 2055 2199 est

421 2252 579 2323 quod
593 2267 724 2305 eam
746 2248 1053 2318 Philippus
1079 2241 1773 2299 tetrarcharefecisset.ls
1797 2239 1859 2292 in
1883 2239 2068 2293 hono-

426 2357 554 2394 rem
586 2336 804 2391 Tiberii
838 2332 1086 2389 Caesaris
1117 2330 1323 2385 urbem
1359 2326 1724 2382 Tiberiadem
1772 2324 2074 2393 condidit;

428 2434 485 2482 et
501 2426 879 2482 Gabiniorum
900 2419 1282 2486 urbem,olim
1305 2417 1586 2472 Samaria)
1602 2416 2061 2469 nominenotam

420 2514 790 2581 instauravit,
825 2530 892 2567 ac
924 2511 1249 2575 Sebastem,
1275 2510 1385 2563 hoc
1417 2512 1507 2561 est
1538 2509 1801 2577 Augusta
1821 2521 1903 2573 In,
1938 2519 2065 2556 nun

421 2605 670 2677 cupavit.
706 2603 962 2674 Ejusque
994 2598 1223 2663 navale,
1256 2596 1469 2652 turrim
1524 2593 1835 2659 Stratonis,
1898 2608 2069 2647 muro

423 2712 555 2751 cum
589 2692 888 2749 cinxisset.
922 2690 1249 2743 Caesaream
1282 2685 1355 2740 ab
1386 2686 1512 2756 ipso
1545 2685 1772 2737 (lassare
1805 2679 2069 2752 appella-

422 2786 519 2839 vit.
557 2787 689 2837 Post
723 2786 779 2837 et
811 2776 1247 2849 Antipatridem
1305 2773 1575 2830 condidit
1608 2788 1621 2838 ;
1668 2777 1726 2826 et
1776 2768 2072 2836 Pancade,

419 2892 550 2946 qua:
566 2890 723 2928 nunc
737 2874 999 2927 Caesarea
1017 2867 1248 2923 Palaesti
1260 2883 1349 2920 me
1364 2862 1856 2935 usurpatur,Pani
1872 2861 2074 2917 fanum

416 2962 659 3018 nomine
687 2963 951 3014 Paneum
984 2956 1199 3027 posuit,
1223 2970 1290 3009 ac
1319 2952 1609 3023 templum
1644 2948 2074 3019 Hierosolymi—

414 3058 621 3107 tanum
647 3047 895 3118 duplum
913 3042 1467 3099 aediﬁcavitdilissus
1489 3046 1689 3095 autem
1714 3038 1775 3092 in
1794 3036 2072 3091 exsilium

435 3140 782 3214 Lugdunum
817 3135 1018 3191 Gallim
1048 3132 1402 3199 urbem,vita
1431 3147 1565 3185 cum
1596 3128 1869 3184 adultera
1900 3128 2079 3181 Hero-

1749 318 2066 382 GEORGII
2113 319 2456 386 CEDRENI

497 472 764 526 Christus
796 466 868 521 ab
883 467 1124 535 Egypto
1155 459 1331 516 rediit
1361 472 1551 513 annos
1585 458 1759 508 natus
1790 453 2077 523 quinque.
2111 469 2164 534 Α

3731 333 3860 391 360

2262 457 2389 512 ’Ότι
2456 460 2750 527 πενταετὴς
2818 460 2845 513 6
2903 460 3134 531 Χριστὸς
3221 459 3326 514 ἀπὸ
3399 462 3497 530 τῆς
3567 461 3854 538 Αἰγύπτου

2190 542 2499 619 ἀνέρχεται.

2249 637 2373 691 ’Ὁτι
2424 632 2736 713 Αὔγουστος
2771 635 3076 711 Ἀρχέλαον
3115 638 3207 708 μὲν
3268 638 3383 691 υἱὸν
3416 636 3670 712 Ἡρώδου
3711 643 3859 697 ’[ου-

2182 719 2347 776 δαίων
2382 724 2649 801 ἐθνάρχην
2682 724 2997 794 κατέστησε·
3032 726 3159 785 τοὺς
3211 722 3267 779 δὲ
3316 724 3529 788 ἀλλους
3574 725 3857 807 ἀδελφοὺς

2180 811 2343 867 αὐτοῦ
2369 812 2627 887 τέσσαρας
2685 814 2862 882 ὄντας,
2917 812 3174 889 Ἡρώδην
3246 817 3546 889 ὁμώνυμον
3572 822 3653 888 τῷ
3682 818 3852 892 πατρὶ

2179 901 2270 955 καὶ
2303 901 2655 975 Ἀντίπατρον
2714 908 2794 976 τῷ
2850 904 3060 977 πάππῳ
3125 904 3394 959 Λυσανίαν
3423 925 3482 960 τε
3511 906 3602 960 καὶ
3634 905 3852 962 Φίλιπο

2179 1010 2303 1061 πον,
2337 990 2412 1051 εἷς
2442 989 2675 1065 τὲσσαρα
2717 990 2854 1066 μέρη
2920 990 3194 1065 διατεμὼν
3251 993 3352 1061 τήν
3414 995 3602 1069 χώραν
3636 995 3854 1068 ἑκάστῳ

2180 1076 2413 1152 διένειμε
2469 1082 2560 1135 καὶ
2616 1080 2920 1156 τετράρχας
2981 1080 3179 1142 αὖτοὺς
3238 1081 3518 1155 ὠνόμασε.
3583 1085 3718 1138 Τότε
3758 1086 3857 1139 καὶ

2180 1170 2343 1244 λιμὸς
2403 1172 2457 1226 ἐν
2512 1172 2699 1247 Ῥώμῃ
2755 1172 2975 1250 γέγονεν
3034 1173 3107 1235 ὡς
3168 1180 3438 1248 πραθῆναι
3504 1176 3598 1231 τὸν
3653 1174 3851 1247 μόδιον

2182 1260 2453 1334 χρυσίνων
2482 1262 2584 1329 κζ’.

2249 1348 2368 1404 Ὂτι
2397 1352 2478 1419 τῷ
2509 1350 2643 1423 εφιθ“
2670 1353 2768 1403 τοῦ
2812 1350 3044 1422 κόσμου,
3093 1356 3195 1419 τῆς
3247 1348 3305 1405 δὲ
3347 1350 3490 1413 θείας
3524 1354 3851 1427 σαρκώσεως

2178 1433 2283 1501 ἔτει
2330 1444 2392 1511 ιγ’
2444 1436 2724 1496 Ἰουδαίων
2775 1439 2956 1513 τρίτος
3014 1437 3271 1514 Ἡρώδης
3313 1440 3633 1515 ἐκράτησεν,
3669 1443 3851 1507 ὅςκαὶ

2180 1526 2490 1600 Ἀγρίππας
2546 1525 2791 1600 ἐλέγετο,
2851 1526 3171 1606 ἀλλόφυλος
3231 1526 3331 1599 ὢν,
3393 1530 3512 1592 υἱὸς
3565 1528 3850 1604 Ἡρώδου,

2186 1612 2420 1693 ἀδελφὸς
2476 1615 2814 1691 Ἀρχελάου,
2872 1611 2967 1686 ἕτή
3030 1614 3138 1674 κδ“.
3169 1620 3196 1673 6
3227 1619 3328 1693 γάρ
3361 1619 3680 1698 Ἀρχέλαος
3711 1621 3854 1694 μετὰ

2180 1710 2224 1767 θ’
2280 1711 2382 1773 τῆς
2440 1704 2621 1779 ἀρχῆς
2681 1704 2773 1775 ἔτη
2836 1704 2913 1767 είς
2973 1706 3193 1761 Βίενναν
3256 1706 3418 1762 πόλιν
3456 1711 3540 1781 [Ρ.
3580 1711 3702 1782 184]
3747 1716 3858 1778 τῆς

2190 1791 2428 1854 Γαλλίας
2491 1794 2594 1848 ὑπὸ
2653 1793 2937 1867 Ῥωμαίων
3005 1793 3295 1869 ἐξωρίσθη.
3358 1797 3531 1857 Οὗτος
3588 1795 3853 1871 Ιιρώδης,

2193 1884 2219 1937 6
2277 1883 2365 1936 καὶ
2422 1884 2751 1957 Ἀγρίππας,
2814 1884 3068 1954 Ἰωάννην
3122 1886 3213 1940 τὸν
3290 1888 3597 1955 Βαπτιστήν
3667 1885 3859 1942 ἀνεῖλε

2188 1980 2268 2046 τῷ
2321 1981 2389 2048 ιγ’
2448 1975 2543 2047 μὲν
2598 1973 2701 2029 ἔτει
2755 1982 2854 2045 τῆς
2911 1976 3094 2049 ἀρχῆς
3151 1976 3340 2047 αὐτοῦ,
3375 1976 3466 2051 λβ“
3522 1976 3579 2033 δὲ
3620 1984 3721 2047 τῆς
3750 1983 3856 2033 τοῦ

3022 2068 3084 2121 οὗ
3172 2067 3264 2122 καὶ
3323 2069 3350 2122 ὁ
3429 2066 3628 2143 Κύριος
3683 2070 3851 2142 ἡμῶν

2194 2157 2404 2225 Ἰησοῦς
2464 2158 2693 2230 Χριστὸς
2773 2156 3035 2219 ἑκουσίως
3125 2156 3195 2212 δι’
3255 2160 3405 2232 ἡμᾶς
3457 2158 3519 2213 τὸ
3577 2161 3855 2232 σωτήριον

2193 2242 2394 2315 ὕπέστη
2457 2245 2643 2307 πάθος.
2709 2244 2836 2301 Ὑπὸ
2894 2246 3090 2301 τούτου
3149 2249 3183 2316 ἡ
3248 2248 3490 2312 ΙΙανοσὸς
3556 2250 3861 2323 Καισάρεια

2196 2332 2480 2389 Φιλίππου
2543 2336 2939 2407 μετωνομάσθη
3007 2333 3099 2390 διὰ
3147 2338 3210 2391 τὸ
3270 2336 3652 2407 ἄνακτισθῆναι
3710 2340 3868 2413 παρά

2191 2427 2289 2476 του
2318 2422 2629 2497 τετπάρχου
2664 2421 2970 2478 Φιλίππου.
3007 2424 3181 2488 Οὗτος
3226 2426 3325 2494 τήν
3355 2419 3649 2499 Τιϐεριάδα
3679 2424 3853 2480 πόλιν

2195 2508 2283 2565 διά
2313 2507 2564 2585 Τιϐέριον
2598 2512 2837 2585 Καίσαρα
2885 2511 3080 2581 ἔκτισε,
3130 2514 3222 2568 καὶ
3268 2515 3368 2582 τήν
3416 2518 3524 2569 τῶν
3577 2512 3851 2570 Γαϐινίων

2194 2599 2356 2655 πόλιν
2388 2603 2485 2672 τήν
2535 2622 2670 2656 ποτε
2728 2601 3036 2675 Σαμάρειαν
3086 2601 3365 2664 ἐπικτίσας
3423 2600 3700 2673 Σεϐαστὴν
3747 2604 3859 2659 αυ-

2192 2067 2395 2139 Κυρίου
2452 2067 2797 2138 σαρκώσειυς·
2859 2065 2939 2143 ἐφ’

2191 2692 2289 2759 τὴν
2342 2691 2772 2768 προσηγόρευσε,
2834 2692 2898 2747 τὸ
2966 2690 3024 2746 δὲ
3082 2691 3288 2748 ἐπίνεον
3322 2693 3517 2764 αὐτῆς,
3549 2694 3640 2748 τὸν
3673 2694 3853 2768 Στρά-

2193 2804 2363 2845 τωνος
2419 2782 2628 2858 πύργον
2684 2780 2939 2853 πολίσας,
2998 2781 3105 2837 ἀπὸ
3183 2787 3281 2838 τοῦ
3359 2784 3530 2839 αὐτοῦ
3590 2783 3857 2857 Καίσαρος

2195 2872 2517 2946 Καισάρειαν
2570 2870 2842 2927 ἐκάλεσενο
2914 2870 3136 2945 ὕστερον
3195 2869 3252 2926 δὲ
3306 2873 3395 2927 καὶ
3471 2870 3848 2946 Ἀντιπατρίδα

2191 2960 2384 3029 κτίζει.
2438 2961 2541 3016 Καὶ
2601 2966 2827 3015 Πανεῖον
2884 2957 3168 3015 εἰδωλεῖον
3220 2960 3608 3017 κατεσκεύασεν
3636 2960 3685 3015 ἐν
3733 2965 3847 3014 ll:—

2256 3046 2280 3065 κ
2409 3052 2434 3063 η
2598 3048 2611 3065 .
2816 3053 2841 3063 -
2930 3053 2957 3063 ..

2193 3068 2447 3120 νεοοιτῳ
2483 3054 2637 3118 Πανι,
2672 3049 2725 3103 ἐν
2775 3069 2843 3123 τῃ
2903 3071 2990 3102 νυν
3044 3047 3318 3125 λεγομένῃ
3384 3050 3681 3122 Καισαρείᾳ
3742 3056 3843 3117 τῆς

2196 3134 2585 3209 Παλαιστίνης·
2646 3138 2737 3193 καὶ
2794 3138 2885 3192 τὸν
2966 3137 3091 3192 ναὸν
3149 3138 3550 3214 Ἰεροσολύμων
3615 3136 3848 3193 διπλοῦν

432 3231 607 3286 diade
641 3244 874 3284 summa
906 3226 968 3279 in
999 3227 1258 3297 egestate
1281 3225 1506 3289 exacta,
1540 3223 1811 3273 mortuus
1844 3221 1951 3272 est.
1984 3214 2068 3270 Fi-

2194 3206 2637 3300 ἀνῳκοδόμησεν.
2690 3227 2865 3289 Οὗτος
2921 3206 3230 3302 ἐξορισθεὶς
3278 3227 3330 3283 ἐν
3386 3206 3704 3303 Λουγδοόνῃ
3744 3234 3850 3296 τῆς

413 3321 723 3389 liam,quw
754 3313 1026 3372 saltando
1060 3313 1411 3383 impetrarat
1429 3314 1493 3364 ut
1515 3305 1872 3363 Praecursori
1896 3306 2073 3375 caput

409 3429 443 3466 ει
456 3410 1018 3481 mputaretur,terra
1035 3404 1222 3457 vivam
1245 3398 1685 3470 absorpsit.Alii
1705 3396 1905 3451 ferunt
1918 3411 2069 3466 eam,

417 3516 555 3555 cum
587 3498 648 3551 in
680 3496 865 3567 glacie
898 3492 1147 3565 palustri
1180 3490 1444 3555 luderet,
1477 3492 1653 3558 rupta
1682 3485 1869 3559 glacie
1898 3486 1980 3539 ita
2009 3485 2070 3539 in

410 3586 667 3643 fundum
680 3583 973 3641 decidisse
990 3584 1247 3651 utcaput
1273 3578 1606 3633 abscissum
1625 3592 1805 3647 supra
1820 3574 2070 3647 glaciem

412 3681 695 3732 exstaret.

483 3943 734 4001 Herodis
750 3948 1017 4012 tempore
1043 3940 1122 3993 im
1135 3938 1359 4009 pletum
1381 3940 1469 3989 est
1482 3932 1712 3989 Danieli
1737 3930 2063 3986 oraculum.

408 4038 554 4091 Nam
578 4033 653 4089 ad
676 4049 813 4089 eum
836 4046 1021 4101 usque
1047 4027 1353 4094 uncti,hoc
1381 4028 1470 4080 est
1491 4021 1709 4077 summi
1733 4020 2063 4091 pontiﬁces.

408 4123 643 4179 Judaeos
678 4125 976 4184 rexerant,
1011 4118 1082 4173 ab
1115 4118 1450 4171 instaurato
1483 4112 1641 4168 324
1670 4110 1827 4165 Darii
1885 4126 2066 4181 opera

406 4212 630 4284 templo
653 4228 843 4282 usque
867 4209 941 4265 ad
964 4209 1300 4279 Hyrcanum
1325 4206 1567 4273 (nomen
1591 4199 1731 4256 huic
1753 4217 1787 4254 a
1804 4198 2063 4254 subactis

407 4302 692 4375 Hyrcanis
723 4300 856 4371 fuit)
889 4316 996 4370 per
1025 4313 1215 4353 annos
1244 4295 1369 4361 483,
1403 4308 1553 4364 quos
1595 4290 1773 4345 etiam
1834 4288 2061 4344 Danieli

406 4390 715 4447 oraculum
751 4387 1035 4460 exprimit
1069 4403 1080 4440 :
1120 4408 1144 4435 ι(
1181 4383 1512 4453 Cognosces
1545 4384 1603 4433 et
1641 4377 1941 4449 intelliges
1989 4376 2061 4432 ab

406 4482 570 4536 exitu
602 4473 1087 4546 sermonis,quod
1120 4472 1427 4527 decretum
1459 4469 1641 4523 fietet
1670 4464 2063 4521 mdificabitur

401 4566 753 4635 Jerusalem,
787 4581 975 4634 usque
1008 4563 1082 4618 ad
1113 4559 1414 4616 Christum
1447 4554 1682 4622 ducem,
1716 4554 2059 4625 septimanaa
2100 4590 2106 4631 ς

405 4661 632 4727 septem
648 4660 705 4709 et
718 4655 1066 4725 septimanae
1084 4649 1390 4721 sexaginta
1402 4645 1532 4700 duae
1545 4643 1646 4697 9°.»
1667 4644 1764 4697 Ha:
1784 4643 2060 4715 septima-

403 4762 495 4800 na:
528 4743 837 4815 sexaginta
867 4757 1081 4796 novem
1113 4755 1301 4793 annos
1333 4733 1667 4790 coniiciunt
1718 4733 1855 4800 li83;
1919 4732 2057 4787 toti-

399 4833 659 4903 demque
691 4848 882 4886 annos
914 4829 1237 4900 imperium
1271 4823 1581 4880 Judaicum
1615 4837 1799 4892 penes
1846 4826 2059 4875 unctos

398 4923 531 4978 fuit.
566 4923 828 4986 Quorum
886 4924 1229 4992 postremus
1291 4916 1594 4987 Hyrcanus
1626 4928 1761 4965 cum
1822 4916 1975 4965 esset
2025 4928 2060 4965 a

400 5012 636 5068 Parthis
668 5015 902 5082 captus,
929 5007 1191 5063 Herodes
1215 5002 1507 5075 Antipatri
1532 5000 1692 5055 ﬁlius
1716 5015 1965 5071 regnum
1997 5000 2058 5054 in

398 5100 816 5169 Judaeos,nihil
836 5098 909 5155 ad
943 5114 1004 5153 se
1028 5093 1436 5169 pertinens,ab
1470 5094 1729 5162 Augusto
1762 5097 1819 5142 et
1849 5094 2057 5143 senatu

401 5195 668 5249 Romano
702 5189 968 5261 accepit;
1020 5187 1199 5257 idque
1249 5185 1311 5239 in
1361 5182 1491 5253 ejus
1542 5178 1823 5248 deinceps
1872 5179 2055 5249 stirpe

399 5296 590 5352 usque
617 5280 691 5335 ad
723 5278 1025 5335 excidium
1059 5272 1615 5341 Hierosolymorum
1646 5266 2058 5338 permansit.Is

397 5386 533 5443 ergo
558 5368 821 5425 Herodes
844 5364 1145 5436 Antipatri
1170 5360 1528 5418 Ascalonita:
1553 5356 1711 5411 filius
1730 5355 2057 5423 fuit,malre

397 5458 648 5528 Cypride
708 5458 981 5512 Arabica.
1018 5457 1141 5520 Quo
1204 5458 1470 5521 tempore
1498 5444 1800 5501 natalibus
1840 5444 2056 5503 Christi

470 5606 518 5641 9°
552 5608 697 5664 Dan.
729 5625 808 5677 ιχ,
838 5612 929 5662 25.

2185 3314 2425 3379 Γαλλίας
2454 3314 2506 3370 ἐν
2536 3315 2743 3391 ἐσχάτη
2777 3315 2933 3386 πενίᾳ
2966 3315 3057 3370 σὺν
3115 3319 3184 3389 τῇ
3249 3314 3541 3392 μοιχαλίδι
3603 3319 3850 3385 θνήσκει.

2187 3406 2298 3474 Τὴν
2344 3402 2401 3460 δὲ
2424 3403 2824 3483 ὀρχησαμένην
2850 3405 3019 3478 κόρην
3050 3403 3139 3460 ἐπὶ
3169 3408 3237 3477 τῇ
3284 3405 3544 3478 ἀποτομῇ
3576 3409 3674 3460 τοῦ
3706 3407 3856 3477 Προ-

2181 3493 2393 3569 δρόμου
2427 3498 2600 3563 ζῶσαν
2656 3490 2908 3549 κατέπιεν
2942 3495 2976 3562 ἡ
3027 3500 3121 3567 γῆο
3188 3494 3241 3547 οἱ
3302 3491 3359 3548 δέ
3415 3514 3571 3571 φασιν
3631 3494 3714 3547 ὅτι
3776 3493 3855 3556 εἷς

2182 3585 2354 3658 πάγον
2414 3582 2686 3653 παίζουσα
2749 3581 2933 3638 ἐπάνω
3000 3581 3209 3655 λίμνης
3270 3580 3657 3658 διαρραγέντος
3734 3603 3859 3638 κατ-

2180 3672 2319 3740 ῆλθε
2346 3674 2515 3740 κάτω,
2545 3672 2635 3726 καὶ
2672 3674 2772 3740 τῆς
2801 3669 3048 3739 κεφαλῆς
3077 3669 3569 3747 ἀποσφηνωθείσης
3626 3671 3688 3726 τὸ
3752 3672 3849 3743 μὲν

2184 3765 2344 3835 σῶμα
2374 3756 2510 3815 ἅπαν
2562 3760 2638 3823 εἷς
2691 3761 2785 3816 τὸν
2849 3761 3010 3835 βυθὸν
3064 3759 3355 3833 κατῆλθεν,
3417 3762 3452 3829 ἡ
3516 3757 3573 3814 δὲ
3629 3759 3846 3836 κεφαλή

2178 3849 2364 3906 ἐπάνω
2392 3855 2491 3906 τοῦ
2522 3851 2696 3927 πάγου
2738 3849 3064 3927 ὑπελείφθη.

2246 3941 2370 3998 ’Ότι
2402 3939 2490 3995 ἐπὶ
2545 3937 2796 4014 Ἡρώδου
2850 3940 3213 4012 πεπλήρωται
3273 3941 3308 4007 ἡ
3368 3937 3677 4015 προφητεία
3724 3946 3845 3991 Δα-

2173 4028 2328 4099 νιήλ.
2362 4028 2541 4103 Μέχρι
2597 4029 2700 4103 γὰρ
2752 4024 3010 4102 Ἡρώδου
3067 4027 3286 4102 χριστοὶ
3342 4027 3638 4101 ἡγούμενοι
3683 4026 3823 4094 ἦσαν

2175 4119 2227 4171 οἱ
2258 4117 2539 4193 ἀρχιερεῖς
2596 4121 2703 4171 τῶν
2764 4112 3059 4187 Ἰουδαίων,
3115 4116 3404 4190 ἀρξάμενοι
3441 4115 3538 4188 μὲν
3568 4115 3674 4169 ἀπὸ
3725 4120 3825 4183 τῆς

2175 4207 2310 4261 κατὰ
2361 4211 2583 4278 Δαρεῖον
2641 4205 2989 4267 ἀνανεώσεως
3049 4209 3145 4259 τοῦ
3203 4206 3383 4280 ἱεροῦ,
3452 4203 3713 4275 λήξαντες
3768 4201 3826 4258 δὲ

2172 4287 2260 4349 ἐπὶ
2291 4294 2540 4370 Ὑρκανὸν
2579 4295 2672 4349 τὸν
2705 4293 2985 4368 ἀρχιερέα,
3039 4295 3097 4355 ὅς
3155 4291 3244 4349 διὰ
3298 4293 3361 4348 τὸ
3395 4292 3657 4364 ὑποτάξαι
3708 4295 3832 4366 Ὑρ-

2174 4383 2368 4448 κανοὺς
2448 4383 2619 4445 οὕτως
2703 4384 3024 4457 ὠνομάσθη.
3084 4384 3220 4453 Ἔτη
3309 4389 3430 4456 υπγ¹
3505 4382 3571 4437 τὰ
3659 4381 3860 4455 μεταξὺ

2168 4472 2404 4542 τούτων,
2437 4473 2612 4528 ὁπόσα
2641 4472 2731 4527 καὶ
2783 4476 2817 4543 ἡ
2848 4477 2946 4528 τοῦ
3001 4472 3208 4541 Δανιὴλ
3259 4472 3572 4546 προφητεία
3604 4470 3848 4539 θεσπίζει

2169 4561 2420 4636 λέγουσα·
2455 4586 2483 4615 ‹‹
2517 4563 2615 4617 Καὶ
2648 4562 2831 4637 γνώσῃ
2860 4561 2950 4617 καὶ
2984 4563 3230 4631 συνήσεις
3261 4560 3374 4615 ἀπὸ
3416 4557 3601 4631 ἐξόδου
3652 4557 3838 4634 λόγων

2167 4654 2265 4705 τοῦ
2324 4651 2687 4725 ἀποκριθῆναι
2744 4652 2834 4705 καὶ
2889 4655 2991 4705 τοῦ
3049 4646 3418 4722 οἰκοδομῆσαι
3477 4651 3578 4718 την
3646 4650 3854 4721 Ἰερου-

2171 4738 2381 4811 σαλὴμ,
2415 4735 2519 4801 ἕως
2559 4742 2810 4813 Χριστοῦ
2877 4738 3209 4816 ἡγουμένου,
3248 4733 3556 4811 ἑϐδομάδας
3591 4737 3725 4791 ἑπτὰ
3750 4738 3843 4793 καὶ

2166 4822 2478 4899 ἑϐδομάδας
2663 4853 2685 4881 ι
2754 4828 2923 4885 Αὗται
2982 4828 3037 4882 αἱ
3095 4827 3166 4897 ἔθ’
3230 4822 3531 4900 ἑϐδομάδες
3575 4824 3848 4898 συμπληο

2169 4921 2319 4992 ροῦσι
2355 4917 2596 4992 χρόνους
2626 4918 2760 4973 ἐτῶν
2825 4925 2967 4994 υπγ“,
3028 4918 3203 4972 ὁπόσα
3268 4914 3360 4987 ἔτη
3424 4915 3682 4992 τυγχάνει
3740 4922 3847 4985 τῆς

2166 5006 2346 5081 ἀρχῆς
2378 5010 2487 5062 τῶν
2521 5011 2764 5082 χριστῶν
2833 5006 3186 5084 ἡγουμένων,
3250 5005 3325 5060 ὧν
3383 5004 3693 5062 τελευταῖον
3742 5009 3844 5060 τοῦ

2168 5086 2433 5170 ’Υρκανοῦ
2496 5097 2600 5152 ὑπὸ
2662 5098 2889 5173 Πάρθων
2989 5092 3536 5171 αἶ’χμαλωτισθέντος
3591 5090 3847 5168 Ἡρώδης

2169 5184 2577 5261 ὁἈντιπάτρου
2634 5188 2734 5255 τήν
2788 5184 3076 5261 βασιλείαν
3136 5190 3243 5240 τῶν
3305 5182 3607 5251 Ἰουδαίων,
3661 5180 3839 5256 μηδὲν

2169 5276 2551 5349 προσήκουσαν
2588 5277 2761 5347 αὐτῷ,
2798 5276 2901 5330 ὑπὸ
2962 5274 3287 5351 Αὐγούστου
3318 5275 3407 5329 καὶ
3460 5276 3558 5344 τῆς
3596 5271 3845 5347 συγκλή-

2168 5383 2264 5418 του
2342 5363 2634 5437 Ῥωμαίων
2704 5359 3148 5438 παραλαμϐάνει,
3210 5362 3440 5419 κᾶπειτα
3524 5364 3581 5417 οἳ
3632 5362 3836 5416 τούτου

2168 5448 2357 5515 παῖδες
2387 5450 2554 5531 μέχρι
2587 5457 2689 5518 τῆς
2733 5453 2965 5523 ὑστάτης
3021 5450 3420 5528 Ἰεροσολύμων
3480 5450 3837 5526 πολιορκίας.
