4154 6414
424 320 550 381 363

1798 304 2120 368 GEORGII
2150 300 2490 365 CEDBENI

3735 300 3860 362 364

426 450 887 520 subfusca,fulvo
919 444 1317 515 crine,ocu1is
1346 443 1522 499 fulvis
1551 456 1620 498 ac
1650 437 2077 504 mediocribus,

2198 432 2404 507 θόθριξ,
2437 430 2840 503 ξανθόμματος,
2892 426 3258 520 εὑόιρθαλμος,
3322 426 3696 520 μεγαλόφρυς,
3753 452 3867 505 με-

424 559 639 616 magno
699 539 1045 613 supercilio,
1108 552 1253 592 naso
1306 531 1612 601 mediocri,
1671 529 1950 586 manibus
2007 542 2079 582 ac

426 633 629 705 digitis
676 629 891 701 longis,
932 632 1122 683 vestes
1172 621 1623 696 amplexabatur
1670 617 1838 674 nullo
1878 616 2079 672 colore

429 722 663 777 tinctas.
700 723 872 775 Anno
932 716 1121 773 atatis
1162 731 1282 769 sua)
1338 716 1424 781 l2,
1457 709 1655 766 media
1712 712 1885 764 nocte
1947 721 2084 762 cum

433 806 1090 884 precaretur,divinitus
1123 803 1342 859 editam
1374 800 1448 856 ad
1480 817 1543 855 se
1574 815 1778 854 vocem
1810 795 2032 867 audivit
2067 810 2080 849 :

438 922 464 953 σ
496 899 697 955 Paries
721 897 908 951 ﬁlium
932 911 1188 949 meum.»
1222 891 1423 962 Neque
1446 890 1558 945 hoc
1581 906 1653 944 ex
1676 905 1745 943 ea
1766 887 2083 959 quisquam

431 988 668 1044 rescivit
723 990 857 1041 ante
918 982 1133 1038 Christi
1196 981 1257 1035 in
1315 979 1496 1035 cmlos
1544 993 1878 1034 ascensum.
1936 976 2082 1030 Cum

431 1093 654 1133 annum
694 1077 756 1129 14
783 1073 1097 1145 attigisset,
1125 1069 1311 1126 Judaei
1346 1085 1474 1124 eam
1507 1068 1729 1123 usitata
1764 1065 2086 1121 mulierum

430 1164 831 1221 imbecillitate
846 1161 1048 1217 labora
1058 1166 1251 1216 turam
1274 1159 1389 1214 rati
1406 1159 1467 1213 in
1488 1156 1710 1228 templo
1725 1172 1857 1211 eam
1872 1152 2086 1210 deinde

429 1255 650 1311 morari
675 1270 795 1308 non
824 1256 963 1307 sunt
981 1250 1163 1321 passi.
1193 1251 1373 1303 Porro
1398 1247 1735 1304 sacerdotes
1758 1245 1887 1318 ejus
1906 1261 2087 1300 causa

428 1346 613 1400 Deum
644 1342 866 1414 precati
902 1346 1064 1395 sunt.
1096 1339 1183 1393 Ibi
1211 1337 1521 1393 Zacharias
1571 1334 1836 1407 pontifex
1896 1334 2085 1389 maxi-

429 1432 881 1502 mus,Baptistaa
912 1426 1425 1500 pater,duodecim
1457 1441 1666 1481 senum
1699 1428 2088 1496 cognatorum

433 1522 633 1577 Mariae
664 1518 887 1574 ferulas
920 1517 1149 1588 accepit
1176 1516 1358 1586 inque
1416 1531 1519 1569 ara
1549 1514 1766 1586 posuit,
1828 1511 2035 1567 dicens
2070 1528 2083 1567 :

436 1634 463 1661 «
497 1606 1157 1678 Ostende,Domine,cui
1184 1606 1341 1677 virgo
1364 1606 1490 1659 haec
1509 1603 1722 1659 debeat
1739 1601 2027 1674 c0pulari.
2056 1622 2085 1650 »

438 1699 664 1754 Floruit
718 1703 915 1753 autem
975 1694 1134 1766 virga
1187 1693 1427 1765 Josephi
1486 1691 1658 1760 fabri,
1724 1698 1901 1762 atque
1948 1690 2087 1746 huic

2195 521 2403 597 σόρῥιν,
2442 520 2769 599 μακρόχειρ,
2805 515 3281 593 μακροδάκτυλος,
3321 518 3519 591 ἱμάτια
3550 519 3863 598 αὐτόχροια

2195 610 2481 685 ἀγαπῶσα.
2514 611 2707 667 Ἠνίκα
2737 607 2795 664 δὲ
2818 607 3032 685 γέγονεν
3087 608 3221 663 έτῶν
3282 604 3517 680 δώδεκα,
3579 607 3633 664 ἐν
3695 632 3862 683 μεσο-

2194 701 2392 773 νυκτίῳ
2418 702 2841 776 προσευχομένη
2873 701 3079 772 ἢκουσε
3136 706 3326 772 φωνῆς
3387 697 3660 776 λεγούσης
3719 699 3860 776 αὐτῇ

2197 790 2399 856 θεόθεν·
2435 816 2463 844 ‹‹
2496 791 2628 867 Τέξῃ
2660 791 2749 846 τὸν
2776 790 2898 846 Υἱόν
2935 811 3061 863 μου.
3098 814 3125 841 ››
3149 786 3341 847 Οὐδενῖ
3374 787 3429 844 δὲ
3478 793 3643 846 τοῦτο
3674 793 3863 868 ἀπήγ-

2194 879 2395 955 γειλεν,
2426 877 2530 941 ἕως
2564 883 2646 955 [Ρ.
2687 882 2809 954 186]
2829 881 2857 935 6
2886 879 3119 956 Χριστὸς
3147 878 3224 943 εἷς
3253 878 3512 955 οὐρανοὺς
3543 877 3858 958 ἀνελήφθη.

2195 968 2501 1042 Γενομένης
2525 967 2583 1024 δὲ
2613 969 2780 1039 αὑτῆς
2816 968 2950 1025 ἑτῶν
2988 966 3076 1040 ιδ’,
3108 966 3198 1023 καὶ
3231 965 3535 1023 δοκούντων
3570 970 3681 1023 τῶν
3713 970 3859 1027 Ἰου-

2196 1055 2359 1113 δαίων
2394 1057 2477 1115 ὅτι
2508 1057 2700 1131 μέλλει
2732 1057 2976 1135 γενέσθαι
3007 1057 3145 1132 αὐτῇ
3177 1059 3212 1125 ἡ
3246 1058 3503 1128 συνήθεια
3533 1065 3634 1127 τῆς
3655 1079 3854 1133 γυναι-

2193 1149 2344 1211 κείας
2377 1148 2672 1216 ἀσθενείας,
2706 1148 2901 1204 λοιπὸν
2934 1148 3001 1202 οὐ
3033 1152 3401 1224 συνεχωρεῖτο
3460 1148 3598 1203 εἶναι
3664 1148 3716 1204 ἐν
3773 1154 3858 1223 τῷ

2196 1244 2331 1311 ναῷ.
2387 1246 2659 1309 Ἕστησαν
2717 1236 2774 1293 δὲ
2837 1239 2889 1294 οἱ
2972 1239 3136 1314 ἱερεῖς
3220 1237 3298 1301 εἷς
3354 1238 3665 1313 προσευχὰς
3729 1240 3860 1315 περὶ

2196 1327 2386 1398 αὑτῆςο
2414 1330 2505 1383 καὶ
2555 1327 2832 1407 Ζαχαρίας
2901 1330 2929 1383 6
2987 1327 3276 1404 ἀρχιερέὺς
3329 1328 3357 1382 ὀ
3395 1332 3492 1384 τοῦ
3547 1330 3859 1386 Βαπτιστου

2195 1419 2375 1492 πατὴρ
2434 1411 2597 1473 ἔλαϐε
2654 1414 2865 1472 δώδεκα
2924 1412 3158 1492 ῥάϐδους
3233 1419 3503 1493 γερόντων
3584 1423 3857 1494 συγγενῶν

2197 1504 2387 1576 αὐτῆς,
2417 1506 2510 1561 καὶ
2549 1500 2739 1578 ἔθηκεν
2769 1504 2823 1562 έν
2882 1511 2962 1579 τῷ
3006 1505 3377 1581 θυσιαστηρίῳ
3436 1504 3637 1583 λέγων’
3674 1529 3701 1561 ε
3734 1512 3861 1562 Δεῖ-

2198 1594 2307 1666 ξον,
2365 1594 2546 1669 Κύριε,
2604 1595 2753 1661 τίνος
2811 1590 2959 1651 ἔσται
3017 1597 3053 1666 ἡ
3111 1594 3394 1669 παρθένος,
3449 1618 3477 1648 »
3542 1594 3646 1653 Kal
3699 1590 3866 1652 ἐϐλά-

2198 1704 2389 1755 στησεν
2422 1686 2456 1754 ἡ
2481 1688 2577 1739 τοῦ
2610 1686 2815 1764 Ἰωσήφ
2866 1689 2963 1740 τοῦ
3019 1684 3272 1747 τέκτονος
3304 1679 3528 1759 ῥάϐδος,
3555 1685 3646 1741 καὶ
3676 1685 3861 1760 ἡρμό-

432 1786 809 1861 octogenario
834 1786 895 1840 iu
929 1783 1378 1840 matrimonium
1402 1781 1618 1836 tradita
1647 1781 1933 1851 est,isque
1952 1796 2083 1835 eam

2197 1792 2356 1827 σαντο
2411 1771 2590 1846 τούτῳ
2644 1774 2841 1843 αὐτὴν,
2903 1774 3017 1828 ὄντι
3077 1772 3209 1829 ἐτῶν
3271 1775 3344 1831 π’.
3407 1774 3502 1830 Καὶ
3556 1776 3861 1849 κατήγαγεν

434 1876 677 1933 domum
735 1890 936 1930 secum
994 1872 1259 1929 abduxit.
1315 1871 1496 1926 Maria
1546 1870 1607 1925 in
1657 1869 1858 1925 mariti
1908 1869 2083 1924 domo

423 1965 713 2039 jejunans
743 1981 811 2020 ac
841 1978 1160 2035 progressu
1185 1962 1247 2015 in
1276 1959 1584 2032 publicum
1618 1959 1928 2014 abstinens
1950 1974 2087 2014 cum

432 2056 666 2113 duabus
698 2056 844 2111 327
882 2052 1118 2124 Josephi
1153 2051 1390 2106 ﬁliabus
1419 2051 1584 2105 vixit.
1620 2050 1847 2121 Elapsis
1884 2054 2086 2105 autem

433 2163 538 2203 sex
586 2144 893 2199 mensibus
941 2142 1219 2213 princeps
1272 2139 1617 2212 angelorum
1676 2138 1985 2195 Gabrielus
2031 2136 2087 2192 ei

434 2234 729 2306 apparuit,
787 2232 1110 2301 laetumque
1169 2230 1239 2284 de
1299 2228 1485 2284 salute
1542 2227 1751 2283 mundi
1808 2227 2087 2283 nuntium

433 2323 652 2379 attulit.
684 2321 748 2376 Id
781 2337 869 2384 ea,
907 2320 1097 2375 donec
1128 2318 1477 2391 peperisset,
1521 2317 1821 2373 occultum
1853 2316 2084 2372 habuit.

436 2414 549 2467 Res
582 2416 711 2465 acta
742 2414 830 2464 est
857 2408 1055 2481 primi,
1118 2407 1219 2478 qui
1252 2411 1341 2461 est
1398 2406 1660 2474 Martius,
1722 2404 1947 2461 mensis
1990 2404 2085 2459 die

434 2503 527 2567 25,
561 2499 753 2570 prima
785 2499 838 2552 ei
898 2496 1246 2568 septimanae
1278 2501 1336 2551 et
1390 2495 1546 2550 lunaa
1580 2495 1693 2550 die.
1757 2494 1810 2549 Is
1861 2492 2087 2549 mensis

439 2595 638 2643 sextus
661 2588 774 2642 fuit
794 2586 1062 2657 concepti
1084 2583 1537 2640 Joannis.Maria
1557 2583 1821 2656 digresso
1843 2583 2088 2639 archan-

435 2674 565 2748 gelo
599 2674 660 2728 in
713 2679 1082 2739 montanam,
1140 2671 1425 2726 nimirum
1466 2670 1893 2738 Bethleemam,
1951 2685 2088 2742 pro-

433 2762 587 2819 fecta
621 2766 783 2834 (nam
817 2778 888 2818 ea
934 2760 1077 2817 urbs
1109 2760 1343 2816 editiori
1403 2777 1581 2832 quam
1610 2761 1894 2816 Nazareta
1951 2759 2081 2815 loco

437 2852 551 2907 sita
606 2854 715 2913 est)
747 2850 1111 2907 Elisabetam
1143 2848 1563 2905 consobrinam
1605 2848 1807 2905 invisit
1838 2865 1851 2915 ;
1912 2848 2087 2919 eique

436 2940 630 3012 angeli
663 2939 1117 3011 apparitionem,
1179 2938 1456 3009 quodque
1490 2937 1823 2994 masculum
1873 2954 2083 2993 conce-

435 3031 911 3103 pisset,itemque
945 3030 1017 3085 de
1040 3030 1265 3085 visione
1287 3030 1582 3086 Zacharize
1604 3030 2086 3101 exposuit,quam

2194 1861 2362 1931 αὐτὴν
2394 1861 2470 1922 εἷς
2499 1862 2593 1917 τὸν
2622 1864 2777 1918 οἶκον
2810 1861 2997 1932 αὑτοῦ,
3030 1864 3122 1918 καὶ
3164 1860 3319 1937 διῆγε
3370 1864 3705 1934 νηστεύουσα
3759 1862 3855 1919 καὶ

2191 1952 2452 2020 ἀπρόῖτος
2481 1954 2575 2007 σὺν
2606 1957 2726 2016 ταῖς
2759 1950 2878 2009 δυσὶ
2922 1954 3248 2031 θυγατράσιν
3303 1953 3488 2010 αὑτοῦ.
3550 1953 3651 2012 Καὶ
3714 1955 3853 2029 μετὰ

2197 2047 2374 2115 μῆνας
2406 2037 2458 2111 ἔξ
2491 2038 2648 2119 ὢφθη
2681 2042 2821 2117 αὐτῇ
2864 2042 2893 2098 ὁ
2950 2040 3302 2121 ἀρχάγγελος
3355 2037 3628 2119 Γαϐριὴλ,
3688 2044 3855 2121 εὐαγ-

2192 2128 2551 2208 γελιζόμενος
2595 2133 2694 2201 τῆν
2748 2137 2843 2187 τοῦ
2901 2134 3114 2206 κόσμου
3174 2133 3476 2209 σωτηρίαν.
3545 2130 3740 2191 Οὑδενὶ
3802 2133 3862 2190 δὶ

2194 2219 2549 2299 ἀπήγγειλεν,
2610 2218 2715 2285 ἓως
2774 2220 2837 2278 οὗ
2902 2220 3100 2280 ἔτεκεν.
3162 2222 3408 2297 Ἐγένετο
3477 2220 3534 2279 δὲ
3579 2224 3749 2279 ταῦτα
3776 2228 3858 2296 τῷ

2193 2310 2400 2382 πρώτῳ
2435 2310 2568 2383 μηνὶ
2598 2306 2774 2386 ἤγουν
2803 2311 3052 2388 Μαρτίῳ,
3086 2315 3155 2387 τῇ
3185 2313 3281 2379 κε’,
3340 2313 3411 2385 τῇ
3465 2313 3511 2367 α’
3565 2319 3666 2382 τῆς
3695 2308 3861 2368 ἐϐδο-

2197 2394 2367 2471 μάδος
2421 2401 2606 2475 ἡμέρᾳ
2642 2401 2729 2455 καὶ
2790 2402 2836 2456 α’
2891 2408 2993 2471 τῆς
3049 2399 3312 2472 σελήνης
3369 2398 3529 2463 αὑτὸς
3578 2402 3681 2476 γάρ
3741 2399 3859 2458 έστι

2192 2486 2285 2541 καὶ
2313 2484 2471 2549 ἕκτος
2507 2490 2616 2562 μήν
2648 2496 2749 2558 τῆς
2789 2488 3122 2564 συλλήψεως
3178 2490 3456 2548 Ἰωάννου.
3514 2493 3571 2546 Ἥ
3634 2488 3693 2545 δὲ
3723 2497 3858 2547 Θεο-

2190 2578 2567 2650 τόκος,ἠνίκα
2605 2580 2966 2657 ἀπεχώρησεν
3028 2582 3056 2636 6
3115 2580 3491 2657 ἀρχάγγελος,
3548 2580 3716 2652 ἦλθεν
3778 2581 3860 2645 εἷς

2190 2669 2290 2739 τήν
2324 2669 2541 2745 ὀρεινὴν
2573 2671 2698 2741 ἢτοι
2727 2672 2828 2742 τὴν
2864 2670 3117 2745 Βηθλεὲμ
3179 2670 3543 2748 (ὑψηλότερος
3599 2671 3704 2747 γὰρ
3751 2678 3858 2743 τῆς

2192 2759 2437 2832 Ναζαρὲτ
2482 2756 2640 2822 οὗτος
2701 2760 2729 2814 6
2786 2760 3002 2835 τόπος),
3062 2759 3153 2815 καὶ
3201 2760 3487 2831 ἠσπάσατο
3543 2761 3644 2831 τὴν
3702 2758 3856 2817 Ἐλι-

2193 2843 2376 2920 σάϐετ,
2426 2846 2724 2926 έξαδέλφην
2786 2849 2957 2914 αὐτῆς
3017 2847 3207 2919 οὖσαν,
3257 2849 3349 2904 καὶ
3380 2849 3670 2926 ἐγνώρισεν
3712 2848 3848 2923 αὐτῇ

2192 2938 2290 3006 τὴν
2326 2936 2583 2992 ὀπτασίαν
2614 2941 2712 2993 τοῦ
2741 2935 3005 3013 ἀγγέλου,
3045 2939 3134 2994 καὶ
3197 2938 3281 2994 ὅτι
3336 2935 3494 3014 ἂῤῥεν
3553 2934 3697 3014 ἔσχε,
3753 2938 3845 2994 καὶ

2194 3026 2277 3079 δτι
2338 3025 2613 3101 Ζαχαρίας
2669 3026 2928 3082 ὀπτασίαν
2966 3027 3221 3102 έώρακενο
3283 3028 3348 3083 οὐ
3399 3028 3502 3105 γὰρ
3561 3027 3850 3103 ἐγίνωσκεν

434 3137 575 3176 voce
598 3120 893 3176 Zacharias
921 3119 1246 3174 interclusa
1278 3136 1345 3174 ea
1376 3118 1690 3192 ignorabat
1722 3136 1734 3174 :
1770 3125 1829 3174 et
1858 3119 2083 3175 exactis

2198 3110 2488 3170 Ἐλισάϐετ
2507 3115 2603 3171 τοῦ
2640 3117 2918 3192 Ζαχαρίου
2952 3119 3305 3195 σιγήσαντος.
3340 3118 3439 3172 Καὶ
3502 3118 3637 3192 μετά
3680 3124 3857 3191 μῆνας

436 3210 622 3265 tribus
650 3209 959 3265 mensibus
990 3207 1051 3263 in
1103 3208 1404 3263 Galilaeam
1437 3208 1634 3263 rediit.
1671 3212 1744 3263 At
1797 3209 2085 3280 Jossphus

2201 3210 2348 3280 τρεῖς
2409 3206 2733 3283 ὑπέστρεψεν
2791 3206 2868 3269 εἷς
2922 3208 3023 3277 τῆν
3081 3205 3402 3265 Γαλιλαίαν.
3464 3208 3669 3285 Ἰωσήφ
3735 3207 3857 3263 τοί-

437 3317 575 3355 cum
607 3315 855 3371 peregre
905 3299 1149 3354 domum
1208 3315 1481 3354 reversus
1511 3299 1800 3370 virginem
1853 3304 2083 3354 uterum

2201 3315 2292 3348 νυν
2328 3294 2434 3349 ἀπὸ
2465 3297 2564 3360 τῆς
2622 3294 2940 3369 ἀποδημίας
2986 3295 3316 3364 ἐπανελθὼν,
3373 3297 3463 3352 καὶ
3524 3296 3697 3373 εὑρὼν
3753 3298 3856 3367 τῆν

430 3389 585 3443 ferre
612 3387 1126 3460 deprehendisset,
1152 3387 1533 3458 perturbatus
1566 3403 1695 3442 eam
1719 3387 1909 3442 celam
1929 3387 2083 3444 dese-

2204 3384 2469 3459 Παρθένον
2512 3383 2563 3439 έν
2622 3384 2811 3459 γαστρὶ
2868 3380 3125 3460 ἔχουσαν,
3175 3386 3267 3441 καὶ
3320 3381 3644 3462 θορυϐηθεὶς
3702 3380 3861 3442 ἐϐου-

434 3494 565 3532 rere
599 3476 822 3531 statuit.
880 3474 995 3530 Sed
1039 3475 1236 3546 angeli
1287 3474 1657 3545 apparitione
1706 3475 2099 3531 confirmatus-

2204 3470 2349 3543 λήθη
2383 3470 2561 3547 λάθρα
2592 3472 2865 3529 ἀπολῦσαι
2905 3475 3099 3546 αὑτήν·
3142 3472 3291 3531 ἀλλᾶ
3346 3478 3416 3549 τῇ
3471 3472 3706 3547 ὀπτασίᾳ
3761 3479 3863 3531 τοῦ

441 3582 570 3621 eam
601 3565 865 3619 retinuit.
889 3562 1112 3618 Deinde
1145 3578 1278 3617 cum
1313 3563 1551 3617 finitimi
1580 3562 2083 3620 calumniarentur

2199 3558 2435 3637 ἀγγέλου
2478 3561 2751 3640 θαρρήσας
2808 3561 3068 3641 κατέσχεν
3129 3564 3317 3636 αὑτήν.
3378 3566 3511 3619 Εἶτα
3560 3559 3865 3621 διαϐαλλο-

440 3653 771 3724 acerbeque
794 3652 1360 3717 obtrectarent,eum
1392 3651 1676 3723 virginem
1703 3668 1821 3707 non
1840 3653 1913 3707 ad
1936 3670 2087 3725 nup-

438 3742 550 3796 tias
582 3741 684 3797 sed
721 3740 1006 3796 custodim
1054 3756 1233 3796 causa
1266 3740 1485 3811 templo
1517 3740 1855 3809 abduxisse,
1888 3741 2087 3812 itaque

436 3846 569 3886 eam
630 3829 1009 3884 matrimonio
1080 3829 1464 3897 subtraxisse,
1538 3835 1790 3900 uterque
1870 3846 2086 3901 aquam

434 3920 829 3992 experimenti
862 3918 1142 3974 biberunt
1172 3924 1229 3973 et
1259 3919 1320 3973 in
1352 3923 1636 3974 montana
1692 3918 1860 3975 missi
1911 3927 2083 3989 sunt;

426 4009 585 4065 unde
641 4025 775 4064 cum
810 4025 910 4063 eos
966 4008 1299 4064 incolumes
1351 4008 1622 4079 nihilque
1681 4008 1822 4065 mali
1875 4026 2086 4082 passos

427 4103 802 4154 accusatores
853 4097 1096 4165 videret,
1149 4096 1400 4153 crimine
1440 4096 1844 4154 absolverunt.
1899 4101 2083 4155 Porro

429 4205 564 4244 cum
598 4204 814 4243 census
840 4185 966 4257 jam
995 4191 1288 4258 ageretur,
1321 4185 1614 4258 Iosephus
1646 4204 1780 4243 cum
1812 4188 1993 4244 Maria
2021 4189 2083 4244 in

425 4277 693 4333 Judazam
753 4275 945 4344 abiit;
1008 4275 1398 4348 angustiaque
1456 4276 1744 4348 temporis
1792 4278 2081 4348 prwventi

429 4367 796 4423 diverterunt
826 4368 887 4421 in
918 4366 1266 4422 suburbium
1303 4366 1682 4435 Bethleemze,
1717 4367 1874 4438 quod
1895 4369 2083 4440 possi-

427 4455 604 4511 debat
652 4456 886 4511 Solome
942 4455 1250 4522 obstetrix,
1307 4456 1501 4510 Μανία]
1559 4457 1940 4512 consobrina.
1992 4457 2078 4513 lbi

2203 3650 2379 3723 μένων
2416 3649 2576 3705 αὑτὸν
2627 3650 2715 3706 καὶ
2776 3657 2987 3726 πικρῶς
3045 3650 3493 3727 λοιδορουμένων
3545 3657 3653 3708 τῶν
3715 3651 3859 3726 ὀμο-

2200 3740 2463 3814 ροὺντων,
2504 3739 2578 3803 ὡς
2631 3740 2730 3796 οὑκ
2785 3727 2871 3797 έπί
2927 3740 3090 3818 γάμῳ
3136 3740 3263 3798 ἀλλ’
3324 3741 3414 3797 ἐπὶ
3479 3739 3701 3820 φυλακῇ
3752 3742 3857 3811 τὴν

2198 3830 2469 3902 Παρθένον
2493 3827 2554 3883 ἐκ
2578 3834 2673 3885 τοῦ
2712 3832 2861 3907 ἱεροῦ
2892 3825 3134 3887 λαϐόντα
3189 3830 3280 3887 καὶ
3335 3829 3859 3908 κλεψιγαμήσαντα,

2194 3919 2257 3975 τὸ
2291 3916 2439 3996 ὕδωρ
2467 3927 2568 3991 τῆς
2602 3919 2860 3996 ἐλέγξεως
2892 3922 3189 3998 ἀμρότεροι
3244 3921 3460 3978 πίνουσι
3517 3923 3609 3977 καὶ
3648 3920 3726 3985 εἷς
3754 3924 3862 3993 τὴν

2195 4008 2412 4084 ὀρεινὴν
2486 4011 2814 4083 πέμπονται.
2866 4011 3016 4070 Μετὰ
3079 4015 3248 4068 ταῦτα
3300 4012 3374 4074 ὡς
3452 4009 3600 4067 εἶδον
3656 4011 3857 4075 αυτοὺς

2197 4099 2630 4175 ὑποστρέψαντας
2661 4101 2751 4156 καὶ
2804 4098 2978 4175 μηδὲν
3018 4098 3287 4167 παθόντας
3345 4102 3609 4177 πονηρὸν,
3653 4098 3860 4157 ἀπέλυ-

2193 4210 2288 4244 σαν
2347 4189 2567 4253 αὐτοὺς.
2627 4195 2734 4259 Τῆς
2786 4192 3116 4268 ἀπογραφῆς
3172 4187 3229 4246 δὲ
3287 4192 3583 4269 γενομένης
3622 4190 3845 4266 ἀνήχθη

2194 4277 2289 4333 σὺν
2317 4283 2396 4351 τῷ
2427 4280 2629 4358 Ἰωσήφ
2672 4279 2749 4342 εἰς
2806 4281 2906 4349 τήν
2964 4276 3247 4336 Ἰουδαίαν·
3302 4281 3379 4355 μὴ
3433 4281 3729 4356 φθάσαντες
3791 4275 3850 4335 δὶ

2189 4364 2486 4422 κατέλυσαν
2574 4368 2651 4432 εἷς
2733 4370 3056 4443 προάστειον
3118 4376 3243 4440 ,τῆς
3323 4367 3599 4442 Βηθλεὲμ,
3690 4369 3719 4423 ὃ
3779 4368 3851 4439 ἧν

2189 4462 2379 4529 κτῆμα
2438 4454 2719 4530 Σαλώμης
2777 4464 2876 4528 τῆς
2939 4456 3121 4532 μαίας,
3200 4462 3301 4525 τῆς
3386 4456 3685 4534 έξαδέλφης
3747 4463 3854 4528 τῆς

430 4561 501 4599 ex
530 4546 710 4599 Maria
738 4549 914 4599 natus
946 4543 1392 4610 Emmanuelus,
1428 4550 1631 4600 octavo
1664 4545 1759 4600 die
1818 4546 2073 4602 circum-

2193 4516 2477 4602 Θεότόκου.
2554 4516 2783 4603 Κάκείσε
2834 4516 2991 4603 ’ἔτεκε
3182 4516 3601 4621 Ἐμίμαινόυήλ,⁸
3635 4516 3726 4601 καὶ

427 4633 606 4696 cisus,
638 4638 772 4704 post
803 4633 956 4706 3‘28
998 4632 1392 4705 quadraginta
1450 4632 1576 4688 dies
1607 4634 2076 4706 Hierosolymam

425 4720 716 4775 adductus
749 4726 858 4789 est,
892 4726 956 4775 ut
992 4721 1236 4776 Domino
1268 4721 1598 4777 secundum
1624 4721 1813 4795 legem
1838 4724 2075 4781 sistere-

428 4810 1006 4881 tur;{acceptusque
1065 4816 1153 4864 est
1200 4809 1448 4881 a'justo
1501 4812 1811 4881 Symeone.
1871 4814 1924 4868 Is
1972 4815 2076 4871 Dei

425 4905 701 4971 receptor
730 4901 985 4971 Symeon
1037 4899 1274 4955 Judmus
1308 4917 1459 4955 unus
1521 4906 1648 4956 erat
1704 4903 1775 4958 de
1835 4903 1905 4957 70
1955 4904 2077 4960 illis

424 4990 877 5060 interpretibus,
912 4989 1011 5059 qui
1044 4988 1363 5043 Ptolemaeo
1405 4990 1789 5063 Philadelpho
1851 4993 2077 5067 A-Igypti

423 5078 548 5150 regi
582 5078 934 5133 llebraicum
981 5078 1158 5131 Vetus
1218 5079 1656 5135 Testamentum
1692 5081 1754 5136 in
1810 5083 2077 5138 Graecum

395 5167 855 5223 .transtulerant
907 5183 1242 5221 sermonem
1294 5175 1431 5223 ante
1482 5169 1696 5224 Christi
1756 5171 2077 5228 adventum

425 5257 579 5312 sicut
603 5256 770 5311 divus
832 5255 1288 5327 tlhrysostomus
1345 5257 1404 5310 in
1440 5274 1547 5325 suo
1605 5258 1677 5313 de
1708 5276 1810 5313 sex
1866 5259 2077 5317 diebus

425 5362 603 5417 opere
638 5346 834 5402 tradit.
870 5349 1061 5418 Atque
1088 5345 1184 5401 hic
1216 5346 1474 5418 Symeon
1506 5364 1638 5403 cum
1669 5348 1834 5404 Isaia)
1865 5349 2072 5406 vatici-

2190 4632 2357 4711 ὀγδόῃ
2413 4633 2597 4711 ἡμέρᾳ
2650 4634 2936 4711 περιέτεμε
2991 4636 3055 4692 τὸ
3112 4633 3350 4696 παιδίον.
3433 4636 3532 4692 Καὶ
3606 4636 3742 4710 μετᾶ
3799 4651 3855 4710 μ’

2187 4724 2399 4797 ἡμέρας
2454 4722 2724 4799 ἀνήγαγεν
2782 4724 2914 4780 αὐτὸ
2972 4725 3049 4788 εἰς
3106 4724 3464 4802 Ἰεροσόλυμα
3500 4731 3853 4801 παραστῆσαι

2185 4816 2266 4883 τῷ
2294 4813 2478 4887 Κυρίῳ
2508 4812 2645 4868 κατά
2700 4816 2792 4868 τὸν
2849 4815 3044 4888 νόμον,
3102 4814 3194 4870 καὶ
3240 4812 3516 4886 ὑπεδέχθη
3576 4814 3724 4891 παρὰ
3751 4818 3853 4869 τοῦ

2190 4897 2405 4956 δικαίου
2465 4904 2717 4976 Συμεών.
2795 4904 2965 4968 Οὗτος
3021 4904 3122 4980 γὰρ
3210 4906 3238 4959 6
3294 4903 3557 4981 θεοδόχος
3617 4907 3852 4978 Συμεὼν

2190 4988 2454 5053 Ἰουδαῖος
2496 4988 2570 5045 ὧν
2600 4991 2676 5055 εἷς
2709 4994 2927 5068 ὑπῆρχε
2956 4999 3063 5050 τῶν
3126 4995 3174 5048 o'
3226 4998 3335 5051 τῶν
3394 4994 3484 5049 καὶ
3545 4987 3856 5071 Ἐϐραῖκῶς

2188 5081 2598 5155 συντεθειμένην
2659 5083 2759 5152 τὴν
2821 5083 3062 5139 Παλαιὰν
3113 5084 3258 5147 θείαν
3336 5085 3555 5164 Γραφῆν
3614 5082 3694 5145 είς
3742 5084 3847 5153 τήν

2188 5166 2432 5225 Ἐλλάδα
2509 5167 2763 5245 γλῶσσαν
2835 5168 3262 5245 μεταϐαλόντων
3320 5171 3410 5227 ἐπὶ
3504 5175 3658 5247 [187]
3706 5176 3852 5226 Πτο-

2187 5257 2422 5332 λεμαίου
2468 5262 2566 5315 τοῦ
2624 5256 2981 5338 Φιλαδέλφου
3040 5261 3316 5335 βασιλέως
3373 5262 3679 5338 Αἰγύπτου,
3737 5259 3851 5335 πρὸ

2186 5349 2394 5427 χρόνου
2424 5359 2525 5421 τῆς
2553 5353 2790 5428 Χριστοῦ
2822 5354 3123 5426 παρουσίας
3156 5356 3292 5428 (34),
3334 5352 3409 5417 ὡς
3442 5352 3470 5407 ὀ
3531 5354 3673 5415 θεῖος
3703 5353 3857 5428 Χρυ-

1641 5447 2001 5505 XYLANDRI
2042 5452 2129 5506 ET
2165 5452 2386 5508 GOARI
2427 5453 2652 5508 NOTAE.

497 5543 603 5629 (34)
633 5545 927 5629 Numerus
958 5561 1258 5629 annorum
1289 5545 1523 5629 videtur
1552 5548 1863 5605 excidisse.
1897 5550 2004 5615 Qui
2054 5550 2254 5608 minor
2302 5569 2480 5624 quam
2515 5555 2620 5609 250
2678 5570 2809 5611 esse
2842 5555 3011 5613 nullo
3045 5555 3231 5613 modo
3280 5555 3498 5629 potuit,
3533 5560 3599 5612 ut
3629 5553 3870 5614 ratione

428 5610 862 5688 chronologicaa
894 5618 1327 5674 demonstrant.
1363 5618 1502 5676 XvL.
