4154 6432
300 360 406 423 365

1510 356 2052 422 HlSTOlllARUM
2101 356 2652 420 COMPENDIUM.

3614 361 3739 424 366

306 493 572 567 σόστομος
604 489 657 547 ἓν
682 490 752 565 τῇ
775 491 1098 567 Ἐξαημὲρῳ
1125 488 1293 565 λέγει.
1332 492 1433 554 ’Ὀς
1477 489 1722 566 ἐντυχὼν
1752 494 1833 562 τῷ
1862 493 1960 544 τοῦ

2084 489 2243 546 nium
2272 490 2534 564 legisset,
2584 489 2872 565 virginem
2919 488 3222 563 gravidam
3271 490 3397 549 fore
3438 498 3734 567 partuque

314 583 593 659 προφήτου
631 579 856 637 Ἡσαΐου
906 579 1059 658 ρητῷ
1088 585 1168 653 τῷ
1234 579 1465 656 λέγοντι,
1502 605 1530 633 ››
1589 577 1731 638 Ἰδοὺ
1763 581 1798 649 ἡ
1822 599 1964 654 παρ-

315 672 451 735 θένος
481 670 532 727 ἐν
565 669 758 745 γαστρὶ
791 666 893 739 ἕξει
924 670 1015 724 καὶ
1070 668 1276 742 τέξεται
1331 670 1471 742 υἱὸν,
1527 668 1616 725 καὶ
1671 666 1965 724 καλὲσουσι

311 764 367 819 τὸ
418 757 591 836 ὄνομα
675 759 844 816 αὐτοῦ
926 758 1311 835 Ἐμμανουήλ,
1384 757 1708 832 διηπίστησε
1761 758 1962 831 τούτῳ,

313 849 565 908 ἀδύνατον
629 852 768 905 εἶναι
830 847 1004 925 λέγων
1036 893 1051 919 ,
1098 848 1222 905 ὅσον
1282 848 1366 906 ἐπ’
1414 850 1727 925 ἀνθρωπίνῃ
1786 846 1964 926 φύσει,

310 941 366 998 τὸ
392 939 656 1017 παρθένον
717 943 913 996 τεγεῖν.
974 936 1162 1003 Οὕτως
1216 940 1310 994 οῦν
1372 935 1516 1014 ἔχων
1565 936 1967 1011 ἀποκαλύψεως

314 1028 467 1110 ἔτυχε
501 1028 646 1093 θείας
669 1025 776 1090 ἕως
832 1027 955 1083 τότε
1002 1031 1083 1100 τῷ
1141 1027 1248 1103 βίῳ
1304 1033 1567 1103 περιεῖναι
1620 1022 1723 1089 ἕως
1781 1023 1842 1082 ἃν
1867 1046 1964 1081 τε-

316 1119 478 1194 λεσθῇ
531 1118 597 1174 τὸ
657 1122 802 1183 θεῖον
860 1120 956 1171 τοῦ
1021 1118 1308 1195 προφήτου
1392 1116 1575 1191 ῥητόν
1634 1116 1664 1171 ’ὁ
1722 1112 1790 1183 δὴ
1874 1115 1966 1171 καὶ

314 1208 370 1264 τὸ
409 1211 553 1272 θεῖον
614 1208 765 1280 ἡμᾶς
825 1201 1063 1261 διδάσκει
1115 1209 1298 1285 σαφῶς
1353 1204 1716 1284 Εύαγγὲλιον,
1776 1203 1963 1280 λέγον·

316 1298 593 1370 «Πνεῦμα
644 1295 801 1370 ἅγιον
855 1295 923 1365 ἦν
977 1294 1062 1350 ἐπ’
1143 1293 1313 1368 αὐτῷ,
1386 1294 1477 1351 καὶ
1538 1295 1603 1364 ἦν
1671 1292 1818 1367 αύτῷ
1875 1314 1967 1349 κε-

310 1385 755 1466 χρηματισμένον
831 1384 934 1442 ὑπὸ
987 1389 1088 1441 τοῦ
1148 1383 1460 1460 Πνεύματος
1514 1388 1616 1441 τοῦ
1671 1384 1824 1461 ἁγίου
1885 1386 1963 1457 μὴ

314 1473 439 1533 ἰδεῖν
470 1476 700 1541 θάνατον
732 1476 861 1551 πρὶν
896 1471 995 1550 ’ἔδῃ
1056 1473 1149 1530 τὸν
1204 1475 1431 1550 χριστὸν
1488 1475 1712 1549 Κυρίου.
1752 1497 1781 1525 ››
1810 1470 1963 1530 Ἰδὼν

313 1566 490 1621 τοίνυν
523 1562 681 1620 αὐτὸν
716 1561 769 1619 ἐν
798 1566 879 1636 τῷ
934 1564 1066 1638 ἱερῷ
1126 1563 1324 1641 βρέφος
1368 1563 1969 1638 τεσσαρακονθημερον⁴⁹

315 1655 399 1712 καὶ
451 1651 743 1729 δεξάμενος
810 1653 974 1709 αὐτὸν
1030 1652 1108 1715 εἷς
1164 1654 1260 1716 τὰς
1318 1651 1562 1730 ἀγκάλας
1627 1652 1818 1720 αὐτοῦ,
1875 1652 1965 1707 καὶ

312 1745 497 1817 εἰπὼν,
537 1767 564 1799 ι
591 1745 703 1801 Νῦν
732 1741 992 1806 ἀπολύεις
1023 1742 1115 1798 τὸν
1149 1740 1347 1799 δοῦλόν
1378 1764 1495 1811 σου,
1528 1742 1792 1811 Δέσποτα,
1833 1743 1971 1797 κατὰ

2079 578 2265 635 {ilium
2289 581 2737 637 Emmanuelem
2762 581 3003 636 nomine
3026 580 3340 648 edituram,
3367 581 3545 637 fidem
3576 582 3734 640 dicto

2078 685 2325 741 prorsus
2351 669 2671 741 derogavit,
2721 669 2878 741 quod
2927 670 3193 726 humana
3244 675 3461 727 natura
3489 673 3735 730 omnino

2075 758 2359 831 virginem
2410 775 2620 831 parere
2651 776 2775 815 non
2832 759 3194 816 admitteret.
3228 759 3320 815 Sic
3372 760 3424 815 ei
3473 761 3738 818 animato

2076 846 2358 903 divinitus
2397 848 2759 920 patefactum
2806 854 2897 904 est
2942 850 3235 905 victurum
3267 866 3336 904 eo
3367 866 3557 921 usque
3589 850 3736 908 dum

2076 939 2224 994 vatis
2255 939 2563 996 oraculum
2596 941 2969 1014 impleretur.
3000 941 3067 997 Id
3106 959 3214 998 nos
3264 958 3503 998 sacrum
3557 942 3740 998 etiam

2078 1028 2250 1084 docet
2298 1031 2678 1103 Evangelium
2738 1031 2830 1086 his
2882 1031 3077 1086 verbis
3107 1029 3193 1086 '3:
3250 1051 3274 1081 ι
3328 1032 3468 1087 Erat
3524 1031 3739 1104 spiritu

2081 1124 2286 1174 sancto
2314 1119 2619 1191 praeditus,
2644 1119 2717 1175 ab
2747 1136 2935 1192 eoque
2969 1121 3275 1176 oraculum
3307 1124 3640 1194 acceperat,
3673 1137 3737 1177 se

2078 1223 2199 1263 non
2225 1212 2362 1263 ante
2391 1209 2745 1264 moriturum
2777 1225 2956 1281 quam
2989 1210 3241 1265 Unctum
3290 1210 3526 1265 Domini
3558 1210 3743 1265 vidis-

2082 1302 2189 1354 set.
2226 1318 2254 1348 »
2285 1298 2434 1354 Eum
2465 1314 2602 1371 ergo
2633 1298 2698 1354 in
2738 1298 2958 1372 templo
2991 1298 3196 1355 videns
3245 1298 3563 1371 puerulum
3595 1315 3742 1372 qua-

2080 1386 2352 1459 draginta
2368 1387 2623 1456 dierum,
2644 1388 2704 1443 in
2723 1388 2896 1444 ulnas
2908 1389 3156 1463 accepit,
3174 1388 3480 1461 fatusque:
3507 1410 3535 1440 «
3550 1391 3742 1459 Nunc,

2076 1477 2348 1549 Domine,
2384 1494 2622 1534 servum
2654 1483 2819 1534 tuum
2853 1477 3087 1535 dimitte
3114 1479 3176 1534 in
3206 1494 3351 1551 pace
3411 1478 3741 1535 secundum

2080 1564 2325 1622 verbum
2381 1572 2571 1635 tuum,
2605 1589 2633 1617 ››
2686 1567 2859 1623 laetus
2890 1567 2964 1622 ad
3024 1584 3161 1624 eum
3219 1568 3362 1623 hinc
3413 1568 3743 1641 emigravit.

2082 1657 2306 1713 Deinde
2335 1659 2628 1730 Iosephus
2659 1659 2943 1715 divinitus
2976 1666 3064 1715 est
3095 1660 3156 1716 in
3188 1662 3500 1733 Egyptum
3542 1660 3746 1733 fugere

2074 1763 2305 1819 JllSSllS.

314 1836 374 1891 τὸ
404 1834 562 1911 ῥῆμά
588 1854 685 1890 σου
710 1833 762 1890 ἐν
787 1833 998 1916 εἰρήνῃ,
1042 1856 1070 1886 »
1100 1834 1239 1909 πρὸς
1276 1833 1436 1890 αὐτὸν
1465 1830 1770 1908 ἐξεδήμησε
1800 1832 2035 1909 χαίρων.
2066 1835 2201 1892 Εἶτα
2227 1836 2609 1912 ἐχρηματίσθη
2644 1838 2848 1913 Ἰωσήφ
2881 1843 3065 1916 φυγεῖν
3099 1838 3174 1901 εἰς
3203 1837 3503 1916 Αἴγυπτον.

373 1924 530 1983 Μετὰ
558 1921 616 1979 δὶ
655 1919 751 1978 δύο
782 1915 876 1993 ἔτη
932 1921 1155 1994 ἐποίησε
1202 1924 1300 1994 τὴν
1365 1921 1750 2003 βρεφοκτονίαν
1781 1922 1958 1997 Ἡρώ-

2145 1928 2283 1983 Post
2327 1927 2635 1984 biennium
2685 1915 2946 1984 Herodes
2996 1915 3578 2001 puerulosnecavit,
3628 1932 3737 1987 Za-

312 2013 407 2087 δης
441 2016 576 2088 (55),
603 2011 694 2068 καὶ
722 2012 815 2068 τὸν
848 2012 1127 2087 Σαχαρίαν
1185 2007 1382 2067 ἔσωθεν
1430 2015 1529 2067 τοῦ
1582 2010 1971 2087 θυσιαστηρίου

320 2103 496 2159 ἀνεῖλε
521 2104 956 2178 λειτουργοῦντα.
1017 2102 1081 2159 Ἠ
1146 2098 1205 2158 δὶ
1259 2095 1550 2158 Ἐλισάϐετ
1607 2095 1852 2157 λαϐοῦσα
1877 2099 1971 2156 τὸν

326 2191 567 2262 Ἰωάννην
619 2190 835 2262 ἒξηλθεν
894 2191 969 2254 εἷς
1018 2191 1120 2261 τήν
1175 2188 1385 2267 ἔρημον
1421 2234 1437 2262 ,
1512 2189 1603 2246 καὶ
1661 2184 1864 2265 ἐκρύϐη
1919 2187 1969 2245 ἰν

328 2279 585 2354 σπηλαίῳ
612 2282 813 2357 ἡμέρας
879 2282 1300 2358 τεσσαράκοντα,
1357 2282 1448 2336 καὶ
1510 2278 1879 2351 ἐτελεύτησεν.
1909 2280 1972 2337 Ὁ

321 2367 378 2427 δῖ
413 2371 654 2442 Ἰωάννης
684 2371 735 2426 ἒν
784 2375 856 2447 τῇ
914 2371 1108 2447 ἐρήμῳ
1160 2368 1452 2446 ὁδηγηθεὶς
1502 2370 1606 2426 ὑπό
1655 2373 1754 2426 τοῦ
1812 2370 1973 2446 ἀγγέ-

317 2469 419 2516 Αου
470 2459 558 2516 καὶ
614 2459 666 2517 ἂν
722 2459 863 2536 αὐτῇ
920 2460 1244 2540 ἀνατραφεὶς
1298 2457 1510 2534 ἔμεινεν
1561 2456 1667 2523 ἓως
1716 2465 1817 2531 τῆς
1873 2463 1971 2515 τοῦ

310 2550 517 2625 Κυρίου
547 2546 884 2621 ἀναδείξεως.

378 2640 537 2699 Μετὰ
575 2638 633 2696 δὶ
697 2646 960 2711 πενταετῆ
1020 2638 1219 2716 χρόνον
1282 2641 1606 2714 ὑπέστρεψεν
1658 2640 1861 2717 Ἰωσὴφ
1893 2638 1970 2703 εἷς

312 2730 564 2806 Ναζαρὲτ
594 2729 647 2802 ἐξ
676 2729 980 2806 Αἰγύπτου,
1012 2731 1103 2787 καὶ
1132 2725 1297 2787 ἔλαϐε
1353 2732 1454 2800 την
1510 2728 1778 2806 θυγατέρα
1807 2727 1972 2784 αὐτοῦ

314 2820 523 2897 Μαρίαν
584 2818 831 2883 Κλεόπας
885 2820 914 2875 6
959 2818 1194 2897 ἀδελφὸς
1248 2820 1418 2875 αὐτοῦ
1488 2818 1830 2895 ὁμοπάτριος
1883 2816 1973 2873 καὶ

306 2911 679 2985 ὁμομήτριος,
709 2909 800 2966 καὶ
835 2910 893 2981 ἐξ
951 2910 1119 2979 αὐτῆς
1173 2907 1427 2985 ἐγέννησε
1478 2907 1573 2964 τὸν
1630 2906 1883 2982 Συμεὼν,
1911 2908 1971 2971 ’ὸς

308 3003 445 3076 μετᾶ
503 2996 763 3059 Ἰάκωϐον
824 3002 915 3057 τὸν
982 2997 1216 3079 ἀδελφὸν
1264 3003 1363 3055 τοῦ
1417 2998 1619 3075 Κυρίου
1676 2997 1974 3062 ἐπίσκοπος

310 3093 534 3169 γέγονεν
564 3088 967 3166 Ἰεροσολύμων
1013 3090 1105 3147 καὶ
1162 3089 1247 3146 ἐπὶ
1302 3093 1632 3165 Δομετιανοῦ
1693 3090 1974 3164 μαρτυρή-

311 3201 408 3244 σας
436 3180 776 3255 ἐσταυρώθη.
825 3176 1031 3242 Ἰούδας
1064 3177 1121 3236 δὲ
1151 3179 1180 3234 6
1228 3176 1463 3259 ἀδελφὸς
1501 3177 1667 3234 αὐτοῦ
1724 3177 1975 3254 ἐγέννησε

314 3265 416 3323 δύο
450 3268 634 3340 υἱοὺς,
664 3272 929 3343 Ζωκτῆρα
955 3268 1047 3324 καὶ
1079 3261 1356 3326 Ἰάκωϐον.

377 3454 478 3505 Ἠν
511 3444 570 3504 δὲ
600 3448 857 3519 Ἰωάννης
887 3444 971 3503 λα¹
1001 3447 1230 3524 χρόνου,
1263 3447 1352 3503 ὅτε
1384 3444 1578 3519 ἐξῆλθε
1604 3448 1703 3513 τῆς
1732 3445 1964 3521 ἰρήμου.

305 3539 409 3594 Καὶ
441 3536 769 3613 κηρύσσοντι
799 3534 1183 3608 ἠκολούθησαν
1242 3535 1388 3610 αύτῷ
1443 3533 1671 3605 πολλοὶ,
1706 3534 1757 3591 ἐν
1791 3538 1874 3598 οἷς
1899 3536 1966 3605 ἦν

307 3630 403 3683 καὶ
462 3623 719 3701 Ἀνδρέας
771 3626 863 3682 καὶ
906 3625 1183 3696 Ἰωάννης.
1234 3624 1333 3681 Καὶ
1383 3629 1491 3680 τῶν
1542 3625 1636 3699 μὲν
1692 3622 1967 3702 λεγόντων

310 3719 400 3773 δτι
433 3716 463 3772 ὁ
495 3716 730 3792 Χριστός
760 3716 893 3785 ἐστι,
924 3720 1032 3772 τῶν
1065 3712 1123 3771 δὲ
1153 3716 1239 3771 ὅτι
1263 3716 1575 3793 προφήτης,
1631 3713 1683 3770 ἐν
1735 3717 1834 3788 μιᾷ
1860 3718 1968 3769 τῶν

301 3807 539 3882 ἡμερῶν
575 3803 749 3875 ἦλθον
816 3802 1022 3861 πολλοὶ
1061 3803 1225 3876 πέραν
1280 3808 1378 3859 τοῦ
1428 3800 1703 3883 Ἰορδάνου
1736 3801 1787 3858 ἐν
1811 3804 1974 3878 χώρᾳ

303 3891 632 3971 Βηθαϐαρᾳ,
657 3895 749 3952 καὶ
798 3889 1178 3964 ἐϐαπτίζοντο.
1226 3892 1523 3957 Ἐλθόντος
1555 3890 1612 3948 δὲ
1639 3897 1735 3948 τοῦ
1768 3894 1971 3963 Ἰησοῦ,

299 3987 381 4049 ὡς
413 3983 558 4041 εἶδεν
583 3985 743 4041 αὐτὸν
776 3986 807 4041 ὁ
835 3983 1119 4055 Ἰωάννης,
1183 3983 1355 4038 εἶπεν·
1390 4008 1417 4036 ‹‹
1456 3979 1568 4040 Ἴδε
1598 3981 1626 4038 ὁ
1659 3981 1851 4058 Ἀγνὸς
1875 3985 1973 4037 τοῦ

302 4078 473 4131 Θεοῦ.
508 4099 536 4127 »
568 4074 671 4132 Καὶ
722 4072 959 4136 ἀκούσας
1007 4069 1262 4147 ’Δνδρέας
1291 4072 1381 4127 καὶ
1415 4071 1698 4141 Ἰωανννης
1730 4068 1972 4142 ἠκολού-

303 4175 490 4235 θησαν
518 4167 598 4236 τῷ
628 4166 829 4234 Ἰησοῦ.
885 4161 1040 4221 Μετᾶ
1096 4158 1155 4217 δὲ
1202 4162 1266 4217 τὸ
1313 4161 1648 4236 ὑποστρέψαι
1705 4158 1864 4215 αὑτὸν
1897 4159 1974 4223 είς

304 4252 569 4328 Ναζαρὲτ
616 4250 964 4323 ἐτελεύτησεν
1021 4251 1224 4329 Ἰωσήφ
1266 4250 1398 4306 ἑτῶν
1462 4249 1551 4324 ρι’.
1606 4249 1977 4320 Τελευτήσαν-

292 4360 401 4403 τος
437 4336 497 4394 δὲ
539 4340 625 4395 καὶ
686 4336 976 4396 Ζεϐεδαίου
1030 4338 1237 4415 ἤγαγεν
1297 4337 1550 4409 Ἰωάννης
1594 4337 1682 4392 καὶ
1718 4331 1979 4402 Ἰάκωϐος

292 4432 409 4502 τήν
453 4429 661 4506 μητέρα
717 4430 917 4500 αύτῶν,
965 4428 1058 4484 καὶ
1113 4435 1272 4499 συνῆν
1332 4431 1403 4503 τῇ
1436 4426 1706 4502 Θεοτόκῳ·
1760 4428 1861 4498 τὴν
1921 4425 1980 4483 δὶ

288 4521 506 4589 κτῆσιν
568 4519 751 4575 αὐτῶν
842 4518 1184 4590 πολήσαντες
1248 4518 1463 4596 Καϊάφᾳ
1546 4518 1820 4594 ἠγόρασαν
1879 4518 1979 4588 τήν

2082 2017 2464 2091 chariamque
2489 2019 2673 2075 sacris
2708 2025 3055 2092 operantem
3076 2020 3234 2076 intra
3275 2020 3460 2077 altare
3495 2020 3742 2077 interfe-

2080 2107 2179 2165 cit.
2212 2111 2287 2164 At
2316 2109 2634 2175 Elisabeta,
2665 2115 2971 2182 assumpto
2992 2112 3239 2178 Joanne,
3273 2110 3334 2166 in
3354 2110 3742 2167 solitudinem

2079 2199 2241 2268 exiit,
2275 2199 2455 2271 inque
2485 2200 2771 2272 spelunca
2801 2200 2929 2256 dies
2980 2202 3373 2274 quadraginta
3421 2218 3557 2258 cum
3591 2201 3743 2258 deli-

2079 2288 2311 2355 tuisset,
2343 2288 2504 2345 diem
2536 2306 2710 2345 suum
2740 2291 2895 2347 829
2929 2290 3096 2347 obiit.
3129 2292 3388 2347 Joannes
3420 2291 3483 2347 in
3525 2289 3739 2347 solitu-

2079 2376 2219 2433 dine
2277 2379 2350 2435 ab
2429 2379 2641 2449 angelo
2695 2380 3005 2436 institutus
3063 2386 3240 2452 atque
3300 2381 3598 2437 enutritus
3657 2380 3739 2436 ibi

2078 2468 2299 2523 mansit
2327 2466 2517 2524 donec
2547 2468 2810 2525 Christus
2840 2469 2903 2524 in
2928 2468 3236 2542 publicum
3266 2470 3507 2543 prodiit.

2148 2644 2291 2700 Post
2318 2644 2804 2716 quinquennium
2851 2644 3142 2716 Iosephus
3171 2662 3244 2701 ex
3283 2647 3524 2718 [Egypto
3555 2646 3741 2701 Naza-

2078 2737 2269 2788 retam
2292 2734 2551 2788 revertit.
2577 2733 2716 2805 Ejus
2740 2733 2926 2789 filiam
2950 2733 3191 2790 Mariam
3209 2733 3521 2807 Cleophas,
3554 2734 3741 2790 frater

2077 2822 2316 2893 Iosephi
2375 2838 2444 2877 ex
2497 2827 2754 2893 utroque
2801 2827 3068 2894 parente,
3124 2821 3293 2878 duxit
3341 2839 3610 2890 uxorem,
3662 2840 3736 2879 ex

2080 2923 2268 2980 eaque
2327 2908 2682 2980 Symeonem
2758 2908 3018 2977 sustulit,
3094 2909 3196 2981 qui
3254 2915 3387 2982 post
3451 2909 3734 2967 Iacobum

2080 2997 2317 3053 Domini
2349 2996 2592 3053 fratrem
2648 2998 2962 3070 episcopus
3011 2998 3126 3054 fuit
3163 2997 3607 3072 Hierosolymis,
3665 3018 3736 3058 ac

2080 3086 2416 3142 Domitiano
2446 3086 2775 3158 imperante
2806 3087 2867 3141 in
2911 3102 3144 3142 crucem
3196 3091 3361 3142 actus
3391 3088 3608 3145 divina:
3638 3106 3741 3145 ve-

2079 3177 2240 3232 ritati
2272 3193 2379 3232 suo
2411 3176 2703 3249 supplicio
2736 3176 3146 3233 testimonium
3177 3177 3497 3248 perhibuit.
3551 3179 3737 3236 Iudas

1999 3281 2042 3349 ο
2080 3272 2279 3321 autem
2312 3265 2493 3322 frater
2524 3265 2651 3339 ejus
2699 3265 2846 3322 duos
2876 3266 3083 3338 genuit
3112 3265 3289 3336 filios,
3341 3267 3644 3324 Zocterem
3677 3274 3737 3324 et

2076 3354 2381 3412 Iacobum.

2146 3446 2387 3500 Annum
2435 3460 2616 3517 agens
2665 3446 2922 3501 Ioannes
2956 3445 3019 3500 31
3082 3445 3400 3502 solitudine
3458 3462 3735 3519 egressus

2076 3539 2186 3602 est,
2249 3550 2505 3606 eumque
2561 3535 3015 3591 concionantem
3074 3534 3247 3590 multi
3311 3536 3499 3591 secuti
3551 3542 3734 3605 sunt;

2077 3640 2332 3696 quorum
2393 3629 2566 3679 erant
2620 3624 2799 3680 etiam
2854 3624 3122 3681 Andreas
3167 3641 3235 3681 ac
3292 3626 3564 3681 Ioannss.
3617 3626 3736 3682 Alii

2078 3717 2275 3768 autem
2336 3729 2472 3769 eum
2503 3713 2823 3779 Christum,
2869 3712 2969 3769 alii
3019 3718 3213 3770 vatem
3264 3714 3573 3786 putabant.
3632 3715 3737 3771 Die

2080 3801 2334 3873 quadam
2366 3801 2539 3857 multi
2588 3801 2999 3872 Bethabaram,
3035 3802 3135 3873 qui
3185 3808 3278 3858 est
3318 3808 3483 3860 trans
3511 3803 3729 3860 Iorda-

2078 3907 2216 3946 nem
2246 3890 2434 3958 locus,
2485 3897 2773 3947 venerunt
2824 3908 2892 3947 ac
2921 3890 3193 3963 baptizati
3255 3898 3413 3947 sunt.
3472 3894 3554 3948 Eo
3594 3910 3731 3950 cum

2077 3982 2245 4036 Iesus
2265 3980 2844 4049 advenisset,videns
2877 3997 3013 4037 eum
3054 3981 3316 4053 Baptista
3359 3981 3547 4037 dixit:
3577 4004 3599 4034 ι
3644 3984 3731 4039 En

2080 4074 2282 4145 Agnus
2292 4072 2397 4125 Dei
2420 4070 2483 4126 Μ.
2502 4093 2529 4121 ››
2552 4073 2676 4137 Quo
2697 4070 2898 4127 audito
2911 4070 3178 4127 Andreas
3190 4076 3250 4126 et
3264 4073 3556 4128 IoannesI
3563 4088 3733 4129 esum

2081 4159 2268 4217 secuti
2300 4164 2458 4215 sunt.
2483 4161 2561 4214 Eo
2591 4160 2935 4215 Nazaretam
2968 4176 3202 4214 reverso
3227 4160 3521 4232 Iosephus
3555 4161 3740 4217 mori-

2082 4255 2199 4319 tur,
2230 4265 2418 4304 annos
2450 4252 2624 4303 natus
2658 4248 2780 4302 110.
2813 4249 2957 4303 Cum
2977 4253 3199 4304 .autem
3244 4247 3561 4303 Zebedmus
3591 4265 3744 4320 quo-

2083 4356 2197 4411 que
2228 4342 2499 4393 mortuus
2526 4342 2702 4405 esset,
2726 4336 3102 4391 adduxerunt
3122 4338 3381 4393 Ioannes
3410 4342 3467 4392 et
3490 4337 3745 4393 Iacobus

2082 4434 2336 4484 matrem
2367 4444 2558 4495 suam,
2591 4442 2778 4498 eaque
2819 4443 2954 4482 cum
3000 4426 3180 4482 Maria
3209 4423 3516 4483 habitavit.
3569 4427 3745 4481 Bonis

2085 4538 2261 4595 porro
2294 4522 2416 4577 suis
2464 4521 2735 4592 Caiaphae
2768 4519 3020 4576 venditis
3067 4519 3305 4575 Sionem
3354 4524 3653 4576 emerunt.
3684 4519 3742 4576 Is

298 4610 490 4678 Σιὼν,
539 4605 658 4665 ἔνθα
704 4612 767 4665 τὸ
823 4608 1084 4682 μυστικὸν
1135 4607 1329 4684 Πάσχα
1386 4610 1415 4663 ὁ
1457 4607 1690 4683 Χριστὸς
1754 4605 1972 4677 ἰποίησε

2088 4615 2178 4666 est
2207 4610 2374 4665 locus
2404 4609 2504 4665 ubi
2537 4609 2856 4681 mysticum
2877 4609 3105 4666 Pascha
3127 4609 3394 4667 Christus
3427 4608 3750 4666 celebravit

294 4698 405 4755 ναὶ
431 4700 544 4753 τῶν
580 4700 758 4774 θυρῶν
814 4695 1211 4772 κεκλεισμένων
1267 4694 1512 4767 εἰσῆλθε.
1544 4696 1699 4755 Μετᾶ
1750 4697 1851 4767 τήν
1881 4698 1972 4766 τοῦ

2089 4704 2147 4755 et
2176 4698 2403 4754 foribus
2435 4698 2654 4755 clausis
2679 4697 2981 4772 ingressus
3012 4704 3137 4767 est;
3171 4698 3373 4771 ibique
3415 4699 3648 4756 Christo
3685 4699 3749 4756 in

294 4786 529 4863 Κυρίου
570 4784 845 4860 ἀνάληψιν
901 4788 936 4856 ἡ
969 4785 1235 4851 Θεοτόκος
1289 4783 1341 4841 ἐν
1376 4786 1520 4841 Σιὼν
1562 4780 1826 4863 διέτριϐεν
1878 4781 1983 4848 ἕως

296 4883 415 4947 τῆς
449 4876 709 4947 τελευτῆς
738 4877 825 4949 [Ρ.
872 4876 995 4949 188]
1028 4874 1215 4941 αὐτῆς.
1240 4876 1353 4951 Πρὸ
1394 4872 1451 4931 δὲ
1489 4876 1712 4951 ἡμερῶν
1748 4876 1808 4932 ιε’
1847 4873 1985 4953 ἔγνω

298 4967 418 5035 τήν
481 4961 663 5036 ἔξοδον
733 4963 923 5035 αὐτῆς.
958 4964 1071 5039 Πρὸ
1103 4961 1162 5020 δὲ
1199 4968 1367 5041 τριῶν
1408 4966 1635 5041 ἡμερῶν
1691 4966 1720 5020 6
1772 4964 1988 5042 ἀρχάγ-

300 5054 486 5132 γελος
508 5053 832 5130 παρεγένετο
879 5055 1017 5130 πρὸς
1073 5054 1262 5128 αὐτὴν,
1312 5054 1376 5109 τὸ
1409 5048 1664 5130 βραϐεῖον
1716 5054 1983 5127 κομίζων·

308 5140 616 5219 Παρέδωκε
647 5141 705 5200 δὲ
734 5145 835 5214 τὴν
866 5143 1026 5222 ἁγίαν
1082 5143 1252 5214 αὐτῆς
1309 5144 1498 5219 ψυχὴν
1545 5148 1626 5217 τῷ
1681 5142 1868 5218 Κυρίῳ
1897 5148 1986 5204 καὶ

299 5234 431 5306 fit}:
460 5231 543 5308 τῷ
589 5238 707 5307 Θεῷ
762 5232 932 5303 αὐτῆς
987 5232 1122 5289 ἑτῶν
1164 5233 1299 5289 οῦσα
1354 5232 1463 5307 οβ’,
1515 5234 1568 5289 οἱ
1613 5229 1671 5288 δέ
1726 5254 1855 5312 φασι
1884 5235 1989 5305 νη’,

379 5355 441 5392 9³
479 5355 616 5412 Luc.
650 5371 713 5427 ιι,
744 5357 837 5425 25,
878 5356 969 5410 26.
1045 5352 1095 5389 9‘
1116 5355 1285 5412 Ioan.
1318 5370 1359 5426 ι,
1390 5356 1478 5410 29.

2094 4787 2305 4845 cwlum
2354 4792 2660 4860 assumpto
2716 4787 2899 4842 Maria
2967 4803 3157 4859 usque
3229 4787 3304 4842 ad
3362 4788 3542 4843 finem
3617 4787 3747 4843 vita

2096 4877 2251 4934 880
2274 4875 2411 4949 egit.
2442 4877 2523 4931 Ea
2544 4874 2883 4946 quindecim
2912 4881 3051 4931 ante
3085 4875 3295 4932 diebus
3328 4893 3501 4933 suum
3526 4877 3750 4933 exitum

2097 4964 2389 5040 cognovit.
2448 4964 2782 5037 Triduoque
2840 4970 2977 5021 ante
3032 4965 3423 5039 archangelus
3484 4965 3560 5021 ad
3616 4982 3751 5022 eam

2096 5056 2274 5122 venit,
2307 5055 2621 5128 praemium
2671 5060 2936 5127 portans.
2990 5055 3255 5112 Tradidit
3285 5060 3548 5111 sanctam
3582 5071 3750 5110 suam

2099 5147 2360 5202 animam
2394 5145 2642 5200 Domino
2673 5161 2741 5201 ac
2770 5145 2920 5200 Filio
2961 5150 3020 5200 et
3065 5145 3183 5201 Deo
3215 5161 3346 5213 suo,
3395 5161 3583 5199 annos
3613 5147 3756 5199 nata

2101 5234 2477 5309 septuaginta
2505 5233 2676 5291 duos.
2733 5234 2983 5300 Quidam
3029 5232 3274 5290 tradunt
3322 5231 3758 5306 quinquaginta

1532 5445 1895 5502 XYLANDRI
1932 5445 2021 5500 ET
2059 5443 2274 5501 GOARI
2315 5442 2537 5498 NOTAE.

380 5562 509 5635 (35)
538 5561 693 5627 Quid
722 5562 771 5618 si
803 5560 967 5635 legas
1000 5562 1213 5635 duabus
1242 5563 1310 5635 ob
1340 5564 1458 5634 ejus
1487 5562 1760 5635 discessu
1790 5560 1982 5635 diebus

297 5626 586 5706 ﬂérodes,
619 5651 755 5692 cum
802 5626 1164 5706 in'margine
1217 5634 1295 5690 sit
1348 5626 1672 5706 ascriptum
1729 5629 1815 5687 ὅτι
1848 5626 1984 5704 μέτὰ

293 5700 415 5761 δύο
464 5700 680 5780 ἡμερας
734 5710 837 5775 τῆς
904 5703 981 5765 εἰς
1028 5700 1319 5780 ’Ᾱῖγυπτον
1364 5700 1540 5782 φυγῆς
1587 5707 1686 5760 τοῦ
1741 5700 1982 5779 Χριστοῦ

2088 5554 2431 5641 γὲγογεαπερὶ
2459 5550 2771 5641 Ἡρώδην
2808 5555 3222 5641 βρεφοκοτρνίαε
3264 5553 3501 5641 Alioqui
3549 5553 3750 5641 bimu-

2089 5626 2182 5689 los
2212 5626 2396 5687 fuisse
2422 5626 2650 5686 occisos
2670 5626 2879 5684 notum
2901 5626 3011 5685 est.
3057 5627 3171 5685 Sed
3200 5628 3314 5685 hos
3357 5626 3613 5685 alterum
3643 5627 3746 5684 ha-

2091 5703 2194 5761 bet
2220 5700 2449 5775 aliquid
2472 5698 2794 5775 peculiare.
2825 5701 2965 5758 ΧΠ..
