4154 6432
413 376 530 437 367

1776 367 2093 432 GEORGII
2139 366 2484 427 CEDRENI

3719 368 3841 430 368

410 512 564 566 Octo.
596 507 754 564 Vixit
783 524 920 581 ergo
948 506 1152 581 viginti
1184 510 1439 578 quatuor
1463 521 1655 562 annos
1680 510 1817 578 post
1838 501 2057 560 Christi

2175 497 2313 553 ὥστε
2346 498 2480 572 μετὰ
2508 498 2607 567 τὴν
2634 495 2902 571 ἀνάληψιν
2942 494 3038 551 τοῦ
3096 498 3341 573 Χριστοῦ
3401 496 3849 575 εἰκοσιτέσσαρας

414 600 476 655 in
511 598 692 655 caelos
724 614 1054 653 assensum.

482 688 806 744 Undecimo
865 704 1020 743 anno
1098 686 1343 743 Herodis
1414 686 1726 742 tetrarchae
1793 698 2069 739 summus

414 778 679 849 pontifex
709 780 956 832 Ananus
982 775 1251 832 moritur.
1278 778 1417 831 Post
1436 777 1598 831 hunc
1623 791 1824 831 annua
1854 773 1968 828 fuit
1998 788 2069 827 ea

415 867 691 939 dignitas,
735 866 891 937 quod
924 871 981 921 et
1028 865 1316 945 Iosephus
1365 865 1583 930 refert;
1637 870 1696 919 et
1742 879 1880 919 eum
1934 877 2067 916 vere

417 955 613 1012 dicere
671 972 838 1011 sacra
880 955 1196 1027 Evangelia
1237 948 1548 1023 testantur,
1595 954 1677 1009 ita
1707 953 1780 1008 de
1809 952 2068 1024 Caiapha

416 1046 756 1116 loquentia:
791 1067 819 1095 «
853 1045 916 1100 Id
945 1062 1079 1101 vero
1113 1062 1233 1101 non
1260 1044 1333 1100 de
1365 1062 1470 1100 suo
1502 1043 1754 1113 dicebat,
1791 1042 1895 1098 sed
1928 1041 2068 1112 quia

415 1141 540 1192 erat
582 1133 847 1206 pontifex
904 1135 1201 1191 maximus
1258 1134 1401 1189 anni
1460 1133 1651 1201 istius,
1702 1129 2069 1188 vaticinaba-

414 1232 510 1282 tur
539 1227 603 1280 “.
641 1247 669 1275 n

482 1316 627 1370 Cum
653 1313 1025 1369 admirabilis
1054 1313 1116 1368 in
1138 1313 1315 1369 vitam
1346 1312 1576 1368 reditus
1605 1316 1784 1383 atque
1802 1310 1865 1365 in
1886 1308 2065 1365 ccelos

409 1404 679 1461 ascensio
704 1402 1027 1459 Servatoris
1057 1403 1247 1458 nostri
1282 1402 1439 1459 fama
1461 1401 1590 1474 jam
1620 1401 1795 1473 longe
1826 1399 2064 1470 lateque

410 1493 824 1559 iucrebuisset,
873 1491 1097 1547 Pilatus
1127 1491 1313 1547 animi
1373 1492 1608 1559 anxius,
1659 1489 1818 1560 quod
1848 1488 1921 1544 de
1972 1487 2064 1542 his

411 1598 543 1654 quae
575 1585 894 1637 evenerant
940 1578 1245 1635 miraculis
1301 1578 1456 1634 nihil
1510 1578 1583 1633 ad
1642 1578 2062 1649 imperatorem

409 1670 733 1737 retulisset,
791 1669 1035 1725 tandem
1095 1669 1449 1724 necessitate
1519 1666 1764 1723 adactus
1828 1664 2061 1721 Tiberio

412 1761 621 1816 Caesari
652 1759 998 1832 perscripsit
1024 1758 1321 1813 Christum
1354 1762 1655 1813 mortuum
1686 1757 1865 1811 vitam
1896 1771 2063 1810 rece-

413 1851 593 1924 pisse,
626 1854 753 1906 tum
785 1865 916 1921 quae
971 1848 1023 1904 is
1070 1847 1361 1903 miracula
1417 1847 1704 1913 ediderat,
1748 1851 1930 1917 utque
1990 1843 2061 1900 de

413 1944 603 1997 morte
634 1939 692 1994 in
722 1938 904 1994 vitam
952 1954 1223 1993 reversus
1271 1935 1398 2009 jam
1428 1953 1463 1992 a
1517 1936 1718 1991 multis
1752 1936 1904 1991 Deus
1935 1950 2065 1990 esse

413 2030 708 2087 credatur.
744 2032 823 2086 Ac
853 2029 1122 2085 Tiberius
1166 2027 1409 2099 quidem
1455 2044 1675 2083 nomen
1701 2025 2065 2082 Christiano-

411 2135 544 2175 rum
572 2136 679 2192 per
708 2118 912 2174 orbem
937 2118 1064 2189 jam
1097 2122 1483 2190 propagatum
1505 2116 1770 2172 sentiens
1801 2114 1872 2170 de
1903 2131 1973 2170 ea
2003 2131 2066 2169 re

412 2206 485 2262 ad
517 2212 791 2263 senatum
822 2205 1047 2275 retulit,
1072 2221 1269 2276 neque
1302 2204 1551 2259 obscure
1591 2204 1733 2259 tulit
1772 2203 1884 2257 sibi
1914 2202 2064 2258 reli-

409 2295 647 2368 gionem
665 2295 1060 2350 Christianam
1083 2293 1341 2366 probari.
1375 2293 1625 2349 Senatus
1654 2296 1874 2361 autem,
1913 2291 2067 2363 quod

412 2400 541 2441 eam
595 2383 979 2456 improbaret,
1038 2383 1166 2454 ipse
1225 2398 1460 2453 quoque
1514 2381 1869 2453 repudiavit.
1918 2381 2069 2436 Vera

411 2490 591 2530 causa
613 2474 741 2546 ejus
762 2474 845 2528 rei
863 2477 974 2542 est,
998 2470 1157 2544 quod
1183 2472 1451 2527 divinum
1475 2471 1683 2528 salutis
1701 2471 2066 2543 przeconium

411 2563 731 2639 humanam
755 2560 1244 2633 approbationem
1267 2566 1444 2630 atque
1477 2558 2060 2616 commendationem

409 2669 789 2724 nequaquam
811 2651 1081 2723 requirit.
1108 2652 1241 2706 Haec
1257 2650 1654 2706 Tertullianus
1674 2651 1821 2706 331
1861 2650 2060 2706 refert.

411 2741 575 2798 Idem
606 2741 872 2796 Tiberius
903 2745 1157 2796 mortem
1189 2739 1660 2796 Christianorum
1704 2738 2065 2795 accusatori-

410 2831 521 2887 bus
552 2830 816 2886 minatus
847 2833 957 2896 est,

478 2921 650 2976 Anno
708 2917 924 2973 Tiberii
975 2916 1422 2973 undevicesimo
1492 2918 1747 2973 Joannes
1803 2917 2067 2988 Baptista

409 3010 601 3082 capite
652 3012 968 3063 truncatur
1015 3023 1047 3062 ο
1069 3007 1312 3078 juniore
1366 3007 1595 3063 Herode
1655 3013 1713 3062 et
1759 3007 2067 3079 Cleopatra

410 3099 655 3168 propter
710 3092 1123 3157 Herodiadem,
1184 3097 1249 3147 ut
1304 3092 1595 3164 Iosephus
1655 3092 1861 3148 scribit
1912 3092 2064 3148 libro

404 3186 821 3255 Antiquitatum
848 3182 1077 3238 decimo
1110 3187 1333 3238 octavo.
1366 3184 1526 3237 Tunc
1558 3198 1794 3253 quoque
1838 3182 2063 3238 bellum

405 3274 729 3345 suscipitur
779 3277 987 3328 contra
1052 3274 1315 3339 Aretam,
1374 3271 1475 3343 qui
1526 3270 1713 3327 ﬁliam
1774 3287 1940 3327 suam
1969 3272 2063 3344 ﬁab

405 3362 632 3419 Herode
663 3360 1097 3418 contumeliose
1146 3360 1411 3416 habitam
1457 3359 1834 3431 querebatur.
1886 3362 1967 3416 Eo
2001 3362 2064 3416 in

404 3452 562 3507 bello
594 3452 680 3506 ait
709 3455 954 3523 propter
998 3450 1241 3505 Joannis
1289 3465 1498 3504 necem
1543 3448 1792 3505 Herodis
1844 3451 2064 3506 exerci-

407 3548 532 3597 tum
562 3542 908 3597 universum
941 3540 1217 3611 periisse.

482 3634 645 3687 Anno
662 3630 877 3685 Tiberii
904 3629 1066 3702 regni
1087 3628 1531 3685 undevicesimo
1556 3630 1843 3685 Dominus
1858 3634 2066 3686 noster

409 3722 577 3775 Jesus
610 3720 876 3775 Christus
909 3717 1266 3789 supplicium
1298 3718 1465 3788 adiit,
1498 3719 1672 3773 sicuti
1706 3718 1776 3774 de
1800 3735 1867 3775 eo
1903 3724 2063 3775 vates

412 3807 831 3880 praedixerant.
878 3807 1001 3871 Quo
1054 3811 1318 3877 tempore
1368 3806 1496 3861 haec
1545 3807 1607 3861 in
1654 3808 1869 3863 Graecis
1910 3825 2065 3864 com-

413 3897 726 3953 mentariis
746 3898 1029 3951 annotata
1058 3895 1203 3967 ipsis
1226 3895 1419 3951 verbis
1455 3895 1820 3953 referemus:
1848 3920 1876 3948 «
1911 3896 2064 3953 Solis

414 3988 639 4045 exstitit
656 3986 980 4052 defectus,o
992 3985 1229 4039 mnibus
1252 3984 1551 4057 prioribus
1572 3987 1796 4058 major;
1824 4003 2062 4058 noxque

410 4078 527 4133 diei
552 4082 717 4133 sexta
732 4076 879 4131 hora
909 4074 1119 4131 oborta
1149 4078 1257 4143 est,
1294 4074 1375 4130 ita
1405 4079 1470 4130 ut
1518 4081 1574 4130 et
1605 4076 1790 4132 stellae
1821 4077 1883 4132 in
1914 4076 2061 4134 coelo

403 4172 734 4240 conspecta:
768 4167 906 4221 sint.
942 4186 970 4215 »
1001 4166 1194 4220 Terras
1246 4170 1442 4220 motus
1473 4181 1708 4237 quoque
1760 4166 1970 4239 ingens
2000 4168 2062 4222 in

398 4257 674 4329 Bithynia
698 4255 830 4325 fuit,
859 4255 962 4327 qui
986 4268 1261 4327 magnam
1291 4255 1503 4310 Nicmae
1543 4260 1772 4327 partem
1798 4262 2062 4328 prostra-

393 4347 493 4402 vit.
518 4347 652 4401 Haac
672 4343 952 4416 Phlegon.
980 4343 1293 4399 Africanus
1320 4343 1501 4399 etiam
1549 4348 1779 4411 narrat,
1812 4362 1929 4416 quo
1963 4345 2059 4401 die

391 4435 661 4491 Christus
695 4436 784 4488 est
807 4432 1100 4503 supplicio
1133 4433 1405 4501 affectus,
1428 4432 1708 4488 tenebras
1733 4434 2058 4490 admodum

396 4522 687 4579 terribiles
706 4537 812 4593 per
833 4525 1022 4575 totum
1055 4520 1345 4577 mundum
1388 4520 1644 4585 obertas,
1683 4526 1856 4577 terrm
1890 4529 2058 4579 motu

2182 587 2415 661 χρόνους
2445 581 2761 642 ἐπεϐίωσεν.

2249 678 2374 734 Ὅτι
2431 674 2483 730 ἐν
2555 679 2635 747 τῷ
2693 682 2759 731 ια’
2814 671 2920 731 ἔτει
2979 673 3231 750 Ἡρώδου
3287 680 3386 732 τοῦ
3444 679 3750 754 τετράρχου
3812 679 3843 734 ὁ

2176 763 2466 841 ἀρχιερεὺς
2519 766 2744 827 ’Ἄνανος
2813 763 3149 837 ἐτελεύτησε*
3223 767 3341 838 μεθ’
3401 764 3459 821 δν
3518 766 3843 823 ἐνιαυσιαῖοι

2175 853 2457 932 ἀρχιερεῖς
2485 855 2857 923 καθίστανται,
2927 852 3001 917 ὡς
3055 856 3320 926 Ἰώσηπος
3376 854 3602 930 ἱσῧορεῖ.
3639 856 3741 913 Καὶ
3772 857 3844 911 τά

2177 949 2291 1008 θεῖα
2353 943 2666 1022 Εὖαγγέλια
2723 944 2874 1017 αὐτῷ
2929 949 3194 1020 μαρτυρεῖ
3256 944 3586 1017 ἀληθεύοντι
3640 945 3694 1015 ἐν
3754 950 3841 1011 οἷς

2174 1031 2299 1106 περί
2325 1037 2423 1087 τοῦ
2455 1031 2671 1107 Καῖάφα
2715 1030 2885 1109 λέγει·
2937 1056 2966 1084 ‹‹
3000 1035 3171 1089 Τοῦτο
3230 1030 3288 1088 δὲ
3344 1033 3435 1114 ἀφ’
3488 1033 3679 1090 ἑαυτοῦ
3739 1035 3843 1092 οὐκ

2177 1122 2347 1191 εἶπεν,
2388 1118 2515 1177 ἀλλ’
2549 1121 2858 1197 ἀρχιερεὺς,
2892 1120 2967 1176 ὢν
2996 1125 3099 1177 τοῦ
3158 1120 3401 1178 ἐνιαυτοῦ
3460 1122 3667 1179 ἐκείνου
3698 1144 3840 1201 προ-

2177 1212 2483 1288 εφήτευσεν.
2518 1235 2547 1263 ››

2244 1302 2366 1359 Ὅτι
2409 1301 2512 1370 τῆς
2568 1299 2879 1378 παραδόξου
2935 1301 3032 1357 τοῦ
3090 1308 3354 1378 Σωτῆρος
3391 1304 3552 1377 ἡμῶν
3610 1304 3841 1361 ἀναστά-

2173 1390 2310 1455 σεώς
2336 1410 2395 1445 τε
2424 1390 2513 1445 καὶ
2545 1391 2621 1454 εἷς
2680 1390 2937 1467 οὐρανοὺς
2998 1389 3321 1466 ἀναλήψεως
3378 1398 3497 1457 τοῖς
3552 1394 3839 1458 πλείστοις

2173 1478 2284 1551 ἤδη
2317 1474 2652 1555 περιϐοήτου
2719 1480 3091 1552 καθεστώσης,
3129 1479 3368 1545 Πιλάτος
3423 1483 3722 1559 ἀγωνιάσας
3762 1484 3843 1549 ώς

2178 1568 2255 1641 μή
2288 1568 2576 1643 ἀνενέγκας
2604 1573 2684 1642 τῷ
2718 1566 2938 1644 βασιλεῖ
2988 1572 3216 1625 τοιαῦτα
3271 1571 3531 1647 γενόμενα
3562 1573 3839 1647 θαύματα,

2171 1655 2331 1719 τέλος
2389 1656 2762 1732 ἀναγκασθεὶς,
2821 1656 2897 1720 ὠς
2961 1658 3037 1730 μή
3100 1655 3266 1733 λαθῃ,
3324 1658 3718 1716 ἀνεκοινώσατο
3756 1666 3841 1735 τῷ

2177 1743 2394 1821 βασιλεῖ
2430 1741 2673 1821 Τιϐερίῳ
2700 1746 2768 1800 τὰ
2795 1744 2919 1818 περὶ
2961 1752 3062 1815 τῆς
3119 1745 3179 1801 ἐκ
3233 1752 3437 1824 νεκρῶν
3496 1749 3837 1812 ἀναστάσεως

2092 1840 2268 1932 Βτοῦ
2292 1843 2550 1913 Σωτῆρος
2606 1839 2768 1909 ἡμῶν
2828 1837 3011 1908 Ἰησοῦ
3067 1842 3335 1912 Χριστοῦ,
3391 1840 3488 1902 τὰς
3542 1862 3602 1896 τε
3658 1840 3838 1905 δι’λλας

2171 1925 2555 2002 τερατουργίας
2609 1924 2775 1980 αὐτοῦ
2810 1970 2824 1997 ,
2876 1925 2967 1981 καὶ
3021 1926 3095 1991 ὡς
3155 1927 3240 1983 ὅτι
3300 1929 3436 2002 μετὰ
3495 1930 3718 1994 θάνατον
3778 1932 3842 1988 ἐκ

2173 2020 2378 2089 νεκρῶν
2435 2014 2668 2077 ἀναστὰς
2724 2016 2853 2078 Θεὸς
2912 2011 3022 2085 ἤδη
3082 2016 3229 2093 παρὰ
3285 2016 3524 2081 πολλοῖς
3563 2021 3699 2075 εἶναι
3739 2043 3840 2077 πι-

2171 2106 2433 2163 στεύεται.
2476 2102 2731 2182 Τιϐέριος
2780 2108 2893 2179 οὗν,
2954 2106 3037 2185 ἐφ’
3094 2107 3157 2163 οὗ
3216 2109 3278 2165 τὸ
3334 2114 3442 2167 τῶν
3499 2114 3840 2188 Χριστιανῶν

2172 2195 2344 2271 ὄνομα
2387 2197 2463 2258 εἷς
2514 2198 2605 2254 τὸν
2658 2196 2867 2272 κόσμον
2937 2196 3307 2270 εἷσελήλυθεν,
3379 2202 3566 2275 μαθὼν
3598 2208 3666 2279 τῇ
3700 2226 3836 2281 συγ-

2169 2285 2365 2359 κλτςτῳ
2395 2285 2810 2357 ἀνεκοινώσατο,
2839 2283 3011 2352 δῆλος
3043 2284 3116 2341 ὢν
3141 2286 3344 2350 ἐκεῖνος
3373 2290 3449 2351 ὡς
3478 2295 3558 2364 τῷ
3589 2288 3832 2366 δόγματι

2171 2374 2476 2449 ἀρέσκοιτο.
2506 2378 2567 2432 Ἦ
2613 2372 2670 2431 δὲ
2727 2373 3059 2451 σύγκλητος,
3119 2375 3233 2431 ἐπεὶ
3293 2377 3393 2433 οὐκ
3448 2379 3583 2451 αὐτή
3617 2378 3834 2437 δεδοκι-

2176 2464 2355 2537 μάκει,
2414 2464 2690 2534 ἀπώσατο,
2859 2461 2919 2519 δί
2969 2463 3222 2538 ἀληθείᾳ,
3275 2465 3358 2522 ὅτι
3422 2466 3563 2541 μηδὲ
3620 2477 3721 2540 τῆς
3778 2469 3837 2542 ἐξ

2172 2552 2471 2628 ἀνθρώπων
2521 2551 2841 2629 ἐπικρίσεώς
2881 2574 2938 2609 τε
2992 2555 3078 2610 καὶ
3136 2556 3439 2620 συστάσεως
3490 2560 3525 2628 ἡ
3559 2563 3841 2636 σωτήριος

2171 2646 2269 2697 τοῦ
2299 2641 2446 2698 θείου
2476 2642 2831 2717 κηρύγματος
2862 2640 3036 2698 ἐδεῖτο
3076 2641 3418 2704 διδασκαλία.
3481 2650 3665 2705 Ταῦτά
3699 2672 3838 2729 φησι

2169 2731 2535 2806 Τερτυλιανός
2594 2734 2726 2805 (36).
2788 2732 2962 2795 Οὗτος
3011 2733 3039 2787 ὁ
3071 2728 3323 2809 Τίϐἐριος
3379 2734 3606 2799 θάνατον
3659 2728 3827 2808 ἠπεί-

2171 2820 2308 2890 λησε
2333 2826 2453 2885 τοῖς
2484 2825 2823 2895 Χριστιανῶν
2849 2823 3201 2895 κατηγόροις.

2240 2912 2364 2969 ’Ότι
2421 2912 2477 2966 ἒν
2530 2915 2611 2984 τῷ
2656 2912 2718 2976 ιθ⁹
2777 2904 2883 2966 ἔτει
2940 2906 3191 2987 Τιϐερίου
3251 2914 3502 2988 Ἰωάννης
3558 2919 3586 2974 ὁ
3626 2922 3822 2975 Βαπτι-

2171 3001 2301 3070 στῆς
2332 3000 2645 3080 ἀφαιρεῖται
2703 3001 2806 3069 τὴν
2835 2999 3079 3074 κεφαλὴν
3115 3001 3218 3057 ὑπὸ
3248 3008 3345 3059 τοῦ
3399 3004 3521 3062 νέου
3579 3004 3823 3085 Ἡρώδου

2169 3088 2260 3144 καὶ
2303 3086 2652 3163 Κλεοπάτρας
2712 3084 2802 3143 διὰ
2847 3085 3183 3164 Ἡρωδιάδα,
3234 3093 3417 3156 καθὼς
3474 3096 3680 3170 ἱστορεῖ
3709 3097 3835 3152 Ἰώ-

2177 3198 2352 3249 σηπος
2377 3176 2428 3232 ἰν
2459 3182 2538 3250 τῷ
2574 3178 2644 3248 ιη’
2690 3184 2790 3247 τῆς
2820 3176 3274 3258 Ἀρχαιολογίας.
3307 3182 3474 3238 Ἔνθα
3519 3185 3610 3241 καὶ
3662 3184 3839 3242 πόλε..

2180 3270 2280 3341 μὸς
2334 3268 2543 3342 αἳρεται
2598 3266 2737 3341 πρὸς
2789 3266 2881 3322 τὸν
2938 3268 3155 3343 Ἀρέταν
3188 3314 3202 3340 ,
3289 3271 3366 3336 ὡς
3435 3273 3836 3348 ἀτιμασθείσης

2170 3356 2318 3430 αὐτῷ
2363 3363 2463 3426 τῆς
2502 3357 2781 3433 θυγατρός’
2817 3355 2870 3412 ἒν
2927 3360 2974 3431 ᾧ
3032 3357 3266 3435 πολέμῳ
3323 3363 3494 3418 πάντα
3551 3363 3684 3440 φησὶ
3740 3368 3837 3422 τὸν

2167 3444 2419 3521 Ἡρώδου
2452 3448 2677 3523 στρατὸν
2710 3445 3069 3526 διαφθαρῆναι
3126 3446 3215 3505 διὰ
3269 3451 3362 3507 τὸν
3415 3454 3672 3510 Ἰωάννου
3729 3457 3832 3511 θά-

2167 3556 2344 3593 νατον.

2240 3630 2364 3684 Ὅτι
2421 3627 2450 3681 ὁ
2503 3626 2705 3703 Κύριος
2762 3629 2924 3701 ἡμῶν
2981 3629 3190 3701 Ἰησοῦς
3263 3632 3503 3708 Χριστὸς
3542 3634 3678 3690 κατὰ
3731 3635 3834 3697 τὰς

2169 3714 2293 3790 περὶ
2324 3712 2489 3770 αὐτοῦ
2519 3717 2858 3791 προφητείας
2887 3716 2973 3773 ἐπὶ
3012 3717 3074 3774 τὸ
3123 3718 3293 3784 πάθος
3350 3722 3545 3796 προῄει
3576 3716 3732 3786 ἔτους
3766 3710 3833 3777 ιθ’

2168 3813 2269 3876 τῆς
2296 3801 2550 3880 Τιϐερίου
2584 3804 2885 3881 βασιλείας.
2947 3810 3075 3873 Καθ’
3131 3809 3189 3865 ὅν
3250 3811 3440 3887 καιρὸν
3498 3813 3588 3868 καὶ
3643 3812 3699 3869 ἐν
3726 3812 3836 3871 ἅλ-

2170 3893 2292 3958 λοις
2326 3895 2420 3968 μὶν
2445 3892 2801 3965 Ἑλληνικοῖς
2843 3896 3233 3970 ὑπομνήμασιν
3291 3897 3518 3974 εὕρομεν
3580 3901 3836 3977 ἱστοροῦὲ-

2173 4005 2306 4060 μενα
2333 3988 2500 4041 ταῦτα
2526 3986 2661 4040 κατά
2699 3982 2867 4056 λέξιν·
2916 3984 3157 4061 Ἐγένετο
3207 3985 3452 4063 ἔκλειψις
3504 3989 3673 4060 ἡλίου
3728 4014 3833 4064 με-

2169 4075 2333 4154 γίστη
2381 4079 2489 4131 τῶν
2523 4073 2880 4152 ἐγνωσμένων
2913 4076 3201 4151 πρότερον,
3255 4079 3347 4134 καὶ
3400 4079 3487 4153 νὺξ
3547 4078 3663 4152 ὥρᾳ
3690 4079 3825 4158 ἕκτῃ

2168 4172 2267 4235 τῆς
2295 4166 2507 4241 ἡμέρας
2546 4162 2750 4240 ἐγένετο
2783 4165 2857 4227 ὡς
2911 4165 3002 4220 καὶ
3061 4163 3285 4242 ἀστέρας
3345 4166 3398 4223 ἐν
3453 4168 3665 4244 οὐρανῷ
3722 4192 3827 4250 φα-

2167 4261 2343 4325 νῆναι’
2377 4253 2596 4327 σεισμός
2627 4274 2686 4308 τε
2727 4253 2894 4331 μέγας
2950 4256 3090 4311 κατὰ
3144 4255 3391 4312 Βιθυνίαν
3439 4254 3727 4335 γενόμενος
3758 4260 3829 4316 τὰ

2167 4343 2355 4400 πολλὰ
2407 4350 2511 4413 τῆς
2598 4343 2831 4408 Νικαίας
2883 4344 3301 4420 κατεστρέψατο.
3344 4350 3525 4404 Ταῦτα
3591 4347 3827 4426 Φλέγων

2168 4431 2323 4508 φησί.
2358 4433 2453 4486 Καὶ
2485 4431 2809 4506 Ἀφρικανὸς
2848 4429 2907 4487 δὲ
2967 4433 3179 4506 ἱστορεῖ
3205 4440 3322 4491 κατ’
3353 4434 3525 4506 αὐτὴν
3552 4439 3650 4508 τὴν
3684 4439 3833 4511 ἡμὲ-

2169 4542 2263 4599 ραν
2297 4523 2381 4595 [Ρ.
2417 4523 2540 4594 189]
2569 4524 2668 4575 τοῦ
2694 4522 2900 4586 πάθους
2931 4523 3124 4588 σκότος
3159 4525 3277 4579 καθ’
3308 4524 3442 4582 ὅλου
3474 4530 3570 4582 τοῦ
3614 4527 3830 4602 κόσμου

396 4629 536 4669 saxa
561 4611 820 4681 dirupta,
851 4610 1225 4682 multumque
1276 4616 1447 4665 terrm
1488 4616 1876 4682 prostratum.
1937 4614 2047 4670 Eas

2175 4606 2540 4690 ροϐερώτατον
2593 4607 2857 4687 γενὲσθαι.
2915 4617 3138 4687 Σεισμῳ
3193 4635 3252 4670 τε
3307 4616 3361 4670 αἱ
3420 4617 3612 4693 πέτραι
3673 4614 3828 4696 διερ-

397 4701 672 4756 tenebras
717 4699 899 4755 Judazi
934 4699 1077 4754 solis
1125 4699 1421 4754 defectum
1478 4700 1756 4771 appellat,
1790 4702 2045 4760 absurde

397 4791 458 4847 id
499 4790 739 4861 quidem
798 4805 930 4844 meo
972 4789 1200 4859 judicio
1252 4794 1311 4843 et
1358 4776 1724 4861 repugnante
1783 4792 2047 4851 veritate.

398 4882 540 4936 Nam
574 4879 901 4935 secundum
929 4878 1085 4933 luna)
1119 4884 1344 4933 motum
1378 4878 1605 4933 Hebrmi
1630 4880 1857 4936 Pascha
1887 4882 2053 4939 insti-

399 4980 593 5030 tuunt.
629 4972 822 5028 Pridie
871 4977 1068 5027 autem
1099 4970 1397 5041 paschalis
1453 4970 1721 5026 Christus
1782 4972 1843 5027 in
1879 4990 2052 5031 cruce

394 5064 755 5138 supplicium
788 5078 999 5133 passus
1031 5064 1136 5115 est.
1171 5061 1298 5114 Jam
1343 5058 1487 5114 solis
1515 5060 1780 5116 defectus
1831 5079 1951 5118 non
1986 5064 2053 5118 fit

392 5154 507 5210 nisi
541 5169 677 5209 cum
708 5167 844 5206 eum
878 5149 1019 5204 luna
1048 5149 1202 5204 subit
1230 5166 1243 5213 ;
1280 5164 1475 5218 neque
1508 5149 1661 5205 382
1689 5155 1883 5221 potest
1932 5152 2049 5206 nisi

388 5245 451 5302 in
482 5243 813 5309 novilunio,
845 5257 978 5297 cum
1004 5239 1325 5295 luminaria
1346 5245 1582 5309 coeunt,
1607 5247 1709 5296 aut
1750 5241 2047 5313 proxime,

459 5342 507 5379 ⁸⁵
535 5343 702 5400 Joan.
736 5358 814 5407 x1,
849 5340 939 5407 49,
974 5341 1062 5393 51.

2156 4704 2448 4779 ῥήγνυντο,
2479 4700 2570 4755 καὶ
2612 4699 2801 4756 πολλά
2854 4708 2957 4771 τῆς
3015 4709 3120 4778 γῆς
3175 4703 3495 4783 κατερῥίφη.
3531 4710 3704 4764 Τοῦτο
3761 4706 3826 4763 τὸ

2160 4793 2352 4853 σκότος
2383 4784 2624 4863 ἔκλειψιν
2656 4787 2828 4860 ἡλίου
2857 4790 2910 4844 οἱ
2939 4788 3198 4848 Ἰουδαῖοι
3241 4791 3523 4866 καλοῦσίν,
3575 4795 3828 4874 ἀλόγως»

2162 4882 2236 4943 ὡς
2265 4878 2387 4952 ἐμοὶ
2419 4878 2508 4933 καὶ
2541 4881 2610 4952 τῇ
2641 4878 2898 4951 ,ἀληθείᾳ
2937 4876 3108 4935 δοκεῖ’
3166 4876 3413 4957 Ἑϐραῖοι
3469 4885 3575 4960 γὰρ
3632 4886 3829 4963 ἄγουσι

2159 4970 2223 5025 τὸ
2254 4970 2448 5044 Πάσχα
2476 4967 2612 5023 κατᾶ
2643 4966 2898 5039 σελίνην,
2931 4969 3036 5045 πρὸ
3093 4966 3150 5025 δὲ
3180 4978 3279 5041 τῆς
3315 4977 3443 5045 μιᾶς
3480 4978 3579 5029 τοῦ
3630 4975 3831 5051 Πάσχα

2158 5060 2225 5115 τά
2264 5060 2384 5131 περί
2415 5059 2510 5113 τὸν
2545 5060 2777 5133 Σωτῆρα
2808 5053 3028 5128 συνέϐη,
3081 5052 3328 5136 ἔκλειψις
3384 5060 3442 5117 δὲ
3497 5061 3667 5133 ἡλίου
3724 5072 3828 5135 τῆς

2161 5148 2399 5218 σελήνης
2459 5146 2622 5203 αὐτὸν
2692 5146 3034 5216 ὑπελθούσης
3093 5147 3321 5222 γίνεται,
3379 5149 3638 5209 ἀδύνατον
3684 5150 3740 5209 δὲ
3775 5153 3829 5209 ἐν

2159 5237 2319 5311 ἄλλῳ
2351 5237 2539 5313 χρόνῳ
2565 5234 2712 5306 πλὴν
2760 5234 2812 5291 ἐν
2844 5239 2923 5309 τῷ
2956 5237 3153 5310 μεταξὺ
3210 5240 3512 5314 νουμηνίας
3568 5241 3659 5298 καὶ
3716 5250 3823 5315 τῆς

1590 5428 1955 5486 XYLANDRI
1992 5431 2080 5486 ET
2116 5429 2348 5488 GOARI
2388 5429 2614 5483 ΝΟΤιΕ.

459 5548 571 5619 (36)
600 5547 786 5601 Locus
807 5550 1007 5619 exstat
1021 5560 1144 5619 non
1172 5544 1254 5599 ita
1283 5542 1494 5619 procul
1523 5543 1596 5599 ab
1627 5543 1800 5619 initio
1828 5547 2040 5619 Apolo-

392 5617 652 5688 getici,et
670 5617 827 5688 apud
838 5616 1051 5673 Euseb.
1071 5617 1214 5688 Hist.
1236 5632 1297 5684 ιι,
1315 5616 1514 5671 Grmce
1525 5617 1868 5688 exponitur,
1881 5616 2043 5676 unde

393 5686 624 5742 videtur
653 5686 956 5744 mutuatus
986 5686 1307 5745 Cedrenus.
1349 5686 1641 5744 Caeterum
1672 5688 1813 5745 inde
1857 5686 2044 5750 etiam

2154 5551 2388 5605 constat
2412 5543 2731 5621 legendum
2757 5544 2975 5621 __fuiss_e
3027 5541 3143 5621 sic“
3160 5544 3253 5600 τὸν
3282 5546 3492 5621 κόσμον
3523 5546 3832 5621 εἷσελήλυ-

2155 5631 2265 5690 θεν,
2302 5617 2509 5694 μαθὼν.
2557 5618 2701 5694 Ιξοει
2756 5616 3043 5694 Herodias
3076 5616 3400 5694 Cleopatra
3449 5616 3826 5694 nominatur,

2154 5688 2276 5749 non
2297 5688 2419 5748 scio
2440 5705 2518 5746 an
2548 5688 2775 5762 absque
2805 5688 3043 5747 menda.
3076 5690 3217 5748 Χη.
