4154 6416
339 408 466 471 369

1501 409 2049 474 HISTORIARUM
2095 407 2653 474 COMPENDIUM.

3649 414 3770 475 370

335 544 452 621 πρὸ
473 542 642 614 αὐτῆς
699 543 838 600 κατὰ
892 545 994 615 τὴν
1049 544 1275 604 σύνοδον
1325 547 1496 618 αὐτὴν
1553 541 1850 618 ἀποϐῆναι·
1881 550 1984 601 πῶς

2113 545 2370 602 evenire.
2420 545 2727 611 Quomodo
2780 544 2959 620 igitur
3005 546 3133 601 istm
3189 544 3449 602 tenebrm
3502 547 3767 606 defectus

338 636 449 690 οὗν
481 628 730 709 ἔκλειψις
760 635 1048 709 νομισθείη
1079 637 1215 692 κατὰ
1243 634 1533 714 διάμετρον
1595 635 1790 713 σχεδὸν
1842 637 2008 712 ὑπαρ-

346 725 562 805 χούσης
592 731 694 795 τῆς
727 724 962 797 σελήνης
991 724 1140 800 ἡλίῳ
1173 747 1188 798 ;
1215 729 1397 785 Ἔστω
1429 725 1487 784 δὶ
1516 726 1855 802 συναρμόζον
1875 726 2010 782 πολ-

351 813 476 876 λοῖς
514 813 577 868 τὸ
608 816 995 890 γεγενημένον,
1030 817 1118 870 καὶ
1179 818 1446 889 κοσμικὸν
1505 816 1664 893 τέρας
1722 813 1887 886 ἡλίου
1916 813 2006 870 ἔκ-

348 900 534 974 λειψις
584 899 920 956 ὕπονοείσθω
950 896 1011 956 ἔκ
1036 923 1096 978 γε
1145 909 1246 972 τῆς
1308 903 1444 960 κατᾶ
1470 906 1569 975 τὴν
1603 904 1725 978 ὄψιν
1767 902 2003 975 πλάνης.

339 989 442 1052 Τίς
473 987 530 1046 δὲ
563 993 597 1061 ἡ
656 991 914 1047 κοινωνία
957 997 1166 1066 σεισμῷ
1223 993 1313 1048 καὶ
1369 992 1612 1070 ἐκλείψει
1669 993 1890 1071 πέτραις
1947 1015 2006 1048 τε

337 1079 717 1156 ῥηγνυμέναις
773 1082 863 1136 καὶ
895 1081 1178 1137 ἀναστάσει
1235 1089 1462 1159 νεκρῶν,
1513 1085 1746 1155 τοσαύτη
1806 1105 1864 1140 τε
1920 1084 2002 1138 κί-

335 1193 501 1242 νησις
528 1174 772 1246 κοσμική
811 1191 826 1241 ;
863 1174 951 1230 Ἐν
985 1177 1115 1249 γοῦν
1147 1177 1225 1245 τῷ
1269 1179 1463 1250 μακρῷ
1514 1177 1701 1250 χρόνῳ
1755 1177 2004 1230 τοιοῦτόν

338 1282 400 1316 τι
432 1256 643 1335 συμϐὰν
673 1261 736 1316 οὐ
771 1261 1045 1336 μέμνηταί
1075 1282 1180 1325 τις.
1216 1261 1374 1320 Ἀλλ’
1401 1266 1466 1333 ἦν
1519 1264 1712 1326 σκότος
1743 1265 2004 1336 θεοποίη-

332 1371 456 1418 τον,
490 1347 631 1405 διότι
656 1348 790 1424 τῇδε
818 1354 887 1424 τῇ
920 1349 1104 1428 ἡμέρᾳ
1131 1351 1222 1406 τὸν
1283 1352 1486 1429 Κύριον
1534 1349 1728 1425 συνέϐη
1789 1357 2001 1425 παθεῖν,

329 1440 504 1498 Καὶὸ
535 1439 705 1514 λόγος
733 1438 1126 1510 ἀληθέστατος,
1185 1445 1275 1496 καί
1325 1443 1353 1497 ὁ
1412 1443 1615 1518 χρόνος
1666 1447 1763 1499 τοῦ
1829 1465 2003 1514 σωτη⁸

331 1530 460 1605 ρίου
519 1529 725 1594 πάθους
779 1529 926 1602 παρά
975 1530 1270 1604 Ῥωμαίοις
1332 1530 1548 1606 μᾶλλον
1609 1534 1994 1607 σεσημείωται·

337 1619 398 1675 ἰν
427 1620 532 1695 γάρ
585 1623 651 1694 τῇ
711 1619 938 1692 Γεμίνου
994 1621 1219 1693 ὑπατείᾳ
1273 1622 1596 1678 πεπονθέναι
1655 1623 1814 1678 αὐτὸν
1871 1623 1999 1694 ἐση-

339 1708 675 1782 μειώσαντο,
706 1710 825 1778 ἣτις
853 1709 1070 1787 γέγονεν
1099 1708 1150 1765 ἐν
1181 1716 1260 1784 τῷ
1287 1712 1333 1766 α’
1389 1719 1490 1781 τῆς
1544 1713 1628 1788 οβ’
1689 1711 2002 1786 Ὀλυμπιά-

335 1796 454 1862 δος.
491 1799 808 1873 Τεκμήριον
839 1796 886 1853 δ’
924 1798 983 1854 ἃν
1016 1800 1230 1874 γένοιτο
1260 1805 1356 1856 τοῦ
1403 1801 1540 1857 κατά
1593 1799 1719 1857 τόδε
1776 1804 1836 1858 τὸ
1878 1801 1998 1868 ἔτος

2118 632 2258 688 solis
2288 633 2530 704 fuerint,
2557 653 2697 691 cum
2731 653 2798 690 eo
2831 640 3096 708 tempore
3128 635 3271 691 luna
3292 654 3442 708 pene
3476 655 3505 692 e
3530 640 3767 711 regione

2117 721 2226 777 soli
2259 725 2530 796 opposita
2552 724 2775 779 fuerit?
2807 725 2918 780 Sed
2949 731 3074 780 esto
3108 731 3306 781 tamen
3329 726 3389 780 id
3420 727 3577 797 quod
3612 729 3768 784 mulo

2115 813 2194 867 tis
2222 813 2537 884 probatum
2584 813 2734 881 fuit;
2769 830 3148 887 erroremque
3192 815 3351 870 visus
3383 817 3571 872 secuti
3604 821 3772 872 tene-

2116 901 2252 957 bras
2293 903 2395 958 toti
2420 903 2643 959 mundo
2673 904 2922 975 injectas
2955 904 3252 960 defectum
3299 905 3440 961 solis
3472 912 3768 978 putemus.

2115 990 2267 1055 Quid
2294 992 2533 1047 interim
2551 992 2634 1047 rei
2657 997 2748 1048 est
2769 992 3023 1048 defectui
3046 994 3189 1049 solis
3213 1011 3345 1049 cum
3381 1000 3550 1050 terra:
3582 1001 3768 1065 motu,

2117 1097 2392 1137 saxorum
2427 1083 2690 1148 ﬁssione,
2725 1089 3095 1139 mortuorum
3136 1085 3198 1139 in
3246 1085 3420 1139 vitam
3453 1085 3671 1155 reditu,
3702 1104 3768 1144 ac

2115 1176 2280 1227 tanta
2310 1173 2515 1228 mundi
2551 1175 2952 1230 commotione
2973 1176 3000 1229 ‘?
3030 1177 3196 1230 Certe
3230 1192 3404 1230 nemo
3449 1177 3767 1247 quisquam

2115 1260 2230 1316 tale
2263 1261 2489 1333 aliquid
2523 1269 2685 1318 tanto
2721 1264 3003 1336 temporis
3034 1264 3286 1318 decursu
3318 1265 3580 1320 evenisse
3613 1283 3766 1321 com.

2114 1352 2485 1407 memoravit.
2513 1353 2822 1408 Enimvero
2845 1352 3105 1408 tenebrae
3128 1359 3298 1408 erant
3327 1371 3360 1408 a
3384 1355 3499 1408 Deo
3533 1362 3766 1426 creatae,

2113 1439 2271 1510 quod
2303 1457 2373 1496 ea
2423 1441 2516 1496 die
2549 1441 2835 1498 Dominus
2886 1448 3239 1497 moreretur.
3282 1443 3415 1498 Hzcc
3448 1447 3537 1498 est
3581 1445 3762 1500 veris-

2113 1530 2264 1584 sima
2295 1531 2465 1586 ratio.
2502 1532 2774 1587 Exactius
2807 1533 2987 1588 etiam
3020 1537 3253 1603 tempus
3286 1532 3564 1588 salutaris
3594 1534 3765 1588 istius

2115 1618 2388 1690 supplicii
2419 1636 2454 1674 a
2485 1621 2767 1676 Romanis
2798 1627 2886 1676 est
2907 1627 3280 1690 annotatum,
3307 1621 3573 1677 evenisse
3595 1622 3766 1678 nimi-

2111 1727 2242 1765 rum
2276 1711 2520 1766 Gemino
2552 1711 2818 1768 consule.
2853 1713 2988 1768 Fuit
3009 1713 3120 1768 hoc
3159 1714 3351 1784 primo
3379 1729 3536 1769 anno
3559 1713 3761 1784 Olym-

2109 1799 2303 1872 piadis
2332 1799 2758 1856 ducentesima:
2792 1801 3090 1856 secundae.
3123 1804 3313 1871 Atque
3331 1808 3678 1873 argumento
3706 1803 3756 1858 ei

328 1889 657 1945 πεπονθέναι
689 1888 781 1944 τὸν
812 1895 1046 1966 Σωτῆρα
1075 1893 1236 1964 ἡμῶν
1301 1893 1336 1961 ἡ
1394 1895 1496 1947 τοῦ
1548 1893 1684 1948 κατᾶ
1742 1894 1984 1965 Ἰωάννην

2102 1889 2189 1943 rei
2250 1894 2339 1944 est
2396 1889 2574 1945 etiam
2636 1889 3045 1945 testimonium
3093 1889 3392 1962 Evangelii
3451 1907 3486 1945 a
3531 1892 3756 1946 Joanne

334 1985 446 2053 (3‘7)
479 1977 820 2057 Εὐαγγελίου
854 1979 1142 2054 μαρτυρία,
1175 1981 1300 2050 ἥτις
1334 1981 1468 2053 μετᾶ
1524 1982 1585 2036 τὸ
1646 1983 1703 2037 ιε’
1751 1977 1869 2046 ἔτος
1901 1987 1995 2042 Τι-

338 2061 527 2142 ϐερίου
556 2072 742 2142 τριετῆ
776 2067 982 2142 χρόνον
1013 2069 1114 2138 τῆς
1143 2064 1496 2131 διδασκαλίας
1529 2068 1694 2126 αὐτοῦ
1749 2067 1992 2146 διαγενέ-

347 2168 470 2220 σθαι
507 2161 774 2232 μαρτυρεῖ.

423 2243 628 2302 ’Ὁτιὶν
655 2250 728 2318 τῷ
790 2243 871 2321 λγ¹
929 2239 1035 2301 ἔτει
1092 2243 1343 2321 Ἡρώδου
1402 2249 1671 2322 Κυρήνιος
1731 2249 1834 2304 ὑπὸ
1890 2252 1990 2315 τῆς

349 2332 656 2409 συγκλήτου
697 2333 909 2410 βουλῆς
958 2333 1366 2408 ἀπεσταλμένος
1431 2335 1510 2400 εἷς
1567 2340 1668 2408 τήν
1724 2336 1988 2394 Ἰουδαίαν

335 2423 653 2500 ἀπογραξάς
685 2423 985 2496 ἐποιήσατο
1013 2430 1120 2480 τῶν
1155 2423 1350 2481 οὖσιῶν
1379 2428 1467 2483 καὶ
1517 2432 1627 2483 τῶν
1662 2427 1986 2503 ο’κητόρων.

334 2515 428 2570 Ἐν
457 2518 536 2585 τῷ
565 2513 711 2587 αύτῷ
742 2511 799 2570 δὲ
829 2512 936 2570 ἔτει
967 2515 1178 2586 Ἰησοῦς
1209 2517 1448 2590 Χριστὸς
1477 2517 1504 2572 ὁ
1554 2517 1682 2580 Θεὸς
1741 2519 1900 2591 ἡμῶν
1933 2517 1988 2573 ἐν

324 2597 591 2671 Βηθλεὲμ
617 2606 716 2669 τῆς
746 2596 1008 2662 Ἰουδαίας
1039 2605 1307 2677 γεννᾶται.

400 2689 574 2761 Ὁμοῦ
634 2689 916 2764 συνάγεται
972 2688 1078 2744 ἀπὸ
1135 2683 1390 2764 Ἀϐραὰμ
1446 2688 1534 2746 ἐπὶ
1587 2693 1688 2762 τὴν
1749 2695 1986 2769 Χριστοῦ

322 2778 580 2853 γέννησιν
611 2775 704 2848 ἔτη
738 2779 885 2854 ,βρεί

394 2870 523 2925 ’Ὁτι
555 2863 809 2942 Ἡρώδης
839 2866 1050 2944 ὕδρωπι
1086 2865 1246 2942 δεινῷ
1288 2869 1524 2933 πιεσθεὶς
1577 2869 1864 2938 σκώληκας
1921 2894 1980 2931 τε

321 2949 599 3028 ἑκϐράσας
632 2955 738 3009 ἀπὸ
767 2959 864 3009 τοῦ
898 2955 1150 3027 σώματος
1181 2957 1538 3035 καταστρέφει
1566 2957 1657 3012 τὸν
1695 2959 1839 3034 βίον.
1871 2961 1984 3018 Αὕ-

317 3063 552 3119 γουστος
585 3040 640 3098 δὲ
675 3044 810 3116 μετὰ
843 3043 1071 3100 θάνατον
1103 3043 1352 3117 Ἡρώδου
1409 3045 1699 3122 Αρχέλαον
1765 3050 1858 3122 μὲν
1891 3051 1984 3105 τὸν

319 3133 441 3187 υἱὸν
491 3129 748 3207 Ἡρώδου
810 3131 1086 3189 Ἰουδαίων
1148 3133 1417 3216 ἐθνάρχην
1477 3138 1794 3208 κατέστησε,
1854 3136 1983 3202 δοὺς

2103 1979 2448 2050 conscripti,
2483 1979 2640 2049 quod
2671 1979 2958 2050 scriptum
2991 1984 3123 2050 post
3148 1977 3446 2034 decimum
3481 1979 3752 2050 quintum

2099 2068 2315 2122 Tiberii
2345 2085 2568 2123 annum
2627 2067 2896 2125 docendo
2940 2068 3266 2124 triennium
3309 2069 3753 2140 consumpsisse

2099 2156 2392 2228 perhibet.

2171 2248 2343 2301 Anno
2376 2246 2624 2302 Herodis
2657 2245 2958 2302 tricesimo
2988 2247 3159 2301 tertio
3181 2246 3468 2317 Cyrenius
3489 2264 3523 2301 a
3545 2252 3756 2304 senatu

2099 2333 2159 2388 in
2208 2335 2474 2390 Judzeam
2509 2335 2726 2390 missus
2783 2335 3010 2391 incolas
3042 2340 3100 2390 et
3153 2335 3462 2391 facultates
3501 2337 3752 2394 censuit.

2097 2423 2318 2480 Eodem
2351 2441 2509 2481 anno
2559 2425 2826 2482 Christus
2871 2425 3227 2482 Bethleemaa
3279 2426 3562 2495 nascitur,
3609 2425 3754 2483 urbe

2095 2513 2337 2571 Iudaeae.

2165 2692 2250 2746 Ab
2278 2692 2616 2748 Abrahamo
2671 2707 2862 2764 usque
2917 2691 2989 2748 ad
3049 2691 3264 2748 Christi
3322 2691 3553 2749 natales
3608 2693 3749 2749 anni

2103 2790 2241 2841 sunt
2268 2786 2428 2840 2105.

2167 2875 2426 2930 Herodes
2457 2874 2720 2946 hydrope
2752 2873 3088 2928 vehementi
3118 2873 3510 2942 excruciatus,
3539 2874 3749 2930 vermi-

2093 2965 2202 3020 bus
2233 2964 2305 3020 de
2337 2981 2584 3034 corpore
2620 2963 2806 3035 ipsius
2830 2963 2983 3018 333
3035 2963 3516 3029 scaturientibus,
3570 2963 3748 3019 vitam

2093 3071 2228 3111 cum
2276 3059 2468 3108 morte
2522 3052 2924 3108 commutavit.
2978 3053 3118 3124 Ejus
3169 3053 3356 3107 [ilium
3388 3053 3748 3108 Archelaum

2090 3146 2387 3217 Augustus
2417 3141 2632 3198 Iudaea:
2665 3141 2824 3214 genti
2866 3141 3227 3213 praeposuit;
3271 3141 3443 3212 eique
3481 3142 3751 3198 attribuit

318 3222 473 3296 αὖτῷ
503 3223 570 3278 τὰ
599 3222 721 3297 περὶ
774 3223 1132 3298 Ἰεροσόλυμα
1206 3225 1351 3300 ὃρια,
1409 3226 1497 3282 καὶ
1558 3227 1856 3304 Σαμαρέων
1911 3230 1975 3285 τὸ

318 3308 368 3334 ν-
603 3311 618 3334 \
685 3319 719 3334 cu
759 3307 790 3334 ρ
908 3314 922 3332 ε
1097 3314 1109 3330 ι
1177 3321 1210 3334 η
1321 3313 1341 3332 ρο
1649 3317 1663 3334 ς
1725 3318 1795 3334 ..ι

2102 3238 2373 3289 montana
2400 3231 2626 3287 circum
2657 3231 3085 3300 Hierosolyma,
3130 3231 3561 3286 Samaritanam
3603 3248 3748 3304 gen-

313 3308 493 3382 ἴονος,
531 3311 620 3366 καὶ
683 3307 961 3383 Σεϐαστὴν
1021 3314 1113 3369 καὶ
1174 3313 1516 3391 Καισάρειαν,
1573 3317 1666 3372 καὶ
1725 3318 1972 3390 Ἰόππην,

307 3401 401 3456 καὶ
441 3400 856 3476 Ἀντιπατρίδα,
886 3402 977 3457 καὶ
1008 3400 1206 3475 Κύδαν,
1237 3403 1326 3460 καὶ
1359 3406 1421 3461 τὸ
1451 3403 1658 3462 πεδίον
1712 3406 1982 3482 Φιλίππῳ

315 3489 373 3547 δὲ
405 3490 474 3546 τὰ
503 3490 627 3565 περὶ
679 3494 780 3562 τὴν
841 3495 932 3546 νῦν
991 3490 1258 3562 Πανεάδα,
1325 3494 1417 3550 καὶ
1515 3496 1833 3566 Βαταναίαν,
1889 3501 1980 3553 καὶ

312 3580 614 3656 Τράχωνα,
649 3580 740 3635 καὶ
766 3582 868 3650 τήν
899 3575 1311 3655 Ἀκραϐατίνην,
1371 3585 1459 3638 καὶ
1515 3583 1858 3654 Γαυλανῖτιν,
1890 3587 1980 3642 καὶ

317 3669 561 3736 Γάλαθα,
594 3663 716 3724 ἔνθα
746 3669 813 3738 ἦν
845 3669 1077 3743 Γαμάλα
1107 3671 1295 3734 πόλις·
1327 3669 1548 3747 Ἡρώδῃ
1608 3671 1666 3730 δὲ
1721 3676 1819 3743 τήν
1875 3682 1982 3732 Γα-

321 3756 572 3829 λιλαίαν,
601 3760 689 3814 καὶ
724 3759 789 3814 τὸ
821 3759 924 3814 ὑπὸ
949 3762 1050 3830 τήν
1084 3761 1295 3836 Πάρναν
1348 3759 1553 3832 πεδίον,
1612 3765 1702 3818 καὶ
1761 3760 1980 3840 Νάρϐα-

323 3850 446 3914 θον,
474 3848 562 3903 καὶ
593 3849 694 3919 τὴν
755 3848 1004 3924 Περαίαν.
1065 3851 1241 3913 Οὗτος
1296 3844 1471 3908 ἔκτισε
1526 3848 1841 3930 Τιϐεριάδαο
1900 3861 1980 3928 τῷ

317 3935 377 3993 δὲ
411 3939 651 4010 Λυσανίᾳ
681 3939 780 4007 τήν
812 3935 1121 4011 Ἰδουμαίαν
1152 3939 1243 3994 καὶ
1287 3941 1549 4014 Ζιφηνήν,
1617 3943 1708 3998 καὶ
1737 3943 1804 3998 τά
1858 3943 1984 3999 ταύ-

313 4047 420 4096 της
455 4027 658 4101 χωρία,
689 4028 781 4082 καὶ
808 4022 1131 4100 Ἀϐιληνήν.

392 4115 642 4171 Γίνονται
675 4118 762 4190 [Ρ.
798 4119 923 4191 190]
955 4117 1047 4171 οὖν
1099 4117 1206 4172 ἀπὸ
1241 4114 1422 4192 Ἀδὰμ
1448 4114 1551 4181 ἕως
1582 4123 1679 4174 τοῦ
1709 4117 1979 4175 κατακλυο

317 4202 467 4279 σμοῦ
499 4200 594 4274 ἔτη
629 4202 881 4282 δισχίλια
917 4207 1068 4282 σμβ’,
1125 4207 1214 4261 καὶ
1271 4207 1378 4262 ἀπὸ
1436 4213 1532 4264 τοῦ
1589 4208 1979 4283 κατακλυσμοῦ

315 4294 430 4356 ’ἕως
463 4297 560 4350 τοῦ
591 4294 780 4350 Φάλεκ
808 4295 899 4350 καὶ
937 4302 1039 4366 τῆς
1075 4297 1442 4371 πυργοποιίας
1473 4291 1566 4368 ἔτη
1593 4297 1743 4372 φλη“,
1767 4299 1978 4354 καῖάπὸ

315 4387 418 4439 τοῦ
451 4381 637 4438 Φάλεκ
665 4384 885 4454 καὶτῆς
925 4385 1291 4460 πυργοποιίας
1349 4383 1453 4448 ἕως
1503 4385 1668 4456 ἦλθεν
1727 4383 1980 4463 Ἀϐραὰμ

315 4473 396 4536 εἷς
433 4480 538 4548 γῆν
568 4474 778 4530 Χαναὰν
811 4468 902 4544 ἔτη
937 4482 1070 4554 χις’,
1102 4475 1193 4530 καὶ
1249 4474 1356 4531 ἀπὸ
1413 4471 1704 4553 Ἀϐρραᾶμ
1744 4477 1847 4540 ἓως
1877 4487 1976 4549 τῆς

308 4569 578 4632 τελευτῆς
610 4566 793 4634 Ἰησοῦ
824 4563 944 4618 υἱοῦ
974 4564 1128 4635 Ναυῆ
1161 4559 1254 4636 ἔτη
1283 4571 1424 4642 φκς’,
1457 4567 1545 4621 καὶ
1581 4566 1688 4622 ἀπὸ
1743 4574 1845 4636 τῆς
1875 4589 1972 4624 τε-

2093 3328 2237 3387 tem,
2269 3320 2576 3376 Sebastam
2606 3319 2956 3386 Caesaream,
2987 3320 3236 3390 Joppen,
3286 3319 3744 3391 Antipatridem,

2094 3412 2310 3484 Lydam
2344 3415 2403 3466 et
2432 3409 2806 3481 campestria.
2840 3408 3113 3480 Philippo
3141 3408 3270 3463 loca
3309 3407 3564 3463 Pancadi
3588 3425 3747 3464 nunc

2090 3506 2308 3556 vocata:
2336 3499 2608 3567 finitima,
2643 3500 2982 3561 Bataneam,
3017 3499 3403 3565 Trachonem,
3439 3497 3745 3553 Acrabati-

2091 3589 2697 3658 nam,Gaulonitidem
2713 3605 2780 3644 ac
2797 3587 3166 3659 Galatha,ubi
3181 3593 3306 3642 erat
3323 3587 3464 3642 urbs
3483 3589 3743 3644 Gamala.

2092 3679 2307 3736 Herodi
2341 3679 2642 3735 Galilaeam
2676 3684 2734 3733 et
2771 3678 3081 3750 planitiem
3135 3680 3341 3732 Parua:
3392 3678 3744 3750 subjectam,

2091 3769 2478 3836 Narbathum,
2541 3770 2826 3823 Peraeam.
2897 3769 2952 3823 Is
3023 3767 3394 3823 Tiberiadem
3454 3767 3741 3823 condidit.

2091 3859 2356 3930 Lysania:
2388 3857 2732 3924 ldummam,
2783 3857 3106 3929 Ziphenem
3156 3863 3214 3912 et
3243 3873 3374 3928 qua:
3426 3857 3554 3928 ejus
3605 3862 3743 3912 sunt

2090 3947 2356 4019 ditionis,
2389 3953 2567 4018 atque
2595 3946 2924 4002 Abilenam.

2160 4127 2245 4182 Ab
2277 4125 2501 4181 Adamo
2524 4142 2714 4196 usque
2736 4125 2809 4181 ad
2851 4124 3138 4180 diluvium
3164 4130 3302 4180 sunt
3322 4126 3462 4181 anni
3495 4127 3740 4182 omnino

2088 4218 2268 4284 2242;
2300 4213 2438 4270 inde
2471 4231 2658 4286 usque
2711 4214 2786 4270 ad
2811 4213 3130 4270 Phalecum
3172 4220 3231 4269 et
3260 4215 3440 4269 turris
3480 4215 3741 4272 aedifica-

2087 4305 2313 4361 tionem
2346 4305 2485 4361 anni
2518 4305 2641 4370 538,
2676 4304 2816 4359 hinc
2847 4319 3034 4374 usque
3058 4302 3133 4358 ad
3161 4303 3481 4358 Abrahami
3511 4304 3574 4358 in
3596 4305 3740 4360 Cha-

2087 4394 2400 4451 nanaicam
2434 4400 2652 4448 terram
2685 4391 3002 4448 adventum
3035 4393 3158 4459 616,
3186 4392 3258 4447 ab
3291 4392 3402 4448 hoc
3448 4409 3635 4464 usque
3663 4393 3736 4448 ad

2086 4487 2342 4538 mortem
2371 4482 2564 4536 Josuae
2592 4479 2766 4534 Navis
2789 4479 2895 4534 filii
2928 4480 3054 4544 526,
3077 4497 3252 4550 porro
3272 4496 3456 4550 usque
3489 4480 3562 4535 ad
3587 4485 3734 4534 tem-

2086 4589 2196 4642 pus
2228 4587 2344 4641 quo
2373 4570 2683 4626 Iudaicum
2717 4586 2965 4642 regnum
3012 4569 3264 4624 Davidus
3312 4571 3561 4639 accepit,
3594 4569 3737 4625 anni

312 4655 522 4722 λευτῆς
579 4653 760 4723 Ἰησοῦ
816 4651 921 4715 ’ἕως
978 4649 1257 4730 παρέλαϐε
1298 4641 1481 4710 ῨΔαόἰδ
1536 4657 1634 4724 τὴν
1695 4657 1970 4732 βασιλείαν

2102 4661 2207 4728 i80,
2241 4661 2379 4714 hinc
2409 4675 2596 4730 usque
2628 4657 2703 4713 ad
2753 4641 3061 4714 Sedeciam
3110 4659 3407 4713 Jechonim
3461 4659 3646 4714 tilium
3681 4665 3741 4714 et

1457 4737 1543 4762 θείς
1579 4741 1604 4762 n

308 4749 413 4812 τῆς
445 4738 717 4802 Ἰουδαίας
745 4737 838 4812 ἔτη
899 4750 1002 4811 υπ’,
1061 4743 1150 4798 καὶ
1210 4744 1316 4799 ἀπὸ
1376 4737 1543 4798 Δαὸἱδ
1579 4741 1686 4808 ἕως
1719 4743 1970 4802 Σεδεκίου

310 4835 442 4888 υἱοῦ
473 4833 738 4908 Ἰεχονίου
768 4834 858 4887 καὶ
888 4840 986 4904 τῆς
1019 4832 1077 4888 ἐκ
1108 4828 1288 4890 Βαόυλ
1303 4838 1441 4898 ὦνος
1506 4836 1844 4909 μετοικεσίας
1877 4835 1969 4908 ἔτη

306 4930 444 4999 υμη’
484 4921 574 4976 καὶ
636 4923 740 4978 ἀπὸ
799 4929 898 4993 τῆς
958 4923 1298 4997 μετοικεσίας
1353 4921 1456 4988 ἕως
1519 4920 1970 5000 Ζοροϐάϐελ,ἰπὶ

2084 4749 2360 4804 exsilium
2416 4748 2839 4820 Babylonicum
2891 4748 3034 4803 anni
3063 4750 3193 4810 448,
3243 4747 3381 4802 inde
3427 4765 3616 4819 usque
3661 4749 3736 4805 ad

2082 4838 2503 4895 Zorobabelem
2525 4856 2591 4894 ac
2625 4839 2882 4910 primum
2909 4856 3133 4914 annum
3155 4839 3286 4910 Cyri
3317 4839 3378 4894 in
3411 4841 3620 4896 Persas
3643 4856 3737 4896 re-

2081 4929 2180 5002 gni
2211 4930 2355 4985 anni
2384 4930 2476 4997 70,
2511 4929 2770 5000 denique
2800 4945 2834 4984 a
2860 4928 3052 5000 primo
3084 4946 3243 4985 anno
3274 4930 3407 5000 Cyri
3441 4947 3628 5002 usque
3659 4929 3736 4985 ad

1521 5081 1884 5137 XYLANDRI
1922 5082 2010 5136 ET
2053 5081 2271 5138 GOARI
2312 5081 2534 5137 NOTAE.

381 5232 500 5302 (37)
534 5230 852 5302 Perspicue
885 5231 1122 5286 falsum.
1160 5232 1327 5288 Luca
1358 5247 1420 5288 ιιι
1450 5234 1676 5289 mentio
1718 5234 1783 5289 ﬁt
1822 5235 1964 5290 anni

317 5306 379 5356 i5
413 5301 657 5358 Tiberii.
688 5301 1035 5358 Triennium
1065 5303 1367 5360 Christum
1393 5304 1670 5361 docuisse
1724 5322 1844 5361 non
1877 5311 1967 5362 est

313 5374 497 5429 sacris
531 5373 768 5429 Litteris
799 5389 1144 5445 expressum
1179 5393 1192 5430 :
1225 5393 1363 5431 nam
1395 5377 1442 5432 si
1487 5383 1663 5443 esset,
1699 5393 1767 5432 ea
1796 5377 1867 5432 de
1903 5395 1966 5432 re

311 5462 430 5500 non
463 5445 875 5517 disputassent
904 5448 1129 5502 Patres.
1163 5447 1437 5504 Clemens
1469 5448 1902 5504 Alexandrinus
1922 5455 1966 5502 α“

307 5536 615 5587 upupam,
651 5518 912 5572 affirmat
942 5519 1185 5574 unicum
1210 5536 1432 5575 annum
1466 5537 1499 5575 a
1529 5521 1761 5575 Christo
1783 5521 1966 5577 fuisse

302 5589 691 5663 Evangelium
715 5588 1098 5663 pqrzrdicatum
1123 5606 1344 5663 ;eoque
1371 5592 1712 5649 vaticinium
1727 5591 1968 5649 adducit

304 5661 378 5716 de
411 5661 571 5733 anno
612 5661 836 5733 gratiae,
871 5661 1028 5733 quod
1085 5678 1156 5718 ex
1215 5661 1378 5719 Isaiaa
1438 5680 1468 5719 c
1524 5680 1612 5718 in
1661 5664 1962 5719 recitatur.

305 5735 387 5790 De
417 5731 639 5791 Judane
671 5732 732 5789 in
757 5731 914 5790 ﬁlios
944 5734 1189 5791 Herodis
1210 5734 1628 5792 distributione
1659 5735 1966 5792 videJose-

2075 5234 2262 5305 phum
2294 5233 2402 5289 sub
2451 5235 2674 5289 exitum
2721 5235 2760 5288 l.
2791 5250 3113 5289 xvnnam
3161 5249 3293 5304 quas
3341 5231 3735 5305 geographica

2077 5304 2236 5378 sunt.
2271 5305 2408 5362 alibi
2440 5323 2824 5378 exponemus.
2853 5306 2965 5362 Sed
2997 5311 3056 5361 et
3085 5321 3378 5378 annorum
3404 5305 3477 5359 ab
3509 5304 3733 5378 Adamo

2076 5377 2153 5433 ad
2181 5377 2481 5450 Christum
2515 5377 2854 5450 supputatio
2889 5394 3019 5448 qua}
3045 5377 3314 5450 sequitur
3345 5393 3403 5448 p,
3427 5377 3538 5450 A333
3581 5393 3629 5450 _v.
3665 5379 3732 5430 20

2077 5448 2367 5519 mendosa
2423 5454 2530 5514 est,
2590 5447 2652 5503 et
2699 5449 2809 5502 sibi
2865 5447 2982 5502 non
3043 5447 3438 5519 congruit,’si
3501 5447 3730 5499 ἀπὸτοῦ

2081 5519 2156 5592 μά
2184 5514 2336 5581 ἔτους
2368 5519 2547 5594 Κύρου
2604 5520 2783 5592 legas.
2818 5525 2891 5594 Et
2947 5514 3186 5590 quidem
3249 5523 3334 5594 tot
3387 5536 3576 5574 annos
3624 5519 3730 5592 Cy-

2077 5590 2461 5665 rusiregnum'
2490 5607 2609 5648 non
2669 5590 2858 5646 tenuit
2892 5607 2904 5657 ;
2933 5607 3069 5663 ergo
3120 5606 3226 5661 qro
3261 5590 3336 5662 μά
3366 5590 3728 5663 reponemus

2077 5663 2128 5719 ά.
2162 5663 2297 5720 Χηζ
