4154 6436
350 447 476 510 3⁸13

1525 410 2070 510 Hlsronmauu
2120 448 2662 521 COMPENDIUM.

3671 465 3794 524 3'14

354 581 618 659 ἰξείληφε
648 579 1075 654 πεπληρῶσθαι,
1138 576 1408 655 διήμαρτε
1477 577 1534 635 δὶ
1589 585 1689 649 τῆς
1739 580 2010 653 ἑρμηνείας

2141 595 2344 645 narrat
2374 593 2681 649 oraculum
2743 595 3043 666 quoddam
3073 595 3260 651 fuisse
3305 595 3365 649 in
3424 597 3608 652 sacris
3667 599 3788 652 Lit-

357 673 427 730 ἱκ
457 671 772 745 διαμέτρου·
810 669 873 725 ού
911 669 1010 744 γὰρ
1070 670 1247 737 πάσης
1279 669 1436 730 οὗτος
1494 669 1644 743 ἦρξε.
1680 669 1930 725 Λείπεται
1963 669 2019 726 δὲ

356 763 456 817 οὖν
517 761 604 816 ἐπὶ
653 760 745 814 τὸν
803 759 1005 832 Κύριον
1060 761 1222 830 ἡμῶν
1288 759 1500 827 Ἰησοῦν
1554 759 1787 832 Χριστὸν
1855 764 2018 814 τοῦτο

349 851 729 929 πληροῦσθαι,
758 849 898 925 πρὸς
931 849 988 903 δν
1022 870 1186 928 φησιν
1219 850 1248 903 ὁ
1280 851 1489 924 Πατήρ·
1529 872 1552 901 α
1609 847 1842 920 Δί’τησαι
1892 851 2019 924 παρ’

347 943 517 1016 ἕμοῦ,
551 941 642 997 καὶ
685 937 847 1018 δώσω
880 960 964 992 σοι
993 937 1114 1009 ἔθνη
1173 939 1274 1007 τὴν
1340 937 1717 1012 κληρονομίαν
1770 960 1892 1007 σου,
1927 939 2017 994 καὶ

346 1035 456 1103 τήν
481 1030 813 1106 κατάσχεσιν
844 1050 942 1084 σου
972 1029 1039 1083 τὰ
1083 1028 1290 1103 πέρατα
1317 1035 1417 1096 τῆς
1476 1035 1601 1105 γῆς.
1668 1053 1692 1079 ι›
1746 1030 1903 1093 Ὅθεν
1939 1029 2015 1091 εἷς

345 1126 524 1178 πᾶσαν
554 1123 654 1189 τήν
688 1121 790 1195 γῆν
823 1115 1046 1189 ἐξῆλθεν
1104 1119 1131 1172 ὁ
1195 1117 1438 1197 φθόγγος
1502 1120 1610 1172 τῶν
1666 1119 1827 1192 ἱερῶν
1879 1118 2017 1172 ἀπο-

348 1210 568 1267 στόλων
602 1209 791 1278 αύτοῦ,
820 1209 911 1263 καὶ
945 1207 1020 1271 εἰς
1050 1208 1117 1262 τὰ
1145 1208 1350 1282 πέρατα
1415 1213 1517 1276 τῆς
1561 1205 1894 1280 οἰκουμένης
1949 1208 2018 1262 τὰ

347 1299 574 1377 ῥήματα
623 1300 819 1355 αὐτῶν.
875 1297 1026 1354 Ἑπεὶ
1082 1297 1174 1352 οὗν
1235 1297 1371 1353 κατὰ
1427 1297 1520 1352 τὸν
1575 1298 1761 1372 καιρὸν
1823 1301 2014 1352 τοῦτον

343 1392 375 1445 ὁ
412 1391 546 1452 Θεὸς
577 1391 680 1459 τήν
735 1386 912 1442 κτίσιν
968 1383 1403 1460 ἐδημιούργησε,
1445 1387 1535 1441 καὶ
1599 1386 1860 1460 μαρτυρεί
1910 1390 2018 1441 τῶν

345 1477 593 1554 δένδρων
624 1481 659 1547 ἡ
696 1476 1024 1552 βλάστησις,
1059 1474 1149 1531 διὰ
1176 1480 1342 1531 τοῦτο
1373 1476 1462 1530 καὶ
1492 1476 1585 1530 τὸν
1619 1475 1846 1548 Ἰσραήλ
1877 1477 2018 1530 κατὰ

333 1571 432 1626 τὸν
466 1569 656 1644 καιρὸν
681 1565 873 1623 τουτον
905 1564 1253 1640 ἠλευθέρωσε
1307 1572 1408 1634 τῆς
1443 1565 1826 1642 Αἰγυπτιακῆς
1890 1562 2012 1620 δου-

341 1659 529 1729 λείας,
564 1657 657 1712 καὶ
686 1660 756 1730 τῇ
772 1654 1022 1730 παρθένῳ
1051 1649 1303 1729 Γαϐριὴλ
1337 1655 1364 1709 ὁ
1397 1653 1746 1730 ἀρχάγγελος
1781 1654 2012 1730 εὐηγγε-

346 1747 572 1806 λίσατο.
609 1745 854 1806 Εἰκότως
886 1743 978 1800 οὗν
1007 1743 1142 1799 κατὰ
1173 1744 1265 1798 τὸν
1298 1742 1458 1800 αὐτὸν
1487 1743 1675 1817 καιρὸν
1730 1744 1821 1798 καὶ
1876 1745 2013 1818 Χριο

341 1838 473 1899 στὸς
511 1837 769 1910 ὑπέμεινε
792 1833 854 1889 τὸ
887 1836 1160 1908 σωτήριον
1191 1833 1385 1897 πάθος.

2135 679 2275 732 teris
2307 680 2638 747 inventum,
2673 701 2789 755 quo
2819 685 3040 740 Judaeis
3073 685 3497 757 praediceretur
3535 703 3602 740 eo
3636 694 3788 741 tem-

2130 784 2272 838 pore
2304 772 2621 840 quemdam
2653 791 2722 828 ex
2755 775 3018 846 ipsorum
3047 775 3238 846 patria
3269 774 3584 845 imperium
3612 777 3789 831 totius

2129 856 2289 937 orbis
2323 858 2815 917 habiturumJloc
2848 863 2948 917 ille
2982 864 3415 934 Vespasianum
3447 863 3786 934 implevisse

2128 944 2528 1020 interpretans
2553 956 2674 1005 tota
2696 952 2879 1023 (quod
2901 953 3092 1024 aiunt)
3118 954 3208 1007 via
3237 970 3270 1007 a
3295 969 3427 1007 vero
3451 952 3747 1008 aberravit
3770 969 3782 1006 :

2129 1050 2323 1105 neque
2354 1038 2514 1093 enim
2574 1041 2934 1111 Vespasiano
2980 1047 3138 1097 totus
3198 1041 3453 1096 mundas
3514 1041 3786 1096 subditus

2126 1123 2258 1179 luit.
2293 1126 2608 1197 Reliquum
2642 1146 2776 1200 ergo
2827 1136 2918 1184 est
2946 1131 3006 1184 id
3036 1148 3070 1184 a
3099 1131 3348 1185 Domino
3382 1135 3585 1184 nostro
3639 1132 3778 1185 Jesu

2127 1211 2360 1270 Christo
2412 1217 2725 1288 impletum
2782 1220 2990 1285 fuisse,
3055 1236 3232 1291 quem
3275 1221 3357 1274 ita
3387 1221 3604 1274 affatur
3661 1222 3773 1274 Pa—

2125 1304 2218 1354 ter
2248 1323 2275 1350 ‹‹
2331 1303 2512 1357 Posce
2546 1319 2579 1358 a
2630 1321 2744 1372 me,
2804 1305 2954 1360 dabo
2997 1306 3103 1360 tibi
3160 1313 3365 1378 gentes
3420 1305 3550 1360 loco
3606 1306 3782 1360 here-

2127 1386 2348 1457 ditatis,
2408 1407 2475 1447 ac
2533 1394 2822 1449 terminos
2882 1401 3052 1450 terra)
3109 1395 3212 1449 tibi
3271 1394 3626 1466 mancipabo
3668 1395 3712 1448 ⁵.
3747 1417 3774 1444 ››

2126 1477 2265 1533 Inde
2298 1479 2520 1536 factum
2554 1489 2618 1537 ut
2647 1499 2829 1538 sonus
2879 1490 3225 1539 sanctorum
3259 1485 3389 1554 ejus
3421 1484 3576 1538 386
3629 1499 3780 1554 apo-

2124 1566 2412 1623 stolorum
2447 1570 2508 1625 in
2541 1572 2876 1627 universam
2939 1579 3159 1627 terram
3196 1573 3404 1640 exiret,
3463 1589 3530 1628 ac
3587 1588 3781 1627 sermo

2124 1669 2328 1710 eorum
2360 1658 2434 1712 ad
2467 1659 2618 1715 ﬁnes
2651 1677 2837 1731 usque
2868 1660 3033 1716 orbis
3065 1661 3450 1733 pertingeret.
3485 1661 3781 1726 Quoniam

2122 1760 2260 1816 ergo
2293 1762 2362 1801 eo
2396 1750 2679 1820 temporis
2713 1750 2965 1805 articulo
2999 1750 3288 1806 mundum
3321 1750 3645 1806 fabricatus
3694 1757 3784 1805 est

2125 1834 2298 1900 Deus,
2327 1837 2422 1892 cui
2453 1838 2538 1892 rei
2573 1839 2987 1894 testimonium
3020 1839 3262 1895 arbores
3303 1846 3445 1894 tunc
3497 1840 3780 1894 florentes

339 1928 661 1996 exhibent,
687 1927 823 1982 ideo
856 1925 1067 1981 eodem
1100 1929 1367 1996 tempore
1424 1924 1712 1980 lsraelum
1743 1939 1978 1995 quoque
2035 1924 2374 1995 Egyptiaca
2403 1929 2682 1983 servitute
2737 1929 3032 1996 liberavit,
3065 1929 3388 1999 laetumque
3438 1935 3570 2000 post
3631 1945 3780 1982 nun-

344 2019 499 2074 tium
524 2016 837 2073 Gabrielus
867 2015 1217 2088 angelorum
1276 2014 1556 2086 princeps
1587 2014 1781 2069 Marias
1811 2011 2030 2068 attulit.
2092 2013 2283 2077 Quare
2314 2023 2780 2073 consentaneum
2841 2023 2968 2074 erat
2999 2019 3206 2074 eodem
3268 2018 3447 2073 etiam
3507 2024 3778 2090 tempore

371 2107 665 2163 Christum
696 2105 870 2160 nobis
901 2104 1157 2160 salutare
1189 2104 1549 2176 supplicium
1581 2104 1764 2160 luere.

447 2195 514 2251 Ὀ
540 2192 711 2248 τοίνυν
746 2193 986 2256 Ηιλᾶτος
1021 2192 1154 2266 μετᾶ
1184 2193 1284 2262 τήν
1325 2197 1422 2247 τοῦ
1481 2193 1718 2266 Χριστοῦ
1771 2190 2010 2266 σταύρω·

2198 2195 2487 2252 Cmterum
2520 2197 2743 2253 Pilatus
2773 2198 3005 2253 Christo
3035 2197 3341 2264 cruciﬁxo,
3367 2201 3570 2268 postea
3596 2204 3776 2252 noctu

382 2303 466 2337 σιν
500 2282 697 2344 εἴκόνας
721 2287 819 2337 τοῦ
850 2281 1122 2356 Καίσαρος
1165 2282 1242 2345 εἰς
1266 2283 1330 2336 τὸ
1386 2281 1530 2356 ἱερὸν
1583 2280 1794 2356 νύκτωρ
1834 2281 2024 2351 ἀνέθη-

370 2392 484 2426 κεν.
521 2373 743 2446 Ὀρθρου
805 2369 863 2426 δὲ
921 2371 1218 2448 γενομένου
1277 2373 1327 2425 οἱ
1379 2368 1640 2427 Ἰουδαῖοι
1699 2371 2022 2445 θεασάμενοι

369 2464 628 2516 τοσοῦτον
661 2459 1044 2536 ἐταράχθησαν
1103 2458 1244 2515 ὥστε
1301 2459 1542 2522 Πιλᾶτος
1600 2458 2022 2533 ἐκδειματωθεῖς

348 2548 616 2624 ἀλλαχοῦ
647 2550 849 2611 ταύτας
887 2551 1170 2623 μετέθηκε.
1221 2544 1480 2624 Τιϐέριος
1541 2547 1598 2604 δὲ
1629 2547 1752 2604 λίαν
1810 2553 1907 2605 τοῦ
1939 2547 2024 2604 δι-

354 2639 519 2693 καίου
551 2639 852 2715 φροντίζων
906 2633 1108 2717 ἔγραφε
1164 2644 1280 2701 τοῖς
1339 2624 1572 2714 ἃρχουσι
1628 2644 1736 2694 τῶν
1778 2636 2018 2709 πόλεων,

348 2727 442 2783 ἰάν
474 2750 527 2783 τι
562 2731 748 2806 γράφῃ
813 2729 960 2804 παρὰ
1015 2730 1144 2792 τοὺς
1201 2729 1406 2804 νόμους
1465 2731 1821 2804 προστάσσων
1867 2729 2019 2806 γίνεέ

356 2829 504 2885 σθαι,
543 2820 620 2889 μή
653 2805 946 2893 προσέχειν
975 2819 1050 2880 ὡς
1092 2819 1418 2894 ἠγνοηκότι.
1479 2819 1572 2874 Διὸ
1627 2819 1714 2873 καὶ
1783 2805 2020 2880 Πιλᾶτος

350 2905 517 2971 εἰδὼς
550 2907 716 2962 αὐτοῦ
745 2908 808 2963 τὸ
840 2906 1143 2981 φιλάληθες
1173 2909 1263 2962 καὶ
1317 2905 1689 2986 φιλοδίκαιον,
1739 2909 1806 2962 τὰ
1857 2909 2020 2982 τερά-

350 3019 480 3054 στια
515 3002 760 3071 Χριστοῦ
792 3000 965 3053 πάντα
1014 3000 1103 3053 καὶ
1160 3001 1226 3054 τὰ
1291 3006 1391 3066 τῆς
1449 2994 1717 3061 εὐσεϐείας
1771 2996 2019 3073 δόγματα

351 3089 510 3160 αύτῴ
540 3086 615 3143 δι’
643 3088 913 3157 ἐπιτομῆς
945 3089 1359 3158 ἀνεκοινώσατο,
1391 3090 1569 3153 καθὼς
1626 3090 1832 3164 ἱστορεῖ
1880 3092 2017 3161 Τερ-

348 3176 621 3239 τυλιανὸς
652 3177 704 3232 ἐν
734 3182 804 3252 τῇ
842 3178 972 3252 ὑπὲρ
1027 3179 1365 3252 Χριστιανῶν
1423 3178 1732 3254 ἀπολογίᾳ,
1782 3179 1872 3232 καὶ
1932 3177 2015 3233 ὅτι

352 3267 494 3338 μετὰ
525 3268 746 3323 θάνατον
786 3262 1051 3322 ἀνεϐίωσε
1106 3269 1198 3323 καί
1255 3265 1365 3338 ἤδη
1429 3269 1578 3341 παρὰ
1627 3273 1759 3323 πᾶσι
1793 3269 1910 3329 θεὸς
1935 3267 2016 3322 εῖ-

351 3377 442 3411 ναι
473 3357 806 3414 πιστεύεται.
841 3357 943 3413 Καὶ
975 3355 1060 3411 ὅτι
1107 3351 1358 3428 Τιϐέριος
1416 3355 1788 3433 καταπλαγεὶς
1846 3356 2016 3433 ἀνήγ-

354 3444 516 3524 γειλε
547 3447 629 3520 [Ρ.
668 3448 794 3519 192]
824 3448 998 3501 πάντα
1030 3449 1100 3520 τῇ
1133 3445 1448 3522 συγκλήτῳ.
1483 3447 1546 3503 Ἦ
1606 3444 1663 3502 δὲ
1720 3447 1782 3501 οὐ
1813 3450 2016 3522 προσή.

2129 2283 2189 2338 in
2241 2285 2528 2357 templum
2561 2287 2852 2359 imagines
2882 2287 3130 2342 Caesaris
3163 2286 3404 2350 intulit;
3442 2286 3601 2357 quod
3643 2303 3776 2340 cum

2127 2375 2322 2446 prima
2372 2375 2502 2430 luce
2552 2375 2732 2432 ludzei
2790 2375 3100 2443 vidissent,
3161 2380 3360 2430 tantus
3409 2391 3617 2430 eorum
3667 2375 3779 2430 fuit

2127 2469 2324 2519 motus
2356 2471 2420 2520 ut
2445 2466 2669 2522 Pilatus
2703 2467 2944 2521 territus
2976 2466 3092 2520 alio
3123 2481 3226 2521 eas
3257 2465 3652 2521 transtulerit.
3686 2463 3782 2517 Ti-

2125 2553 2326 2610 berius
2358 2572 2532 2627 porro
2555 2557 2806 2629 justitiaa
2864 2556 3424 2612 observantissimus
3481 2555 3777 2626 prmlectis

2125 2645 2359 2700 urbium
2375 2647 2576 2701 missis
2594 2647 2830 2703 Litteris
2852 2641 3246 2709 mandavit,ut
3267 2646 3316 2700 si
3339 2645 3483 2716 quid
3508 2645 3776 2699 scribens

2125 2733 2250 2805 ipse
2283 2727 2670 2807 contratleges
2703 2736 2830 2791 ﬁeri
2855 2735 3200 2808 juberet,ne
3236 2740 3361 2789 tum
3393 2735 3506 2789 sibi
3541 2734 3776 2788 obtem-

2124 2830 2400 2894 perarent
2430 2825 2648 2896 quippe
2680 2825 3051 2897 ignoratione
3076 2824 3262 2895 lapso.
3289 2825 3494 2894 Itaque
3527 2823 3774 2892 Pilatus,

2123 2913 2217 2966 cui
2250 2913 2625 2983 imperatoris
2675 2913 2938 2968 studium
2970 2913 3231 2967 veritatis
3291 2913 3622 2984 etjustitiae
3676 2929 3773 2966 co-

2121 3001 2351 3073 gnitum
2384 3007 2531 3069 erat,
2564 3002 2856 3056 miracula
2900 3002 3114 3056 Christi
3169 3001 3373 3056 omnia
3419 3003 3669 3072 ejusque
3701 3000 3773 3054 de

2120 3089 2408 3162 religione
2430 3090 2765 3146 doctrinam
2779 3090 3132 3160 compendio
3155 3089 3227 3144 ad
3248 3106 3383 3144 eum
3404 3089 3770 3160 perscripsit,

2120 3185 2186 3233 ut
2215 3185 2421 3234 auctor
2450 3185 2540 3234 est
2568 3181 2629 3234 in
2661 3180 3008 3234 defensione
3040 3179 3515 3233 Christianorum
3546 3177 3772 3233 Tertul-

2119 3266 2334 3323 lianus.
2373 3269 2679 3338 Simulque
2711 3268 2993 3322 indicavit
3023 3284 3158 3321 eum
3193 3272 3380 3320 morte
3412 3266 3572 3320 obita
3615 3266 3766 3319 revi-

2118 3357 2275 3412 xisse
2307 3363 2365 3412 et
2395 3358 2468 3412 ab
2500 3357 2778 3412 omnibus
2802 3358 2930 3429 jam
2963 3374 3068 3427 pro
3101 3358 3220 3410 Deo
3253 3355 3477 3410 haberi.
3499 3355 3767 3408 Tiberius

2119 3447 2406 3501 attonitus
2432 3463 2499 3500 eo
2533 3447 2742 3501 nuntio
2799 3451 2982 3501 totam
3011 3461 3139 3500 rem
3166 3444 3240 3500 ad
3299 3449 3569 3499 senatum
3602 3448 3765 3498 retu—

341 3556 506 3605 κατο,
539 3537 858 3614 πειθαρχεῖν
890 3535 1047 3607 νόμῳ
1077 3533 1302 3607 παλαιῷ
1358 3534 1615 3610 λέγουσα,
1678 3537 1754 3608 μή
1805 3539 1999 3612 πρότε.

2120 3535 2204 3590 Iit.
2248 3537 2498 3591 Senatus
2540 3535 2654 3608 legi
2687 3553 2748 3591 se
2798 3536 3058 3605 antiquas
3107 3534 3519 3604 obtemperare
3567 3533 3765 3604 potius

347 3645 446 3700 ρον
473 3623 797 3694 θεοποιῆσαί
834 3645 977 3688 τινα,
1012 3624 1056 3679 εἰ
1107 3625 1182 3696 μή
1223 3626 1392 3702 ψήφῳ
1447 3626 1536 3679 καὶ
1597 3623 1829 3700 δόγματι
1884 3631 2014 3705 παρ’

344 3713 540 3777 αὐτοῖς
568 3713 807 3787 κριθείη.
839 3714 901 3770 Ὁ
933 3710 991 3768 δὲ
1013 3713 1106 3767 τὸν
1152 3713 1246 3786 μὲν
1306 3713 1476 3787 νόμον
1524 3717 1716 3769 τοῦτον
1775 3713 2008 3788 ἐδέξατο,

345 3804 604 3860 ἐκέλευσε
631 3802 688 3860 δὲ
722 3802 931 3877 μηδένα
963 3801 1274 3878 ἐμποδίζειν
1303 3809 1383 3875 τῷ
1413 3806 1649 3879 Χριστοῦ
1675 3807 2009 3883 κηρύγματι·

349 3895 449 3950 καὶ
484 3895 667 3967 μέντοι
699 3893 788 3949 καὶ
825 3898 1047 3957 θάνατον
1080 3892 1496 3970 προσηπείλησε
1522 3900 1639 3956 τοῖς
1684 3903 2008 3972 κατηγορεῖν

339 3981 600 4055 τολμῶσι
629 3985 726 4036 τοῦ
745 3983 1116 4056 κηρύγματος.

419 4073 481 4129 Ὁ
514 4068 571 4126 δέ
633 4093 695 4149 γε
755 4069 994 4133 Πιλᾶτος
1067 4071 1214 4145 μίσει
1269 4075 1348 4141 τῷ
1396 4072 1532 4146 πρὸς
1563 4068 1866 4136 Ἰουδαίους
1919 4074 2010 4128 καὶ

347 4160 444 4216 τὸν
503 4160 648 4233 ἱερὸν
709 4161 981 4234 θησαυρὸν
1039 4161 1132 4215 τὸν
1191 4159 1535 4232 καλούμενον
1596 4157 1864 4235 κορϐανᾶν
1899 4159 2008 4217 διέυ

341 4253 532 4326 φθειρε
557 4250 648 4304 καὶ
677 4247 929 4311 πολλοὺς
959 4248 1010 4320 ἐξ
1069 4248 1264 4308 αὐτῶν.
1318 4251 1510 4323 Ἒμιξε
1553 4251 1611 4305 δὶ
1640 4249 1730 4305 καί
1759 4272 1922 4305 τινων
1957 4251 2008 4322 ἐξ

344 4339 530 4394 αὐτῶν
555 4336 606 4392 ἐν
643 4344 762 4399 ταῖς
797 4337 1032 4412 ἡμέραις
1088 4342 1186 4393 τοῦ
1246 4338 1513 4414 Καίσαρος
1570 4339 1634 4394 τὸ
1701 4342 1840 4411 αἷμα
1896 4346 2008 4396 τῶν

337 4431 574 4496 θυσιῶν,
604 4427 795 4499 τρόπῳ
823 4425 1043 4500 τοιῷδε.
1084 4429 1151 4485 Οἱ
1210 4425 1504 4484 Γαλιλαῖοι
1565 4434 1683 4492 τοῖς
1741 4427 2008 4506 δόγμασιν

336 4515 872 4586 ἐξακολουθήσαντες
902 4513 1080 4572 Ἰούδα
1110 4521 1208 4571 τοῦ
1271 4515 1591 4586 Γαλιλαίου,
1627 4518 1689 4572 οὗ
1720 4517 1810 4572 καὶ
1865 4527 2004 4574 Λου-

335 4610 441 4667 xi:
471 4605 526 4659 ἐν
557 4610 676 4668 ταῖς
719 4606 949 4680 Πράξεσι
1007 4611 1116 4660 τῶν
1176 4604 1502 4660 ἀποστόλων
1558 4606 1854 4680 μέμνηται,
1912 4629 2006 4663 κε-

338 4693 617 4772 νοφωνίαν
651 4694 740 4750 καὶ
798 4693 1013 4764 πλάνην
1071 4688 1272 4767 ἔμαθον
1342 4693 1393 4768 ἐξ
1447 4694 1635 4766 αὐτοῦ,
1666 4698 1844 4758 καθὼς
1899 4691 2002 4770 ἔφη

340 4786 645 4854 Ἰώσηπος.
713 4785 983 4861 Προφάσει
1043 4784 1147 4861 γὰρ
1237 4779 1510 4845 εὐσεϐείας
1595 4783 1755 4855 δῆθεν
1815 4785 2002 4862 κύριον

2119 3623 2284 3691 dixit,
2319 3625 2419 3696 qui
2454 3625 2569 3679 nisi
2622 3641 2692 3679 ex
2723 3626 2776 3680 S.
2839 3626 2899 3678 Ο.
2934 3640 3056 3679 non
3087 3624 3348 3694 patiatur
3403 3639 3767 3692 quemquam

2115 3732 2222 3786 pro
2244 3717 2396 3770 Deos
2418 3715 2981 3786 haberi.lmperator
3003 3730 3071 3768 ea
3092 3713 3218 3785 lege
3233 3711 3769 3784 approbata.edixit

2115 3809 2317 3859 tamen
2347 3821 2420 3859 ne
2452 3805 2585 3875 quis
2630 3804 2994 3875 praeconium
3053 3803 3201 3857 387
3239 3802 3312 3856 de
3365 3801 3610 3864 Christo.
3653 3801 3762 3854 im-

2115 3893 2626 3963 pediret‘mortem
2660 3894 2836 3948 etiam
2873 3892 3183 3958 minans,si
3217 3891 3349 3962 quis
3388 3906 3519 3946 eam
3552 3891 3765 3945 doctri-

2115 4000 2253 4039 nam
2284 4000 2564 4040 accusare
2596 3983 2863 4039 auderet.

2185 4077 2260 4129 At
2290 4073 2536 4139 Pilatus,
2569 4073 2702 4127 odio
2735 4073 2796 4126 in
2827 4073 3058 4127 Judaeos
3091 4071 3458 4140 stimulante,
3505 4087 3638 4126 cum
3671 4087 3763 4126 sa-

2115 4180 2283 4218 crum
2308 4163 2650 4217 thesaurum
2677 4162 3019 4232 (corbanem
3043 4161 3154 4232 ipsi
3181 4161 3594 4228 nominabant)
3619 4161 3766 4215 diri-

2113 4252 2263 4324 puit,
2297 4256 2423 4306 tum
2456 4251 2677 4305 multos
2711 4267 2913 4304 eorum
2949 4249 3283 4304 interfecit:
3319 4250 3464 4319 quin
3494 4255 3554 4303 et
3571 4251 3762 4304 Cassa-

2114 4343 2197 4397 ris
2223 4346 2394 4396 aetate
2426 4339 2821 4410 quorumdam
2854 4339 3146 4394 sacriﬁcia
3176 4339 3440 4410 ipsorum
3475 4339 3762 4410 sanguine

2113 4431 2371 4486 miscuit.
2406 4433 2518 4485 lies
2551 4430 2634 4484 ita
2663 4436 2794 4483 acta
2823 4434 2930 4482 est.
2967 4427 3192 4482 Galilaei
3233 4428 3566 4482 doctrinam
3597 4427 3761 4482 Judaa

2113 4521 2424 4592 cujusdam
2458 4519 2704 4582 Galilmi,
2764 4518 2936 4588 cujus
2968 4518 3147 4572 etiam
3181 4518 3242 4571 in
3275 4517 3434 4572 Actis
3487 4517 3763 4572 meminit

2115 4611 2318 4677 Lucas,
2379 4608 2637 4680 amplexi
2696 4607 2983 4662 vocabula
3035 4623 3105 4661 ex
3173 4622 3240 4660 eo
3298 4623 3496 4661 rerum
3563 4608 3765 4662 inania

2113 4716 2499 4770 erroremque
2530 4698 2878 4761 hauserunt,
2941 4703 3006 4750 ut
3051 4697 3135 4750 ait
3176 4697 3486 4768 Josephus.
3536 4697 3761 4768 Quippe

2112 4789 2351 4861 pietatis
2369 4794 2659 4859 prmtextu
2691 4786 2994 4840 neminem
3025 4786 3270 4840 omnino
3298 4801 3371 4840 ne
3405 4785 3597 4840 verbis
3629 4788 3763 4856 qui-

342 4871 491 4948 μηδὶ
525 4872 692 4949 μέχρι
753 4873 1024 4946 στόματος
1078 4867 1275 4950 ἔφασκε
1305 4871 1414 4928 δεῖν
1471 4894 1591 4928 τινα
1633 4875 1826 4950 λέγειν,
1860 4878 2001 4949 μήτε

2120 4879 2246 4933 dem
2278 4877 2502 4932 domini
2561 4875 2961 4946 appellatione
2993 4875 3360 4946 dignandum
3392 4875 3760 4942 asserebant,

332 4963 478 5018 κατὰ
509 4963 678 5036 τιμὴν
714 4963 854 5035 μήτε
894 4960 1325 5039 φιλοφροσύνην,
1382 4963 1472 5018 καὶ
1523 4964 1622 5032 τὴν
1677 4969 1795 5038 Θεῴ
1855 4965 2002 5038 μόνῳ

333 5051 652 5128 πρέπουσαν
677 5054 850 5126 τιμήν
882 5073 941 5108 τε
970 5053 1062 5108 καὶ
1120 5049 1276 5125 δόξαν
1332 5052 1641 5129 ἀνθρώποις
1682 5053 1996 5127 ἀπονέμειν.

332 5144 503 5200 Ὅθεν
530 5141 622 5196 καὶ
654 5139 860 5196 πολλοὶ
912 5141 1087 5196 αὐτῶν
1145 5141 1270 5217 περὶ
1299 5145 1398 5197 τοῦ
1433 5143 1509 5216 μή
1552 5142 1722 5198 εἷπεῖν
1753 5143 2000 5218 Καίσαρα

323 5231 522 5305 κύριον
558 5231 648 5286 καὶ
682 5227 951 5299 δεσπότην
987 5228 1236 5308 χαλεπὰς
1291 5230 1468 5292 αἰκίας
1526 5231 1853 5303 ὑπέστησαν.
1889 5232 1988 5291 Οἳ-

323 5343 473 5385 τινες
531 5321 730 5376 λοιπὸν
794 5317 1072 5375 ἐδίδασκον
1164 5317 1334 5392 μηδὲν
1395 5321 1541 5396 παρὰ
1587 5322 1682 5384 τὰς
1742 5320 1995 5378 διατετα-

325 5413 530 5486 γμένας
559 5409 611 5465 ἐν
644 5415 724 5483 τῷ
756 5407 997 5472 Μωσέως
1028 5409 1182 5483 νόμῳ
1227 5409 1418 5472 θυσίας
1472 5409 1826 5486 ἀναφέρεσθαι
1911 5418 1992 5485 τῷ

325 5505 468 5572 Θεῷ.
504 5499 797 5556 Κάντεῦθεν
826 5499 1003 5554 τοίνυν
1032 5496 1341 5561 κωλύοντες
1370 5500 1464 5561 τὰς
1499 5501 1602 5555 ὑπὸ
1649 5508 1750 5571 τῆς
1797 5522 1990 5577 γερου-

328 5589 450 5651 σίας
485 5592 584 5644 τοῦ
616 5587 755 5643 λαοῦ
787 5585 1224 5662 παραδιδομένας
1279 5587 1520 5662 γίνεσθαι
1580 5592 1698 5665 περὶ
1768 5598 1865 5661 τῆς
1893 5596 1990 5647 τοῦ

401 5744 423 5778 ⁸
447 5740 608 5800 Psal.
641 5756 707 5811 ιι,
739 5739 828 5799 18.

2112 4983 2306 5038 neque
2339 4965 2399 5020 id
2417 4964 2508 5020 vel
2529 4964 2775 5019 honoris
2795 4964 2886 5018 vel
2909 4964 3207 5018 comitatis
3230 4980 3367 5034 ergo
3392 4965 3756 5034 faciendum,

2111 5056 2474 5124 omninoque
2507 5054 2797 5110 honorem
2827 5052 2938 5108 soli
2963 5054 3080 5108 Deo
3105 5053 3372 5109 debitum
3399 5054 3550 5108 nulli
3574 5054 3762 5109 homi-

2109 5162 2253 5201 num
2313 5144 2529 5200 debere
2587 5142 2787 5198 tribui.
2849 5145 3050 5212 Itaque
3103 5143 3315 5198 horum
3366 5142 3558 5210 multi,
3601 5142 3759 5211 quod

2105 5236 2396 5292 Cmsarem
2425 5233 2666 5288 nomine
2700 5231 2923 5288 domini
2978 5231 3215 5286 afﬁcere
3249 5230 3499 5298 nollent,
3559 5231 3757 5302 gravia

2104 5331 2244 5381 sunt
2273 5323 2538 5396 perpessi
2571 5323 2882 5394 supplicia.
2898 5321 3158 5376 Tandem
3190 5320 3250 5375 id
3276 5336 3511 5390 quoque
3535 5320 3754 5375 docue—

2103 5420 2262 5476 runt,
2325 5430 2446 5468 non
2506 5413 2624 5468 alia
2682 5427 2811 5466 esse
2845 5409 3133 5464 sacriﬁcia
3193 5410 3530 5480 paragenda
3573 5427 3754 5480 quam

2104 5521 2237 5576 quas
2269 5503 2468 5559 offerri
2504 5503 2618 5556 Deo
2648 5503 2836 5555 Moses
2863 5500 2922 5553 in
2953 5499 3080 5571 lege
3105 5497 3309 5568 jussit.
3342 5499 3546 5570 Itaque
3570 5501 3754 5555 sacri-

2104 5595 2238 5650 ﬁcia
2269 5610 2400 5665 quae
2424 5593 2600 5665 jussu
2632 5593 2874 5646 senatus
2905 5605 3010 5660 pro
3045 5587 3234 5644 salute
3266 5587 3644 5660 imperatoris
3695 5597 3754 5646 et
