4154 6418
367 406 486 469 375

369 633 539 704 isque
561 628 834 686 Galilaaos
848 626 1201 700 jussitapud
1224 625 1519 682 sacriﬁcia
1533 641 1668 697 quae
1693 623 2026 680 secundum

371 720 568 793 legem
595 716 947 772 videbantur
989 730 1183 787 agere,
1232 713 1434 770 necari
1472 731 1486 770 :
1519 713 1722 785 itaque
1769 711 2028 768 victimis

377 826 555 866 cruor
584 807 960 864 offerentium
991 821 1089 862 eas
1122 805 1442 879 permistus
1473 810 1584 860 est.

453 1084 528 1136 At
557 1094 690 1134 vero
721 1074 1010 1146 Tiberius,
1036 1074 1137 1146 qui
1168 1074 1229 1129 in
1247 1073 1563 1145 juventute
1589 1070 1919 1128 rectissime
1943 1070 2028 1125 vi-

378 1166 947 1240 xerat,phi1030phia
961 1170 1019 1220 et
1032 1163 1390 1234 eloquentiae
1404 1167 1529 1218 arte
1543 1161 1903 1234 optimisque
1920 1177 2032 1217 mo-

376 1259 865 1316 ribusinstitutus
882 1272 952 1311 ac
968 1253 1340 1325 ﬂorens,jam
1364 1258 1640 1325 provecta
1670 1251 1824 1309 828
1858 1257 2032 1307 astate

379 1349 573 1406 subito
606 1345 851 1403 descivit
883 1344 957 1401 ad
987 1344 1241 1409 vitia,ita
1272 1342 1514 1414 quidem
1546 1347 1611 1396 ut
1636 1342 1708 1397 de
1739 1346 2033 1414 potestate

377 1439 600 1495 mentis
630 1437 847 1494 exiisse
877 1439 1272 1508 putaretur,et
1294 1450 1329 1489 a
1362 1433 1519 1489 malo
1542 1433 1743 1504 aliquo
1764 1432 1937 1506 genio
1960 1431 2033 1488 ad

378 1528 582 1584 omnia
617 1526 864 1598 ﬂagitia,
898 1522 1220 1596 parricidia
1248 1522 1666 1593 insaniamque
1725 1520 2030 1595 exagitari.

378 1619 508 1673 Non
540 1616 700 1672 enim
732 1614 1011 1670 omnibus
1033 1612 1208 1668 modo
1236 1617 1294 1667 et
1322 1611 1695 1668 naturalibus
1725 1617 1783 1667 et
1808 1617 2034 1667 naturae

384 1706 652 1763 adversis
679 1705 969 1776 majorem
990 1704 1052 1758 in
1076 1701 1318 1758 modum
1341 1718 1435 1758 ses
1458 1700 2039 1773 polluebatlibidini-

386 1795 629 1866 bus,sed
658 1795 731 1850 iis
756 1796 1001 1865 insuper
1030 1808 1207 1848 omne
1239 1791 1548 1863 injustitiae
1570 1807 1637 1846 ac
1667 1789 2037 1847 crudelitatis

1730 395 2054 461 GEORGII
2097 394 2446 463 CEDRENI

367 536 1053 611 P.R.fiebant,impedire
1084 535 1344 610 aggressi
1373 535 1637 592 Pilatum
1659 534 1980 590 irritarunt
2006 551 2021 601 ;
2053 532 2109 600 Α

3684 394 3810 455 376
3828 430 3833 441 ν

2141 531 2414 607 βασιλέως
2474 532 2750 609 σωτηρίας
2806 533 2900 589 καὶ
2947 536 3045 589 τοῦ
3099 530 3391 607 Ῥωμαίων
3450 524 3640 593 ἔθνους
3698 530 3803 585 θυ-

2136 621 2273 694 σίας,
2305 622 2531 686 εἰκότως
2564 622 2654 679 ἐπὶ
2681 628 2900 687 τούτοις
2930 624 3218 699 ἀγανακτεῖ
3264 620 3401 697 πρός
3459 618 3798 682 Γαλιλαίους

2138 709 2400 781 Πιλᾶτος,
2433 712 2523 767 καὶ
2552 710 2762 768 κελεύει
2817 713 2965 784 παρά
3018 717 3139 774 ταῖς
3194 709 3402 773 θυσίαις
3447 709 3508 773 ἅς
3565 706 3795 764 ἐδόκουν

2134 803 2273 858 κατά
2320 802 2487 878 νόμον
2543 803 2869 882 προσφέρειν
2953 804 3325 879 ἀναιρεθῆναι,
3378 801 3516 858 ὥστε
3580 801 3796 876 ἂναμιο

2138 894 2340 970 χθῆναι
2394 898 2514 955 ταῖς
2569 894 3040 972 προσφερομέναις
3102 890 3312 955 θυσίαις
3369 890 3432 946 τὸ
3506 891 3647 965 αἷμα
3684 893 3796 945 τῶν

2135 982 2580 1062 προσφερόντων.

2210 1072 2271 1129 Ὀ
2310 1076 2441 1148 γοῦν
2472 1067 2730 1149 Τιϐέριος
2758 1076 3007 1135 τοιοῦτος
3040 1072 3305 1149 ὑπάρχων
3336 1070 3391 1127 ἰν
3421 1069 3642 1142 νεότητι
3669 1067 3798 1145 ἄρι-

2140 1179 2263 1221 στος
2285 1161 2372 1215 καὶ
2390 1159 2581 1237 λόγοις
2596 1160 2922 1241 φιλοσόφοις
2939 1161 3028 1218 καὶ
3043 1162 3359 1236 ῥητορικοῖς
3374 1160 3465 1216 καὶ
3483 1158 3800 1236 βελτίστοις

2138 1252 2366 1325 τρόποις
2395 1254 2486 1309 καὶ
2517 1250 2701 1331 ἔργοις
2767 1258 2955 1329 κομῶν
3012 1254 3041 1309 6
3095 1249 3372 1329 γεννάδας,
3421 1251 3559 1327 πρὸς
3618 1256 3798 1326 γῆρας

2139 1340 2312 1398 ἐλθὼν
2345 1342 2615 1423 αἰφνίδιον
2675 1345 2751 1409 εἷς
2799 1346 2900 1415 τὴν
2942 1343 3165 1420 χείρονα
3198 1338 3510 1418 μετεϐλήθη
3542 1340 3799 1418 γνώμην,

2141 1430 2282 1488 ὣστε
2309 1434 2400 1489 καὶ
2431 1440 2797 1511 παραφρονεῖν
2829 1433 2993 1491 αὐτὸν
3052 1434 3380 1506 νομισθῆναι
3436 1430 3526 1487 καὶ
3585 1430 3660 1494 ὡς
3692 1428 3801 1484 ὑπὸ

2142 1519 2403 1598 δαίμονος
2458 1524 2775 1592 ἐλαύνεσθαι
2853 1525 2991 1601 πρὸς
3047 1530 3221 1581 πᾶσαν
3274 1520 3647 1598 ἀνοσιουργίαν
3706 1520 3801 1576 καὶ

2147 1613 2455 1692 μιαιφονίαν
2514 1636 2574 1672 τε
2630 1615 2720 1671 καὶ
2778 1612 3197 1690 οἷστρηλασίαν.
3260 1612 3359 1671 Καὶ
3417 1610 3480 1667 οὐ
3514 1612 3676 1684 μόνον
3744 1608 3800 1665 ἐν

2141 1707 2260 1766 τοῖς
2293 1704 2617 1777 κατὰφύσιν
2677 1704 2768 1761 καὶ
2826 1703 2973 1778 παρά
3029 1702 3185 1780 φύσιν
3245 1701 3436 1757 ἑαυτὸν
3482 1695 3803 1771 ἰϐεϐήλωσε

2143 1793 2266 1847 καθ’
2300 1788 2637 1868 ὑπερϐολῆν,
2670 1793 2817 1850 ἁλλά
2853 1792 2945 1848 καὶ
2968 1791 3020 1848 ἐν
3063 1793 3208 1867 πάσῃ
3240 1788 3430 1864 ἀδικίᾳ
3483 1789 3573 1845 καὶ
3604 1809 3805 1865 τυραν-

387 1903 574 1960 genus
605 1883 878 1941 addebat.
912 1884 999 1938 Ita
1025 1898 1164 1954 ergo
1189 1886 1353 1954 gesto
1385 1880 1638 1951 imperio
1669 1884 1737 1936 ut
1763 1896 1799 1935 a
1827 1880 2040 1935 virtute

2157 1879 2277 1939 νίδι.
2310 1880 2500 1945 Οὕτως
2530 1883 2623 1939 οὖν
2654 1885 2754 1954 τήν
2788 1884 2969 1962 ἀρχὴν
2998 1879 3283 1952 διοικήσας
3311 1881 3399 1936 καὶ
3460 1878 3509 1951 ἐξ
3543 1879 3806 1956 ἀγαθοερ-

389 1976 462 2033 ad
486 1971 919 2047 turpitudinem
936 1971 1249 2043 prolapsus
1264 1969 1516 2025 terribili
1535 1969 1759 2025 smvitia
1772 1968 2044 2041 fmdaque

390 2064 636 2123 avaritia
663 2068 722 2117 et
775 2061 1143 2117 obscenitate
1176 2058 1416 2114 infamis
1448 2063 1623 2127 esset,
1660 2058 1838 2114 vitam
1890 2058 2048 2113 ﬁniit

389 2154 560 2212 nullo
591 2150 861 2224 pristinae
890 2149 1125 2205 virtutis
1155 2152 1433 2220 percepto
1465 2147 1683 2215 fructu,
1718 2146 1823 2203 sed
1884 2151 2044 2203 tanto

392 2242 581 2315 magis
614 2255 831 2297 exosus
860 2237 1268 2308 omnibus,qui
1302 2236 1377 2291 ad
1408 2242 1739 2291 extremum
1771 2236 2048 2292 libidino-

397 2350 460 2390 se
490 2331 696 2388 omnia
723 2329 1102 2400 deturpasset
1158 2332 1335 2397 atque
1369 2326 1769 2398 pervertisset.
1805 2327 1859 2381 Is
1909 2343 2045 2399 ergo

396 2422 471 2478 ad
504 2426 727 2477 aeterna
746 2418 1040 2490 supplicia
1070 2433 1203 2471 cum
1227 2415 1506 2471 omnibus
1536 2416 1726 2487 ipsius
1749 2415 2049 2472 similibus

402 2509 714 2566 toleranda
744 2507 891 2563 abiit
923 2523 936 2561 :
970 2505 1070 2577 qui
1104 2503 1263 2560 enim
1296 2504 1358 2559 in
1409 2504 1674 2560 salebras
1720 2503 2047 2574 declinant,

401 2615 504 2655 eos
528 2597 808 2653 Dsminus
839 2611 975 2651 cum
1006 2593 1318 2667 ﬂagitiosis
1355 2592 1615 2650 abducat
1663 2593 1750 2648 ¹·⁴.
1793 2594 2050 2651 Proinde

397 2686 674 2744 convenit
728 2686 843 2741 huc
895 2683 1056 2756 quod
1114 2682 1432 2756 Apostolus
1489 2682 1685 2738 dixit:
1751 2705 1773 2733 ι
1835 2684 1890 2739 Is
1948 2684 2051 2755 qui

402 2781 609 2832 auctor
623 2774 786 2830 vobis
807 2773 921 2830 fuit
949 2776 1109 2829 recte
1135 2771 1427 2846 agendi,is
1460 2771 1637 2828 etiam
1667 2772 1938 2844 perﬁciet
1954 2771 1999 2842 ⁷,
2017 2794 2046 2824 η

403 2873 462 2923 et
491 2866 776 2923 Dominus
805 2882 819 2933 ;
855 2888 883 2914 α
924 2864 1032 2930 Qui
1064 2863 1141 2920 ad
1179 2862 1359 2921 ﬁnem
1389 2879 1580 2936 usque
1609 2869 1968 2937 perseverat,
2002 2865 2052 2920 is

407 2956 738 3013 servabitur
766 2954 809 3011 ⁸.
847 2976 877 3005 ››

363 3081 373 3095 .
481 3043 1001 3114 Eusebius,mu1taa
1023 3044 1111 3099 vir
1140 3043 1516 3111 eruditionis,
1541 3043 2056 3116 plurimarumque

408 3151 610 3192 rerum
641 3134 978 3207 cognitione
1003 3132 1343 3207 insignis,in
1363 3132 1600 3189 Tabulis
1630 3133 1962 3190 Annalibus
1982 3134 2055 3190 de

406 3225 737 3295 Antiochis,
762 3222 1043 3290 Seleucis,
1075 3222 1433 3290 Ptolemmis,
1455 3226 1514 3278 et
1541 3222 1919 3294 pontiﬁcibus
1951 3223 2054 3295 qui

403 3320 540 3387 post
571 3315 825 3371 reditum
859 3330 929 3369 ex
955 3312 1254 3385 Babylone
1284 3311 1503 3386 populo
1532 3311 1772 3368 Judaico
1809 3312 2056 3385 praefue-

402 3409 565 3475 runt,
594 3405 718 3460 haec
770 3402 1125 3474 compendio
1156 3401 1383 3468 scribit,
1416 3400 1749 3456 Alexander
1785 3400 2056 3457 Macedo-

403 3510 550 3549 num
605 3510 708 3549 rex
739 3508 896 3549 anno
927 3492 1020 3547 sui
1076 3491 1241 3564 regni
1300 3496 1464 3546 sexto
1519 3490 1761 3546 Darium
1789 3491 2055 3547 Arsamis

405 3583 598 3637 ﬁlium
635 3582 871 3650 devicit,
897 3583 1335 3651 Persarumque
1362 3579 1680 3651 imperium
1738 3579 2052 3649 destruxit,

406 3673 566 3746 quod
597 3672 671 3727 ad
702 3672 855 3727 389
890 3687 1025 3726 eum
1060 3687 1094 3726 a
1122 3670 1273 3741 Cyro
1328 3670 1641 3725 duraverat
1686 3686 1875 3726 annos
1925 3672 2053 3727 230.

405 3761 848 3819 Macedonicum
880 3774 1128 3832 regnum
1158 3776 1192 3815 a
1221 3758 1448 3815 Cranao
1480 3775 1667 3830 usque
1698 3758 1772 3814 ad
1802 3759 2055 3816 Alexan-

407 3854 581 3910 drum
613 3851 871 3906 obtinuit
893 3866 995 3921 per
1026 3865 1218 3904 annos
1246 3850 1369 3903 518.
1398 3850 1476 3903 Eo
1500 3848 1798 3921 Babylone
1821 3855 2055 3906 mortuo

405 3958 652 4013 regnum
673 3938 1031 3995 Macedonia:
1045 3938 1317 4010 Philippo
1334 3937 1722 4010 obtigitzAsiaa
1734 3939 2053 4012 Antigono,

406 4031 633 4104 [Egypti
646 4028 968 4085 Ptolemmo
987 4028 1118 4097 Lagi
1140 4027 1475 4099 ﬁlio,Syrize
1489 4027 1736 4083 Seleuco
1753 4028 2051 4085 Nicanori.

406 4121 512 4177 Hic
542 4120 689 4176 duas
721 4118 898 4174 urbes
927 4116 1215 4186 condidit,
1261 4116 1321 4172 in
1352 4116 1556 4173 Cilicia
1584 4115 1915 4173 Seleuciam
1947 4135 2054 4174 suo

406 4211 479 4267 de
508 4209 774 4275 nomine,
806 4207 869 4262 in
922 4206 1091 4279 Syria
1118 4206 1494 4262 Antiochiam
1529 4206 1656 4263 ﬁlio
1699 4223 1804 4262 suo
1835 4224 2056 4281 cogno-

407 4300 651 4366 minem,
676 4298 939 4369 itemque
970 4295 1320 4352 Laodiceam
1349 4312 1384 4350 a
1412 4294 1536 4351 ﬁlia
1564 4312 1674 4352 sua
1701 4296 1786 4352 sic
1810 4296 2053 4354 dictam.

405 4392 670 4462 Regnum
699 4403 836 4460 ergo
859 4385 1042 4458 Syrim
1071 4390 1207 4457 post
1234 4384 1636 4441 Alexandrum
1658 4384 2053 4459 bigesserunt,

407 4482 690 4537 Seleucus
752 4479 1029 4546 Nicanor,
1089 4478 1418 4534 Antiochus
1476 4479 1666 4547 Soter,
1726 4479 2056 4536 Antiochus

404 4572 648 4637 Eothus,
683 4570 741 4625 id
772 4575 862 4625 est
890 4568 1152 4640 spurius,
1184 4568 1469 4625 Soleucus
1529 4568 1877 4638 Callinicus,
1921 4569 2058 4626 Ale-

2152 1972 2274 2049 γίας
2343 1972 2420 2036 εἰς
2478 1972 2799 2050 κακοεργίαν
2859 1971 3205 2050 κατενεχθεὶς
3266 1965 3472 2047 φοϐερᾷ
3520 1970 3615 2044 μὲν
3648 1968 3810 2043 ὠμό-

2152 2080 2300 2132 τητι,
2337 2066 2553 2138 μυσαρᾷ
2610 2059 2669 2117 δὲ
2720 2060 3009 2133 πλεονεξίᾳ
3064 2059 3157 2116 καὶ
3215 2060 3586 2137 αἰσχρουργίᾳ
3637 2080 3811 2115 κατα-

2153 2149 2366 2227 στρέφει
2398 2152 2490 2207 τὸν
2522 2150 2667 2226 βίον,
2704 2148 2874 2225 μηδὲν
2906 2150 2965 2206 ἐκ
3019 2157 3119 2220 τῆς
3179 2144 3573 2226 προλαϐοόσης
3636 2148 3812 2205 καλο-

2154 2240 2415 2315 καγαθίας
2447 2240 2538 2296 καὶ
2570 2240 2842 2315 ἀριστείας
2875 2238 3210 2317 ὠφεληθεὶς,
3242 2238 3392 2294 ἀλλὰ
3447 2238 3539 2294 καὶ
3590 2236 3810 2312 μᾶλλον

2158 2329 2263 2384 ὑπὸ
2319 2329 2531 2385 πάντων
2597 2329 2851 2403 μισηθεὶς
2906 2330 2981 2392 ὠς
3042 2326 3094 2384 ἐν
3147 2333 3228 2402 τῷ
3278 2324 3426 2383 τέλει
3464 2329 3527 2384 τὸ
3558 2332 3661 2383 πᾶν
3692 2326 3813 2398 ἐξυ-

2157 2410 2349 2492 ϐρίσας
2384 2418 2475 2474 καὶ
2507 2415 2845 2499 διαφθείρας,
2896 2417 2989 2474 καὶ
3021 2415 3099 2483 είς
3153 2415 3377 2473 αἰώνιον
3416 2415 3641 2473 κόλασιν
3674 2417 3817 2490 μετά

2155 2510 2264 2562 τῶν
2322 2507 2487 2563 αὐτοῦ
2545 2507 2755 2582 ὁμοίων
2806 2501 3014 2564 ἀσεϐῶν
3073 2506 3416 2580 ἀπενεχθείς’
3501 2507 3628 2569 τοὺς
3705 2507 3812 2583 γὰρ

2158 2595 2494 2673 ἐγκρίνοντας
2545 2598 2622 2661 εἷς
2671 2596 2767 2662 τὰς
2820 2596 3186 2675 στραγγαλίας
3228 2597 3415 2668 ἀπάξει
3446 2595 3643 2670 Κύριος
3675 2597 3814 2671 μετά

2156 2690 2268 2743 τῶν
2295 2685 2672 2764 ἐργαζομένων
2712 2689 2813 2758 τὴν
2874 2686 3125 2760 ἀνομίαν.
3188 2686 3426 2748 Εἰκότως
3490 2686 3581 2741 οὖν
3623 2687 3651 2740 6
3712 2686 3812 2759 μὶν

2161 2775 2501 2840 Ἀπόστολος
2532 2776 2734 2853 ἔλεγεν·
2772 2804 2798 2831 ‹‹
2832 2780 2893 2836 Ὀ
2943 2776 3296 2853 ἐναρξάμενος
3353 2775 3406 2832 ἐν
3464 2777 3594 2851 ὑμῖν
3651 2774 3811 2854 ἔργον

2160 2866 2355 2942 ἀγαθὸν
2385 2867 2706 2927 ἐπιτελὲσει.
2743 2892 2771 2921 ιι
2813 2869 2874 2925 Ὀ
2932 2865 2990 2923 δε
3046 2866 3244 2942 Κύριός
3302 2883 3486 2944 φησιν·
3514 2892 3542 2920 ι(
3575 2871 3634 2926 Ὁ
3683 2867 3809 2923 ὑπο-

2166 2955 2351 3030 μείνας
2383 2955 2458 3019 είς
2490 2955 2671 3026 τέλος,
2704 2956 2862 3020 οὗτος
2893 2958 3224 3028 σωθήσεται.
3250 2980 3278 3009 ››

2238 3049 2323 3119 [Ρ.
2357 3049 2482 3121 193]
2521 3048 2584 3105 Ὁ
2612 3046 2794 3102 τοίνυν
2825 3046 3154 3121 πολυμαθὴς
3211 3048 3298 3103 καὶ
3358 3046 3675 3122 πολυῖστωρ
3716 3046 3815 3102 E6-

2164 3132 2368 3207 σὲϐιος,
2429 3135 2482 3192 ἐν
2536 3141 2652 3199 τοῖς
2705 3138 2990 3211 Χρονικοῖς
3052 3138 3252 3194 Κανόσι
3312 3137 3575 3213 περὶτῶν
3608 3136 3820 3194 Ἀντιό-

2169 3243 2311 3300 χων,
2342 3226 2431 3282 καὶ
2467 3224 2775 3296 Σελεύκων,
2805 3226 2894 3281 καὶ
2928 3224 3303 3301 Πτολεμαίων,
3353 3226 3443 3282 καὶ
3500 3230 3610 3283 τῶν
3679 3229 3821 3299 μετά

2166 3317 2265 3385 τὴν
2299 3314 2360 3371 ἐκ
2395 3322 2495 3385 τῆς
2531 3311 2856 3378 Βαϐυλῶνος
2897 3313 3158 3372 ἐπάνοδον
3194 3316 3660 3392 καθηγησαμένων
3717 3316 3818 3390 ἀρ-

2157 3405 2387 3482 χιερέων
2448 3403 2656 3476 διεξιὼν
2716 3403 2768 3461 ἒν
2830 3405 3093 3481 ἐπιτομῇ,
3152 3404 3278 3462 τάδε
3330 3406 3514 3481 φησίν·
3573 3407 3635 3464 Ὀ
3685 3410 3816 3480 γοῦν

2158 3494 2511 3567 Ἀλέξανδρος
2550 3496 2579 3550 6
2633 3500 2741 3551 τῶν
2774 3494 3099 3553 Μακεδόνων
3155 3494 3415 3571 βασιλεὺς
3476 3494 3633 3552 ἕκτον
3688 3492 3812 3561 ἔτος

2157 3585 2299 3661 ἄγων
2359 3591 2460 3655 τῆς
2511 3584 2812 3660 βασιλείας,
2848 3591 3069 3659 Δαρεῖον
3107 3586 3199 3641 τὸν
3258 3585 3543 3661 Ἀρσάμου
3604 3586 3811 3659 χειρω-

2159 3676 2413 3746 σάμενος,
2442 3673 2662 3739 καθεῖλε
2716 3675 2817 3742 τὴν
2876 3676 3096 3749 Περσῶν
3155 3672 3469 3730 δυναστείαν
3529 3671 3824 3749 διαρκέσα-

2159 3786 2254 3820 σαν
2289 3764 2394 3820 ἀπὸ
2425 3767 2608 3839 Κύρου
2642 3764 2809 3839 μέχρι
2841 3762 3065 3839 Δαρείου
3121 3758 3216 3836 ἔτη
3277 3762 3386 3823 σλ“.
3442 3766 3558 3834 Τῆς
3616 3762 3677 3820 δὲ
3703 3770 3817 3821 τῶν

2158 3851 2487 3915 Μακεδόνων
2550 3852 2831 3929 βασιλείας
2903 3854 3291 3929 κατασχούσης
3372 3852 3479 3910 ἀπὸ
3565 3858 3821 3929 Κραναοῦ

2160 3940 2260 4005 ἔως
2292 3940 2648 4018 Ἀλεξάνδρου
2681 3940 2775 4013 ἔτη
2805 3942 2941 4020 φιη“,
2986 3943 3073 3997 καὶ
3133 3941 3334 3997 τούτου
3390 3943 3825 4013 τελευτήσαντος

2160 4032 2211 4089 ἐν
2243 4027 2533 4090 Βαϐυλῶνι
2600 4028 2945 4107 διαδέχονται
2998 4032 3096 4101 τὴν
3157 4033 3337 4107 ἀρχὴν
3378 4038 3478 4101 τῆς
3512 4032 3609 4105 μὶν
3643 4034 3824 4090 Μακε-

2160 4120 2344 4186 δονίας
2375 4122 2677 4191 Φίλιππος,
2701 4128 2803 4192 τῆς
2830 4119 3077 4184 δὶἈσίας
3102 4122 3439 4200 Ἀντίγονος,
3452 4125 3552 4187 τῆς
3574 4118 3631 4177 δὲ
3649 4120 3818 4200 Αίγύ-

2159 4234 2298 4271 πτου
2332 4210 2681 4286 Πτολεμαῖος
2714 4212 2744 4266 δ
2777 4212 2986 4289 Λάγου,
3018 4218 3119 4281 τῆς
3152 4208 3210 4266 δὲ
3261 4210 3460 4287 Συρίας
3494 4208 3760 4273 Σέλευκος
3789 4212 3820 4266 6

2162 4303 2434 4377 Νικάνωρ·
2470 4300 2531 4366 ὅς
2558 4302 2646 4356 καὶ
2681 4300 2872 4364 πόλεις
2899 4298 2996 4356 δύο
3053 4299 3261 4357 ἔκτισεν
3311 4300 3388 4363 εἰς
3417 4300 3487 4357 τὰ
3514 4300 3653 4376 μέρη
3713 4306 3822 4356 Κι-

2160 4390 2343 4454 λικίας
2364 4390 2455 4447 καὶ
2487 4390 2671 4465 ἑτέραν
2702 4389 2779 4455 εἷς
2804 4389 3025 4467 Κυρίαν,
3055 4390 3146 4445 καὶ
3202 4391 3302 4459 τὴν
3367 4390 3460 4463 μὶν
3494 4388 3819 4446 Σελεύκειαν

2160 4477 2412 4536 ἐκάλεσεν
2445 4478 2521 4540 είς
2552 4478 2614 4533 τὸ
2640 4477 2809 4533 αξιτοῦ
2842 4478 3039 4550 ὄνομα,
3087 4478 3191 4546 τὴν
3248 4474 3308 4533 δὲ
3368 4476 3707 4533 Ἀντιόχειαν
3741 4476 3819 4541 εἰς

2161 4569 2225 4624 τὸ
2277 4568 2374 4623 τοῦ
2421 4568 2543 4623 υἱοῦ
2602 4567 2796 4638 αὐτοῦ,
2851 4568 2953 4636 τὴν
3014 4565 3072 4622 δὲ
3136 4564 3459 4623 Λαοδίκειαν
3493 4565 3569 4630 εἷς
3626 4566 3822 4635 τὸτῆς

404 4659 632 4715 xander
662 4658 1301 4726 Antiochus,Seleucus
1331 4657 1695 4729 Philopator,
1728 4659 2049 4715 Antiochus

2167 4657 2435 4735 θυγατρὸς
2462 4656 2650 4713 αὐτοῦ.
2682 4656 2783 4711 Καὶ
2840 4657 2893 4711 οἱ
2955 4656 3050 4731 μὶν
3080 4663 3181 4727 τῆς
3231 4655 3433 4731 Συρίας
3468 4655 3824 4733 βασιλεύσαν-

406 4750 875 4822 Ερὶρὶιειηθδᾘίο
894 4749 1104 4805 Oniam
1122 4749 1467 4820 pontiﬁcem
1481 4749 1807 4805 maximum
1828 4749 2057 4805 Judseo~

404 4855 539 4895 rum
597 4837 825 4910 depulit
878 4837 1234 4906 sacerdotio,
1293 4842 1662 4908 conatusque
1720 4843 1809 4893 est
1864 4843 2054 4894 totum

402 4928 689 5002 populum
720 4944 755 4983 a
777 4927 988 5000 patriis
1012 4926 1229 4983 ritibus
1260 4925 1581 4982 detrudere
1614 4943 1626 4981 :
1664 4925 1854 4982 eadem
1884 4927 1988 4983 Dei
2020 4944 2056 4984 a

401 5037 463 5075 se
495 5018 870 5091 profanatam
919 5016 1074 5073 Jovis
1125 5015 1383 5088 Olympii
1440 5016 1647 5072 fanum
1707 5016 2052 5088 appellavit,

397 5109 755 5181 Judmosque
780 5104 1145 5181 gravissimis
1175 5104 1487 5176 suppliciis
1520 5104 1594 5160 ad
1641 5105 1871 5161 Grmcos
1904 5105 2054 5162 ritus

398 5199 625 5273 adegit;
662 5214 778 5269 quo
806 5203 1073 5268 tempore
1106 5194 1286 5250 etiam
1310 5192 1618 5249 Maccabmi
1643 5194 2052 5251 excarnificati

397 5295 551 5345 sunt.
588 5287 898 5360 Templum
926 5291 1046 5341 tres
1077 5300 1269 5339 annos
1301 5287 1595 5338 vastatum
1628 5283 1808 5339 Judas
1834 5286 2054 5341 Macca-

398 5379 561 5433 basus
592 5378 777 5450 impio
810 5375 974 5431 cultu
1005 5391 1077 5429 ex
1110 5373 1312 5429 Judma
1333 5372 1643 5445 proﬂigato
1674 5372 2049 5431 instauravit.

402 5466 695 5521 Successit
731 5464 1021 5537 Epiphani
1054 5461 1383 5518 Antiochus
1426 5463 1705 5533 Eupator,
1764 5462 1904 5518 inde
1940 5463 2051 5520 De-

403 5556 650 5611 metrius
670 5553 1318 5625 Seleucus,Alexander
1339 5552 1495 5609 Baiis
1525 5552 2049 5624 ﬁlius,Demetrius

475 5705 540 5740 ¹·⁶
570 5705 724 5762 Psal.
756 5723 935 5779 cxxrv,
967 5710 1019 5762 ὅ.
1094 5706 1119 5741 ’⁷
1152 5707 1408 5780 Philipp.
1444 5724 1484 5777 ι,
1510 5710 1563 5765 6.
1639 5707 1664 5743 ⁸
1694 5710 1895 5769 Matth.
1940 5728 1996 5783 x,
2031 5713 2123 5767 22.

2164 4767 2251 4810 τες
2285 4747 2420 4822 μετά
2450 4743 2801 4821 Ἀλέξανδρον
2843 4745 2977 4802 εἰσὶν
3020 4745 3193 4804 οὗτοι.
3256 4746 3526 4806 Σέλευκος
3587 4747 3615 4802 6
3646 4748 3820 4802 Νικά-

2161 4839 2601 4915 νωρ,⁹Αντίοχος
2634 4839 2660 4893 ὁ
2692 4837 3005 4910 ἐπικληθεὶς
3023 4843 3242 4915 Σωτήρ,
3270 4836 3819 4907 ἈντίοχοςὸΝὸθος,

2164 4926 2429 4990 Σέλευκος
2453 4929 2483 4983 6
2522 4924 2879 4999 Καλλίνικος,
2911 4925 3261 5003 Ἀλέξανδρος
3292 4926 3820 5003 ’Δντίοχος,Σὲλευ-

2161 5039 2259 5082 κος
2282 5018 2310 5075 6
2341 5016 2691 5096 φιλοπάτωρ,
2725 5017 3017 5093 Ἀντίοχος
3079 5018 3108 5072 6
3159 5018 3484 5097 Ἐπιφανὴς,
3516 5018 3577 5081 ὅς
3634 5017 3816 5076 Ὀνίαν

2162 5108 2254 5166 τὸν
2312 5106 2572 5184 ἀρχιερέα
2625 5112 2735 5164 τῶν
2800 5104 3081 5163 Ἰουδαίων
3126 5108 3334 5170 παύσας
3390 5110 3489 5177 τῆς
3518 5107 3821 5183 ἱερωσύνης

2163 5196 2402 5272 ὡρμήθη
2492 5199 2822 5270 μεταστῆσαι
2880 5196 2946 5252 τὸ
3003 5201 3109 5252 πᾶν
3167 5194 3317 5260 ἔθνος
3370 5203 3472 5267 τῆς
3562 5197 3819 5272 πατρῴας

2163 5286 2475 5363 θρησκείας.
2513 5286 2610 5344 Καὶ
2640 5286 2704 5342 τὸ
2738 5287 2829 5360 μὶν
2863 5287 3009 5359 ἱερὸν
3070 5288 3267 5360 μιάνας
3325 5285 3635 5360 Ὀλυμπίου
3692 5287 3819 5349 Διὸς

2161 5377 2288 5433 ναὸν
2324 5376 2753 5453 προσηγόρευσε,
2779 5381 2858 5448 τῷ
2889 5373 2947 5432 δὲ
2992 5374 3127 5432 ἔθνει
3188 5376 3442 5441 κολάσεις
3492 5375 3821 5447 ἀνηκέστους

2160 5465 2375 5542 ἐπάγων
2408 5465 2722 5538 ἑλληνίζειν
2751 5466 3070 5541 ἠνάγκαζεν.
3105 5467 3221 5546 Ἐφ’
3251 5467 3314 5524 οὗ
3369 5465 3460 5522 καὶ
3514 5467 3567 5522 οἱ
3596 5471 3822 5523 Μακκα-

2161 5551 2311 5611 ϐαῖοι
2343 5553 2745 5631 ἰμαρεύρησαν.
2780 5555 2853 5612 Τὸ
2885 5552 2944 5610 δὶ
2986 5556 3128 5631 ἱερὸν
3162 5551 3304 5612 ἔτεσι
3357 5554 3534 5631 τρισὶν
3590 5554 3819 5630 ἐρημω-
