4154 6414
296 420 425 483 3⁸1⁸1

1456 407 1996 475 ElSTOlllARUM
2044 405 2603 473 COMPENDIUM.

3608 409 3729 471 378

289 552 387 608 θὶν
419 545 626 611 Ἰούδας
683 547 713 602 6
769 543 1091 618 ἑπικληθεὶς
1152 541 1512 609 Μακκαϐαῖος
1562 543 1801 618 καθάρας
1856 542 1957 594 τῶν

2082 540 2356 608 Nicanor,
2389 542 2717 598 Antiochus
2747 541 3045 614 Tryphon,
3106 540 3484 607 Ptolemaeus,
3515 543 3726 599 Antio-

299 634 591 710 ἀσεϐειῶν,
624 639 725 707 τὴν
766 637 956 716 χώραν
1012 634 1367 691 ἀνενεώσατο.
1426 635 1563 693 Εἶτα
1620 628 1967 689 ἐϐασίλευσεν

304 729 607 804 Ἀντίοχος
636 728 667 783 6
699 724 990 801 Εὐπάτωρ,
1033 726 1349 799 Δημήτριος
1393 723 1684 794 Σέλευκος,
1715 719 1968 790 Ἀλέξαν-

308 817 446 897 δρος
476 819 505 874 6
533 820 634 873 τοῦ
662 815 842 891 Βαλῇ,
877 817 1198 890 Δημήτριος
1231 816 1261 870 6
1289 814 1571 890 Νικάνωρ,
1617 811 1905 885 Ἀντίοχος
1937 807 1966 863 6

2078 630 2227 686 chus
2257 631 2463 696 Sidita,
2498 631 2854 696 Demetrius,
2888 630 3216 686 Antiochus
3242 632 3493 702 Grypus,
3517 631 3725 687 Antio-

2077 719 2225 775 chus
2253 720 2596 792 Cyzicenus,
2626 720 2909 778 Seleucus
2929 720 3105 792 Grypi
3129 719 3309 776 ﬁlius.
3334 720 3414 775 Eo
3444 725 3727 792 regnante

2078 809 2332 865 Romani
2362 810 2751 866 Antiocheam
2782 814 3090 882 ceperunt,
3122 808 3426 882 Syriaeque
3476 825 3726 882 regnum

298 907 566 987 Τρύφων,
598 902 1270 980 Πτολεμαῖος,⁹Αντίοχος
1302 905 1330 960 6
1354 900 1603 974 Σιδίτης,
1625 900 1957 974 Δημήτριος,

2077 903 2170 954 est
2196 898 2507 965 abolitum,
2540 916 2676 957 cum
2704 899 2766 955 id
2795 899 3068 955 durasset
3096 915 3286 955 annos
3314 901 3439 954 250.

293 983 607 1073 ’Avrloxoc
635 997 665 1053 6
695 994 932 1067 Γρυπὸς,
964 992 1248 1071 ’Δντίοχος
1277 994 1307 1049 6
1340 992 1666 1062 Κυζικηνὸς,
1700 988 1971 1050 Σέλευκος
2002 986 2030 1041 6
2060 989 2159 1041 τοῦ
2183 992 2419 1063 Γρυποῦ,
2451 987 2536 1064 ἐφ’
2567 989 2629 1044 οὗ
2658 988 2971 1064 ’Δντιόχεια
3015 988 3119 1043 ὑπὸ
3161 984 3451 1061 Ῥωμαίων
3482 983 3603 1055 ἣλω
3632 984 3723 1041 καὶ

294 1092 334 1161 ἡ
377 1087 580 1164 Συρίας
612 1087 762 1163 ἀρχὴ
793 1083 1066 1153 κατελύθη
1103 1083 1426 1160 διαρκέσασα
1454 1079 1549 1154 ἔτη
1583 1082 1680 1140 σν’.

369 1180 432 1234 Ol
466 1176 524 1233 δὲ
553 1179 652 1245 τῆς
702 1174 987 1253 Αἰγύπτου
1031 1171 1448 1250 βασιλεύσαντες
1508 1173 1645 1247 μετά
1701 1168 1963 1243 Ἀλέξαν-

290 1266 425 1344 δρον
455 1266 591 1324 εἱσέν
634 1261 770 1322 οἶδε’
826 1264 1173 1336 Πτολεμαῖος
1223 1264 1251 1318 6
1311 1264 1519 1341 Λάγου.
1583 1261 1663 1339 ἐφ’
1712 1260 1775 1317 οὗ
1829 1258 1963 1315 Μέν-

296 1355 496 1432 ανδρος
553 1356 583 1411 6
637 1351 1042 1429 κωμῳδοποιὸς
1103 1352 1430 1430 ἐγνωρίζετο
1481 1352 1573 1408 καὶ
1625 1350 1967 1432 Θεόφραστος

299 1448 333 1505 6
362 1422 693 1524 φιλόσοφος,
726 1422 1069 1517 λιτολεμαῖος
1112 1422 1155 1498 ὁ·
1199 1422 1573 1519 Φιλάδελφος,
1605 1438 1687 1519 ἐφ’
1837 1438 1891 1493 οἱ
1921 1422 1964 1492 θ’

289 1529 564 1612 Ἐϐραίων
592 1532 754 1612 σοφοὶ
783 1532 877 1588 τὸν
917 1531 1088 1605 νόμον
1127 1533 1500 1607 ἡρμήνευσαν,
1555 1527 1902 1602 Πτολεμαῖος
1934 1525 1963 1582 6

289 1622 628 1703 Βύεργὲτης,
685 1621 771 1697 ἔφ’
819 1619 884 1678 οὖ
934 1623 1039 1692 τήν
1094 1622 1392 1697 πανάρετον
1445 1622 1638 1694 σοφίαν
1711 1616 1964 1686 συντάξας

281 1711 575 1790 Ἑϐραίοις
608 1714 823 1782 Ἰησοῦς
867 1711 897 1767 6
952 1714 1050 1766 τοῦ
1109 1710 1291 1785 Σιρὰχ
1346 1708 1694 1785 ὶγνωρίζετο,
1756 1704 1962 1762 [Ιτολε-

287 1808 460 1879 μαῖος
499 1804 530 1858 6
563 1797 931 1875 Φιλοπάτωρ,
992 1797 1073 1879 ἐφ’
1129 1797 1194 1854 οῦ
1250 1799 1280 1855 6
1333 1802 1444 1855 τῶν
1497 1792 1766 1873 Ἑϐραίων
1828 1793 1961 1856 λαὸς

283 1891 663 1968 αίχμάλωτος
692 1887 889 1964 ἀχθεὶς
937 1886 990 1943 ἐν
1023 1885 1296 1965 Αἰγύπτῳ
1349 1885 1600 1943 τοιοῦτόν
1623 1906 1676 1941 τι
1705 1883 1957 1948 πέπονθε.

286 1979 596 2057 Προσέταξε
648 1978 753 2054 γὰρ
824 1976 985 2040 οὗτος
1039 1982 1158 2041 τοῖς
1200 1976 1370 2033 αύτοῦ
1433 1976 1792 2037 ὑπασπισταῖς
1837 1972 1960 2029 ἐλὲ-

298 2090 499 2148 φαντας
561 2069 611 2149 φ’
676 2066 1013 2143 εὐτρεπίσαι,
1068 2067 1158 2122 καὶ
1226 2065 1455 2130 τούτους
1511 2064 1737 2138 μεθύσαι
1825 2061 1961 2135 οἴνῳ

304 2153 615 2229 λιϐανωτῷ,
670 2156 758 2212 ἳνα
834 2154 1198 2212 ἀποκτείνωσι
1254 2153 1384 2218 τοὺς
1467 2151 1789 2214 Ἰουδαίους.
1846 2155 1961 2206 Τῶν

302 2243 593 2306 ’ἰούδαίων
621 2242 675 2301 δὶ
702 2243 1030 2320 εὐξαμένων,
1084 2245 1137 2299 οἳ
1176 2241 1462 2319 ἐλέφαντες
1520 2242 1598 2305 εἲς
1651 2240 1783 2304 τοῦς
1837 2240 1963 2296 ἐαυ-

302 2340 407 2393 τοῦ
431 2336 756 2411 στρατιώτας
785 2355 846 2391 τε
879 2334 970 2390 καὶ
1002 2332 1215 2407 δήμους
1248 2336 1334 2405 [Ρ.
1387 2333 1513 2409 illi]
1562 2330 1962 2408 ἐξορμήσαντες

304 2425 486 2482 πολὺν
513 2427 688 2482 αὐτῶν
722 2421 900 2482 ὄχλον
930 2423 981 2480 ἐν
1009 2428 1078 2499 τῇ
1109 2444 1450 2500 περιεχοδσῃ
1504 2421 1669 2497 μανίᾳ
1726 2416 1963 2484 διέφθει-

297 2536 419 2587 ραν.
452 2515 557 2573 Καὶ
588 2515 745 2571 οὕτω
776 2511 1098 2590 παραδόξως
1157 2515 1212 2569 οἱ
1261 2509 1517 2569 Ἰουδαῖοι
1572 2510 1964 2587 περισωθέντες

293 2598 565 2666 ἀϐλαϐεῖς
596 2603 947 2673 ἀπελύθησαν
977 2601 1056 2665 εἲς
1084 2602 1154 2658 τά
1215 2600 1348 2669 ἴδια,
1405 2606 1486 2673 τῷ
1540 2598 1795 2676 εὒεργέτῃ
1848 2601 1966 2669 Θεῷ

294 2695 777 2773 εὐχαριστοῦντες.
817 2694 954 2750 Εἶτα
1016 2690 1294 2769 βασιλεύει
1353 2689 1700 2764 Πτολεμαῖος
1766 2690 1795 2744 6
1852 2686 1967 2743 ἐπι·

293 2783 531 2854 κληθεὶς
559 2784 781 2860 Σωτήρ,
812 2781 1157 2855 Πτολεμαῖος
1187 2778 1587 2856 ὁἈ).ἑξανδρος
1617 2776 1963 2852 Πτολεμαῖος

299 2873 330 2928 6
365 2868 605 2950 ἀδελφὸς
632 2870 819 2940 αὐτοῦ,
854 2868 1198 2943 Πτολεμαῖος
1228 2869 1258 2925 6
1289 2869 1594 2940 Διονύσιος,
1640 2865 1967 2950 Κλεοπάτρα

304 2963 343 3032 ἡ
377 2943 581 3017 τούτϐυ
642 2960 908 3036 θυγάτηρ·
969 2957 1035 3029 ἢν
1096 2955 1419 3036 Αὔγουστος
1448 2955 1658 3013 ἀνελὼν
1688 2955 1741 3012 ἐν
1771 2959 1850 3027 τῷ
1901 2943 1967 3008 ιδ’

295 3048 411 3108 ἔτει
438 3057 545 3122 τῆς
576 3049 742 3106 αὐτοῦ
776 3046 1063 3125 βασιλείας
1083 3046 1348 3124 ἐκράτησε
1376 3053 1476 3117 τῆς
1537 3045 1838 3123 Αἰγύπτου,
1871 3064 1966 3098 κα-

292 3139 474 3198 θελὼν
501 3141 604 3210 τὴν
642 3137 924 3216 βασιλείαν
952 3143 1062 3194 τῶν
1122 3136 1483 3212 Πτολεμαίων
1527 3134 1882 3212 διαρκὲσασαν
1916 3132 1967 3190 ἐν

301 3227 451 3287 ἔτεσι
474 3226 780 3293 διακοσίοις

378 3322 448 3380 Οἱ
480 3317 539 3377 δὲ
582 3320 716 3393 μετὰ
760 3322 860 3390 τὴν
913 3318 974 3377 ἑκ
1031 3314 1360 3383 Βαϐυλῶνος
1399 3315 1661 3376 ἰπάνοδον
1716 3329 1970 3394 καθηγη-

2146 1170 2303 1227 840
2321 1173 2550 1244 zEgypti
2570 1188 2739 1245 reges
2761 1176 2896 1245 post
2913 1169 3317 1227 Alexandrum
3329 1168 3570 1225 fuerunt
3586 1170 3720 1224 Pto-

2074 1259 2319 1316 lemuaus
2343 1262 2475 1335 Lagi
2498 1262 2857 1333 ﬁlius,cujus
2878 1266 3050 1317 (etate
3073 1259 3392 1315 Menander
3412 1256 3724 1314 commdia-

2072 1366 2205 1406 rum
2236 1351 2492 1423 scriptor
2518 1351 2732 1407 claruit
2761 1356 2821 1408 et
2846 1350 3286 1422 Theophrastus
3306 1346 3719 1419 philosophus.

2071 1439 2419 1497 Ptolemaeus
2430 1440 2979 1512 Philadelphus,cuj
2991 1457 3058 1495 us
3070 1438 3245 1511 jussu
3256 1441 3326 1492 70
3339 1437 3721 1495 Hebraeorum

2071 1530 2402 1588 doctissimi
2432 1532 2625 1605 legem
2653 1531 3108 1588 transtulerunt.
3140 1530 3499 1585 Ptolemaeus
3536 1530 3719 1582 Ever-

2069 1627 2254 1693 getes,
2286 1622 2395 1678 sub
2426 1639 2544 1695 quo
2599 1623 2767 1679 Jesus
2802 1622 3030 1678 Sirachi
3084 1620 3245 1677 ﬁlius
3276 1619 3559 1687 innotuit,
3617 1619 3720 1689 qui

2070 1710 2292 1767 librum
2304 1711 2376 1767 de
2390 1711 2683 1783 sapientia
2693 1711 3255 1784 prmstantissimum
3276 1709 3538 1767 Hebraeis
3555 1724 3716 1764 com-

2068 1800 2286 1872 posuit.
2317 1799 2676 1856 Ptolemmus
2706 1800 3052 1871 Philopator
3080 1815 3093 1853 :
3125 1799 3176 1853 is
3209 1815 3314 1854 rex
3362 1797 3718 1854 Hebraicum

2067 1888 2488 1962 populum,qui
2518 1889 2780 1961 captivos
2810 1889 2872 1944 in
2902 1893 3215 1961 zEgyptum
3273 1888 3468 1944 fuerat
3496 1885 3719 1942 abduc-

2068 1985 2184 2047 tus,
2203 1980 2453 2052 perdere
2480 1985 2770 2050 statuens,
2803 1978 3162 2036 satellitibus
3195 1976 3495 2034 mandavit
3519 1981 3585 2032 ut
3614 1979 3718 2031 500

2068 2069 2417 2141 elephantos
2449 2070 2837 2136 instruerent,
2869 2084 3091 2139 eosque
3120 2068 3257 2123 vino
3287 2067 3554 2122 libanoto
3586 2065 3716 2121 ine-

2066 2157 2292 2215 briatos
2311 2158 2529 2214 Judaais
2560 2158 3067 2214 immiterent.Sed
3088 2157 3181 2212 his
3206 2158 3391 2212 Deum
3422 2154 3715 2227 precanti-

2068 2248 2200 2317 bus,
2244 2248 2546 2321 elephanti
2605 2248 2668 2303 in
2698 2248 2893 2321 regios
2950 2246 3172 2303 milites
3204 2252 3264 2301 et
3315 2245 3715 2318 zEgyptiacam

2070 2337 2307 2394 turbam
2324 2336 2549 2409 impetu
2567 2338 2703 2393 dato
2716 2354 2823 2409 per
2835 2336 3100 2392 furorem
3118 2351 3396 2406 magnam
3410 2334 3723 2389 hominum

2070 2426 2517 2483 multitudinem
2574 2426 2883 2483 eliserunt.
2938 2426 3141 2497 Itaque
3185 2431 3401 2497 praeter
3450 2424 3721 2479 omnium

2073 2534 2240 2589 spem
2290 2516 2504 2572 servati
2553 2516 2764 2585 Judaei,
2818 2514 3150 2571 incolumes
3182 2515 3244 2569 in
3294 2513 3547 2585 patriam
3581 2518 3725 2568 sunt

2070 2606 2450 2671 dimissi,Deo
2482 2622 2589 2661 suo
2622 2605 2988 2669 benefactori
3033 2604 3251 2676 gratias
3280 2607 3546 2675 agentes.
3586 2604 3727 2657 Post

2072 2695 2231 2752 hunc
2244 2712 2425 2767 regno
2440 2696 2679 2751 functus
2694 2700 2786 2750 est
2799 2692 3519 2765 Ptolemznuscoguomine
3535 2692 3722 2747 Soter.

2070 2785 2215 2841 Inde
2273 2784 2630 2840 Ptolemmus
2687 2782 3047 2850 Alexander,
3104 2781 3464 2837 Ptolemaeus
3541 2781 3727 2835 frater

2074 2874 2226 2946 ejus,
2253 2873 2609 2929 Ptolemaeus
2641 2872 2980 2944 Dionysius,
3000 2871 3314 2942 Cleopatra
3341 2869 3522 2942 hujus
3549 2868 3676 2924 ﬁlia
3708 2883 3723 2923 :

2073 2980 2252 3035 quam
2279 2965 2578 3036 Augustus
2636 2978 2861 3017 annum
2894 2960 2960 3015 14-
3020 2960 3321 3031 imperans
3366 2957 3667 3013 interfecit
3705 2971 3722 3014 :

2072 3055 2437 3126 Egyptoque
2465 3051 2689 3124 potitus
2711 3067 2960 3123 regnum
2992 3049 3451 3105 Ptolemaeorum
3482 3046 3721 3114 delevit,

2074 3142 2233 3214 quod
2264 3142 2579 3198 duraverat
2605 3157 2796 3198 annos
2826 3140 2954 3197 290.

2143 3326 2327 3379 Porro
2341 3322 2441 3394 qui
2455 3320 2699 3378 areditu
2711 3337 2781 3376 ex
2797 3319 3096 3392 Babylone
3110 3318 3395 3391 populum
3409 3316 3721 3373 Iudaicum

289 3411 523 3484 σάμενω
551 3409 832 3485 ἀρχιερεῖς
883 3409 1015 3465 εἰσιν
1071 3407 1245 3465 οὗτοι⁸
1275 3410 1510 3482 Ἰησοῦς,
1569 3406 1813 3467 Ἰωσεδὶγ
1841 3407 1957 3480 ἅμα

2068 3413 2546 3486 gnbernaverunt
2575 3410 2891 3483 pontiﬁces
2917 3407 3248 3471 maximi,hi
3280 3412 3418 3463 sunt
3450 3422 3464 3461 :
3525 3407 3717 3465 Iesus:

289 3494 636 3575 Ζοροϐάϐελ,
669 3493 931 3562 Ἰάκωϐος
988 3499 1107 3563 υἱὸς
1159 3499 1363 3569 Ἰησοῦ,
1426 3496 1731 3571 ἰλιάσιμος
1788 3495 1957 3555 Ἰακί-

296 3611 430 3663 μου,
464 3585 654 3647 Ἰωδαὶ
680 3589 978 3658 Ἰωσήπου,
1026 3588 1284 3659 Ἰωάννης
1341 3589 1370 3644 6
1424 3592 1523 3643 τοῦ
1579 3585 1788 3656 Ἰωδαὶ,
1851 3590 1955 3644 Ἰα-

292 3677 451 3748 δοῦς,
508 3678 589 3759 ἐφ’
637 3679 700 3733 οῦ
753 3675 1111 3755 Ἀλέξανδρος
1169 3677 1223 3735 ὶν
1282 3676 1649 3755 Ἰερουσαλὴμ
1702 3681 1782 3749 τῶ
1838 3680 1955 3749 Θεῷ

293 3768 691 3843 προσεκύνησε.
726 3768 1111 3846 Καταπλαγεῖς
1139 3768 1244 3844 γὰρ
1298 3766 1387 3823 ἰπὶ
1433 3771 1504 3841 τῇ
1552 3766 1675 3844 ξένῃ
1708 3766 1801 3838 θέᾳ
1850 3773 1952 3836 τῆς

297 3856 507 3927 στολῆς
554 3861 653 3912 τοῦ
710 3855 1038 3935 ἀρχιερέως,
1098 3857 1203 3912 ἆπὸ
1253 3861 1352 3912 τοῦ
1409 3858 1667 3931 ἅρματος,
1718 3849 1956 3919 καταϐὰς

293 3945 465 4020 μόνος
497 3945 871 4021 προσεκύνησε
897 3946 961 4002 τὸ
992 3949 1135 4002 θεῖον
1168 3942 1363 4020 ὄνομα,
1393 3945 1483 4001 καὶ
1539 3945 1634 4001 τὸν
1692 3942 1954 4019 ἀρχιερέα

290 4035 603 4104 ἠσπάσατο’
664 4034 724 4091 ὅν
774 4035 966 4099 πάντες
1038 4032 1294 4093 Ἰουδαῖοι
1354 4040 1454 4110 μιᾷ
1511 4037 1664 4113 φωνῇ
1726 4034 1818 4089 σὺν
1872 4036 1954 4105 τῷ

287 4124 548 4200 ἀρχιερεῖ
617 4123 856 4201 γνησίως
921 4124 1347 4195 ἀντησπάσαντο.
1434 4128 1550 4180 Τῶν
1634 4121 1692 4179 δὲ
1740 4143 1799 4199 γε
1849 4128 1951 4191 τῆς

290 4213 498 4289 Συρίας
559 4211 833 4289 βασιλέων
888 4213 979 4269 καὶ
1034 4219 1144 4269 τῶν
1212 4213 1424 4269 λοιπῶν
1492 4210 1952 4289 καταπλαγέντων

282 4301 380 4357 καί
450 4298 771 4379 διεφθάρθαι
848 4302 947 4372 τὴν
1004 4299 1242 4358 διάνοιαν
1302 4299 1659 4378 Ἀλεξάνδρου
1715 4299 1952 4371 ὑπειλη-

287 4392 500 4469 φότων,
570 4392 663 4446 καὶ
736 4392 1124 4468 Παρμενίωνος
1196 4396 1295 4448 τοῦ
1349 4395 1655 4469 στρατηγοῦ
1736 4386 1951 4465 μᾶλλον

286 4480 702 4555 θαυμάσαντος,
734 4477 876 4537 διότι
932 4481 1173 4556 καθάπερ
1226 4502 1313 4544 τις
1368 4485 1474 4538 τῶν
1532 4479 1789 4551 ὑπηκόων
1857 4498 1953 4534 πε-

284 4570 401 4626 σὼν
429 4568 854 4645 προσεκύνησεν,
894 4570 1040 4627 εἶπεν
1072 4567 1448 4645 Ἀλέξανδρος·
1481 4570 1561 4629 Ού
1617 4572 1709 4628 τὸν
1769 4570 1955 4644 ἀρχιε-

288 4658 390 4735 ρέα
446 4658 845 4735 προσεκύνησα,
900 4659 1050 4718 ἀλλὰ
1106 4661 1198 4718 τὸν
1260 4662 1348 4718 ὑπ’
1416 4662 1584 4719 αὐτοῦ
1638 4665 1949 4739 τιμώμενον

285 4748 448 4819 Θεὸν,
481 4746 652 4821 κάμοὶ
689 4749 794 4818 τήν
852 4748 1109 4823 βοήθειαν
1167 4749 1306 4805 κατὰ
1342 4753 1449 4805 τῶν
1508 4748 1760 4807 ἐναντίων
1817 4751 1949 4808 ὑπο·
1983 4787 2031 4852 D

287 4837 592 4913 σχόμενον.
623 4836 815 4893 Ἦνίκα
838 4839 943 4915 γὰρ
999 4839 1099 4908 τὴν
1151 4839 1290 4894 κατᾶ
1345 4843 1564 4915 Περσῶν
1624 4836 1951 4916 διενοούμην

288 4924 578 5002 στρατείαν
634 4925 727 4983 καὶ
780 4923 1003 4983 ἰδεδίειν
1059 4928 1123 4983 τὸ
1184 4927 1414 5004 μέγεθος
1481 4936 1583 5000 τῆς
1639 4927 1948 4995 δυναστείας

284 5015 496 5086 αύτῶν,
525 5012 683 5094 ὤφθη
731 5037 826 5091 μοι
873 5018 993 5072 κατ’
1048 5013 1181 5092 ὄναρ
1234 5018 1372 5073 κατὰ
1424 5018 1488 5075 τὸ
1546 5025 1742 5095 σχῆμα
1789 5017 1951 5076 τοῦδε

282 5110 382 5161 τοῦ
411 5105 725 5182 ἀρχιερέως
779 5105 809 5159 6
868 5104 1018 5175 Θεὸς,
1070 5105 1163 5162 καὶ
1222 5106 1436 5181 θαρῥεῖν
1491 5128 1586 5179 μοι
1617 5105 1946 5183 παρεκελεύε-

280 5214 415 5250 σατο
444 5193 671 5263 καὶτῆς
729 5192 1042 5268 προθυμίας
1099 5192 1412 5259 σπουδαίως
1466 5188 1712 5275 ἔχεσθαι,
1745 5195 1945 5273 λέγων’

287 5306 315 5338 ι
347 5285 445 5346 Εἷς
476 5282 536 5337 σὲ
592 5282 696 5358 γὰρ
748 5281 1041 5354 καταλήξω
1097 5283 1197 5353 τήν
1252 5288 1470 5359 Περσῶν
1531 5281 1864 5344 δυναστείαν.
1912 5308 1938 5341 ι

284 5373 380 5427 Διό
409 5376 605 5428 τοῦτον
658 5372 989 5446 θεασάμενος
1047 5373 1102 5427 ἐν
1156 5373 1385 5450 τοιαύτῃ
1442 5373 1643 5449 στολῇ,
1703 5376 1792 5433 καὶ
1846 5384 1947 5447 τῆς

283 5462 422 5517 κατᾶ
444 5459 574 5522 τοὺς
605 5461 815 5523 ὕπνους
847 5461 1213 5533 ὑπομνησθεὶς
1272 5458 1470 5536 ὅψεως,
1526 5463 1753 5530 εῗκότως
1785 5487 1950 5542 προσ.

280 5550 542 5621 εκύνησα.
603 5553 787 5606 Ταῦτα
844 5548 1011 5606 εἰπὼν
1070 5551 1160 5623 καὶ
1224 5551 1314 5608 τὸν
1374 5552 1636 5634 ἀρχιερέα
1694 5553 1945 5630 δεξιωσά’

286 5660 471 5715 μενος,
558 5643 670 5695 τῶν
754 5638 914 5713 ἱερῶν
968 5641 1388 5716 παρεπομένων,
1452 5643 1530 5707 είς
1612 5647 1712 5716 τήν
1776 5645 1941 5703 πόλιν

277 5728 655 5805 Ἰερουσαλήμ
740 5726 1114 5805 παραγίνεται.
1200 5733 1263 5787 Οἱ
1320 5728 1379 5788 δὲ
1435 5738 1784 5809 Γραμματεῖς
1839 5737 1939 5808 τὴν

2062 3502 2380 3559 Josedecus
2401 3518 2533 3557 cum
2552 3499 2938 3566 Zorobabelo,
2969 3498 3220 3554 Jacobus
3240 3498 3378 3553 Jesu
3403 3496 3582 3559 ﬁlius,
3614 3495 3709 3551 Jo-

2065 3593 2228 3660 daas,
2251 3591 2447 3649 Josebi
2476 3591 2655 3658 ﬁlius,
2688 3590 2988 3645 Iliasunus
3010 3588 3217 3644 Jacimi
3253 3587 3432 3655 ﬁlius,
3454 3587 3713 3642 Joannes

2064 3683 2259 3739 Jodaae
2290 3680 2649 3750 ﬁlius,Jadus
2678 3696 2692 3735 :
2725 3696 2843 3751 quo
2872 3677 3286 3750 pontiﬁcatum
3309 3674 3719 3749 gerente.Ale-

2064 3770 2293 3827 xander
2322 3768 2746 3842 Hierosolymis
2778 3769 2965 3823 Deum
2992 3766 3276 3822 adoravit.
3298 3766 3449 3821 341
3484 3762 3719 3819 Etenim

2064 3861 2353 3917 attonitus
2383 3860 2590 3916 habitu
2620 3857 2919 3931 pontiﬁcis
2950 3855 3444 3923 iusolente,solus
3474 3871 3509 3911 a
3538 3871 3718 3910 curru

2065 3949 2392 4019 descendit,
2426 3964 2768 4020 nomenque
2795 3948 2901 4004 Dei
2933 3946 3216 4012 adoravit,
3250 3944 3718 4018 pontiﬁcemque

2064 4039 2393 4096 maximum
2424 4037 2721 4106 salutavit,
2756 4035 2829 4092 ab
2861 4052 3051 4106 eoque
3083 4040 3140 4090 et
3171 4034 3464 4089 universis
3493 4031 3712 4089 Judazis

2061 4128 2323 4184 vicissim
2356 4132 2446 4182 est
2475 4143 2593 4182 uno
2626 4142 2727 4182 ore
2760 4125 3072 4181 salutatus.
3104 4125 3249 4178 Cum
3280 4127 3481 4177 autem
3531 4121 3714 4193 Syriw

2063 4235 2131 4275 ac
2162 4217 2361 4275 caeteri
2382 4233 2552 4290 reges
2582 4214 2643 4270 id
2668 4215 2889 4271 factum
2913 4213 3483 4281 mirarentur,atque
3512 4215 3713 4266 mente

2062 4307 2464 4365 abalienatum
2491 4303 2896 4361 Alexandrum
2927 4306 3247 4374 putarent:
3279 4315 3347 4355 ac
3378 4298 3713 4371 praesertim

2066 4396 2373 4453 Parmenio
2388 4395 2684 4451 exercitus
2706 4393 2917 4449 ductor
2928 4391 3248 4447 miraretur
3267 4388 3413 4461 quid
3429 4388 3515 4443 rei
3535 4392 3715 4456 esset,

2063 4487 2223 4558 quod
2248 4486 2439 4541 instar
2467 4483 2844 4541 subditorum
2873 4481 3133 4553 alicujus
3162 4496 3226 4536 se
3258 4481 3321 4535 in
3353 4484 3573 4535 terram
3600 4494 3707 4535 rex

2062 4573 2481 4648 prostravisset
2512 4589 2525 4627 :
2558 4570 2869 4643 respondit
2895 4569 3418 4637 Alexander,hunc
3447 4583 3510 4622 se
3533 4566 3714 4622 hono-

2062 4679 2189 4720 rem
2247 4680 2370 4718 non
2412 4660 2680 4734 pontiﬁci
2738 4658 3043 4726 detulisse,
3099 4673 3303 4713 verum
3352 4658 3471 4712 Deo
3532 4671 3714 4727 quem

2063 4753 2114 4809 is
2162 4752 2406 4820 coleret,
2465 4768 2531 4807 ac
2581 4751 2683 4822 qui
2736 4749 2850 4805 sibi
2908 4748 3199 4806 auxilium
3257 4752 3462 4803 contra
3510 4746 3715 4802 hostes

2062 4841 2587 4915 promisisset,Quo
2610 4839 2771 4896 enim
2804 4844 3072 4911 tempore
3104 4837 3329 4893 bellum
3352 4839 3559 4892 contra
3578 4837 3716 4891 Per-

2063 4948 2158 4987 sas
2178 4931 2736 5001 meditatus,eorum
2759 4929 3065 5001 ingentem
3088 4927 3417 4999 potentiam
3438 4924 3715 4981 reformi-

2059 5020 2281 5086 dasset,
2317 5024 2501 5076 Deum
2557 5018 2671 5074 sibi
2725 5035 2834 5091 per
2862 5016 3233 5073 insomnium
3291 5015 3487 5088 specie
3532 5013 3714 5085 hujus

2058 5108 2358 5183 pontiﬁcis
2407 5108 2619 5174 visum,
2662 5107 2818 5163 bono
2879 5122 3008 5163 esse
3067 5105 3269 5162 animo
3318 5102 3594 5176 jussisse,
3653 5108 3713 5158 et

2057 5202 2337 5260 alacriter
2364 5201 2706 5258 institutum
2727 5199 2972 5271 exsequi
2997 5215 3011 5252 :
3029 5214 3171 5255 nam
3191 5213 3300 5253 suo
3331 5200 3481 5252 nutu
3497 5199 3710 5251 Persa-

2057 5309 2191 5349 rum
2220 5309 2467 5366 regnum
2520 5292 2582 5347 in
2640 5291 2837 5363 ipsum
2899 5287 3298 5345 Alexandrum
3347 5283 3704 5341 desiturum.

2056 5384 2259 5454 Itaque
2292 5383 2406 5438 sibi
2438 5382 2717 5455 pontiﬁce
2748 5380 2809 5435 in
2862 5379 2976 5434 hoc
3004 5377 3211 5433 habitu
3243 5379 3582 5447 conspecto,
3642 5375 3706 5430 in

2058 5473 2409 5530 memoriam
2440 5470 2807 5528 insomnium
2827 5468 3136 5525 redactum
3166 5483 3180 5520 :
3209 5480 3391 5537 seque
3414 5463 3575 5520 haud
3595 5463 3701 5521 abs

2054 5579 2118 5618 re
2148 5561 2451 5620 adorasse.
2488 5562 2623 5618 Haec
2675 5560 2854 5627 fatus,
2886 5556 3095 5614 dextra
3152 5570 3386 5611 summo
3435 5553 3707 5626 pontiﬁci

2054 5652 2296 5726 injecta,
2329 5649 2753 5707 comitantibus
2783 5646 3014 5704 caeteris
3045 5643 3473 5713 sacerdotibus,
3497 5642 3708 5698 Hiero-

2055 5742 2283 5814 solyma
2314 5739 2571 5798 intravit.
2592 5739 2676 5796 Ibi
2708 5753 3013 5796 sacrarum
3044 5736 3398 5794 Litterarum
3428 5732 3704 5793 doctores
