4154 6410
394 415 514 476 3⁸19

1736 400 1741 405 ’
1762 404 2089 469 GEORGII
2131 402 2472 466 GEDRENI

3701 403 3827 465 380

397 546 577 602 allato
610 544 840 601 Danieli
872 544 1051 613 libro,
1084 541 1592 617 ejus-vaticinium
1622 545 2049 613 exposuerunt,

2184 531 2361 593 Ξίόλον
2403 540 2503 592 τοῦ
2562 533 2767 606 Δανιὴλ
2826 534 3296 609 προσκομίσαντες
3350 535 3452 604 τήν
3485 534 3828 611 προφητείαν

396 652 512 709 quo
543 634 999 707 praedicebatur,
1058 634 1185 689 fore
1216 639 1281 689 ut
1311 632 1549 688 Macedo
1605 633 1923 687 Persarum
1952 645 2045 685 re-

400 741 585 799 gnum
604 724 1043 789 everteret.Qua
1064 739 1135 778 ex
1152 740 1214 777 re
1233 721 1571 778 Alexander
1593 737 1727 777 cum
1750 719 2049 792 ingentem

401 814 658 885 cepisset
685 812 1274 883 laetitiam,templum
1318 811 1419 866 Dei
1452 809 1617 867 adiit.
1653 810 1892 880 Deoque
1923 823 2051 863 rem

404 920 629 959 sacram
651 901 1073 973 praascribente
1093 901 1295 957 omnia
1314 900 1594 972 pontiﬁce
1619 899 1876 954 maximo
1889 897 2051 965 fecit,

403 1009 659 1064 eumque
693 992 1035 1063 pontiﬁcem
1068 1008 1135 1046 ac
1169 991 1432 1061 reliquos
1463 1006 1671 1045 omnes
1716 987 2053 1043 sacerdotes

400 1082 593 1155 dignis
626 1081 972 1137 muneribus
1003 1080 1566 1152 donavit,templum
1598 1078 1752 1134 342
1783 1076 2055 1149 splendi-

398 1172 488 1227 dis
518 1188 586 1226 ac
645 1170 977 1244 magniﬁcis
1032 1169 1296 1224 donariis
1349 1168 1673 1236 exornavit,
1732 1173 1911 1237 atque
1972 1166 2056 1221 ita

402 1261 645 1317 demum
705 1264 913 1315 contra
950 1261 1163 1314 Persas
1222 1258 1423 1313 movit.
1488 1257 1777 1328 Deinceps
1836 1255 2055 1311 summi

399 1349 716 1423 pontiﬁces
747 1365 816 1403 ac
848 1347 1051 1420 populi
1087 1351 1351 1401 rectores
1382 1346 1626 1400 fuerunt
1652 1344 1852 1399 Ionias
1907 1343 2055 1399 Jadu

404 1439 587 1506 ﬁlius,
618 1438 954 1507 Eleazarus,
994 1435 1217 1501 Ionias,
1268 1435 1494 1501 Simon,
1545 1435 1758 1489 Jonaas
1802 1434 2006 1489 Simon
2040 1449 2053 1487 :

290 1570 299 1579 κ
402 1529 600 1591 Janes,
632 1527 732 1596 qui
765 1530 824 1581 et
855 1527 1158 1598 Hyrcanus
1194 1540 1208 1582 :
1239 1523 1638 1591 Aristobulns,
1672 1523 1773 1594 qui
1827 1523 2057 1595 primus

407 1616 639 1688 regium
670 1615 946 1671 diadema
971 1614 1296 1686 pontiﬁcali
1327 1612 1565 1669 ornatui
1598 1611 2009 1684 superaddidit
2039 1628 2053 1667 :

404 1708 742 1779 Janeas,qui
772 1712 831 1763 et
858 1705 1326 1764 Alexanderrex
1357 1703 1518 1759 idem
1550 1708 1608 1758 et
1634 1702 1933 1759 sacerdos.
1967 1702 2056 1757 Ad

404 1801 567 1857 hunc
596 1814 784 1869 usque
815 1813 850 1852 a
879 1800 1024 1868 Cyro
1056 1795 1219 1851 uncti
1251 1809 1451 1849 rerum
1483 1808 1777 1848 summam
1837 1796 2057 1848 tracta-

2160 627 2312 698 αύτῷ
2342 623 2739 701 διηρμήνευον,
2774 625 2850 688 ὡς
2907 623 3017 681 δεῖν
3047 647 3169 681 τινα
3197 630 3305 680 τῶν
3339 621 3664 682 Μακεδόνων
3722 628 3824 695 τήν

2163 715 2442 793 βασιλείαν
2476 723 2692 792 Περσῶν
2742 719 3142 797 χειρώσασθαι.
3201 724 3294 781 ⁸ος
3352 718 3442 774 ἐπὶ
3472 719 3651 791 τούτῳ
3684 717 3831 792 μᾶλ-

2159 803 2260 861 λον
2293 806 2484 875 ἡσθείς
2515 806 2606 861 καὶ
2637 808 2948 882 περιχαρὴς
2979 807 3296 881 γενόμενος,
3326 807 3417 862 καὶ
3466 806 3554 862 ἐπὶ
3582 808 3645 862 τὸ
3675 807 3826 881 ἱερὸν

2159 892 2423 964 ἀνελθὼν,
2458 895 2574 950 θύει
2609 897 2704 968 μὲν
2754 900 2836 967 τῷ
2871 901 2988 969 Θεῷ
3017 897 3153 951 κατά
3207 897 3308 964 τὴν
3367 900 3467 951 τοῦ
3524 897 3831 972 ἀρχιερέως

2165 985 2465 1062 ὑφήγησιν,
2527 984 2692 1039 αὐτὸν
2751 981 2809 1040 δὲ
2863 986 2959 1039 τὸν
3015 984 3277 1060 ἀρχιερέα
3332 985 3423 1040 καὶ
3468 986 3668 1049 πάηας
3697 986 3830 1047 τοὺς

2160 1077 2325 1150 ἱερεῖς
2380 1077 2723 1150 ἀξιοπρεπῶς
2775 1079 3015 1150 τιμήσας
3075 1079 3165 1132 καὶ
3223 1075 3505 1153 λαμπροῖς
3581 1079 3669 1132 καὶ
3736 1097 3832 1151 με-

2160 1163 2369 1240 γίστοις
2405 1164 2720 1238 ἀναθήμασι
2776 1167 2869 1221 τὸν
2926 1164 3054 1221 ναὸν
3107 1163 3486 1240 διακοσμήσας
3544 1165 3680 1222 κατά
3717 1170 3829 1221 τῶν

2164 1258 2385 1329 Περσῶν
2415 1253 2689 1329 ἐχώρησε.
2737 1257 2885 1313 Μετά
2943 1252 3002 1311 δὲ
3059 1252 3264 1311 Ἰαδοῦν
3326 1255 3539 1317 Ἰωνίας
3596 1252 3834 1324 Ἰαδοῦν,

2166 1340 2517 1416 Ἐλεάζαρος,
2550 1345 2782 1411 Ἰωνιᾶς,
2842 1343 3059 1417 Σίμων,
3121 1344 3339 1407 Ἰωναάς
3395 1345 3611 1417 Σίμων,
3644 1345 3827 1412 ’ίανῆς

2165 1433 2194 1488 6
2225 1433 2313 1488 καὶ
2345 1433 2620 1507 Ὑρκανὸν,
2651 1430 3101 1507 Ἀριστόϐουλος,
3149 1433 3210 1497 ὅς
3270 1435 3359 1490 καὶ
3390 1440 3608 1508 πρῶτος
3639 1433 3833 1497 ἐπέθε-

2162 1541 2226 1577 το
2259 1519 2504 1596 διάδημα
2533 1526 2615 1597 [Ρ.
2655 1527 2778 1597 195]
2816 1522 3102 1598 βασιλικὸν
3133 1525 3271 1599 πρὸς
3299 1528 3367 1599 τῇ
3414 1523 3828 1599 ἀρχιερωσύνη,

2165 1610 2364 1673 Ἰανέας
2473 1612 2564 1668 καὶ
2640 1614 2670 1668 6
2774 1610 3153 1689 Ἀλέξανδρος,
3237 1612 3493 1688 βασιλεὺς
3566 1610 3681 1687 ἅμα
3732 1613 3830 1667 καὶ

2165 1701 2478 1776 ἀρχιερεύς.
2540 1700 2720 1776 Μέχρι
2777 1702 2978 1758 τούτου
3035 1704 3088 1757 οἱ
3170 1702 3277 1757 ἀπὸ
3364 1702 3547 1776 Κύρου
3606 1721 3806 1778 χριστο
3873 1700 3877 1704 ”

2166 1789 2490 1866 ἡγούμενοι,
2572 1787 2948 1866 διαρκέσαντες
3026 1789 3120 1863 ἔτη
3180 1798 3325 1867 υπγ“,
3384 1790 3419 1846 ἄ
3475 1790 3607 1846 εἰσιν
3664 1785 3837 1845 ἑϐδο-

404 1895 566 1955 runt,
599 1904 706 1959 per
752 1901 941 1941 annos
996 1885 1126 1950 483,
1179 1900 1312 1955 quas
1364 1886 1505 1938 sunt
1564 1881 1916 1953 septimana:
1975 1884 2065 1956 69.

2184 1874 2340 1951 αάδες
2372 1877 2507 1934 ἐτῶν
2570 1878 2662 1950 ξθ“,
2720 1879 2902 1944 καθὼς
2949 1873 3051 1957 ἔφη
3109 1879 3202 1934 καὶ
3231 1878 3440 1948 Δανιὴλ
3493 1880 3580 1935 τόο
3639 1903 3667 1931 ι(
3731 1879 3835 1934 Καὶ

410 1977 584 2035 sicuti
618 1975 899 2031 Danielus
930 1979 1059 2029 erat
1090 1972 1465 2040 vaticinatus,
1498 1994 1525 2022 ‹‹
1560 1972 1911 2044 Cognosces,
1970 1971 2067 2026 in-

405 2068 711 2141 quiens,et
741 2063 1039 2135 intelliges
1064 2062 1137 2117 ab
1171 2061 1330 2117 exitu
1358 2060 1676 2128 sermonis,
1710 2077 1828 2131 quo
1851 2060 2065 2117 decero

406 2162 584 2213 netur
602 2161 668 2210 ut
681 2152 1052 2209 aediﬁcentur
1072 2149 1484 2221 Hierosolyma
1506 2165 1699 2220 usque
1714 2150 1858 2204 dum
1876 2149 2070 2205 Chris-

2169 1972 2369 2050 γνώσῃ,
2397 1973 2487 2027 καὶ
2534 1970 2787 2042 συν-τίσεις
2839 1973 2947 2029 ἀπὸ
2999 1970 3186 2043 ἐξόδου
3231 1973 3415 2048 λόγων
3445 1976 3544 2027 τοῦ
3600 1971 3844 2046 ἀποκρι-

2175 2069 2330 2133 θῆναι
2386 2064 2477 2118 καὶ
2535 2068 2638 2118 τοῦ
2696 2060 3069 2137 οίκοδομῆσαι
3123 2059 3491 2139 Ἰερουσαλὴμ
3544 2058 3649 2124 ἕως
3698 2063 3840 2137 Χρι-

2174 2155 2304 2206 στοῦ
2386 2150 2695 2229 ἡγουμένου
2766 2148 3067 2225 ἓϐδομάδες
3125 2152 3281 2223 ἔπτὰ,
3360 2152 3452 2207 καὶ
3531 2146 3843 2224 έεδομάδες

412 2252 508 2302 tus
534 2240 1176 2315 imperet,septimanas
1198 2244 1228 2293 7
1254 2245 1313 2293 et
1330 2239 1695 2310 septimanas
1717 2239 1913 2309 62,qui
1933 2243 2067 2294 sunt

2184 2238 2275 2314 Ξβ“.
2352 2241 2548 2297 ’Ἀτινά
2608 2241 2739 2295 εἰσιν
2800 2237 2894 2310 ἔτη
2955 2248 3101 2316 υπγ“.
3162 2241 3301 2296 Ἀπὸ
3359 2238 3418 2295 δὶ
3503 2240 3687 2314 Κύρου
3750 2238 3853 2294 ἐπὶ

419 2333 561 2390 anni
583 2334 706 2386 483.
734 2333 777 2386 Α
798 2332 947 2401 Cyro
972 2344 1159 2399 usque
1193 2326 1269 2383 ad
1303 2327 1662 2382 Antiochum
1701 2327 2070 2399 Epiphanem

423 2427 483 2477 et
510 2421 642 2476 urbi
685 2418 984 2474 excidium
1022 2417 1095 2473 ab
1128 2433 1197 2471 eo
1228 2416 1461 2472 illatum
1492 2416 1635 2471 anni
1670 2422 1809 2472 sunt
1837 2419 1963 2472 394.

491 2512 674 2566 Porro
707 2513 905 2563 autem
938 2524 1046 2562 nos
1080 2505 1432 2563 docetunde
1452 2506 1689 2562 initium
1712 2505 2069 2562 numerandi

422 2601 499 2657 sit
529 2597 913 2663 sumendum,
975 2596 1261 2651 nimirum
1292 2612 1414 2651 non
1473 2594 1546 2651 ab
1577 2611 1646 2651 eo
1702 2595 1797 2651 die
1829 2613 1946 2667 quo
2007 2596 2072 2653 in

423 2690 676 2763 patriam
706 2687 965 2743 reditum
996 2686 1127 2751 fuit,
1162 2686 1266 2742 sed
1297 2686 1370 2741 ab
1403 2686 1563 2742 exitu
1596 2687 1911 2753 sermonis,
1953 2703 2070 2759 quo

420 2779 725 2835 decretum
747 2777 967 2833 factum
991 2781 1082 2831 est
1102 2776 1175 2831 de
1192 2775 1597 2831 instaurandis
1622 2776 2068 2848 Hierosolymis.

416 2870 489 2925 At
533 2867 678 2922 urbs
720 2883 791 2922 ea
845 2881 966 2920 non
999 2870 1091 2920 est
1146 2864 1255 2919 sub
1300 2865 1446 2935 Cyro
1505 2864 1745 2933 refecta,
1798 2866 1901 2921 sed
1961 2866 2069 2921 sub

422 2958 739 3013 Artaxerxe
773 2954 1160 3026 Longimano.
1196 2952 1464 3009 Reversis
1495 2953 1658 3008 enim
1700 2954 1762 3009 in
1818 2957 2071 3027 patriam

420 3044 641 3101 Iudaeis
673 3042 1018 3114 supervenit
1046 3041 1386 3115 Cambyses,
1415 3041 1554 3097 inde
1584 3043 1763 3115 magi,
1795 3049 1931 3115 post
1961 3044 2071 3101 hos

422 3133 632 3190 Darius
662 3132 970 3204 Hystaspis
1028 3130 1209 3199 ﬁlius,
1237 3135 1371 3203 post
1427 3132 1586 3187 hunc
1631 3132 1859 3188 Xerxes
1910 3133 2071 3189 Darii

2175 2316 2465 2404 Ἀντίοχον
2498 2330 2587 2386 τὸν
2622 2332 2887 2410 Ἐπιφανῆ
2921 2329 3014 2385 καὶ
3041 2332 3143 2400 τήν
3181 2329 3574 2405 αἰχμαλωσίαν
3623 2328 3846 2398 ἐκείνην

2178 2415 2273 2489 ἔτη
2309 2418 2411 2473 εἶσὶ
2441 2417 2578 2498 τι,δ“.

2264 2509 2393 2564 Εἶτα
2424 2508 2670 2565 διδάσκει
2726 2512 2874 2582 ἡμᾶς
2927 2508 3090 2565 πόθεν
3139 2511 3389 2584 ἀριθμεῖν
3448 2506 3549 2579 δεῖ,
3603 2507 3689 2563 ὅτι
3736 2507 3841 2563 οὔκ

2183 2603 2291 2660 ἀπὸ
2320 2608 2421 2672 τῆς
2460 2601 2674 2675 ἡμέρας
2711 2605 2813 2669 τῆς
2843 2596 3127 2663 ἐπανόδου,
3187 2597 3316 2653 ἀλλ’
3346 2597 3454 2653 ἀπὸ
3484 2594 3671 2667 ἐξόδου
3739 2594 3844 2652 λό-

2184 2715 2299 2771 γων
2330 2694 2697 2767 ἀποκριθῆναι
2740 2690 2831 2743 καὶ
2870 2693 2968 2743 τοῦ
3025 2685 3394 2762 οἰκοδομῆσαι
3453 2684 3844 2762 Ἰερουσαλήμ.

2183 2785 2305 2844 Οὐκ
2340 2782 2430 2839 ἰπὶ
2458 2780 2641 2857 Κύρου
2671 2776 2730 2835 δὲ
2762 2776 3130 2852 ᾠκοδομήθη,
3162 2777 3293 2835 ἀλλ’
3347 2777 3437 2833 ἐπὶ
3490 2782 3590 2834 τοῦ
3633 2777 3842 2851 μακρό-

2178 2896 2369 2954 χειρος
2427 2870 2808 2945 Ἀρταξέρξου.
2869 2872 3024 2929 Μετά
3077 2871 3184 2948 γὰρ
3235 2871 3337 2940 τήν
3385 2866 3617 2925 κάθοδον
3681 2868 3837 2924 ἃπαν-

2178 2965 2317 3039 ῆλθε
2356 2957 2681 3036 Καμϐύσης,
2736 2962 2858 3015 εἶτα
2915 2961 2968 3015 οἱ
3034 2961 3221 3035 μάγοι,
3268 2959 3357 3014 καὶ
3426 2960 3544 3033 μετ’
3600 2955 3834 3017 ἐκείνους

2187 3062 2409 3134 Δαρεῖος
2440 3054 2812 3120 ὁὙστάσπου,
2850 3053 2966 3126 μεθ’
3004 3051 3061 3107 ὃν
3108 3052 3318 3127 Ξέρξης
3378 3052 3407 3106 6
3468 3050 3695 3126 Δαρείου
3750 3042 3847 3103 καῖ

2178 3133 2532 3225 Ἀρταϐάνης.
2587 3143 2727 3200 Εἶτα
2784 3141 3146 3218 Ἀρταξέρξης
3197 3143 3225 3197 6
3285 3141 3608 3225 Μακρόχειρ
3661 3134 3849 3194 ἒϐασί-

422 3223 582 3279 ﬁlius
634 3228 688 3277 et
746 3221 1104 3277 Artabanus.
1167 3220 1502 3276 Secundum
1556 3221 1664 3276 hos
1714 3223 2066 3278 Artaxerxes

2184 3220 2337 3295 λευσε
2377 3241 2479 3304 τῆς
2541 3228 2824 3307 Περσίδος.
2883 3232 2972 3288 Ἐν
3034 3227 3092 3285 δὲ
3146 3234 3227 3303 τῷ
3292 3229 3524 3301 εἴκοστῷ
3581 3222 3688 3283 ἔτει
3745 3234 3851 3298 τῆς

418 3312 820 3381 Longimanus
854 3327 1104 3382 regnum
1126 3310 1429 3365 Persicum
1453 3310 1818 3367 obtinuit.Eo
1840 3328 2065 3367 annum

2184 3283 2477 3404 Euclide:
2521 3283 2984 3393 αύτὲῦηῇεεμᾶις
3037 3283 3429 3388 ἀνελνθῖὶινντην
3462 3283 3648 3373 πόλιν
3720 3283 3851 3404 ἀνί-ἰ

415 3401 767 3457 vicesimum
796 3405 1103 3472 regnante,
1128 3399 1399 3456 Neemias
1436 3399 1708 3455 ascendit
1736 3401 2066 3472 urbemque

417 3490 790 3557 instauravit,
853 3488 1027 3544 sicuti
1084 3488 1297 3544 Esdras
1346 3489 1626 3544 narravit.
1678 3488 1823 3545 Inde
1867 3495 2068 3545 autem

419 3581 526 3635 483
557 3579 698 3635 anni
741 3578 929 3649 elapsi
985 3582 1125 3632 sunt
1152 3594 1340 3648 usque
1391 3577 1465 3633 ad
1525 3578 1823 3635 excidium
1881 3578 2066 3648 urbis,

423 3666 928 3739 quemadmodum
956 3667 1245 3737 Iosephus
1272 3665 1553 3723 Hebraeus
1581 3672 1854 3723 testatur.

493 3758 648 3815 343
681 3756 843 3812 Idem
874 3755 1179 3811 memorim
1210 3754 1554 3823 tradidit,ea
1578 3756 1703 3828 ipse
1734 3755 1830 3812 die
1861 3773 1978 3827 qua
2006 3756 2071 3812 in

424 3863 661 3903 crucem
692 3844 960 3901 sublatus
992 3849 1083 3900 est
1114 3844 1405 3912 Christus,
1440 3848 1699 3916 primum
1732 3845 1793 3901 in
1851 3845 2070 3918 templo

419 3938 683 4009 fragores
715 3934 950 3991 auditos
1010 3934 1216 4001 fuisse,
1249 3933 1465 3989 deinde
1509 3950 1579 3990 ex
1609 3934 1839 3990 intimis
1880 3951 2071 4007 pene-

424 4026 676 4082 tralibus
706 4041 909 4081 vocem
942 4023 1282 4080 exauditam
1316 4024 1653 4097 ingentem:
1688 4047 1715 4076 «
1774 4025 2074 4082 Abeamus

426 4118 585 4173 hinc.
622 4138 651 4168 »

499 4207 747 4263 Pontius
798 4205 1038 4274 Pilatus,
1070 4205 1402 4277 imperante
1455 4206 1514 4261 C.
1549 4207 1799 4275 Ctesare,
1861 4211 1925 4261 ut
1969 4208 2079 4263 Ro-

426 4313 742 4353 manarum
774 4311 975 4351 rerum
1008 4295 1328 4366 scriptores
1354 4294 1689 4367 perhibent,
1711 4295 1887 4351 variis
1918 4295 2074 4352 cala-

428 4387 739 4443 mitatibus
795 4385 1233 4440 circumventus
1267 4401 1482 4440 manus
1528 4383 1641 4441 sibi
1691 4385 1911 4440 attulit.
1963 4385 2076 4441 Alii

426 4476 596 4530 aiunt
625 4489 765 4530 eum
786 4472 943 4544 apud
972 4474 1262 4529 Caesarem
1286 4473 1497 4529 Christi
1530 4489 1709 4529 causa
1737 4477 2078 4530 accusatum

428 4580 463 4619 a
488 4563 666 4619 Maria
694 4560 1057 4635 Magdalena,
1090 4562 1232 4633 pelli
1265 4579 1473 4618 recens
1503 4562 1643 4618 boxi
1677 4562 1955 4619 detracta;
1987 4563 2076 4619 in-

2176 3400 2359 3487 στησε,
2390 3412 2573 3476 καθὼς
2602 3406 2837 3485 Ἔσδρας
2877 3407 3209 3483 διηγήσατο.
3253 3411 3526 3472 Ἐντεῦθεν
3557 3413 3679 3480 υπγ¹
3732 3400 3842 3477 ἔτη

2170 3503 2450 3582 γεγόνασιν
2501 3497 2609 3564 ἕως
2658 3505 2758 3568 τῆς
2808 3505 3164 3573 κατασκαφῆς
3222 3505 3323 3569 τῆς
3378 3495 3619 3566 πόλεως,
3660 3497 3851 3560 καθὼς

2172 3591 2475 3664 Ιώσηποςὸ
2509 3584 2770 3664 Ἑϐραῖος
2806 3594 3105 3663 μαρτυρεῖ.

2256 3770 2529 3839 Ἰώσηπος
2561 3768 2772 3840 ἱστορεῖ
2801 3764 2885 3821 ὅτι
2924 3765 3062 3822 κατά
3091 3767 3190 3836 τὴν
3238 3766 3410 3836 αὐτὴν
3475 3766 3687 3842 ἡμέραν
3741 3774 3847 3837 τῆς

2182 3865 2282 3917 τοῦ
2311 3857 2509 3934 Κυρίου
2542 3854 2900 3932 σταυρώσεως
2932 3855 3175 3918 κτύπους
3215 3859 3313 3912 τοῦ
3359 3858 3514 3931 ἱεροῦ
3564 3855 3845 3913 ἀντιλαμ-

2185 3945 2434 4006 ϐάνεσθαι
2494 3950 2734 4022 πρῶτον,
2820 3938 3005 4000 ἔπειτα
3089 3951 3281 4023 φωνῆς
3356 3945 3553 4020 ἀθρόας
3628 3940 3848 4011 ἔνδοθεν

2181 4041 2405 4096 ἀκοῦσαι
2462 4036 2569 4091 ἀπὸ
2633 4037 2732 4090 τοῦ
2806 4032 3082 4089 ἰσωτάτου
3139 4035 3313 4110 ⁴ἱεροῦ·
3350 4058 3380 4087 ‹‹
3427 4030 3848 4108 Μεταὸαίνομεν

2180 4128 2406 4186 ὶτεῦθεν.
2445 4149 2473 4177 ››

2253 4218 2380 4275 Ὅτι
2412 4213 2693 4277 ὁΠόντιος
2754 4211 2993 4275 Πιλᾶτος
3026 4211 3116 4268 ἐπὶ
3177 4210 3338 4268 Γαΐου
3391 4214 3666 4289 Καίσαρος
3719 4234 3848 4269 ποιο

2183 4307 2367 4369 κίλαις
2424 4303 2732 4377 περιπεσὼν
2779 4308 3107 4380 συμφοραῖς,
3157 4300 3234 4367 ὥς
3289 4323 3447 4379 φασιν
3477 4303 3534 4357 οἱ
3593 4304 3661 4359 τὰ
3708 4303 3852 4360 Ῥω-

2190 4394 2364 4470 μαίων
2446 4392 2917 4469 συγγραψάμενοι,
2999 4392 3401 4471 αύτοφονευτής
3458 4392 3651 4446 ἑαυτοῦ
3729 4392 3854 4465 ἐγέ-

2184 4502 2331 4538 νετο.
2373 4481 2441 4539 Οἱ
2473 4477 2532 4535 δὶ
2586 4479 2798 4553 Μαρίαν
2836 4479 2937 4547 τήν
2998 4476 3379 4554 Μαγδαληνήν
3435 4475 3657 4552 λέγουσι
3732 4481 3851 4533 κατ’

2190 4570 2359 4628 αὐτοῦ
2414 4573 2494 4641 τῷ
2544 4567 2777 4642 Καίσαρι
2855 4567 2989 4642 ὑπὲρ
3044 4572 3142 4622 τοῦ
3208 4568 3446 4642 Χριστοῦ
3501 4566 3850 4642 προσελθεῖν,

430 4658 631 4708 sutum
688 4668 811 4707 una
838 4667 974 4707 cum
1034 4652 1212 4725 gallo,
1261 4652 1464 4725 vipera
1524 4656 1583 4707 et
1612 4652 1808 4723 simia,
1863 4659 1930 4709 ut
1988 4660 2067 4710 est

2185 4663 2245 4723 ὃς
2274 4658 2505 4735 δέρματι
2537 4658 2706 4733 βοείῳ
2763 4654 3042 4731 νεοδάρτῳ
3089 4661 3286 4713 τοῦτον
3350 4659 3488 4732 μετά
3548 4654 3853 4731 ἀλέκτορος

430 4741 714 4797 Romanis
749 4741 1139 4810 consuetudo,
1199 4740 1502 4813 radiisque
1553 4740 1695 4797 solis
1743 4741 2078 4815 expositum

432 4829 837 4903 periisse.Non
868 4829 1086 4888 desunt
1113 4831 1214 4902 qui
1248 4846 1383 4885 eum
1414 4829 1564 4886 utris
1593 4830 1784 4888 instar
1811 4832 2079 4889 excoria-

432 4923 559 4973 tum
591 4917 810 4973 obiisse
841 4918 1217 4990 perhibeant.

501 5100 990 5173 Alienigenarum
1048 5098 1111 5152 in
1164 5095 1399 5153 Judaaos
1454 5113 1703 5171 regnum
1759 5116 1950 5175 usque
2004 5103 2081 5160 ad

430 5192 752 5264 Agrippam
786 5189 1081 5244 minorem
1111 5185 1372 5243 obtinuit
1400 5204 1591 5245 annos
1620 5192 1855 5250 lOO.hoc
1879 5193 2077 5249 modo.

429 5280 714 5353 Regnavit
767 5278 1000 5349 primus
1050 5276 1310 5331 Herodes
1367 5277 1718 5335 infanticida
1753 5297 1943 5336 annos
1991 5284 2079 5337 3'7.

429 5370 570 5439 Ejus
598 5369 758 5425 ﬁlius
788 5367 1113 5422 Archelaus
1139 5382 1329 5422 annos
1360 5370 1413 5433 9,
1441 5368 1700 5423 Herodes
1740 5369 1924 5425 frater
1952 5371 2082 5443 ejus

436 5474 625 5513 annos
653 5461 744 5527 24,
808 5456 1069 5513 Herodes
1125 5456 1404 5529 Agrippa,
1456 5458 1507 5513 is
1551 5458 1654 5529 qui
1710 5474 1746 5513 a
1784 5460 2083 5517 vermibus

437 5552 825 5619 consumptus
856 5554 965 5613 est,
999 5552 1051 5614 7,
1086 5548 1345 5619 Agrippa
1377 5547 1590 5615 minor,
1628 5546 1756 5602 ﬁliu
1819 5550 2079 5621 ejus,an-

439 5651 546 5688 nos
575 5638 665 5688 27.

512 5725 742 5783 Hebrai
761 5742 1027 5782 mensem
1041 5726 1312 5785 lunarem
1327 5729 2086 5805 supputant,undetriginta

2187 4751 2276 4805 καὶ
2312 4746 2536 4825 ἐχίδνης
2590 4747 2681 4802 καὶ
2734 4748 2996 4817 πιθήκου,
3045 4745 3122 4808 ὡς
3173 4741 3317 4801 ἔστιν
3375 4743 3493 4807 ἔθος
3524 4745 3849 4818 Ῥωμαίοις,

2189 4836 2476 4914 ἐγκλείσας
2521 4835 2613 4892 καὶ
2655 4835 2732 4899 εἷς
2790 4839 2979 4890 καῦσιν
3039 4833 3206 4905 ἡλίου
3246 4833 3356 4898 θεὶς
3407 4832 3742 4892 ἀπέκτεινεν.
3780 4834 3849 4892 Οἱ

2190 4927 2250 4986 δὶ
2279 4928 2354 4991 ὡς
2411 4925 2576 4983 ἀσκὸν
2639 4923 2854 5000 μᾶλλον
2892 4925 3056 4981 αὐτὸν
3125 4922 3349 5001 λέγουσι
3406 4920 3702 5000 ἐκδαρῆναι
3756 4925 3851 4978 καὶ

2190 5017 2364 5080 οὕτως
2389 5015 2704 5074 ἀποθανεῖν.

2258 5107 2383 5164 Ὅτι
2412 5107 2449 5175 ἡ
2480 5109 2590 5160 τῶν
2622 5101 2961 5182 ἀλλοφύλων
3031 5101 3117 5157 ἐπὶ
3163 5097 3433 5159 Ἰουδαίαν
3466 5100 3722 5179 βασιλεία
3749 5096 3853 5165 ἕως

2190 5202 2288 5254 τοῦ
2315 5201 2514 5271 μικροῦ
2553 5194 2833 5272 Ἀγρίππα
2864 5192 3080 5268 ἐκράτει
3136 5194 3376 5269 χρόνους
3435 5193 3625 5249 ἑκατὸν
3656 5192 3852 5255 οὕτως·

2185 5283 2443 5360 Ἡρώδης
2469 5289 2690 5361 πρῶτος
2720 5285 2748 5339 6
2778 5283 2847 5339 τὰ
2883 5285 3055 5353 νήπια
3095 5281 3305 5339 ἀνελὼν
3359 5277 3454 5353 ἔτη
3513 5281 3618 5353 λζ’,
3649 5282 3856 5362 ’Δρχὲ-

2193 5375 2327 5437 λαος
2362 5376 2389 5429 6
2422 5375 2538 5437 υἱὸς
2572 5372 2738 5429 αὐτοῦ
2780 5374 2846 5441 θ’,
2870 5368 3127 5446 Ἡρώδης
3185 5372 3214 5426 6
3275 5369 3509 5449 ἀδελφὸς
3562 5370 3728 5427 αὐτοῦ
3756 5369 3860 5439 κδ’,

2190 5462 2443 5540 Ἡρώδης
2482 5466 2511 5519 δ
2545 5463 2635 5518 καὶ
2669 5461 3007 5536 Ἀγρίππας,
3054 5461 3083 5515 ὁ
3141 5457 3644 5531 σκωληκόϐρωτος,
3703 5461 3859 5531 ἑπτὰ,

2189 5555 2502 5631 ’Δγρίππας
2534 5553 2651 5613 υἱὸς
2682 5553 2852 5607 αὐτοὖ
2883 5552 2912 5605 δ
2946 5550 3142 5625 μικρὸς
3173 5546 3266 5621 ἔτη
3296 5552 3395 5619 κζ’·

2262 5733 2389 5791 Ὀτι
2419 5734 2529 5788 τῶν
2564 5724 2837 5808 Ἐϐραίων
2868 5727 3209 5803 σεληνιακῶς
3238 5729 3333 5784 τὸν
3396 5733 3543 5804 μῆνα
3581 5728 3850 5813 ψηφιζόν-
