4154 6422
356 432 474 493 381

1507 430 2059 496 HISTORIARUM
2100 434 2655 504 COMPENDIUM.

3665 449 3785 511 382

347 579 490 632 των,
518 557 645 628 ἢτοι
674 556 759 623 κθ¹
794 555 885 613 καὶ
916 557 1154 631 ἡμίσους
1206 556 1436 634 ἡμέρας,
1468 558 1556 614 καὶ
1614 562 1713 614 τοῦ
1743 558 2014 646 κυκλικοῦ

2128 564 2412 622 nimirum
2440 565 2671 646 dierum
2704 587 2839 627 cum
2879 572 3127 628 semisse
3152 573 3291 629 diei.
3316 575 3386 629 Et
3408 591 3543 631 cum
3568 577 3785 635 solaris

355 648 607 707 ένιαυτοῦ
662 651 763 704 τοῦ
800 649 916 704 καθ’
972 646 1134 718 ἥλιον
1196 645 1539 727 ὑπάρχοντος
1569 649 1794 724 ἡμερῶν
1823 648 1925 719 τξε¹
1952 644 2017 715 δ’,

357 739 463 809 τήν
512 737 652 793 κατᾶ
702 734 940 810 σελήνην
978 732 1369 811 δωδεκάμηνον
1416 736 1824 811 παραλλάσσειν
1875 733 2020 809 ἠμέ-

355 848 462 904 ρας
495 828 562 883 ια’
592 824 654 885 δ’.
698 828 797 883 Διᾶ
842 831 1003 883 τοῦτο
1086 823 1341 884 Ἰουδαῖοι
1378 832 1525 901 τρεῖς
1560 833 1731 899 μῆνας
1787 820 2023 900 ἐμϐολί-

355 938 502 991 μους
578 919 669 992 [Ρ.
727 919 849 992 196]
937 915 990 972 έν
1073 912 1243 973 ἔτεσιν
1303 915 1450 972 ὀκτὼ
1506 911 2019 991 παρεμϐάλλουσιν·

354 1007 584 1070 ὀκτάκις
614 1007 719 1085 γὰρ
747 1008 865 1081 (38)
891 1006 959 1063 τὰ
992 1007 1056 1062 ια’
1111 1007 1201 1062 καὶ
1261 1012 1313 1078 η’
1378 1004 1421 1062 δ’
1476 1010 1697 1063 ποιοῦσι
1725 1006 2018 1083 τρίμηνον.

425 1180 687 1261 Τιϐέριος
716 1185 746 1241 δ
780 1185 897 1247 υἱὸς
955 1189 1054 1240 τοῦ
1112 1183 1381 1255 Καίσαρος
1415 1184 1443 1239 ὁ
1475 1182 2017 1260 προμνημονευθεὶς,

350 1276 522 1337 οὗτος
550 1275 683 1354 ἔσχε
742 1280 901 1331 Γαῖον
954 1273 1190 1348 ἀνεψιόν.
1252 1275 1621 1350 Ἀστρολόγου
1652 1271 1711 1329 δὶ
1745 1279 1841 1329 τοῦ
1874 1279 2017 1348 Θρα-

348 1366 528 1421 σύλου
561 1366 676 1439 (39)
707 1363 896 1442 γέγονε
940 1360 1195 1441 Τίϐέριος
1244 1367 1536 1439 φοιτητὴς,
1569 1362 1630 1428 ὅς
1657 1368 1919 1425 τοσοῦτος
1950 1365 2014 1433 ἧν

347 1455 457 1522 τήν
514 1452 719 1529 τέχνην
769 1454 845 1517 ὡς
890 1453 1362 1528 ἆγανακτήσαντός
1419 1474 1551 1511 ποτε
1605 1459 1703 1510 τοῦ
1760 1449 2018 1527 Τιϐερίου

348 1545 475 1600 κατ’
532 1544 722 1613 αὐτοῦ,
781 1543 872 1599 καὶ
933 1544 1299 1620 βουληθέντος
1358 1540 1511 1624 ἄφνω
1554 1542 1643 1599 διὰ
1671 1548 1769 1599 τοῦ
1799 1543 2018 1620 τείχους

348 1630 521 1689 αὐτὸν
577 1632 813 1702 ὠοῆσαι,
881 1633 1269 1708 σκυθρωπάσαι
1336 1634 1463 1713 φασί
1562 1634 1656 1690 τὸν
1733 1632 2015 1709 Θρασύλον

345 1721 619 1797 παρευθῦ.
657 1722 1071 1797 Ἐρωτήσαντος
1130 1718 1187 1777 δὲ
1240 1717 1505 1797 Τιϐερίου
1562 1723 1662 1791 τήν
1682 1720 1881 1776 ἀἰτίαν
1909 1714 2011 1798 ἔφη

346 1811 700 1877 αἰσθάνεσθαι
782 1808 1143 1886 κλιμακτῆρα
1228 1809 1388 1888 ἐγγὺς
1493 1809 1660 1867 αὐτοῦ
1756 1808 2014 1885 μέγιστον

2129 652 2497 712 circuitionis
2527 674 2720 715 annus
2768 661 2845 715 sit
2872 661 3106 717 dierum
3150 664 3253 717 365
3306 680 3374 719 ac
3405 664 3779 736 quadrantis,

2128 741 2329 814 itaque
2353 743 2666 804 duodecim
2688 750 2930 806 lunares
2953 768 3189 808 menses
3226 756 3280 807 11
3313 753 3524 808 diebus
3541 755 3778 826 dieique

2128 832 2455 901 quadrante
2488 844 2746 909 superet,
2779 840 2913 896 ideo
2950 842 3134 896 Judaei
3165 847 3286 897 tres
3317 859 3577 910 menses,
3612 845 3712 916 qui
3746 862 3781 901 a

2129 936 2192 976 re
2224 921 2440 980 Grazcis
2472 926 2830 985 embolimaci
2859 929 3160 1001 dicuntur,
3194 932 3555 988 intercalant
3575 940 3780 990 octavo

2127 1026 2364 1082 quoque
2409 1029 2586 1071 anno.
2630 1019 2774 1074 Nam
2824 1020 3008 1075 octies
3055 1021 3334 1076 undecim
3382 1020 3510 1077 dies
3561 1027 3620 1078 et
3647 1028 3779 1079 octo

2126 1100 2486 1170 quadrantes
2515 1104 2632 1162 diei
2665 1107 2936 1165 efficiunt
2963 1114 3084 1166 tres
3116 1127 3371 1167 menses.

2196 1190 2353 1247 844
2399 1193 2664 1251 Tiberius
2718 1199 3035 1269 praedictus
3077 1200 3319 1256 fratrem
3375 1201 3602 1272 habuit,
3661 1220 3778 1274 quo

2123 1283 2298 1335 natus
2337 1287 2429 1336 est
2472 1284 2663 1340 Caius.
2716 1286 2982 1343 Tiberius
3013 1289 3293 1363 astrologi
3342 1291 3634 1363 Thrasylli
3663 1292 3778 1346 fuit

2124 1366 2451 1441 discipulus
2474 1374 2768 1433 assiduus.
2803 1378 2987 1433 Tanta
3040 1378 3151 1434 fuit
3201 1380 3508 1451 Thrasyllo
3540 1381 3775 1453 peritia,

2121 1461 2188 1511 ut
2217 1472 2351 1513 cum
2384 1475 2517 1516 eum
2558 1462 2879 1520 Tiberirius
2927 1468 3116 1522 iratus
3147 1467 3405 1539 quodam
3456 1468 3551 1523 die
3586 1469 3781 1524 subito

2121 1547 2488 1620 prwcipitem
2519 1551 2591 1607 de
2625 1569 2795 1609 muro
2827 1571 2999 1628 agere
3031 1557 3335 1612 statuisset
3359 1574 3582 1614 secum.
3617 1559 3776 1615 illico

2119 1635 2287 1692 vultu
2321 1641 2663 1698 maestitiam
2712 1644 3055 1717 Thrasyllus
3104 1647 3453 1718 przetulerit,
3507 1664 3782 1703 causam-

2121 1741 2236 1796 que
2268 1743 2303 1782 a
2348 1728 2580 1785 Tiberio
2643 1730 3062 1805 interrogatus,
3115 1752 3247 1791 eam
3294 1737 3405 1791 sibi
3457 1737 3664 1793 horam
3698 1737 3791 1792 vel

2120 1814 2378 1872 maxime
2410 1820 2652 1875 scansili
2684 1838 2979 1878 annorum
3012 1824 3140 1896 lege
3169 1825 3571 1897 periculosam
3602 1844 3663 1882 se
3698 1827 3782 1881 in-

344 1900 522 1976 ταῦτῃ
704 1898 841 1975 ὥρᾳ.
924 1900 1026 1957 Καὶ
1111 1903 1210 1955 τοῦ
1291 1893 1552 1974 Τιϐερίου
1610 1899 2009 1973 θαυμάσαντος,

2128 1903 2396 1978 telligere
2457 1908 2703 1966 dixerit:
2760 1911 2959 1983 itaque
3032 1893 3329 1969 Tiberium
3389 1914 3785 1971 admiratione

352 1990 511 2047 ἱᾶσαι
543 1988 705 2045 αὐτόν
734 2009 870 2067 φησι
900 1989 1285 2064 Πλούταρχος.

423 2081 552 2138 Ὅτι
582 2073 837 2149 Τιϐέριος
881 2083 1001 2143 τοῖς
1048 2082 1158 2133 τῶν
1220 2076 1439 2134 πόλεων
1484 2076 1751 2156 ἄρχουσιν
1791 2075 2020 2153 ἔγραφεν

365 2168 444 2230 ὡς
474 2165 526 2222 εἴ
572 2189 625 2223 τι
678 2166 828 2241 παρᾶ
877 2165 1005 2229 τοὺς
1058 2166 1264 2240 νόμους
1322 2168 1543 2242 γράψει,
1592 2170 1666 2240 μή
1724 2166 2016 2242 προσέχειν

371 2256 540 2336 φησὶν
570 2255 1019 2329 ὡςᾶγνοῆσαντι.
1076 2255 1249 2316 Οὗτος
1305 2256 1393 2310 καὶ
1454 2254 1699 2331 βραδέως
1736 2255 1863 2310 τοὺς
1918 2252 2016 2327 ἄρ-

372 2364 580 2425 χοντας
624 2341 902 2420 διεδέχετο
948 2341 1130 2423 φειδοῖ
1183 2348 1290 2399 τῶ)
1352 2344 1633 2416 ὑπηκόων.
1691 2343 2018 2421 Ἐρωτηθεὶς

362 2432 425 2490 δὲ
453 2434 553 2503 τήν
610 2433 785 2490 αἰτίαν
838 2434 958 2489 εἶπέ
1011 2435 1111 2502 τήν
1158 2435 1460 2509 παροιμίαν
1517 2440 1625 2490 τῶν
1680 2434 2018 2507 ἐπικαθημέ-

356 2545 469 2579 νων
506 2526 683 2596 μυιῶν
712 2527 792 2594 τῷ
845 2521 1156 2598 τραυματίᾳ
1210 2523 1301 2578 καὶ
1359 2527 1455 2579 τοῦ
1512 2522 1840 2595 θελήσαντος
1878 2524 2049 2581 αἰπο-Δ

356 2607 605 2682 σοϐῆσαι
633 2611 834 2674 ταύτας
881 2612 972 2667 καὶ
1019 2609 1363 2676 κωλυθέντος
1419 2613 1523 2668 ὑπὸ
1551 2618 1650 2668 τοῦ
1677 2613 2016 2688 τραυματίου

357 2704 632 2773 εἰπόντος,
671 2702 760 2758 ’ἱνα
807 2704 883 2776 μὴ
917 2701 1084 2759 ἄλλαι
1116 2707 1375 2759 πεινῶσαι
1424 2701 1659 2778 α’ίματος
1717 2702 2015 2769 ἐπέλθοιεν.

431 2982 582 3053 Φησὶ
614 2979 673 3038 δὲ
704 2975 969 3043 Εὐσέϐιος
1025 2980 1108 3037 ὅτι
1166 2985 1246 3055 τῷ
1293 2983 1351 3037 ιε’
1380 2977 1485 3038 ἔτει
1526 2977 1779 3059 Τιϐερίου
1816 2983 2017 3059 βαπτί-

353 3079 509 3144 ζεται
541 3070 806 3147 δΚῦριος
864 3073 1026 3144 ἡμῶν
1081 3072 1294 3141 Ἰησοῦς
1349 3074 1608 3149 Χριστὸς,
1667 3071 1887 3149 συνῳδὰ
1936 3081 2016 3149 τῷ

350 3158 704 3239 Εὖαγγελίῳ,
743 3161 829 3216 καὶ
876 3159 925 3215 ἐν
985 3164 1066 3234 τῷ
1128 3161 1199 3232 ιη’
1252 3160 1315 3216 τὸ
1374 3163 1645 3237 σωτήριον
1680 3162 1882 3235 ὑπέστη
1917 3166 2018 3221 πά-

2126 1999 2363 2065 captum
2398 1999 2452 2054 ei
2478 2000 2837 2071 pepercisse.
2868 2004 3091 2058 Auctor
3120 2003 3494 2060 Plutarchus.

2197 2086 2443 2160 Scripsit
2473 2088 2741 2146 Tiberius
2786 2090 2860 2145 ad
2906 2090 3145 2147 urbium
3195 2093 3506 2165 praefectos
3540 2110 3615 2149 ne
3667 2094 3779 2150 sibi

2122 2176 2349 2247 aliquid
2398 2178 2625 2249 legibus
2655 2178 2969 2234 adversum
3002 2198 3109 2253 per
3150 2182 3442 2253 rescripta
3470 2182 3779 2239 mandanti

2122 2265 2623 2339 obtemperarent,
2646 2267 2751 2324 sed
2776 2269 3133 2342 ignorationi
3157 2270 3215 2326 id
3241 2271 3591 2327 tribuerent.
3618 2274 3784 2329 Idem

2119 2355 2417 2428 praefectis
2462 2357 2689 2414 tardius
2726 2375 3103 2416 successores
3123 2360 3304 2426 misit,
3335 2360 3586 2416 subditis
3619 2379 3687 2418 ea
3719 2363 3780 2417 in

2118 2462 2183 2501 re
2214 2463 2479 2518 parcens
2519 2448 2891 2520 Causamque
2921 2455 3160 2522 rogatus
3196 2449 3455 2505 tabulam
3509 2451 3783 2522 protulit.

2117 2535 2440 2607 Cujusdam
2471 2536 2817 2593 vulneribus
2847 2554 3083 2593 muscas
3128 2539 3442 2608 insedisse,
3492 2556 3769 2611 superve-

2119 2627 2313 2683 nissse
2345 2627 2663 2698 quemdam
2696 2628 2795 2699 qui
2831 2632 2931 2683 eos
2962 2629 3138 2684 vellet
3176 2630 3453 2702 abigere:
3507 2633 3779 2688 saucium

2120 2732 2257 2771 vero
2289 2716 2349 2771 id
2379 2717 2775 2788 prohibuisse,
2811 2717 2968 2789 quod
3000 2718 3224 2773 diceret
3255 2719 3316 2774 in
3349 2723 3513 2774 metu
3544 2737 3605 2775 se
3638 2737 3769 2776 esse

2119 2822 2195 2861 ne
2226 2822 2432 2861 earum
2462 2806 2525 2860 in
2556 2805 2755 2861 locum
2785 2807 2918 2863 alia)
2952 2808 3303 2880 sanguinem
3335 2809 3663 2864 etiamnum
3696 2810 3773 2864 si-

2120 2894 2339 2950 tientes
2366 2895 2774 2951 succederent.

2192 2981 2394 3039 Tradit
2427 2983 2717 3040 Eusebius
2738 3000 2896 3040 anno
2913 2984 3129 3041 Tiberii
3164 2989 3223 3040 15
3257 2986 3555 3042 Christum
3584 2987 3773 3059 bapti-

2122 3079 2353 3139 zatum;
2388 3073 2546 3145 quod
2575 3090 2708 3129 cum
2742 3075 3053 3147 Evangelia
3086 3077 3378 3149 congruit.
3403 3078 3770 3150 Passumque

2122 3180 2277 3219 anno
2311 3163 2527 3219 Tiberii
2590 3165 2677 3231 18,
2709 3163 2915 3219 mundi
2975 3164 3135 3220 5539.
3194 3165 3358 3222 Idem
3415 3166 3488 3222 de
3543 3169 3770 3224 Joanne

346 3253 470 3321 θος,
505 3250 558 3306 ὲν
590 3246 697 3305 ἔτει
737 3254 836 3307 τοῦ
892 3250 1104 3323 κόσμου
1162 3251 1295 3329 εφθ’.
1355 3252 1553 3327 Γράφει
1609 3249 1667 3308 δὶ
1693 3253 1784 3309 καὶ
1817 3253 2015 3325 Ἰώση-

2128 3253 2387 3325 Baptista
2417 3253 2501 3308 sic
2528 3253 2753 3309 scribit.
2799 3253 3048 3318 Quidam
3077 3254 3263 3311 Judaai
3294 3255 3783 3314 existimaverunt

346 3363 456 3405 πος
485 3341 613 3417 περῖ
675 3340 768 3414 μὶν
827 3342 1078 3398 Ἰωάννου
1134 3346 1233 3397 τοῦ
1291 3344 1600 3400 Βαπτιστοῦ
1655 3348 1844 3404 ταῦτα.
1894 3352 2015 3406 Τισὶ

347 3437 466 3488 τῶν
497 3427 773 3488 Ἰουδαίων
833 3427 1009 3486 ἐδόκει
1067 3428 1398 3487 διολωλέναι
1449 3432 1541 3489 τὸν
1573 3433 1824 3507 Ἡρώδου
1856 3456 2015 3514 στρα-
2046 3510 2049 3511 ν

350 3522 449 3577 τὸν
495 3522 599 3577 ὑπὸ
631 3523 767 3576 Θεοῦ
797 3520 889 3575 καὶ
922 3518 1072 3594 μάλα
1118 3517 1330 3576 δικαίαν
1384 3524 1706 3597 τιννυμένου
1738 3521 1895 3596 δίκην
1926 3524 2016 3583 διὰ

352 3612 560 3681 ποινὴν
617 3607 870 3665 Ἰωάννου
906 3609 1005 3666 τοῦ
1058 3607 1404 3684 καλουμένου
1446 3617 1772 3672 Βαπτιστοῦ.
1816 3613 2017 3674 Τοῦτον

356 3700 467 3778 γὰρ
498 3696 750 3775 Ἡρώδης
811 3698 1011 3756 κτείνει
1068 3699 1270 3777 ἀγαθὸν
1324 3698 1492 3775 ἄνδρα
1547 3704 1638 3758 καὶ
1696 3709 1816 3767 τοῖς
1872 3707 2013 3764 Ἰου-

352 3789 536 3853 δαίοις
563 3788 861 3846 κελεύοντα
907 3789 1107 3864 ἀρετὴν
1155 3788 1406 3845 ἐπασκεῖν
1442 3791 1532 3848 καὶ
1562 3794 1629 3849 τὰ
1660 3794 1796 3870 πρὸς
1835 3793 2011 3869 ἄλλη.

348 3879 489 3942 λους
520 3876 839 3951 δικαιοσῦνῃ
871 3876 960 3933 καὶ
1009 3878 1077 3933 τὰ
1135 3879 1274 3954 πρὸς
1331 3879 1460 3934 Θεὸν
1495 3876 1738 3953 εὐσεϐείᾳ
1769 3886 2010 3958 χρῆσθαι

340 3969 442 4026 καὶ
474 3969 715 4024 συνιέναι
750 3966 1077 4044 βαπτισμόν.
1139 3968 1269 4043 Περὶ
1329 3966 1387 4024 δὲ
1435 3973 1537 4024 τοῦ
1573 3970 1818 4045 Χριστοῦ
1847 3972 2011 4029 πάλιν

340 4062 373 4116 δ
404 4056 569 4121 αὐτός
600 4078 790 4136 φησιν,
821 4058 927 4128 δτι,
960 4057 1106 4112 Κατὰ
1160 4058 1255 4113 τὸν
1312 4058 1499 4134 καιρὸν
1527 4062 1721 4116 τοῦτον
1759 4062 1952 4133 Ιησοῦς
1983 4064 2013 4119 ὁ

343 4150 520 4227 σοφὸς
574 4149 714 4222 ἀνὴρ
769 4149 861 4218 ἦν,
920 4145 1036 4225 εἷ’γε
1087 4145 1258 4223 ἄνδρα
1320 4146 1495 4225 λέγειν
1522 4149 1683 4206 αὐτὸν
1718 4149 1911 4227 έχρῆνο
1944 4153 2010 4223 ἦν

341 4239 452 4315 γὰρ
501 4232 822 4313 παραδὸξων
871 4232 1047 4313 ἔργων
1102 4238 1342 4308 ποιητής
1394 4238 1485 4293 καὶ
1543 4235 1874 4305 διδάσκαλος
1921 4243 2013 4296 ἆν-

349 4327 590 4403 θγώπων
620 4329 729 4381 τῶν
771 4323 827 4380 έν
879 4322 1055 4399 ἡδονῇ
1111 4324 1331 4395 τάληθῆ
1389 4323 1726 4402 δεχομένων’
1760 4328 2015 4396 πολλοὺς

346 4417 459 4495 γὰρ
489 4416 582 4471 καὶ
638 4414 746 4470 απὸ
801 4412 1089 4486 Ἑλλήνων
1148 4414 1387 4492 ἠγάγετο
1427 4416 1682 4491 Χριστός.
1714 4418 1812 4475 "Ov
1847 4419 2015 4477 Ηιλά-

342 4527 447 4562 του
479 4506 892 4581 σταυρώσαντος
950 4505 1050 4560 οὒκ
1107 4503 1408 4561 ἐπαύσαντο
1464 4507 1825 4580 κηρύσσοντες
1884 4510 2012 4587 περὶ

340 4596 521 4652 αὐτοῦ
577 4594 632 4649 oi
687 4593 750 4650 τὸ
803 4597 1019 4670 πρῶτον
1078 4593 1240 4650 αὐτὸν
1314 4594 1688 4671 ἀγαπήσαντες
1748 4600 2005 4670 μαθηταί.

341 4686 557 4765 ,Εφάνη
590 4686 694 4760 γὰρ
756 4682 939 4747 αὐτοῖς
987 4683 1181 4759 τρίτην
1239 4683 1455 4760 ἡμέραν
1506 4683 1655 4765 ἔχων
1685 4686 1850 4744 πάλιν
1882 4693 2012 4760 ζῶν,

345 4779 460 4829 τῶν
493 4772 654 4838 θείων
685 4775 983 4849 προφητῶν
1042 4776 1213 4827 ταῦτα
1267 4792 1326 4827 τε
1380 4772 1469 4827 καὶ
1520 4770 1668 4829 ἄλλα
1737 4794 2013 4852 μαρτυρη-

348 4865 567 4919 σάντων
596 4860 723 4937 περὶ
779 4859 947 4915 αὐτοῦ
1004 4859 1278 4934 θαυμάσια
1331 4861 1420 4917 καὶ
1477 4860 1803 4936 εἰρηκότων.
1838 4864 2014 4928 Οὗτος

2046 4641 2098 4704 D

2129 3342 2377 3399 Herodis
2408 3343 2730 3398 exercitum
2763 3360 2797 3400 a
2826 3344 2939 3399 Deo
2971 3344 3152 3400 fuisse
3179 3344 3471 3401 delectum
3487 3347 3654 3419 justa
3678 3347 3777 3403 ad-

2129 3432 2370 3489 modum
2418 3431 2679 3488 vindicta
2735 3433 2809 3489 ob
2840 3434 3063 3489 caedem
3115 3435 3326 3490 Joanni
3381 3443 3776 3509 cognomento

2127 3523 2402 3595 Baptista:
2433 3522 2885 3579 illatam.‘Hunc
2916 3524 3075 3579 enim
3116 3525 3315 3580 necari
3359 3525 3619 3581 Herodes
3641 3526 3777 3598 jus-

2127 3617 2305 3681 serat,
2338 3611 2526 3667 virum
2558 3611 2782 3667 bonum
2814 3616 2872 3666 et
2891 3610 3125 3668 Iudaeos
3155 3613 3229 3668 ad
3262 3613 3524 3669 studium
3543 3614 3779 3670 virtutis

2126 3700 2998 3777 exhortantem,justitiamque
3018 3701 3078 3757 in
3103 3701 3233 3757 vitae
3265 3703 3415 3761 845
3444 3704 3780 3760 communis

2124 3807 2236 3847 usu
2254 3797 2313 3846 et
2342 3790 2415 3847 ad
2439 3790 2718 3863 pietatem
2735 3792 2855 3847 Deo
2879 3791 3278 3863 praestandam
3303 3792 3784 3865 intelligendum-

2125 3897 2239 3953 que
2279 3880 2663 3954 baptismum.
2725 3882 2980 3936 Rursum
3030 3880 3102 3935 de
3130 3881 3364 3937 Christo
3418 3880 3576 3937 idem
3608 3882 3777 3937 haec:

2125 3990 2153 4019 ‹‹
2187 3969 2317 4024 Fuit
2365 3985 2435 4024 eo
2466 3974 2734 4041 tempore
2765 3968 2954 4033 Jesus,
3007 3968 3092 4023 vir
3123 3971 3381 4041 sapiens,
3435 3971 3483 4025 si
3531 3970 3775 4043 quidem

2123 4074 2261 4115 eum
2291 4058 2481 4113 virum
2512 4058 2965 4130 appellarelicet
2992 4075 3005 4126 ;
3037 4074 3177 4113 nam
3209 4065 3267 4114 et
3298 4058 3593 4115 mirabilia
3623 4058 3777 4115 facta

2121 4147 2262 4203 fecit
2293 4152 2352 4203 et
2380 4147 2657 4202 homines
2687 4146 2890 4202 docuit
2919 4148 3223 4203 veritatem
3257 4147 3514 4203 libenter
3538 4148 3773 4220 ample-

2122 4241 2371 4306 ctentes,
2404 4235 2743 4306 multosque
2775 4235 2954 4290 etiam
2978 4235 3049 4290 de
3074 4236 3288 4291 Grtecis
3320 4235 3644 4307 discipulos
3668 4237 3775 4291 ha-

2122 4327 2269 4382 buit.
2302 4328 2471 4393 Eum,
2531 4342 2665 4381 cum
2699 4330 2856 4381 esset
2904 4343 2939 4382 a
2976 4326 3165 4381 Pilato
3198 4326 3261 4382 in
3308 4342 3546 4381 crucem
3585 4332 3774 4397 actus,

2122 4416 2444 4490 prmdicare
2459 4432 2578 4471 non
2592 4414 2947 4472 destiterunt
2961 4415 3104 4471 disci
3113 4416 3366 4488 puli,qui
3382 4415 3567 4471 semel
3581 4416 3780 4488 ipsum

2123 4505 2476 4561 dilexerant.
2510 4504 2704 4559 Tertia
2735 4504 2895 4560 enim
2928 4504 3001 4560 ab
3032 4504 3198 4560 obitu
3224 4521 3331 4560 suo
3362 4504 3459 4559 die
3483 4504 3781 4561 redivivus

2126 4595 2213 4650 eis
2242 4594 2537 4667 apparuit,
2562 4610 2697 4649 cum
2737 4594 2979 4665 quidem
3007 4593 3190 4649 divini
3228 4600 3388 4650 vates
3421 4594 3549 4650 haac
3579 4599 3639 4649 et
3666 4594 3783 4653 alia

2127 4685 2199 4741 de
2232 4701 2301 4740 eo
2363 4683 2716 4739 miraculosa
2759 4684 2888 4755 jam
2945 4688 3081 4739 ante
3132 4684 3329 4740 testati
3380 4701 3447 4739 ac
3478 4684 3781 4741 vaticinati

2125 4776 2397 4832 fuissent.
2434 4796 2461 4825 »
2496 4774 2692 4830 Voluit
2720 4774 2984 4829 Tiberius
3016 4774 3431 4830 miraculorum
3465 4791 3500 4831 a
3548 4774 3780 4831 Christo

2126 4867 2425 4923 editorum
2454 4865 2613 4922 fama
2643 4866 2932 4922 excitatus
2986 4865 3368 4938 imperatorio
3414 4866 3608 4922 edicto
3640 4882 3777 4922 eum

1558 4961 1923 5022 XYLANDRI
1963 4966 2050 5022 ET
2089 4964 2307 5024 GOARI
2346 4965 2570 5020 NOTAE.

422 5061 536 5134 (38)
569 5061 757 5117 Locus
780 5059 876 5134 hic
918 5058 1185 5134 lubricus
1226 5064 1353 5134 est.
1415 5060 1765 5132 Quanquam
1817 5061 1891 5117 de
1947 5078 2012 5119 re

346 5141 475 5192 tota
504 5130 680 5207 longe
730 5132 951 5207 rectius
1007 5131 1149 5207 alibi
1208 5130 1563 5207 disputetur.
1596 5130 1758 5207 Nota)
1782 5134 2009 5207 quibus

348 5206 537 5286 (ἓξ-ωρὶ
561 5202 710 5260 ιιῖιιη
719 5210 820 5286 tur
826 5204 888 5258 in
903 5204 1170 5286 numeris
1182 5202 1716 5286 signandispartim
1739 5202 2007 5286 obscura

346 5278 663 5351 plerisque,
687 5280 848 5351 sunt,
872 5276 1086 5351 partim
1109 5275 1772 5351 ineptorum‘librorum
1804 5277 2011 5351 depra-

348 5345 576 5406 vationi
606 5348 786 5424 nimis
815 5345 996 5424 quam
1027 5345 1287 5402 obnoxii.
1333 5348 1419 5409 xe’
1461 5345 1498 5424 ιι
1548 5353 1639 5403 est
1666 5347 1866 5420 viginti
1882 5345 2008 5405 hoc

348 5438 483 5502 vein
515 5436 652 5476 cum
684 5418 957 5502 dimidio,
1005 5435 1161 5502 xxix.
1196 5435 1242 5473 s.
1279 5424 1337 5502 et
1353 5425 1403 5502 AA
1436 5418 1678 5502 necesse
1704 5418 1902 5502 ‘estAex
1947 5437 2009 5502 re

347 5496 482 5577 ipsa
509 5498 575 5547 ut
604 5491 997 5575 quadrantem
1038 5489 1323 5574 designet.
1352 5490 1467 5573 _Sed
1497 5490 1759 5562 profecto
1791 5493 1825 5546 8
1855 5491 2009 5547 mul-

347 5565 619 5637 trplicata
647 5579 711 5618 in
746 5566 804 5617 11
844 5562 939 5636 1ί4
965 5564 1034 5618 90
1064 5561 1192 5637 dies
1221 5561 1508 5637 efficiunt,
1542 5562 1699 5637 quod
1738 5568 1828 5618 est
1856 5562 2016 5619 ultra

351 5632 475 5695 tres
504 5635 748 5692 lunares
779 5632 1017 5689 menses
1042 5632 1249 5707 adhuc
1267 5633 1501 5689 dierum
1533 5632 1591 5689 11
1631 5633 1726 5707 1/2
1755 5639 2011 5706 tempus.

353 5708 593 5780 Alioqui
625 5710 885 5780 constat_
906 5721 1177 5761 mensem
1235 5705 1514 5780 lunarem;
1541 5705 1757 5780 ξοην,
1789 5705 2016 5780 annum

348 5776 628 5838 lunarem
648 5780 778 5849 354,
801 5777 1057 5834 solarem
1078 5792 1305 5834 annum
1330 5778 1555 5853 3651/4
1580 5776 1812 5836 dierum
1833 5777 2018 5836 fuisse

2122 5063 2227 5120 illo
2258 5068 2527 5134 tempore
2556 5062 2631 5119 ad
2670 5061 2830 5135 quod
2855 5062 2982 5119 haec
3014 5064 3392 5128 referuntur;
3425 5068 3512 5135 ut_
3535 5061 3786 5133 prmcisa

2122 5136 2274 5192 ratio
2309 5131 2407 5190 hic
2436 5134 2584 5190 inita
2606 5131 2981 5206 nequaquam
3008 5136 3189 5191 videri
3214 5135 3420 5206 possit.
3451 5131 3517 5206 id
3536 5131 3782 5188 moneno

2122 5152 2274 5192 ratio
2309 5152 2407 5190 mc
2436 5152 2584 5190 inita
2606 5152 2981 5206 nequaquam
3008 5152 3189 5191 \‘ldel‘l
3255 5152 3420 5189 ossu.
3453 5152 3517 5187 ia
3540 5152 3781 5188 monen-

2116 5208 2259 5264 dum
2291 5206 2452 5271 duxi,
2485 5223 2560 5262 ne
2604 5208 2737 5277 quis
2771 5223 2867 5261 me
2919 5206 3148 5278 aliquid
3197 5152 3573 5260 dissimulare
3607 5209 3781 5278 puta-

2115 5286 2247 5335 ret:
2282 5295 2419 5334 nam
2473 5285 2532 5333 et
2558 5276 2771 5334 caitera
2820 5276 3170 5350 hujus'loci
3205 5294 3325 5332 non
3384 5281 3525 5331 sunt
3573 5276 3778 5331 omnia

2116 5352 2368 5421 integra.
2401 5351 2539 5404 XvL.

2188 5418 2299 5493 (36;
2333 5423 2412 5477 De
2468 5421 2775 5493 Thrasyllo
2823 5422 3057 5476 Tacitus
3090 5420 3129 5475 ι.
3162 5438 3191 5473 v
3226 5424 3284 5493 et
3331 5419 3436 5493 Dio
3495 5423 3701 5474 noster
3731 5418 3775 5474 l.

2117 5510 2203 5566 ιγ.
2232 5490 2609 5566 κλιμακτῆρες
2643 5490 2743 5564 qui
2785 5492 2907 5566 sint
2954 5498 3056 5547 aut
3085 5490 3437 5566 qui_Latine
3467 5496 3775 5566 vocentur,

2119 5565 2222 5621 alii
2254 5556 2698 5637 explanandum
2732 5564 3008 5637 relinquo
3058 5556 3324 5637 Plinium
3351 5579 3456 5635 ego
3508 5556 3776 5637 imitatus

2119 5653 2298 5709 quem
2327 5635 2457 5692 vide
2511 5636 2550 5693 l.
2582 5652 2656 5689 vn
2705 5653 2757 5691 c.
2805 5636 2896 5706 49)
2947 5641 3006 5689 et
3055 5635 3390 5699 historiam,
3441 5635 3777 5709 exprimere

2117 5715 2368 5766 conatus
2400 5725 2551 5765 sum.
2587 5709 2725 5772 XVL,
