4154 6412
1763 387 2079 451 αεοιιοιι
2123 388 2468 454 CEDRENI

3711 391 3835 452 384

404 524 562 580 inter
590 523 733 581 deos
761 523 1008 593 referre,
1066 523 1171 580 sed
1201 539 1234 581 a
1278 528 1487 582 senatu
1543 523 1868 597 impeditus
1923 522 2053 581 fuit.

2175 517 2487 599 ὑΤιϐἐριος
2546 523 2780 587 ἀκούσας
2835 521 2903 579 τά
2958 520 3086 597 περὶ
3142 525 3241 577 τοῦ
3297 522 3532 595 Χριστοῦ
3579 521 3833 596 θαύματα

408 617 632 670 Auctor
658 613 969 670 Eusebius.

479 879 701 936 Eodem
733 879 965 935 Tiberio
1010 881 1362 951 imperante,
1398 880 1460 935 in
1491 880 1691 937 locum
1740 879 2062 953 proditoris

412 968 766 1042 subrogatur
793 969 865 1025 ab
897 970 1182 1041 apostolis
1212 970 1503 1026 Matthiae.
1553 971 1580 1026 J
1590 970 1734 1026 udas
1764 987 1900 1026 cum
1932 986 2062 1026 sese

412 1059 731 1129 suspendio
779 1059 1095 1125 affecisset,
1142 1059 1408 1131 quotidie
1466 1059 1541 1115 ad
1589 1058 2063 1131 resipiscentiam

410 1146 860 1202 exhortantibus
891 1147 1176 1219 apostolis
1209 1165 1329 1203 non
1379 1148 1825 1219 obtemperans,
1855 1152 1923 1203 ut
1950 1148 2065 1203 Do-

406 1236 640 1291 minum
672 1236 818 1292 ccelo
851 1235 1105 1291 subiisse
1153 1236 1398 1302 audivit,
1450 1236 1609 1292 illico
1642 1236 1725 1291 ita
1772 1236 2064 1292 intumuit

407 1330 474 1381 ut
502 1325 736 1381 medius
785 1342 1037 1397 crepans
1067 1326 1331 1397 perierit.
1382 1326 1491 1391 Qui
1521 1326 1569 1381 si
1600 1325 1739 1382 facti
1769 1326 2062 1398 poeniten-

408 1414 552 1469 tiam
583 1415 820 1487 egisset,
866 1431 1173 1486 nunquam
1224 1414 1488 1486 profecto
1529 1431 1665 1470 eum
1710 1420 2063 1486 aspernatus

406 1504 618 1559 fuisset
648 1505 698 1559 is
730 1504 830 1576 qui
863 1521 1070 1561 omnes
1101 1503 1222 1561 vult
1253 1505 1445 1561 salvos
1479 1505 1626 1562 fieri.

483 1770 749 1827 Tiberius
774 1770 1011 1845 ingenio
1044 1770 1419 1827 truculentus
1449 1771 1561 1828 fuit
1588 1772 1842 1843 vinoque
1886 1771 2064 1828 dedi-

2164 609 2455 687 ἠϐουλήθη
2514 613 2603 672 διὰ
2665 614 2961 692 βασιλικοῦ
3016 615 3191 669 τύπου
3245 614 3602 691 ἀναγορεῦσαι
3660 615 3825 671 αὐτον

2166 704 2319 773 Θεόν,
2355 704 2482 761 ἀλλ’
2532 705 2883 781 ἀντεπράχθη
2940 703 3120 776 τούτῳ
3172 703 3318 780 παρά
3355 706 3456 774 τῆς
3490 704 3830 782 συγκλήτου,

2164 795 2345 859 καθὼς
2376 794 2469 851 οὗν
2498 790 2768 861 Εὐσέϐιος
2797 794 2967 871 λέγει.

2235 886 2359 943 ’Ὁτι
2392 885 2480 940 ἐπὶ
2511 881 2785 961 Τιϐερίου,
2843 884 2981 959 μετά
3027 885 3125 952 τήν
3184 882 3458 959 ἀνάληψιν
3490 885 3588 940 τοῦ
3620 883 3827 959 Κυρίου

2165 975 2258 1029 καὶ
2287 979 2421 1031 Θεοῦ
2454 976 2638 1049 ἡμῶν,
2666 974 2950 1051 ἐκλέγεται
3009 974 3111 1029 ὑπὸ
3150 978 3259 1029 τῶν
3309 971 3635 1030 ἀποστόλων
3664 980 3829 1030 Ματ-

2167 1062 2285 1127 θίας
2343 1064 2460 1119 ἀντὶ
2518 1064 2615 1119 τοῦ
2675 1061 2972 1139 προδότου.
3027 1068 3212 1124 Ὅστις
3273 1059 3483 1123 Ἰούδας
3542 1063 3681 1136 μετά
3728 1063 3831 1132 τήν

2167 1153 2436 1233 ἀγχόνην,
2494 1155 2616 1218 καθ’
2673 1154 2903 1223 ἑκάστην
2976 1151 3186 1228 ἡμέραν
3245 1150 3348 1206 ὑπὸ
3422 1155 3531 1206 τῶν
3587 1151 3833 1207 ἀποστάν

2167 1242 2281 1299 λων
2337 1246 2427 1317 [Ρ.
2495 1244 2617 1316 197]
2675 1240 3164 1317 παρακαλούμενος
3240 1241 3331 1295 καὶ
3405 1240 3831 1313 νουθετούμενος

2167 1332 2304 1407 πρὸς
2367 1331 2650 1406 μετάνοιαν
2707 1329 2908 1397 ἐλθεῖν,
2953 1330 3042 1385 καὶ
3109 1329 3184 1402 μὴ
3239 1331 3500 1397 πεισθεις,
3561 1327 3679 1384 ἐπεὶ
3711 1328 3833 1383 ἀνε-

2170 1422 2354 1498 λήφθη
2423 1424 2451 1476 6
2512 1420 2769 1495 Χριστὸς,
2852 1420 2927 1482 ὡς
3009 1417 3262 1488 ἤκουσεν,
3332 1416 3493 1481 εὐθὺς
3568 1416 3832 1494 ὁγκωθεὶς

2167 1508 2405 1581 ἐλάκησε
2463 1508 2623 1582 μὲσος
2678 1511 2771 1564 καὶ
2826 1506 3105 1565 ἀπώλετο.
3160 1506 3221 1564 Εἴ
3280 1506 3386 1581 γὰρ
3429 1506 3505 1569 εἷς
3540 1506 3835 1579 μετάνοιαν

2167 1598 2357 1670 ἦλθεν,
2413 1599 2514 1654 οὐκ
2569 1598 2632 1653 ἃν
2688 1596 2849 1654 αὐτὸν
2908 1596 3169 1653 ἀπώσατο
3201 1596 3229 1652 ὁ
3260 1596 3463 1659 πάντας
3514 1595 3688 1652 θὲλων
3720 1617 3834 1651 σω-

2168 1693 2353 1757 θῆναι.
2458 1709 2489 1729 ο

2237 1771 2489 1851 Τιϐέριος
2519 1774 2577 1832 δὲ
2604 1780 2685 1849 τῷ
2740 1774 2929 1851 τρόπῳ
2982 1775 3074 1830 καὶ
3130 1778 3199 1849 τῇ
3256 1774 3457 1849 γνώμῃ
3505 1773 3723 1844 ἀπηνὴς
3759 1776 3828 1844 ἧν

410 1864 543 1915 tus:
578 1860 712 1916 ideo
744 1876 779 1915 a
819 1860 1101 1917 Romanis
1131 1861 1286 1917 846
1317 1861 1584 1917 Biberius
1632 1861 2057 1918 denominaba-

2175 1866 2259 1922 καὶ
2290 1863 2444 1922 οἴνου
2475 1864 2734 1923 ἐλάττων.
2787 1863 2879 1920 Διὸ
2928 1863 3017 1920 καὶ
3070 1858 3440 1938 Ἐμπεϐἀριον
3488 1863 3650 1918 αὐτὸν
3691 1864 3834 1920 Ῥω-

409 1956 526 2007 tur.
590 1951 904 2007 Suﬂ‘ocavit
952 1968 1088 2007 eum
1146 1951 1321 2007 Caius
1368 1951 1551 2007 fratre
1617 1950 1804 2024 ipsius
1863 1957 2060 2022 natus,

410 2041 720 2114 mgrotanti
745 2040 994 2097 multam
1027 2040 1084 2095 in
1087 2040 1305 2112 jiciens
1334 2045 1579 2098 vestem.

484 2223 546 2278 C.
575 2220 836 2293 Caligula
865 2219 1077 2275 exinde
1109 2220 1376 2293 regnavit
1412 2235 1602 2275 annos
1632 2223 1686 2287 7,
1717 2220 1895 2276 homo
1928 2224 2063 2278 stu-

412 2311 536 2385 pris
568 2328 748 2383 supra
777 2310 1020 2365 modum
1043 2309 1298 2365 deditus.
1320 2309 1374 2364 Is
1406 2309 1466 2364 in
1490 2309 1684 2365 forum
1716 2325 2065 2383 progressus

408 2418 543 2458 cum
576 2416 809 2457 casuum
841 2399 1269 2471 conspexisset,
1303 2415 1372 2454 eo
1402 2397 1612 2454 accivit
1639 2399 1901 2454 Flavium
1926 2399 2067 2455 Ves-

407 2491 721 2564 pasianum
754 2495 894 2545 tunc
921 2488 1177 2556 aedilem,
1221 2487 1326 2543 sed
1353 2490 1454 2559 qui
1502 2492 1709 2560 postea
1739 2488 2066 2560 imperator

409 2586 499 2635 est
529 2579 759 2645 factus;
810 2577 1015 2649 inique
1067 2578 1219 2650 ejus,
1272 2582 1338 2632 ut
1368 2593 1495 2633 rem
1544 2575 1842 2649 publicam
1874 2577 2064 2651 negli-

402 2670 614 2743 gentis,
647 2672 870 2724 vestem
901 2683 1135 2723 cmnum
1176 2666 1392 2739 conjici
1416 2666 1618 2739 jussit.
1652 2669 1733 2722 Eo
1786 2667 2062 2740 designa-

400 2759 576 2815 batur
622 2774 758 2814 eum
806 2774 933 2812 rem
979 2756 1279 2828 publicam
1328 2756 1740 2814 conturbatam
1788 2762 2060 2831 receptu-

397 2865 555 2906 rum.
627 2847 910 2920 Ejusdem
988 2845 1262 2918 Caligulm
1333 2846 1587 2918 imperio
1647 2846 1903 2919 Agrippa
1959 2863 2062 2902 rex

408 2936 622 2993 Iudam
655 2941 713 2991 et
741 2935 944 2990 Simon
994 2936 1191 3007 Magus
1250 2934 1625 3006 baptizantur
1678 2952 1714 2991 a
1761 2936 2059 3009 Philippo,

410 3027 513 3098 qui
538 3024 652 3081 fuit
678 3041 835 3080 unus
868 3023 939 3080 de
972 3028 1199 3095 septem
1231 3022 1519 3081 diaconis.

481 3113 801 3188 Caligulam
855 3111 1139 3169 Claudius
1197 3118 1390 3168 necat.
1452 3112 1570 3168 Sub
1601 3112 1711 3169 hoc
1752 3114 2061 3172 Cornelius

2173 1960 2331 2031 μαῖοι
2364 1955 2618 2024 ἐκάλουν,
2663 1954 2694 2011 6'
2752 1954 3007 2029 σημαίνει
3059 1954 3187 2029 παρ’
3246 1953 3435 2015 αὐτοῖς
3464 1952 3558 2008 τὸν
3590 1951 3832 2011 Οἰνοπό-

2166 2066 2286 2116 την.
2319 2048 2523 2103 Τοῦτον
2581 2046 2742 2108 Γάϊος
2802 2045 2830 2099 ὁ
2888 2041 3214 2121 ἀδελφιδοῦς
3264 2040 3318 2099 ἐν
3376 2045 3452 2117 τῇ
3482 2042 3626 2115 νόσῳ
3655 2043 3831 2098 αὐτοῦ

2168 2134 2364 2209 ἱμάτια
2395 2132 2582 2190 πολλά
2609 2133 2846 2208 περιθεὶς
2876 2131 3184 2203 ἀπέπνιξεν.

2241 2222 2544 2299 Ἐκράτησε
2591 2219 2650 2278 δὲ
2706 2222 2867 2286 Γάϊος
2922 2219 3160 2283 Ἰούλιος
3192 2224 3401 2296 Καῖσαρ
3433 2218 3527 2287 ἔτη
3556 2226 3616 2291 ζ’.
3650 2220 3828 2283 Οὗτος

2167 2314 2236 2383 ἦν
2272 2312 2682 2392 μοιχικώτατος
2720 2311 2882 2367 πάνυ·
2944 2310 3003 2374 ὅς
3072 2311 3298 2386 περιιών
3333 2331 3468 2366 ποτε
3493 2311 3593 2380 τὴν
3623 2311 3829 2386 ἀγορὰν

2167 2409 2259 2456 καί
2291 2397 2421 2456 ἲδὼν
2454 2399 2633 2470 πηλὸν
2667 2398 2719 2454 ἐν
2776 2403 2845 2474 τῇ
2904 2397 3017 2472 ὁδῷ
3074 2400 3245 2474 ἤγαγε
3302 2394 3550 2455 Φλάϐίον
3582 2399 3834 2455 Πύεσπα-

2170 2490 2372 2559 σιανόν,
2432 2488 2783 2565 ἀγορανόμον
2838 2489 2961 2544 τότε
3030 2487 3180 2559 ὄντα,
3256 2488 3348 2545 τὸν
3446 2489 3583 2562 μετά
3660 2493 3833 2545 ταῦτα

2170 2579 2589 2657 βασιλεύσαντα,
2646 2577 2736 2635 καὶ
2796 2577 2870 2640 ὡς
2941 2577 3254 2652 ἀμελοῦντα
3310 2582 3418 2633 τῶν
3474 2582 3676 2633 κοινῶν
3732 2579 3827 2634 τὸν

2165 2667 2346 2741 πηλὸν
2401 2668 2479 2731 εἷς
2536 2670 2637 2739 τήν
2724 2666 2924 2738 ἐσθῆτα
3007 2667 3275 2743 βληθῆναι
3335 2666 3630 2724 ἐκέλευσεν·
3692 2667 3827 2744 ὅπερ

2167 2758 2409 2833 ἐσήμανε
2456 2758 2523 2813 τὰ
2578 2758 2738 2813 κοινὰ
2810 2755 3186 2833 τεταραγμένα
3270 2755 3429 2811 αὐτὸν
3494 2755 3822 2832 παραλήψε-

2167 2851 2309 2919 σθαι,
2341 2846 2463 2905 Ἐπὶ
2495 2844 2554 2903 δὶ
2580 2853 2683 2918 τῆς
2711 2850 2807 2901 τοῦ
2861 2844 3026 2902 αὐτοῦ
3082 2845 3246 2901 Γαΐου
3282 2844 3563 2922 βασιλείας
3594 2845 3821 2921 Ἀγρίπ-

2165 2959 2269 3000 πας
2329 2934 2584 3013 βασιλεὺς
2640 2938 2741 3001 τῆς
2813 2932 3077 2997 Ἰουδαίας
3138 2934 3230 2990 καὶ
3299 2936 3488 3009 Σίμων
3545 2937 3573 2991 ὁ
3630 2935 3810 3012 Μάγος

2169 3026 2486 3104 βαπτίζεται
2510 3026 2612 3081 ὑπὸ
2644 3023 2952 3094 Φιλίππου,
2986 3024 3100 3086 ἐνὸς
3120 3029 3227 3079 τῶν
3264 3022 3396 3079 ἐπτὰ
3430 3021 3714 3080 διάκόνων.

2236 3118 2401 3180 Γάϊος
2456 3115 2515 3172 δὲ
2567 3116 2670 3172 ὑπὸ
2729 3113 3013 3173 Κλαυδίου
3099 3115 3378 3194 σφάζεται.
3450 3116 3569 3171 Ἐπὶ
3628 3114 3829 3171 τούτου

404 3206 629 3279 primus
661 3203 929 3261 omnium
961 3202 1032 3259 de
1055 3202 1330 3276 gentibus
1359 3201 1689 3275 baptizatur
1716 3220 1751 3259 a
1771 3204 1967 3274 Petro,
2000 3214 2057 3264 et

404 3294 1090 3317 n-__l-_-:__1_--...-..t--...
1114 3291 2052 3317 -I--s:-..:-FL_:-s:_-s-t_-s:-__

2175 3205 2480 3283 Κορνήλιος
2512 3210 2733 3282 πρῶτος
2784 3204 2834 3275 ἐξ
2894 3203 3056 3270 ἐθνῶν
3110 3204 3428 3281 βαπτίζεται
3462 3204 3566 3259 ὑπὸ
3596 3204 3831 3279 Πέτρου,

2242 3297 2257 3317 \
2312 3301 2357 3317 π
2388 3293 2455 3317 νανἿ
2484 3316 2491 3317 ,
2654 3294 2667 3317 ὶ
2740 3296 2832 3317 7*-
2895 3291 2911 3317 2
2939 3291 3131 3317 .Ἱ-..ε-
3179 3297 3363 3317 -.--9--
3440 3291 3507 3317 9]
3550 3290 3794 3317 3.---.μἹΙ

396 3295 615 3351 Paulus
631 3294 1095 3349 instrumentum
1110 3291 1417 3348 electionis
1431 3291 1645 3347 Christi
1660 3292 2056 3364 patefactione

403 3386 706 3459 apostolus
728 3385 1095 3458 designatur.
1128 3383 1447 3455 Imperavit
1469 3382 1750 3439 Claudius
1778 3399 1969 3439 annos
1995 3387 2058 3440 t3

397 3492 638 3533 menses
668 3478 719 3530 9.
754 3476 809 3530 Is
836 3474 984 3530 adeo
1006 3473 1120 3528 fuit
1149 3471 1534 3529 meticulosus
1565 3477 1632 3528 ut
1652 3489 1861 3529 omnes
1893 3472 1968 3529 ad
1999 3490 2062 3529 se

399 3566 753 3624 accedentes
774 3565 967 3621 excuti
1002 3562 1265 3635 juberat,
1300 3578 1378 3618 ne
1408 3563 1542 3634 quis
1574 3563 1727 3619 forte
1756 3564 1940 3620 sicam
1962 3580 2061 3637 ge-

397 3661 602 3713 staret.
639 3657 830 3725 Atque
855 3655 916 3708 in
940 3650 1226 3709 conviviis
1267 3657 1494 3708 armato
1535 3652 1814 3710 utebatur
1852 3655 2059 3726 praesi-

400 3748 532 3804 dio:
596 3746 758 3818 quod
787 3746 860 3801 ab
893 3762 961 3802 eo
989 3750 1247 3817 coeptum
1296 3743 1515 3817 reliqui
1549 3745 1729 3801 etiam
1778 3746 2059 3818 deiuceps

396 3841 839 3909 usurpaverunt
877 3835 1289 3907 imperatores.
1324 3836 1404 3888 Eo
1453 3834 1783 3907 imperante
1814 3834 2061 3907 Apollo-

401 3928 539 3984 nius
570 3927 702 3994 fuit,
762 3925 955 3997 patria
994 3927 1285 3997 Tyaneus,
1333 3923 1720 3997 philosOphus
1767 3925 2059 3999 Pythago-

402 4033 562 4084 reus,
618 4015 720 4088 qui
778 4013 1023 4087 magicis
1081 4018 1258 4068 notus
1326 4013 1481 4070 mira
1529 4015 1868 4085 praestabat.
1912 4015 2058 4071 Cum

404 4106 565 4164 enim
616 4104 959 4177 Byzantium
1002 4103 1303 4175 profectus
1334 4103 1407 4158 ab
1459 4104 1675 4160 incolis
1730 4110 2057 4178 rogaretur,

404 4197 525 4253 suis
559 4195 797 4268 magicis
853 4193 1081 4250 artibus
1140 4193 1336 4249 effecit
1363 4210 1438 4249 ne
1499 4198 1803 4266 serpentes
1835 4211 1903 4250 eo
1956 4199 2060 4252 aut

399 4286 617 4359 scorpii
648 4284 1028 4352 accederent,
1071 4298 1215 4338 neve
1263 4282 1508 4349 culices,
1545 4300 1621 4338 ne
1653 4283 1792 4354 equi
1840 4283 2057 4339 feroci-

397 4383 551 4445 rent,
584 4393 730 4432 neve
761 4375 846 4431 illi
897 4374 993 4429 vel
1049 4379 1256 4430 mutuo
1287 4374 1377 4430 vel
1434 4375 1582 4431 841
1622 4375 1684 4430 in
1732 4374 1883 4431 alios
1921 4376 2055 4431 ani-

397 4472 630 4523 mantes
646 4465 809 4521 rabie
832 4464 1125 4519 smvirent.
1144 4464 1360 4535 Lycum
1384 4480 1621 4536 quoque
1638 4480 1877 4520 amnem
1899 4482 2057 4521 com-

396 4556 647 4628 pescuit,
681 4572 756 4610 ne
783 4553 906 4609 suis
939 4551 1441 4609 exundationibus
1471 4553 1742 4625 Byzantio
1789 4559 2051 4610 noceret.

2170 3297 2260 3353 καὶ
2311 3293 2556 3365 Παῦλος,
2614 3294 2677 3350 τὸ
2733 3296 2833 3363 τῆς
2891 3291 3131 3369 ἐκλογῆς
3173 3297 3386 3364 σκεῦος,
3438 3291 3507 3348 δι’
3543 3290 3836 3348 ἀποκαλύ-

2169 3388 2315 3461 ψεως
2346 3385 2527 3455 Ἰησοῦ
2581 3386 2820 3459 Χριστοῦ
2872 3380 3181 3443 ἀπόστολος
3212 3377 3609 3440 ἀναδείκνυται.
3642 3379 3840 3438 Κλαύ-

2170 3472 2286 3537 διος
2318 3469 2661 3531 ἐϐασίλευσεν
2720 3469 2814 3543 ἔτη
2881 3472 2970 3549 ιγ’,
3033 3472 3203 3545 μῆνας
3235 3472 3298 3529 θ’.
3332 3471 3504 3534 Οὗτος
3533 3468 3715 3533 δειλὸς
3749 3468 3825 3525 ὢν

2168 3562 2373 3628 πάντας
2399 3561 2528 3627 τοὺς
2556 3561 2882 3637 προσιόντας
2940 3560 3086 3635 αὐτῷ
3146 3558 3319 3616 ἐποίει
3370 3559 3708 3636 ἐρευνᾶσθαι,
3745 3561 3825 3635 μή

2166 3675 2220 3711 τι
2250 3650 2483 3733 ξιφίδιον
2513 3646 2707 3728 ἔχωσι.
2741 3651 2844 3709 Καὶ
2899 3649 2951 3706 ἐν
3011 3655 3130 3714 τοῖς
3179 3649 3506 3722 συμποσίοις
3538 3649 3828 3722 ὡπλισμέο

2166 3764 2250 3800 νοι
2307 3743 2382 3806 εἰς
2440 3740 2689 3821 φυλακὴν
2767 3742 3221 3818 παρειστήκεισαν
3279 3738 3450 3812 αὐτῷ’
3510 3737 3562 3810 ἐξ
3610 3739 3675 3794 οὗ
3732 3738 3829 3793 καὶ

2169 3834 2244 3896 είς
2300 3833 2428 3896 τοὺς
2485 3830 2716 3893 λοιποὺς
2779 3827 3024 3907 βασιλεῖς
3088 3826 3292 3884 εἴθιστο
3344 3826 3584 3903 γίνεσθαι
3636 3831 3825 3883 τοῦτο.

2168 3924 2293 3983 Ἐπὶ
2321 3923 2516 3979 τούτου
2545 3920 2636 3978 καὶ
2686 3916 3072 3980 ’Δπολλώνιος
3129 3918 3158 3973 6
3213 3916 3446 3980 Τυανεὺς
3477 3918 3565 3990 ἦν,
3596 3915 3831 3997 φιλόσο-

2166 4035 2266 4095 φος
2326 4011 2722 4088 Πυθαγόρειος,
2796 4007 3293 4095 στοιχειωματικός
3355 4008 3486 4082 (40).
3546 4006 3720 4095 Οὗτος
3774 4004 3830 4060 ἐν

2167 4093 2445 4174 Βυζαντίῳ
2501 4100 2699 4171 ἐλθὼν,
2770 4093 3147 4173 παρακληθεὶς
3208 4097 3311 4151 ὑπὸ
3367 4101 3476 4150 τῶν
3538 4093 3828 4167 ἐντοπίων,

2167 4192 2549 4272 ἐστοιχείωσεν
2586 4187 2736 4267 ὅφείς
2797 4190 2893 4260 μὲν
2950 4186 3040 4242 καὶ
3099 4184 3394 4261 σκορπίους
3423 4186 3500 4258 μὴ
3533 4182 3828 4255 πλήσσειν,

2170 4282 2314 4362 μηδὲ
2335 4282 2607 4342 κώνωπας
2654 4282 2927 4354 παρεῖναι,
2980 4274 3190 4338 ἵππους
3254 4277 3332 4348 μή
3390 4279 3834 4352 κατωφρυῶσθαι

2170 4395 2312 4451 μητε
2369 4373 2478 4446 μὴν
2532 4366 2900 4445 ἀγριαίνεσθαι
2958 4366 3076 4422 καθ’
3138 4363 3403 4436 ἀλλήλων
3454 4365 3490 4436 ἢ
3546 4364 3634 4420 καὶ
3695 4362 3836 4419 κατά

2165 4484 2331 4527 τινος.
2364 4460 2469 4519 Καὶ
2494 4459 2675 4515 Λύκον
2729 4454 2787 4512 δὶ
2839 4456 2930 4512 τὸν
2987 4455 3234 4529 ποταμὸν
3266 4453 3648 4530 ἐστοιχείωσεν
3678 4451 3820 4510 ὥστε

2170 4555 2247 4630 μὴ
2280 4549 2768 4624 πλημμυρήσαντα
2804 4546 2866 4601 τὸ
2922 4548 3214 4615 Βυζάντιον
3269 4540 3827 4617 καταλυμμήνασθαι.

466 4613 976 4716 Tunc'zEgyptius
1028 4642 1183 4698 latro
1245 4613 1612 4697 sicarios-in
1665 4642 2055 4699 solitudinem

2175 4613 2183 4630 Ι
2234 4613 2724 4714 ἕΓότεΠᾸῙγέδτέτίθς
2780 4613 3026 4711 λ’ίδετττῆσ⁷
3060 4634 3175 4708 (41)
3257 4613 3542 4708 ἐξήγαγεν-
3576 4632 3651 4695 εἰς
3716 4633 3821 4701 τὴν

397 4735 642 4792 eduxit:
694 4751 844 4806 quos
897 4733 1059 4789 Felix
1114 4733 1428 4806 prmfectus
1485 4732 1646 4789 ultus
1678 4739 1787 4789 est.
1834 4734 2056 4790 Eodem

2175 4728 2371 4806 ἔρημον
2401 4727 2533 4790 τοὺς
2561 4726 2860 4800 σικαρίους,
2892 4723 2984 4787 οὕς
3032 4719 3272 4797 μετῆλθε
3303 4720 3482 4796 Φήλιξ
3515 4722 3543 4777 6
3574 4721 3825 4797 ἡγεμών.

399 4832 667 4898 tempore
696 4825 853 4880 inter
875 4826 1124 4880 Theram
1174 4830 1232 4879 et
1260 4824 1603 4880 Therasiam
1652 4823 1850 4880 insula
1880 4831 2057 4881 enata

2175 4819 2456 4897 Σικαρίους
2514 4814 2573 4872 δὲ
2628 4814 2827 4879 αὐτοὺς
2884 4812 3166 4886 ὠνόμασεν
3225 4810 3330 4866 ἀπὸ
3382 4814 3490 4866 τῶν
3534 4808 3828 4886 σικαρίων,

400 4924 511 4987 est,
526 4897 869 4974 stadiorum
900 4918 988 4973 39.

2175 4907 2339 4968 ὶέστι
2403 4903 2674 4981 μαχαίρια
2734 4902 2925 4978 μικρά,
2976 4900 3011 4956 ’ἀ
3068 4897 3395 4987 ἐπεφέροντο
3439 4902 3618 4987 κρυφῇ
3654 4897 3731 4960 εἰς
3762 4899 3827 4953 τὸ

395 5003 678 5082 λαθραίως
707 5003 835 5069 τοὺς
869 5002 1393 5083 παρατυγχάνοντας
1430 5001 1717 5074 πλήττειν.
1749 5005 1885 5060 Καθ’
1916 5003 1974 5059 ὅν
2006 5000 2194 5079 καιρὸν
2229 4994 2426 5073 μεταξὺ
2480 4995 2661 5070 Θήρας
2713 4994 2823 5067 (42)
2861 4989 2953 5046 καὶ
3003 4986 3278 5064 Θηρασίας
3315 4994 3483 5058 νῆσος
3511 4986 3823 5066 ἀνεφυσήθη

391 5094 587 5153 στάδια
619 5095 687 5155 λ’.

1601 5195 1961 5253 XYLANDRI
1999 5197 2085 5251 ET
2124 5190 2340 5250 GOABI
2375 5188 2601 5244 NOTE.

2160 5318 2319 5374 tiaris
2339 5334 2359 5380 ;
2382 5313 2457 5370 de
2487 5328 2604 5384 quo
2637 5309 2753 5385 alio
2778 5307 3139 5385 loco._Go.\_n.
3235 5374 3246 5385 .

2225 5377 2348 5459 (41)’
2376 5377 2635 5459 Vide-tun
2675 5382 2748 5437 de
2786 5397 2882 5459 _e_o_
2935 5377 3325 5459 loquiucujus
3383 5377 3597 5459 Aetne:
3631 5392 3729 5430 xxx
3762 5377 3829 5459 fit

2155 5445 2402 5517 mentio.
2428 5460 2498 5513 Et
2516 5473 2585 5514 ex
2608 5451 2847 5525 Iosephi
2868 5451 2906 5506 l.
2936 5445 3159 5525 "£0.23
3179 5445 3505 5525 de_e_xcid_io
3530 5446 3821 5525 liierosol.

2153 5531 2465 5591 historiam
2497 5544 2625 5584 eam
2662 5517 3390 5595 repetuntEusebLHist.
3427 5517 3624 5576 Eccles.
3659 5536 3716 5587 ιι,
3750 5523 3820 5576 20

2154 5610 2215 5661 et
2242 5602 2611 5674 Nicephorus
2632 5592 3050 5674 Xanthopulus
3082 5609 3141 5660 ιι,
3169 5593 3241 5674 26
3297 5592 3436 5674 Χιίτ
3726 5662 3740 5674 ⁸
3773 5662 3785 5674 ⁸

2224 5676 2335 5745 (42)
2372 5662 2511 5729 Vide
2541 5662 3114 5745 annumde'cimum
3164 5662 3381 5745 Leonis
3410 5662 3809 5745 Iconomachi.

2151 5732 2446 5806 Caiterum
2476 5742 2683 5801 scribit
2713 5739 2942 5798 Plinius
2962 5754 3022 5809 ιι,
3046 5738 3138 5808 87,
3160 5735 3318 5792 inter
3338 5732 3621 5807 Cycladas
3652 5750 3812 5792 anno

461 5325 571 5396 (40)
603 5325 712 5391 Qui
755 5323 916 5380 notis
946 5326 1012 5396 et
1055 5319 1452 5396 imagunculis
1501 5320 1746 5396 magicis
1775 5321 2047 5396 aliisque

430 5393 706 5468 riestigiis
766 5393 1126 5451 miraculosa
1164 5393 1479 5468 efficeret:
1515 5393 1914 5468 Apolloniires
1950 5393 2042 5468 :ex

430 5413 706 5468 rmsugus
766 5413 1126 5451 miraculosa
1184 5413 1467 5448 alliceret.
1515 5413 1914 5464 npouonures
1973 5413 2042 5448 ex

388 5413 746 5524 Bhilostrato
779 5472 935 5523 notas
968 5472 1126 5521 sunt.
1162 5464 1323 5520 Infra
1353 5463 1658 5537 deAJannis
1688 5465 2042 5537 patriarcha;

393 5539 701 5610 praestigiis
732 5540 795 5610 in
822 5536 1106 5610 Michaelo
1137 5535 1445 5610 Theophili
1479 5535 1602 5592 ﬁlio
1633 5535 2041 5610 στοιχειωτικοὶ

390 5605 572 5681 λογοί.
608 5614 674 5664 Et
720 5609 980 5665 diximus
1009 5609 1149 5665 alibi
1173 5607 1271 5681 _de
1300 5605 1432 5664 hac
1462 5624 1600 5664 voce
1648 5605 1841 5681 plura.
1895 5611 2039 5681 XYL.

391 5680 626 5737 Genibus
682 5681 1056 5748 familiaribus
1114 5679 1367 5735 addictus
1427 5685 1477 5735 et
1525 5679 1713 5736 eorum
1768 5680 2043 5751 obsequiis

390 5756 569 5805 utens.
602 5753 883 5823 στοιχεῖον
914 5767 1147 5822 quoque
1179 5752 1373 5821 genius
1412 5756 1504 5809 est
1542 5756 1602 5808 et
1629 5752 1841 5811 daemon
1867 5751 2044 5825 fami-
