4154 6410
388 329 506 388 387

1757 317 2076 382 GEORGII
2122 319 2433 383 CEDREN
2444 324 2463 382 l

3693 324 3814 386 388

389 460 849 532 temperantiam
881 462 1059 528 atque
1098 456 1325 512 duriter
1353 456 1597 529 agenda)
1629 456 1760 511 vitm
1793 455 2040 511 institu-

2159 451 2334 508 αὐτῶν
2367 451 2451 509 ὅτι
2485 455 2725 510 Ἐσσαῖοι
2758 451 3016 509 Ἰουδαῖοι
3076 455 3173 527 μὶν
3230 454 3335 510 εἶσι
3380 455 3441 510 τὸ
3470 454 3644 530 γένος,
3678 454 3818 533 φιλ-

392 557 517 607 tum
586 550 996 617 intenderunt,
1031 548 1185 602 sicut
1234 545 1521 617 Josephus
1572 545 1644 602 de
1692 546 1764 600 iis
1813 545 2040 601 scribit.

387 641 568 696 Esszei
602 639 843 694 natione
874 636 1057 693 Judaei
1090 641 1247 692 sunt.
1282 635 1324 689 li
1357 652 1558 690 amore
1590 641 1796 690 mutuo
1829 640 1888 689 et
1908 634 2044 689 reli-

388 731 565 802 gione
586 729 720 784 aliis
750 726 1155 793 antecellunt;
1185 725 1545 796 voluptatem
1577 730 1861 795 tanquam
1884 723 2044 796 ﬂagi-

391 821 538 874 tium
581 823 962 873 aversantur:
998 814 1478 887 temperantiam,
1526 813 1955 869 continentiam
1986 816 2043 867 et

388 910 707 963 affectuum
739 906 1090 961 vacuitatem
1123 905 1353 959 virtutis
1405 904 1533 959 loco
1561 909 1886 959 sectantur.
1922 905 2041 957 Ma-

391 997 669 1052 trimonia
724 995 837 1067 ipsi
894 994 1221 1067 negligant,
1282 993 1511 1049 alienos
1567 999 1767 1049 autem
1824 993 2045 1047 liberos

389 1092 593 1141 tenera
619 1084 811 1140 adhuc
860 1084 1014 1138 349
1057 1088 1227 1138 aetate
1281 1083 1673 1154 suscipientes
1705 1082 1922 1138 docent
1976 1097 2045 1136 ac

387 1193 492 1248 pro
525 1175 647 1230 suis
705 1173 950 1241 habent,
1010 1172 1253 1244 suisque
1287 1189 1387 1227 eos
1439 1172 1706 1228 moribus
1763 1171 2043 1227 formant.

391 1264 704 1336 Legitimas
757 1267 1067 1333 castasque
1101 1262 1339 1333 nuptias
1389 1266 1449 1316 et
1486 1260 1925 1317 successionem
1974 1260 2047 1315 iis

388 1358 773 1426 prOpagatam
805 1351 1080 1423 probant,
1104 1350 1345 1405 vitiosos
1366 1355 1566 1405 autem
1608 1354 1667 1405 et
1685 1350 1803 1404 Deo
1827 1349 2047 1403 invisos

390 1442 745 1499 concubitus
777 1458 843 1496 ac
875 1440 1174 1496 lasciviam
1205 1455 1583 1511 summopere
1602 1438 2045 1494 abominantur.

388 1535 632 1589 Divitias
683 1538 743 1588 et
787 1531 1151 1603 opulentiam
1202 1535 1635 1586 contemnunt:
1668 1529 1819 1585 nihil
1858 1528 2045 1600 possi-

393 1624 533 1679 dere
562 1622 845 1694 gaudent,
879 1620 1037 1691 quod
1066 1620 1125 1675 id
1157 1624 1397 1692 pra-stet
1418 1624 1482 1675 ut
1512 1620 1629 1674 vita
1659 1636 1694 1674 a
1722 1617 1918 1674 studio
1939 1617 2048 1671 vir.

391 1714 535 1768 tutis
559 1727 935 1783 nequaquam
962 1709 1342 1766 abstrahatur
1367 1715 1468 1765 aut
1499 1708 1880 1781 impediatur.
1911 1705 2048 1762 Nul-

2154 541 2399 612 άλληλοι
2428 539 2485 597 δὲ
2535 542 2627 598 καί
2686 548 2793 598 τῶν
2851 540 3043 598 αλλων
3104 538 3357 605 εὐλαϐεῖς
3406 543 3596 611 πλέον,
3630 541 3685 600 οἵ
3715 546 3818 613 τὴν

2156 631 2250 704 μὲν
2282 629 2484 701 ἡδονὴν
2515 631 2589 694 ὡς
2630 632 2819 687 κακίαν
2871 631 3328 712 ἀποστρέφονται,
3362 633 3462 702 τήν
3497 630 3555 688 δὲ
3585 653 3818 708 σωφρο-

2155 720 2319 788 σ5ντ,ν
2356 720 2448 775 καὶ
2479 720 2795 797 ἐγκράτειαν
2852 721 2944 775 καὶ
3001 721 3065 776 τὸ
3127 722 3205 795 μὴ
3262 727 3380 784 τοῖς
3412 722 3633 785 πάθεσιν
3668 722 3817 777 ὐπο-

2152 808 2365 864 πίπτειν
2397 809 2593 883 ἆρετῆν
2649 805 3123 885 ὑπολαμϐάνουσι.
3180 810 3289 866 Καὶ
3344 810 3523 886 γάμος
3555 811 3654 884 μὶν
3682 813 3816 886 παρ’

2155 896 2340 961 αὐτοῖς
2373 899 2720 976 ὑπερορᾶται,
2769 899 2897 963 τοὺς
2955 896 3013 955 δὲ
3068 898 3399 975 ἀλλοτρίους
3432 897 3630 964 παῖδας
3657 903 3816 966 νέους

2154 984 2231 1042 ἔτι
2290 983 2848 1064 προσλαμϐανόμενοι
2902 988 2991 1043 καὶ
3045 986 3387 1052 διδάσκοντες
3430 991 3504 1053 ὡς
3536 995 3813 1067 συγγενεῖς

2152 1079 2414 1152 ἡγοῦνται
2475 1078 2566 1133 καὶ
2618 1083 2737 1141 τοῖς
2810 1075 2997 1148 ἤθεσιν
3071 1079 3275 1134 ἑαυτῶν
3335 1078 3643 1135 ἐντυποῦσι.
3705 1081 3814 1136 Καὶ

2150 1167 2242 1222 τὸν
2306 1167 2403 1240 μὶν
2460 1162 2687 1241 ἔννομον
2745 1166 2836 1223 καὶ
2911 1169 3165 1244 σώφρονα
3219 1168 3398 1244 γάμον
3463 1169 3556 1225 καὶ
3603 1170 3706 1240 τήν
3761 1168 3816 1240 ἐξ

2153 1254 2321 1311 αὐτοῦ
2387 1253 2656 1335 διαδοχὴν
2713 1253 3105 1336 ἀποδέχονται,
3162 1257 3257 1319 τὰς
3307 1255 3366 1313 δὶ
3422 1279 3665 1333 πονηρας
3721 1257 3815 1314 καὶ

2156 1350 2463 1421 θεοστυγεῖς
2499 1346 2669 1418 μίξεις
2718 1347 2809 1402 καὶ
2862 1344 3145 1424 ἀσελγείας
3202 1346 3387 1404 τέλεον
3440 1346 3818 1426 ἀποστρέφον-

2153 1456 2243 1490 ται
2270 1435 2361 1490 καὶ
2416 1430 2854 1492 ἀποϐάλλονται.
2909 1438 3340 1515 Καταφρονεῖται
3372 1435 3430 1492 δὲ
3467 1438 3594 1511 παρ’
3626 1436 3814 1499 αὐτοῖς

2156 1524 2402 1587 πλοῦτος
2457 1526 2548 1581 καὶ
2604 1524 2974 1600 πολυκτησία,
3033 1527 3133 1597 τήν
3191 1524 3249 1582 δὲ
3303 1526 3691 1601 ἆκτημοσύνην
3737 1527 3815 1590 ὡς

2156 1615 2559 1689 ἀπερίσπαστον
2620 1616 2712 1670 καὶ
2800 1615 3048 1691 ἐνάρετον
3117 1615 3471 1687 ἀσπάζονται.
3532 1617 3637 1675 Καὶ
3687 1617 3819 1693 πρῖν

2161 1704 2257 1780 μὶν
2315 1705 2556 1782 ἀνίσχειν
2615 1706 2707 1761 τὸν
2767 1704 2925 1775 ἣλιον
3009 1702 3164 1762 οὐδὸν
3223 1707 3392 1785 ἀργὸν
3468 1708 3814 1785 φθέγγονται,

388 1801 513 1856 lum
545 1801 858 1873 profanum
908 1798 1151 1853 verbum
1200 1802 1337 1854 ante
1388 1796 1530 1852 solis
1574 1800 1768 1851 ortum
1822 1794 2040 1861 edunt;

2157 1794 2470 1886 προσευχὰς
2526 1792 2584 1850 δὲ
2664 1795 2754 1850 καὶ
2841 1792 3173 1870 ψαλμῳδίας
3256 1797 3317 1852 ἐκ
3396 1798 3568 1868 μέσης
3624 1797 3818 1861 νυκτὸς

386 1907 595 1962 preces
627 1895 826 1945 autem
849 1893 907 1943 et
926 1887 1291 1960 psalmorum
1313 1892 1555 1943 cantum
1577 1902 1612 1942 a
1642 1885 1841 1941 media
1863 1889 2037 1939 nocte

383 1979 455 2035 ad
490 1978 683 2034 lucem
734 1994 921 2049 usque
980 1978 1097 2032 Deo
1156 1976 1429 2049 religiose
1489 1992 1557 2031 ac
1588 1991 1724 2031 cum
1754 1974 2035 2046 gravitate

388 2071 665 2124 otl‘erunt.
699 2069 779 2122 Eo
811 2068 964 2121 facto
997 2066 1248 2137 quisque
1281 2066 1351 2121 ad
1386 2082 1558 2120 suum
1590 2080 1807 2119 munus
1837 2080 1871 2118 a
1901 2080 2046 2134 prm-

386 2158 511 2213 side
545 2156 887 2211 dimittitur.
921 2155 983 2208 Id
1013 2172 1148 2210 cum
1181 2156 1429 2225 quisque
1454 2171 1560 2226 pro
1582 2170 1642 2208 se
1670 2153 1919 2226 jejunus
1950 2157 2043 2207 at-

388 2263 502 2317 que
534 2247 692 2300 inter
721 2246 1057 2300 divinarum
1080 2260 1281 2299 rerum
1315 2244 1852 2298 considerationem
1877 2241 2043 2311 obiit,

386 2337 532 2391 hora
562 2340 727 2390 sexta
756 2333 826 2388 ad
878 2332 1197 2405 prandium
1227 2333 1289 2387 in
1338 2348 1652 2388 commune
1685 2331 2046 2387 conveniunt

388 2440 602 2495 magna
632 2440 767 2479 cum
800 2422 1090 2478 modestia
1111 2427 1288 2492 atque
1318 2421 1573 2477 silentio.
1610 2421 1694 2477 lbi
1725 2420 1914 2492 pistor
1945 2435 2042 2491 pa-

382 2531 490 2569 nes
524 2513 730 2568 ordine
764 2512 1013 2585 singulis
1045 2511 1343 2583 proponit,
1376 2528 1443 2566 ac
1483 2526 1707 2581 coquus
1737 2508 2039 2565 vasculum

386 2602 457 2657 de
490 2603 666 2659 unico
698 2602 814 2657 cibi
872 2618 1088 2674 genere
1137 2600 1383 2673 singulis
1414 2601 1604 2655 affert.
1658 2604 1806 2654 Ante
1838 2603 2040 2653 autem

388 2709 566 2764 quam
598 2692 820 2760 cibum,
847 2708 1063 2763 purum
1096 2706 1231 2746 eum
1264 2695 1323 2745 et
1352 2695 1602 2758 castum,
1645 2689 1900 2761 capiant,
1943 2704 2038 2743 sa-

385 2783 593 2839 cerdos
624 2800 829 2855 preces
868 2782 1105 2837 fundit:
1139 2798 1277 2837 nam
1335 2781 1503 2837 nefas
1551 2784 1767 2853 putant
1805 2785 2045 2852 gustare

383 2872 611 2943 aliquid
635 2873 751 2926 Deo
774 2888 894 2926 non
917 2877 1054 2926 ante
1076 2870 1367 2925 invocato.
1400 2870 1560 2925 Idem
1592 2867 1876 2941 precandi
1914 2884 2043 2923 mos

387 2968 476 3019 est
505 2961 754 3034 prandio
788 2961 990 3030 ﬁnito;
1018 2961 1382 3031 omninoque
1416 2965 1474 3014 et
1509 2959 1867 3031 principium
1891 2964 1949 3014 et
1970 2959 2042 3014 ﬁ—

386 3069 523 3108 nem
554 3068 796 3107 suarum
826 3052 1127 3107 actionum
1158 3051 1379 3106 habent
1411 3050 1830 3106 Deiassiduam
1860 3065 2005 3104 vene
2027 3080 2042 3092 -

382 3142 698 3197 rationem.
733 3141 926 3196 Finito
958 3140 1207 3214 prandio
1235 3140 1308 3196 ad
1342 3157 1521 3212 opera
1552 3156 1659 3195 sua
1688 3138 1935 3211 digressi
1967 3153 2039 3192 ea

2158 1882 2355 1960 μέχρις
2413 1881 2587 1959 αὐγῆς
2631 1885 2771 1961 πρὸς
2828 1884 2919 1940 τὸν
2980 1886 3067 1959 [Ρ.
3119 1887 3241 1959 199]
3302 1886 3431 1941 Θεὸν
3485 1885 3815 1964 ἀναφέρουσι

2258 1974 2269 1994 9
2339 1971 2352 1991 ⁷
2512 1974 2525 1994 Ι
2721 1974 2736 1995 ‘
3301 1974 3315 1993 Ι
3411 1974 3437 1993 θ’
3659 1975 3674 1995 κ
3754 1974 3780 1995 ν

2155 1994 2251 2046 μετ
2304 1967 2593 2038 ευλαϐειας
2646 1995 2737 2030 και
2796 1974 3152 2047 σεμνότητος.
3213 1976 3318 2032 Και
3375 1996 3519 2030 ουτω
3576 1995 3713 2050 προς
3743 1996 3813 2045 ην

2148 2058 2373 2125 ἕκαστος
2405 2056 2525 2138 ἔχει
2579 2062 2805 2143 τέχνην,
2863 2063 2967 2119 ὑπὸ
3019 2067 3121 2119 τοῦ
3169 2068 3513 2139 προεστῶτος
3542 2063 3819 2120 ἁποστέλο

2151 2150 2331 2210 λεται.
2402 2153 2508 2208 Καὶ
2573 2151 2770 2229 μὲχρις
2824 2152 2969 2228 ὥρας
3022 2152 3187 2225 ἓκτης
3249 2155 3388 2228 μετὰ
3448 2156 3667 2229 νήψεως
3721 2155 3818 2210 καὶ

2152 2239 2466 2316 Θευλογίας,
2524 2241 2701 2305 οὕτως
2761 2241 2847 2297 ἐπὶ
2934 2244 2998 2299 τὸ
3074 2240 3462 2320 δειπνητήριον
3523 2246 3815 2320 συναθροί⁹

2153 2335 2335 2400 ζονται
2398 2332 2515 2405 μετ’
2572 2326 2858 2394 εὐλαϐείας
2909 2332 2998 2389 καὶ
3058 2333 3295 2409 ἡσυχίας
3351 2331 3591 2403 πολλῆς.
3646 2334 3744 2389 Καὶ
3788 2334 3819 2389 ὁ

2156 2420 2253 2493 μὶν
2313 2420 2593 2484 σιτοποιὸς
2653 2419 2704 2475 ἐν
2760 2422 2903 2491 τάξει
2960 2422 3321 2494 παρατίθησιν
3399 2421 3616 2497 ἄρτους,
3671 2423 3699 2477 ὁ
3762 2420 3822 2479 δὲ

2154 2509 2411 2586 μάγειρος
2465 2503 2520 2564 ἔν
2571 2508 2782 2585 ἀγγεῖον
2860 2510 2911 2581 ἕξ
2974 2511 3117 2574 Δἑνὸς
3204 2510 3503 2586 ἐδέσματος
3575 2512 3817 2569 πάντοτε

2148 2600 2435 2676 προσάγει.
2473 2597 2575 2656 Καὶ
2625 2600 3057 2679 προκατεύχεται
3117 2598 3173 2656 δὶ
3229 2608 3329 2671 τῆς
3387 2608 3601 2680 τροφῆς
3640 2603 3817 2679 ἁγνῆς

2150 2685 2320 2758 οὔσης
2350 2688 2441 2745 καί
2473 2690 2712 2763 καθαρᾶς
2773 2690 2801 2745 ὁ
2856 2690 3051 2763 ἱερεύς⁸
3110 2688 3367 2763 ἀθέμιτον
3425 2692 3530 2766 γὰρ
3572 2692 3679 2765 πρὸ
3707 2698 3815 2762 τῆς

2149 2778 2323 2852 εὐχῆς
2365 2780 2626 2853 ἡγοῦνται
2680 2778 2966 2853 γεύσασθαί
3003 2800 3077 2835 τι.
3131 2778 3229 2834 Καὶ
3276 2777 3442 2834 πάλιν
3485 2780 3818 2856 ἀριστησάν-

2146 2888 2256 2922 των
2314 2868 2344 2921 ὁ
2398 2866 2573 2942 ἱερεὺς
2625 2866 2937 2946 ἐπεύχεται.
3002 2869 3101 2925 Καὶ
3156 2868 3347 2932 ἁπλῶς
3403 2868 3713 2946 ἀρχόμενοί
3755 2891 3820 2927 τε

2146 2958 2234 3012 καὶ
2293 2956 2607 3033 παυόμενοι
2658 2970 2970 3033 γεραίρουσι
3047 2958 3138 3013 τὸν
3206 2960 3335 3015 Θεὸν
3420 2957 3817 3024 ἀδιαλείπτως.

2153 3046 2249 3103 Καὶ
2290 3046 2442 3109 αὖθις
2490 3044 2575 3102 ἐπ’
2623 3040 2750 3123 ἔργα
2813 3046 3017 3127 μὲχρις
3062 3046 3292 3125 ἕσπὲρας
3347 3045 3823 3126 διακαρτερήσαν-

2145 3155 2257 3204 τες,
2316 3135 2406 3191 καὶ
2462 3132 2851 3208 δειπνήσαντες
2914 3138 3050 3212 μετὰ
3123 3145 3231 3208 τῆς
3280 3140 3545 3211 συνήθους
3606 3144 3826 3207 σιωπῆς

382 3249 568 3305 usque
598 3233 672 3288 ad
718 3249 1025 3305 vesperam
1074 3233 1374 3297 tolerant;
1429 3248 1715 3302 omnaque
1747 3234 2037 3287 consueto

2154 3227 2245 3282 καὶ
2307 3231 2723 3302 σεμνοπρεποῦς
2783 3229 3183 3300 καταστάσεως,
3260 3227 3346 3283 ἐπ’
3429 3228 3601 3309 εὐχᾶς
3655 3229 3826 3287 πάλιν

384 3323 624 3378 silentio
654 3327 713 3378 et
743 3323 1041 3378 modestia
1067 3322 1271 3378 refecti
1305 3338 1541 3377 rursum
1574 3321 1646 3376 ad
1671 3337 1878 3392 preces
1901 3337 1969 3375 co
1993 3336 2033 3375 n

386 3412 654 3479 veniunt,
702 3411 1052 3467 brevissimo
1092 3416 1151 3466 et
1181 3412 1480 3467 levissimo
1529 3426 1740 3465 somno
1772 3425 2051 3464 excusso-

2162 3316 2250 3372 ἐπὶ
2284 3317 2347 3374 τὸ
2379 3316 2510 3373 αὐτὸ
2568 3317 2949 3396 συνέρχονται,
3007 3317 3141 3383 τοὺς
3199 3319 3581 3394 βραχυτάτους
3627 3320 3831 3386 ὕπνους

2154 3406 2246 3463 καὶ
2303 3408 2679 3486 κουφοτάτους
2739 3405 3161 3482 ἐκτιναξάμενοι.
3213 3408 3396 3485 Οὗπέρ
3450 3408 3594 3465 ἐστιν
3644 3408 3827 3466 αἳτιον

394 3499 576 3571 Cujus
606 3501 690 3555 rei
726 3517 902 3555 causa
934 3506 1022 3555 est
1071 3500 1421 3555 continuum
1447 3499 1771 3571 jejunium,
1807 3504 1865 3553 et
1896 3498 2040 3556 350

2155 3498 2190 3566 ἡ
2258 3493 2519 3567 διηνεκής
2577 3499 2747 3570 νῆψις
2805 3494 2897 3552 καί
2951 3497 3015 3552 τὸ
3079 3498 3392 3572 μετρεῖσθαι
3458 3499 3585 3574 παρ’
3642 3498 3830 3565 αὐτοῖς

380 3588 540 3659 quod
558 3588 643 3642 eis
676 3594 837 3643 certa
860 3605 1143 3644 mensura
1164 3588 1341 3644 datur
1361 3588 1529 3644 cibus
1554 3594 1849 3659 potusque
1873 3586 2049 3641 exilis

385 3683 445 3731 et
473 3676 730 3750 vulgaris
759 3695 825 3732 ac
856 3694 1108 3749 parcus:
1161 3693 1357 3749 neque
1409 3678 1569 3732 enim
1602 3677 1759 3749 apud
1794 3693 1894 3731 eos
1925 3675 2050 3731 ulla

387 3772 477 3822 est
507 3766 746 3821 satietas
776 3772 878 3821 aut
907 3768 1129 3822 ventris
1159 3767 1433 3839 repletio,
1466 3766 1569 3821 sed
1600 3783 1851 3839 magnus
1886 3764 2043 3821 defe-

382 3860 532 3923 ctus,
566 3863 623 3911 et
653 3856 1014 3928 paucissima
1043 3856 1347 3927 requirere
1397 3856 1756 3911 didicerunt.
1814 3854 1873 3911 Si
1904 3854 2039 3925 quis

380 3962 447 4000 ac
479 3962 581 4000 eos
612 3961 673 4000 se
706 3946 974 4001 conferat
994 3945 1266 4001 eamdem
1287 3945 1417 3999 vitm
1448 3946 1742 3999 rationem
1766 3942 2038 3999 sectandi

382 4052 580 4103 causa,
614 4034 663 4090 is
686 4051 807 4090 non
830 4035 1030 4091 statim
1055 4035 1465 4107 exploratione
1484 4039 1585 4089 aut
1609 4032 2037 4089 exercitatione

380 4123 544 4204 nulla
573 4125 879 4195 prmmissa
924 4123 1281 4193 admittitur,
1331 4123 1434 4179 sed
1479 4140 1587 4195 per
1634 4138 1859 4179 annum
1892 4120 2037 4176 foris

368 4212 617 4284 jubetur
647 4212 857 4268 eodem
890 4214 1046 4269 victu
1095 4213 1430 4285 iisdemque
1480 4212 1747 4267 moribus
1786 4210 1893 4266 uti.
1933 4209 2035 4264 Se-

378 4302 536 4357 curis
568 4302 619 4357 ei
652 4302 825 4357 datur
855 4302 1359 4375 etsuhligaculum
1388 4320 1455 4357 ac
1486 4301 1751 4358 tunicula
1776 4301 1994 4355 misera
2019 4330 2032 4367 ε

378 4392 578 4463 itaque
609 4392 892 4463 operibus
922 4397 981 4446 et
1010 4392 1184 4448 dictis
1216 4392 1458 4464 optimis
1498 4396 1828 4446 exercetur.
1859 4392 2028 4443 Post-

380 4499 558 4554 quam
586 4482 965 4538 tolerantiam
999 4501 1165 4539 suam
1197 4484 1485 4555 probavit,
1535 4483 1652 4538 alio
1682 4481 1925 4537 biennio
1957 4479 2031 4535 de

2150 3586 2359 3663 τροφὴν
2436 3587 2526 3640 καὶ
2619 3584 2777 3640 πόσιν
2872 3583 3033 3657 λιτὴν
3136 3585 3227 3642 καὶ
3330 3586 3654 3664 ἀπερίεργον
3733 3589 3826 3644 καὶ

2154 3671 2535 3741 σπανίζουσαν·
2588 3669 2767 3735 οὐδεὶς
2844 3673 2949 3748 γὰρ
3024 3676 3155 3750 παρ’
3228 3674 3418 3737 αὐτοῖς
3493 3675 3664 3738 κόπος
3730 3676 3823 3732 καὶ

2154 3760 2426 3841 χορτασία
2473 3761 2712 3832 κοιλίας,
2761 3761 2891 3818 ἀλλ’
2943 3756 3121 3818 ἔνδεια
3168 3760 3359 3834 πολλή
3391 3763 3482 3819 καὶ
3515 3762 3818 3841 ὀλιγοδεΐα.

2149 3852 2255 3909 Τὸν
2307 3849 2365 3907 δὲ
2411 3850 2855 3931 προσερχόμενον
2907 3849 3157 3922 ζηλῶσαι
3204 3852 3296 3908 τὸν
3351 3852 3470 3929 βίον
3523 3854 3623 3909 οὐκ
3649 3854 3806 3916 εὐθὺς

2148 3939 2533 4015 ἀδοκιμάστως
2586 3940 2676 3997 καὶ
2743 3940 3108 4017 ἀγυμνάστως
3142 3938 3596 4018 ὐπαραδέχονται,
3663 3938 3802 3996 ἀλλ’

2151 4028 2396 4086 ἐνιαυτὸν
2439 4027 2541 4102 ἔξω
2597 4028 2816 4104 μένοντι
2866 4030 2969 4100 τήν
3017 4028 3185 4100 αὐτὴν
3230 4031 3568 4096 ὑποτίθενται
3597 4027 3804 4086 δίαιταν

2147 4119 2243 4176 καὶ
2310 4120 2660 4187 κατάστασιν,
2720 4119 2993 4196 ἀξινάρίον
3048 4140 3107 4176 τε
3163 4121 3252 4175 καὶ
3311 4120 3597 4196 περίζωμα
3628 4117 3809 4183 δόντες

2146 4210 2240 4264 καὶ
2302 4208 2568 4287 πενιχρὸν
2631 4208 2854 4281 ἱμάτιον
2910 4210 3278 4284 γυμνάζουσιν
3333 4208 3416 4265 ἐπ’
3468 4205 3653 4287 ἔργοις
3693 4209 3814 4285 ἀρί-

2146 4318 2292 4360 στοις
2359 4297 2450 4352 καὶ
2520 4296 2729 4371 λόγοις.
2779 4297 2911 4352 Εἶτα
2999 4298 3133 4371 μετᾶ
3196 4299 3295 4369 τήν
3361 4304 3464 4368 τῆς
3529 4296 3815 4374 καρτερίας

2143 4383 2399 4458 ἐπίδειξιν
2458 4382 2609 4440 δυσὶν
2676 4384 2876 4451 ἄλλοις
2954 4384 3125 4441 ἔτεσιν
3183 4386 3247 4443 τὸ
3298 4388 3435 4456 ἦθος
3492 4387 3583 4442 καὶ
3636 4389 3699 4442 τὸ
3755 4386 3809 4442 ἐν

2142 4480 2302 4530 πᾶσιν
2361 4474 2602 4544 ὑπήκοον
2674 4470 3053 4548 δοκιμάζεται,
3109 4474 3198 4530 καὶ
3269 4474 3456 4553 φανεὶς
3512 4473 3662 4548 ἄξιος
3718 4474 3811 4530 καὶ

378 4571 645 4625 moribus
671 4570 800 4641 ejus
833 4576 892 4626 et
946 4571 1288 4627 obedientia
1337 4571 1614 4628 omnibus
1660 4571 1723 4625 in
1762 4570 1941 4626 rebus
1972 4568 2039 4624 ﬁt

2151 4564 2378 4634 δόκιμος
2438 4565 2614 4627 οὕτως
2675 4563 2754 4629 εἷς
2809 4566 2903 4621 τὸν
2989 4565 3132 4642 ἱερὸν
3185 4563 3385 4639 ὅμιλον
3441 4564 3808 4642 ἐγκορίνεται.

383 4656 732 4730 periculum.
766 4660 854 4714 Ita
892 4659 1133 4715 tandem
1164 4661 1375 4733 dignus
1399 4666 1575 4731 atque
1596 4660 1846 4715 idoneus
1870 4658 2030 4729 judi-

381 4750 546 4803 catus
578 4746 637 4801 in
669 4763 903 4803 sacrum
928 4755 1143 4805 emtum
1169 4750 1473 4821 recipitur.
1508 4752 1659 4805 Ante
1689 4749 1894 4804 omnia
1918 4752 2033 4802 ter-

376 4836 538 4892 ribili
583 4836 981 4907 jurejurando
1033 4839 1296 4911 obligare
1347 4848 1425 4895 se'
1460 4839 1688 4912 cogitur
1735 4840 1929 4910 primo
1962 4836 2036 4893 ad

377 4927 661 4998 pietatem
710 4927 1139 4983 observandam
1197 4930 1503 5000 Deumque
1554 4945 1701 5001 pura
1750 4933 1950 4984 mente
1979 4932 2039 4983 et

380 5033 628 5089 corpore
661 5015 998 5085 colendum,
1041 5017 1258 5075 deinde
1284 5019 1357 5073 ad
1379 5021 1543 5091 juste
1575 5036 1711 5075 cum
1762 5018 2038 5075 omnibus

380 5107 725 5163 hominibus
756 5123 824 5162 ac
850 5107 977 5162 sine
1028 5125 1297 5179 personae
1343 5108 1520 5164 ullius
1550 5111 1827 5179 respectu
1857 5125 2037 5181 agen-

380 5198 544 5266 dum,
579 5197 739 5268 quod
766 5214 961 5268 neque
984 5198 1233 5254 laesurus
1255 5215 1617 5269 quemquam
1640 5197 1839 5254 dedita
1859 5215 2041 5271 opera

383 5304 576 5358 neque
608 5286 852 5358 injustis
884 5304 946 5343 se
978 5288 1204 5343 socium
1235 5288 1591 5360 praebiturus
1623 5288 1719 5357 sit,
1753 5288 1913 5358 quod
1934 5305 2039 5359 pro

379 5377 534 5431 virili
569 5383 625 5431 et
657 5379 929 5433 culturus
956 5385 1015 5434 et
1044 5378 1399 5434 defensurus
1431 5378 1505 5433 sit
1526 5379 1849 5450 justitiam,
1882 5377 2040 5434 volu-

384 5464 666 5534 ptatibus,
698 5466 878 5523 rebus
911 5485 1030 5523 non
1064 5469 1417 5523 necessariis
1468 5484 1537 5522 ac
1568 5466 1841 5522 mallitiei
1873 5466 2041 5522 dedi-

385 5558 510 5606 tam
539 5554 720 5611 vitam
748 5558 822 5612 ad
855 5564 1109 5615 mortem
1132 5574 1320 5631 usque
1354 5557 1784 5615 declinaturus.
1816 5560 2041 5615 Rursus

385 5646 604 5710 praeter
623 5643 750 5699 haec
770 5644 981 5714 jurant
999 5648 1226 5706 nemini
1253 5665 1316 5705 se
1334 5648 1661 5721 quidquam
1689 5648 1932 5710 omnino
1955 5665 2045 5707 sa-

2148 4655 2264 4732 ΙΙρό
2324 4676 2384 4731 γε
2442 4652 2534 4708 οὖν
2585 4654 2800 4709 πάντων
2861 4652 3059 4731 ὅρκους
3128 4653 3420 4733 φρικώδεις
3493 4655 3811 4725 ἀπαιτοῦσι,

2145 4753 2365 4826 πρῶτον
2419 4747 2512 4821 μὲν
2574 4744 2813 4803 εὐσεϐεῖν
2881 4748 2969 4803 καὶ
3032 4748 3342 4823 θεραπεύειν
3409 4746 3462 4819 ἐξ
3530 4747 3668 4818 ὅλης
3718 4747 3813 4803 καὶ

2145 4843 2383 4914 καθαρᾶς
2438 4841 2624 4914 ψυχῆς
2669 4838 2759 4893 καὶ
2841 4839 3097 4911 σώματος
3153 4840 3217 4894 τὸ
3274 4840 3441 4904 Θεῖον,
3503 4837 3690 4894 ἔπειτα
3753 4834 3815 4891 δὶ

2147 4930 2284 5005 πρὸς
2388 4926 2706 5002 ἀνθρώπους
2810 4924 2993 4982 δίκαια
3077 4926 3366 5007 φυλάττειν
3441 4926 3651 4983 ἃπαντα
3718 4928 3812 4982 καὶ

2148 5016 2660 5094 ἀπροσωπὸληπτα,
2708 5015 2799 5071 καὶ
2854 5017 2931 5088 μὴ
2983 5017 3122 5072 κατὰ
3166 5017 3391 5093 γνώμην
3426 5016 3636 5093 βλάψαι
3669 5015 3810 5086 τινὰ,

2152 5110 2292 5182 μήτε
2345 5108 2453 5180 μὴν
2507 5112 2885 5180 συγκοινωνεῖν
2936 5103 3165 5177 ἀδίκοις,
3214 5104 3364 5163 ἀλλὰ
3403 5106 3541 5162 κατὰ
3577 5103 3809 5179 δύναμιν

2147 5200 2247 5253 τοῦ
2310 5193 2522 5251 δικαίου
2581 5194 2673 5250 καὶ
2739 5196 3047 5273 φροντίζειν
3104 5195 3196 5250 καὶ
3259 5196 3536 5272 βιάζεσθαι
3592 5194 3810 5258 πάντως

2148 5286 2239 5343 καὶ
2288 5286 2379 5340 τὸν
2430 5281 2705 5355 ὲνήδονον,
2755 5283 2845 5338 καὶ
2894 5285 3145 5359 περιττὸν
3188 5284 3276 5339 καὶ
3334 5284 3500 5361 ὑγρὸν
3543 5283 3813 5360 ἀποστρὲ-

2155 5386 2346 5454 φεσθαι
2379 5372 2496 5445 βίον
2554 5373 2720 5447 μέχρι
2779 5372 3031 5432 θανάτου.
3092 5372 3234 5449 Πρὸς
3292 5369 3350 5429 δὲ
3395 5373 3612 5436 τούτοις
3645 5372 3813 5447 ὀμνύ-

2153 5487 2277 5521 ουσι
2307 5464 2471 5520 πάλιν
2524 5457 2713 5536 μηδενὶ
2769 5462 2865 5535 μὶν
2917 5461 2979 5518 τὸ
3030 5461 3282 5538 παράπαν
3334 5461 3659 5538 μεταδοῦναι
3703 5466 3814 5517 τῶν

2155 5554 2442 5633 δογμάτων
2494 5551 2585 5608 καὶ
2642 5554 2751 5605 τῶν
2822 5550 3172 5629 ἁγίοπρεπῶν
3243 5552 3453 5610 τούτων
3516 5548 3816 5623 ἐπιτηδευ-

2155 5645 2340 5721 μάτων
2399 5644 2436 5714 ἢ
2494 5641 2568 5704 ὡς
2624 5634 2866 5717 ἀκριϐῶς
2927 5640 3088 5707 αὐτὸς
3145 5637 3476 5720 παρέλαϐεν,
3534 5643 3818 5721 ἀφεεεσθαι
