4154 6428
319 353 441 415 389

1480 342 2030 410 HISTORIARUM
2073 341 2623 408 COMPENDIUM.

3631 349 3753 412 390

318 485 380 542 δὲ
439 483 618 556 πάσης
686 482 929 549 ἐναντίας
979 481 1140 557 δόξης
1195 484 1287 540 καὶ
1344 481 1619 559 λατρείας,
1675 480 1764 538 καὶ
1812 481 1982 554 ταύτῃ

2115 498 2209 537 :rm
2233 482 2406 538 istius
2462 482 2749 539 doctrinas
2798 500 2867 541 ac
2922 485 3354 543 venerabilium
3413 490 3746 547 studiorum

322 577 464 653 μόνῃ
496 576 853 651 προσανέχειν
888 578 958 649 τῇ
1016 573 1131 647 θείᾳ
1191 570 1392 653 μέχρις
1439 572 1671 648 αἳματος
1731 568 1990 647 θρησκείᾳ

317 669 414 723 καὶ
463 667 808 723 καταστάσει.
865 664 958 722 Ἐκ
1013 666 1112 734 τῆς
1166 661 1389 735 πολλῆς
1461 661 1520 718 δὲ
1576 662 1855 733 ἀσκήσεως
1893 659 1985 715 καὶ

323 756 702 830 καθαρότητος
728 753 937 811 πολλοὶ
965 754 1054 809 καὶ
1083 754 1151 809 τὰ
1184 752 1459 829 μὲλλοντα
1512 752 1985 828 προγινώσκουσιν

320 846 384 903 ἐκ
439 846 583 908 θείας
638 843 922 907 ἐπιπνοίας
982 843 1071 899 καὶ
1130 845 1381 920 χᾶριτος,
1441 840 1836 914 ἀκαταπαύστῳ
1891 859 1989 914 με·-

319 935 457 1012 λέτῃ
488 938 786 1014 προφητῶν
818 934 907 989 καὶ
941 932 1151 989 λοιπῶν
1200 933 1361 1008 ἰερῶν
1415 930 1621 1007 λογίων
1671 930 1764 986 καὶ
1816 948 1991 1005 προσ-

314 1029 464 1105 ευχῇ
494 1017 1108 1099 ἐμπαιδοτριϐούμενοι.

2098 587 2268 628 secus
2298 573 2658 631 traditurum
2690 592 2869 648 quam
2928 576 3040 648 ipsi
3089 578 3450 649 acceperint,
3508 597 3746 636 omnem

2097 660 2391 718 diversam
2422 663 2765 736 Opinionem
2795 683 2862 723 ac
2892 666 3244 739 religionem
3276 668 3582 737 vitaturos,
3605 670 3745 726 huic

2098 749 2310 806 divinae
2343 752 2616 825 religioni
2650 754 2824 810 unice
2860 772 3053 827 usque
3084 756 3157 812 ad
3181 757 3532 830 sanguinem
3558 775 3619 812 se
3652 759 3750 830 pie

2098 854 2167 895 ac
2196 847 2538 897 reverenter
2595 860 2832 915 cperam
2896 851 3236 902 navaturos.
3290 847 3754 919 Consequuntur

2099 929 2211 985 hoc
2244 930 2417 985 multi
2457 932 2723 1004 ipsorum
2756 940 3042 1006 perpetua
3093 936 3515 992 exercitatione
3571 941 3749 1008 atque

2098 1014 2354 1090 puritate
2377 1027 2443 1077 ut
2471 1022 2667 1079 divino
2699 1030 2850 1080 nutu
2888 1030 3064 1096 atque
3088 1027 3276 1098 gratia
3323 1027 3498 1083 etiam
3549 1027 3751 1083 futura

314 1116 711 1190 praevideant,
744 1114 887 1170 dum
912 1114 1040 1186 jugi
1089 1114 1235 1172 851
1302 1112 1499 1169 studio
1531 1116 1732 1168 vatum
1764 1107 2007 1165 oracula
2036 1112 2094 1163 et
2134 1108 2430 1180 reliquum
2464 1129 2767 1170 sacrarum
2803 1115 3155 1171 Litterarum
3180 1116 3523 1188 lectitantes
3554 1117 3752 1190 preci-

318 1206 561 1277 busque
592 1203 1010 1259 incumbentes
1042 1203 1125 1259 ita
1153 1201 1528 1258 erudiuntur.

394 1291 616 1363 Ταύτην
658 1294 744 1366 (Ρ.
806 1294 934 1363 200)
995 1290 1085 1344 οὗν
1118 1290 1147 1344 ὁ
1178 1290 1452 1360 Ἰώσηπος
1513 1286 1694 1363 ἄκρως
1746 1285 1987 1356 ἀσκήσας

311 1384 418 1453 τὴν
481 1378 809 1461 φιλοσοφίαν
869 1378 958 1435 ἐπὶ
1019 1379 1225 1454 μείζονι
1302 1379 1633 1455 προκόπτειν
1710 1370 1984 1432 ἔσπευσεν.

312 1472 582 1534 Ἀκούσας
640 1470 739 1546 γάρ
798 1491 919 1525 τινα
980 1466 1351 1546 διαφερόντως
1404 1468 1676 1523 ἀσκοῦντα
1722 1465 1859 1522 κατὰ
1888 1466 1989 1534 τὴν

312 1560 529 1637 ἔρημον
573 1554 772 1617 Ἀδδὰν
831 1558 1267 1633 ὀνομαζόμενον,
1306 1555 1496 1627 ἐσθῆτι
1556 1557 1652 1630 μὶν
1702 1555 1809 1611 ἀπὸ
1868 1553 1988 1610 δὲν-

312 1648 465 1727 δρων
504 1648 944 1720 καλυπτόμενον,
999 1651 1177 1725 τροφῇ
1238 1644 1296 1702 δὶ
1353 1645 1683 1720 αὐτομάτως
1741 1641 1984 1725 φυομένῃ

312 1740 643 1816 χρώμενον,
679 1737 772 1793 καὶ
829 1738 928 1806 τὴν
986 1731 1152 1811 ἄκραν
1212 1732 1440 1806 ἄσκησιν
1501 1734 1669 1790 αὐτοῦ
1729 1730 1984 1803 ζηλώσας

312 1830 458 1905 πρὸς
489 1827 654 1884 αότὸν
711 1826 958 1905 ἄφίκετο,
1011 1825 1104 1881 καὶ
1160 1830 1305 1900 τρεῖς
1364 1824 1491 1900 παρ’
1550 1823 1698 1896 αὐτῷ
1750 1822 1986 1893 ποιήσας

314 1918 605 1981 ἐνιαυτοὺς
668 1916 748 1979 εἷς
779 1917 880 1986 τήν
938 1913 1102 1971 πόλιν
1161 1914 1459 1989 ὑπέστρεψε
1515 1912 1606 1968 καὶ
1636 1913 1838 1985 τῶν
1872 1909 1987 1967 Φί-

321 2008 548 2085 ρισαίων
581 2004 934 2062 ἐπολιτεύετο
967 2002 1308 2079 δικαιοσύνῃ.

396 2099 462 2157 Ὀ
492 2096 550 2153 δέ
579 2118 643 2173 γε
672 2095 884 2165 Φίλων,
932 2096 1008 2158 ὡς
1039 2093 1276 2170 εἴρηται,
1332 2094 1457 2170 περὶ
1513 2097 1620 2149 τῶν
1664 2091 1713 2162 ἐξ
1771 2085 1991 2162 Ἐϐραίο

343 2209 418 2242 ων
488 2188 764 2263 ἡμετέρων
866 2186 1114 2256 ἀσκητῶν
1226 2182 1602 2262 ἀναφανέντων
1718 2180 1993 2255 μέμνηται

345 2281 530 2353 σαφῶς
559 2275 606 2330 ἐν
631 2280 707 2349 τῷ
735 2274 892 2351 λόγῳ
941 2272 993 2329 ἐν
1049 2275 1095 2347 ᾧ
1151 2272 1419 2349 ἐπέγραψε
1473 2272 1597 2346 περὶ
1654 2271 1994 2345 θεωρητικοῦ

344 2364 490 2441 βίου,
546 2365 636 2429 οὓς
714 2363 1059 2441 Θεραπευτᾶς
1126 2363 1218 2418 καὶ
1273 2363 1370 2425 τὰς
1416 2362 1851 2436 ὁμοιοσχήμουςη
1900 2358 1994 2413 καὶ

333 2455 679 2531 ὁμοτρόπους
734 2458 993 2529 γυναῖκας
1059 2448 1456 2527 Θεραπεότιδας
1542 2449 1829 2522 ὠνόμασε.
1889 2447 1993 2505 Καὶ

324 2545 648 2619 θεραπευταὶ
714 2543 807 2618 μὲν
844 2586 858 2613 ,
918 2542 1107 2620 φησὶν,
1169 2539 1464 2612 ἐκέκληντο
1520 2538 1557 2608 ἢ
1585 2538 1732 2614 παρά
1786 2536 1847 2592 τὸ
1896 2537 1992 2600 τὰς

330 2639 519 2713 ψυχὰς
574 2641 686 2692 τῶν
743 2635 1079 2711 προσιόντων
1149 2633 1333 2696 αὐτοῖς
1389 2632 1496 2689 ἀπὸ
1554 2630 1750 2693 κακίας
1808 2630 1992 2686 παθῶν

333 2726 539 2801 ἰατρῶν
573 2722 732 2795 δίκην
763 2722 1213 2786 ἀπαλλάττοντας
1280 2720 1616 2798 θεραπεύειν,
1648 2720 1684 2790 ἢ
1714 2722 1815 2785 τῆς
1870 2718 1995 2793 περὶ

328 2816 397 2871 τὸ
457 2817 600 2870 θεῖον
673 2819 912 2889 καθαρᾶς
1004 2813 1096 2869 καὶ
1187 2810 1515 2888 εῗλικρινοῦς
1573 2808 1861 2885 θεραπείας
1905 2806 1997 2863 καὶ

328 2903 627 2979 θρησκείας
686 2899 862 2962 ἕνεκα.
938 2903 1080 2961 Εἷτά
1132 2922 1285 2979 φησι·
1346 2904 1537 2978 πρῶτα
1598 2898 1693 2972 μὶν
1748 2895 2001 2972 ἀρχόμε-

333 3014 425 3048 νοι
480 2990 804 3071 φιλοσοφεῖν
882 2989 1178 3063 ἐξίστανται
1251 2993 1358 3044 τῶν
1440 2986 1836 3062 προσηκόντων
1904 2982 1997 3038 καὶ

337 3088 453 3139 τῶν
512 3082 855 3157 ὑπρχόντων⁹
942 3078 1128 3137 ἔπειτα
1187 3076 1245 3135 δὲ
1319 3078 1515 3140 πάσαις
1599 3073 1997 3148 ἀποταξάμενοι

329 3177 456 3233 ταῖς
485 3175 586 3227 τοῦ
616 3172 740 3246 βίου
789 3169 1030 3248 φροντίσι
1090 3169 1181 3224 καὶ
1239 3163 1342 3238 ἔξω
1380 3170 1584 3242 τειχῶν
1640 3162 2001 3240 προελθόντες

2019 1875 2067 1941 Β

2169 1290 2235 1344 In
2268 1288 2378 1346 hoc
2395 1291 2592 1348 studio
2625 1309 2761 1349 cum
2786 1294 3086 1367 Josephus
3144 1295 3220 1351 ad
3278 1311 3574 1351 summam
3615 1311 3748 1367 per-

2098 1377 2416 1435 fectionem
2459 1387 2773 1453 provectus
2824 1384 3083 1457 majores
3144 1384 3338 1441 adhuc
3388 1386 3581 1442 facere
3612 1401 3754 1457 pro-

2098 1485 2339 1543 gressus
2368 1477 2634 1544 cuperet,
2654 1473 2870 1529 audito
2929 1474 3249 1546 quemdam
3309 1475 3371 1530 in
3428 1474 3752 1530 solitudine

2101 1559 2278 1615 vitam
2310 1559 2544 1634 degere,
2572 1562 2801 1620 Abbam
2832 1564 3105 1633 nomine,
3135 1564 3231 1619 cui
3273 1564 3382 1625 sub
3440 1564 3754 1620 arboribus

2101 1644 2577 1719 latibula.vestis,
2611 1651 2779 1708 cibus
2811 1669 2989 1724 quem
3024 1658 3185 1709 terra
3248 1653 3404 1709 ultro
3454 1653 3751 1722 educeret,

2095 1739 2308 1795 ductus
2345 1738 2725 1797 aemulatione
2779 1742 2910 1814 ejus
2967 1748 3088 1799 tam
3150 1742 3437 1800 absoluta:
3469 1743 3758 1799 exercita-

2096 1829 2278 1884 tionis
2308 1828 2385 1885 ad
2415 1827 2611 1900 ipsum
2657 1846 2719 1886 se
2774 1831 3048 1900 contulit,
3115 1832 3561 1905 trienniumque
3621 1848 3758 1889 cum

2103 1918 2347 1975 homine
2378 1923 2644 1975 versatus
2675 1920 2737 1975 in
2756 1919 2964 1976 urbem
2997 1921 3755 1993 rediit,Pharisaaorumque

2096 2010 2322 2082 justam
2345 2009 2522 2066 vitam
2555 2010 2761 2066 coluit.

2176 2100 2469 2157 therum
2526 2100 2697 2155 Philo
2753 2099 2824 2155 de
2896 2100 3202 2157 Hebraicis
3258 2101 3479 2157 nostris
3541 2099 3754 2156 ascetis

2104 2190 2482 2262 perspicuam
2503 2188 2646 2245 facit
2676 2189 3041 2245 mentionem
3074 2190 3136 2245 in
3166 2190 3317 2245 libro
3344 2206 3523 2261 quem
3545 2188 3616 2245 de
3639 2190 3757 2244 vita

2105 2279 2597 2351 contemplationi
2629 2278 2827 2334 dedita
2863 2280 3189 2351 inscripsit.
3224 2282 3411 2335 Mares
3441 2280 3754 2352 therapeu-

2104 2374 2218 2438 tas,
2250 2368 2504 2425 feminas
2560 2368 2766 2424 habitu
2826 2374 2884 2424 et
2932 2368 3198 2424 moribus
3255 2373 3499 2424 utentes
3547 2368 3761 2424 iisdem

2108 2458 2551 2531 therapeutidas
2599 2459 2916 2514 nominat:
2974 2458 3153 2531 idque
3211 2459 3474 2514 nominis
3535 2458 3620 2515 eis
3675 2458 3760 2515 ait

2106 2551 2362 2606 inditum
2394 2549 2484 2605 vel
2515 2548 2674 2621 quod
2723 2548 2955 2625 animas
3002 2564 3208 2604 eorum
3265 2549 3369 2620 qui
3428 2564 3489 2604 se
3542 2547 3619 2604 ad
3674 2548 3757 2620 ip-

2108 2658 2206 2696 sos
2238 2640 2574 2706 conferunt,
2606 2655 2642 2694 a
2670 2638 2827 2694 vitiis
2857 2637 3226 2693 medicorum
3268 2637 3456 2693 instar
3514 2642 3754 2706 sanant,

2109 2728 2268 2801 quod
2298 2730 2494 2783 Gruzce
2527 2733 2617 2783 cst
2647 2727 3071 2799 therapeuein;
3103 2727 3196 2782 vel
3234 2726 3393 2798 quod
3450 2727 3567 2781 Deo
3608 2742 3754 2797 pure

2109 2824 2289 2891 atquo
2311 2819 2542 2873 sincere
2566 2816 2814 2873 colendo
2846 2817 3147 2872 serviunt:
3172 2833 3311 2872 nam
3334 2815 3554 2872 servire
3576 2816 3759 2871 etiam

2111 2925 2217 2965 seu
2246 2908 2534 2964 famulum
2565 2924 2694 2963 esse
2725 2908 2992 2963 Graecum
3032 2906 3382 2962 vocabulum
3440 2905 3757 2975 significat.

2114 2996 2291 3053 Addit
2319 2996 2537 3053 deinde
2571 2996 2738 3051 Philo
2765 3013 2777 3051 :
2809 2996 2877 3051 Hi
2907 3012 3046 3068 ergo
3068 3012 3203 3051 cum
3243 2995 3505 3067 primum
3566 3010 3628 3048 se
3687 2991 3762 3049 ad

2113 3087 2417 3159 sapientiai
2447 3086 2711 3142 studium
2755 3085 3080 3157 applicant,
3112 3084 3271 3141 bona
3299 3100 3407 3140 sua
3426 3089 3602 3154 atque
3632 3099 3763 3154 pos-

2114 3175 2412 3231 sessiones
2440 3174 2777 3248 resignant;
2824 3172 3040 3229 deinde
3098 3172 3378 3228 omnibus
3426 3172 3556 3226 vita:
3604 3171 3764 3226 curis

337 3260 396 3315 ἐν
461 3259 756 3334 μονάγροις
807 3258 897 3314 καὶ
972 3259 1174 3329 κήποις
1222 3261 1312 3312 καί
1365 3254 1515 3330 ὄρεσι
1567 3254 1664 3317 τὰς
1724 3247 1999 3328 διατριϐὰς

2115 3263 2308 3320 valere
2345 3262 2534 3334 jussis
2591 3262 2768 3319 urbes
2847 3262 3089 3335 egressi,
3150 3262 3212 3316 in
3270 3260 3550 3317 solitariis
3607 3258 3764 3313 villis

332 3354 648 3420 ποιοῦνται,
678 3350 772 3411 τὰς
827 3346 890 3403 ἐκ
939 3352 1048 3403 τῶν
1106 3346 1351 3419 ἀνομιῶν
1413 3343 1688 3419 ἐπιμιξίας
1746 3341 2000 3398 ἀλυσιτε-

336 3440 459 3504 λεῖς
485 3460 545 3495 τε
574 3440 665 3495 καὶ
701 3432 972 3514 βλαϐερὰς
1003 3433 1230 3504 εἰδότες,
1260 3436 1353 3491 τὸν
1388 3434 1729 3513 προφητικὸν
1765 3429 1998 3503 ζηλοῦσι

329 3530 427 3586 καὶ
458 3529 684 3584 ἀσκοῦσι
730 3527 871 3604 βίον.
921 3525 1081 3585 Οὕτω
1139 3523 1438 3601 πολλαχοῦ
1500 3523 1595 3597 μὶν
1650 3529 1753 3593 τῆς
1810 3520 1997 3577 οἷκου-

333 3617 509 3694 μένης
538 3616 650 3673 ἐστὶ
679 3617 744 3673 τὸ
775 3616 931 3694 γένος
963 3613 1092 3689 (ἔδει
1135 3614 1237 3691 γάρ
1304 3615 1506 3688 ἀγαθοῦ
1560 3611 1775 3668 τελείου
1835 3632 2000 3684 μετα-

333 3711 493 3783 σχεῖν
576 3706 666 3761 καὶ
741 3706 841 3774 τὴν
924 3699 1169 3761 Ἐλλάδα
1252 3703 1341 3757 καὶ
1407 3702 1506 3770 τήν
1565 3694 1895 3776 Βάρϐαρον),
1945 3696 2000 3754 ἐν

334 3795 608 3872 Αἰγύπτῳ
692 3790 751 3849 δὲ
814 3790 1150 3862 πλεονάζει,
1236 3790 1327 3847 καὶ
1415 3788 1655 3864 μάλιστα
1729 3789 1852 3865 περὶ
1901 3790 2003 3861 τὴν

334 3880 772 3960 Ἀλεξάνδρειαν
831 3882 934 3940 Καὶ
1019 3880 1071 3937 ἐν
1153 3881 1352 3955 ἑκάστη
1428 3879 1713 3955 συμμορίᾳ
1789 3875 2004 3952 οἴκημά

336 3972 486 4029 ἐστιν
537 3973 703 4049 ἱερὸν,
764 3973 794 4027 ὃ
850 3969 1081 4028 καλοῦσι
1148 3974 1398 4043 σεμνεῖον
1457 3970 1544 4024 καὶ
1611 3967 2001 4042 μοναστήριον,

337 4063 397 4119 ἒν
444 4062 492 4135 ᾠ
566 4061 902 4136 μονούμενοι
954 4060 1022 4116 τὰ
1075 4063 1174 4116 τοῦ
1231 4062 1433 4133 σεμνοῦ
1521 4057 1645 4134 βίου
1733 4056 2007 4129 μυστήρια

336 4151 652 4221 τελοῦνται,
695 4147 889 4225 μηδεὶς
950 4146 1120 4223 μηδὲν
1173 4148 1511 4222 κομίζοντες,
1570 4147 1649 4220 μή
1702 4146 1892 4217 ποτίν,
1926 4146 2003 4219 μή

341 4248 522 4309 σῖτον,
555 4238 697 4315 μηδὲ
734 4261 789 4296 τι
816 4244 925 4296 τῶν
953 4237 1142 4295 ἄλλων
1178 4238 1278 4294 ’ὀσα
1307 4237 1445 4313 πρὸς
1482 4238 1581 4306 τὴν
1625 4240 1722 4290 τοῦ
1753 4236 2008 4308 σώματος

341 4331 537 4409 χρείαν
566 4330 852 4406 ἀναγκαῖα,
881 4328 1029 4384 ἀλλὰ
1083 4328 1285 4401 νόμους
1314 4326 1403 4382 καὶ
1457 4324 1619 4399 λόγια
1655 4325 2005 4389 θεσπισθέντα

339 4419 435 4477 διὰ
462 4424 765 4497 προφητῶν
796 4420 884 4473 καὶ
945 4418 1144 4491 ὕμνους
1199 4416 1290 4472 καί
1343 4415 1524 4472 τᾶλλα
1581 4416 1669 4477 οἷς
1727 4413 2006 4487 ἐπιστήμη

337 4511 434 4567 καὶ
465 4505 711 4566 εὐσέϐεια
754 4508 1100 4579 συναύξονται
1159 4507 1249 4562 καὶ
1306 4506 1663 4562 τελειοῦνται.
1723 4504 1796 4561 Τὸ
1849 4500 1907 4559 δὲ
1957 4502 2010 4574 ἐξ

340 4601 573 4657 ἑωθινοῦ
654 4599 851 4675 μὲχρις

342 4690 489 4746 ἐστιν
572 4686 840 4758 ἄσκησις·
929 4686 1351 4762 ἐντυγχάνοντες
1438 4684 1544 4758 γὰρ
1626 4688 1742 4744 τοῖς
1839 4683 2011 4750 ἱεροῖς

347 4778 648 4858 γράμμασι
724 4773 1088 4856 φιλοσοφοῦσι
1170 4775 1270 4845 τὴν
1361 4772 1592 4848 πατρίαν
1665 4769 2012 4858 φιλοσοφίαν.

343 4856 698 4945 Ἐγκράτειαν
781 4863 841 4922 δὲ
897 4865 1078 4940 ὥσπερ
1143 4863 1262 4919 τινά
1317 4861 1571 4936 θεμέλιον
1629 4856 2018 4938 προκαταϐαλ-

347 4959 582 5033 λόμενοι
620 4963 691 5033 τῇ
721 4961 878 5033 ψυχῇ
906 4957 1003 5019 τὰς
1052 4953 1229 5018 ἄλλας
1284 4948 1742 5025 ἑποικοδομοῦσιν
1798 4950 2011 5027 ἀρετάς*

348 5050 526 5107 σιτίον
556 5049 660 5126 γάρ
690 5048 727 5119 ἢ
756 5047 924 5104 ποτὸν
977 5043 1156 5107 οὐδεὶς
1203 5043 1379 5099 αὐτῶν
1434 5039 1858 5117 προσενέγκοιτο
1908 5042 2015 5116 πρὸ

348 5140 515 5211 ἡλίου
592 5136 799 5201 δόσεως
832 5181 846 5208 ,
918 5133 1187 5209 ἑπιδήπερ
1227 5133 1291 5188 τὸ
1343 5132 1437 5207 μὲν
1488 5129 1807 5211 φιλοσοφεῖν
1866 5129 2013 5201 ἄξιον

347 5231 531 5307 φωτὸς
561 5228 833 5301 κρίνουσι,
877 5230 1103 5287 σκότους
1136 5221 1195 5278 δὲ
1222 5224 1317 5285 τὰς
1384 5225 1482 5278 τοῦ
1541 5220 1798 5294 σώματος
1852 5219 2017 5297 ἀνάγ-

344 5341 465 5383 κας.
528 5320 707 5373 ’Ἔνιοι
794 5313 851 5371 δὲ
907 5315 999 5370 καὶ
1066 5311 1136 5369 δι’
1193 5314 1418 5386 ἡμερῶν
1476 5313 1643 5385 τριῶν
1696 5309 2020 5383 ὕπομιμνή-

346 5433 564 5469 σκονται
624 5415 859 5490 τροφῆς,
910 5410 994 5469 οἷς
1052 5405 1223 5461 πλέον
1265 5406 1292 5459 ὁ
1322 5403 1493 5464 πόθος
1548 5408 1651 5472 τῆς
1704 5399 2016 5477 ἐπιστήμης

344 5501 643 5576 ἰνίδρυται.
705 5498 861 5560 Τινὲς
918 5493 979 5552 δὲ
1037 5494 1209 5557 οὕτως
1262 5490 1699 5572 ἓνευφραίνονται
1754 5492 1843 5547 καὶ
1886 5511 2018 5567 τρυ-

341 5598 521 5674 φῶσιν
578 5590 685 5646 ὗπὸ
737 5586 935 5663 σοφίας
996 5585 1321 5674 ἑστιώμενοι
1367 5579 1648 5674 πλουσίως
1702 5581 1793 5637 καὶ
1847 5580 2016 5661 ἀφθό-

344 5669 454 5747 νως
495 5682 565 5739 τὰ
619 5678 869 5756 δόγματα
918 5672 1294 5753 χορηγούσης,
1354 5672 1429 5734 ὡς
1484 5669 1578 5727 καὶ
1635 5670 1773 5748 πρὸς
1823 5670 2018 5731 διπλα.

2111 3352 2302 3409 hortis
2333 3358 2436 3408 aut
2483 3352 2787 3409 montibus
2833 3351 3013 3407 vitam
3066 3350 3305 3423 degunt.
3358 3349 3586 3421 Quippe
3627 3364 3764 3403 con-

2115 3441 2494 3499 suetudinem
2521 3449 2873 3514 peccantum
2906 3439 3256 3496 damnosam
3288 3438 3544 3494 scientes
3566 3442 3764 3492 vatum

2115 3533 2447 3606 priscorum
2469 3531 2829 3588 aemulantur
2856 3535 3033 3602 atque
3065 3530 3378 3585 imitantur
3400 3529 3598 3584 vitam.
3646 3528 3766 3581 Hoc

2114 3638 2305 3695 genus
2337 3623 2644 3677 hominum
2681 3625 2773 3677 est
2799 3621 2953 3678 352
2986 3620 3048 3675 in
3090 3619 3338 3675 diversis
3370 3617 3576 3674 mundi
3630 3632 3767 3687 par-

2119 3712 2276 3768 tibus
2313 3728 2326 3767 :
2358 3711 2582 3767 bonum
2613 3710 2774 3766 enim
2823 3709 3155 3782 perfectum
3210 3707 3522 3781 oportebat
3579 3710 3637 3762 et
3691 3705 3769 3761 ad

2117 3803 2348 3859 Graecos
2407 3800 2718 3874 pervenire
2769 3807 2828 3855 et
2881 3801 2952 3856 ad
3012 3799 3320 3855 Barbaros.
3407 3799 3472 3852 ln
3524 3798 3768 3870 Egypto

2120 3896 2318 3948 autem
2350 3907 2564 3964 magna
2582 3896 2671 3946 est
2687 3890 2859 3962 cujus
2879 3889 3330 3961 copia,maxime
3352 3886 3510 3959 apud
3523 3886 3771 3941 Alexan-

2123 3979 2312 4035 driam
2338 4022 2351 4048 ,
2380 3984 2439 4034 et
2467 3979 2527 4034 in
2555 3979 2760 4049 quavis
2789 3978 2976 4034 classe
3003 3977 3215 4033 domus
3236 3982 3326 4032 est
3374 3991 3562 4042 sacra,
3613 3971 3772 4045 quod

2122 4084 2433 4125 semneum
2490 4067 2728 4136 dicitur,
2789 4072 2847 4121 et
2905 4066 3355 4134 monasterium,
3382 4062 3543 4136 quod
3590 4063 3652 4118 in
3704 4078 3775 4118 ea

2124 4158 2197 4213 ab
2229 4157 2537 4212 hominum
2565 4156 2741 4212 turba
2762 4156 2977 4212 seclusi
3001 4154 3356 4210 venerabilis
3386 4154 3517 4208 vita;
3548 4156 3774 4224 myste-

2124 4247 2230 4303 riis
2279 4247 2611 4310 initiantur,
2670 4245 2824 4300 nihil
2879 4245 3200 4316 quisquam
3256 4244 3597 4310 aﬂ‘erentes,
3652 4256 3775 4296 non

2125 4342 2355 4409 potum,
2387 4352 2509 4390 non
2539 4334 2758 4401 cibum,
2801 4351 2921 4389 non
2982 4333 3309 4405 quidquam
3350 4330 3516 4387 aliud
3567 4345 3774 4386 eorum

2127 4442 2258 4497 quin
2284 4425 2358 4481 ad
2388 4442 2530 4480 usus
2556 4424 2819 4495 corporis
2854 4429 2992 4478 sunt
3046 4422 3383 4478 necessaria
3414 4438 3427 4475 :
3481 4419 3589 4475 sed
3616 4419 3776 4491 leges

2130 4520 2188 4570 et
2217 4515 2456 4571 oracula
2484 4519 2704 4579 vatum,
2739 4514 3015 4585 hymnos,
3049 4518 3226 4583 atque
3259 4511 3378 4567 alia
3397 4509 3614 4582 quibus
3670 4507 3777 4562 Dei

939 4598 1165 4672 ἑσπέρας
1213 4592 1493 4667 διάστημα
1552 4593 1769 4668 σῦμπαν
1824 4590 1999 4649 αὐτοῖς

2124 4605 2382 4677 cognitio
2444 4610 2501 4658 et
2531 4603 2728 4660 cultus
2779 4608 3069 4673 augentur
3140 4608 3318 4672 atque
3363 4599 3775 4672 perﬁciuntur.

2123 4693 2421 4765 Quidquid
2452 4698 2544 4749 est
2573 4692 2645 4748 ab
2675 4708 2891 4748 aurora
2921 4692 2995 4747 ad
3021 4706 3327 4763 vesperam
3376 4704 3567 4761 usque
3616 4693 3776 4743 tem-

2124 4783 2311 4856 poris,
2334 4782 2395 4838 id
2451 4798 2629 4838 omne
2677 4781 2752 4836 iis
2808 4779 3340 4837 exercitationibus
3386 4776 3781 4850 impenditur.

2125 4874 2333 4929 Sacras
2367 4872 2527 4927 enim
2558 4872 2806 4927 Litteras
2826 4870 3090 4944 legentes
3107 4868 3550 4942 philosophiam
3581 4871 3783 4939 pater-

2124 4977 2266 5017 nam
2298 4965 2598 5017 exercent.
2627 4960 3073 5016 Continentiam
3105 4963 3394 5030 tanquam
3424 4956 3783 5013 fundamen-

2124 5051 2338 5107 tumin
2372 5051 2572 5106 animo
2604 5066 2711 5105 suo
2733 5049 2954 5115 locant,
3006 5063 3303 5120 superque
3343 5063 3474 5101 eam
3518 5044 3783 5114 reliquas

2128 5145 2449 5197 exstruunt
2477 5139 2747 5194 virtutes.
2780 5140 2963 5194 Nemo
2996 5154 3204 5194 eorum
3252 5135 3450 5191 cibum
3510 5138 3785 5204 potumve

2125 5234 2321 5301 gustat
2352 5235 2488 5286 ante
2539 5229 2684 5284 solis
2733 5244 3032 5284 occasum.
3083 5225 3316 5281 Etenim
3374 5220 3784 5295 philosophari

2127 5320 2376 5392 dignum
2409 5319 2542 5376 luce
2569 5323 2803 5390 putant,
2856 5316 3135 5372 tenebras
3165 5313 3428 5385 corporis
3459 5310 3786 5367 necessita-

2127 5410 2295 5467 tibus
2326 5424 2675 5481 congruere.
2710 5406 2961 5472 Quidam
2993 5403 3258 5460 scientiaa
3289 5400 3611 5457 ardentiori
3637 5398 3789 5455 desi-

2127 5499 2295 5557 derio
2316 5498 2619 5555 alimenta
2630 5497 2805 5552 tertio
2826 5498 3055 5551 tantum
3074 5507 3310 5564 quoque
3333 5491 3429 5547 die
3442 5489 3787 5546 admittunt.

2126 5589 2243 5647 Alii
2276 5595 2511 5645 tantum
2536 5586 2759 5642 laetitiae
2791 5600 2859 5641 ac
2879 5580 3425 5655 voluptatis'studio
3478 5579 3789 5653 sapientiai

2127 5677 2515 5736 immorando
2542 5674 2903 5749 percipiunt,
2919 5671 3155 5729 abunde
3187 5671 3473 5729 doctrina:
3505 5668 3788 5743 suppedi-
