4154 6414
458 336 570 397 391

1825 331 2146 393 GEORGII
2192 331 2530 395 CEDRENI

3765 339 3882 400 392

455 456 654 539 tantis,
688 477 753 528 ut
807 488 877 528 eo
917 472 1095 527 veluti
1154 471 1415 528 convivio
1463 469 1686 527 detenti
1733 485 1886 541 aegre
1935 473 2096 525 sexto

2212 468 2361 552 σίονα
2404 467 2606 545 χρόνον
2662 468 2935 552 ἀντέχειν,
2992 472 3157 548 μόγις
3198 476 3288 547 [Ρ.
3343 477 3473 549 201]
3529 472 3600 531 δι’
3657 477 3883 552 ἡμερῶν

454 562 695 618 demum
718 563 813 618 die
845 563 1042 618 cibum
1074 579 1309 618 sumere
1366 560 1754 617 assueverint.
1813 560 2104 615 Caeterum

452 652 788 708 divinorum
845 652 1223 708 oraculorum
1282 651 1576 722 expositio
1634 666 1740 721 per
1768 648 2106 730 allegorias,

455 761 603 816 quas
625 741 933 810 vocant,ab
959 742 1033 797 iis
1064 742 1149 806 ﬁt,
1182 757 1315 796 cum
1347 745 1537 795 tectus
1593 738 1909 794 verborum
1966 754 2101 794 sen-

454 850 555 889 sus
585 832 838 889 elicitur.
872 833 1014 886 Tota
1042 831 1200 886 enim
1260 830 1354 885 lex
1404 846 1573 885 sacra
1630 829 1703 884 iis
1760 827 2105 884 hominibus

452 921 681 976 videtur
702 919 949 975 animali
982 919 1214 985 similis,
1249 918 1420 990 cujus
1454 934 1669 989 corpus
1719 915 1896 971 verba
1952 916 2103 971 refe-

450 1016 606 1079 rant,
640 1011 902 1066 animam
933 1014 1153 1076 autem,
1191 1008 1291 1078 qui
1324 1008 1561 1063 abditus
1591 1006 1699 1061 sub
1732 1007 1803 1062 iis
1855 1019 2103 1077 conspe-

451 1107 611 1157 ctum
642 1100 789 1171 fugit
818 1101 973 1157 353
1008 1115 1239 1154 sensus.
1272 1097 1490 1153 Eadem
1540 1102 1629 1152 est
1676 1101 1736 1151 et
1800 1111 2105 1151 sacrarum

451 1191 771 1246 mulierum
819 1188 1213 1244 conversatio.
1258 1187 1567 1258 Pleraeque
1627 1202 1833 1241 earum
1892 1183 2104 1240 vetulae

444 1282 571 1354 jam
631 1279 1029 1352 virginitatem
1077 1294 1198 1333 non
1279 1281 1517 1346 coactae,
1578 1275 1752 1330 sicuti
1830 1273 2104 1346 quaedam

451 1369 608 1443 apud
628 1371 862 1425 Graecos
883 1366 1218 1423 sacerdotes
1237 1370 1670 1421 momentaneae
1687 1363 1881 1419 laudis
1904 1379 2102 1429 causa,

452 1458 558 1515 sed
596 1458 869 1513 instituto
900 1456 1055 1511 bono
1080 1472 1147 1511 ac
1178 1454 1503 1527 cupiditate
1534 1454 1871 1509 futurorum
1925 1458 2103 1523 atque

453 1553 813 1603 aeternorum
844 1545 1134 1601 bonorum
1165 1549 1610 1600 conservarunt.

528 1640 770 1693 Constat
822 1640 1021 1691 autem
1070 1635 1382 1690 Philonem
1437 1635 1565 1689 hanc
1618 1632 1947 1705 scripsisse,
1986 1647 2103 1701 quo

456 1733 720 1799 tempore
778 1726 1037 1798 primum
1090 1723 1390 1797 Evangelii
1421 1721 1786 1795 praeconium
1835 1720 2104 1793 divulga-

455 1824 582 1874 tum
611 1823 716 1884 est,
750 1832 885 1872 cum
943 1816 1215 1871 instituta
1266 1814 1671 1886 apostolorum
1729 1812 1924 1885 prima
1974 1812 2102 1883 ipse

447 1908 709 1963 vidisset.
758 1905 941 1977 quue
999 1904 1289 1960 Eusebius
1338 1904 1399 1959 in
1443 1901 1693 1960 Historia
1736 1902 2101 1958 ecclesiastica

447 2001 503 2051 et
534 1995 609 2051 ad
640 1995 927 2050 Marinum
991 1993 1257 2050 scribens
1314 1997 1609 2047 testatur:
1652 1991 1875 2047 Eodem
1926 1990 2101 2045 modo

449 2085 628 2139 etiam
660 2100 912 2155 magnus
943 2083 1044 2137 ille
1077 2082 1436 2138 Athanasius
1476 2081 1702 2136 scribit.
1737 2082 1883 2135 Cum
1917 2080 2102 2148 enim,

449 2171 665 2243 inquit,
690 2173 806 2227 duo
837 2173 957 2228 sint
986 2173 1118 2226 vitae
1149 2188 1387 2245 genera,
1449 2171 1749 2227 mediocre
1802 2186 2012 2233 unum,
2046 2175 2105 2224 et

453 2261 727 2319 humana:
761 2263 891 2316 vitae
923 2261 1457 2329 accommodatum,
1490 2260 1647 2332 quod
1681 2265 1771 2316 est
1800 2261 1862 2315 in
1889 2258 2100 2315 matri-

458 2353 660 2407 monio
695 2368 708 2406 :
742 2352 995 2407 alterum
1026 2350 1361 2423 angelicum
1394 2355 1451 2405 et
1493 2349 1886 2421 apostolicum
1925 2353 2104 2419 atque

460 2440 932 2513 incomparabile
963 2440 1123 2511 quod
1157 2445 1246 2495 est
1275 2439 1627 2512 virginitatis
1668 2443 1847 2510 atque
1897 2453 2105 2493 mona-

458 2531 788 2600 sticaevitm,
813 2530 861 2585 si
885 2530 1018 2600 quis
1067 2546 1209 2585 sane
1241 2529 1633 2593 mundanum,
1669 2528 1727 2583 id
1759 2534 1849 2583 est
1885 2527 2105 2599 conju-

454 2620 553 2693 gii,
586 2620 888 2691 ingressus
909 2617 1445 2690 fuerit,culpandus
1466 2635 1587 2673 non
1612 2617 1886 2683 est,dona
1904 2622 2106 2673 tamen

454 2715 617 2766 tanta
647 2727 766 2765 non
818 2708 1107 2781 accipiet:
1165 2708 1418 2780 accipiet
1456 2713 1677 2775 tamen,
1738 2708 1879 2779 quia
1908 2707 1959 2762 is
2017 2711 2108 2761 est

452 2800 554 2871 qui
586 2798 978 2872 trigecuplum
1002 2799 1260 2854 fructum
1285 2798 1415 2853 fert.
1442 2798 1604 2863 Quod
1634 2798 1681 2853 si
1711 2797 1846 2868 quis
1877 2802 2104 2853 castum

450 2889 601 2944 illud
635 2888 976 2959 mundoque
1008 2887 1281 2959 superius
1312 2888 1729 2959 amplectatur,
1772 2886 2010 2942 tametsi
2045 2884 2105 2941 id

452 2978 747 3050 principio
779 2994 1057 3049 asperum
1086 2983 1262 3047 atque
1296 2976 1536 3032 difﬁcile
1587 2977 1874 3042 videatur,
1907 2982 2106 3031 tamen

453 3068 714 3138 legitime
746 3067 1014 3123 confecto
1046 3067 1369 3122 certamine
1402 3067 1788 3137 toleratisque
1822 3063 2105 3122 aerumnis

452 3157 605 3213 dona
637 3162 1034 3227 consequetur
1063 3158 1287 3228 majore
1321 3155 1499 3229 digna
1526 3156 1952 3223 admiratione;
1973 3155 2106 3210 tulit

2213 549 2265 630 ἔξ
2304 557 2659 635 ἀπογεύεσθαι
2721 549 2931 641 τροφῆς
2992 561 3305 625 ἐθισθέντες.
3364 566 3431 621 Αἱ
3468 561 3547 620 -δὶ
3602 549 3887 639 ἐξηγήσεις

2208 648 2493 724 τῶνὶερῶν
2551 647 2759 728 λογίων
2816 653 3059 729 γίνονται
3145 650 3329 715 αὐτοῖς
3385 651 3456 709 δι’
3511 656 3784 711 ὑπονοιῶν
3823 657 3882 712 ἐν

2210 733 2595 815 ἀλληγορίαις.
2655 745 2806 796 Πᾶσα
2885 742 2990 818 γὰρ
3066 743 3101 812 ἡ
3186 743 3480 817 νομοθεσία
3563 742 3716 800 δοκεῖ
3763 751 3885 809 τοῖς

2209 823 2430 902 ἀνδράσι
2484 829 2701 893 τούτοις
2752 832 2879 904 ζώῳ
2935 831 3189 904 ἐοικέναῖ,
3242 832 3333 888 καὶ
3391 836 3553 909 σῶμα
3586 837 3683 910 μὲν
3731 831 3882 914 ἔχειν

2206 915 2304 977 τὰς
2367 915 2537 993 ῥητὰς
2625 915 2892 993 διαλέξεις
2927 966 2941 993 ,
3014 923 3200 997 ψυχῆν
3261 920 3320 978 δὲ
3367 924 3460 980 τὸν
3512 926 3878 1000 ἀποκείμενον

2207 1010 2328 1069 ταῖς
2358 1004 2563 1079 λέξεσιν
2616 1008 2845 1081 ἀόρατον
2905 1014 3052 1070 νοῦν.
3102 1010 3379 1075 Ὡσαύτως
3439 1010 3498 1068 δὶ
3547 1022 3648 1085 τῆς
3705 1014 3883 1084 αὐτῆς

2209 1094 2342 1149 εἰσιν
2397 1097 2546 1169 ἱερᾶς
2601 1097 2886 1161 πολιτείας
2950 1099 3042 1155 καὶ
3091 1102 3467 1164 καταστάσεως
3541 1103 3631 1158 καὶ
3687 1109 3885 1179 γυναῖ-

2207 1204 2320 1252 κες,
2354 1184 2429 1239 ὧν
2460 1186 2513 1240 αἱ
2558 1185 2809 1242 πλεῖσται
2865 1187 3132 1262 γήραλέαι
3186 1192 3527 1270 τυγχάνουσι
3584 1192 3676 1247 καὶ
3733 1212 3885 1269 παρ-

2210 1271 2354 1327 θένοι
2410 1272 2500 1328 καὶ
2551 1274 2651 1343 τῆν
2735 1276 2952 1351 ἁγνείαν
3008 1274 3107 1332 οὔκ
3155 1278 3389 1356 ἀνάγκη,
3443 1282 3685 1357 καθάπερ
3744 1275 3885 1337 ἔνιαι

2209 1366 2317 1417 τῶν
2351 1364 2478 1446 παρ’
2504 1361 2779 1435 Ἕλλησιν
2839 1365 3075 1442 ἱερειῶν,
3138 1367 3441 1445 φυλάξασαι
3482 1367 3573 1425 διὰ
3616 1370 3889 1446 πρόσκαι-

2211 1469 2306 1525 ρον
2331 1445 2575 1537 ἔπαινον,
2606 1451 2735 1509 ἀλλ’
2764 1451 2825 1509 ἐκ
2853 1454 3223 1530 προαιρέσεως
3280 1457 3496 1534 ἀγαθῆς
3563 1445 3886 1537 ὀρεχθεῖσαι

2204 1537 2275 1593 τά
2307 1535 2582 1611 μέλλοντα
2611 1542 2790 1617 ἀγαθά
2818 1544 2912 1598 καὶ
2942 1545 3160 1602 αἱώνια.

2277 1630 2404 1686 Ὅτι
2458 1626 2516 1685 δὶ
2569 1631 2698 1695 τοὺς
2775 1633 3033 1707 πρώτους
3108 1637 3350 1707 κήρυκας
3441 1645 3544 1709 τῆς
3619 1640 3756 1694 κατὰ
3813 1642 3885 1697 τὸ

2211 1717 2550 1794 Εὖαγγέλιον
2611 1716 2964 1786 διδασκαλίας
3040 1723 3108 1778 τά
3164 1745 3223 1781 τε
3279 1725 3522 1803 ἀρχῆθεν
3578 1730 3718 1803 πρὸς
3765 1731 3885 1786 τῶν

2205 1806 2521 1863 ἀποστόλον
2579 1808 2994 1887 παραδεδομένα
3051 1807 3146 1884 ἔθη
3214 1812 3551 1873 καταλαϐὼν
3604 1819 3634 1873 6
3680 1818 3882 1875 Φίλων

2206 1891 2408 1973 ἔγραψε
2444 1898 2635 1971 ταῦτα,
2666 1903 2827 1956 παντί
2886 1922 2991 1957 που
3050 1900 3242 1974 δῆλον,
3303 1905 3380 1967 ὡς
3432 1907 3522 1961 καὶ
3584 1903 3884 1972 Etim-$6210:

2203 1986 2260 2074 ἓν
2313 1989 2381 2059 τῇ
2427 1987 2933 2074 ,Ἐκκλησιαστικῇ
3027 1992 3243 2067 ἱστορίᾳ
3331 1999 3502 2050 ταῦτα
3564 1995 3734 2074 λέγει.
3795 1998 3870 2056 Ὀ

2205 2073 2368 2137 αὐτὸς
2421 2073 2479 2131 δὲ
2537 2077 2629 2132 καὶ
2670 2076 2724 2132 ἐν
2770 2085 2890 2142 τοῖς
2944 2081 3080 2152 πρὸς
3143 2083 3394 2158 Μαρῖνον
3451 2073 3875 2165 ταῦτάνιρησιν.

2205 2163 2480 2254 ’,ίξσαῦτως
2534 2167 2623 2221 καὶ
2686 2169 2715 2223 6
2777 2168 2943 2245 μέγας
3014 2171 3341 2237 Ἀθανάσιός
3396 2195 3549 2254 φησι·
3614 2163 3712 2231 δύο
3763 2177 3878 2253 γὰρ

2207 2249 2348 2309 ὁδῶν
2405 2255 2493 2309 καὶ
2551 2254 2851 2311 πολιτειῶν
2911 2258 3088 2314 οὐσῶν
3158 2260 3211 2316 έν
3257 2267 3336 2335 τῷ
3398 2249 3526 2340 βίῳ,
3588 2271 3714 2337 μιᾶς

2212 2346 2577 2419 μετριωτέρας
2638 2346 2723 2401 καὶ
2789 2347 3107 2422 βασιλικῆς,
3163 2356 3264 2406 τοῦ
3310 2352 3493 2429 γάμου
3538 2352 3708 2430 λέγω,
3762 2355 3881 2413 ἐτέ-

2210 2452 2304 2507 ρας
2337 2430 2393 2488 δὲ
2453 2432 2745 2511 ἀγγελικῆς
2800 2438 2891 2493 καὶ
2948 2438 3322 2511 ἀποπολικῆς
3378 2442 3470 2498 καὶ
3530 2440 3882 2521 ἀνυπερϐλή-

2205 2542 2325 2591 του,
2355 2530 2457 2593 τῆς
2502 2524 2793 2600 παρθενίας
2850 2528 2975 2597 ἤτοι
3032 2536 3133 2599 τῆς
3195 2528 3500 2604 μοναδικῆς
3559 2533 3877 2607 πολιτείας,

2209 2611 2255 2665 εί
2291 2612 2385 2685 μέν
2413 2631 2495 2675 τις
2524 2615 2625 2684 τῆν
2653 2618 2926 2689 κοσμικὴν
2965 2619 3211 2674 τουτέστι
3266 2621 3362 2675 τὸν
3418 2622 3594 2696 γάμον
3652 2619 3873 2698 ἵλοιτο,

2212 2700 2418 2775 μέμψιν
2451 2700 2550 2757 οὐκ
2579 2700 2717 2779 ἔχει,
2749 2710 2982 2762 τοσαῦτα
3021 2704 3078 2762 δὲ
3109 2706 3426 2784 χαρίσματα
3486 2710 3548 2766 οὗ
3604 2709 3872 2787 λήψεται·

2209 2788 2446 2863 λήψεται
2501 2792 2635 2869 γὰρ,
2695 2791 2882 2865 ἐπειδὴ
2944 2795 3094 2872 φέρει
3145 2796 3237 2852 καὶ
3297 2798 3463 2862 αὐτὸς
3522 2800 3729 2875 καρπὸν
3774 2802 3877 2857 τὸν

2204 2880 2498 2953 τριάκοντα
2532 2925 2544 2940 .
2606 2881 2669 2939 El
2754 2879 2811 2938 δὲ
2894 2885 2995 2954 τῆν
3080 2886 3247 2963 ἁγνῆν
3323 2888 3414 2943 καὶ
3496 2889 3872 2965 ὗπερκόσμιον

2207 2968 2510 3025 ἀσπάσοιτό
2568 2992 2652 3034 τις
2687 3015 2702 3041 ,
2763 2972 2808 3026 εί
2866 2973 2955 3029 καὶ
3012 2981 3244 3051 τραχεῖα
3300 2978 3448 3053 παρᾶ
3502 2981 3604 3049 τήν
3664 2979 3870 3054 ἀρετὴν

2213 3056 2451 3144 μάλιστα
2479 3060 2569 3115 καὶ
2601 3058 3044 3138 δυσκατόρθωτος
3077 3064 3401 3144 φαίνετεται,
3429 3065 3555 3123 ἀλλ’
3584 3062 3701 3144 ἔχει
3731 3070 3875 3143 μετά

2206 3148 2307 3217 τὴν
2339 3141 2563 3221 ἔννομον
2611 3146 2841 3221 ἄθλησιν
2894 3150 2984 3207 καὶ
3044 3141 3327 3228 καρτερίαν
3383 3141 3701 3233 χαρίσματα
3732 3141 3870 3213 θαυα

451 3247 610 3304 enim
642 3216 899 3301 fructuin
931 3216 1301 3318 centuplum,
1333 3216 1665 3316 perfectum
1706 3252 1765 3300 et
1817 3216 2096 3317 plenissi-

2208 3235 2517 3311 μασιώτερα
2572 3239 2663 3293 καὶ
2741 3238 3054 3316 ἁξιάγαστα·
3143 3242 3236 3299 τὸν
3306 3216 3424 3320 γάέ
3464 3216 3695 3302 ⁸τέλειον
3772 3247 3872 3303 καὶ

447 3354 633 3405 mum,
659 3334 1038 3408 splendidum
1062 3335 1305 3391 omnino
1345 3340 1524 3406 atque
1559 3340 1765 3391 sancta
1812 3333 2096 3404 dignitate

445 3427 894 3498 insignem.Quo
925 3425 1105 3498 igitur
1137 3423 1311 3480 modo
1345 3425 1594 3495 antiqua
1618 3424 1711 3479 lex
1743 3425 1803 3479 in
1830 3423 1945 3479 duo
1967 3423 2098 3478 vitae

445 3533 666 3589 genera
720 3516 835 3571 fuit
890 3514 1188 3582 distincta,
1223 3514 1477 3570 alterum
1500 3516 1657 3571 354
1692 3514 2094 3570 Pharisaicum

446 3604 801 3671 etsublime,
834 3604 1088 3660 alterum
1139 3620 1207 3660 eo
1231 3603 1492 3659 deterius
1516 3610 1573 3658 et
1622 3603 1800 3675 hujus
1830 3602 1960 3657 vitae
1988 3619 2096 3658 ne-

446 3693 828 3751 cessitatibus
864 3692 1211 3759 obnoxium,
1241 3693 1325 3747 ita
1353 3697 1413 3747 et
1442 3690 1915 3747 Christianorum
1946 3707 2099 3746 nova

445 3784 541 3839 lex
570 3784 631 3837 in
656 3782 1044 3837 monasticam
1075 3799 1141 3837 ac
1173 3780 1491 3837 sublimem
1514 3786 1572 3836 et
1602 3780 1663 3836 in
1685 3780 1984 3853 vulgarem
2018 3780 2088 3834 vi-

442 3873 614 3928 vendi
648 3872 938 3927 rationem
969 3871 1270 3926 tribuitur.

512 3945 797 4000 Pharisaei
828 3960 1050 3999 nomen
1106 3960 1141 3998 a
1197 3942 1570 4013 separatione
1630 3941 1871 4010 habent,
1935 3940 2094 4012 quod

439 4049 570 4090 sese
595 4032 668 4089 ab
700 4032 979 4088 omnibus
1027 4031 1162 4088 aliis
1211 4031 1634 4102 sejunxissent,
1680 4037 1744 4085 ut
1773 4031 1950 4085 vitam
1983 4047 2090 4102 pu-

440 4122 741 4178 rissimam
801 4126 979 4193 atque
1034 4120 1542 4176 accuratissimam
1577 4121 1908 4176 secundum
1948 4120 2095 4192 legis

442 4211 855 4284 praescriptum
895 4215 1140 4282 possent
1168 4228 1362 4284 agere.
1414 4209 1692 4266 Eamdem
1748 4210 1879 4264 vitae
1909 4209 2092 4266 ratio-

441 4318 581 4357 nem
615 4301 796 4356 etiam
832 4300 984 4371 legis
1006 4298 1522 4369 doctores,Scribae
1556 4298 1718 4368 dicti,
1751 4302 2091 4353 tenuerunt.

441 4390 662 4446 Eadem
692 4389 974 4459 utrinque
1032 4388 1228 4445 studia
1258 4388 1661 4456 continentiae,
1716 4387 2090 4460 virginitatis,

428 4479 651 4552 jejunii
679 4480 769 4533 bis
800 4479 862 4532 in
908 4478 1259 4549 septimana,
1294 4478 1685 4534 sextariorum
1734 4477 2092 4555 patellarum

2202 3321 2579 3401 πληρέστατον
2606 3328 2833 3400 καρπὸν,
2873 3331 2975 3401 τῆν
3036 3330 3367 3389 δκατοντάδα
3427 3332 3595 3411 λέγω,
3630 3333 3863 3412 φαιδρὸν

2201 3413 2292 3467 καὶ
2400 3416 2707 3493 ἁγιοπρεπῆ
2816 3418 3037 3483 πάντως
3121 3419 3507 3496 ἐγκατέοτησεν
3542 3468 3555 3483 .
3651 3424 3870 3483 Οὐκοῦν

2203 3500 2385 3578 ὥσπερ
2426 3505 2454 3559 6
2511 3503 2749 3569 παλαιὸς
2804 3507 2973 3582 νόμος
3032 3509 3112 3573 εἷς
3168 3508 3265 3566 δύο
3318 3512 3470 3586 βίους
3523 3514 3591 3583 ἧν
3657 3511 3867 3590 διῃρη-

2205 3593 2385 3665 μένος,
2430 3593 2505 3655 είς
2558 3615 2617 3650 τε
2668 3597 2759 3651 τὸν
2815 3599 3153 3672 Φαρισαϊκὸν
3211 3601 3303 3656 καὶ
3363 3601 3575 3676 ὑψηλὸν
3634 3604 3727 3659 καὶ
3784 3604 3869 3670 εἰς

2199 3682 2291 3737 τὸν
2328 3681 2711 3760 ὑποδεέστερον
2742 3687 2833 3742 καὶ
2878 3693 3170 3763 κοαμίκὸν,
3203 3688 3348 3746 οὕτω
3406 3688 3474 3762 δῆ
3541 3692 3631 3748 καὶ
3664 3694 3693 3748 6
3722 3694 3863 3751 κατᾶ

2200 3774 2622 3863 χριςτιανισμὸν
2679 3776 2803 3838 νέος
2834 3787 3036 3852 θεσμος
3099 3779 3174 3843 εἷς
3233 3777 3524 3854 μοναδικὸν
3579 3781 3860 3863 ὖπερφερῆ

2197 3862 2287 3917 καὶ
2321 3862 2601 3938 βιωτικόν.

2271 3957 2563 4027 Φαρισαῖοι
2605 3955 2815 4027 τοίνυν,
2876 3956 3307 4032 έρμηνευόμενοι
3365 3960 3729 4039 ἀφωρισμένοι
3759 3961 3851 4015 καὶ

2203 4044 2641 4116 μεμερισμένοι,
2697 4045 2847 4119 παρά
2928 4046 2992 4101 τὸ
3081 4048 3320 4122 μερίζειν
3405 4050 3493 4105 καὶ
3585 4048 3858 4127 ἀφορίζειν

2198 4129 2424 4193 ἑαυτοὺς
2479 4135 2587 4187 τῶν
2677 4130 2865 4190 ἄλλων
2940 4135 3190 4191 ἀπάντων
3245 4134 3500 4213 ἐλέγοντο
3553 4140 3632 4202 εἲς
3685 4159 3743 4194 τε
3799 4140 3863 4195 τὸ

2192 4220 2414 4294 καθαρώ
2488 4240 2581 4276 τον
2637 4226 2735 4276 τοῦ
2772 4223 2892 4298 βιου
2941 4224 3028 4279 καὶ
3062 4220 3450 4301 ἀκριϐέστατον
3506 4228 3597 4283 καὶ
3653 4228 3733 4291 είς
3790 4229 3862 4284 τὰ

2194 4312 2293 4363 τοῦ
2347 4308 2521 4381 νόμου
2588 4308 2917 4385 ἐντάλματα.
2980 4314 3089 4371 Τὸν
3149 4312 3208 4370 δὲ
3263 4315 3424 4371 αὐτὸν
3488 4316 3605 4392 βίον
3665 4316 3865 4393 μετέρο

2198 4415 2393 4473 χονται
2425 4398 2515 4454 καὶ
2545 4401 2596 4454 οἱ
2630 4406 3000 4476 Γραμματεῖς,
3065 4406 3195 4479 παρ’
3252 4406 3341 4468 οἷς
3396 4404 3486 4461 καὶ
3542 4405 3796 4463 πολιτεία
3824 4410 3862 4478 ἡ

2195 4487 2333 4557 αὐτή
2407 4486 2697 4564 ἐγκράταιά
2752 4511 2809 4546 τε
2861 4490 2952 4547 καὶ
3009 4494 3293 4565 παρθενία,
3345 4496 3569 4566 νηστεία
3625 4493 3711 4561 δὶς
3762 4501 3866 4553 τοῦ

434 4574 612 4639 atque
713 4566 1064 4638 poculorum
1139 4566 1483 4638 ablutionis,
1546 4566 1962 4622 decimationis
2032 4570 2093 4621 et

2206 4571 2513 4648 Σαϐϐάτου,
2544 4582 2761 4651 ξεστῶν,
2791 4581 2883 4636 καὶ
2941 4582 3207 4655 πινάκων,
3266 4585 3354 4639 καὶ
3413 4587 3697 4659 ποτηρίων
3757 4607 3862 4642 κα-

434 4655 1174 4728 primitiarum,assiduaru
1184 4673 1235 4711 m
1252 4673 1513 4729 precum,
1524 4672 1592 4710 ac
1610 4654 1843 4725 reliqua
1861 4653 2084 4710 omnia.

439 4745 734 4801 Mirabiles
765 4750 962 4801 autem
994 4747 1173 4802 Essani
1201 4747 1272 4801 iis
1303 4746 1565 4818 potiores
1596 4749 1754 4811 sunt,
1781 4744 1880 4814 qui
1910 4743 2086 4817 longe

439 4834 531 4889 his
588 4833 973 4890 antecellunt.
1001 4835 1151 4889 Sane
1184 4833 1415 4889 Paulus
1451 4832 1845 4904 pharisaicam
1884 4832 2083 4890 vitam.

436 4927 501 4977 ut
562 4922 1119 4994 prmstantissimam
1178 4925 1438 4977 sectatus
1487 4920 1645 4975 haud
1676 4920 1923 4976 obscure
1953 4937 2085 4979 eam

433 5028 559 5067 rem
584 5010 1109 5083 jactat,Hebraeum
1133 5027 1195 5065 se
1229 5026 1298 5064 ex
1330 5009 1589 5065 Hebraeis
1620 5016 1679 5065 et
1720 5010 2085 5066 Pharisacum

432 5102 762 5158 secundum
795 5100 988 5172 legem
1049 5099 1392 5154 nominans.
1427 5101 1631 5170 Itaque
1661 5101 1945 5155 Dominus
1976 5118 2084 5156 no-

433 5196 556 5247 ster
586 5190 1005 5263 perfectiorem
1037 5193 1096 5243 et
1142 5188 1471 5260 angelicam
1531 5189 1711 5244 vitam
1770 5191 2084 5261 perspicue

433 5280 852 5352 praescribens,
886 5278 1046 5334 haud
1084 5278 1307 5349 injuria
1364 5277 1736 5334 denuntiavit
1781 5278 2083 5336 caelestem

435 5368 844 5425 haereditatem
900 5368 1321 5440 appetentibus
1378 5384 1479 5424 eos
1539 5368 1599 5422 in
1627 5383 1873 5439 regnum
1906 5369 2084 5425 callo-

435 5472 570 5512 rum
592 5475 713 5514 non
750 5459 1100 5527 intraturos,
1133 5457 1248 5511 nisi
1303 5457 1598 5528 justitiam
1656 5457 1999 5514 Pharisaica
2027 5463 2088 5515 et

437 5543 774 5602 Scribarum
796 5546 1034 5618 justitia
1065 5546 1420 5619 ampliorem
1451 5545 1754 5602 consecuti
1786 5546 2067 5611 fuissent'

507 5642 529 5679 ⁸
556 5643 760 5700 Matth.
784 5659 839 5714 ν,
861 5647 952 5701 20.

2197 4669 2478 4743 οαρισμοῖ,
2552 4668 2987 4735 ἅποδεκατώσεις
3062 4693 3121 4730 τε
3176 4674 3263 4729 καὶ
3323 4674 3570 4751 ἀπαρχαὶ
3627 4676 3716 4732 καὶ
3777 4678 3867 4733 ἒν-

2197 4753 2445 4832 δελεχεῖς
2497 4756 2656 4833 εὐχαὶ
2691 4803 2706 4829 ,
2763 4760 2855 4815 καὶ
2911 4761 2977 4818 τὰ
3036 4761 3205 4818 λοιπὰ
3259 4756 3431 4820 πάντα
3461 4809 3475 4832 ,
3537 4765 3865 4842 ὑπεξαιρου-

2201 4845 2376 4920 μένων
2424 4842 2685 4917 δηλονότι
2742 4854 2850 4905 τῶν
2909 4852 3223 4924 θαυμασίων
3259 4854 3521 4911 Ἐσσαίων
3555 4856 3631 4918 ὡς
3690 4857 3865 4933 ὑπερ-

2192 4936 2366 5011 τέρων
2399 4934 2605 5015 σφόδρα
2639 4938 2727 4995 καὶ
2786 4939 2912 4996 λίαν
2971 4942 3394 5018 ὑπερκειμένων.
3438 4946 3540 5002 Ἦν
3580 4943 3647 5017 δὴ
3684 4954 3867 5019 Φαρι-

2196 5026 2390 5095 σαϊκήν
2446 5028 2520 5090 ὡς
2597 5029 2821 5103 ἄριστον
2897 5029 3183 5087 πολιτείαν
3245 5035 3274 5089 ὁ
3327 5033 3546 5099 Παῦλος
3607 5036 3870 5106 ζηλώσας

2196 5117 2284 5189 [Ρ.
2342 5118 2467 5202 ᾎΟΞ]
2538 5119 2596 5173 εὗ
2659 5120 2811 5192 μάλα
2868 5120 3234 5194 σεμνύνεται,
3306 5123 3545 5201 φάσκων·
3606 5122 3870 5202 Ἐϐραῖος

2195 5199 2567 5281 έξἘϐραίων,
2611 5209 2748 5263 κατὰ
2805 5209 2977 5282 νόμον
3035 5199 3360 5285 Φαρισαῖος’
3416 5215 3579 5280 ’Ὀθεν
3640 5199 3873 5280 εἰσιότως

2194 5293 2572 5371 καὶὸΚύρτος
2641 5299 2802 5371 ἡμῶν
2861 5299 2955 5354 τὸν
3015 5299 3353 5377 τελειότερον
3411 5304 3502 5358 καὶ
3576 5304 3873 5381 ἀγγελικὸν

2197 5381 2590 5457 ὑποτιθέμενος
2639 5384 2882 5463 ἐναργῶς
2944 5388 3065 5463 βίον
3121 5384 3317 5468 ἔφασκε
3383 5392 3523 5467 πρὸς
3558 5394 3692 5457 τοὺς
3745 5392 3877 5468 ἐρα-

2196 5473 2322 5536 στὰς
2344 5480 2445 5543 τῆς
2477 5475 2735 5550 οὐρανίου
2792 5474 3159 5555 κληρουχίαςσ
3195 5504 3223 5534 ‹‹
3257 5481 3382 5538 Ἐὰν
3420 5482 3497 5557 μὴ
3530 5486 3871 5559 περισσεύση

2194 5564 2231 5632 ἡ
2291 5560 2616 5635 δικαιοσύνη
2674 5565 2832 5641 ὑμῶν
2917 5566 3091 5624 πλέον
3173 5574 3283 5626 τῶν
3340 5573 3714 5647 Γράμματέων
3772 5576 3871 5631 καὶ
