4154 6414
346 382 475 443 393

1486 376 2023 439 HISTORIARUM
2074 377 2615 442 COMPE‘NDIUM.

3663 385 3784 448 394

347 512 687 588 Φαρισαίων,
729 513 794 567 οὐ
830 513 904 585 μὴ
936 510 1216 582 είσέλθητὲ
1273 511 1350 575 εἰς
1402 510 1501 579 τήν
1558 507 1838 585 βασιλείαν
1892 512 2001 565 τῶν

2119 512 2307 581 Atque
2393 512 2531 568 hinc
2581 513 2899 586 Dionysius
2978 511 3078 569 ille
3135 515 3493 586 apostolicus
3549 534 3786 575 sacrum

352 605 622 679 οὐρανῶν.
660 603 906 665 »Ἔνθεν
963 602 1027 676 γε
1078 621 1167 656 τοι
1228 600 1317 655 καὶ
1376 600 1404 656 ὁ
1461 598 1828 662 ἀποστολικὸς
1889 606 2016 654 Διο-

352 694 539 754 νύσιος
580 691 973 763 ἀποσεμνύνων
1018 692 1121 761 τὴν
1182 690 1325 767 ἱερὰν
1382 694 1492 744 τῶν
1545 694 1808 768 μοναχῶν
1866 689 2014 758 τάξιν

354 782 502 838 οὕτω
544 780 732 860 φησίν·
765 804 794 832 (ι
826 781 894 835 Ἦ
952 776 1009 835 δὲ
1045 782 1153 834 τῶν
1212 776 1559 851 τελουμένων
1615 779 1840 834 ἁπασῶν
1872 777 2017 850 ὕψη-

353 869 556 945 λοτὲρα
580 870 731 938 τάξις
769 871 805 939 ἡ
856 873 966 923 τῶν
1027 872 1288 946 μοναχῶν
1346 866 1487 923 ἐστιν
1544 866 1664 944 ἱερᾶ
1711 864 2017 940 διακόσμη-

344 980 433 1021 σις
482 1002 496 1026 ,
563 962 738 1014 πᾶσαν
822 958 919 1031 μὲν
1000 957 1480 1032 ἀποκεκαθαρμὲνη
1559 956 1816 1030 κάθαρσιν
1873 953 2016 1030 ὁλκῇ

346 1046 581 1122 δυνάμει
662 1049 755 1103 καὶ
865 1046 1122 1103 παντελεῖ
1232 1051 1341 1102 τῶν
1426 1046 1646 1102 οίκείων
1731 1046 2017 1119 ἐνεργειῶν

343 1139 632 1214 ἁγνότητι.
672 1139 862 1201 Ἔνθεν
918 1139 971 1192 οἱ
1026 1138 1163 1192 θεῖοι
1228 1136 1600 1211 καθηγεμόνες
1649 1138 1810 1211 ἡμῶν
1872 1136 2019 1192 ἐπω-

339 1228 535 1301 νύμων
602 1227 829 1291 ἕαυτους
887 1227 1044 1302 ἱερῶν
1075 1225 1336 1297 ἠξίωσαν,
1398 1226 1451 1281 οἱ
1504 1227 1598 1299 μὶν
1657 1225 2018 1301 Θεραπευτᾶς,

337 1319 399 1373 οἱ
429 1316 490 1373 δὲ
523 1314 802 1393 μοναχοὺς
844 1314 1229 1389 ὀνομάσαντες,
1277 1316 1339 1371 ἐκ
1362 1322 1464 1385 τῆς
1490 1319 1588 1371 τοῦ
1617 1320 1752 1372 Θεοῦ
1781 1320 2018 1392 καθαρᾶς

336 1406 645 1483 ὑπηρεσίας
676 1407 763 1461 καὶ
808 1405 1122 1480 θεραπείας.
1157 1429 1187 1457 ››

410 1499 598 1554 Ταῦτα
640 1494 700 1550 ἐκ
746 1492 997 1550 πολλῶν
1053 1493 1435 1569 ἐρανισάμενος
1492 1493 1654 1568 ὀλίγα
1713 1495 2021 1568 ἀναγκαίως

332 1586 502 1658 οἶμαι
562 1583 869 1639 συντέθεικα
926 1580 1016 1637 διὰ
1074 1581 1215 1645 τοὺς
1282 1581 1685 1657 ἐπαποροῦντας
1734 1583 1869 1637 πότε
1927 1581 2019 1637 καὶ

331 1676 504 1731 πόθεν
537 1675 574 1743 ἡ
603 1677 714 1729 τῶν
748 1675 1006 1747 μοναχῶν
1059 1670 1262 1747 ἤρξατο
1341 1668 1585 1746 διαγωγή
1617 1692 1674 1726 τε
1728 1672 1817 1726 καὶ
1851 1670 2019 1741 ἅσκη’

331 1784 423 1826 σις
470 1765 560 1819 καὶ
606 1763 780 1836 τάξις.
833 1765 945 1817 Ποῦ
1001 1760 1185 1817 τοίνυν
1256 1761 1387 1816 εἰσιν
1463 1763 1514 1816 οἱ
1570 1763 1670 1829 τήν
1726 1758 2023 1834 μοναδικήν

2125 602 2557 658 monachorum
2616 603 2891 660 ordinem
2951 603 3302 675 praadicans,
3352 606 3435 661 ita
3477 606 3780 678 loquitur:

2132 710 2153 739 α
2184 691 2463 746 Omnium
2533 708 2840 749 sacrorum
2922 693 3204 749 ordinum
3288 699 3349 750 et
3415 696 3786 754 celsissimus

2126 780 2557 835 monachorum
2572 780 3032 853 ordo,purgatus
3057 783 3432 839 exactissime
3456 784 3785 841 secundum

2127 866 2465 924 universam
2494 869 2860 939 facultatem,
2894 872 3178 942 omnique
3207 878 3454 928 ornatus
3511 873 3783 929 castitate

2128 974 2370 1014 suarum
2387 959 2880 1018 actionum.855
2905 963 3107 1033 Itaque
3131 961 3290 1019 beati
3311 963 3501 1020 nostri
3525 964 3783 1036 majores
3832 1004 3841 1016 .

2130 1047 2315 1102 sacris
2346 1064 2409 1103 se
2440 1048 2602 1121 ipsos
2633 1050 2978 1106 nominibus
3022 1053 3369 1118 affecerunt,
3405 1053 3783 1125 therapeutas

2130 1139 2189 1189 et
2213 1136 2538 1193 monachos
2569 1137 2961 1210 appellantes,
2986 1156 3053 1195 eo
3101 1139 3260 1212 quod
3289 1141 3409 1197 Deo
3449 1146 3610 1198 caste
3658 1157 3785 1196 ser-

2129 1223 2314 1281 viuut.
2350 1246 2380 1275 »

2203 1496 2337 1551 Haec
2357 1513 2547 1568 pauca
2576 1498 2648 1554 de
2680 1498 2885 1554 multis
2918 1516 3163 1557 necesse
3194 1500 3374 1558 habui
3406 1502 3683 1575 colligere
3712 1518 3783 1560 ac

2131 1583 2352 1639 referre
2382 1591 2628 1656 propter
2654 1604 2756 1642 eos
2786 1588 2886 1659 qui
2920 1588 3249 1661 disputant,
3280 1592 3520 1662 quando
3548 1598 3606 1648 et
3625 1592 3782 1648 unde

2131 1673 2564 1730 monachorum
2590 1677 2838 1748 cceperit
2870 1677 3014 1733 ordo
3038 1685 3218 1749 atque
3249 1680 3383 1736 vita;
3413 1681 3779 1738 institutum.

2134 1762 2240 1817 Ubi
2290 1769 2431 1818 sunt
2472 1780 2608 1836 ergo
2650 1765 2976 1839 imaginum
3021 1774 3477 1840 oppugnatores,
3517 1771 3620 1841 qui
3650 1788 3785 1827 mo-

330 1852 625 1909 πολιτείαν
666 1852 803 1924 μετά
825 1856 933 1907 τῶν
974 1848 1164 1906 ἄλλων
1210 1854 1310 1920 τῆς
1370 1851 1543 1905 ἀποστ
1562 1848 1757 1918 ολικῆς
1790 1848 2006 1917 Ἐκκλη-

2132 1851 2421 1908 nasticam
2447 1853 2626 1908 vitam
2658 1870 2778 1910 una
2808 1871 2942 1910 cum
2974 1856 3111 1911 aliis
3140 1858 3481 1928 apostolica)
3502 1860 3783 1917 Ecclesia;

333 1943 459 2004 σίας
511 1941 668 1996 θείων
704 1937 1058 2015 παραδόσεων
1114 1960 1175 1995 τε
1213 1940 1301 1994 καὶ
1373 1941 1587 2012 θεσμῶν
1661 1938 2023 2018 εἶκονομάχοι

339 2025 618 2093 δυσσεϐῶς
703 2031 792 2084 καὶ
878 2029 1129 2099 ἀνοήτως
1222 2024 1676 2100 ἀποϐαλλόμενοι
1754 2027 1845 2083 καὶ
1901 2026 2022 2084 δια-

344 2118 964 2195 πτπντες,ἀρτιφανεῖς
999 2114 1280 2187 Ἰουδαῖοι,
1329 2118 1421 2172 καὶ
1483 2119 1624 2173 κειτᾶ
1689 2117 1784 2173 τὸν
1849 2113 2018 2187 ἀσεϐῆ

347 2208 441 2262 καὶ
473 2209 718 2282 θεοστυγῆ
779 2207 1143 2285 μυσταγωγὸν
1204 2206 1383 2262 αὐτῶν
1448 2210 1561 2263 Κοπ
1585 2207 1842 2282 ρώνυμον
1897 2206 2017 2262 νέαν

349 2296 442 2352 καὶ
500 2297 798 2373 πρόσφατον
853 2296 1060 2367 ταύτην
1104 2294 1530 2372 δογματίζοντες
1588 2296 1640 2367 ἐξ
1706 2294 1876 2370 ἄκρας
1914 2317 2020 2370 μα·-

341 2386 462 2443 νίας
503 2406 561 2440 τε
616 2385 703 2441 καὶ
762 2384 1024 2447 ἀπονοίας
1068 2385 1159 2440 καὶ
1219 2379 1573 2460 ἀϐελτηρίας,
1632 2386 1708 2459 μή
1767 2390 2022 2450 νοοῦντες

334 2475 480 2547 μήτε
522 2475 553 2529 ἂ
609 2475 850 2548 Λέγουσι,
913 2476 1056 2547 μήτε
1112 2474 1237 2549 περὶ
1294 2473 1457 2529 τίνων
1529 2469 2017 2551 διαϐεϐαιοῦνται;

343 2565 541 2637 Ἡμεῖς
600 2563 657 2620 ὂὶ
735 2570 856 2628 ταῖς
923 2561 1304 2627 διδασκαλίαις
1360 2568 1472 2620 τῶν
1526 2564 1699 2641 ἁγίων
1761 2564 2015 2639 Πατέρων

328 2653 599 2728 ἑπόμενοι
629 2654 720 2709 καὶ
776 2653 1010 2730 ἀρχαίαν
1043 2653 1248 2725 ταυτην
1295 2653 1389 2709 καὶ
1446 2651 1682 2709 παλαιὰν
1750 2653 2015 2709 πιστεύο-

336 2762 434 2816 μεν
467 2740 752 2817 ὑπάρχειν.

407 2829 584 2888 Ἀλλᾶ
622 2831 714 2886 καὶ
747 2832 776 2885 6
833 2829 996 2908 μέγας
1051 2829 1340 2892 Βασίλειος
1391 2829 1518 2905 περὶ
1592 2830 1873 2906 ὑποταγῆς
1925 2821 2017 2886 καἱ

336 2917 665 2993 μοναδικῆς
715 2918 999 2982 πολιτείας
1058 2920 1214 2992 ἐξιὼν
1289 2919 1464 2981 οὕτως
1517 2914 1643 2996 ἔφη’
1702 2923 1800 2975 Διά
1853 2924 2016 2980 τοῦτο

327 3012 422 3067 καὶ
469 3012 500 3066 6
550 3010 941 3089 φιλάνθρωπος
1027 3009 1250 3085 Κύριος,
1330 3006 1638 3083 κηδόμενος
1693 3012 1860 3084 ἡμῶν
1915 3016 2016 3081 τῆς

328 3100 636 3175 σωτηρίας,
678 3100 753 3162 εἷς
802 3097 898 3155 δύο
934 3100 1103 3175 βίους
1163 3097 1342 3155 διεῖλε
1398 3100 1464 3155 τὰ
1518 3101 1627 3155 τῶν
1689 3099 2014 3181 ἀνθρώπων,

2131 1939 2553 1998 traditionibus
2584 1947 2763 2014 atque
2793 1944 3322 2002 constitutionibus
3354 1947 3539 2019 impie
3571 1954 3630 2005 et
3657 1954 3780 2004 sto-

2126 2026 2247 2083 lide
2277 2030 2560 2102 rejiciunt
2605 2037 2783 2103 atque
2840 2040 3201 2106 conspuunt,
3246 2040 3518 2092 recentes
3547 2036 3782 2093 Judaai?

2125 2117 2234 2181 Qui
2277 2119 2529 2190 impium
2582 2137 2650 2176 ac
2711 2120 2826 2177 diis
2884 2122 3140 2178 invisum
3191 2140 3365 2180 suum
3416 2125 3779 2183 initiatorem

2125 2207 2566 2279 Copronymum
2598 2210 2787 2266 secuti
2811 2228 3029 2267 novum
3062 2230 3189 2267 esse
3235 2219 3413 2285 atque
3473 2221 3779 2273 recentem

2125 2295 2287 2351 hunc
2317 2296 2589 2355 ordinem
2620 2306 2916 2367 asserunt,
2950 2318 3184 2358 summa
3209 2303 3467 2371 insania,
3483 2304 3785 2362 dementia

2124 2401 2193 2441 ac
2222 2386 2474 2443 stultitia
2499 2388 2756 2461 decepti,
2790 2406 2985 2461 neque
3018 2391 3109 2446 vel
3135 2391 3279 2462 quid
3323 2392 3525 2449 dicant
3554 2394 3646 2450 vel
3701 2395 3775 2452 de

2124 2475 2341 2545 quibus
2365 2483 2705 2533 asseverent
2753 2478 3156 2552 intelligentes
3185 2480 3212 2535 ?
3264 2482 3379 2536 Nos
3419 2488 3620 2539 autem
3675 2483 3779 2541 do-

2124 2565 2376 2621 ctrinam
2400 2572 2745 2622 sanctorum
2776 2569 3019 2624 Patrum
3058 2570 3247 2625 secuti
3305 2570 3607 2629 credimus
3641 2589 3781 2632 eum

2126 2658 2423 2710 vetustum
2444 2660 2624 2726 atque
2650 2656 2965 2727 antiquum
2996 2673 3149 2713 esse.

2192 2832 2304 2887 Sed
2337 2838 2395 2888 et
2443 2849 2692 2907 magnus
2746 2834 3000 2891 Basilius
3046 2835 3119 2892 de
3174 2835 3477 2894 bonorum
3526 2855 3775 2896 suorum

2118 2920 2471 2978 dimissione
2497 2929 2558 2978 et
2614 2924 2733 2980 vita
2784 2925 3115 2981 monastica
3147 2925 3232 2982 sic
3266 2927 3544 2984 disserit:
3567 2933 3774 3001 Itaque

2121 3011 2299 3067 etiam
2331 3012 2630 3069 humanus
2655 3018 2859 3070 noster
2877 3015 3166 3071 Dominus
3186 3022 3404 3073 nostra;
3426 3017 3639 3075 salutis
3669 3036 3775 3075 cu-

2118 3117 2245 3156 ram
2269 3116 2502 3173 gerens,
2554 3103 2616 3158 in
2674 3103 2791 3159 duo
2823 3104 2953 3159 vita;
3001 3103 3452 3176 generaldivisit
3479 3107 3776 3178 homines,

327 3191 590 3267 συζυγίαν
647 3189 741 3245 καὶ
799 3190 1111 3264 παρθενίαν,
1167 3189 1260 3244 ἳνα
1315 3191 1343 3244 6
1397 3195 1471 3262 μῆ
1536 3187 1837 3263 δυνάμενος
1902 3191 2006 3245 ὑπ-

332 3301 345 3303 ,
392 3301 405 3303 -
437 3285 559 3303 ηγΑὟΑ
648 3278 703 3303 -ὶ
735 3300 741 3303 .
802 3285 900 3303 -ΑἿ-
992 3281 1166 3303 ___-n_,
1200 3278 1272 3303 ,'--_
1352 3279 1439 3303 ---Α
1503 3278 1776 3303 ),_._,I__-__
1836 3278 1919 3303 )‘n\
1944 3301 1977 3303 ,κ

2119 3193 2472 3265 virginitatis
2502 3211 2717 3266 nempe
2749 3201 2807 3249 et
2844 3195 3131 3268 conjugii,
3155 3203 3221 3251 ut
3242 3197 3342 3268 qui
3376 3199 3569 3270 impar
3597 3199 3774 3271 virgi-

326 3285 561 3356 ενεγκεῖν
645 3278 743 3334 τὸν
799 3285 900 3349 τῆς
988 3278 1272 3355 παρθενίας
1351 3279 1440 3333 καὶ
1496 3278 1778 3349 ἀσκήσεως
1829 3278 1995 3335 ἆθλον

328 3368 469 3443 ἔλθῃ
499 3370 577 3434 εἰς
606 3369 920 3439 συνοίκησιν
976 3369 1252 3444 γυναικὸς,
1286 3367 1455 3424 ἐκεῖνο
1513 3367 1672 3430 εἰδὼς
1704 3370 1779 3431 ὡς
1835 3369 1997 3425 ἀπαι-

324 3461 632 3530 τηθήσειτα
662 3456 831 3533 λόγον
864 3456 1223 3536 σωφροσῦνης
1273 3458 1362 3513 καὶ
1422 3459 1694 3533 ἁγιασμοῦ
1749 3459 1840 3513 καὶ
1897 3460 1997 3528 τὴν

327 3551 470 3624 πρὸς
527 3549 658 3612 τοὺς
730 3550 783 3604 ἐν
870 3550 1148 3624 συζυγίαις
1202 3550 1293 3605 καὶ
1345 3550 1752 3630 τεκνοτροφίαις
1810 3551 1997 3626 ἁγίους

326 3641 625 3714 ὁμοίωσιν,
657 3639 787 3704 τούς
816 3662 876 3697 τε
919 3642 972 3697 ἐν
1018 3644 1087 3715 τῇ
1118 3639 1328 3713 παλαιᾷ
1357 3642 1448 3697 καὶ
1494 3645 1564 3716 τῇ
1622 3641 1733 3713 νὲᾳ.
1798 3644 1997 3705 Πάντες

325 3730 433 3806 γὰρ
497 3726 779 3804 ἅνθρωποι
833 3728 1327 3804 ἀπαιτηθησόμεθα
1382 3731 1482 3799 τήν
1535 3731 1670 3806 πρὸς
1722 3731 1785 3787 τὸ
1817 3730 1993 3807 Εὐαγ-

326 3814 525 3891 γέλιον
558 3815 828 3886 ὑπακοὴν,
864 3817 1102 3895 μοναχοί
1133 3837 1192 3872 τε
1247 3818 1336 3871 καὶ
1370 3817 1424 3871 οἱ
1453 3816 1505 3871 ἐν
1534 3817 1836 3896 συζυγίαις.
1869 3820 1996 3892 Ἀρ·-

327 3905 478 3961 κὲσει
511 3906 717 3980 γὰρτῷ
756 3904 846 3960 ἐπὶ
904 3906 1083 3982 γάμον
1139 3904 1354 3969 ἐλθόντι
1413 3904 1491 3968 εἷς
1547 3908 1877 3980 συγγνώμην
1932 3908 1995 3963 τὸ

327 4000 433 4064 τῆς
463 3995 726 4067 ἀκρασίας
762 3995 851 4049 καὶ
911 4000 1011 4063 τῆς
1062 3994 1199 4070 πρὸς
1246 3994 1309 4049 τὸ
1360 3992 1502 4063 θῆλυ
1559 3991 1849 4067 ἐπιθυμίας
1904 3996 1993 4050 καὶ

327 4083 623 4149 συνουσίας
673 4085 810 4158 (45).
875 4083 957 4141 Τὰ
1022 4079 1080 4139 δὶ
1137 4082 1311 4139 λοιπά
1365 4087 1473 4138 τῶν
1532 4081 1769 4139 ἐντολῶν
1831 4089 1992 4139 πᾶσιν

325 4173 538 4247 ἕμοίως
567 4171 1043 4245 νενομοθετημένα
1102 4172 1208 4228 οὐκ
1236 4168 1493 4228 ἀκίνδυνα
1551 4178 1669 4236 τοῖς
1726 4168 1993 4249 παραϐαί-

322 4282 483 4318 νουσι
522 4306 537 4332 ,
611 4263 794 4324 καθώς
853 4283 1016 4339 φησιν
1075 4262 1104 4316 6
1172 4261 1369 4337 Κύριος
1429 4263 1569 4337 πρὸς
1626 4262 1750 4325 τοὺς
1805 4262 1996 4319 ἑαυτοῦ

345 4351 619 4427 μαθητάςυ
655 4375 682 4403 ιι
704 4351 775 4408 "A
805 4347 863 4406 δὲ
892 4353 1022 4425 υμῖν
1054 4349 1219 4425 λέγω,
1249 4354 1379 4407 πᾶσι
1413 4347 1578 4427 λέγω.
1610 4375 1639 4404 »
1672 4348 1852 4408 Ἀλλὰ
1905 4351 1997 4407 καὶ

327 4443 358 4497 6
401 4441 573 4518 μέγας
614 4437 669 4495 ἒν
716 4439 979 4517 θεολογίᾳ
1032 4440 1340 4517 Γρηγόριος
1403 4441 1494 4495 καὶ
1548 4442 1576 4495 ὁ
1607 4438 1760 4517 ἅγιος
1810 4440 1997 4497 Ἰωάν-

324 4553 428 4602 νης
463 4533 493 4586 6
526 4528 912 4603 Χρυσόστομος
942 4529 1032 4585 καὶ
1063 4528 1231 4586 ἄλλοι
1280 4526 1530 4585 πλεῖστοι
1556 4534 1666 4585 τῶν
1700 4529 1856 4586 θείων
1903 4540 1994 4586 καί

2113 3282 2318 3337 uitatis
2354 3288 2412 3337 et
2460 3284 2904 3339 exercitationis
2946 3289 3103 3339 esset
3123 3286 3455 3357 certamini,
3482 3287 3531 3342 is
3565 3287 3773 3342 matri-

2106 3372 2374 3427 monium
2413 3373 2811 3439 contraheret,
2844 3373 2905 3427 id
2939 3374 3152 3441 sciens,
3196 3375 3322 3430 fore
3372 3375 3485 3430 sibi
3515 3376 3589 3431 de
3621 3382 3770 3432 tem-

2105 3461 2801 3531 perantia.sanctimonia
2822 3468 2880 3516 et
2896 3462 3296 3519 similitudine
3311 3481 3517 3521 eorum
3538 3470 3743 3521 sancto
3762 3495 3774 3506 -

2114 3566 2248 3605 rum
2262 3551 2361 3622 qui
2386 3551 2447 3606 in
2468 3552 2655 3606 veteri
2677 3568 2948 3623 novoque
2973 3557 3329 3608 testamento
3351 3552 3414 3610 in
3468 3555 3774 3611 matrimo-

2104 3640 2203 3694 nio
2254 3640 2525 3695 vixerunt
2574 3641 2872 3697 rationem
2929 3641 3570 3699 reddendam..0mnes
3610 3643 3777 3700 enim

2105 3729 2381 3785 homines
2395 3730 2690 3786 rationem
2706 3730 3144 3802 postulabimur
3158 3731 3230 3787 de
3250 3733 3777 3808 prmstitaEvange-

2102 3818 2186 3890 lio
2214 3818 2579 3886 obedientia,
2614 3820 2733 3875 sive
2752 3820 3034 3875 monachi
3075 3821 3231 3878 856
3261 3820 3388 3877 sive
3412 3822 3633 3878 mariti.
3668 3823 3777 3879 Su—

2103 3906 2289 3965 fﬁciet
2318 3908 2483 3964 enim
2502 3908 2555 3963 ei
2572 3908 2675 3979 qui
2698 3909 2941 3980 nuptias
2955 3908 3166 3964 habuit
3185 3909 3260 3965 ad
3299 3911 3533 3966 veniam
3563 3912 3771 3968 incon-

2106 3995 2385 4064 tinentia,
2414 3996 2686 4052 mulieris
2712 3997 2998 4069 appetitio
3025 4002 3086 4053 et
3116 3998 3491 4055 concubitus.
3523 3999 3775 4071 Reliqua

2106 4090 2410 4157 prmcepta
2438 4085 2721 4141 omnibus
2754 4101 2826 4141 ex
2868 4103 3039 4157 raquo
3072 4087 3353 4158 imposita
3384 4089 3488 4159 qui
3520 4088 3775 4145 violave.

2105 4174 2247 4241 rint,
2273 4190 2395 4230 non
2414 4174 2660 4246 impune
2715 4174 2932 4244 ferent,
2965 4174 3120 4231 sicut
3160 4176 3447 4232 Dominus
3500 4177 3625 4233 suis
3657 4176 3779 4234 dis.

2106 4263 2322 4335 cipulis
2362 4264 2445 4319 ait
2496 4262 2560 4317 ιο.
2597 4285 2626 4313 ι(
2681 4264 2820 4329 Quae
2853 4263 3016 4320 vobis
3068 4264 3525 4332 dico,omnibus
3559 4265 3716 4323 dico.
3746 4286 3781 4320 ιι

2106 4352 2259 4419 Quin
2291 4359 2349 4408 et
2378 4369 2622 4427 magnus
2653 4352 2754 4408 ille
2805 4352 3114 4427 theologus
3147 4355 3463 4427 Gregorius
3496 4360 3768 4412 sanctus-

2108 4460 2223 4515 que
2270 4444 2530 4499 Joannes
2583 4443 3041 4513 Clirysostomus
3089 4442 3311 4515 aliique
3364 4444 3613 4517 plurimi
3706 4444 3780 4501 de

2107 4532 2297 4588 beatis
2327 4531 2600 4587 Patribus
2656 4531 2796 4587 hinc
2845 4531 2986 4587 inde
3037 4532 3160 4588 suis
3184 4533 3246 4589 in
3278 4533 3515 4605 scriptis
3546 4534 3768 4590 conﬁr-

330 4617 618 4697 μακαρίων
650 4621 901 4695 Πατὲρων
947 4619 1000 4675 ἐν
1059 4616 1343 4697 διαφόροις
1398 4617 1575 4675 αὐτῶν
1615 4622 1700 4693 [Ρ.
1733 4622 1864 4694 203]
1898 4620 1991 4675 λό·

2119 4626 2274 4677 mant
2302 4620 2609 4692 antiquam
2642 4636 2772 4676 esse
2804 4624 2984 4691 atque
3031 4621 3425 4692 apostolicam
3454 4624 3592 4680 vitm
3632 4639 3695 4679 m
3716 4641 3776 4680 ο.

413 4750 461 4788 ιο
481 4752 685 4808 Matth.
717 4767 842 4821 xm,
869 4752 958 4806 34.

1549 4876 1916 4934 XYLANDRI
1946 4876 2033 4933 ET
2064 4877 2283 4934 GOABI
2316 4876 2536 4932 ΝΟΤιΕ.

407 4972 527 5045 (45)
561 4973 746 5030 Locus
777 4978 867 5029 est
914 4972 1185 5041 mutilus,
1246 4990 1422 5045 quem
1472 4974 1548 5030 ad
1604 4975 1847 5031 verbum
1902 4993 2000 5031 ex-

380 5046 572 5101 ressi:
633 5061 829 5116 neque
887 5045 1048 5101 enim
1103 5045 1348 5103 vacabat
1406 5045 1687 5103 Basilium
1732 5047 2000 5103 evolvere

379 5117 521 5190 ujus
551 5117 638 5173 rei
665 5133 882 5190 causa;
917 5117 1077 5187 quod
1098 5117 1277 5190 faciet
1306 5117 1405 5189 qui
1436 5118 1546 5190 hac
1568 5189 1571 5190 ν
1595 5118 1999 5190 disputatione

336 5136 417 5172 nu
449 5136 521 5172 us
551 5136 638 5173 rei
665 5136 882 5183 causa;
917 5136 1077 5187 quoa
1098 5136 1277 5173 raciet
1306 5136 1405 5189 qui
1436 5136 1546 5174 nac
1595 5136 1997 5190 disputatione

335 5136 675 5244 delectatur
695 5195 755 5244 et
784 5189 973 5243 otium
1023 5189 1219 5244 habet.
1270 5190 1382 5245 Sed
1413 5195 1470 5244 et
1521 5189 1826 5247 Platonica
1857 5207 1997 5246 mu-

332 5258 439 5339 tila
456 5266 804 5339 sunt,atque
828 5261 897 5315 ad
895 5275 976 5339 eo
994 5260 1057 5315 in
1077 5260 1797 5339 margineasncriptum‘est
1818 5260 1993 5339 ἀσαφῇ

330 5334 507 5406 ταῇτα
558 5326 735 5406 πάντᾶ
785 5326 984 5406 σχεδὸν
1007 5332 1114 5406 ,λτά
1158 5326 1262 5406 τοᾷ
1320 5326 1615 5406 Πλάτωνος
1675 5328 1767 5387 διὰ
1820 5333 1884 5388 τὸ

335 5399 534 5477 εἰδέναι
567 5405 715 5475 ἡμᾶς
745 5396 1313 5477 τὸ”αὐτοῦ-βιᾷλ-ίον
1370 5401 1424 5477 ξι
1473 5403 1521 5474 ᾧ
1575 5407 1744 5477 ταῦτα
1802 5396 1995 5477 κεῖτῗαιξ

333 5474 487 5531 Sunt
508 5474 711 5532 autem
744 5492 814 5531 ex
849 5474 1112 5547 secundo
1168 5475 1322 5531 libro
1355 5476 1426 5531 de
1485 5493 1548 5531 re
1607 5476 1848 5547 publica
1892 5476 1998 5533 de-

332 5553 598 5619 sumpta,
632 5553 691 5603 et
719 5545 976 5619 Aischyli
1014 5563 1221 5602 versus
1253 5563 1325 5601 ex
1350 5545 1643 5604 Thebaica
1686 5548 1997 5604 obsidione

326 5616 549 5674 citatur
574 5619 696 5688 ibi;
737 5616 915 5689 quem
961 5616 1154 5690 locum
1207 5619 1363 5690 apud
1422 5619 1803 5675 Plutarchum
1856 5637 1996 5676 con-

325 5692 617 5764 vertimus
658 5691 722 5746 in
780 5689 1068 5764 Aristida.
1119 5689 1259 5764 Ego;
1293 5707 1490 5764 operae
1547 5692 1819 5764 prmtium
1875 5709 1998 5749 non

322 5761 473 5820 duxi
504 5762 603 5819 hic
633 5778 729 5819 me
761 5760 1110 5834 corrigendo
1152 5760 1498 5836 defatigare,
1530 5760 1666 5820 cum
1698 5764 1776 5819 sit
1795 5764 1993 5822 Plato-

612 5879 878 5945 Pnaon.
923 5880 1038 5943 9m.
1083 5876 1289 5943 CXXI.

2111 4976 2205 5031 nis
2236 4974 2390 5029 liber
2438 4973 2512 5029 ad
2568 4990 2805 5030 manus.
2838 4973 2975 5029 ΧΠ..
3040 5005 3108 5015 -—
3151 4974 3311 5030 Nihil
3341 4976 3440 5032 hic
3487 4976 3770 5033 mutilum

2111 5052 2213 5103 aut
2230 5052 2509 5129 truncum
2532 5046 2710 5102 etiam
2734 5044 3054 5129 Itylandro,
3070 5046 3330 5129 simodo
3347 5045 3536 5117 judex
3559 5064 3774 5129 inquas

2111 5117 2370 5175 auctoris
2392 5116 2568 5189 verba
2616 5116 2879 5189 penitius
2930 5117 3226 5189 inspiciat.
3282 5116 3425 5173 Cum
3477 5116 3655 5173 enim?
3695 5117 3768 5175 de

2110 5189 2373 5263 exhibito
2393 5188 2585 5263 verbis
2605 5188 2962 5263 evangelicis
2982 5188 3209 5263 quibus;
3222 5190 3463 5263 castitas
3496 5189 3766 5261 apprime

2107 5261 2387 5318 laudatur
2425 5260 2737 5333 obsequio,
2764 5260 3012 5316 dixisset
3042 5261 3276 5333 nuptiis
3316 5260 3770 5333 vinctos’,’aaquc

2104 5350 2176 5390 ac
2206 5333 2555 5399 monachos,
2591 5330 2659 5388 ex
2689 5333 2764 5387 iis
2803 5330 3239 5403 sentenﬁtiamin
3254 5330 3484 5403 judicio
3516 5330 3766 5401 laturos,

2107 5405 2245 5461 illos
2276 5403 2476 5461 violati
2508 5403 2793 5459 dominici
2837 5402 3072 5459 consilii
3102 5402 3320 5459 liberOs
3355 5408 3634 5460 asserunt
3664 5419 3767 5460 re-

2106 5475 2510 5548 nuntiandos,
2526 5475 2880 5548 veniamque
2902 5478 3381 5548 consecuturos,
3416 5475 3774 5548 qui‘prot‘er-

2105 5554 2241 5605 rent
2270 5565 2340 5603 ex
2358 5547 2738 5603 continendae
2772 5545 3041 5601 libidinis
3071 5545 3771 5617 impotentia'veI—uxoris

2107 5622 2321 5677 affectu
2336 5624 2426 5675 vel
2451 5620 2586 5691 ejus
2598 5618 2873 5674 convictu
2896 5617 3104 5691 ductos
3126 5618 3199 5691 ad
3217 5617 3514 5691 legitimas
3535 5618 3775 5691 nuptias

2106 5690 2590 5762 couvolasse.Qui
2620 5706 2837 5745 sensus
2869 5688 3304 5759 utcatholicus}
3334 5690 3514 5748 etiam
3546 5688 3776 5762 integer

2106 5769 2198 5821 est
2227 5768 2285 5821 et
2315 5761 2636 5836 perfectus.
2663 5762 2836 5818 Goan.

3409 5880 3486 5945 13
