4154 6422
422 391 542 454 3θῦ

1790 361 2108 432 GEORGll
2156 361 2489 424 leDRENl

3652 446 3659 449 _
3728 353 3848 414 396

413 524 665 582 nasticaa
690 517 1092 575 traditionem.
1118 509 1334 576 Quodsi
1367 523 1517 578 quos
1549 505 1726 559 etiam
1758 505 2074 556 extraneos

2194 513 2307 567 γοις
2350 489 2791 549 διαϐεϐαιοῦνται
2849 490 3084 566 ἀρχαίαν
3133 488 3224 543 καὶ
3283 483 3660 553 ἀποπολικὴν
3715 476 3853 540 εἷναι

412 618 603 669 testes
634 607 973 672 laudemus,
1004 601 1143 656 vitio
1175 598 1346 654 nobis
1378 595 1437 650 id
1492 593 1639 649 verti
1697 607 1817 646 non
1876 586 2075 643 debet.

415 704 585 759 Plato
611 696 860 772 proinde
893 709 1070 765 quam
1093 706 1226 745 rara
1250 688 1369 742 sint
1388 702 1457 740 ea
1483 700 1613 754 quas
1636 680 1909 737 absoluta
1939 680 2079 731 sunt

420 765 881 855 indica.ns,haud
910 779 1166 839 absurde
1190 778 1272 832 ita
1290 774 1531 832 scribit:
1559 794 1587 823 «
1636 773 1763 826 Non
1793 768 1940 823 mihi
1994 765 2075 820 vi-

422 882 639 936 dentur
669 874 965 937 homines,
997 868 1113 925 nisi
1146 865 1339 939 pauci,
1374 862 1530 918 beati
1564 877 1631 916 ac
1680 858 1889 913 felices
1947 853 2077 909 fieri

422 984 620 1042 posse,
676 963 1029 1035 quantisper
1085 958 1240 1012 hanc
1295 954 1475 1007 vitam
1528 949 1851 1006 ducimus:
1903 942 2077 999 multi

426 1032 587 1115 enim
609 1032 756 1110 sunt
777 1045 1237 1120 virgiferi,pauci
1270 1044 1544 1099 autemet
1572 1038 1691 1094 rari
1713 1032 2074 1108 philosophi.

426 1152 601 1205 Recte
626 1148 825 1201 autem
858 1139 1113 1195 traditur
1161 1151 1229 1191 ac
1281 1131 1543 1189 creditur
1602 1132 1867 1183 mortuos
1924 1123 2083 1178 bona

423 1233 730 1305 consequi.
761 1254 780 1280 ι
820 1230 917 1284 His
944 1227 1122 1282 infert
1150 1224 1238 1278 vir
1259 1222 1491 1277 sincero
1520 1218 1721 1273 animo
1762 1220 1941 1284 atque
1981 1227 2078 1284 ge-

424 1301 907 1392 neroso,qualem
934 1314 1240 1385 :Eschylus
1272 1304 1845 1378 describit,pra2miis
1877 1318 1943 1357 ac
1978 1301 2081 1355 do-

426 1417 521 1471 nis
553 1391 869 1468 afﬁcietur.
896 1406 1005 1471 Qui
1035 1403 1267 1458 videtur
1294 1399 1432 1455 talis
1455 1413 1605 1453 esse.
1639 1393 1815 1465 Atqui
1872 1392 1936 1445 in
1990 1391 2083 1444 in-

429 1509 592 1560 certo
623 1496 1065 1570 est,justitiaane
1097 1508 1172 1548 an
1204 1506 1343 1546 vero
1369 1502 1686 1544 munerum
1709 1483 2082 1538 ethonorum

426 1608 606 1648 causa
642 1569 780 1643 talis
801 1586 896 1641 sit.
930 1581 1252 1639 Nudandus
1283 1578 1463 1650 igitur
1507 1572 1785 1630 omnibus
1832 1576 1941 1636 est,
1974 1569 2082 1623 ita-

427 1697 541 1754 que
573 1674 933 1748 redigendus
954 1679 1020 1727 ut
1050 1671 1123 1727 sit
1148 1668 1277 1739 ejus
1322 1682 1500 1737 quem
1551 1663 1717 1735 prius
1767 1657 2085 1728 descripsi-

429 1747 563 1828 mus
594 1747 947 1825 contrarius.
984 1760 1157 1817 Nulla
1187 1758 1348 1814 enim
1392 1773 1454 1811 re
1507 1752 1793 1825 praeditus
1850 1747 2083 1820 opinio-

434 1877 572 1917 nem
604 1857 821 1913 habeat
844 1868 1094 1909 summm
1126 1847 1455 1920 injustitiae,
1486 1849 1555 1899 ut
1584 1844 1667 1897 ita
1712 1840 2082 1911 exploratum
2113 1863 2161 1929 Β

431 1952 508 2007 sit
539 1965 673 2005 eum
706 1961 834 2001 esse
846 1944 1239 2015 justum,cum
1270 1954 1390 1992 non
1405 1935 1577 1991 cedat
1596 1933 1855 1988 sinistrae
1885 1930 2081 1996 famas,

431 2055 626 2110 neque
649 2034 977 2092 ambitione
997 2029 1188 2085 autiis
1219 2043 1349 2098 quas
1373 2024 1511 2079 inde
1549 2023 1823 2077 oriuntur
1846 2017 2081 2091 propel-

430 2131 610 2192 latur,
644 2124 749 2180 sed
766 2123 845 2178 sit
861 2118 1186 2183 mutabilis,
1212 2121 1334 2171 toto
1356 2114 1488 2167 vitae
1512 2111 1703 2183 spatio
1726 2125 1862 2165 cum
1909 2112 2082 2179 pute-

434 2225 530 2273 tur
559 2231 689 2271 esse
722 2213 999 2283 injustus.
1032 2210 1103 2262 Et
1132 2205 1376 2277 quidem
1408 2203 1588 2257 etiam
1634 2202 1920 2263 Socrates,
1953 2197 2084 2267 ejus

432 2308 786 2378 praeceptor.
805 2301 887 2354 ita
905 2299 1051 2355 357
1081 2311 1218 2351 eum
1240 2290 1621 2363 interrogavit
1644 2306 1657 2357 ;
1682 2291 1771 2343 An
1797 2286 2086 2342 debemus

433 2373 587 2464 vulgi
621 2373 693 2445 de
732 2387 906 2443 nobis
928 2384 1156 2457 judicia
1186 2387 1450 2437 metuere
1473 2380 1499 2434 ?
1520 2384 1621 2434 aut
1648 2373 2086 2448 potius,spretis

414 2463 711 2538 omnibus
731 2476 1024 2547 aliis,ejus
1042 2472 1336 2543 judicium
1350 2469 1605 2524 revereri
1629 2467 1729 2538 qui
1745 2465 1797 2520 ei
1820 2463 1977 2534 quod
1999 2478 2087 2517 re-

433 2577 595 2627 ctum
618 2574 707 2624 est
727 2567 1101 2636 obtemperet
1121 2562 1149 2616 ‘2
1168 2562 1264 2617 cui
1283 2558 1399 2615 nisi
1424 2562 1757 2629 pareamus,
1774 2554 1987 2624 ingens
2005 2552 2087 2606 si-

436 2676 568 2715 mus
603 2659 889 2713 damnum
920 2650 1281 2726 percepturi.
1315 2650 1440 2703 Non
1474 2645 1773 2717 equidem,
1805 2644 1955 2698 heus
2000 2646 2085 2705 tu,

435 2746 765 2803 curandum
792 2742 963 2798 nobis
985 2746 1076 2797 est
1104 2738 1247 2811 quid
1268 2736 1437 2809 plebs
1460 2731 1820 2806 judicet,sed
1838 2730 1980 2801 quid
2000 2744 2091 2783 ve-

436 2835 584 2889 ritas
615 2830 848 2903 probet,
883 2845 1015 2899 quae
1033 2828 1268 2898 justum
1296 2822 1369 2878 ab
1387 2822 1609 2894 injusto
1642 2818 2088 2874 discernit.ch

436 2922 748 2994 perspicue
776 2919 966 2990 magis
997 2914 1358 2971 conveniunt
1387 2910 1609 2966 nostris
1669 2908 1852 2963 sacris
1910 2910 2086 2976 atque

438 3009 780 3083 apostolicis
834 3004 1229 3062 sermonibus.
1292 3003 1435 3058 Nam
1493 2998 1710 3054 Paulus
1768 2998 1851 3051 ita
1893 2994 2087 3065 loqui-

442 3107 540 3156 tur
574 3098 616 3135 “
652 3116 717 3153 :«
751 3097 945 3153 Armis
967 3094 1217 3167 justitiaa
1249 3092 1472 3148 dextris
1530 3094 1590 3144 et
1645 3086 1924 3146 sinistris.
1984 3100 2090 3155 per

433 3191 685 3263 gloriam
713 3194 770 3243 et
788 3185 1311 3259 iguominiam,per
1332 3179 1650 3252 Opprobria
1675 3175 2088 3233 etmmstitiam

435 3287 717 3350 tanquam
738 3278 1118 3347 impostores,
1149 3288 1285 3327 cum
1319 3270 1560 3341 quidem
1592 3268 1778 3322 simus
1830 3281 2087 3333 veraces,

434 3374 718 3440 tanquam
768 3363 975 3437 ignoti,
1009 3378 1144 3418 cum
1202 3361 1388 3415 simus
1448 3358 1595 3426 noti,
1657 3363 1939 3425 tanquam
1969 3370 2090 3408 mo-

441 3459 685 3523 rientes,
718 3471 855 3511 cum
887 3451 1131 3524 quidem
1162 3451 1445 3516 vivamus,
1478 3452 1545 3501 ut
1570 3445 1670 3516 qui
1729 3444 2093 3515 castigamur

439 3561 639 3616 neque
672 3550 872 3599 tamen
893 3557 1180 3596 necamur
1210 3561 1237 3589 »
1272 3544 1382 3592 etc.
1414 3538 1573 3590 Hanc
1610 3534 1681 3589 de
1734 3532 1969 3605 justitia
2025 3547 2093 3585 ac

438 3635 574 3689 vitaa
605 3634 837 3687 ratione
875 3634 988 3685 Deo
1011 3633 1267 3698 acceptas
1295 3626 1625 3681 doctrinam
1645 3622 1945 3694 principes
1967 3620 2094 3691 phi-

443 3722 830 3792 losophorum
862 3720 1131 3773 Socrates
1160 3733 1227 3770 ac
1256 3716 1421 3770 Plato
1478 3711 1871 3777 tradiderunt,
1903 3709 2096 3764 admi-

443 3810 697 3867 rabilem
730 3808 1013 3882 profecto,
1049 3812 1108 3861 et
1134 3804 1311 3861 laude
1341 3804 1684 3871 dignam,ut
1713 3817 1842 3870 quas
1868 3798 1944 3852 sit
2000 3814 2093 3853 ra-

446 3900 591 3955 tioni
622 3898 884 3955 hominis
940 3895 1193 3952 naturali
1246 3897 1665 3949 consentanea.
1720 3888 1955 3944 Etenim
1988 3887 2094 3942 do-

447 3992 641 4053 ctrina
684 4004 916 4044 morum
974 4002 1184 4041 omnes
1236 3982 1509 4038 homines
1575 3980 1648 4035 ab
1706 3980 1835 4050 ipsa
1881 3983 2095 4032 natura

443 4080 859 4134 instituuntur.
892 4077 1119 4147 Quippe
1181 4075 1332 4129 Deus
1365 4087 1500 4126 cum
1548 4070 1877 4125 humanum
1907 4083 2092 4138 genus

437 4168 826 4233 condidisset,
844 4166 973 4237 ejus
990 4170 1219 4220 naturai
1241 4162 1397 4217 bona
1418 4176 1484 4215 ac
1508 4158 1665 4214 mala
1713 4155 2090 4213 discernendi

432 4259 729 4314 rationem
761 4256 1020 4322 indidit;
1055 4254 1334 4323 idemque
1385 4255 1592 4321 gentes
1623 4247 1841 4305 erudiit
1895 4253 1953 4301 et
1980 4246 2091 4301 ho-

433 4348 662 4402 minem
719 4344 1056 4417 cognitione
1108 4341 1341 4397 imbuit.
1416 4341 1619 4409 Itaque
1678 4353 1798 4391 non
1858 4340 2090 4391 tantum

426 4437 705 4493 Socrates
735 4435 905 4488 Plato
941 4432 1165 4501 aliique
1223 4428 1500 4485 nonnulli
1560 4427 1745 4481 Graeci
1804 4426 2086 4497 injustam

430 4529 571 4578 sunt
600 4522 927 4577 abominati
961 4520 1162 4586 vitam,
1189 4518 1293 4573 sed
1341 4523 1399 4571 et
1444 4516 1839 4572 Barbarorum
1891 4511 2085 4567 multi.

2182 583 2282 651 τήν
2309 586 2406 637 τοῦ
2441 584 2717 657 μονήρους
2781 579 2906 657 βίου
2964 575 3289 652 παράδοσιν.
3324 573 3386 631 Εἰ
3440 572 3498 629 δὲ
3549 573 3640 628 καὶ
3696 593 3852 635 τινας

2181 677 2289 727 τῶν
2344 671 2570 747 θύραθεν
2631 671 2706 733 είς
2747 670 2948 740 ταύτην
3007 670 3108 737 τὴν
3152 665 3450 741 μαρτυρίαν
3508 662 3847 739 παράξομεν,

2188 758 2383 833 μηδεὶς
2417 760 2712 837 μεμφέσθω
2735 761 2894 831 ἡμῖν.
2922 756 3165 817 Εἰκότως
3198 754 3290 810 οὖν
3322 754 3351 807 ὁ
3407 752 3634 810 Πλάτων
3671 751 3850 823 ὑπεμ-

2185 849 2391 925 φαίνων
2421 852 2529 903 τῶν
2586 846 2810 903 τελείων
2868 846 2932 901 τὸ
2990 846 3217 900 σπάνιον
3266 841 3512 920 ἔφασκεν·
3575 866 3603 893 ‹‹
3638 836 3717 895 Οῧ
3752 859 3853 913 μοι

2186 934 2336 993 δοκέῖ
2367 934 2589 992 δυνατὸν
2649 936 2958 1010 ἀνθρώποις
3002 933 3293 1009 μακαρίοις
3322 953 3382 987 τε
3411 930 3504 985 καὶ
3563 927 3853 1002 εὐδαίμοσι

2186 1026 2445 1101 γειέσθαι,
2485 1025 2632 1096 πλὴν
2666 1024 2891 1101 ὀλίγων.
2951 1026 3132 1099 Μέχρι
3190 1042 3289 1097 περ
3345 1022 3403 1076 ἂν
3450 1025 3652 1092 ζῶμεν,
3681 1022 3849 1074 τοῦτο

2188 1115 2522 1192 διορίζομεν*
2564 1116 2971 1193 ναρθηκοφόροι
3026 1115 3125 1188 μὲν
3181 1114 3283 1189 γὰρ
3340 1110 3575 1181 πολλοὶ,
3607 1109 3853 1187 φιλόσο-

2188 1228 2282 1284 φοι
2313 1206 2370 1263 δὲ
2402 1208 2621 1261 σπάνιοι
2647 1206 2737 1261 καὶ
2769 1203 2976 1282 ὀλίγοι.
3034 1203 3191 1273 Καλή
3228 1201 3285 1258 δὲ
3314 1203 3505 1271 πρᾶξις
3537 1201 3629 1255 καὶ
3660 1198 3846 1261 πίστις

2186 1297 2589 1367 τελευτήσαντα
2669 1300 2858 1369 τυχεῖν
2945 1291 3219 1349 ἁπάντων.
3258 1316 3286 1343 ››
3357 1293 3515 1348 ’Ὸθεν
3576 1290 3854 1367 ἐπήγαγεν

2190 1382 2354 1459 ἄνδρα
2399 1383 2609 1440 ἁπλοῦν
2644 1384 2734 1438 καὶ
2765 1387 3011 1458 γενναῖον
3040 1384 3159 1437 κατ’
3229 1379 3538 1459 Αἲσχύλον.
3599 1380 3859 1436 Ἔσονται

2190 1474 2338 1547 αὐτῷ
2369 1475 2526 1547 τιμαὶ
2556 1473 2647 1528 καὶ
2688 1470 2886 1548 δωρεαὶ
2920 1469 3172 1527 δοκοῦντι
3204 1471 3440 1542 τοιούτῳ
3497 1469 3652 1525 εἶναι.
3678 1465 3856 1539 Ἀδη-

2194 1564 2287 1619 λον
2320 1563 2412 1618 οὖν
2446 1562 2553 1619 ε’ίτε
2591 1568 2688 1617 τοῦ
2734 1559 2948 1617 δικαίου
2982 1560 3088 1616 εἷ’τε
3113 1565 3219 1616 τῶν
3256 1556 3474 1632 δωρεῶν
3532 1558 3621 1613 καὶ
3677 1558 3866 1628 τιμῶν

2191 1646 2345 1708 ἕνεκα
2371 1651 2621 1714 τοιοῦτός
2660 1650 2794 1707 ἐστι.
2838 1650 3155 1723 Γυμνωτέος
3212 1646 3279 1719 δὴ
3313 1647 3530 1703 πάντων
3587 1644 3733 1715 πλὴν
3769 1641 3864 1699 δι-

2189 1742 2485 1811 καιοσύνης
2518 1783 2532 1808 ,
2593 1744 2684 1795 καί
2736 1739 3001 1810 ποιητέος
3060 1738 3320 1798 ἐναντῖως
3370 1733 3713 1808 διακείμενος
3772 1737 3863 1806 τῷ

2191 1832 2466 1907 προτέρῳ.
2526 1829 2709 1902 Μηδὲν
2764 1831 2865 1905 γὰρ
2924 1829 3071 1908 ἔχων
3146 1827 3303 1901 δόξαν
3353 1827 3529 1906 ἐχέτω
3590 1826 3860 1902 μεγίστης

2189 1918 2422 1991 ἀδικίας,
2471 1921 2562 1975 ἳνα
2611 1915 3073 1995 βεϐασανισμένος
3130 1921 3164 1987 ἦ
3224 1917 3300 1980 εἰς
3362 1914 3728 1985 δικαιοσύνην,
3782 1913 3856 1968 τὸ

2195 2013 2270 2084 μή
2319 2010 2558 2066 τίθεσθαι
2612 2009 2716 2064 ὑπὸ
2772 2006 3089 2079 κακοδοξίας
3144 2008 3180 2076 ἢ
3231 2004 3548 2082 φιλοδοξίας
3605 2004 3696 2060 καὶ
3758 2003 3857 2059 ὑπ’

2193 2100 2360 2168 αὐτῆς
2393 2099 2725 2175 γινομένων,
2778 2096 2905 2154 ἀλλ’
2964 2092 3103 2152 ἔστω
3165 2097 3496 2170 μετάστατος
3530 2095 3696 2172 μέχρι
3749 2094 3855 2146 θα-

2190 2189 2349 2243 νάτου
2382 2187 2555 2243 δοκῶν
2598 2184 2784 2248 ἄδικος
2846 2188 2987 2241 εἶναι
3041 2183 3131 2240 διὰ
3165 2185 3309 2260 βίου.
3342 2185 3449 2240 Καὶ
3482 2181 3548 2253 δὴ
3607 2182 3697 2237 καὶ
3738 2188 3865 2236 Σω-

2193 2276 2455 2352 κράτηςὸ
2488 2274 2815 2338 διδάσκαλος
2885 2275 3048 2331 αὐτοῦ
3105 2275 3241 2348 πρὸς
3294 2273 3457 2328 αὐτὸν
3489 2271 3664 2334 οὕτως
3720 2266 3857 2347 ἔφη’

2194 2366 2422 2440 πότερον
2474 2367 2572 2435 τήν
2601 2370 2707 2419 τῶν
2755 2362 2983 2419 πολλῶν
3018 2361 3172 2435 δόξαν
3229 2360 3312 2417 δεῖ
3371 2365 3519 2434 ἡμᾶς
3569 2360 3854 2415 πείθεσθαι

2193 2455 2285 2510 καὶ
2324 2450 2671 2532 φοϐεῖσθαιῆ
2703 2456 2802 2523 τήν
2852 2458 2946 2508 τοῦ
3002 2453 3139 2517 ἑνὸς,
3198 2450 3250 2506 εἷ’
3302 2473 3382 2513 τις
3443 2448 3585 2506 ἔστιν
3642 2448 3855 2504 ἐπαΐων

2196 2548 2259 2601 οὗ
2319 2543 2441 2615 δεί,
2499 2545 2590 2600 καὶ
2648 2540 2932 2621 φοϐεῖσθαι
2993 2544 3083 2599 καὶ
3140 2542 3492 2616 αἰσχύνεσθαι
3554 2538 3767 2613 μᾶλλον
3811 2538 3855 2608 ἢ

2194 2636 2501 2709 ξύμπαντας
2532 2636 2660 2697 τοὺς
2712 2633 2960 2703 ἅλλουςς
3015 2636 3081 2713 ᾯ
3136 2635 3182 2688 εἰ
3243 2635 3319 2706 μή
3378 2631 3861 2702 ἀκολουθήσομεν,

2198 2724 2388 2787 δεινῶς
2429 2720 2822 2797 λωϐησομεθα.
2857 2722 2972 2779 Οὐκ
3003 2722 3106 2797 ἄρα
3142 2743 3221 2796 γε,
3256 2720 3300 2776 ὦ
3357 2720 3626 2796 βέλτιστε,
3685 2738 3866 2796 φρον-

2193 2818 2403 2872 τιστέον
2437 2818 2574 2888 ἡμῖν
2604 2814 2656 2869 τί
2696 2815 2905 2889 ἐροῦσιν
2965 2817 3100 2888 ἡμῖν
3163 2812 3214 2868 οἷ
3270 2810 3501 2882 πολλοὶ,
3533 2810 3679 2868 ἂλλᾶ
3705 2813 3759 2867 τί
3791 2812 3866 2867 τὸ

2196 2904 2383 2961 ἐπαΐον
2417 2910 2497 2977 τῷ
2527 2904 2720 2978 δικαίῳ
2776 2906 2867 2960 καὶ
2924 2901 3114 2976 ἀδίκῳ,
3174 2901 3295 2972 ἥτις
3356 2902 3497 2957 ἐστὶν
3527 2905 3562 2973 ἡ
3590 2900 3853 2973 ἀλήθεια.

2198 2999 2381 3053 Ταῦτα
2437 2992 2493 3049 δὲ
2538 3000 2781 3073 φανερῶς
2837 2992 3047 3048 ἒοίκασι
3104 2998 3224 3054 τοῖς
3276 2992 3568 3066 ἡμετέροις
3630 2989 3857 3063 μᾶλλον

2197 3085 2366 3159 ἱεροῖς
2397 3084 2489 3139 καὶ
2530 3082 2922 3145 ἀποστολικοῖς
2956 3080 3166 3157 λόγοις,
3200 3080 3253 3137 ἐν
3308 3082 3396 3144 οἷς
3429 3102 3591 3158 φησιν
3625 3081 3654 3135 ὁ
3685 3080 3864 3156 μέγας

2207 3173 2439 3236 Παῦλος·
2478 3197 2505 3226 ιι
2537 3173 2634 3228 Διά
2662 3178 2771 3227 τῶν
2804 3170 2991 3227 ὅπλων
3015 3179 3115 3242 τῆς
3151 3169 3502 3240 δικαιοσύνης
3530 3174 3636 3224 τῶν
3671 3167 3869 3242 δεξιῶν

2119 3237 2163 3304 C
2200 3263 2291 3317 καὶ
2336 3262 2657 3337 ἀριστερῶν,
2713 3260 2800 3316 διὰ
2854 3259 3015 3331 δόξης
3072 3262 3163 3317 καὶ
3201 3237 3584 3333 ἀτιμίαςρδιά
3649 3237 3869 3337 δυσφη-

2207 3352 2333 3423 μίας
2390 3351 2481 3406 καὶ
2540 3349 2776 3422 ἀθυμίας
2813 3393 2827 3419 ,
2916 3351 2989 3411 ὡς
3064 3347 3263 3405 πλάνοι
3322 3349 3413 3404 καὶ
3474 3348 3726 3419 ἀληθεῖς,
3787 3349 3869 3410 ὡς

2199 3440 2560 3516 ἀγνοούμενοι
2590 3440 2676 3495 καὶ
2750 3438 3266 3513 ἐπιγινωσκόμενοι,
3300 3440 3373 3500 ὡς
3426 3439 3869 3507 αποθνήσκοντες

2200 3530 2291 3584 καὶ
2348 3526 2469 3583 ἰδοὺ
2538 3533 2742 3600 ζῶμεν,
2774 3529 2849 3591 ὡς
2902 3527 3318 3601 παιδευόμενοι,
3350 3528 3439 3582 καί
3474 3550 3549 3600 μη
3599 3525 3872 3582 Θανατού-

2207 3639 2381 3692 μενοι,
2416 3642 2444 3670 ››
2476 3619 2566 3672 καὶ
2597 3617 2665 3673 τὰ
2694 3619 2839 3687 ἑξῆς.
2872 3616 3276 3689 Τοιαύτην“οὗν
3333 3618 3456 3692 περὶ
3519 3615 3873 3685 δικαιοσύνης

2203 3707 2292 3761 καὶ
2343 3706 2629 3782 θεαρέστου
2688 3705 2973 3770 πολιτείας
3028 3706 3167 3761 πάνυ
3227 3706 3526 3781 Σωκράτης
3581 3704 3673 3760 καὶ
3711 3704 3867 3760 Πλά-

2201 3817 2310 3850 των
2345 3793 2696 3851 διδασκαλίαν
2754 3795 3106 3866 ἐποιήσαντο,
3157 3798 3473 3868 θαυμαστήν
3541 3790 3713 3856 ὅντως
3773 3791 3874 3848 xui

2204 3885 2505 3957 ἀξιέπαινον
2532 3885 2757 3955 ἀληθῶς
2789 3889 2857 3958 τῇ
2911 3886 3114 3960 λογικῇ
3175 3884 3327 3963 φύσει
3394 3889 3504 3939 τῶν
3566 3883 3866 3957 ἀνθρώπων

2205 3971 2628 4048 συμϐαίνουσαν.
2678 3976 2759 4032 Τὰ
2789 3976 2890 4050 γὰρ
2946 3976 3114 4044 ἠθικὰ
3175 3977 3472 4049 μαθήματα
3530 3973 3719 4033 πάντας
3761 3970 3860 4025 ἀν-

2203 4066 2457 4140 Θρώπους
2496 4067 2530 4134 ἡ
2569 4063 2725 4144 φύσις
2776 4061 3073 4121 ἐπαίδευσε.
3131 4062 3442 4124 Διαπλάσας
3471 4064 3575 4138 γάρ
3600 4083 3687 4117 τοι
3739 4065 3852 4115 τῶν

2202 4155 2503 4228 ἀνθρώπων
2534 4156 2597 4209 τὸ
2655 4153 2810 4228 γένος
2846 4154 2873 4208 ὁ
2905 4153 3035 4217 Θεὸς
3093 4151 3355 4217 ἐντέθεικε
3411 4156 3480 4227 τῇ
3538 4151 3694 4231 φύσει
3748 4153 3860 4205 τῶν

2200 4243 2417 4317 ἀγαθῶν
2449 4242 2540 4297 καὶ
2583 4246 2691 4296 τῶν
2745 4241 3003 4297 ἐναντίων
3034 4243 3132 4311 τὴν
3195 4239 3513 4316 διάγνωσιν,
3547 4242 3575 4295 ὁ
3605 4239 3694 4294 καὶ
3727 4260 3863 4294 παι-

2203 4331 2370 4387 δεύων
2400 4325 2523 4402 ἔθνη
2557 4330 2646 4386 καὶ
2694 4327 2965 4385 διδάσκων
3025 4330 3307 4405 ἄνθρωπον
3365 4336 3585 4402 γνῶσιν.
3658 4329 3863 4405 Διόπερ

2201 4422 2264 4477 ού
2298 4420 2462 4494 μόνον
2498 4420 2794 4493 Σωκράτης
2819 4420 2911 4474 καὶ
2944 4419 3173 4475 Πλάτων
3208 4420 3298 4474 καὶ
3348 4418 3514 4474 ἄλλοι
3543 4419 3685 4481 τινὲς
3742 4422 3857 4472 τῶν

2198 4509 2487 4581 Ἐλλήνων
2548 4510 2637 4564 τὸν
2699 4505 2885 4563 ἄδικον
2946 4504 3301 4581 ἐϐδελύξαντο
3364 4508 3502 4583 βίον,
3560 4505 3705 4562 ἀλλὰ
3764 4505 3863 4561 καὶ

432 4612 660 4682 Quippe
702 4609 1109 4681 Hyperboreos
1180 4608 1360 4663 etiam
1434 4605 1755 4677 perhibent
1811 4602 2080 4657 habitare

2194 4598 2401 4654 πολλοὶ
2440 4604 2547 4654 τῶν
2610 4593 2920 4674 βαρϐάρων.
2974 4598 3076 4655 Καὶ
3129 4598 3234 4673 γὰρ
3300 4598 3429 4661 τοὺς
3490 4593 3864 4673 ὑπερϐορέους

428 4707 595 4755 trans
608 4699 839 4770 Ripaeos
860 4697 1357 4769 montesjustitias
1378 4695 1574 4750 studio
1592 4692 1831 4749 assiduo
1857 4692 2081 4745 incum-

430 4789 641 4844 bentes
666 4805 679 4856 ;
704 4804 841 4843 nam
862 4804 1054 4857 neque
1079 4785 1358 4842 carnibus
1382 4786 1782 4847 vescuntur,et
1801 4779 2081 4835 arborum

429 4876 722 4932 fructibus
740 4876 982 4931 aluntur
1002 4891 1337 4946 aquamque
1354 4872 1586 4927 bibunt.
1602 4873 1672 4925 Et
1684 4869 2081 4925 Brachmanas

431 4967 492 5021 in
509 4966 669 5021 silvis
686 4965 838 5022 858
853 4966 1342 5036 degere,corpora
1359 4961 1516 5017 foliis
1549 4966 1754 5028 tectos,
1795 4975 1862 5014 ac
1892 4958 2079 5012 virtu-

432 5055 507 5110 tis
545 5055 759 5127 majori
784 5071 961 5126 quam
983 5069 1089 5124 pro
1102 5053 1367 5107 humana
1396 5049 1738 5105 conditione
1759 5048 1953 5103 studio
1981 5047 2079 5101 de-

425 5145 998 5216 ditos.fAnacharsin
1030 5158 1266 5214 quoque
1325 5140 1601 5212 Scytham
1659 5138 2079 5211 philosophum

425 5234 609 5291 fuisse
632 5236 820 5302 aiunt,
849 5234 932 5289 ita
967 5248 1169 5289 amore
1199 5230 1505 5301 sapientiai
1539 5229 1969 5283 inflammatum
2015 5230 2082 5279 ut

427 5325 500 5379 ob
531 5326 828 5397 insignem
858 5324 988 5393 ejus
1016 5320 1505 5376 exercitationem
1537 5324 1712 5389 atque
1747 5324 2080 5388 temperan-

427 5412 567 5467 tiam
599 5414 676 5469 sit
704 5412 1148 5469 celeberrimus.
1196 5410 1320 5464 Non
1379 5408 1540 5462 enim
1595 5407 1845 5479 vigilans
1902 5406 2079 5462 modo

431 5500 614 5554 animi
634 5501 890 5557 motibus
913 5499 1326 5556 obluctabatur
1349 5503 1544 5553 tacens
1566 5501 1742 5568 atque
1765 5495 2079 5566 quiescens

502 5677 543 5714 “
578 5640 789 5737 lI'Cor.
812 5698 887 5752 τι,
919 5684 972 5748 '7,
1004 5682 1057 5736 8.

2196 4690 2289 4763 μὲν
2338 4689 2506 4743 οἰκεῖν
2569 4688 2702 4762 ὑπὲρ
2751 4687 2819 4742 τὰ
2873 4694 3094 4743 Ῥιπαῖα
3153 4685 3254 4761 ὅρη
3317 4688 3499 4766 φασὶν,
3562 4689 3745 4742 ἀσκεῖν
3804 4683 3874 4742 δὲ

2193 4778 2546 4849 δικαιοσύνην
2582 4780 2656 4851 μὴ
2691 4783 3167 4854 κρεωφαγοῦντας,
3216 4782 3301 4852 [Ρ.
3355 4781 3484 4851 204]
3536 4779 3665 4833 ἄλλ’
3696 4778 3872 4851 ἀκρο-

2190 4865 2376 4943 δρύοις
2406 4867 2497 4922 καὶ
2544 4864 2703 4921 ὕδασι
2765 4867 3089 4941 χρωμένους
3171 4868 3273 4923 Καὶ
3332 4866 3460 4928 τοὺς
3521 4870 3865 4941 Βραχμᾶνας

2192 4958 2244 5012 ἦν
2276 4962 2395 5020 ταῖς
2452 4954 2611 5015 ὕλαις
2672 4955 2898 5031 διάγειν,
2947 4954 3184 5034 φύλλοις
3244 4957 3306 5012 τὸ
3368 4961 3530 5028 σῶμα
3575 4954 3865 5011 κάλύπτον

2190 5067 2288 5109 τας
2345 5045 2436 5101 καὶ
2523 5045 2654 5119 ὑπὲρ
2696 5046 2978 5120 ἄνθρωπον
3038 5046 3358 5107 ἀσκοῦντας.
3420 5045 3519 5099 Καὶ
3580 5045 3863 5120 Ἀνάχαρ-

2194 5157 2274 5190 σιν
2306 5133 2361 5190 δὲ
2391 5134 2481 5189 τὸν
2514 5133 2720 5190 Σκύθσν
2754 5134 3054 5212 φιλόσοφον
3105 5142 3425 5210 γεγενῆσθαι
3482 5133 3725 5210 λέγουσι,
3761 5135 3859 5189 καὶ

2192 5227 2367 5287 οὕτως
2406 5224 2565 5279 αὐτὸν
2627 5225 2653 5279 ὁ
2711 5231 2811 5293 τῆς
2873 5224 3205 5303 φιλοσοφίας
3258 5219 3397 5298 ἔρως
3452 5222 3728 5299 ἐπύρωσεν
3783 5223 3866 5286 ὡς

2192 5314 2624 5387 ὀνομαστότατον
2655 5310 2744 5368 διὰ
2792 5311 3012 5382 πολλὴν
3069 5313 3296 5384 ἄσκησιν
3349 5313 3439 5368 καὶ
3500 5312 3865 5390 σωφροσύνην

2191 5402 2458 5477 γενέσθαι.
2497 5401 2574 5459 Οὐ
2608 5400 2711 5477 γὰρ
2769 5400 2935 5472 μόνον
2967 5406 3256 5478 γρηγορῶν
3307 5401 3446 5475 πρὸς
3506 5403 3575 5456 τὰ
3625 5408 3728 5471 τῆς
3755 5404 3874 5473 ψυ-

2194 5500 2303 5569 χῆς
2333 5493 2631 5568 ἠγωνίζετο
2672 5491 2817 5561 πάθη
2890 5496 3112 5547 σιωπῶν
3170 5491 3260 5546 καὶ
3331 5492 3653 5566 ἡσυχάζων,
3715 5488 3869 5547 ἀλλὰ
