4154 6454
315 424 419 483 397

1442 418 1998 480 HISTORIA'RUM
2042 418 2595 483 COMPENDIUM.

3609 420 3732 482 398

300 553 388 610 καὶ
440 548 717 616 καθεύδων
773 550 841 605 τὰ
897 553 995 619 τῆς
1078 546 1431 625 σωφροσύνης
1491 548 1585 603 καὶ
1644 547 1955 625 ἐγκρατείας

2087 550 2173 606 sed
2206 553 2385 610 etiam
2419 554 2722 610 dormiens
2754 552 2925 626 signa
2956 551 3366 624 temperantiae
3383 557 3559 626 atque
3591 571 3737 612 eon-

307 640 505 713 ἐδήλου
548 645 773 711 σημεῖα.
809 639 1005 705 Εἰώθει
1032 639 1136 713 γὰρ
1183 643 1252 713 τῇ
1306 639 1401 711 μὲν
1452 638 1582 710 λαιᾷ
1610 640 1761 715 χειρὶ
1791 638 1859 694 τὰ
1886 636 1969 693 αἶ’-

311 730 427 787 δοῖα
454 730 727 808 κατέχειν,
758 733 828 804 τῇ
872 725 1017 799 δεξιᾷ
1058 724 1115 782 δὲ
1162 729 1229 782 τά
1279 726 1442 802 χείλη
1495 726 1765 807 συνέχειν,
1797 728 1968 800 ὑπεμ-

313 821 503 900 φαίνων
537 820 611 882 ὡς
643 817 845 889 ποΛλῷ
879 818 1065 892 μεῖζόν
1116 817 1257 872 ἐστιν
1316 819 1351 887 ἡ
1412 817 1625 891 ἀγωνία
1651 825 1753 887 τῆς
1784 815 1967 891 γλώτ-

307 933 405 982 της
429 910 522 967 καὶ
577 907 837 970 πλείονος
895 906 1215 981 ἐπικουρίας
1273 907 1349 967 εἰς
1409 904 1711 984 ἀσφάλειαν
1772 904 1966 961 δεῖται.

306 1001 411 1059 Καὶ
442 1000 532 1053 τὸν
583 998 827 1072 Χείρωνα
883 993 942 1051 δὲ
995 997 1302 1069 Κένταυρον
1356 994 1970 1069 ἴποροῦσινἝλληνες

316 1088 661 1158 δικαιοσύνης
729 1086 820 1141 καὶ
888 1084 1105 1162 ἁγνείας
1163 1086 1406 1160 γενέσθαι
1477 1081 1826 1156 διδάσκαλον,
1894 1083 1969 1144 ὡς

316 1179 407 1235 καὶ
436 1179 689 1252 ’Όμηρος
723 1179 985 1250 μαρτυρεῖ
1029 1177 1222 1230 τοῦτον
1293 1171 1635 1229 δικαιότατον
1680 1173 1971 1253 πεφηνέναι

318 1266 661 1336 Κενταύρων,
721 1262 809 1319 διὰ
880 1261 1099 1332 πολλὴν
1188 1260 1458 1334 δήπουθεν
1537 1263 1819 1338 καρτερίαν
1879 1258 1970 1317 καὶ

317 1356 628 1433 ἐγκράτειαν
661 1354 752 1409 καὶ
812 1353 1066 1428 σώματος
1125 1350 1510 1429 δουλαγωγίαν
1542 1352 1631 1409 καὶ
1662 1352 1972 1427 σύμμετρον

313 1444 657 1520 ἐπιμέλειαν.
687 1445 849 1507 ’Ὁθεν
878 1441 945 1512 δὴ
981 1441 1209 1498 Πλάτων
1270 1441 1513 1518 ἐναργῶς
1566 1440 1717 1505 αὖθις
1756 1439 1971 1497 ἐκδιδά-

310 1557 457 1591 σκων
484 1534 669 1612 φησίν·
702 1530 1114 1605 Ἐπιμελεῖσθαι
1175 1529 1235 1586 δὲ
1289 1533 1545 1603 σώματος
1605 1534 1792 1606 ψυχῆς
1820 1527 1972 1586 ἕνεκα

304 1623 594 1697 ἁρμονίας,
628 1621 699 1676 δι’
731 1621 793 1677 οὗ
828 1621 982 1696 βιοῦν
1040 1641 1100 1675 τε
1152 1617 1265 1676 ἔστι
1319 1620 1410 1674 καὶ
1460 1618 1636 1694 ὀρθῶς
1671 1620 1848 1695 βιοῦν,
1881 1619 1971 1674 καὶ

302 1709 701 1789 καταγγέλλειν
753 1712 855 1778 τῆς
912 1708 1171 1780 ἀληθείας
1228 1710 1292 1763 τὸ
1347 1710 1626 1784 κήρυγμα.
1677 1712 1848 1762 Τοῦτο
1878 1707 1971 1763 καὶ

303 1803 335 1856 6
368 1807 515 1866 θεῖος
549 1795 651 1878 ἔφη
688 1796 929 1860 Παῦλος·
990 1822 1018 1851 ιι
1053 1799 1381 1866 Ὕπωπιάίζω
1440 1818 1546 1870 μου
1576 1797 1640 1852 τὸ
1671 1801 1830 1870 σῶμα
1878 1796 1967 1851 καὶ

305 1888 677 1966 δουλαγωγῶ,
709 1911 737 1940 ι)
796 1887 1043 1943 τουτέστι
1101 1887 1237 1960 πρὸς
1293 1885 1520 1956 ἄσκησιν
1576 1886 1667 1940 καὶ
1719 1887 1970 1939 σύστασιν
2007 1922 2054 1989 Β

309 1982 445 2039 αὐτὸ
506 1982 621 2053 μετ’
662 1978 975 2052 ἐπιστήμης
1032 1976 1122 2033 καὶ
1181 1978 1500 2053 φρονήσεως
1555 1974 1836 2051 γυμνάζω,
1885 1975 1977 2031 καὶ

309 2071 451 2145 πρὸς
478 2071 577 2137 τήν
633 2073 743 2122 τῶν
804 2065 1131 2142 κρειττόνων
1193 2065 1503 2141 συνεργίαν,
1537 2065 1600 2119 οὐ
1652 2064 1791 2140 πρὸς
1816 2062 1980 2119 ἀσέλ-

319 2161 469 2234 γείαν
520 2156 944 2232 προνοούμενος.
1000 2157 1415 2232 Συμπεφώνηκε
1470 2153 1650 2209 τοίνυν
1708 2155 1798 2208 καί
1846 2152 1978 2208 τού-

326 2267 448 2309 τοις
491 2248 518 2302 6
564 2246 787 2302 Πλάτων
838 2244 899 2299 εὖ
950 2243 1099 2319 μάλα
1144 2249 1265 2306 τοῖς
1316 2244 1634 2318 ἡμετέροις,
1684 2244 1784 2312 τήν
1818 2243 1981 2315 ἀναγ-

722 2332 945 2390 δέουσαν
1009 2333 1327 2407 ἐπιμέλειαν
1427 2338 1703 2396 ποιεῖσθαι
1770 2350 1981 2407 παρεγ-

315 2427 522 2496 κυήσας
550 2428 641 2479 106
674 2426 951 2497 σώματος.
1002 2420 1270 2496 Ὑπέδειξέ
1325 2444 1382 2477 τε
1439 2421 1605 2478 πάλιν
1662 2420 1750 2476 καὶ
1809 2419 1982 2478 διεσά-

310 2535 481 2593 φησεν
586 2516 734 2576 ὅπως
810 2510 1037 2589 ἄρχεται
1114 2513 1204 2567 καὶ
1296 2513 1507 2582 αὔξεται
1582 2514 1682 2576 τῆς
1758 2509 1983 2587 φαύλης

302 2602 601 2676 ἐπιθυμίας
668 2601 757 2656 καὶ
822 2602 1084 2671 κακίστης
1152 2602 1435 2670 συνηθείας
1505 2601 1567 2654 τὸ
1634 2599 1834 2663 πάθος,
1886 2600 1984 2676 φά-

301 2715 451 2749 σκων
502 2689 680 2754 οὕτως
738 2691 886 2767 ἀρχὴ
950 2692 1043 2763 μὶν
1098 2685 1302 2766 ἔρωτος
1358 2690 1567 2764 ὅρασις,
1626 2688 1772 2759 αὔξει
1824 2686 1881 2743 δὲ
1910 2688 1982 2743 τὸ

299 2782 482 2843 πάθος
540 2779 721 2848 ἐλπὶς,
778 2784 959 2858 τρέφει
1022 2775 1080 2833 δὲ
1131 2780 1352 2852 μνήμη,
1401 2782 1561 2853 τηρεῖ
1590 2774 1648 2832 δὲ
1696 2779 1978 2847 συνήθεια.

308 2868 411 2924 Διὸ
442 2868 533 2922 καὶ
586 2866 885 2942 Σωκράτης
936 2865 1004 2921 τὰ
1067 2865 1363 2941 βλέμματα
1417 2865 1504 2920 καὶ
1560 2864 1626 2917 τὰ
1685 2861 1985 2938 φιλήματα

303 2962 422 3012 τῶν
456 2957 751 3032 εὐμόρφων
780 2956 855 3018 ὡς
908 2954 1299 3031 χαλεπώτερον
1350 2974 1633 3029 σκορπιων
1682 2953 1774 3007 καὶ
1805 2951 1979 3031 ὄφεων

303 3047 397 3101 ἱὸν
464 3043 667 3099 ἐνιέναι
722 3044 999 3122 πεφυκότα
1063 3043 1391 3123 ἀποφεύγειν
1460 3039 1759 3098 ἐδίδασκεν.
1826 3043 1983 3106 Ὃϐεν

303 3133 444 3190 ἰδών
474 3156 600 3189 τινα
624 3136 741 3189 νέον
794 3132 1102 3213 φιλήσαντα
1147 3132 1395 3203 εὕοπτον,
1445 3157 1474 3187 ι(
1507 3134 1703 3202 Οὗτος,
1734 3126 1862 3210 ἔφη,
1896 3132 1986 3206 ῥᾳ-

297 3222 442 3288 δίως
502 3223 562 3279 ἄν
620 3225 710 3279 καὶ
769 3223 843 3285 εἰς
905 3222 1178 3298 μαχαίρας
1236 3218 1542 3293 κυϐιστήσῃ
1596 3222 1688 3278 καὶ
1748 3221 1825 3282 εἰς
1867 3226 1975 3297 πῦρ

296 3314 546 3388 ἐμπέση,
582 3338 610 3365 ››
642 3314 963 3382 ὁτοσαύτην
1018 3310 1278 3384 δηλονότι
1328 3312 1501 3387 πυρὰν
1551 3312 1602 3367 ἐν
1656 3313 1832 3383 ἑαυτῷ
1879 3330 1973 3365 κα-

293 3402 665 3476 τατολμήσας
711 3401 931 3477 ἀνάψαι.
981 3401 1238 3478 Διογένης
1294 3399 1352 3456 δὲ
1404 3402 1738 3474 θεασάμενος
1791 3401 1975 3474 μειρά-

295 3519 426 3552 κιον
458 3495 848 3572 ἀσελγέστερον
904 3496 939 3565 ἢ
999 3500 1115 3551 κατ’
1173 3492 1339 3570 ἄνδρα
1377 3493 1796 3567 κεκοσμημένον
1828 3492 1977 3548 εἶπεν

297 3612 326 3638 ‹‹
386 3585 450 3641 Ei
480 3586 578 3660 μὶν
606 3586 742 3660 πρὸς
772 3581 989 3660 ἄνδρας,
1023 3585 1268 3658 ἀτυχεῖς,
1318 3582 1366 3637 εἰ
1415 3579 1474 3638 6‘s
1529 3583 1668 3657 πρὸς
1695 3586 1975 3655 γυναῖκας,

290 3674 534 3735 αόικεῖς.
572 3700 591 3725 ι
629 3675 849 3749 Θηρῶσι
908 3671 999 3728 διὰ
1049 3677 1148 3728 106
1206 3672 1614 3745 καλλωπισμοῦ
1666 3672 1719 3724 οἱ
1770 3672 1865 3743 μὶν
1900 3672 1979 3726 ἄν·

288 3761 420 3841 δρες
455 3764 553 3827 τὰς
583 3769 862 3838 γυναῖκας,
913 3764 970 3818 αἱ
1026 3761 1084 3817 δὲ
1134 3767 1388 3837 γυναῖκες
1421 3761 1511 3817 καὶ
1548 3761 1603 3815 οἱ
1649 3758 1977 3834 ἀνδρόγυνοι

292 3855 432 3917 τοὺς
466 3853 685 3929 ἄνδρας.
740 3854 843 3910 Καὶ
906 3854 1090 3926 μέντοι
1150 3851 1240 3907 καὶ
1300 3848 1640 3926 Ἀγησίλαος
1698 3850 1977 3927 εὐμόρφου

294 3943 418 4018 ἤρα
465 3940 684 4010 παιδὸς,
744 3942 835 3997 καὶ
897 3939 1241 4016 βουλόμενος
1296 3940 1460 3995 αὐτὸν
1520 3938 1749 4016 φιλῆσαι
1784 3935 1976 3992 διεκώ-

298 4034 437 4088 λυεν
471 4033 686 4099 ἑαυτὸν,
719 4031 929 4109 φεύγων
986 4033 1087 4101 τήν
1144 4025 1380 4105 βλάϐην.
1437 4030 1498 4087 Ὀ
1532 4026 1589 4083 δε
1626 4024 1978 4101 Ἀλέξανδρος

296 4120 441 4177 οὐδὲ
475 4119 608 4176 ἰδεῖν
666 4123 762 4183 τὰς
822 4119 1047 4195 Δαρείου
1107 4120 1402 4196 θυγατέρας
1460 4115 1684 4179 εὐειδεῖς
1727 4120 1860 4192 ἄγαν
1888 4116 1978 4170 καὶ

298 4213 621 4289 παρθένους
652 4208 817 4272 οὔσας
866 4210 1134 4285 ἠνέσχετο
1194 4208 1496 4275 παντελῶς,
1555 4207 1782 4282 αἰσχρὸν
1815 4206 1978 4279 νομί-

298 4326 404 4366 σας
436 4307 525 4377 [Ρ.
558 4306 687 4374 205]
735 4300 827 4355 τὸν
863 4299 1057 4375 ἄνδρας
1088 4298 1283 4355 ἑλόντα
1343 4298 1447 4354 ὑπὸ
1508 4302 1778 4373 γυναικῶν
1807 4299 1977 4366 ἡττη-

298 4398 495 4463 θῆναι.
530 4392 690 4449 Οὕτω
745 4387 805 4446 δὲ
843 4390 932 4445 καὶ
981 4388 1159 4464 Κύρος
1210 4390 1237 4443 ὁ
1288 4394 1509 4463 Περσῶν
1568 4385 1824 4463 βασιλεὺς
1857 4383 1983 4456 οὐδὲ

300 4483 604 4539 θεάσασθαι
633 4480 806 4556 κόρην
863 4479 983 4533 τινὰ
1036 4476 1341 4551 θαυμασίαν
1398 4476 1781 4552 ἀφορισθεῖσαν
1834 4476 1982 4547 αὐτῷ

304 4572 407 4627 καὶ
468 4571 762 4645 ἀμήχανον
816 4567 1027 4631 κάλλος
1075 4564 1223 4643 ἔχειν
1278 4565 1730 4642 μαρτυρουμένην
1759 4563 1980 4620 κατεδέ-

304 4665 470 4733 ξατο,
506 4660 653 4715 ἀλλὰ
705 4681 767 4734 γε
813 4659 904 4715 καὶ
955 4663 1034 4731 τῷ
1080 4660 1281 4734 ὁρῶντι
1325 4661 1564 4732 συνεχῶς
1594 4656 1685 4712 καὶ
1720 4654 1889 4729 μηδὲν
1922 4654 1985 4711 ’ἐκ
2021 4665 2063 4729 Ι)

301 4751 516 4807 τούτου
549 4746 727 4804 δεινὸν
759 4747 992 4825 πάσχειν
1053 4744 1265 4822 λέγοντι
1323 4744 1555 4820 παρῄνει
1617 4746 1756 4817 μήτε
1800 4742 1979 4819 λέγειν

301 4844 477 4894 τοῦτο
516 4839 656 4909 μήτε
686 4834 964 4911 πράττειν.
997 4859 1025 4887 (ι
1059 4835 1137 4891 Τὸ
1190 4834 1285 4906 μὲν
1342 4832 1445 4908 γὰρ
1503 4836 1631 4907 πῦρ,
1665 4831 1821 4906 φησὶ,
1851 4832 1978 4893 τοὺς

306 4926 564 4998 πλησίον
619 4925 798 4995 πάντη
855 4924 1090 4988 ἑστῶτας
1143 4922 1309 4993 καίει,
1372 4922 1434 4977 τὸ
1519 4919 1576 4977 δὲ
1630 4918 1839 4983 κάλλος
1890 4922 1979 4976 καὶ

303 5018 442 5079 τοὺς
472 5015 760 5091 πόρρωθεν
792 5014 1051 5075 ἑστῶτας.
1083 5037 1111 5065 ››
1146 5012 1298 5069 Ἐπεί
1343 5009 1434 5065 οὖν
1479 5011 1542 5065 τὸ
1593 5008 1715 5086 ἐρᾷν
1770 5010 1831 5065 ἐκ
1884 5013 1982 5065 106

311 5109 451 5182 ὀρνᾷ
480 5105 724 5161 τίκτεται
780 5103 872 5157 καὶ
928 5099 989 5156 ἐκ
1039 5105 1136 5156 τοῦ
1188 5100 1312 5175 έρᾷν
1344 5102 1378 5170 ἠ
1413 5099 1799 5175 συγκατάθεσις
1840 5100 1984 5175 γίνε-

311 5218 403 5251 ται
433 5195 525 5250 καὶ
561 5193 622 5249 ἐκ
661 5200 763 5262 τῆς
824 5190 1260 5265 συγκαταθέσεως
1299 5191 1333 5258 ἡ
1383 5192 1574 5263 πρᾶξις
1627 5187 1981 5256 ἐπιτελεῖται,

314 5284 410 5341 διὰ
438 5288 601 5340 τοῦτο
633 5282 726 5337 καὶ
758 5281 787 5335 6
819 5280 1059 5355 Χριστὸς
1105 5280 1196 5334 τὸν
1257 5277 1574 5340 ἀκολάστως
1604 5278 1862 5335 ἑστιῶντα
1888 5278 1985 5341 τὰς

312 5375 472 5447 ὄψεις
508 5371 712 5450 μοιχὸν
742 5363 969 5445 ἔκρινεν,
1015 5369 1077 5424 οὐ
1106 5370 1209 5437 τὴν
1256 5369 1449 5444 πρᾶξιν
1499 5367 1690 5440 μόνην,
1720 5366 1870 5423 ἀλλά
1896 5358 1987 5423 καἰ

308 5465 413 5532 τήν
473 5458 690 5518 ἔννοιαν
768 5456 1255 5532 προαναστέλλων,
1319 5456 1424 5514 Καὶ
1479 5457 1507 5510 6
1567 5456 1870 5530 Σωκράτης
1933 5457 1991 5514 δὲ

307 5551 482 5608 πάλιν
553 5548 924 5615 φυλάττεσθαι
985 5545 1194 5626 σφόδρα
1250 5546 1343 5601 καὶ
1405 5547 1831 5621 παρατηρεῖσθαι
1891 5548 1991 5617 τήν

309 5641 577 5719 ἀκρασίαν
648 5634 922 5693 διδάσκων
1010 5630 1111 5715 ἔφη
1199 5636 1275 5708 μή
1358 5639 1654 5696 πεινῶντας
1720 5632 1841 5690 λίαν
1913 5640 1991 5711 μή

315 5732 543 5802 ἐσθίειν,
606 5725 752 5803 μηδὲ
819 5727 1088 5802 διψῶντας
1154 5722 1343 5782 πολλὰ
1411 5725 1488 5798 μὴ
1551 5722 1741 5779 πίνειν·
1801 5727 1903 5805 καὶ,
1939 5728 2041 5804 γὰρ

316 5829 487 5897 σμοῖς
498 5866 513 5879 .

323 2359 392 2392 κα
403 2336 483 2392 ίαν
547 2336 629 2390 καὶ

2082 640 2351 697 tinentiee
2374 643 2606 700 edebat.
2633 643 2871 698 Solebat
2890 642 3049 698 enim
3073 642 3222 697 laava
3235 658 3414 698 manu
3436 643 3736 715 pudenda,

2082 729 2290 786 dextra
2320 732 2481 789 labia
2510 738 2738 798 tenere,
2791 733 3048 787 innuens
3099 731 3287 787 multo
3332 733 3566 805 gravius
3612 749 3742 789 esse

2081 820 2649 896 adversuslinguam
2667 829 2995 890 certamen,
3029 840 3097 878 ac
3149 822 3224 879 ad
3256 823 3636 879 securitatem
3667 822 3740 879 ab

2083 926 2151 965 ea
2180 912 2581 981 praestandam
2610 913 2823 983 majori
2856 928 3004 984 opus
3036 929 3165 968 esse
3195 912 3493 983 praesidio.
3529 912 3741 966 Chiro-

2082 1017 2217 1056 nem
2247 1019 2484 1074 quoque
2519 1004 2880 1059 Centaurum
2938 1002 3121 1058 Graeci
3180 1007 3430 1058 narrant
3488 1002 3740 1074 justitiaa

2083 1090 2266 1146 fuisse
2281 1096 2460 1163 atque
2482 1093 2770 1148 castitatis
2792 1084 3139 1163 magistrum
3158 1107 3171 1157 ;
3190 1091 3249 1147 id
3268 1090 3427 1162 quod
3450 1092 3739 1147 Homerus

2085 1180 2265 1235 etiam
2293 1186 2564 1250 testatur,
2599 1181 2700 1251 qui
2735 1197 2869 1237 eum
2887 1180 3319 1236 Centaurorum
3344 1180 3738 1236 aitexstitisse

2076 1268 2501 1340 justissimum,
2533 1270 2819 1325 nimirum
2850 1270 2924 1325 ob
2959 1269 3236 1325 eximiam
3258 1268 3638 1325 tolerantiam
3654 1273 3739 1324 at-

2086 1372 2200 1427 que
2224 1358 2652 1414 continentiam
2666 1358 3053 1430 corporisque
3074 1358 3485 1414 subactionem
3509 1362 3566 1414 et
3592 1374 3740 1416 con-

2086 1446 2327 1504 cinnam
2353 1464 2579 1504 curam.
2622 1448 2785 1504 Unde
2839 1465 3046 1504 rursus
3090 1447 3252 1504 Plato
3303 1448 3607 1504 evidenter
3653 1447 3739 1503 sic

2086 1538 2373 1610 praecipit.
2406 1540 2618 1594 Curam
2652 1539 2918 1611 corporis
2947 1555 3153 1611 gerere
3204 1543 3439 1611 oportet
3491 1554 3645 1606 eam,
3675 1540 3743 1594 ut

2084 1642 2221 1681 cum
2252 1627 2454 1682 anima
2484 1632 2677 1682 servet
2705 1628 3102 1692 harmoniam,
3125 1634 3372 1700 propter
3401 1628 3562 1698 quod
3584 1632 3643 1682 et
3665 1626 3745 1680 vi-

2083 1716 2183 1781 vit,
2206 1721 2264 1769 et
2286 1721 2447 1770 recte
2470 1716 2693 1782 vivens,
2732 1721 2789 1771 et
2808 1716 3071 1772 veritatis
3092 1716 3464 1788 praeconium
3493 1716 3741 1781 faciens,

2086 1806 2180 1861 Sic
2210 1812 2267 1860 et
2299 1807 2358 1859 Β.
2394 1806 2612 1861 Paulus
2642 1807 2725 1861 ait
2755 1822 2928 1861 suum
2963 1823 3025 1861 se
3083 1823 3298 1878 corpus
3353 1806 3640 1862 afﬂictare
3687 1808 3747 1860 et

2084 1895 2376 1966 subigere,
2410 1895 2520 1950 hoc
2543 1902 2633 1950 est
2653 1895 3075 1951 exercitatione
3106 1912 3170 1950 se
3191 1894 3253 1951 id
3270 1896 3346 1950 ad
3368 1899 3587 1951 statum
3614 1911 3745 1950 rec-

2084 1989 2211 2038 tum
2229 1984 2487 2039 scienter
2506 1984 2953 2055 prudenterque
2975 2000 3205 2055 parare,
3238 1988 3304 2038 ut
3326 1983 3383 2039 id
3405 1983 3517 2038 sibi
3550 1984 3612 2038 in
3642 2000 3741 2039 re-

2054 2072 2194 2158 _bus
2221 2072 2642 2144 praestantibus
2672 2072 3018 2144 adjumento
3053 2074 3146 2139 sit,
3173 2089 3294 2129 non
3320 2073 3372 2128 ei
3402 2073 3740 2144 prospicere

2084 2179 2216 2234 quae
2256 2162 2477 2218 faciant
2507 2162 2582 2217 ad
2613 2162 2938 2217 lasciviam.
2989 2163 3112 2228 Quo
3164 2162 3293 2217 loco
3343 2177 3478 2216 cum
3519 2161 3742 2217 nostris

2084 2251 2369 2323 praeclare
2401 2252 2680 2306 convenit
2708 2251 2962 2317 Platoni,
2998 2251 3100 2321 qui
3131 2268 3239 2306 nos
3262 2250 3437 2322 jubet
3465 2266 3744 2306 necessa-

2085 2341 2235 2396 riam
2261 2357 2329 2396 ac
2354 2341 2617 2397 debitam
2636 2341 2905 2413 corporis
2927 2356 3131 2397 curam
3154 2339 3547 2413 gerereldem
3569 2355 3745 2395 mon-

2086 2429 2295 2485 stravit
2315 2434 2494 2501 atque
2520 2430 2673 2488 859
2701 2428 3291 2500 patefecitquomodo
3315 2428 3477 2499 pravi
3500 2428 3747 2483 affectus

2087 2518 2273 2575 animi
2305 2519 2598 2584 oriantur,
2631 2525 3078 2590 augeanturque
3106 2517 3464 2589 cupiditates
3485 2516 3659 2572 malas
3691 2521 3751 2572 et

2088 2608 2149 2661 in
2181 2607 2672 2663 consuetudinem
2703 2608 2945 2663 abeunt.
2978 2607 3247 2671 Initium,
3282 2604 3499 2676 inquit,
3527 2604 3750 2660 amoris

2089 2702 2179 2752 est
2209 2714 2243 2751 a
2272 2697 2438 2751 visu:
2472 2702 2645 2768 auget
2676 2701 2874 2751 autem
2908 2712 3044 2750 eum
3077 2696 3355 2749 affectum
3388 2692 3751 2766 spes,nutrit

2087 2787 2400 2854 memoria,
2432 2791 2741 2841 conservat
2771 2784 3162 2841 consuetudo.
3219 2788 3424 2855 Itaque
3478 2784 3748 2838 Socrates

2089 2877 2338 2933 docebat
2364 2878 2552 2932 vitare
2582 2880 2969 2947 conspectum
3002 2880 3060 2930 et
3088 2873 3295 2930 oscula
3321 2872 3745 2940 formosorum,

2090 2968 2249 3039 quod
2279 2968 2405 3022 haec
2433 2967 2592 3021 virus
2623 2965 3007 3036 scorpionum
3040 2970 3098 3019 et
3135 2966 3483 3035 serpentum
3515 2978 3744 3018 veneno

2089 3057 2437 3114 damnosius
2450 3057 2861 3112 immitterent.
2877 3056 3136 3125 Ideoque
3159 3070 3411 3109 cernens
3425 3052 3746 3123 quemdam

2088 3148 2350 3203 formoso
2372 3146 2733 3202 adolescenti
2753 3144 3024 3200 osculum
3047 3143 3188 3199 dare
3217 3166 3241 3196 ι
3267 3142 3622 3212 Hic,inquit,
3654 3139 3747 3196 vel

2092 3236 2153 3292 in
2180 3236 2441 3304 gladium
2474 3235 2730 3290 insiliret
2758 3233 2850 3288 vel
2898 3233 2961 3287 in
3007 3233 3206 3305 ignem
3258 3248 3321 3287 se
3371 3231 3682 3301 abjiceret,
3716 3251 3746 3280 π

2089 3326 2318 3381 scilicet
2348 3326 2449 3395 qui
2481 3329 2712 3379 tantum
2740 3324 2801 3377 in
2834 3323 3028 3394 seipso
3054 3337 3263 3395 rogum
3285 3320 3609 3375 accendere
3641 3334 3751 3374 au-

2089 3431 2190 3471 sus
2220 3421 2397 3470 esset.
2430 3414 2720 3485 Diogenes
2757 3416 2958 3468 autem
2990 3409 3507 3466 adolescentulum
3538 3407 3747 3463 videns
3816 3450 3817 3453 η

2086 3506 2364 3561 lascivius
2393 3520 2571 3574 quam
2604 3519 2741 3558 eum
2792 3517 2999 3557 sexum
3050 3500 3218 3555 decet
3264 3504 3565 3565 ornatum,
3622 3520 3650 3548 «
3684 3497 3743 3551 Si

2086 3594 2352 3665 quidem,
2376 3593 2592 3664 inquit,
2622 3592 2762 3646 viris
2790 3597 2846 3645 te
2869 3591 2950 3646 ita
2971 3606 3172 3657 ornas,
3201 3589 3609 3643 infortunatus
3643 3601 3744 3643 es:

2088 3684 2179 3739 sin
2211 3682 2585 3747 mulieribus,
2612 3681 2835 3751 injuste
2868 3680 3032 3735 facis.
3069 3700 3096 3728 »
3128 3680 3274 3733 Nam
3324 3677 3434 3731 viri
3462 3675 3752 3731 mulieres

2088 3778 2300 3829 ornatu
2331 3775 2593 3843 captant,
2626 3770 2909 3824 mulieres
2941 3773 3140 3823 autem
3173 3771 3231 3822 et
3256 3766 3516 3822 semiviri
3566 3765 3743 3823 viros.

2088 3864 2240 3919 Sane
2254 3861 2560 3932 Agesilaus
2577 3875 2814 3930 quoque
2847 3859 3173 3914 formosum
3198 3855 3437 3911 amabat
3467 3870 3745 3926 puerum,

2089 3966 2345 4020 eumque
2387 3948 2658 4004 osculum
2716 3947 2827 4000 sibi
2887 3947 3174 4001 ferentem
3227 3944 3456 4015 rejecit,
3517 3942 3745 3997 evitans

2088 4040 2396 4095 damnum.
2430 4035 2761 4092 Alexander
2792 4034 2949 4090 Darii
2975 4033 3447 4100 ﬁlias,formosas
3467 4030 3749 4103 virgines,

2090 4145 2166 4184 ne
2197 4127 2391 4181 videre
2449 4125 2689 4196 quidem
2749 4123 2956 4191 voluit,
2998 4128 3167 4193 turpe
3226 4127 3389 4176 ratus
3447 4136 3584 4175 eum
3643 4118 3747 4188 qui

2089 4219 2246 4271 viros
2276 4216 2513 4270 vicisset
2542 4231 2576 4269 a
2606 4212 2958 4268 mulieribus
2980 4211 3160 4267 vinci.
3188 4211 3275 4265 Ita
3295 4210 3479 4279 Cyrus
3510 4224 3749 4278 quoque

2091 4311 2406 4363 Persarum
2445 4321 2549 4360 rex
2604 4318 2801 4373 neque
2858 4300 3078 4356 intueri
3141 4298 3427 4355 sustinuit
3486 4290 3751 4369 puellam

2091 4396 2409 4469 quamdam
2435 4395 2544 4466 ipsi
2570 4397 2927 4465 exemptam,
2962 4391 3132 4463 cujus
3156 4388 3529 4445 admirabilis
3558 4387 3751 4443 forma

2092 4485 2566 4559 praedicabatur:
2612 4483 2755 4554 quin
2791 4487 2850 4538 et
2898 4482 2952 4537 ei
2992 4481 3093 4552 qui
3127 4497 3189 4536 se
3221 4495 3351 4535 eam
3411 4477 3623 4534 crebro
3652 4477 3750 4531 vi-

2093 4576 2234 4632 dere
2265 4590 2461 4645 neque
2492 4572 2630 4628 inde
2662 4571 2987 4643 quidquam
3017 4569 3161 4626 mali
3181 4567 3401 4624 habere
3417 4565 3750 4632 dictitabat,

2096 4664 2284 4719 suasit
2307 4680 2382 4718 ne
2414 4663 2524 4717 hoc
2557 4661 2647 4716 vel
2677 4660 2900 4716 faceret
2929 4658 3017 4713 vel
3060 4657 3324 4722 diceret;
3358 4656 3556 4728 ignem
3591 4654 3753 4710 enim

2089 4754 2333 4809 omnino
2361 4758 2624 4807 astantes
2650 4767 2846 4818 urere,
2873 4745 3453 4804 amorisincendium
3474 4744 3657 4801 etiam
3677 4742 3754 4799 ad

2091 4847 2352 4898 remotos
2366 4839 2983 4913 pertinere.Quoniam
3001 4837 3179 4909 igitur
3190 4836 3345 4892 860
3358 4851 3431 4891 ex
3443 4834 3570 4890 visu
3585 4846 3755 4888 amor

2090 4932 2382 4995 nascitur,
2404 4930 2573 5000 isque
2606 4944 2992 4997 consensum,
3026 4941 3355 4982 consensus
3402 4923 3635 4979 facinus
3665 4920 3756 4993 gi-

2092 5021 2239 5093 gnit,
2266 5018 2486 5075 idcirco
2508 5017 2778 5073 Christus
2802 5033 2937 5073 eum
2971 5016 3072 5088 qui
3105 5014 3311 5071 oculos
3343 5013 3753 5082 intemperan-

2094 5118 2185 5167 ter
2216 5110 2409 5183 pascit
2436 5109 2775 5165 adulterum
2796 5106 3102 5175 indicavit,
3125 5121 3243 5159 non
3266 5121 3301 5159 a
3319 5104 3476 5158 facto
3499 5104 3755 5168 tantum,

2096 5198 2197 5255 sed
2233 5197 2528 5253 maturius
2560 5196 2738 5252 etiam
2773 5212 2806 5251 a
2835 5193 3193 5267 cogitatione
3222 5190 3370 5247 facti
3407 5189 3752 5244 dehortans.

2096 5286 2704 5352 Rursum~Socrates,
2763 5301 2896 5340 cum
2970 5283 3145 5337 docet
3232 5274 3754 5349 intemperantiam

2100 5391 2476 5446 summopere
2508 5374 2713 5438 vitare,
2746 5372 2862 5426 nisi
2893 5367 3215 5425 admodum
3247 5366 3606 5423 esurientem
3631 5378 3753 5417 non

2102 5464 2277 5521 edere
2309 5480 2504 5533 neque
2554 5461 2754 5517 bibere
2809 5458 2925 5514 nisi
2975 5454 3311 5511 vehementi
3358 5456 3606 5525 urgente
3655 5448 3754 5505 siti

2096 5552 2288 5626 jubet.
2328 5552 2416 5607 Ac
2446 5551 2712 5606 Christus
2743 5562 2979 5619 quoque
3010 5544 3158 5601 tales
3190 5543 3393 5600 beatos
3450 5539 3756 5615 praidicat,

2109 5641 2171 5696 in
2204 5641 2555 5697 beatitatum
2586 5636 3057 5695 enumeratione.

2102 5731 2131 5785 6
2178 5728 2366 5804 κύριος
2420 5726 2717 5800 ἐμακάοισε
2766 5722 2895 5783 τοὺς
2951 5719 3236 5782 τοιούτους
3268 5719 3323 5776 ἐν
3357 5723 3478 5781 τοῖς
3532 5736 3759 5794 μακαρι.
