4154 6412
465 398 585 461 399

1822 382 2146 446 GEORGII
2189 382 2533 445 CEDRENI

3760 374 3878 438 ιοο

536 536 680 592 Post
733 529 1043 589 Claudium
1128 524 1442 601 imperavit
1515 526 1688 587 Nero,
1747 523 1908 579 ﬁlius
1966 523 2116 594 ejus,

2306 520 2458 578 Μετὰ
2515 516 2575 574 δὶ
2633 514 2900 573 Κλαύδιον
2954 511 3271 571 ἐϐασίλευσε
3326 513 3515 588 Νέρων
3547 513 3578 567 ὁ
3615 511 3734 572 υίὸς
3790 531 3886 566 αυ-

460 640 651 681 annos
670 625 751 677 14.
776 622 858 677 De
872 621 984 676 hoc
998 618 1265 675 exstabat
1276 613 1582 672 oraculum
1597 637 1623 663 «
1638 613 1889 668 ultimus
1908 614 2115 667 Enea-

455 714 597 769 dum
615 710 929 767 matricida
943 705 1310 780 imperitabit
1330 722 1343 759 :
1367 726 1395 754 »
1414 702 1744 759 deducebat
1755 702 1913 757 enim
1933 717 2119 773 genus

451 802 526 857 ab
559 804 741 857 Enea
769 815 877 871 per
906 796 1226 853 Romulum
1278 800 1337 850 et
1365 796 1719 864 Augustum.
1766 793 1841 859 Is,
1893 806 2029 846 cum
2061 789 2116 843 ei

450 890 868 947 confirmatum
898 891 1056 941 esset
1081 884 1423 956 imperium,
1437 881 1713 953 turpibus
1731 898 1861 936 sese
1873 879 2115 952 ﬂagitiis

452 979 679 1034 dedidit
709 976 1041 1046 studiisque
1072 974 1146 1029 ab
1198 971 1395 1027 ofﬁcio
1443 970 1823 1042 imperatoris
1871 984 2115 1040 prorsus

449 1067 695 1123 alienis:
729 1064 947 1119 fidibus
974 1062 1135 1118 enim
1200 1060 1464 1123 ludebat,
1516 1058 1833 1131 tragoedias
1883 1056 2113 1130 agebat,

448 1156 633 1227 inque
662 1156 896 1210 theatro
927 1151 1203 1208 saltabat.
1240 1152 1423 1205 Porro
1454 1154 1654 1204 autem
1690 1147 1937 1219 reliquis
1988 1147 2112 1201 suis

449 1244 779 1302 sceleribus
809 1243 922 1297 hoc
953 1240 1183 1297 addidit
1211 1244 1281 1295 ut
1315 1244 1497 1294 Deum
1537 1241 1929 1310 oppugnaret,
1987 1235 2113 1307 pri-

446 1348 702 1404 musque
732 1334 1081 1403 persecutor
1112 1328 1289 1383 Verbi
1319 1328 1421 1383 Dei
1468 1326 1714 1382 exstitit.
1769 1327 1931 1389 Post,
1979 1340 2115 1379 cum

448 1424 503 1480 ei
534 1421 770 1477 insidias
796 1419 1080 1476 adversus
1112 1417 1309 1489 ipsum
1339 1421 1581 1471 structae
1615 1420 1818 1471 essent
1845 1414 2115 1479 detectas,

446 1518 726 1579 matrem,
753 1526 1024 1565 sororem
1053 1522 1425 1578 uxoremque
1452 1521 1590 1562 suas
1612 1510 1879 1559 extrema
1905 1503 2116 1559 incita-

449 1608 546 1659 tus
600 1599 838 1656 insania
889 1598 1209 1664 interfecit,
1259 1596 1528 1667 aliosque
1577 1595 1928 1650 innumeros
1977 1609 2115 1648 suos

446 1695 726 1762 cognatos
755 1689 1029 1759 virosque
1065 1686 1331 1742 illustres
1361 1687 1589 1752 Romae,
1620 1690 1895 1740 metuens
1934 1699 2009 1737 ne
2041 1681 2114 1737 ab

445 1779 522 1835 iis
549 1795 660 1851 per
688 1777 1043 1834 seditionem
1091 1776 1503 1848 impeteretur.
1560 1773 1879 1830 Interfecta
1926 1788 2111 1828 uxore

2232 615 2354 681 τοῦ,
2382 606 2475 682 ἔτη
2515 608 2598 667 ιδ’.
2631 610 2761 685 Περὶ
2793 609 2856 663 οὗ
2888 606 3079 684 λόγιον
3110 608 3197 677 ἧν,
3235 630 3266 658 ‹‹
3297 609 3577 680 ’Ἐσχατος
3614 601 3884 661 Αίνεαδῶν

2228 704 2610 778 μητροκτόνος
2665 700 3042 778 ἡγεμονεύσει·
3096 722 3125 751 »
3183 699 3456 774 κατήγετο
3514 696 3617 772 γὰρ
3675 695 3734 750 ἐκ
3788 701 3889 764 τῆς

2223 797 2407 867 γενεᾶς
2465 792 2683 848 Αἰνείου
2739 791 2828 845 καὶ
2886 788 3179 863 Ῥωμύλου
3234 788 3325 843 καὶ
3392 786 3733 862 Αὐγούστου.
3778 784 3887 839 05-

2222 903 2317 945 τος
2370 880 2807 958 κραταιουμένης
2860 879 3009 951 αὖτῷ
3080 882 3180 952 τῇς
3247 876 3428 951 ἀρχῆς
3489 874 3568 937 εἷς
3635 873 3888 936 ἀνοσίους

2223 971 2442 1046 πράξεις
2474 969 2728 1041 ἐξώκειλε
2775 969 2865 1023 καὶ
2909 966 3179 1041 ἀλλότρια
3224 972 3326 1035 τῆς
3378 964 3657 1041 βασιλείας
3687 962 3887 1034 ἐπετή-

2225 1058 2343 1115 δευε
2395 1060 2709 1135 πράγματα,
2766 1058 3060 1133 κιθαρίζων
3126 1057 3214 1110 καὶ
3276 1051 3571 1131 τραγῳδῶν
3624 1053 3713 1108 καὶ
3774 1052 3884 1128 ὀρ-

2226 1154 2497 1227 χούμενος
2554 1152 2641 1208 ἐπὶ
2696 1155 2805 1206 τῶν
2865 1149 3123 1225 θεάτρων.
3194 1149 3296 1205 Καὶ
3359 1147 3498 1223 πρὸς
3549 1145 3766 1208 τούτοις
3824 1142 3885 1200 ἐν

2223 1242 2420 1303 πάσαις
2453 1241 2619 1297 αὐτοῦ
2648 1240 3094 1316 ἀθεμιτουργίαις
3149 1239 3243 1293 καὶ
3296 1238 3360 1292 τὸ
3414 1243 3514 1306 τῆς
3573 1235 3885 1310 θεομαχίας

2223 1331 2530 1407 προσέθηκε
2588 1331 2778 1403 μύσος,
2848 1326 3087 1398 διώκτης
3159 1331 3377 1401 πρῶτος
3433 1325 3725 1401 γενόμενος
3779 1327 3888 1379 τοῦ

2226 1418 2374 1483 θείου
2431 1419 2630 1495 Λόγου.
2694 1418 2841 1474 Μετᾶ
2899 1414 2955 1471 δὲ
3009 1418 3180 1471 ταῦτα
3238 1409 3541 1483 ἐπιϐουλῆς
3570 1414 3687 1468 κατ’
3716 1411 3892 1467 αὐτοῦ

2229 1507 2562 1583 μηνυθείσης
2619 1509 2791 1579 αὐτῷ,
2854 1506 2930 1568 εἷς
2990 1504 3157 1580 ἄκρον
3222 1505 3414 1578 μανίας
3473 1502 3648 1559 ἐλθὼν
3701 1501 3895 1558 ἀνεῖλε

2223 1599 2325 1667 τήν
2376 1596 2585 1672 μητέρα
2632 1596 2798 1652 αὐτοῦ
2845 1596 2937 1652 καὶ
2986 1598 3087 1666 τήν
3137 1593 3379 1671 ἂδελφήν
3430 1592 3599 1649 αὐτοῦ
3653 1592 3744 1649 καὶ
3780 1593 3891 1661 τὴν

2221 1691 2452 1763 γυναῖκα
2480 1687 2646 1742 αὐτοῦ
2701 1685 2791 1741 καὶ
2851 1684 3059 1747 ἄλλους
3122 1684 3352 1759 μυρίους
3408 1688 3489 1756 τῷ
3541 1681 3894 1759 γένειπροσ-

2222 1776 2457 1847 ἥκοντας
2487 1774 2578 1829 καὶ
2606 1773 2735 1837 τοὺς
2780 1772 2830 1828 ἐν
2881 1774 3072 1848 Ῥώμῃ
3133 1773 3465 1847 ἐπισήμους,
3523 1772 3621 1839 τὴν
3678 1769 3731 1841 ἐξ
3782 1771 3895 1825 αὖ·

442 1839 786 1923 eunuchum
817 1865 1020 1921 uxoris
1077 1863 1208 1920 loco
1259 1863 1448 1919 duxit.
1504 1864 1556 1918 is
1605 1864 1757 1918 Nero
1805 1860 2108 1933 principes

2226 1839 2329 1917 τῶν
2370 1860 2725 1917 ἐπανάστασιν
2779 1839 3156 1938 ὑφορώμενος.
3220 1839 3367 1916 Μέὲά
3424 1857 3482 1914 δὲ
3551 1860 3613 1913 τὸ
3669 1839 3895 1913 ἀνελεῖν

444 1954 849 2028 apostolorum
880 1955 1124 2009 Petrum
1167 1968 1234 2008 ac
1268 1951 1519 2007 Paulum
1576 1950 1915 2021 multosque
1965 1949 2116 2004 alios

449 2051 746 2117 martyres
805 2043 1124 2099 interfecit.
1182 2044 1262 2098 Eo
1312 2043 1646 2112 imperante
1694 2041 1872 2095 etiam
1935 2038 2121 2100 Iudaai

454 2134 741 2190 Iacobum
771 2133 1016 2187 fratrem
1051 2130 1286 2186 Domini
1318 2133 1701 2185 necaverunt.
1733 2129 1787 2183 Is
1832 2128 1907 2183 ab
1951 2132 2120 2182 utero

459 2221 671 2277 matris
702 2226 901 2275 castus
951 2219 1170 2286 fuerat,
1214 2219 1416 2273 vinum
1440 2218 1707 2287 aliosque
1756 2216 2121 2272 inebriantes

458 2310 606 2366 80!
657 2313 834 2380 potus
881 2322 1195 2378 nunquam
1247 2306 1501 2371 biberat,
1556 2305 1829 2360 animans
1886 2303 2122 2359 nullum

462 2397 691 2464 ederat,
722 2395 1014 2451 novacula
1042 2400 1220 2466 caput
1251 2395 1440 2466 ipsius
1470 2410 1780 2465 nunquam
1826 2394 2102 2467 tetigerat
2122 2444 2136 2470 ,

466 2485 601 2541 oleo
623 2490 841 2540 unctus
863 2490 921 2539 et
944 2482 1161 2539 balneo
1190 2500 1338 2539 usus
1362 2499 1483 2538 non
1506 2483 1719 2538 fuerat.
1752 2484 1805 2537 1s
1826 2483 1954 2553 jam
1985 2483 2125 2539 inde

459 2576 535 2631 ab
567 2575 763 2631 reditu
790 2574 1007 2629 Christi
1037 2574 1099 2628 in
1131 2572 1311 2629 caelos
1340 2573 1654 2644 episcopus
1696 2572 2123 2644 Hierosolyma

454 2662 655 2719 fuerat
681 2667 936 2718 creatus.
973 2662 1176 2717 Genua
1207 2678 1384 2733 porro
1432 2661 1622 2731 ipsius
1674 2660 1865 2715 callos
1910 2659 2125 2715 cameli

463 2752 656 2809 instar
685 2767 944 2825 genuum
976 2750 1372 2818 obduxerant,
1406 2749 1567 2821 quod
1596 2749 1659 2804 in
1692 2765 1762 2805 ea
1800 2749 2128 2805 identidem

469 2840 759 2898 adorandi
779 2839 882 2895 Dei
900 2854 1080 2895 causa
1099 2838 1454 2894 consideret.
1487 2839 1692 2909 Itaque
1717 2837 1792 2893 ob
1825 2837 2122 2894 excellen-

466 2936 593 2987 tem
605 2928 903 3001 justitiam
917 2927 1451 2998 admirabilemque
1473 2927 1604 2982 vitae
1618 2928 1913 2983 rationem
1925 2929 2126 2984 Justus

468 3018 910 3091 appellabatur,
939 3022 1000 3072 et
1025 3017 1243 3085 Oblias,
1284 3016 1443 3088 quod
1488 3016 1693 3088 populi
1750 3017 2127 3089 complexum

474 3107 735 3164 denotat.
769 3108 939 3164 Hunc
963 3107 1267 3173 Iacobum,
1294 3106 1484 3161 virum
1504 3105 2127 3171 venerabilem,hono-

2221 1953 2321 2020 τὴν
2379 1956 2613 2025 γυναῖκα
2668 1948 2873 2026 ἔγημεν
2935 1950 3221 2026 εὐνοῦχον.
3289 1951 3460 2010 Οὗτος
3516 1947 3697 2003 ἀνεῖλε
3750 1947 3892 2010 τοὺς

2223 2041 2552 2120 κορυφαίους
2584 2039 2930 2100 ἀποστόλους
2973 2039 3177 2113 Πέτρον
3228 2039 3317 2093 καὶ
3370 2037 3582 2093 Παῦλον
3612 2037 3703 2092 καὶ
3734 2036 3891 2092 πολ-

2227 2128 2360 2191 λοὺς
2416 2127 2630 2206 ἑτέρους
2693 2130 2988 2203 μάρτυρας.
3055 2130 3172 2208 Ἐφ’
3230 2129 3292 2183 οὗ
3341 2128 3428 2182 καὶ
3493 2124 3746 2182 Ἰουδαῖοι
3786 2125 3895 2180 τὸν

2225 2215 2556 2298 ἀδελφόθεον
2588 2213 2852 2277 Ἰάκωϐον
2882 2219 3219 2285 ἀπέκτειναν,
3279 2216 3337 2277 ὅς
3397 2216 3558 2294 ἁγνὸς
3617 2216 3896 2290 ὑπάρχων

2227 2306 2287 2363 ἐκ
2315 2306 2532 2369 κοιλίας
2584 2310 2794 2382 μητρὸς
2848 2309 2989 2363 οἶνον
3047 2307 3136 2363 καὶ
3189 2306 3372 2382 σίκερα
3429 2306 3527 2360 οὐκ
3578 2300 3746 2372 ἔπιεν,
3779 2303 3898 2376 ἔμ-

2229 2400 2409 2473 ψυχον
2464 2396 2563 2453 οὐκ
2620 2395 2782 2473 ἔφαγε
2837 2399 3081 2467 πώποτε,
3141 2397 3298 2468 ξυρὸς
3357 2396 3446 2451 ἐπὶ
3496 2397 3595 2464 τὴν
3637 2391 3895 2471 κεφαλὴν

2231 2486 2395 2543 αὐτοῦ
2425 2485 2524 2541 οὐκ
2552 2482 2741 2557 ἀνέϐη,
2773 2487 2945 2558 ἐλαίῳ
2995 2487 3097 2541 οὐκ
3147 2485 3443 2560 ἠλείψατο,
3479 2483 3754 2560 βαλανείῳ
3785 2484 3900 2539 οὐκ

2230 2575 2530 2655 ἐχρήσατο.
2584 2576 2756 2638 Οὗτος
2808 2576 2898 2631 ἐπὶ
2954 2579 3052 2630 τοῦ
3111 2575 3311 2650 Κυρίου
3370 2574 3670 2636 ἐπίσκοπος
3699 2580 3802 2642 τῆς
3842 2572 3901 2628 ἐν

2228 2650 2637 2739 Ἱεροσολύμοις
2695 2664 3025 2734 Ἐκκλησίας
3083 2665 3339 2735 κατέστη,
3415 2665 3482 2719 τά
3562 2660 3619 2718 δὶ
3682 2663 3899 2738 γόνατα

2230 2752 2397 2807 αὐτοῦ
2446 2755 2585 2823 ἦσαν
2640 2753 3024 2824 ἀπεσκληκότα
3082 2753 3158 2814 ὡς
3213 2750 3474 2825 καμήλου
3531 2752 3590 2806 ἐκ
3644 2755 3743 2806 τοῦ
3802 2751 3900 2807 ἀεὶ

2229 2843 2497 2915 κάμπτειν
2531 2844 2718 2898 ἐαυτὸν
2768 2842 2859 2897 καὶ
2915 2846 2997 2914 τῷ
3053 2846 3169 2914 Θεῷ
3226 2846 3560 2916 προσκυνεῖν.
3606 2842 3763 2897 Ὅθεν
3798 2838 3899 2896 διὰ

2230 2932 2332 3001 τήν
2392 2926 2706 3007 ὑπερϐολὴν
2754 2937 2854 3001 τῆς
2909 2928 3259 3001 δικαιοσύνης
3316 2929 3482 2985 αὐτοῦ
3516 2918 3627 2984 ’καὶ
3681 2940 3901 3003 θαυμα-

2232 3027 2363 3090 στῆς
2419 3020 2702 3082 πολιτείας
2757 3018 3003 3075 ἐκαλεῖτο
3059 3018 3268 3081 δίκαιος
3318 3018 3410 3073 καὶ
3464 3013 3656 3080 ὀϐλίας
3684 3020 3829 3091 (46),
3867 3018 3897 3074 ὃ

2232 3109 2345 3165 ἐστι
2373 3112 2613 3185 περιοχή
2661 3110 2799 3165 λαοῦ
2855 3130 2945 3164 και
3005 3107 3344 3179 δικαιοσύνη.
3377 3106 3529 3165 Ἐπεὶ
3561 3107 3653 3162 οῦν
3686 3104 3900 3162 αἷδέσι-

459 3202 659 3253 ratum
689 3201 751 3252 et
795 3195 1253 3252 celeberrimum
1307 3193 1777 3266 angelorumque
1833 3195 2115 3260 similem,

2237 3218 2336 3271 μσς
2373 3198 2462 3253 καὶ
2494 3194 2789 3270 σεϐάσμιος
2842 3198 2933 3253 καὶ
2992 3194 3198 3275 σφόδρα
3256 3192 3591 3271 περιϐόητος
3638 3195 3896 3275 ὑπῆρχεν

463 3302 601 3342 cum
632 3285 939 3342 Paschatis
993 3284 1285 3340 festivitas
1341 3289 1636 3356 ageretur.
1696 3300 1765 3339 ac
1822 3283 2120 3355 permulta

457 3373 799 3430 Iudaaorum
828 3374 1023 3429 millia
1050 3374 1114 3429 in
1152 3373 1364 3429 urbem
1399 3371 1855 3441 confluxissent,
1907 3372 2119 3427 scriba)

454 3468 515 3519 et
544 3463 882 3519 sacerdotes
921 3462 984 3518 in
1012 3462 1223 3533 templi
1254 3461 1577 3532 pinnaculo
1636 3462 2116 3527 constituerunt;

453 3556 638 3623 utque
658 3552 876 3608 Christi
894 3550 1234 3624 praedicatio
1244 3566 1381 3606 nem
1401 3550 1963 3623 abolerent,magna
1980 3566 2119 3605 voce

455 3639 541 3696 ita
568 3645 712 3696 sunt
743 3640 946 3696 ati‘ati:
1002 3642 1076 3696 Te
1134 3641 1296 3695 Iuste
1344 3640 1675 3706 hortamur,
1728 3645 1795 3694 ut
1843 3640 2117 3695 universo

455 3729 679 3801 populo
710 3729 896 3798 dicas,
927 3746 1003 3784 ne
1036 3745 1237 3784 errore
1268 3727 1508 3785 abducti
1541 3744 1678 3783 eum
1711 3729 1812 3797 qui
1850 3727 2119 3783 Christus

454 3824 781 3890 usurpatur
805 3824 1131 3877 sectentur.
1169 3818 1294 3874 Tibi
1321 3818 1486 3872 enim
1526 3833 1637 3871 nos
1671 3833 1881 3872 omnes
1940 3816 2119 3873 fidem

453 3906 771 3976 habemus,
799 3923 975 3978 quem
998 3908 1221 3964 scimus
1236 3907 1467 3978 justum
1488 3921 1620 3961 esse
1649 3911 1707 3960 et
1727 3922 2117 3977 personarum

451 3998 748 4053 rationem
780 3997 1011 4053 nullam
1044 3996 1284 4052 ducere.
1313 3996 1416 4051 Dic
1440 4011 1577 4067 ergo
1608 3994 1805 4062 nobis,
1868 4012 1999 4067 qum
2030 4002 2121 4052 est

442 4087 637 4159 janua
657 4087 838 4142 Iesu?
855 4085 944 4143 Ad
969 4085 1214 4141 hmcille
1233 4101 1247 4150 ;
1265 4083 1417 4150 Quid
1442 4084 1779 4155 me,inquit,
1795 4084 1867 4140 de
1884 4086 2117 4142 Christo

449 4176 874 4249 interrogatis?
906 4176 959 4231 Is
992 4174 1235 4246 quidem
1266 4174 1329 4229 in
1357 4173 1502 4229 ccelo
1536 4173 1610 4229 ad
1654 4172 1961 4230 dexteram
2010 4176 2116 4232 Dei

453 4264 643 4335 sedet,
674 4265 936 4336 indeque
967 4264 1165 4321 veniet
1194 4269 1395 4319 vectus
1426 4262 1685 4318 nubibus
1706 4263 2112 4332 cmli,reddet-

450 4369 566 4427 que
596 4354 921 4426 unicuique
952 4370 1022 4409 ea
1065 4369 1197 4423 qum
1253 4353 1501 4407 meritus
1563 4352 1693 4408 fuit.
1756 4352 1921 4407 Multi
1972 4368 2109 4425 ergo

451 4443 784 4499 certissime
814 4458 949 4498 vera
977 4458 1107 4498 esse
1138 4458 1269 4512 qua:
1306 4441 1561 4497 Iacobus
1593 4441 1826 4497 dixerat
1855 4442 2113 4498 creden-

448 4539 540 4590 tes
564 4534 1080 4590 exclamaverunt:
1109 4555 1138 4584 «
1160 4533 1437 4589 Hosanna
1454 4533 1604 4588 Filio
1628 4532 1851 4588 Davidi.
1885 4555 1912 4584 »ι
1946 4534 2113 4599 Quod

458 4637 594 4677 cum
625 4621 904 4677 audirent
931 4621 1098 4694 impii
1130 4621 1468 4678 sacerdotes
1497 4627 1674 4692 atque
1699 4621 1930 4690 scribas,
1954 4623 2109 4678 voci-

453 4709 629 4766 ferati
659 4716 834 4766 sunt:
862 4730 890 4764 α
911 4710 1062 4767 Ohe!
1092 4711 1269 4768 etiam
1294 4711 1495 4782 justus
1519 4710 1581 4765 in
1612 4724 1877 4765 errorem
1908 4710 2112 4782 lapsus

452 4806 562 4857 est.
588 4801 877 4873 nActique
899 4801 961 4857 in
982 4802 1246 4858 furorem
1278 4818 1413 4858 eum
1472 4800 1958 4856 deturbaverunt.
1990 4803 2108 4857 No-

449 4906 567 4962 que
590 4896 787 4946 tamen
810 4908 878 4947 eo
902 4908 971 4948 ex
994 4909 1135 4947 casu
1167 4897 1437 4947 mortuus
1469 4896 1587 4955 est;
1622 4895 1679 4944 et
1710 4906 1843 4945 cum
1880 4890 2110 4962 lapides

452 4980 607 5037 802
631 4980 694 5035 in
715 4997 847 5036 eum
872 4982 1173 5053 conjicere
1195 4980 1534 5051 saepissent,
1574 4978 1745 5034 ﬂexis
1784 4979 2110 5052 poplitibus

448 5070 536 5127 ita
565 5075 656 5126 est
682 5076 959 5143 precatus
982 5087 996 5126 :
1018 5092 1046 5119 ‹‹
1066 5071 1179 5126 Oro
1206 5073 1334 5136 te,o
1358 5069 1512 5124 Deus
1543 5068 1805 5137 Genitor,
1836 5070 2111 5127 condona

2226 3286 2254 3340 ὁ
2286 3290 2367 3357 [Ρ.
2400 3288 2528 3359 206]
2571 3286 2857 3362 ίσάγγελος
2908 3280 3168 3347 Ἰάκωϐος
3218 3286 3415 3359 ἑορτῆς
3451 3284 3757 3359 γενομένης
3794 3289 3898 3340 τοῦ

2225 3374 2419 3454 Πάσχα
2446 3376 2535 3430 καὶ
2584 3374 2814 3430 πολλῶν
2869 3372 3156 3449 μυριάδων
3207 3374 3577 3438 συνελθόντων
3608 3377 3719 3428 τῶν
3751 3374 3895 3430 Ἰου-

2223 3461 2390 3519 δαίων
2419 3468 2612 3520 τοῦτον
2672 3463 3054 3541 ἁνενέγκαντες
3118 3465 3170 3519 οἱ
3226 3467 3567 3538 γραμματεῖς
3606 3463 3696 3517 καὶ
3731 3463 3902 3533 ἱερεῖς

2228 3551 2320 3607 ἐπὶ
2348 3556 2411 3607 τὸ
2436 3554 2726 3628 πτερύγιον
2780 3558 2880 3609 τοῦ
2932 3554 3104 3627 ἱεροῦ,
3166 3549 3511 3607 διασκεδάσαι
3554 3549 3897 3626 βουλόμενοι

2219 3644 2283 3699 τὸ
2314 3646 2573 3720 κήρυγμα
2633 3649 2732 3699 τοῦ
2790 3648 3052 3719 Χριστοῦ,
3107 3644 3261 3699 εἶπον
3326 3641 3539 3718 μεγάλῃ
3583 3646 3653 3717 τῇ
3705 3647 3894 3719 φωνῇ,

2227 3735 2497 3807 Λειοῦμεν
2551 3732 2632 3804 σέ,
2682 3732 2885 3800 δίκαιε,
2942 3732 3113 3789 εἶπεῖν
3169 3737 3248 3803 τῷ
3306 3730 3572 3804 λαῷ,ἳνα
3622 3733 3699 3803 μὴ
3747 3728 3894 3788 πλα-

2217 3826 2416 3877 νῶνται
2450 3823 2627 3879 ὀπίσω
2661 3828 2759 3879 τοῦ
2810 3822 3115 3898 λεγομένου
3174 3825 3429 3896 Χριστοῦ.
3489 3821 3584 3876 Σοὶ
3613 3820 3716 3897 γάρ
3748 3822 3890 3875 πάν-

2217 3932 2305 3973 τες
2359 3912 2677 3985 πειθόμεθα,
2735 3912 3094 3989 γινώσκοντες
3152 3933 3207 3966 σε
3266 3908 3477 3967 δίκαιον
3505 3910 3597 3965 καὶ
3624 3909 3885 3984 ἀπροσω-

2220 4001 2531 4072 πόληπτον.
2564 4003 2696 4058 Εἷπέ
2727 4004 2865 4076 ἡμῖν
2925 4002 3010 4062 τίς
3068 4000 3207 4055 ἐστιν
3264 4003 3297 4069 ἡ
3355 3999 3489 4074 οὖρα
3539 4002 3633 4055 τοῦ
3671 3998 3880 4067 Ἰησοῦ,

2223 4092 2286 4148 Ὀ
2345 4089 2403 4145 δὲ
2460 4090 2775 4165 ἀποκριθεὶς
2833 4089 2956 4170 ἔφη,
3011 4090 3076 4146 Τί
3142 4111 3207 4164 με
3259 4089 3568 4144 ἐπεοωτᾶτε
3617 4087 3739 4158 περὶ
3787 4092 3891 4143 τοῦ

2225 4180 2504 4254 Χριστοῦς
2555 4180 2653 4234 Καὶ
2689 4180 2852 4243 αὐτὸς
2881 4181 3165 4249 καθέζεται
3227 4178 3279 4233 ἐν
3342 4176 3487 4249 δεξιᾷ
3536 4181 3637 4232 τοῦ
3667 4181 3805 4233 Θεοῦ
3838 4176 3894 4233 ἐν

2224 4273 2306 4341 τῷ
2336 4270 2570 4344 οὐρανῷ,
2603 4269 2691 4324 καὶ
2723 4269 2883 4334 αὐτὸς
2937 4267 3132 4343 μέλλει
3183 4264 3445 4345 ἔρχεσθαι
3486 4265 3571 4322 ἐπὶ
3605 4271 3712 4321 τῶν
3744 4287 3906 4347 νεφε-

2226 4356 2342 4413 λῶν
2398 4361 2497 4413 τοῦ
2554 4358 2786 4434 οὐρανοῦ
2841 4358 2932 4413 καὶ
2994 4356 3294 4413 ἀποδοῦναι
3352 4358 3570 4429 ἒκάστῳ
3627 4356 3766 4411 κατὰ
3792 4359 3898 4427 τήν

2224 4447 2415 4521 πρᾶξιν
2448 4446 2636 4503 αὐτοῦ.
2696 4445 2909 4502 Πολλοὶ
2966 4452 3093 4523 γοῦν
3148 4444 3671 4523 πληροφορηθέντες
3704 4444 3794 4499 ἐπὶ
3827 4448 3903 4520 τῇ

2227 4537 2498 4612 μαρτυρίᾳ
2536 4542 2635 4593 τοῦ
2687 4534 2952 4594 Ἰακώϐου
3010 4535 3231 4612 ἔκραξαν
3294 4538 3566 4612 λέγοντες·
3606 4560 3633 4587 «ι
3666 4536 3899 4590 Ὠσαννᾶ

2220 4631 2299 4699 τῷ
2329 4627 2440 4699 Υίῷ
2470 4622 2656 4685 Δαϐίδ,
2693 4651 2720 4679 ››
2754 4626 3111 4689 Ἀκούσαντες
3162 4624 3222 4681 δὲ
3270 4631 3435 4681 ταῦτα
3490 4627 3541 4680 οἳ
3573 4625 3897 4700 παράνομοι

2221 4716 2497 4791 ἀρχιερεῖς
2527 4717 2616 4771 καὶ
2652 4722 2947 4791 Φαρισαῖοι
2977 4716 3226 4791 ἓκραξαν·
3251 4739 3280 4769 ‹‹
3302 4717 3368 4770 Ὠ
3387 4714 3432 4769 ὢ
3464 4717 3476 4771 ι
3509 4715 3598 4770 καὶ
3623 4716 3652 4769 ὁ
3679 4711 3902 4777 δίκαιος

2219 4802 2592 4876 πεπλάνηται,
2658 4830 2686 4858 ››
2742 4806 2833 4862 καὶ
2895 4807 3147 4879 μανέντες
3218 4804 3441 4880 ἔῤῥιψαν
3498 4803 3658 4858 αὐτὸν
3716 4803 3903 4860 κάτω.

2223 4893 2408 4947 ΙΙεσὼν
2439 4890 2497 4948 δὲ
2551 4894 2652 4949 οὐκ
2685 4893 2934 4965 ἀπέθανε,
2980 4895 3070 4948 καὶ
3120 4894 3349 4970 ἤρξαντο
3406 4891 3643 4961 λιθάζειν
3699 4890 3899 4947 αὐτόν’

2221 4983 2249 5037 ὁ
2282 4980 2339 5037 δὲ
2368 4981 2480 5043 θεὶς
2509 4984 2576 5037 τά
2623 4985 2829 5059 γόνατα
2878 4985 3234 5059 προσηύχετο
3275 4980 3474 5056 λέγων·
3514 5006 3534 5031 α
3576 4979 3895 5055 Παρακαλῶ

2226 5091 2304 5144 σε,
2338 5072 2433 5127 Θεὲ
2462 5072 2661 5148 Πάτερ,
2694 5071 2825 5150 ἄφες
2880 5074 3086 5134 αὐτοῖς·
3147 5071 3211 5126 οὐ
3263 5071 3362 5147 γάρ
3397 5067 3577 5125 οἷ’δασι
3605 5071 3657 5125 τί
3709 5069 3896 5147 πράτ-

1664 5196 2029 5255 XYLANDRI
2068 5201 2157 5256 ET
2194 5201 2402 5259 GOARI
2442 5204 2663 5259 ΝΟΤᾹΞ.

526 5326 636 5395 (46)
667 5326 849 5397 Cujus
891 5324 1274 5397 linguaghhoc
1328 5323 1684 5397 vocabulum
1733 5322 1821 5397 sit!
1861 5330 1920 5379 et
1971 5326 2118 5396 quid

449 5391 773 5470 significet,
812 5413 933 5470 non
965 5391 1233 5463 intelligo
1266 5396 1535 5470 περιοχὴν
1568 5391 1704 5470 λαοῦ
1752 5395 1835 5470 ad_
1875 5391 2116 5454 verbum

448 5467 683 5522 reddidi
706 5469 1096 5539 complexum
1120 5467 1345 5539 populi.
1376 5467 1787 5539 Narrationem
1823 5468 1975 5523 hanc
2007 5486 2114 5524 no-

450 5487 683 5522 I'BOQIGI
706 5487 835 5524 com
888 5487 1096 5523 lexum
1120 5487 1344 5539 pOPUII.
1376 5487 1787 5523 narrationem
1824 5487 1975 5523 nano
2007 5487 2114 5524 ΠΟ·-

450 5542 575 5618 ster
603 5544 707 5593 aut
737 5556 807 5594 ex
841 5487 1172 5618 ﬂicephoro
1196 5539 1513 5618 descripsit
1532 5538 1883 5618 a_utge1_r_i_pgso
1910 5540 2114 5618 Elege-

447 5610 638 5683 sippp,
672 5625 743 5683 e_x
773 5627 889 5681 quo
921 5626 1063 5683 eam
1080 5610 1448 5683 Nicephorus
1477 5611 1663 5666 refert
1699 5612 1842 5667 Hist.
1908 5610 2106 5669 Eccles.

466 5694 508 5751 ι,
536 5680 625 5737 38.
672 5680 862 5744 Quem
919 5683 969 5737 si
1026 5680 1294 5740 ϐνωοιίω
1342 5683 1710 5750 habuissem,
1778 5683 2108 5753 potuissem

2270 5329 2504 5385 Iurimis
2548 5330 2693 5386 locis
2742 5331 2803 5385 in
2850 5329 3203 5401 corrigendo
3253 5329 3519 5385 Cedreno
3579 5325 3897 5383 adhibere.

2280 5417 2365 5488 γι..
2394 5432 2469 5488 ;--
2488 5402 2886 5499 1Epiphanius.
2951 5404 3161 5489 [daresi
3208 5418 3443 5499 quin,
3494 5418 3552 5499 né
3587 5404 3617 5453 7
3644 5402 3901 5491 :"'i§cxs

2230 5472 2323 5551 μᾲν
2358 5471 2451 5526 οῦν
2486 5473 2513 5526 ὁ
2546 5464 2751 5551 itaex-Ei?
2798 5472 3148 5551 πρωτότοκον
3202 5473 3294 5527 τὸν
3352 5464 3731 5551 Ἰάκωϐονγτρν
3761 5464 3897 5523 ’ἐτίιῖ-

2225 5537 2498 5622 ξιληθὲντα
2551 5537 2774 5622 Ὀϐλίάν
2831 5537 3270 5622 ἑρμηνερόμενον
3301 5540 3637 5622 τεῖχοςλκαὶ
3671 5537 3889 5622 δίκαιον

2223 5611 2613 5686 ἐπικληθέντα,
2647 5611 2970 5693 Ναζωραῖον
3030 5611 3295 5686 δὲ’ὅντα,
3355 5611 3886 5691 ὅπερέρμηνεύεται

2218 5688 2434 5743 ”Αγιος.
2469 5690 2647 5743 Com.

2246 5695 2434 5761 Αγιος.
2469 5695 2647 5747 GOAR.
