4154 6412
316 383 450 445 401

1486 381 2030 445 HISTURIARUM
2076 383 2623 448 COMPENDIUM.

3642 390 3763 452 £02

312 535 522 572 τουσιν.
583 537 612 566 ››
672 515 768 576 Εἷς
836 509 894 568 δέ
946 516 1054 568 τῶν
1115 515 1246 568 υἱῶν
1301 510 1500 592 Ῥιχὰϐ
1573 509 1761 588 ἕκραξε
1815 513 1983 591 λέγων

2107 517 2220 574 hoc
2243 519 2413 576 istis:
2447 537 2567 576 non
2626 519 2788 576 enim
2845 518 3042 576 sciunt
3081 536 3260 592 quam
3309 539 3435 578 rem
3494 528 3696 596 agunt.
3732 545 3763 576 »

319 629 352 659 ‹‹
384 604 683 672 Παύσασθε,
714 603 765 658 τί
798 609 1005 659 ποιεῖτε
1037 623 1051 672 ς
1080 605 1107 658 6
1143 601 1350 666 δίκαιος
1402 603 1615 677 μᾶλλον
1665 605 1794 677 ὑπὲρ
1829 607 1997 677 ἡμῶν

324 693 566 772 εὔχεται.
601 718 629 746 ››
668 695 772 751 Καὶ
806 690 1027 766 δραμών
1059 715 1141 757 τις
1207 695 1441 772 κναφεὺς
1499 691 1696 749 ἔδωκεν
1761 693 1836 757 εἲς
1895 694 1995 763 τὴν

325 783 575 865 κεφαλὴν
607 783 770 838 αὐτοῦ
812 783 947 856 μετά
1003 784 1170 858 ξύλου
1225 787 1507 862 κναςρικοῦ,
1566 784 1657 838 καὶ
1719 782 1998 848 ἐθανατωο

327 897 420 931 σεν
453 873 636 931 αὐτόν.
671 874 941 947 Θάψαντες
975 870 1031 928 δὲ
1087 873 1247 928 αὐτὸν
1277 874 1400 946 περὶ
1460 877 1538 945 τῷ
1595 877 1705 944 ναῷ
1768 874 2000 948 ἀνήγει-

330 985 431 1040 ραν
468 966 566 1032 την
611 961 823 1033 στήλην
878 964 1066 1020 αὐτοῦ.
1128 964 1280 1018 Μετσὶ
1334 960 1391 1017 δὲ
1452 962 1758 1037 μαρτύριον
1829 963 1996 1018 αὐτοῦ

324 1055 475 1130 παρά
525 1052 697 1114 πόδας
769 1048 1163 1127 πολιορχεῐται
1237 1049 1623 1126 Ἰερουσαλήμ·
1704 1051 1836 1128 φησί
1895 1051 1996 1127 γὰρ

323 1145 617 1216 Ἰώσηπος’
656 1165 683 1194 ‹‹
717 1147 896 1200 Ταῦτα
936 1139 994 1197 δὲ
1043 1136 1384 1215 συμϐέϐηκεν
1422 1139 1711 1204 Ἰουδαίοις
1761 1142 1877 1196 κατ’
1910 1141 1996 1196 έκο

324 1233 544 1306 δίκησιν
582 1227 846 1290 Ἰακώϐοὖ
876 1236 972 1287 105
1028 1234 1271 1302 Δικαίου,
1319 1232 1378 1294 ὃς
1408 1234 1472 1300 ἦν
1507 1229 1741 1308 ἀδελφὸς
1802 1233 1983 1300 Ἰησοῦ

320 1327 423 1379 105
456 1321 760 1398 λεγομένου
792 1324 1050 1394 Χριστοῦ,
1111 1319 1412 1396 ἐπεςδήπερ
1469 1317 1813 1376 δικαιότατον
1867 1319 1995 1375 ὄντα

317 1412 586 1472 Ἰουδαῖοι
616 1412 955 1468 ἀπέκτειναν.
992 1436 1018 1464 ››

397 1505 522 1562 Ἐπὶ
552 1504 752 1559 τούτου
783 1507 878 1558 105
907 1501 1165 1578 Νέρωνος
1218 1504 1407 1575 Σίμων
1444 1503 1470 1557 6
1506 1503 1688 1576 Μάγος
1737 1499 1908 1556 ἐλθὼν
1940 1498 1992 1555 έν

316 1594 541 1668 Ῥώμῃ,
581 1591 672 1646 καὶ
738 1588 926 1646 πολλά
983 1595 1187 1663 σημεῖα
1243 1587 1332 1645 διὰ
1379 1591 1640 1667 γοητείας
1701 1587 1992 1663 ἐπιτελῶν⁹

313 1683 510 1738 ἑαυτὸν
585 1687 716 1736 Θεον
774 1680 1044 1752 ὠνόμαζε.
1092 1683 1199 1735 Τοῦ
1257 1678 1498 1756 μεγάλου
1559 1677 1622 1734 δὲ
1684 1675 1997 1734 ἀποστόλου

312 1771 527 1845 Πέτρου
550 1769 673 1824 τότε
702 1769 804 1836 τὴν
836 1769 1064 1839 Ῥώμην
1117 1763 1520 1831 καταλαϐόντος
1571 1768 1659 1823 καὶ
1725 1767 1861 1841 πρὸς
1896 1766 1989 1820 τὸν

2108 609 2272 666 Unus
2302 616 2505 666 autem
2534 610 2604 666 de
2636 611 2917 683 progenie
2950 609 3194 666 Richabi
3228 611 3580 668 exclamavit
3611 636 3638 663 «
3670 613 3765 669 de-

2105 698 2306 768 sinite,
2339 701 2484 772 quid
2542 701 2761 772 agitis?
2788 702 2988 756 Justus
3032 718 3139 773 pro
3189 701 3352 757 vobis
3407 709 3702 774 precatur.
3735 725 3764 754 »

2105 787 2351 843 Interim
2387 789 2632 860 quidam
2661 789 2809 845 fullo
2841 805 3159 845 accurrens
3190 790 3383 864 ligneo
3416 809 3521 847 suo
3551 793 3768 848 instru-

2103 884 2304 932 mento
2335 878 2623 934 Iacobum
2668 879 2731 933 in
2762 885 2941 951 caput
2969 880 3252 951 imposita
3302 881 3476 954 plaga
3525 881 3764 938 occidit.

2104 967 2479 1037 Sepelierunt
2512 985 2648 1023 eum
2700 985 2854 1039 pone
2887 969 3200 1040 templum,
3231 985 3300 1024 ac
3331 970 3674 1026 columnam
3705 971 3769 1027 in

2104 1058 2475 1112 monimento
2529 1059 2659 1129 ejus
2720 1064 3064 1129 posuerunt.
3121 1059 3335 1114 Necem
3379 1060 3507 1131 ejus
3565 1060 3766 1117 statim

2103 1145 2419 1200 subsecuta
2449 1150 2538 1200 est
2582 1145 3128 1216 Hierosolymorum
3161 1145 3414 1202 obsidio.
3448 1149 3546 1203 Ait
3602 1149 3764 1205 enim

2100 1235 2389 1304 Iosephus
2441 1257 2469 1284 ‹‹
2501 1235 2627 1289 haec
2675 1233 2892 1289 Iudaeis
2927 1241 3274 1300 evenerunt,
3310 1241 3376 1292 ut
3404 1254 3608 1309 poenas
3638 1237 3765 1294 lue-

2102 1329 2236 1378 rent
2276 1323 2441 1378 necis
2500 1339 2680 1394 quam
2711 1323 2950 1392 Iacobo,
2985 1323 3086 1396 qui
3145 1324 3328 1380 frater
3381 1327 3518 1382 Iesu
3551 1344 3765 1400 cogno-

2102 1418 2302 1467 mento
2328 1412 2544 1466 Christi
2578 1412 2706 1474 fuit,
2736 1411 2965 1467 homini
2989 1412 3326 1484 justissimo
3359 1413 3706 1470 intulerant.
3733 1437 3763 1466 »

2172 1503 2505 1573 Imperante
2575 1503 2826 1571 Nerone,
2884 1504 3134 1558 Romam
3187 1502 3489 1574 profectus
3560 1505 3762 1560 Simon

2100 1592 2319 1662 Magus,
2353 1607 2488 1646 cum
2520 1589 2747 1645 artibus
2776 1590 3024 1663 magicis
3056 1590 3246 1647 multa
3285 1591 3573 1648 edidisset
3625 1610 3763 1664 pro-

2101 1679 2348 1752 digiosa,
2385 1678 2497 1734 sibi
2530 1679 2631 1733 Dei
2673 1695 2894 1734 nomen
2944 1680 3256 1752 arrogavit.
3313 1683 3436 1748 Quo
3495 1687 3761 1754 tempore

2100 1785 2350 1841 magnus
2384 1767 2485 1824 ille
2519 1767 2824 1840 apostolus
2882 1769 3093 1824 Petrus
3123 1771 3371 1826 Romam
3403 1787 3536 1826 cum
3567 1771 3762 1826 venis-

313 1860 492 1936 μάγον
543 1857 900 1925 ἀπελθόντος,
961 1857 1082 1932 εὗρε
1137 1857 1271 1911 κύνα
1330 1851 1983 1932 παι.ι.μ.εγέθηνδεδεμένοἹ

2101 1864 2212 1928 set,
2244 1857 2451 1913 statuit
2480 1857 2782 1913 Simonem
2814 1857 2999 1914 adire.
3032 1859 3172 1913 Erat
3197 1857 3272 1913 ad
3301 1857 3458 1914 fores
3503 1859 3761 1915 Simonis

303 1951 504 2008 ἁλύσει
535 1949 586 2004 ἐν
611 1954 692 2021 τῷ
742 1947 976 2019 πυλῶνι,
1009 1949 1068 2002 ὃν
1102 1949 1130 2002 ὁ
1162 1948 1364 2021 Σίμων
1399 1945 1672 2021 δεσμήσας
1703 1943 1772 2001 δι’
1823 1943 1986 2000 αὐτοῦ

305 2039 523 2096 έκώλυε
554 2041 757 2100 πάντας
808 2038 902 2100 οὓς
944 2035 1038 2091 οὐκ
1104 2035 1272 2106 ἤσελε
1327 2037 1464 2111 πρὸς
1527 2035 1683 2090 αὐτὸν
1745 2033 1982 2089 εἰσιέναι·

309 2130 590 2184 καὶτοῦτο
619 2130 684 2196 ἦν
740 2132 958 2200 πρῶτον
1013 2128 1198 2199 θαῦμα
1257 2131 1338 2197 τῷ
1407 2124 1671 2198 μέλλοντι
1730 2124 1868 2198 πρὸς
1899 2121 1990 2176 Σί-

317 2240 479 2293 μωνα
508 2219 875 2293 ιὶσάρχεσθαι.
910 2217 970 2274 Ὀ
1004 2213 1060 2271 δὲ
1090 2217 1296 2289 Πέτρος
1347 2211 1481 2270 *ιδὼν
1538 2213 1629 2268 τὸν
1683 2213 1816 2268 κύνα
1847 2211 1990 2268 οὕτω

315 2308 491 2382 μέγαν
546 2307 628 2362 καὶ
684 2305 1134 2381 ἀπηγριωμένον,
1194 2305 1284 2360 καὶ
1349 2303 1536 2378 μαθὼν
1598 2303 1682 2359 ’ὁτι
1743 2300 1991 2362 πολλοὺς

312 2396 524 2453 ἀνεῖλεν
554 2395 1008 2471 ἐπιχειρήσαντας
1056 2393 1318 2450 εἰσελθεῖν
1376 2393 1493 2469 πρὸ
1522 2400 1622 2462 τῆς
1684 2389 1955 2467 έπιτροπῆ

307 2487 582 2561 Σίμωνος,
631 2487 906 2559 κρατήσας
963 2479 1150 2539 ἔλυσεν
1207 2482 1366 2538 αὐτὸν
1427 2481 1624 2560 λέγων·
1693 2505 1722 2534 ‹‹
1757 2479 1990 2554 Εῗσελθξ

305 2576 453 2651 πρὸς
485 2575 724 2647 Σίμωνα,
756 2575 845 2630 καὶ
891 2572 1008 2628 εἰπὲ
1067 2572 1212 2644 αὐτῷ
1278 2572 1587 2646 ἀνθρωπινᾳ
1642 2573 1820 2650 φωνῇ,
1887 2571 1990 2626 Πέ.

308 2684 446 2740 τρος
502 2662 763 2724 ὁδοῦλος
821 2663 1059 2738 Χριστοῦ
1117 2659 1377 2724 εἰσελθεῖν
1436 2659 1572 2733 πρὸς
1630 2659 1686 2713 σὲ
1753 2657 1922 2722 θέλει.
1961 2682 1989 2709 ››

307 2754 424 2811 Καὶ
454 2758 556 2810 105
585 2755 746 2814 κυνὸς
796 2750 949 2814 εὐθὺς
1006 2749 1196 2826 δρόμῳ
1256 2749 1622 2818 εἰσελθόντος,
1681 2748 1774 2802 καὶ
1836 2748 1988 2802 οὕτω

309 2842 669 2914 λαλήσαντος
720 2839 1139 2916 κατεπλάγησαν
1171 2841 1220 2894 οἱ
1250 2839 1386 2911 μετά
1448 2837 1727 2911 Σίμωνος,
1796 2834 1990 2912 λέγον-

302 2951 418 2997 τες·
457 2932 555 2996 Τίς
579 2930 691 2986 έστι
743 2935 970 3005 Πέτρος,
1027 2931 1114 3003 [Ρ.
1175 2930 1302 3001 207]
1359 2927 1449 2982 καὶ
1507 2927 1589 2989 τίς
1649 2928 1684 2995 ἡ
1749 2926 1985 2996 τοσαύτη

312 3021 555 3096 δύναμις
593 3019 758 3075 αὐτοῦ
792 3039 805 3089 ;
839 3020 974 3094 πρὸς
1006 3018 1097 3080 οὕς
1140 3039 1301 3095 φησιν
1339 3017 1367 3071 6
1404 3017 1614 3090 Σίμων·
1646 3019 1818 3070 T0510
1846 3015 1989 3087 ὑμᾶς

309 3113 401 3186 μή
460 3110 710 3182 ξενιζέτω
748 3154 760 3178 ,
823 3109 954 3182 ὅπερ
1023 3108 1175 3183 κάγὼ
1234 3107 1476 3177 ποιήσω.
1530 3105 1632 3162 Καὶ
1692 3105 1990 3178 προσέταξε

307 3207 396 3273 τῷ
425 3202 545 3256 κυνὶ
579 3197 891 3274 ἀνθρωπίνῃ
926 3201 1082 3276 φωνῇ
1118 3197 1288 3252 εἰπεῖν
1321 3200 1401 3267 τῷ
1449 3196 1640 3270 Πέτρῳ
1700 3192 1984 3250 εἰσελθεῖν·

2103 1948 2267 2002 canis
2317 1946 2686 2020 praegrandis
2771 1952 2983 2002 catena
3043 1947 3294 2015 vinctus,
3354 1949 3524 2020 cujus
3581 1965 3764 2019 opera

2100 2037 2303 2092 Simon
2334 2035 2574 2092 arcebat
2605 2052 2993 2107 quoscunque
3026 2035 3101 2091 ad
3125 2053 3187 2091 se
3218 2036 3499 2092 accedere
3530 2037 3719 2092 nollet
3743 2054 3759 2104 ;

2097 2128 2278 2200 idque
2302 2127 2564 2200 primum
2590 2126 2948 2183 miraculum
2980 2126 3332 2182 occurrebat
3353 2127 3428 2182 ad
3461 2128 3762 2183 Simonem

2094 2216 2421 2273 intraturis.
2446 2218 2658 2272 Petrus
2705 2231 2916 2271 canem
2945 2216 3028 2271 ita
3053 2231 3334 2288 magnum
3365 2221 3424 2270 et
3453 2214 3763 2272 efferatum

2096 2322 2370 2372 cernens,
2404 2304 2640 2378 cognito
2671 2304 2892 2360 multos
2923 2304 2996 2360 ab
3027 2320 3096 2360 eo
3145 2303 3332 2360 fuisse
3383 2304 3759 2372 interfectos,

2097 2395 2256 2468 quod
2287 2400 2425 2452 ante
2455 2395 2694 2466 jussum
2735 2394 2992 2449 Simonis
3023 2393 3254 2467 ingredi
3310 2394 3508 2450 conati
3557 2400 3762 2450 essent

2097 2484 2672 2558 apprehenditeum,
2707 2483 3326 2553 solutumqueintrare
3359 2483 3434 2538 ad
3462 2483 3763 2540 Simonem

2089 2575 2292 2646 jussit,
2327 2573 2500 2644 eique
2531 2574 2794 2628 humana
2822 2589 2958 2627 voce
2991 2571 3188 2628 dicere
3227 2573 3469 2628 Petrum
3526 2589 3761 2630 servum

2097 2662 2314 2717 Christi
2347 2677 2564 2733 cupere
2592 2662 2789 2732 ipsum
2811 2666 3190 2716 conventum.
3232 2661 3375 2717 Cum
3407 2661 3584 2731 .canis
3643 2667 3761 2718 sta-

2099 2752 2206 2806 tim
2238 2752 2395 2806 intro
2427 2751 2786 2806 accurrisset
2826 2751 2980 2806 863
3033 2750 3233 2820 itaque
3290 2756 3448 2805 esset
3504 2750 3761 2819 locutus,

2100 2841 2540 2912 obstupuerunt
2569 2838 2670 2910 qui
2694 2855 2830 2893 cum
2845 2838 3084 2893 Simone
3101 2842 3290 2905 erant,
3308 2838 3762 2910 percontatique

2101 2936 2240 2986 sunt
2271 2929 2549 3002 quisnam
2579 2929 2689 2985 iste
2720 2930 2932 2984 Petrus
2981 2934 3038 2983 et
3068 2945 3198 2999 quas
3225 2928 3354 3000 ejus
3375 2934 3537 2984 tanta
3557 2935 3760 3002 potes-

2100 3022 2189 3072 tas
2225 3021 2399 3072 esset.
2435 3015 2638 3070 Simon
2670 3013 2978 3086 respondit
2998 3013 3352 3069 nondebere
3383 3015 3495 3070 hoc
3522 3031 3624 3071 eos
3655 3015 3763 3071 mi-

2098 3106 2217 3162 rari
2243 3122 2256 3159 ε
2285 3121 2424 3160 nam
2456 3122 2517 3159 se
2541 3103 2699 3160 idem
2730 3104 3157 3176 praestiturum.
3194 3103 3382 3161 Simul
3413 3104 3546 3160 cani
3601 3121 3764 3161 man-

2100 3195 2202 3251 dat
2243 3199 2310 3252 ut
2338 3195 2602 3248 humana
2637 3209 2773 3248 voce
2823 3194 3066 3250 Petrum
3111 3192 3266 3248 intro
3298 3193 3501 3248 venire
3534 3193 3760 3267 jubeat.

327 3256 379 3273 κ,
684 3256 694 3274 ι
865 3256 891 3273 ⁸,
939 3256 948 3276 ⁸
1058 3256 1082 3272 μ
1374 3256 1384 3267 _
1560 3256 1569 3270 ι
1613 3256 1624 3268 ι

308 3293 424 3350 Καὶ
458 3291 624 3345 10510
657 3291 987 3359 ποιήσαντος
1028 3284 1192 3342 πᾶλιν
1245 3290 1343 3342 105
1373 3286 1533 3348 κυνὸς
1594 3281 1816 3354 εἰσῆλθε
1874 3284 1976 3339 Πέ-

2095 3283 2252 3349 Quod
2285 3300 2420 3339 cum
2452 3281 2616 3338 canis
2647 3281 2906 3350 fecisset,
2941 3281 3028 3336 ita
3053 3281 3128 3336 ad
3169 3280 3473 3337 Simonem
3509 3281 3764 3356 intravit

304 3401 440 3456 τρος
473 3381 611 3455 πρὸς
645 3377 894 3452 Σίμωνα,
953 3377 1044 3432 καὶ
1079 3371 1380 3450 συμϐαλὼν
1415 3373 1551 3449 μετά
1575 3378 1671 3428 105
1730 3373 1985 3446 Σίμωνος

305 3473 388 3534 είς
445 3469 884 3544 θαυματουργίαν
939 3465 1155 3536 ἐνίκησε
1243 3465 1442 3540 Πέτρος
1533 3464 1702 3527 ἰάσεις
1783 3467 1983 3518 ποιῶνο

301 3560 401 3615 καὶ
433 3555 640 3613 πολλοὶ
673 3554 1052 3614 πιστεύσαντες
1094 3548 1519 3623 ἐϐαπτίσθησαν.
1571 3551 1667 3606 Καὶ
1713 3551 1778 3620 ἦν
1810 3549 1860 3605 έν
1910 3553 1980 3623 τῇ

301 3649 504 3724 Ῥώμῃ
535 3648 757 3723 ταραχή
812 3643 1001 3713 πολλή
1066 3645 1152 3698 καὶ
1218 3645 1481 3722 σύγχυσις
1540 3640 1716 3698 ἔναντι
1775 3643 1978 3717 Πέτρου

305 3738 406 3794 καὶ
445 3738 714 3810 Σίμωνος,
770 3735 854 3790 ὅτι
905 3733 1185 3790 κατέναντι
1243 3731 1511 3804 ἀλλήλων
1573 3731 1792 3788 έποίουν
1850 3729 1980 3786 θαύ-

318 3848 492 3902 ματα.
537 3829 711 3902 "Amp
772 3825 1055 3898 ἀνήνεγκεν
1091 3822 1118 3877 ὸ
1150 3817 1392 3896 ἔπαρχος
1452 3825 1530 3892 τῷ
1577 3819 1807 3896 Νέρωνι,
1870 3820 1978 3881 οὓς

309 3917 579 3979 κελεύσας
612 3918 640 3972 6
673 3914 861 3990 Νέρων
893 3914 1128 3989 ἀχθῆναι
1158 3913 1389 3967 ἐνώπιον
1440 3912 1604 3967 αὐτοῦ
1663 3909 1809 3986 λέγει
1841 3911 1978 3985 πρὸς

311 4009 567 4082 Σίμωνα·
611 4030 631 4057 ι
670 4005 746 4061 Σὺ
771 4007 823 4060 εἷ
856 4005 912 4059 ὃν
943 4002 1168 4079 λέγουσι
1197 4000 1427 4076 Χριστόν
1465 4021 1532 4068 ς»
1562 4002 1618 4056 '0
1672 3998 1729 4055 δέ
1787 4019 1978 4079 φησιν·

305 4125 336 4154 α
377 4100 522 4175 Ἐγὼ
553 4097 690 4171 είμι.
728 4093 1025 4167 »Ὁμοίως
1060 4089 1118 4146 δέ
1165 4092 1256 4146 καὶ
1287 4092 1377 4147 τὸν
1438 4089 1639 4162 Πέτρον
1698 4089 1980 4164 ἐπερωτή-

304 4209 508 4250 σαντος
555 4185 601 4242 εἷ
659 4183 887 4255 ἀληθῶς
939 4182 1098 4242 οὗτός
1157 4181 1297 4236 ἐστιν
1327 4182 1354 4235 6
1389 4181 1649 4253 Χριστὸς,
1711 4179 1976 4255 ἀπεκρίθη

304 4280 543 4353 Πέτρος,
603 4273 775 4331 «Οὐκ
830 4269 976 4328 ἔστιν
1004 4270 1181 4333 οὗτος
1229 4271 1307 4343 μή
1360 4270 1596 4344 γένοιτο.
1662 4270 1803 4346 Ἐγὼ
1871 4269 1974 4346 γὰρ

305 4368 526 4426 ἐκείνου
577 4365 692 4438 εῗμὶ
753 4365 1005 4438 μαθητής
1084 4366 1182 4416 105
1250 4359 1654 4436 σταυρωθέντος
1709 4359 1800 4414 καὶ
1847 4358 1976 4414 ἀνα-

305 4461 541 4520 στάντος
569 4453 658 4511 καὶ
685 4454 760 4518 εἰς
785 4454 911 4515 τοὺς
971 4449 1234 4526 οὐρανοὺς
1307 4445 1732 4528 ἀναληφθέντος.
1799 4449 1860 4519 ὀ
1918 4446 1975 4504 δέ

307 4551 509 4624 Νέρων
562 4546 638 4609 ὡς
692 4539 1092 4618 τερατολόγους
1149 4541 1240 4595 καὶ
1305 4540 1648 4617 ἀμφοτέρους
1705 4541 1766 4594 ἐκ
1795 4559 1972 4611 προσ-

2086 3376 2297 3429 Petrus
2325 3392 2339 3441 ;
2374 3388 2629 3443 cumque
2663 3370 2908 3426 edendis
2941 3369 3247 3426 miraculis
3288 3375 3616 3438 certarent,
3649 3372 3760 3428 Pe-

2088 3468 2214 3518 trus
2238 3460 2519 3518 sanandis
2551 3460 2776 3516 morbis
2811 3461 3082 3532 superior
3111 3458 3242 3517 fuit.
3270 3459 3550 3530 Multique
3574 3459 3754 3514 fidem

2086 3552 2344 3624 amplexi
2376 3551 2650 3623 baptizati
2683 3555 2858 3605 sunt:
2895 3554 3024 3604 erat
3051 3555 3250 3605 autem
3273 3551 3473 3605 Romae
3501 3565 3750 3621 magnus

2086 3641 2378 3696 tumultus
2409 3639 2482 3696 ob
2504 3638 2662 3694 Petri
2695 3644 2752 3693 et
2784 3639 3042 3694 Simonis
3077 3644 3400 3703 certamen,
3431 3655 3564 3694 cum
3592 3638 3744 3694 alter

2084 3731 2340 3789 alterum
2374 3729 2679 3785 miraculis
2703 3727 2953 3782 edendis
3004 3745 3287 3801 superare
3315 3727 3704 3784 contenderet
3729 3746 3742 3795 ;

2083 3843 2215 3897 quae
2247 3823 2560 3896 praefectus
2618 3821 2783 3877 urbis
2835 3820 2910 3876 ad
2965 3822 3259 3876 Neronem
3319 3821 3544 3876 retulit.
3595 3823 3746 3877 Nero

2082 3913 2288 3970 ambos
2317 3911 2391 3967 ad
2423 3928 2486 3966 se
2509 3911 2694 3982 jussit
2724 3908 2962 3977 adduci,
2994 3915 3053 3964 et
3083 3926 3153 3964 ex
3190 3910 3428 3964 Simone
3457 3909 3748 3980 qumsivit,

2080 4005 2288 4075 ipsene
2323 4006 2482 4056 esset
2514 4001 2565 4054 is
2596 4015 2776 4069 quem
2810 3998 3112 4053 Christum
3172 3997 3498 4070 appellant,
3531 3998 3748 4053 aiebat.

2078 4094 2286 4148 Petrus
2311 4089 2527 4144 eodem
2553 4087 2624 4142 de
2662 4104 2724 4141 re
2757 4088 3177 4159 interrogatus,
3202 4087 3430 4142 «Absit.
3462 4087 3751 4158 inquit,ut

2077 4184 2189 4239 iste
2221 4180 2296 4235 sit
2327 4178 2594 4234 Christus
2620 4177 2632 4231 l
2661 4178 2776 4247 Ego
2800 4175 3136 4247 discipulus
3160 4192 3293 4231 sum
3315 4176 3530 4231 Christi
3563 4177 3748 4232 cruci-

2077 4269 2200 4335 fixi,
2233 4268 2334 4340 qui
2367 4265 2658 4322 redivivus
2700 4264 2761 4319 in
2819 4263 2999 4320 caelos
3067 4269 3158 4319 est
3213 4263 3502 4320 sublatus.
3538 4287 3566 4315 ››
3592 4266 3744 4321 Nero

2077 4376 2178 4416 eos
2212 4357 2410 4413 statim
2461 4372 2532 4410 ex
2587 4358 2911 4426 conspectu
2967 4369 3072 4408 suo
3099 4353 3282 4425 jussit
3312 4353 3476 4409 abire
3543 4358 3610 4409 ut
3639 4353 3741 4424 qui

2075 4447 2410 4521 prodigiose
2441 4448 2826 4516 nugarentur.
2860 4441 2950 4496 llli
2984 4444 3184 4498 Roma:
3229 4441 3514 4514 degentes
3564 4444 3746 4499 mira-

2083 4539 2234 4595 culis
2267 4535 2595 4592 certabant.
2629 4533 2896 4599 Quodam
2929 4532 3023 4588 die
3055 4532 3258 4588 Simon
3289 4533 3592 4606 ingentem
3622 4539 3750 4590 tau-

310 4622 475 4695 ώπου
532 4634 695 4690 αὐτοῦ
728 4635 920 4688 θᾶττον
977 4628 1259 4702 ἐξήλασεν.
1319 4628 1387 4686 Οἳ
1443 4629 1532 4684 καὶ
1590 4625 1872 4704 διάγοντες
1928 4627 1980 4684 έν

2095 4645 2219 4684 rum
2251 4626 2324 4682 ad
2356 4642 2418 4681 se
2451 4623 2664 4680 adduci
2689 4622 2892 4695 jussit,
2928 4638 3183 4693 cumque
3214 4622 3267 4676 ei
3316 4622 3378 4677 in
3409 4639 3614 4679 aurem
3636 4623 3747 4679 ali-

309 4729 513 4799 Ῥώμῃ
570 4723 786 4779 ἐποίουν
869 4720 1118 4793 θαύματα
1185 4718 1465 4774 κατέναντι
1521 4715 1814 4788 ἀλλήλων.
1872 4721 1982 4788 Μιᾷ

311 4821 452 4896 γοῦν
483 4820 592 4869 τῶν
624 4815 850 4886 ἡμερῶν
910 4807 1308 4885 προστάξαντος
1365 4811 1461 4862 105
1518 4805 1771 4880 Σίμωνος
1801 4805 1982 4882 ἀχθῆ-

307 4893 404 4962 ναι
462 4903 612 4974 αὖτῷ
669 4905 869 4975 ταῦρον
915 4899 1241 4972 παμμεγέθη
1290 4893 1562 4967 ὶλάλησεν
1625 4895 1699 4958 εἰς
1757 4896 1818 4950 τὸ
1879 4895 1968 4957 οὓς

302 4997 506 5062 αὐτοῦ,
565 4991 656 5046 καὶ
711 4986 951 5064 παρευθὺ
1021 4986 1273 5054 τέθνηκεν
1308 4985 1582 5059 ὁταῢρος.
1635 4984 1696 5042 Ὀ
1755 4980 1812 5038 δὲ
1869 4985 1971 5038 Πέο

301 5108 434 5164 τρος
494 5083 786 5155 εὐξάμενος
854 5075 1072 5153 ἤγειρεν
1137 5074 1314 5130 αὐτόν.
1349 5076 1414 5132 Οἱ
1473 5072 1531 5130 δὶ
1593 5073 1717 5128 λαοὶ
1769 5071 1973 5137 ἰδόντες

301 5177 615 5250 ἐθαύμασαν
664 5168 934 5244 λέγοντες,
997 5167 1248 5237 Ἀληθῶς
1311 5166 1374 5221 τὸ
1436 5170 1779 5242 ζωογονῆσαι
1837 5165 1970 5239 ὑπὲρ

303 5269 372 5325 τὸ
433 5265 743 5331 θανατῶσαι
809 5263 991 5331 μεῖζον
1048 5258 1231 5329 θαῦμα
1295 5253 1428 5311 ἐστί.
1491 5253 1590 5308 Καὶ
1652 5253 1834 5328 μέντοι
1888 5254 1977 5309 καὶ

294 5356 452 5421 ἄλλα
486 5355 697 5425 σημεῖα
728 5347 991 5415 ἐποίησαν
1021 5341 1228 5413 πολλὰ,
1284 5345 1349 5398 06
1415 5344 1582 5417 μόνον
1652 5341 1704 5397 ἐν
1760 5340 1977 5416 Ῥώμη,

2092 4717 2235 4790 quid
2269 4715 2536 4779 dixisset,
2571 4712 2620 4768 is
2652 4712 2811 4768 illico
2841 4716 3113 4767 mortuus
3145 4717 3252 4766 est.
3277 4711 3461 4777 Quem
3509 4719 3749 4770 taurum

2090 4809 2324 4870 Petrus,
2382 4805 2567 4859 Deum
2626 4807 3061 4872 comprecatus,
3097 4800 3157 4856 in
3209 4801 3388 4857 vitam
3434 4803 3747 4861 revocavit.

2080 4895 2248 4963 Quod
2277 4892 2532 4966 populus
2591 4907 2842 4946 cernens
2900 4889 3232 4945 admiratus
3266 4895 3374 4962 est,
3433 4891 3748 4963 fassusque

2083 4983 2277 5056 majus
2309 4997 2438 5036 esse
2477 4977 2807 5034 viviﬁcandi
2841 4995 3020 5050 quam
3054 4978 3307 5035 necandi
3366 4979 3744 5035 miraculum.

2085 5073 2218 5130 Alia
2248 5086 2487 5142 quoque
2537 5067 2831 5124 miracula
2862 5067 3198 5137 ediderunt,
3229 5084 3424 5140 neque
3456 5068 3516 5122 id
3549 5071 3748 5124 Romae

2088 5162 2264 5220 modo
2298 5159 2402 5216 sed
2433 5163 2569 5215 ante
2604 5159 2784 5214 etiam
2818 5159 2879 5212 in
2911 5156 3260 5228 8648yria.
3303 5157 3441 5222 Quas
3475 5156 3750 5213 Clemens

2089 5255 2416 5320 Romanus,
2449 5249 2536 5303 vir
2567 5245 3068 5320 sapientissimus,
3103 5247 3259 5301 Petri
3299 5244 3628 5316 discipulus
3659 5251 3751 5300 at-

2093 5359 2206 5414 que
2239 5356 2460 5408 comes,
2487 5338 2774 5393 recitavit.
2808 5340 2873 5390 In
2905 5335 3161 5406 paucula
3184 5334 3299 5390 huc
3329 5351 3642 5406 ponemus.

298 5419 461 5502 ἀλλὰ
483 5419 578 5498 καῖ
606 5439 658 5495 ἐν
711 5437 882 5510 Συρίᾳ
942 5435 1230 5510 πρότερον,
1292 5434 1448 5488 ἅτινα
1506 5431 1743 5506 Κλήμης
1789 5434 1816 5487 6
1878 5433 2157 5505 Ῥωμαῖος
2213 5427 2302 5484 καὶ
2362 5427 2635 5496 πάνσοφος
2693 5422 2944 5498 μαθητής
2997 5420 3204 5497 Πέτρου
3261 5419 3350 5477 καί
3415 5419 3755 5498 συνέκδημος

303 5527 648 5611 διηγήσατο,
679 5529 768 5605 ἀφ’
801 5528 874 5581 ὧν
905 5523 1069 5601 ὀλίγα
1105 5524 1438 5596 συντάξομιν
1470 5521 1716 5611 ἐνταῦθα.

379 5609 492 5683 Τοῦ
527 5619 798 5694 μακαρίου
843 5614 1046 5691 Πέτρου
1101 5617 1197 5668 105
1253 5612 1566 5668 ἀποστόλου
1622 5609 1972 5673 ὃῖόάσκοντος

300 5717 397 5774 τόν
449 5713 586 5770 λαὸν
636 5702 880 5773 σέϐεσθαι
929 5705 1018 5761 καὶ
1075 5709 1399 5782 προσκυνεῖν
1457 5703 1548 5759 τὸν
1609 5701 1698 5759 έπὶ
1755 5702 1972 5759 πάντων

2161 5613 2306 5667 Cum
2338 5610 2545 5665 beatus
2578 5612 2783 5662 Petrus
2821 5601 3128 5675 apostolus
3160 5603 3443 5675 populum
3505 5604 3748 5663 doceret

2089 5701 2282 5760 colere
2309 5705 2368 5758 et
2397 5697 2644 5756 adorare
2674 5695 2920 5752 unicum
2951 5709 3157 5752 verum
3195 5694 3404 5770 Deum,
3455 5693 3659 5754 omnia
3688 5696 3754 5754 in
