4154 6422
433 410 552 471 403

1802 410 2124 470 GEORGII
2169 408 2504 470 CEDRENI

3738 422 3843 480 404

436 561 543 600 sua
566 548 861 616 potestate
893 543 1231 613 habentem,
1265 544 1489 610 Simon,
1525 544 1622 613 qui
1657 548 1821 599 extra
1866 542 2091 598 turbam

2219 539 2380 614 μόνον
2414 542 2675 611 ἀληθινὸν
2707 545 2858 614 Θεὸν,
2894 546 2921 598 6
2956 545 3165 617 Σίμων,
3197 540 3297 615 ἔξω
3335 550 3431 600 τοῦ
3474 542 3645 621 ὄχλου
3697 547 3844 601 ἑστὼς

436 633 1004 701 astabat,clamavit:
1037 633 1187 697 Quid
1205 633 1438 687 conaris
1468 632 1813 687 mentiendo
1844 633 1906 686 in
1936 649 2100 687 erro-

433 737 563 777 rem
589 722 886 778 abducere
918 723 1129 777 rudem
1161 721 1607 777 multitudinem
1640 722 1744 776 tibi
1778 722 2099 777 circumfu-

436 829 563 867 sam
586 813 613 867 ‘2
643 813 968 884 persuades
1001 813 1086 867 eis
1111 811 1249 867 deos
1279 829 1475 883 neque
1506 813 1858 883 putandum,
1902 829 2098 883 neque

436 903 681 958 omnino
714 918 863 956 esse.
900 902 1077 972 Atqui
1123 901 1463 956 Ebrmorum
1496 901 1631 955 libri
1688 902 1909 956 multos
1966 917 2096 957 esse

434 991 577 1047 deos
606 990 925 1045 affirmant.
951 991 1080 1045 Jam
1105 1007 1280 1060 quem
1308 996 1368 1045 tu
1401 991 1687 1061 praedicas
1710 992 1918 1057 Deum,
1952 991 2095 1060 quid

436 1081 483 1135 si
516 1097 620 1152 ego
652 1079 962 1134 ostendam
997 1095 1133 1135 eum
1167 1097 1287 1135 non
1335 1097 1464 1135 esse
1524 1097 1867 1151 supremum
1901 1097 2095 1150 neque

433 1169 908 1240 omnipotentem
940 1168 969 1222 ‘I
999 1170 1145 1223 Cum
1180 1174 1239 1222 et
1268 1168 1451 1223 futuri
1487 1168 1729 1241 ignarus
1761 1169 1839 1222 sit
1887 1174 1944 1223 et
1976 1168 2094 1222 im-

429 1256 727 1328 perfectus
760 1261 817 1311 et
862 1273 1079 1311 carens
1111 1256 1412 1327 aliquibus
1443 1257 1642 1324 rebus,
1699 1273 1820 1311 non
1878 1255 2093 1321 bonus,

431 1344 535 1400 sed
564 1344 742 1400 variis
775 1344 1069 1399 obnoxius
1121 1344 1627 1416 perpessionibus.
1662 1346 1853 1414 Certe,
1885 1344 1933 1399 si
1965 1360 2093 1399 ves-

429 1434 538 1488 tris
569 1433 805 1488 Litteris
829 1432 1096 1497 creditis,
1120 1433 1496 1504 relinquetur
1525 1433 1710 1488 alium
1740 1450 1870 1488 esse
1903 1434 2091 1488 Deum

429 1520 614 1577 futuri
645 1521 984 1592 praescium,
1018 1520 1368 1592 perfectum,
1402 1521 1630 1576 nullius
1670 1522 1755 1575 rei
1801 1521 2091 1593 indigum,

428 1608 678 1673 bonum,
706 1609 857 1664 nulli
890 1609 1257 1681 perpessioni
1291 1610 1612 1665 obnoxium
1635 1626 1647 1675 ;
1674 1626 1927 1680 quorum
1958 1626 2094 1665 con-

430 1698 616 1754 traria
667 1704 807 1752 sunt
836 1698 897 1752 in
930 1714 997 1753 eo
1052 1714 1229 1769 quem
1260 1704 1321 1753 tu
1355 1698 1629 1769 opificem
1689 1698 1897 1753 mundi
1930 1715 2088 1753 sum-

430 1788 716 1857 mumque
752 1786 935 1841 Deum
962 1786 1177 1857 jactus.
1209 1787 1335 1841 Jam
1367 1787 1629 1857 primum
1669 1786 1955 1851 Adamus,
1990 1786 2089 1855 qui

2209 624 2421 700 ἐϐόησε,
2455 630 2520 685 Τί
2551 629 2881 704 ψευδόμενος
2915 632 3119 705 ἀπατᾷν
3167 630 3350 696 θέλεις
3404 635 3494 689 τὸν
3551 636 3843 709 παρεστῶτα

2210 739 2295 774 σοι
2327 718 2555 790 ἰδιώτην
2589 716 2787 799 ὄχλον,
2817 720 3016 777 πείθων
3069 721 3267 784 αὐτοὺς
3325 724 3478 786 θεοὺς
3535 726 3667 797 μήτε
3692 726 3842 796 νομί-

2210 813 2318 877 ζειν
2350 811 2491 882 μητε
2521 811 2678 879 εἶναι,
2726 811 2918 888 καίπερ
2948 817 3055 867 τῶν
3115 814 3242 887 παρ’
3300 807 3570 888 Ἑϐραίοις
3630 810 3842 889 βιϐλίων

2208 895 2480 973 λεγόντων
2513 898 2768 961 πολλοὺς
2827 902 2980 962 θεοὺς
3051 901 3235 970 sint;
3292 900 3443 970 Πλήν
3500 903 3588 958 οὖν
3643 904 3839 977 περῖοὗ

2206 980 2340 1065 ἔφης
2373 991 2527 1055 Θεοῦ,
2561 987 2607 1042 εἰ
2640 984 2799 1058 δείξω
2827 987 2937 1065 ἐγὼ
2973 991 3047 1062 μὴ
3081 989 3245 1045 αὐτὸν
3298 990 3430 1044 εἶναι
3485 991 3573 1046 τὸν
3602 991 3840 1047 ἀνωτάτω

2206 1075 2295 1129 καὶ
2334 1073 2740 1149 παντοδύναμον
2784 1080 2934 1146 Θεὸν,
2991 1080 3127 1143 καθὸ
3186 1078 3574 1155 ἀπρόγνωστός
3627 1081 3730 1135 ἐστι
3758 1082 3837 1135 καὶ

2205 1162 2409 1233 ἀτελὴς
2438 1167 2528 1220 καὶ
2558 1163 2745 1235 ἐνδεὴς
2777 1168 2868 1221 καὶ
2911 1168 3012 1223 οὐκ
3070 1169 3270 1243 ἀγαθὸς
3325 1169 3416 1223 καὶ
3454 1167 3687 1231 πολλοῖς
3718 1170 3841 1225 ὓπο-

2205 1252 2461 1327 κείμενος
2491 1256 2687 1319 πάθεσι
2720 1258 2855 1311 κατά
2909 1257 3009 1325 τήν
3069 1256 3329 1331 ὑμετέραν
3392 1259 3631 1335 Γραφὴν,
3678 1255 3844 1334 ἕτερος

2206 1343 2422 1406 πάντως
2444 1345 2815 1418 περιλείπεται
2874 1346 3284 1420 προψωστικὸς
3351 1342 3563 1410 τέλειος
3607 1345 3840 1415 ἀνενδεὴς

2206 1429 2403 1505 ἀγαθὸς
2425 1430 2515 1485 καὶ
2543 1431 2743 1492 παντὸς
2772 1430 2977 1495 πάθους
2999 1431 3457 1508 ἀπηλλαγμένοςο
3481 1434 3539 1488 ’ὸν
3573 1431 3629 1488 δὲ
3654 1432 3711 1487 σὺ
3742 1435 3837 1510 φῄς

2208 1515 2545 1593 δημιουργὸν
2579 1520 2667 1574 καὶ
2705 1522 2985 1594 ὑπερθεον,
3015 1523 3138 1584 τοῖς
3180 1520 3443 1583 ἐναντίοις
3492 1522 3839 1595 ἀντικείμενος

2209 1607 2466 1686 ὑπάρχει.
2504 1608 2711 1665 Αὐτίκα
2728 1614 2857 1685 γοῦν
2890 1611 2918 1665 6
2950 1612 3067 1665 καθ’
3099 1610 3367 1684 ὁμοίωσιν
3413 1610 3578 1667 αὐτοῦ
3626 1611 3845 1687 γεγονὼς

2210 1693 2386 1768 Ἀδάμ
2443 1698 2531 1752 καὶ
2587 1698 2792 1775 τυφλὸς
2842 1699 3079 1770 κτίζεται
3153 1701 3243 1755 καὶ
3320 1705 3520 1777 γνῶσιν
3575 1702 3765 1776 ἀγαθοῦ
3815 1702 3844 1771 ἢ

2213 1790 2383 1839 κακοῦ
2419 1788 2494 1858 μή
2529 1784 2698 1861 ἔχων,
2730 1783 3052 1862 παραϐάτης
3095 1789 3420 1864 εὑρίσκεται,
3476 1790 3564 1843 καὶ
3617 1794 3709 1844 τοῦ
3760 1811 3851 1844 πα-

431 1874 506 1929 ad
534 1875 621 1929 tui
653 1875 755 1929 Dei
777 1875 1098 1946 imaginem
1130 1882 1219 1930 est
1250 1875 1547 1943 conditus,
1570 1891 1769 1953 caicus,
1792 1874 1903 1930 fuit
1934 1890 2091 1929 crea-

2221 1871 2470 1949 ραδείσου
2556 1872 2883 1933 ἐκϐάλλεται
2918 1921 2932 1944 ,
3014 1878 3105 1933 καὶ
3165 1880 3379 1951 Θανάτῳ
3434 1876 3846 1949 καταδικάζεται.

430 1966 524 2017 tus
554 1963 1009 2035 cognitioneque
1042 1963 1184 2018 boni
1215 1968 1272 2018 et
1302 1963 1445 2019 mali
1475 1978 1714 2030 carens;
1744 1963 2091 2034 peccatique

428 2050 782 2106 manifestus
810 2051 1087 2122 paradiso
1122 2051 1359 2122 ejicitur
1389 2057 1447 2106 et
1502 2057 1693 2106 morte
1754 2051 2090 2106 damnatur.

430 2138 716 2194 Similiter
746 2139 799 2193 is
831 2139 933 2210 qui
995 2139 1177 2194 istum
1240 2140 1391 2207 ﬁxit,
1452 2156 1573 2195 non
1635 2138 1856 2210 ubique
1914 2139 2091 2196 videt.

433 2228 636 2297 Itaque
660 2226 731 2281 de
758 2227 987 2283 excidio
1007 2228 1399 2283 Sodomorum
1424 2228 1507 2283 sic
1534 2229 1617 2284 ait
1640 2229 1801 2299 (Gen.
1824 2228 1912 2300 18)
1938 2250 1965 2279 ‹‹
1989 2230 2095 2283 De-

434 2316 714 2372 scendam
745 2316 935 2371 visum
967 2333 1033 2371 ac
1082 2317 1404 2389 cognitum,
1438 2334 1514 2372 an
1562 2318 1644 2372 ita
1674 2323 1882 2389 agatur
1937 2317 2093 2389 apud

434 2422 535 2461 eos
557 2406 643 2460 uti
666 2406 738 2461 ad
770 2423 865 2460 me
897 2405 1123 2461 clamor
1142 2406 1388 2478 pertulit
1406 2423 1614 2463 necne.
1644 2428 1672 2456 »
1703 2405 1928 2472 Quibus
1952 2424 2093 2463 sane

431 2495 626 2550 verbis
651 2512 817 2551 suam
840 2495 1273 2567 ignorationem
1306 2496 1504 2567 prodit
1546 2497 1666 2551 Jam
1698 2514 1829 2567 qua:
1854 2497 1924 2552 de
1947 2498 2097 2553 Ada-

434 2600 532 2640 mo
563 2583 707 2639 dicit
739 2583 903 2654 (Gen.
940 2586 1016 2651 3),
1049 2585 1371 2655 Ejiciamus
1420 2602 1576 2653 eum,
1637 2602 1710 2640 ne
1770 2585 2091 2657 aliquando

438 2689 609 2729 suam
640 2690 884 2729 manum
917 2674 1113 2728 arbori
1147 2673 1276 2729 vitae
1300 2675 1570 2729 intendat
1601 2676 1849 2747 ejusque
1897 2676 2092 2730 fructu

432 2755 587 2819 305
620 2779 865 2818 vescens
897 2763 1254 2818 immortalis
1287 2764 1409 2829 fiat,
1442 2770 1603 2819 certa
1633 2769 1772 2818 sunt
1812 2764 2094 2837 ignoran-

431 2852 527 2907 tiae
560 2851 923 2923 invidiaeque
958 2852 1145 2924 signa.
1183 2852 1344 2907 Sicut
1374 2853 1499 2908 haec
1523 2852 1602 2907 ηε
1635 2853 1920 2908 Poenituit
1974 2854 2093 2909 sive

425 2942 824 2997 consideravit
857 2943 1012 2998 Deus
1052 2941 1211 3012 quod
1261 2943 1569 2998 hominem
1603 2950 1881 3014 creasset,
1909 2962 2090 3017 argu-

422 3037 627 3087 mento
661 3036 802 3085 sunt
847 3047 983 3086 eum
1033 3031 1398 3103 paenitudini
1453 3032 1774 3088 obnoxium
1807 3050 1876 3089 ac
1934 3033 2093 3089 futu-

423 3136 623 3174 rorum
657 3120 929 3175 nescium
962 3137 1111 3176 esse.
1157 3122 1300 3176 Tum
1364 3121 1491 3175 haec
1525 3121 1611 3175 '3:
1671 3121 1882 3177 Olfecit
1938 3122 2092 3177 Deus

425 3207 672 3264 odorem
755 3225 995 3264 suavem
1030 3253 1044 3278 ,
1106 3210 1520 3266 demonstrant
1585 3210 1884 3281 aliquibus
1954 3227 2090 3267 eum

422 3297 708 3370 indigere.
743 3298 812 3353 Et
842 3298 1001 3370 quod
1031 3271 1464 3356 'Abrahamum
1517 3271 1784 3372 aliosque
1819 3302 2087 3368 tentavit,
2121 3271 2164 3337 C

424 3404 547 3443 non
580 3392 669 3443 est
687 3389 921 3460 signum
948 3388 1110 3457 boni,
1146 3395 1204 3444 et
1261 3391 1360 3460 qui
1422 3390 1821 3446 constantiam
1882 3408 2089 3446 eorum

425 3482 849 3549 praenosceret.
884 3477 973 3532 Ad
1033 3479 1160 3534 haec
1212 3481 1461 3535 Petrus:
1510 3480 1567 3534 Si
1600 3497 1791 3536 caecus
1814 3486 1959 3545 erat,
1997 3482 2084 3535 in-

445 3565 605 3637 quit,
637 3565 925 3633 Adamus,
962 3568 1259 3637 quomodo
1290 3569 1582 3624 mandans
1621 3570 1673 3623 ei
1704 3571 1859 3624 Deus
1889 3587 2094 3625 mons-

429 3654 609 3710 travit
654 3655 928 3710 arborem
984 3657 1340 3729 cognitionis
1393 3657 1533 3713 boni
1596 3664 1652 3713 et
1682 3660 1846 3726 mali,
1906 3664 1966 3714 et
2023 3675 2092 3715 ea

431 3743 730 3798 abstinere
755 3744 987 3816 jussit?
1015 3746 1342 3817 Respondit
1387 3747 1589 3802 Simon
1636 3748 1852 3802 mentis
1908 3748 2089 3803 fuisse

431 3849 562 3887 eam
588 3833 934 3890 caecitatem.
968 3835 1112 3889 Tum
1175 3835 1428 3891 Petrus:
1489 3836 1598 3900 Qui
1660 3852 1792 3891 vero
1838 3853 1993 3892 caeca
2038 3838 2089 3892 ei

425 3921 608 3977 fuerit
640 3937 829 3991 mens,
866 3923 966 3993 qui
1001 3929 1138 3978 ante
1173 3939 1340 3979 esum
1394 3924 1558 3979 vetiti
1588 3924 1817 3980 fructus
1847 3926 2094 3980 nomina

425 4009 703 4065 omnibus
727 4009 1093 4067 animalibus
1112 4017 1248 4082 apte
1268 4012 1602 4083 imposuit?
1625 4015 1768 4068 Nam
1798 4013 2092 4070 Adamum

423 4101 721 4169 Evamque
754 4099 1034 4154 habuisse
1083 4106 1142 4154 et
1195 4100 1382 4155 animi
1444 4106 1502 4155 et
1563 4102 1832 4174 corporis
1892 4103 2095 4158 oculos

426 4192 687 4259 apertos,
714 4205 783 4243 ex
807 4189 900 4243 his
921 4187 1114 4259 liquet
1145 4187 1189 4222 ¹⁴
1214 4206 1226 4243 :
1255 4212 1283 4237 ‹‹
1321 4189 1494 4255 Vidit,
1529 4190 1813 4263 scriptum
1838 4196 1947 4263 est,
1972 4210 2122 4249 mu‘-

427 4277 542 4333 lier
574 4277 871 4347 arborem,
904 4279 1064 4349 quod
1094 4279 1322 4335 fructus
1372 4281 1501 4351 ejus
1532 4283 1657 4337 esui
1711 4287 1884 4353 aptus
1914 4288 2094 4353 atque

431 4374 679 4440 aspectu
705 4375 905 4442 gratus
936 4370 1292 4442 elegansque
1353 4378 1549 4439 esset;
1608 4372 1989 4444 fructumque
2023 4390 2094 4429 ex

438 4473 508 4512 ea
539 4456 886 4529 decerptum
919 4458 1059 4525 edit,
1094 4465 1271 4530 atque
1303 4460 1483 4515 etiam
1515 4461 1728 4516 marito
1757 4460 1940 4516 dedit.
1977 4485 1997 4513 ι
2038 4462 2093 4525 Si

431 4562 567 4618 ergo
599 4563 734 4602 cum
768 4549 1095 4618 conspicati
1129 4556 1327 4604 essent
1367 4550 1597 4605 arboris
1651 4556 1828 4619 atque
1867 4550 2096 4605 fructus

2208 1964 2449 2037 Ὁμοίως
2494 1964 2553 2020 τέ
2613 1966 2640 2020 6
2692 1968 2905 2028 πλάσας
2961 1967 3148 2037 αὑτὸν,
3208 1965 3397 2037 ἐπειδή
3457 1970 3533 2041 μή
3590 1972 3847 2042 πανταχοῦ

2211 2050 2427 2127 βλέπει,
2460 2052 2548 2108 ἐπὶ
2578 2059 2647 2129 τῇ
2699 2059 2807 2110 τῶν
2868 2052 3135 2129 Σοδόμων
3195 2060 3545 2134 καταστροφῇ
3603 2059 3682 2127 [Ρ.
3734 2058 3844 2129 908]

2210 2140 2381 2215 λέγει·
2420 2166 2447 2194 ι(
2482 2138 2727 2206 Καταϐἀς
2757 2140 2965 2218 ὄψομαι
2999 2145 3044 2200 εί
3075 2147 3213 2201 κατά
3265 2148 3363 2216 τήν
3398 2147 3639 2223 κραυγὴν
3687 2145 3845 2201 αὐτῶν

2211 2230 2313 2300 τήν
2348 2228 2665 2306 ἐρχομένην
2697 2233 2836 2306 πρός
2871 2254 2937 2306 με
2968 2232 3371 2290 συντελοῦνται·
3408 2235 3451 2290 εἰ
3511 2232 3568 2290 δὲ
3622 2235 3717 2308 μή,
3769 2233 3847 2286 ’ἱνα

2207 2323 2344 2393 γνῶ,
2379 2344 2401 2374 ι
2439 2320 2529 2374 καὶ
2575 2321 2764 2377 ἔαυτόν
2815 2321 3109 2397 ἀγνοοῦντα
3166 2320 3429 2379 δείκνυσι.
3463 2324 3566 2380 Καὶ
3605 2324 3665 2378 τὸ
3695 2321 3846 2377 εἴπεῖν

2207 2407 2329 2480 περὶ
2362 2411 2458 2462 τοῦ
2512 2408 2705 2483 Ἀδὰμ,
2755 2405 3116 2484 Ἐκϐἀλωμεν
3174 2411 3359 2480 αὐτὸν,
3431 2414 3641 2485 μήποτε
3687 2410 3844 2466 ἐκτεί-

2206 2516 2299 2557 νας
2322 2497 2423 2565 τὴν
2469 2500 2631 2573 χεῖρα
2690 2499 2857 2553 αὐτοῦ
2915 2502 3122 2574 ἅψηται
3174 2505 3270 2555 τοῦ
3328 2500 3497 2571 ξύλου
3543 2507 3641 2570 τῆς
3691 2505 3840 2569 ζωῆς,

2206 2585 2297 2640 καὶ
2351 2588 2539 2662 φαγὼν
2600 2590 2816 2658 ζήσεται
2876 2588 2951 2652 εἷς
3016 2590 3108 2645 τὸν
3160 2589 3329 2645 αἰῶνα
3391 2593 3711 2666 ἀγνοοῦντος
3762 2589 3840 2641 καὶ

2207 2676 2529 2751 φθονουντός
2589 2676 2703 2732 ἐστι
2763 2673 3066 2746 σύμϐολον.
3124 2682 3330 2753 Ὠσπερ
3389 2681 3479 2735 καὶ
3537 2680 3598 2734 τὸ
3649 2679 3845 2733 Ἐνεθυ-

2208 2766 2359 2838 μηθη
2391 2767 2418 2820 6
2450 2765 2577 2821 Θεὸς
2607 2767 2689 2820 ’ὸτι
2739 2765 2964 2837 ἐποίησε
3010 2769 3101 2822 τὸν
3161 2765 3443 2843 ἄνθρωπον
3504 2765 3843 2842 μεταμελείας

2204 2851 2317 2908 ἐστὶ
2344 2853 2433 2909 καὶ
2466 2854 2682 2930 ἀγνοίας
2745 2858 3045 2931 τεκμήριον
3102 2862 3208 2912 τῶν
3254 2857 3590 2931 μελλόντων.
3646 2853 3736 2910 Καὶ
3765 2854 3839 2923 τὸ,

2206 2945 2511 3021 Ὠσφράνθη
2545 2944 2744 3021 Κύριος
2801 2945 2978 3018 ὀσμὴν
3038 2945 3268 3009 εὐωδίας
3324 2945 3535 3009 ἐνδεοῦς
3590 2945 3697 3001 ἐστι
3742 2964 3839 3012 ση-

2207 3038 2383 3106 μεῖον,
2415 3033 2490 3096 ὡς
2518 3033 2700 3088 καὶτὸ
2730 3032 3001 3109 πειρᾶζειν
3054 3036 3147 3091 τὸν
3206 3031 3459 3109 Ἀϐραὰμ
3511 3036 3602 3090 καὶ
3649 3032 3834 3091 ἄλλους

2204 3121 2304 3176 οὐκ
2340 3120 2543 3195 ἀγαθοῦ
2575 3120 2716 3178 ἐστιν
2769 3121 3043 3196 ἀπόδειξις
3066 3123 3155 3179 καὶ
3184 3125 3247 3180 τὸ
3278 3122 3440 3187 τέλος
3495 3131 3593 3193 τῆς
3645 3123 3836 3192 ὑπομο-

2202 3218 2302 3279 νῆς
2332 3208 2671 3285 προειδότος.
2704 3216 2763 3270 Ὀ
2794 3210 2852 3268 δὲ
2883 3212 3081 3287 Πέτρος
3122 3211 3223 3291 ἔφη
3278 3215 3421 3289 πρὸς
3475 3214 3565 3270 τὸν
3612 3212 3834 3285 Σίμωνα’

2202 3300 2269 3356 Ei
2297 3298 2504 3377 τυφλὸς
2554 3300 2796 3372 ἐπλάσθη
2849 3303 2876 3357 6
2909 3300 3109 3377 Ἀδὰμ,
3144 3304 3216 3365 ὡς
3252 3303 3464 3377 Λέγεις,
3519 3307 3634 3364 πῶς
3681 3296 3840 3354 ἐντελ-

2203 3387 2441 3461 λόμενος
2498 3389 2645 3462 αὐτῷ
2677 3392 2704 3445 ὁ
2756 3391 2884 3453 Θεὸς
2941 3388 3100 3467 ἔλεγε
3152 3389 3446 3465 δεικνύων,
3504 3392 3608 3446 ἀπὸ
3663 3386 3718 3443 δὲ
3761 3388 3844 3441 τοῦ

2202 3475 2369 3547 ξύλου
2394 3481 2491 3532 τοῦ
2520 3479 2799 3552 γινώσκειν
2833 3477 3003 3535 καλὸν
3033 3480 3124 3535 καὶ
3155 3480 3397 3554 πονηρὸν
3477 3480 3538 3537 οὗ
3596 3480 3805 3556 φάγεσθε
3834 3492 3844 3542 ἓ

2202 3565 2305 3623 Καὶ
2337 3565 2364 3621 ὂ
2398 3566 2585 3639 Σίμων
2614 3568 2764 3646 φησί·
2826 3567 3045 3644 Τυφλὸς
3095 3571 3163 3640 ἦν
3220 3571 3248 3625 6
3302 3575 3447 3635 νοῦς
3474 3571 3654 3626 αὐτου.
3705 3563 3847 3623 Καὶὸ

2204 3655 2404 3731 Πέτρος
2440 3657 2575 3711 εἶπε·
2612 3662 2735 3719 Πῶς
2782 3659 2874 3712 καὶ
2923 3658 3015 3714 τὸν
3045 3661 3168 3713 νοῦν
3200 3657 3406 3737 τυφλὸς
3473 3661 3540 3731 ἦν
3580 3660 3608 3713 6
3637 3656 3735 3733 πρὸ
3767 3654 3850 3708 τοῦ

2202 3744 2487 3819 γεύσαςθαι
2534 3751 2632 3801 τοῦ
2719 3749 2882 3803 συσοῦ
2961 3747 3256 3823 προφόρως
3347 3752 3493 3805 πᾶσι
3544 3754 3653 3810 τοῖς
3700 3744 3843 3816 ζῴοις

2203 3833 2407 3898 ἐπιθεὶς
2431 3834 2675 3908 ὀνόματα
2701 3854 2714 3905 ;
2744 3837 2868 3893 Ὀτι
2927 3837 3031 3912 γὰρ
3088 3840 3177 3891 καί
3234 3836 3360 3900 τοὺς
3390 3846 3507 3909 τῆς
3567 3838 3740 3911 ψυχῆς
3766 3830 3843 3887 καῖ

2203 3928 2300 3978 τοῦ
2350 3926 2604 3999 σώματος
2657 3924 2977 4002 ὀφθαλμοὺς
3022 3929 3174 4002 εἶχον
3208 3927 3594 4004 ἀνεῳγμένους
3623 3924 3703 3981 καῖ
3725 3919 3835 3997 βλέ-

2204 4034 2402 4076 ποντες
2439 4016 2575 4084 ἦσαν
2607 4015 2635 4069 6'
2663 4036 2720 4069 τε
2775 4013 2952 4090 Ἀδὰμ
2993 4017 3081 4071 καὶ
3114 4019 3148 4085 ἡ
3182 4014 3315 4089 Εῦα,
3370 4014 3554 4088 δῆλον
3610 4010 3837 4072 ἐντεῦθεν.

2206 4126 2234 4154 ‹‹
2264 4098 2391 4157 Εἶδε
2420 4104 2546 4178 γὰρ,
2594 4105 2779 4180 φησὶν,
2832 4106 2867 4172 ἡ
2917 4106 3053 4180 γυνή
3116 4100 3198 4159 ὅτι
3253 4103 3428 4160 καλὸν
3484 4108 3543 4161 τὸ
3583 4103 3731 4176 ξύλον
3777 4093 3844 4156 ait:

2208 4192 2410 4265 βρῶσιν
2440 4191 2528 4245 καὶ
2559 4191 2783 4265 ἀρεστὸν
2816 4198 2938 4255 τοῖς
2983 4192 3291 4270 ὀφθαλμοῖς
3326 4191 3467 4250 ἰδεῖν
3526 4195 3614 4250 καὶ
3665 4191 3847 4265 ὡραῖον

2203 4283 2302 4335 τοῦ
2358 4287 2742 4351 κατανοῆσαι,
2814 4282 2904 4336 καὶ
2963 4278 3209 4338 λαϐοῦσα
3262 4288 3361 4337 τοῦ
3431 4288 3643 4360 καρποῦ
3696 4277 3848 4335 αὐτοῦ

2205 4365 2390 4446 ἔφαγε,
2422 4370 2512 4423 καὶ
2536 4367 2705 4425 ἔδωκε
2734 4369 2822 4425 καὶ
2852 4376 2931 4443 τῷ
2960 4368 3114 4447 ἀνδρὶ
3146 4372 3332 4443 αὐτῆς.
3361 4398 3389 4424 ››
3423 4375 3492 4431 Εἰ
3523 4377 3654 4449 γοῦν
3689 4366 3845 4425 καλὸν

2208 4460 2527 4532 θεασάμενοι
2575 4460 2638 4514 τὸ
2686 4456 2904 4535 δένδρον
2957 4461 3046 4515 καὶ
3096 4462 3188 4516 τὸν
3235 4462 3448 4536 καρπὸν
3516 4460 3733 4540 ἔφαγον,
3765 4453 3845 4511 εύ-

2208 4543 2382 4617 δηΛον
2407 4546 2491 4602 ὅτι
2519 4546 2610 4603 καὶ
2641 4549 2748 4624 πρὸ
2800 4556 2899 4618 τῆς
2927 4553 3025 4605 τοῦ
3070 4556 3281 4625 καρποῦ
3342 4552 3602 4627 βρώσεως
3659 4551 3845 4627 γνῶσιν

428 4634 962 4707 pulchritudinem,
983 4636 1254 4706 ederunt,
1295 4644 1527 4694 constat
1548 4644 1685 4694 ante
1721 4655 1887 4694 esum
1910 4640 2090 4694 istum

2205 4638 2300 4710 μὲν
2334 4637 2487 4715 εἶχον
2544 4635 2716 4691 καλοῦ
2745 4658 2803 4692 τε
2831 4638 2921 4692 καὶ
2953 4643 3142 4707 κακοῦ,
3177 4636 3303 4713 ὄψιν
3354 4660 3412 4695 τε
3472 4635 3844 4714 ὀξυδερκεσῐά-

430 4743 533 4781 eos
554 4732 613 4780 et
632 4725 772 4781 boni
797 4729 1056 4799 malique
1089 4730 1361 4785 notitiam
1376 4736 1434 4784 et
1460 4730 1651 4785 visum
1670 4730 2083 4785 acutissimum

432 4814 733 4881 habuisse,
767 4834 883 4888 quo
916 4818 1146 4890 singula
1179 4824 1515 4873 cernerent.
1541 4820 1621 4873 Ea
1639 4819 1887 4889 proinde
1910 4818 2086 4873 verba

429 4906 617 4978 aperti
652 4911 790 4961 sunt
819 4924 1027 4963 eorum
1068 4907 1247 4972 oculi,
1282 4924 1402 4961 non
1435 4907 1495 4961 in
1546 4908 1699 4963 hanc
1731 4908 2085 4963 sententiam

429 5002 568 5051 sunt
596 4997 811 5067 posita,
844 4998 1012 5067 quasi
1037 5002 1174 5067 post
1203 5013 1372 5052 esum
1408 4996 1646 5052 demum
1680 5003 1856 5068 atque
1879 5016 2084 5071 pecca-

426 5092 553 5141 tum
580 5085 706 5140 visu
736 5086 991 5140 fuissent
1013 5084 1237 5153 donati,
1261 5102 1377 5155 quo
1421 5091 1558 5141 ante
1620 5087 1774 5143 866
1805 5089 2086 5160 praeditos

422 5175 606 5231 fuisse
657 5174 872 5230 docui:
967 5174 1070 5228 sed
1123 5174 1282 5245 quod
1337 5182 1582 5245 peccato
1642 5176 2086 5251 simplicitatem

424 5263 787 5327 amisissent,
807 5262 945 5317 mali
979 5262 1173 5315 omnis
1206 5263 1493 5326 nesciam,
1519 5281 1648 5335 quae
1682 5264 2085 5335 cognitionem

424 5353 866 5407 indifferentem
916 5350 1237 5421 praebebat,
1298 5351 1432 5406 ideo
1474 5353 1698 5408 dictum
1733 5358 1823 5407 est
1882 5354 2085 5409 oculos

429 5456 634 5493 eorum
658 5439 839 5495 fuisse
871 5444 1127 5509 apertos.
1164 5439 1384 5494 Oculus
1418 5440 1575 5494 enim
1611 5456 1681 5495 ea
1738 5445 1828 5495 est
1875 5445 2089 5495 natura

431 5532 553 5581 uta
574 5533 772 5583 mente
793 5527 869 5584 ad
890 5545 960 5583 ea
972 5545 1102 5599 qua)
1124 5529 1314 5584 cernit
1332 5530 1624 5585 excitetur
1657 5547 1669 5584 :
1709 5530 1835 5600 ipse
1868 5530 2085 5602 quippe

515 5701 560 5739 ¹²
592 5703 734 5757 Gen.
768 5720 842 5775 v1,
872 5707 925 5758 6.

1006 5706 1050 5742 ¹⁸
1080 5707 1223 5762 Gen.
1255 5722 1375 5777 νιιι,
1406 5709 1496 5763 21.
1577 5707 1621 5744 ¹⁴
1647 5707 1790 5765 Gen.
1822 5723 1904 5776 III,
1937 5710 1990 5763 6.

2192 4727 2294 4794 τήν
2344 4728 2472 4797 ὁρᾶν
2528 4723 2728 4781 ἕκαστα
2780 4725 3099 4801 δυναμένην.
3156 4729 3363 4787 Οὐκοῦν
3419 4733 3531 4809 οὐχ
3590 4731 3664 4791 ὡς
3720 4725 3844 4802 μετὰ

2191 4818 2259 4886 τὴ
2295 4817 2498 4890 βρῶσιν
2556 4817 2645 4871 καὶ
2701 4818 2801 4886 τὴν
2856 4812 3158 4893 παράϐασιν
3212 4815 3635 4894 ἀναϐλεψάντων
3697 4815 3842 4891 εἷ’ρη-

2193 4926 2282 4959 ται
2310 4906 2372 4959 τὸ
2409 4903 2801 4985 διηνοίχθησαν
2847 4907 3023 4963 αὐτῶν
3080 4909 3131 4961 οἱ
3190 4907 3468 4986 ὀφθαλμοὶ
3530 4908 3844 4983 (δείκνυνται

2195 4996 2302 5070 γὰρ
2335 4995 2423 5048 καὶ
2458 4994 2563 5069 πρὸ
2592 4999 2693 5060 τῆς
2725 4994 2982 5070 βρώσεως
3051 4997 3309 5070 ὁρῶντες,
3370 4998 3446 5059 ὡς
3504 4994 3682 5076 ἔφην)’
3723 4991 3842 5049 ἀλλ’

2196 5083 2272 5144 ὡς
2293 5084 2354 5138 τὸ
2384 5083 2742 5157 ἀπειρόκακον
2783 5085 3128 5158 ἀποθεμένων
3181 5083 3271 5140 8ιά
3310 5093 3411 5156 τῆς
3471 5081 3845 5161 παραϐάσεως,

2196 5172 2344 5227 ὸκαὶ
2402 5174 2501 5242 τὴν
2555 5178 2748 5247 γνῶσιν
2803 5171 3099 5251 ἀδιάφορον
3157 5177 3453 5251 παρέσχεν,
3514 5174 3723 5251 ἐρρήθη
3764 5170 3842 5227 ὅτι

2197 5259 2590 5338 διηνοίχθησαν
2671 5262 2847 5317 αὐτῶν
2906 5264 2957 5317 oi
3009 5263 3286 5339 ὀφθαλμοὶ
3322 5309 3334 5322 .
3398 5264 3607 5341 Πέφυκε
3664 5265 3761 5339 γάρ
3817 5261 3843 5314 ὂ

2198 5349 2482 5427 ὀφθαλμὸς
2555 5352 2658 5407 ὑπὸ
2752 5356 2849 5407 τοῦ
2901 5351 3172 5427 λογισμοῦ
3237 5351 3590 5431 διεγείρεσθαι
3652 5345 3844 5427 πρὸςᾶ

2201 5439 2415 5515 βλέπει,
2450 5438 2590 5497 διότι
2651 5441 2857 5496 σύνεσιν
2918 5441 3079 5503 αὐτὸς
3141 5444 3261 5507 καθ’
3319 5445 3507 5499 ἑαυτὸν
3562 5443 3662 5497 οὐκ
3718 5439 3850 5513 ἔχει,

2195 5530 2480 5595 κάντεῦθεν
2531 5529 2806 5592 πολλάκις
2859 5530 2995 5605 πρὸς
3041 5528 3198 5607 ἕτερα
3241 5540 3341 5603 τῆς
3388 5529 3629 5593 διανοίας
3690 5530 3852 5603 ἀσχο-
