4154 6414
342 423 471 485 405

1552 424 1830 485 HISTOll
1844 426 1915 483 ΙΑ
1933 425 2109 486 HUM
2154 427 2481 488 COMPEN
2496 429 2711 490 DlUM.

3686 427 3809 487 406

344 551 640 628 λουμένης
698 551 915 629 τυφλοῦ
970 548 1127 624 δίκην
1188 548 1300 610 ἔσθ’
1354 549 1444 609 ὅτε
1501 555 1897 631 παρερχόμεθα
1943 554 2036 611 καὶ

2150 576 2260 632 per
2290 576 2352 616 se
2382 560 2592 617 oculus
2621 578 2742 618 non
2800 559 3100 634 intelligit.
3149 559 3355 631 Itaque
3397 576 3808 632 saepenumero

353 645 456 701 τὸν
509 644 648 697 πάνυ
705 640 1016 717 γνώριμον,
1075 642 1165 698 καὶ
1249 642 1467 699 ἐπειδὰν
1523 643 1911 719 ἐγκληθῶμεν,
1964 650 2033 720 τῇ

362 731 605 808 ἀσχολίᾳ
636 736 737 787 τοῦ
769 731 1048 805 )ογισμοῦ
1099 732 1164 787 τὸ
1222 734 1404 788 α’ἰτιον
1456 732 1793 798 ἀνατιθέντες
1824 736 2034 792 ξιπολοο

361 822 633 899 γούμεθα.
668 818 831 877 Οὕτω
879 822 971 875 καὶ
1030 822 1059 876 6
1113 819 1298 895 ’Δδὰμ
1354 821 1444 876 καὶ
1476 826 1511 892 ἡ
1550 825 1662 879 Εὔα
1789 823 2038 895 αἰσθήσει

364 915 470 967 τοῦ
500 913 599 965 νοῦ
630 910 768 984 πρὸς
796 911 896 979 τὴν
930 906 1054 983 ὄψιν
1087 907 1478 987 διηγέρθησαν.
1511 913 1581 966 Τὸ
1610 912 1733 988 γὰρ·
1768 936 1797 965 ‹‹
1824 912 2038 983 Διηνοίο

365 1013 587 1078 χθησαν
624 1000 675 1054 οἱ
707 997 987 1079 ὀφθαλμοὶ
1018 1000 1110 1054 καὶ
1168 995 1411 1073 ἔγνωσαν
1469 1000 1553 1056 ὅτι
1610 1002 1813 1077 γυμνοὶ
1844 1002 1981 1071 ἦσαν
2011 1026 2039 1052 π

366 1088 720 1163 ἀποκάλυψιν
750 1086 920 1159 δηλοῖ
945 1091 1045 1158 τὴν
1098 1088 1457 1167 ἐγγενομένην
1503 1096 1583 1164 τῷ
1632 1089 1907 1168 λογισμῷ,
1940 1093 2042 1147 οὐκ

369 1174 670 1253 ἀνάϐλεψιν
728 1179 1053 1254 ὀφθαλμῶν,
1111 1178 1251 1235 ὥστε
1308 1182 1411 1250 τὴν
1472 1183 1607 1255 μετὰ
1645 1184 1744 1251 τήν
1775 1182 2043 1257 ἁμαρτίαν

369 1268 627 1339 αἴσθησιν
688 1264 833 1323 οὕτω
889 1265 1158 1338 κέκληκεν
1234 1273 1270 1338 ἠ
1354 1272 1564 1346 Γραφή.
1646 1272 1882 1347 παρευθὺ
1938 1272 2042 1346 γὰρ

369 1356 514 1433 μετᾶ
559 1356 660 1425 τήν
717 1356 988 1430 ἁμαρτίαν
1048 1357 1111 1411 τὸ
1170 1354 1411 1420 συνειδὸς
1469 1357 1796 1429 πλήττεται.
1857 1360 1966 1415 Καὶ
2017 1361 2046 1415 6

367 1445 564 1520 Σίμων
594 1445 778 1524 φησίν·
832 1444 897 1501 Εἴ
950 1450 1030 1514 [Ρ.
1066 1451 1196 1519 209]
1249 1448 1561 1524 πρόγνωσιν
1597 1446 1749 1527 εἶχεν
1781 1450 1809 1503 6
1841 1447 2045 1523 Ἀδὰμ,

365 1533 463 1591 διὰ
484 1533 539 1589 τί
569 1534 632 1589 οὐ
662 1534 919 1610 προέγνω
949 1536 1051 1604 τὴν
1083 1532 1172 1589 διὰ
1229 1540 1326 1590 τοῦ
1376 1532 1556 1613 ὄφεως
1605 1536 1700 1592 καὶ
1731 1543 1835 1607 τῆς
1864 1557 2047 1612 γυναι-

363 1626 465 1687 κὸς
498 1624 712 1692 ἀπάτην
739 1643 753 1694 ;
788 1625 885 1679 Καὶ
919 1625 947 1679 6
980 1625 1205 1700 Πέτρος·
1262 1625 1327 1683 Εἰ
1384 1625 1696 1702 πρόγνωσιν
1758 1627 1859 1681 οὐκ
1901 1626 2046 1704 εἶχε,

365 1719 492 1776 πῶς
530 1717 649 1775 τοῖς
699 1714 841 1777 υἱοῖς
897 1714 1064 1769 αὐτοῦ
1120 1713 1260 1789 πρὸς
1316 1715 1412 1777 τὰς
1471 1714 1732 1787 ἐσομένας
1797 1716 2046 1791 πράξεις,

371 1806 495 1877 ἅμα
547 1808 632 1877 τῷ
681 1809 1023 1878 γεννηθῆναι,
1106 1804 1365 1873 ἐπέθηκεν
1441 1804 1717 1876 ὀνόματας
1778 1805 1883 1861 Τὸν
1944 1804 2048 1880 γὰρ

2147 649 2283 705 aliis
2312 650 2493 705 rebus
2520 656 2807 724 occupato
2855 652 3206 721 intentoque
3259 650 3460 705 animo
3512 666 3805 706 caecorum

2147 738 2341 794 instar
2373 740 2556 794 etiam
2585 741 2933 795 notissimos
2976 738 3392 812 praeterimus;
3443 755 3697 811 cumque
3748 740 3809 795 in

2146 828 2319 884 nobis
2369 829 2517 883 vitio
2550 830 2816 897 vertitur,
2851 829 3025 901 culpa
3056 828 3117 883 in
3153 828 3340 883 animi
3385 829 3810 900 occupationes

2148 917 2372 988 rejecta
2405 935 2513 973 nos
2540 934 2878 991 purgamus.
2921 918 3016 973 Sic
3069 933 3205 987 ergo
3238 917 3503 973 Adamus
3534 918 3714 972 etiam
3744 934 3813 974 ac

2148 1007 2284 1073 Eva,
2334 1022 2513 1062 sensu
2571 1006 2788 1061 mentis
2842 1006 2913 1060 ad
2972 1005 3293 1062 videndum
3356 1007 3592 1061 excitati
3652 1012 3811 1062 sunt.

2151 1097 2284 1151 Haec
2304 1098 2464 1152 enim
2494 1095 2560 1165 ιδ,
2587 1117 2612 1148 σ
2640 1097 2841 1168 Aperti
2870 1102 3007 1151 sunt
3034 1112 3238 1150 eorum
3263 1095 3420 1150 oculi
3442 1101 3500 1151 et
3528 1111 3815 1168 cognove-

2151 1191 2294 1241 runt
2323 1203 2385 1241 se
2417 1186 2611 1242 nudos
2639 1202 2791 1254 esse,
2827 1206 2855 1235 »
2887 1185 3346 1257 patefactionem
3392 1185 3454 1239 in
3503 1185 3814 1241 intellectu

2154 1276 2423 1332 obortam
2446 1276 2779 1349 designant.
2813 1293 2933 1331 non
2950 1276 3258 1332 oculorum
3274 1292 3491 1331 novum
3515 1276 3809 1332 obtutum.

2154 1366 2247 1421 Sic
2268 1383 2406 1439 ergo
2434 1367 2765 1421 nominavit
2786 1366 3088 1438 Scriptura
3113 1382 3355 1421 sensum
3403 1367 3650 1437 peccati.
3686 1367 3816 1421 Sta-

2155 1454 2261 1510 tim
2297 1456 2455 1510 enim
2488 1471 2522 1511 a
2550 1461 2794 1527 peccato
2820 1455 3137 1511 commisso
3188 1454 3555 1509 conscientia
3585 1455 3813 1510 feritur.

2156 1544 2363 1599 Intulit
2392 1544 2634 1599 Simon:
2668 1545 2784 1599 Cur
2823 1560 2959 1617 ergo
3018 1544 3296 1610 Adamus,
3358 1544 3406 1600 si
3449 1545 3818 1616 praenotione

2155 1633 2269 1689 fuit
2300 1632 2609 1705 prmditus,
2643 1650 2764 1689 non
2797 1634 3100 1706 preesagiit
3130 1634 3402 1690 fraudem
3442 1633 3740 1706 serpentis
3766 1639 3825 1688 et

2158 1722 2430 1779 mulieris
2451 1723 2480 1777 ‘P
2508 1724 2658 1791 lmo,
2691 1723 2887 1794 inquit
2918 1724 3150 1791 Petrus,
3184 1722 3299 1777 nisi
3334 1722 3533 1777 futura
3578 1722 3823 1795 praesci—

2160 1813 2264 1879 vit,
2299 1827 2415 1883 qua
2444 1812 2677 1867 ratione
2707 1812 2897 1883 potuit
2929 1810 3068 1866 ﬁliis
3102 1811 3247 1875 suis,
3282 1816 3349 1866 ut
3387 1812 3649 1882 primum
3700 1811 3824 1865 nati

377 1892 743 1969 πρωτότοκον
785 1892 1036 1966 ὠνόμασε
1069 1893 1218 1965 Κάϊν,
1264 1893 1294 1948 6'
1338 1890 1448 1949 ἔστι
1502 1895 1698 1963 Ζῆλος·
1733 1894 1792 1956 ’ὀς
1823 1895 1915 1949 καὶ
1949 1899 2036 1965 ζη‹

2166 1905 2325 1967 sunt,
2351 1916 2416 1954 ea
2449 1901 2694 1955 nomina
2724 1900 3031 1971 imponere
3061 1899 3279 1970 quibus
3310 1898 3524 1953 futurae
3556 1898 3823 1954 actiones

378 1982 570 2045 λώσας
608 1982 791 2037 ἀνεῖλε
819 1982 911 2037 τὸν
958 1979 1192 2062 ἀδελφὸν
1234 1982 1400 2037 αὐτοῦ
1436 1978 1631 2055 Ἅϐελ,
1677 1982 1708 2037 6'
1755 1984 2049 2058 ἑρμηνεύε-

388 2092 481 2127 ται
512 2072 727 2135 Πένθος·
784 2069 867 2126 ἐπ’
925 2071 1074 2143 αὖτῷ
1127 2072 1232 2147 γὰρ
1286 2074 1491 2146 πρώτῳ
1550 2073 1860 2149 φονευθέντι
1892 2071 2048 2126 ἐπέν-

397 2170 564 2227 θησαν
610 2160 660 2214 οἱ
711 2166 910 2237 γονεῖς.
945 2160 1009 2215 Εἰ
1043 2156 1100 2214 δὲ
1145 2157 1326 2233 ’Δδᾶιμ
1355 2156 1514 2237 ἔργον
1546 2164 1681 2215 Θεοῦ
1711 2163 1800 2215 καί
1834 2161 2050 2233 ποίημα

397 2248 700 2324 πρόγνωσιν
754 2249 896 2323 εἶχε,
984 2248 1184 2321 πολλῷ
1274 2247 1488 2322 μᾶλλον
1547 2251 1575 2305 6
1633 2247 2051 2326 δημιουργήσας

395 2336 558 2392 αὐτὸν
585 2337 725 2399 Θεός.
757 2341 881 2394 ’Ὁτι
913 2338 1014 2413 γὰρ
1046 2336 1220 2399 ὄντως
1264 2339 1630 2414 προγινώσχει
1668 2340 1697 2393 6
1727 2342 1881 2408 Θεὸς,
1914 2340 2048 2415 φησί

386 2427 528 2501 πρὸς
554 2426 645 2481 τὸν
706 2422 978 2503 Ἀϐραάμ·
1039 2428 1323 2482 Γινώσκων
1385 2428 1567 2505 γνώσῃ
1637 2427 1720 2483 ὅτι
1779 2429 2046 2503 πάροικον

381 2512 534 2572 ἔσται
588 2516 653 2571 τὸ
706 2515 920 2592 σπέρμα
975 2537 1071 2571 σου
1131 2515 1185 2571 ἒν
1244 2520 1315 2593 γῇ
1372 2515 1665 2593 ἀλλοτρίᾳ,
1698 2518 1789 2572 καὶ
1831 2515 2045 2573 δουλώ-

377 2627 568 2660 σουσιν
603 2606 733 2661 αὐτὸ
764 2605 858 2677 ἔτη
912 2607 975 2664 υ’.
1027 2608 1104 2663 Τὸ
1153 2605 1212 2661 δὶ
1259 2603 1416 2670 ἔθνος
1458 2606 1503 2679 ᾧ
1551 2607 1639 2662 ἐὰν
1682 2604 2047 2674 δουλεύσωσι,

377 2699 559 2770 κρινῶ
616 2694 750 2771 ἐγώ.
813 2697 964 2752 Μετά
1023 2693 1079 2750 δὲ
1137 2700 1304 2750 ταῦτα
1361 2695 1730 2766 ἑξελεόσονται
1770 2694 1877 2752 ὧδε
1910 2697 2047 2769 μετᾶ

384 2784 698 2854 ἀποσκευῆς
728 2782 969 2854 πολλῆς·
1005 2782 1068 2839 σὺ
1097 2782 1155 2840 δὲ
1185 2784 1450 2860 έπελεύσῃ
1478 2787 1614 2858 πρὸς
1650 2788 1779 2847 τοὺς
1808 2786 2044 2862 πατέρας

383 2895 506 2945 σου,
573 2880 688 2948 μετ’
745 2875 965 2950 εἰρήνης
1016 2874 1239 2954 τραφεὶς
1289 2876 1342 2930 ἐν
1390 2878 1547 2950 γήρει
1588 2877 1766 2948 καλῷ.
1800 2878 2041 2951 Τετάρτῃ

376 2961 437 3018 δὲ
503 2967 663 3041 γενεᾷ
729 2962 1242 3041 ἀποστραφήσονται
1336 2962 1463 3020 ὧδε.
1564 2964 1628 3021 Τί
1715 2962 1812 3033 δὶ;
1901 2964 2048 3039 Οόχῖ

376 3059 624 3125 Μωϋσης
681 3056 772 3110 καὶ
830 3057 884 3110 οἱ
944 3053 1140 3110 λοιποὶ
1196 3062 1474 3132 προφῆται
1551 3055 1621 3110 τὰ
1672 3057 2047 3130 ἁμαρτήματα

364 3150 471 3201 τοῦ
530 3144 756 3222 ’ῐσραὴλ
830 3147 919 3201 καὶ
1003 3148 1106 3215 τὴν
1194 3146 1465 3202 ἀπείθειαν
1534 3146 1700 3202 αὐτοῦ
1756 3148 1895 3222 πρὸς
1954 3146 2047 3203 τὸν

328 3236 611 3311 ⁴Χριστὸν
642 3236 735 3291 καὶ
783 3236 885 3305 τήν
937 3236 1016 3299 εἰς
1064 3236 1131 3291 τὰ
1194 3234 1316 3307 ἔθνη
1379 3234 1675 3311 διασπορὰν
1719 3237 1885 3293 αὐτοῦ
1916 3259 2050 3313 προ-

2164 1988 2662 2060 designarentur?
2693 1990 2890 2043 Primo
2918 1988 3042 2042 filio
3085 1988 3251 2042 Caini
3306 2001 3529 2041 nomen
3579 1985 3820 2053 indidit,

2162 2093 2293 2147 quae
2315 2093 2421 2131 vox
2448 2076 2901 2131 Aimulationem
2923 2080 3026 2130 aut
3046 2074 3433 2129 lnvidentiam
3458 2078 3662 2128 notat:
3696 2090 3815 2144 qua

2160 2166 2211 2221 is
2244 2166 2538 2237 impulsus
2569 2164 2787 2219 occidit
2815 2163 3058 2219 fratrem
3092 2179 3266 2219 suum
3320 2163 3593 2226 Abelum,
3639 2162 3812 2233 cujus

2160 2256 2403 2311 nomine
2435 2255 2629 2309 luctus
2652 2254 3052 2327 significatur:
3078 2251 3365 2307 nimirum
3384 2252 3544 2306 enim
3566 2251 3628 2305 in
3650 2251 3813 2306 luctu

2160 2345 2403 2399 fuerunt
2432 2348 2731 2416 parentes,
2766 2359 2835 2397 eo
2865 2343 3126 2414 primum
3150 2346 3381 2396 necato.
3414 2342 3541 2395 1am
3574 2340 3621 2394 si
3656 2339 3812 2395 Ada-

2160 2450 2315 2500 mus,
2349 2433 2450 2488 Dei
2492 2448 2642 2503 opus
2696 2437 2875 2502 atque
2921 2436 3211 2495 creatura,
3272 2428 3647 2500 praascientia
3702 2429 3817 2483 fuit

2158 2524 2468 2597 praeditus,
2503 2521 2661 2578 haud
2693 2521 2873 2577 dubie
2903 2522 3091 2593 magis
3119 2521 3296 2575 etiam
3330 2534 3399 2573 ea
3438 2520 3636 2591 opiﬁci
3685 2521 3814 2589 ejus

2157 2617 2277 2673 Deo
2300 2615 2480 2669 tribui
2503 2613 2698 2669 debet.
2728 2615 2798 2668 Et
2818 2628 2953 2669 vero
2978 2613 3177 2666 futura
3202 2627 3264 2664 se
3295 2610 3618 2681 praevidere
3657 2610 3813 2665 Deus

2157 2704 2544 2769 demonstrat,
2632 2719 2767 2758 cum
2826 2702 2908 2757 ita
2975 2701 3380 2756 Abrahamum
3451 2699 3806 2769 alloquitur:

2155 2798 2324 2849 Certo
2355 2792 2653 2864 intelliges
2685 2797 2954 2863 posteros
2986 2796 3118 2847 tuos
3149 2790 3210 2844 in
3245 2788 3438 2844 alieno
3482 2788 3607 2842 solo
3636 2804 3811 2869 exsuf

2157 2885 2402 2949 laturos,
2466 2885 2841 2955 servientque
2903 2882 3050 2937 891
3114 2880 3385 2937 Barbaris
3465 2880 3809 2935 servitutem

2156 2989 2346 3029 annos
2377 2972 2501 3027 400.
2534 2974 2650 3044 Ego
2681 2977 2876 3027 autem
2936 2975 3197 3043 gentem,
3248 2985 3378 3041 quas
3424 2985 3523 3023 eos
3572 2968 3809 3023 servitio

2156 3067 2408 3135 premet,
2433 3061 2707 3116 ulciscar.
2741 3064 2929 3130 Atque
2960 3064 3086 3114 tum
3112 3060 3229 3114 huc
3256 3062 3627 3113 revertentur
3643 3073 3806 3130 mag-

2154 3150 2251 3206 nis
2282 3166 2416 3205 cum
2440 3150 2651 3221 opibus
2682 3152 2893 3220 quarta
2921 3152 3054 3220 post
3088 3152 3279 3203 aetate.
3336 3148 3415 3201 Tu
3448 3151 3645 3202 autem
3676 3146 3809 3217 pla-

2156 3239 2289 3295 cida
2316 3243 2509 3294 morte
2540 3254 2721 3293 senex
2765 3237 2837 3293 ad
2892 3237 3149 3309 majores
3193 3241 3327 3291 tuos
3372 3234 3804 3307 aggregaberis.

363 3301 658 3395 εδηλωσαν
684 3343 698 3382 :
737 3325 798 3382 [ῧί
830 3301 888 3380 δὶ
916 3331 1163 3395 Μωϋσῆς
1193 3326 1281 3380 καὶ
1306 3301 1316 3307 -
1338 3325 1391 3379 οἱ
1443 3301 1611 3381 ἄλλοι
1659 3301 2036 3403 προφῆταιιέκ

2150 3328 2300 3394 Quid
2331 3334 2528 3383 autem
2549 3328 2577 3382 ‘?
2605 3328 2811 3382 Nonne
2843 3331 2903 3381 et
2930 3301 3116 3381 moses
3149 3330 3207 3379 et
3234 3301 3642 3395 reliqui'vates
3672 3340 3807 3394 pec-

357 3422 465 3485 τῆς
511 3418 613 3470 τοῦ
667 3418 804 3470 Θεοῦ
862 3415 1096 3494 χάριτος
1148 3415 1215 3469 τὰ
1276 3412 1549 3488 μέλλοντα
1607 3417 2036 3493 προεγίνωσκον,

380 3510 505 3568 πῶς
538 3504 699 3567 αὐτὸς
732 3505 760 3559 6
796 3502 849 3558 ἐν
909 3503 1095 3565 αὐτοῖς
1157 3502 1404 3574 λαλήσας
1464 3504 1594 3566 Θέὸς
1655 3506 1720 3561 οὐ
1772 3508 2042 3583 προγινώ-

360 3614 487 3650 σκει
521 3596 590 3649 τὰ
621 3592 897 3668 ἐσόμενας
950 3594 1111 3649 Ὥστε
1163 3591 1257 3648 οὖν
1307 3592 1675 3667 οἰκονομικῶς
1716 3593 1927 3671 εἴρηται
1958 3597 2042 3667 τὸ,

359 3684 744 3756 Ἐνεθυμήθη,
775 3682 1019 3737 τουτέστι
1084 3681 1458 3758 μετεμελήθη,
1518 3684 1607 3738 καὶ
1657 3684 1742 3753 τὸ,
1792 3680 2038 3748 Καταϐἁς

359 3770 599 3847 ὄψομαι.
630 3773 733 3827 Καὶ
772 3773 868 3845 μέν
900 3792 964 3847 γε
1012 3773 1097 3841 τὸ,
1129 3773 1417 3847 Ἐπείραζε
1474 3773 1565 3828 τὸν
1613 3767 1886 3849 Ἀϐραὰμ,
1921 3774 2035 3830 καὶ,

358 3860 673 3940 Ὠσφράνθη
715 3861 934 3936 Κύριος,
985 3862 1076 3916 ναὶ
1126 3861 1225 3917 ὅσα
1270 3865 1519 3926 τοιαῦτα,
1552 3858 2038 3938 συγκαταϐατικὼς

358 3948 455 4008 διὰ
500 3953 603 4021 τὴν
666 3951 942 4026 ἡμετέραν
1002 3951 1279 4006 ἀσθένειαν
1339 3949 1613 4019 λέλεκται,
1673 3951 1789 4007 ἐπεὶ
1847 3951 1930 4008 ὅτι
1974 3974 2037 4028 γε

355 4041 562 4095 θυσιῶν
593 4038 698 4095 οὐκ
726 4040 997 4117 ὀρέγεται,
1055 4037 1145 4094 διὰ
1200 4044 1297 4095 τοῦ
1325 4042 1614 4119 προφήτου
1648 4036 1818 4096 Δαϐἶδ
1855 4041 2036 4115 ὑπεμ-

354 4129 541 4211 φαίνει
604 4128 800 4204 λέγων·
866 4132 961 4199 Μὴ
1024 4131 1288 4208 φάγωμαι
1344 4131 1477 4206 κρέα
1534 4131 1750 4205 ταύρων
1805 4131 1840 4201 ἢ
1890 4133 2033 4205 αἷμα

350 4220 578 4297 τράγων
637 4219 881 4291 πίωμαι.
932 4221 1095 4276 ’Όθεν
1151 4221 1178 4275 6
1237 4218 1289 4291 ἐξ
1349 4220 1514 4275 αὐτοῦ
1544 4221 1649 4295 πρὸ
1677 4224 1788 4275 τῶν
1820 4220 2036 4279 αἰώνων

360 4308 647 4388 γεννηθεὶς
704 4308 795 4364 καὶ
857 4309 941 4364 ἐπ’
1001 4308 1250 4387 ἐσχάτων
1328 4310 1388 4365 ἐκ
1457 4316 1556 4379 τῆς
1615 4309 1888 4386 Παρθένου
1945 4308 2034 4365 διὰ

346 4400 456 4468 τήν
555 4396 831 4474 ἡμετέραν
910 4397 1184 4472 σωτηρίαν
1261 4400 1481 4473 τεχθεὶς
1552 4404 1728 4455 ταῦτα
1799 4401 1891 4455 καὶ
1965 4402 2032 4455 τὰ

344 4491 577 4544 τοιαῦτα
638 4486 821 4564 ὥσπερ
887 4484 1266 4563 διερμηνεύων
1317 4494 1438 4551 τοῖς
1501 4489 1819 4565 ἀγνοοῦσιν,
1881 4480 2028 4545 ὅτιὸ

346 4578 482 4639 Θεὸς
540 4577 631 4631 καὶ
693 4578 883 4650 Πατήρ
932 4577 1107 4632 πάντα
1177 4578 1567 4652 προ-γινώσκει,
1628 4573 1834 4654 ἔλεγεν·
1897 4577 2027 4643 Οἵδε

2153 3423 2283 3473 cata
2314 3417 2539 3483 Israeli,
2574 3416 2703 3487 ejus
2734 3414 3237 3479 incredulitatem,
3291 3418 3348 3468 et
3393 3414 3454 3468 in
3502 3412 3803 3467 Christum

2152 3509 2614 3576 contumaciam,
2687 3511 2870 3577 utque
2929 3510 3132 3561 essent
3194 3503 3378 3561 Judaai
3436 3519 3545 3574 per
3597 3508 3804 3575 gentes

2150 3596 2502 3667 dissipandi,
2532 3594 2980 3668 praedixerunt?
3009 3594 3176 3660 Quod
3206 3595 3255 3648 si
3280 3595 3468 3648 Moses
3498 3597 3557 3648 et
3586 3591 3803 3661 reliqui

2147 3692 2310 3741 vates
2327 3687 2429 3743 Dei
2454 3686 2608 3741 dono
2633 3686 2964 3741 futurorum
2990 3683 3326 3757 cognitione
3339 3687 3479 3737 sunt
3503 3682 3800 3748 instructi,

2149 3792 2265 3848 quo
2298 3782 2469 3848 pacto
2502 3777 2678 3840 Deus,
2712 3775 2812 3845 qui
2862 3791 2969 3846 per
3016 3789 3116 3828 eos
3164 3773 3399 3828 locutus
3444 3776 3554 3839 est,
3604 3770 3804 3825 futura

2147 3866 2491 3937 ignoraret?
2518 3867 2700 3919 Porro
2734 3863 2903 3931 illud,
2937 3861 3343 3917 Consideravit
3389 3862 3560 3923 Deus,
3611 3860 3671 3913 id
3712 3864 3801 3914 est
3903 3932 3912 3939 _

2146 3955 2423 4027 pmnituit
2442 3971 2599 4019 eum,
2624 3960 2700 4020 et,
2735 3952 3100 4008 Descendam
3120 3951 3336 4019 visum,
3368 3950 3527 4004 dicta
3554 3953 3696 4003 sunt
3723 3947 3798 4003 ad

2147 4045 2474 4098 humanum
2499 4047 2737 4114 captum
2763 4038 3228 4097 accommodata.
3262 4038 3424 4103 Quod
3455 4038 3632 4093 etiam
3666 4043 3798 4090 ten-
3892 4061 3903 4067 -

2145 4135 2357 4190 tavisse
2389 4133 2794 4189 Abrahamum
2825 4132 3044 4187 dicitur
3091 4136 3149 4185 et
3206 4129 3506 4196 odoratus,
3559 4132 3618 4182 et
3664 4145 3796 4199 quas

2145 4226 2358 4280 horum
2390 4229 2530 4280 sunt
2558 4223 2801 4291 similia,
2829 4239 2899 4279 ea
2931 4221 3085 4276 dicta
3116 4224 3255 4275 sunt
3280 4224 3499 4273 nostrae
3530 4217 3798 4273 imbecil-

2144 4315 2328 4370 litatis
2353 4330 2552 4381 causa,
2571 4313 2765 4367 verbis
2787 4312 2859 4368 ad
2880 4316 3110 4365 naturae
3131 4314 3347 4365 nostra:
3368 4324 3599 4363 morem
3630 4323 3795 4362 com-

2142 4404 2373 4477 positis.
2405 4405 2549 4458 Nam
2583 4401 2876 4458 sacriﬁcia
2904 4416 2938 4455 a
2968 4415 3029 4455 se
3052 4415 3171 4454 non
3198 4396 3391 4470 expeti
3423 4397 3576 4452 Deus
3593 4396 3789 4452 Davidi

2140 4493 2336 4549 verbis
2368 4491 2451 4547 sic
2484 4491 2730 4563 exponit
2758 4489 2836 4545 “:
2868 4492 3066 4563 Egone
3105 4494 3173 4543 ut
3222 4503 3432 4544 carnes
3480 4491 3790 4543 taurorum

2143 4582 2334 4648 edam,
2392 4587 2493 4637 aut
2551 4581 2903 4654 sanguinem
2960 4578 3260 4634 hircorum
3337 4575 3597 4632 bibam?
3646 4577 3790 4632 Huic

343 4667 455 4743 γὰρ
490 4667 521 4721 6
556 4666 747 4740 Πατήρ
804 4668 967 4738 ἡμῶν
1028 4668 1056 4722 6
1117 4666 1370 4739 οὐράνιος
1416 4666 1501 4722 ὅτι
1553 4667 1788 4743 χρῄζετε
1820 4668 2030 4725 τούτων

2148 4671 2296 4727 filius
2330 4671 2451 4734 Dei.
2487 4675 2624 4726 ante
2658 4669 2876 4725 saecula
2906 4685 2973 4724 ex
3006 4669 3134 4740 ipso
3165 4666 3401 4739 genitus
3458 4672 3518 4720 et
3563 4664 3788 4720 ultimis

342 4757 623 4825 ἁπάντων,
676 4756 807 4831 πρὶν
856 4755 1020 4810 αὐτὸν
1072 4755 1296 4825 αἰτῆσαι
1353 4757 1513 4830 ὑμᾶς.
1568 4758 1669 4813 Καὶ
1718 4762 1836 4822 τοῖς
1864 4757 2024 4831 νομί·

348 4849 537 4914 ζουσιν
566 4844 653 4898 ὃτι
690 4843 767 4916 μή
820 4844 997 4899 πάντα
1059 4842 1249 4919 βλέπει
1309 4842 1523 4924 ἔφασκε·
1560 4844 1938 4920 Προσεύχεσθε
1969 4844 2020 4901 ἐν

342 4938 428 5005 τῷ
456 4936 713 5007 κρυπτῷ,
741 4933 833 4986 καὶ
864 4934 892 4987 6
923 4934 1113 5009 Πατήρ
1150 4934 1305 5007 ὑμῶν
1365 4935 1393 4989 6
1456 4932 1674 5009 βλέπων
1709 4934 1760 4989 ἐν
1787 4939 1865 5006 τῷ
1894 4956 2022 5009 κρυ-

341 5026 470 5095 πτῷ
521 5020 801 5076 ἀποδώσει
872 5020 924 5075 ἐν
977 5027 1058 5095 τῷ
1116 5026 1346 5100 φανερῷ.
1406 5023 1503 5078 Καὶ
1560 5028 1679 5083 τοῖς
1737 5022 2017 5095 οἰομένοις

338 5112 502 5167 αὐτὸν
568 5112 644 5183 μὴ
708 5110 910 5186 ἀγαθὸν
965 5112 1100 5166 εἶναι
1178 5108 1489 5183 ἐπέπληττε
1547 5111 1740 5189 λέγων·
1801 5113 1868 5169 Εἰ
1926 5112 2017 5198 οὖν

336 5200 497 5271 ὕμεῖς
554 5200 792 5275 πονηροῖ
849 5199 999 5264 ὄντες
1064 5199 1246 5256 οἲδατε
1306 5199 1521 5274 δόματα
1583 5202 1757 5277 ἀγαθά
1806 5199 2017 5271 διδόναι

329 5296 451 5353 τοῖς
499 5291 719 5351 τέκνοις
784 5291 963 5364 ὑμῶν,
1026 5290 1178 5363 πόσῳ
1237 5290 1452 5364 μᾶλλον
1495 5292 1523 5345 6
1583 5292 1769 5368 Πατὴρ
1805 5294 2014 5365 ὑμῶνὸ

333 5378 590 5454 οὐράνιος
624 5376 787 5433 δώσει
821 5379 995 5454 ἀγαθὰ
1044 5386 1163 5441 τοῖς
1201 5380 1442 5435 αἰτοῦσιν
1500 5379 1698 5451 αὐτὸνς
1763 5383 1860 5435 Καὶ
1892 5387 2013 5443 τοῖς

334 5465 599 5523 δοκοῦσιν
656 5467 816 5523 αὐτὸν
876 5470 1078 5523 θυσιῶν
1164 5468 1444 5547 ὀρέγεσθαι
1522 5469 1891 5545 διηγόρευσεν·
1950 5472 2012 5530 Ὀ

334 5559 473 5619 Θεὸς
507 5555 665 5621 ἔλεος
696 5557 843 5614 θέλει
891 5558 981 5613 καὶ
1044 5557 1106 5614 οὗ
1168 5559 1371 5623 θυσίας.
1409 5560 1513 5617 Καὶ
1543 5565 1661 5625 τοῖς
1692 5556 2013 5635 ὑπολαμϐά-

413 5742 460 5778 ¹¹
490 5742 636 5799 Gen.
668 5758 760 5811 ιγ,
795 5744 848 5798 7.
928 5741 975 5780 ¹⁶
1004 5740 1160 5799 Psal.
1192 5758 1346 5815 ηπ,
1377 5746 1461 5800 15.
1540 5743 1585 5780 τί
1614 5743 1818 5801 Matth.
1845 5761 1921 5812 Vl,
1952 5746 2007 5802 4.

2134 4760 2502 4833 temporibus
2536 4764 2753 4814 nostras
2782 4758 2988 4814 salutis
3021 4773 3201 4813 causa
3231 4756 3303 4811 de
3332 4755 3559 4828 virgine
3591 4760 3785 4826 natus,

2132 4849 2259 4904 haec
2290 4856 2347 4904 et
2378 4849 2495 4905 alia
2524 4848 2583 4903 id
2610 4864 2797 4921 genus
2835 4847 3085 4902 rudibus
3143 4846 3311 4917 quasi
3362 4844 3786 4917 interpretatus

2133 4944 2242 4993 est.
2293 4938 2459 5003 Quod
2511 4937 2663 4992 Deus
2722 4943 2779 4991 et
2837 4938 3011 4992 Pater
3067 4934 3269 4991 omnia
3324 4934 3615 5005 praesciat.
3678 4935 3782 4989 sic.

2133 5027 2301 5083 Novit
2355 5029 2531 5082 Pater
2587 5031 2782 5081 vester
2838 5025 3093 5081 caelestis
3148 5041 3248 5078 vos
3306 5023 3439 5077 istis
3505 5022 3786 5076 omnibus

2130 5116 2416 5190 indigere,
2448 5116 2627 5187 idque
2652 5120 2972 5186 antequam
3021 5115 3219 5186 ipsum
3271 5113 3511 5185 rogetis.
3562 5112 3634 5165 Et
3682 5114 3785 5181 qui

2130 5224 2264 5263 eum
2296 5224 2417 5262 non
2450 5206 2673 5278 ubique
2704 5206 2905 5261 omnia
2932 5204 3131 5259 videre
3160 5206 3459 5275 putarent,
3502 5216 3571 5255 eo
3620 5200 3784 5254 refu—

2128 5301 2331 5351 tantur
2360 5295 2423 5348 "'.
2459 5295 2786 5351 Precamini
2820 5295 2882 5349 in
2913 5292 3111 5349 abdito
3138 5313 3152 5358 ;
3186 5296 3242 5347 et
3272 5292 3446 5345 Pater
3466 5294 3658 5344 vester
3679 5289 3777 5360 qui

2126 5385 2360 5440 occulta
2398 5383 2576 5452 videt,
2610 5384 2774 5439 vobis
2818 5381 3029 5437 reddet
3076 5381 3136 5435 in
3191 5383 3413 5451 aperto.
3476 5378 3584 5445 Qui
3644 5393 3779 5432 eum

2124 5479 2405 5546 putarent
2477 5490 2597 5529 non
2673 5488 2801 5528 esse
2872 5470 3116 5538 bonum,
3226 5468 3311 5522 sic
3398 5466 3775 5521 refelluntur.

2122 5563 2276 5619 808
2310 5562 2529 5629 Quodsi
2585 5579 2707 5633 vos,
2755 5561 2855 5633 qui
2900 5558 3040 5615 mali
3098 5558 3261 5629 estis,
3310 5557 3517 5613 liberis
3564 5559 3777 5613 vestris
