4154 6410
404 399 516 459 407

1775 392 2094 454 GEORGII
2137 394 2485 456 CEDRENI

3703 395 3825 456 408

388 534 582 591 nostis
613 533 772 588 bona
821 530 978 586 dona
1026 529 1313 600 praabere,
1364 533 1586 599 quanto
1636 527 1825 598 magis
1875 529 2050 581 Pater

2184 545 2317 580 ιουσι
2372 530 2538 582 κακὸν
2596 527 2756 582 αὐτὸν
2841 527 2972 583 εἶναι
3055 531 3333 603 παραινῶν
3389 521 3541 582 ἐϐόα·
3616 526 3828 584 Γίνεσθε

390 628 587 680 vester
633 622 888 678 caalestis
942 620 1100 675 bona
1158 619 1442 690 largietur
1487 617 1559 671 iis
1605 617 1771 688 quia
1802 633 1865 670 se
1911 633 2051 687 pos-

392 713 580 770 cent?
612 712 719 776 Qui
754 726 890 765 eum
947 708 1373 763 sacriﬁciorum
1424 705 1706 776 cupidum
1754 710 2051 776 putarent,

391 803 468 857 iis
501 802 720 856 diserte
752 799 939 853 edixit
962 796 1046 850 ¹⁸ε
1092 795 1558 850 Misericordiam
1591 812 1625 849 a
1656 797 1772 849 Deo
1806 794 2052 864 requiri,

391 909 512 948 non
548 888 931 945 sacriﬁcium.
982 887 1089 950 Qui
1143 890 1426 956 putarent
1456 901 1593 939 eum
1643 900 1772 938 esse
1805 883 2051 945 malum,

393 1002 494 1041 eos
522 984 607 1038 sic
638 981 985 1036 exhortatur
1010 978 1092 1031 19:
1129 977 1537 1032 Misericordes
1571 982 1779 1043 estote,
1814 975 1966 1029 sicut
1999 979 2056 1029 et

393 1075 567 1128 Pater
597 1075 788 1124 vester
816 1067 1092 1124 caelestis.
1128 1067 1236 1131 Qui
1288 1083 1394 1136 per
1440 1081 1703 1120 errorem
1749 1065 2054 1118 existima-

393 1167 528 1216 rent
558 1159 778 1214 multos
809 1173 940 1211 esse
971 1155 1136 1214 deos.
1163 1171 1366 1209 eorum
1399 1170 1578 1208 causa
1610 1156 1735 1208 [HEC
1768 1154 1849 1208 ait
1872 1151 1918 1186 ²⁰
1944 1169 1956 1205 :
1986 1153 2056 1207 Ut

391 1253 753 1322 cognoscant
775 1253 828 1300 te
853 1246 1048 1299 solum
1075 1261 1276 1298 verum
1308 1245 1514 1310 Deum,
1539 1249 1597 1296 et
1629 1259 1804 1313 quem
1837 1240 2052 1295 misisti

2167 615 2514 687 οἰκτίρμονες
2546 618 2622 678 ὡς
2655 617 2745 672 καὶ
2778 619 2806 672 6
2847 619 3030 693 Πατὴρ
3065 619 3215 690 ὑμῶν
3264 617 3292 671 6
3343 615 3610 690 οὐράνιος.
3646 617 3743 672 Διὰ
3774 615 3833 672 δὲ

2162 703 2290 766 τοὺς
2324 707 2720 777 ἀπατωμένους
2751 705 3000 768 πολλοὺς
3053 707 3206 767 θεοὺς
3258 705 3524 784 ὑπάρχειν
3559 702 3684 783 ἔφη.
3716 709 3833 763 Ἵνα

2161 795 2474 866 γινώσκωσί
2523 817 2579 850 σε
2627 797 2717 851 τὸν
2773 797 2938 868 μόνον
2990 795 3251 864 ἀληθινόν
3303 797 3453 864 Θεὸν,
3503 797 3590 850 καὶ
3636 797 3694 849 δν
3724 795 3824 851 άπ-

2164 875 2412 945 ἔστειλας
2442 885 2650 952 Ἰησοῦν
2680 886 2932 957 Χριστὸν,
2963 885 3051 939 καὶ
3101 883 3549 961 ἐξομολογοῦμαι
3580 904 3684 950 σοι,
3722 883 3826 938 Πά-

2163 991 2256 1043 τερ
2289 974 2456 1046 Κύριε
2480 978 2577 1026 τοῦ
2609 975 2844 1048 οὐρανοῦ
2891 973 2980 1028 καὶ
3026 981 3126 1042 τῆς
3163 981 3286 1049 γῆς.
3340 975 3439 1028 Καὶ
3473 972 3659 1046 μέντοι
3689 972 3828 1046 πρὸς

2163 1061 2255 1115 τὸν
2303 1059 2724 1136 ἐπερωτήσαντα
2774 1064 3104 1138 γραμματέα
3154 1062 3286 1117 ποία
3329 1061 3442 1118 ἐστὶ
3483 1063 3675 1137 πρώτη
3728 1082 3828 1116 πα-

2163 1154 2270 1203 σῶν
2321 1147 2579 1220 ἐντολῶν,
2643 1151 2934 1226 ἀπεκρίθη’
2991 1153 3212 1220 Ἀκουε,
3267 1149 3512 1226 Ἰσραὴλ,
3567 1149 3767 1224 Κύριος
3801 1149 3828 1203 6

2166 1238 2298 1298 Θεός
2332 1259 2427 1292 σου
2463 1239 2664 1312 Κύριος
2699 1242 2776 1302 εἷς
2809 1239 2942 1298 ἐστι.

390 1340 590 1395 Jesum
659 1337 988 1391 Christum.
1047 1337 1193 1390 Item
1247 1333 1506 1404 prmdico
1562 1338 1619 1386 te
1677 1333 1869 1397 Pater,
1920 1329 2153 1384 Domini
2206 1329 2337 1382 θα)ὶὶ
2389 1335 2447 1384 et
2501 1337 2695 1386 terra).
2750 1336 2940 1402 Atque
2994 1331 3168 1386 etiam
3203 1331 3410 1386 scriba:
3444 1330 3828 1402 interroganti

391 1427 696 1500 quodnam
757 1431 914 1480 esset
971 1424 1229 1495 primum
1287 1421 1433 1493 legis
1493 1426 1877 1492 praeceptum,
1938 1417 2248 1488 respondit
2282 1418 2367 1472 2'z

392 1523 507 1573 est.

469 1608 760 1660 Caaterum
819 1603 1020 1658 Simon
1078 1602 1286 1656 videns
1344 1619 1379 1657 a
1435 1603 1605 1655 Petro
1647 1617 1709 1654 se
1751 1615 2054 1654 sacrarum

399 1695 757 1750 Litterarum
791 1691 1152 1746 testimoniis
1184 1691 1242 1744 in
1293 1689 1695 1762 disputatione
1739 1687 1809 1743 de
1849 1695 1960 1742 Deo
1991 1688 2054 1741 in

401 1789 631 1839 arctum
691 1781 839 1853 cogi,
901 1781 1112 1835 nolens
1162 1778 1458 1851 judicium
1529 1778 1602 1833 de
1650 1778 2057 1833 controversia

405 1872 558 1942 ﬁeri,
600 1871 790 1925 victus
820 1886 956 1925 cum
1005 1885 1218 1941 magno
1262 1868 1553 1923 dedecore
1597 1884 1726 1922 sese
1762 1866 2061 1921 subduxit.

408 1963 547 2016 Erat
586 1961 746 2015 enim
779 1958 1238 2014 scelestissimus
1269 1957 1394 2025 ille,
1427 1956 1857 2012 diabolicarum
1889 1957 2067 2010 eti‘ec-

409 2051 640 2106 tionum
690 2047 1192 2103 instructissimus
1272 2046 1506 2117 peritia,
1576 2045 1680 2100 sed
1740 2044 2068 2115 spiritualis

407 2139 690 2195 doctrina)
723 2153 953 2208 expers.
987 2137 1214 2206 Quippe
1241 2135 1389 2190 adeo
1425 2135 1536 2190 fuit
1568 2134 1818 2205 magicis
1844 2133 2071 2188 artibus

403 2245 472 2284 ac
505 2229 734 2282 Satanas
783 2225 1098 2296 praestigiis
1151 2225 1530 2288 exercitatus,
1583 2229 1647 2277 ut
1714 2239 1920 2278 eorum
1971 2226 2071 2292 qui
2115 2246 2122 2247 ί

403 2323 541 2372 ante
599 2314 912 2370 diabolicis
969 2312 1229 2367 inventis
1309 2328 1377 2367 ac
1437 2312 1750 2367 maleﬁciis
1805 2311 2072 2366 celebres

401 2406 646 2461 fuerunt
676 2418 854 2457 nemo
886 2403 1062 2457 facile
1093 2419 1229 2457 cum
1284 2417 1352 2455 eo
1385 2401 1641 2456 conferri
1676 2405 1896 2472 posset.
1929 2401 2075 2454 Nam

405 2501 614 2551 statua;
645 2499 711 2548 ut
739 2493 1088 2548 incederent
1140 2491 1462 2555 efﬁciebat,
1503 2497 1562 2545 et
1591 2491 1651 2545 in
1684 2491 1882 2562 ignem
1913 2490 2079 2544 volu-

406 2589 567 2640 tatus
597 2599 716 2638 non
742 2582 1047 2645 urebatur,
1110 2581 1171 2634 in
1205 2596 1402 2635 aerem
1447 2579 1816 2644 subvolabat,
1850 2579 2076 2649 lapides

407 2674 468 2726 in
499 2687 685 2742 panes
717 2671 1113 2736 convertebat,
1175 2669 1352 2723 draco
1416 2668 1613 2734 fiebat,
1675 2668 1734 2722 in
1780 2684 1991 2722 aurum
2022 2655 2078 2721 et

410 2761 472 2816 in
503 2777 726 2832 angues
747 2759 983 2830 aliaque
1011 2758 1295 2814 animalia
1324 2757 1697 2823 mutabatur,
1722 2757 1868 2810 duas
1900 2756 2081 2810 facies

412 2848 676 2921 gerebat,
708 2847 868 2902 fores
904 2846 1174 2901 occlusas
1211 2846 1363 2900 369
1421 2851 1474 2898 et
1524 2843 1787 2899 vectibus
1818 2844 2082 2898 ﬁrmatas

413 2936 739 3007 aperiebat,
799 2936 991 2991 ferrea
1048 2934 1291 2988 vincula
1359 2933 1641 3000 solvebat,
1693 2932 1753 2987 in
1802 2932 2084 2988 conviviis

415 3027 737 3084 simulacra
759 3027 1143 3096 omnigenum
1165 3025 1490 3079 formarum
1527 3023 1852 3091 statuebat;
1872 3025 1929 3077 ef
1933 3024 2086 3078 ﬁcie-

414 3119 516 3174 bat
545 3124 611 3174 ut
640 3117 801 3173 domi
832 3117 1234 3170 instrumenta
1279 3130 1385 3168 sua
1426 3119 1635 3184 sponte
1684 3113 1759 3168 ad
1800 3114 2074 3168 ministe-

2427 1419 2578 1474 Audi
2640 1421 2840 1485 Israel,
2903 1421 3192 1476 Dominus
3246 1421 3414 1475 Deus
3465 1425 3600 1474 tuus
3629 1418 3842 1473 unicus

2236 1597 2296 1652 Ὀ
2330 1593 2387 1651 δὶ
2418 1596 2608 1669 Σίμων
2667 1594 2897 1652 συνιδὼν
2937 1596 3020 1653 ὅτι
3074 1601 3102 1654 6
3160 1600 3360 1670 Πέτρος
3423 1595 3581 1652 αὐτὸν
3611 1558 3830 1670 συνάγει

2163 1695 2281 1750 ταῖς
2343 1695 2580 1766 Γραφαῖς
2639 1689 2714 1753 εἰς
2769 1691 2861 1744 τὸν
2919 1691 3043 1765 περὶ
3105 1691 3238 1746 Θεοῦ
3298 1689 3485 1766 λόγον,
3543 1687 3834 1762 ἐξετασμὸν

2095 1817 2141 1880 Β
2169 1779 2408 1852 γενέσθαι
2446 1780 2520 1848 μὴ
2557 1777 2793 1849 θελήσας
2827 1781 3149 1859 ἀνεχώρησε
3203 1780 3337 1852 μετά
3384 1777 3604 1846 πολλῆς
3646 1777 3838 1852 αἰσχύ-

2173 1888 2270 1935 νης
2301 1868 2387 1921 καὶ
2420 1867 2615 1936 ἣττης.
2664 1873 2764 1923 Ἦν
2819 1869 2924 1943 γάρ
2974 1870 3001 1923 6
3051 1868 3331 1943 ἐξάγιστος
3364 1866 3702 1943 πολύπειρος
3735 1869 3834 1939 μὲν

2177 1955 2229 2009 ἐν
2285 1961 2403 2017 ταῖς
2463 1952 2810 2019 διαϐολικαῖς
2867 1957 3187 2032 ἐνεργείαις,
3248 1956 3471 2031 ἄπειρος
3529 1955 3588 2011 δὲ
3637 1956 3690 2010 έν
3721 1961 3840 2018 ταῖς

2177 2051 2564 2115 πνευματικαῖς
2625 2043 3024 2110 διδασκαλίαις.
3077 2048 3180 2104 Καὶ
3233 2047 3338 2121 γὰρ
3399 2047 3572 2107 οὕτως
3615 2045 3846 2116 ἐξησκη-

2183 2133 2340 2205 μένος
2371 2135 2439 2202 ἦν
2493 2135 2548 2188 ἐν
2600 2141 2720 2197 ταῖς
2783 2136 3035 2213 μαγείαις
3068 2137 3157 2190 καὶ
3196 2133 3502 2208 μεθοδείαις
3535 2139 3632 2190 τοῦ
3671 2138 3845 2190 Σατᾶν

2182 2222 2258 2282 ὡς
2291 2223 2390 2276 οὐκ
2421 2221 2593 2284 ἄλλος
2624 2243 2706 2284 τις
2738 2230 2845 2278 τῶν
2905 2225 3012 2299 πρὸ
3071 2226 3234 2280 αὐτοῦ
3293 2221 3490 2303 σχεδὸν
3549 2225 3672 2298 περὶ
3724 2228 3845 2285 ταῖς

2184 2306 2529 2373 διαϐολικαῖς
2584 2314 2850 2374 ἐπινοίαις
2915 2315 3006 2368 καὶ
3065 2314 3421 2390 κακουργίαις
3480 2309 3846 2384 διαϐεϐοημέ-

2185 2421 2314 2455 νων.
2377 2398 2723 2473 Ἀνδριάντας
2792 2402 2894 2476 γὰρ
2978 2402 3149 2457 ἐποίει
3207 2407 3548 2475 περιπατεῖν,
3604 2401 3680 2462 εἷς
3737 2406 3844 2476 πῦρ

2185 2486 2517 2560 κυλιόμενος
2575 2489 2676 2544 οὐκ
2727 2489 2955 2558 ἐκαίετο,
3012 2491 3087 2552 εἷς
3139 2490 3271 2565 ἀέρα
3296 2491 3517 2556 ἵπτατο,
3565 2488 3624 2543 ἐκ
3675 2487 3844 2552 λίθων

2185 2572 2382 2649 ἄρτους
2424 2575 2617 2647 ἐποίει,
2669 2575 2880 2651 δράκων
2923 2579 3156 2652 ϊγίνετο,
3209 2579 3284 2640 εἰς
3342 2579 3544 2654 χρυσὸν
3580 2573 3845 2650 μετεϐάλ-

2187 2662 2335 2734 λετο,
2368 2666 2458 2718 καὶ
2520 2665 2597 2725 εἷς
2660 2665 2811 2737 ὄφεις
2870 2668 2960 2720 καὶ
3021 2665 3178 2740 ἔτερα
3230 2671 3343 2736 ζῶα
3404 2669 3840 2744 μετεμορφοῦτο,

2187 2751 2539 2827 διπρόσωπος
2594 2754 2817 2829 ἐγίνετο,
2869 2757 3031 2830 θύρας
3077 2754 3465 2828 κεκλεισμένας
3514 2755 3604 2810 καὶ
3670 2775 3848 2827 μεμο-

2188 2841 2496 2920 χλευμένας
2527 2844 2742 2917 ἤνοιγε,
2776 2843 2987 2916 σιδημᾶ
3043 2843 3214 2917 δεσμά
3246 2842 3484 2912 διέλυεν,
3528 2845 3580 2898 ἐν
3613 2842 3852 2904 δείπνοις

2189 2930 2398 2988 εἷ’δωΛα
2456 2931 2820 2989 παντοδαπῶν
2906 2935 3064 2990 ἰδεῶν
3151 2936 3412 3010 παρίστα,
3470 2939 3536 2989 τά
3592 2933 3644 2989 ἐν
3705 2935 3853 3006 οἰκίᾳ

2191 3024 2359 3092 σκεύη
2416 3022 2738 3096 αὐτομάτως
2799 3024 3049 3097 φέρεσθαι
3106 3027 3241 3099 πρὸς
3301 3025 3596 3097 ὑπηρεσίαν
3678 3022 3849 3078 ἐποίει

2192 3115 2299 3166 τῶν
2358 3111 2631 3190 φερόντων
2688 3113 2796 3188 οὐχ
2853 3115 3166 3188 ὁρωμένων,
3229 3117 3380 3176 σκιάς
3439 3112 3655 3175 πολλὰς
3715 3133 3856 3188 προ-

413 3209 571 3264 rium
602 3207 920 3274 ferrentur,
946 3205 1186 3260 nemine
1211 3208 1532 3275 apparente
1563 3203 1663 3273 qui
1696 3219 1766 3257 ea
1793 3206 2069 3274 gestaret;

2187 3203 2436 3274 ηγεῖσθαι
2479 3200 2644 3255 αὐτοῦ
2693 3204 3108 3273 παρεσκεύαζεν,
3156 3203 3325 3276 ἅσπερ
3385 3205 3565 3278 ψυχὰς
3607 3209 3715 3258 τῶν
3767 3224 3858 3258 τε-

413 3296 713 3353 efﬁciebat
744 3296 922 3350 etiam
955 3299 1020 3348 ut
1051 3310 1113 3348 se
1145 3292 1346 3349 multm
1389 3291 1618 3347 umbra
1667 3291 2072 3362 praecederent

414 3403 562 3458 quas
623 3385 858 3440 dicebat
914 3400 1042 3438 esse
1094 3382 1326 3438 animas
1383 3381 1822 3436 defunctorum.
1857 3379 2071 3434 Multos

413 3475 514 3546 qui
547 3474 745 3545 ipsum
777 3471 1270 3543 praestigiatorem
1305 3476 1363 3524 et
1392 3470 1776 3542 impostorem
1822 3469 2071 3522 demon-

415 3569 602 3618 strare
635 3561 834 3616 conati
864 3560 1120 3626 fuerant,
1147 3559 1424 3613 simulato
1457 3575 1593 3613 cum
1628 3558 1700 3612 iis
1731 3558 1793 3612 in
1821 3557 2071 3628 gratiam

413 3649 611 3706 reditu
669 3647 743 3702 ad
802 3648 1134 3702 convivium
1194 3646 1478 3711 invitavit,
1511 3662 1578 3700 ac
1619 3645 1761 3699 bove
1815 3649 2072 3699 mactato

419 3739 574 3793 varie
606 3738 680 3792 iis
711 3735 980 3791 tractatis
1038 3735 1278 3790 morbos
1326 3734 1714 3790 difﬁcillimos
1771 3740 1829 3787 et
1886 3733 2074 3786 malos

415 3830 620 3901 genios
653 3827 923 3891 immisit,
955 3843 1023 3881 ac
1081 3826 1340 3896 plurima
1397 3826 1516 3880 alia
1563 3825 1704 3879 fecit
1741 3824 2073 3878 ministerio

418 3921 777 3976 daemonum.
799 3918 941 3974 Cum
968 3917 1286 3987 aliquando
1309 3933 1342 3971 a
1366 3918 1594 3971 Caesare
1617 3920 1984 3986 quaereretur
1999 3914 2073 3969 ad

419 4009 776 4080 supplicium
801 4013 866 4060 ut
888 4007 1198 4078 impostor,
1224 4006 1470 4077 aufugit,
1505 4021 1609 4059 sua
1641 4005 1831 4058 forma
1861 4005 2072 4058 Fausto

417 4098 576 4153 Petri
599 4097 889 4167 discipulo
918 4096 1196 4167 imposita
1221 4112 1236 4160 ;
1271 4096 1438 4165 isque
1461 4095 1710 4149 Faustus
1736 4093 1808 4148 ad
1839 4095 2072 4148 Petrum

415 4204 686 4242 reversus
719 4187 792 4240 ab
823 4185 1104 4241 omnibus
1137 4201 1242 4256 pro
1276 4184 1512 4239 Simone
1546 4183 1783 4238 habitus
1815 4182 2072 4253 exagita-

415 4278 616 4333 batur.
649 4279 836 4340 Quem
869 4278 1078 4330 Petrus
1109 4275 1382 4341 intuitus,
1402 4280 1468 4328 ut
1489 4273 1716 4328 tristem
1749 4273 2078 4343 lacryman-

417 4373 658 4437 temque
688 4365 850 4430 vidit,
887 4365 1111 4430 Simon,
1145 4363 1360 4434 inquit,
1395 4365 1590 4434 Magus
1623 4368 1805 4430 tuam,
1842 4363 2075 4426 Fauste,

419 4456 672 4511 formam
732 4453 1032 4524 pervertit.
1094 4455 1354 4506 Metuens
1414 4451 1575 4506 enim
1633 4450 1767 4517 sibi,
1827 4449 1985 4520 quod
2043 4465 2078 4503 a

2186 3291 2439 3344 θνεώτων
2471 3285 2695 3368 ἔφασκεν
2748 3291 2904 3350 εἶναι.
2967 3292 3204 3348 Πολλῶν
3266 3291 3325 3347 δὲ
3381 3293 3557 3368 γόητα
3586 3293 3675 3348 καὶ
3723 3291 3871 3348 πλά-

2184 3399 2276 3432 νον
2337 3377 2497 3432 αὐτὸν
2553 3377 2807 3454 ἐλέγχειν
2894 3381 3279 3456 πειρώμένων,
3358 3381 3655 3454 διαλλάξας
3722 3382 3863 3456 πρὸς

2189 3466 2399 3534 ἑαυτὸν,
2458 3463 2646 3521 ἔπειτα
2693 3470 2958 3544 προφάσει
3047 3470 3287 3548 εὐωχίας
3353 3471 3482 3546 βοῦν
3541 3471 3703 3533 θύσας
3761 3469 3851 3525 καὶ

2190 3553 2438 3613 ἑστιάσας
2470 3553 2668 3617 αὐτοὺς
2729 3554 3007 3634 διαφόρως
3068 3555 3346 3621 δυσιάτοις
3402 3559 3584 3620 νόσοις
3614 3559 3704 3615 καὶ
3738 3558 3858 3614 δαί-

2192 3662 2349 3714 μοσιν
2413 3637 2674 3700 ὑπέϐαλε.
2741 3646 2841 3701 Καὶ
2901 3645 3048 3702 ἄλλα
3103 3647 3336 3702 πλεῖστα
3393 3649 3676 3723 εἰργάσατο
3716 3660 3849 3712 καθ-

2193 3730 2618 3805 υπουργούντων
2675 3733 2823 3807 αὐτῷ
2879 3740 2988 3790 τῶν
3039 3733 3332 3809 δαιμόνων.
3401 3738 3505 3794 Καὶ
3561 3739 3694 3812 γοῦν
3723 3738 3858 3793 ποτε

2194 3819 2528 3892 ζητούμενος
2592 3823 2695 3877 ὑπὸ
2755 3829 2853 3878 τοῦ
2911 3825 3182 3900 Καίσαρος
3236 3827 3310 3888 ὡς
3369 3826 3574 3889 πλάνος
3631 3825 3856 3901 ἀπέδρα,

2187 3909 2288 3975 τήν
2326 3911 2544 3988 μορφὴν
2600 3912 2765 3966 αὑτοῦ
2817 3913 3060 3986 περίθεὶς
3093 3915 3328 3988 Φαύστῳ
3377 3919 3594 3989 μαθητῇ
3627 3918 3854 3991 Πέτρου.

2192 3997 2297 4053 Καὶ
2359 3998 2518 4061 οὗτος
2579 3998 2897 4064 ἐπανελθὼν
2958 4003 3094 4076 πρὸς
3173 4005 3267 4058 τὸν
3338 4006 3540 4080 Πέτρον
3596 4003 3854 4061 ἐδιώκετο

2193 4087 2295 4140 ὑπὸ
2340 4089 2556 4142 πάντων
2621 4087 2709 4144 διὰ
2763 4093 2864 4160 τὴν
2921 4092 3134 4147 ἀνόσιον
3195 4091 3338 4148 ἰδέαν
3395 4093 3462 4163 ἦν
3526 4095 3850 4170 περιέκειτο.

2191 4171 2509 4249 Ἐμῦλέψας
2559 4175 2615 4232 δὲ
2665 4179 2692 4232 6
2742 4181 2946 4254 Πέτρος
2998 4181 3074 4244 εἰς
3121 4182 3306 4247 αὐτὸν,
3338 4185 3427 4237 καὶ
3475 4181 3850 4240 ἰδὼνλυπού-

2196 4284 2356 4336 μενον
2389 4266 2477 4319 καὶ
2518 4264 2844 4339 δακρύοντα,
2892 4267 3016 4346 ἔφη’
3067 4272 3194 4326 Ὑπὸ
3227 4272 3500 4346 Σίμωνος,
3541 4272 3587 4326 ὦ
3619 4280 3850 4348 Φαῦστε,

2192 4357 2292 4407 τοῦ
2327 4354 2504 4429 μάγου
2565 4358 2599 4424 ἡ
2661 4356 2995 4434 παραλλαγή
3056 4367 3158 4430 τῆς
3221 4369 3438 4437 μορφῆς
3497 4384 3592 4416 σου
3642 4363 3848 4439 γέγονε·

2194 4441 2527 4513 ζητούμενος
2557 4448 2656 4520 γάρ
2720 4447 2823 4501 ὑπὸ
2885 4447 3148 4524 Καίσαρος
3202 4445 3462 4525 φοϐηθεὶς
3520 4447 3703 4530 ἔφυγε,
3750 4455 3850 4522 τὴν

419 4545 647 4599 Caesare
681 4517 1078 4612 quaerebatur,
1117 4541 1363 4612 aufugit,
1389 4555 1494 4595 sua
1523 4541 1715 4595 forma
1745 4517 1862 4594 tibi
1882 4539 2070 4609 impo-

2187 4530 2378 4584 ἑαυτοῦ
2433 4553 2519 4586 σοι
2581 4537 2799 4612 μορφήν
2879 4538 3144 4612 περιθεὶς,
3192 4537 3289 4594 τίνα
3347 4544 3442 4593 σοῦ
3501 4540 3856 4616 συσχεθέντος

422 4633 554 4695 sita,
612 4637 679 4686 ut
736 4636 790 4684 te
849 4636 1018 4701 capto
1073 4636 1250 4700 atque
1309 4636 1517 4684 necato
1561 4630 1619 4683 in
1655 4644 1931 4700 magnum
1966 4644 2075 4681 nos

421 4720 691 4776 dolorem
722 4725 780 4774 et
809 4719 1207 4774 calamitatem
1239 4718 1579 4789 conjiceret.
1605 4716 1717 4773 Sed
1750 4719 1904 4772 Deus
1938 4732 2070 4769 mox

424 4815 480 4866 te
502 4809 663 4864 illius
684 4808 969 4879 populum
989 4807 1327 4862 seducentis
1345 4806 1724 4876 veritatisque
1747 4805 2071 4860 adversarii

423 4901 616 4955 forma
645 4897 963 4952 liberatum
998 4903 1110 4951 tuas
1141 4896 1432 4949 restituet.
1485 4895 1667 4965 quue
1717 4895 1799 4949 ita
1827 4895 2070 4960 factum,

420 4991 594 5044 Petro
627 4987 820 5043 adhuc
852 4986 1156 5056 loquente,
1177 4985 1454 5039 omnibus
1476 4985 1648 5038 nobis
1669 4984 2070 5039 cernentibus.

418 5081 553 5134 Haec
611 5084 668 5132 et
710 5077 830 5132 alia
887 5075 1108 5130 similia
1139 5075 1351 5128 horum
1403 5074 1462 5128 in
1513 5074 1678 5144 Syria
1708 5073 1866 5128 dicta
1895 5079 2072 5143 atque

414 5167 572 5223 facta
598 5165 783 5220 fuisse
817 5163 1092 5218 Clemens
1124 5161 1383 5232 scripsit.

489 5347 599 5402 Sed
629 5349 829 5402 Romae
887 5361 1044 5410 cum,
1099 5343 1184 5397 uti
1235 5341 1572 5407 retulimus,
1632 5342 1839 5395 Petrus
1897 5346 2074 5411 atque

419 5436 621 5490 Simon
654 5453 686 5490 a
715 5437 945 5490 Nerone
978 5437 1180 5487 essent
1236 5431 1478 5503 egressi,
1513 5429 1714 5484 Simon
1748 5431 1919 5484 Petro
1951 5431 2073 5485 ait:

423 5528 486 5577 tu
548 5524 847 5578 Christum
912 5525 1095 5578 Deum
1162 5527 1329 5576 tuum
1400 5520 1601 5590 inquis
1700 5521 1756 5573 in
1859 5519 2072 5574 caelum

501 5730 550 5803 ιτ,
577 5729 777 5784 Matth.
812 5745 890 5796 Ix,
928 5731 990 5784 l3
1019 5747 1032 5796 ;
1063 5745 1165 5794 xu,
1197 5733 1248 5783 ‘7.
1330 5729 1375 5765 η
1405 5728 1540 5784 Luc.
1575 5745 1651 5795 γι,
1685 5729 1773 5782 36,

1853 5726 1902 5761 ³ο
1930 5729 2144 5786 Joann.
2178 5745 2308 5798 xvn,
2343 5731 2394 5785 3.

2183 4620 2270 4674 καὶ
2334 4620 2708 4696 ἀναιρεθέντος
2769 4623 2951 4696 λύπην
3013 4627 3265 4704 μεγάλην
3319 4631 3408 4684 καὶ
3470 4632 3656 4704 θλῖψιν
3715 4634 3852 4703 ἡμῖν

2179 4709 2508 4785 προξενήσῃ.
2571 4711 2729 4768 Ἀλλ’
2795 4716 2823 4769 6
2885 4716 3014 4777 Θεὸς
3075 4721 3178 4782 τῆς
3235 4723 3331 4772 τοῦ
3391 4717 3712 4773 λαοπλάνου
3765 4729 3854 4782 καὶ

2182 4797 2384 4873 ἐχθροῦ
2414 4807 2514 4869 τῆς
2565 4801 2824 4872 ἀληθείας
2887 4805 3143 4878 Σίμωνος
3203 4804 3518 4876 ἀπαλλάξας
3550 4826 3606 4858 σε
3640 4813 3855 4882 μορφῆς

2180 4889 2278 4955 τὴν
2341 4889 2608 4964 προτέραν
2679 4893 2770 4946 καὶ
2831 4891 2973 4948 ἰδίαν
3025 4916 3108 4948 σοι
3166 4893 3384 4966 παρέξει
3429 4893 3642 4968 τάχιον.
3685 4898 3856 4968 ’Όπερ

2182 4971 2248 5044 δή
2313 4977 2402 5030 καὶ
2473 4977 2565 5032 σὺν
2623 4983 2704 5051 τῷ
2770 4977 2920 5055 λόγῳ
2977 4981 3183 5054 γέγονε,
3244 4981 3459 5034 πάντων
3519 4983 3678 5053 ἡμῶν
3719 4984 3856 5036 θεω-

2183 5065 2438 5137 ρούντων.
2475 5069 2663 5124 Ταῦτα
2725 5068 2912 5142 μέντοι
2944 5071 3031 5123 καὶ
3087 5067 3244 5140 ἕτερα
3296 5075 3519 5125 τοιαῦτα
3573 5073 3854 5148 γεγράφη-

2183 5178 2292 5222 κεν,
2353 5159 2428 5221 ὡς
2487 5157 2640 5237 ἔφην,
2696 5162 2932 5232 Κλήμης
2991 5159 3256 5238 λεχθῆναι
3306 5161 3408 5214 καὶ
3455 5165 3771 5240 πραχθῆναι
3801 5161 3852 5216 ἐν

2184 5247 2368 5320 Συρίᾳ.

2253 5341 2337 5396 Ῥ.
2374 5339 2501 5410 2H]
2535 5339 2626 5394 Ἐν
2666 5335 2723 5391 δὲ
2753 5340 2821 5410 τῇ
2851 5336 3070 5412 Ῥώμῃ,
3131 5339 3265 5412 μετὰ
3294 5339 3356 5392 τὸ
3387 5334 3726 5408 ἐκϐληθῆναι
3758 5338 3854 5392 αὖ·

2181 5428 2308 5489 τοὺς
2341 5429 2445 5483 ἀπὸ
2478 5428 2784 5501 προσώπου
2819 5425 3094 5500 Νέρωνος,
3128 5427 3204 5488 ὡς
3238 5427 3584 5501 προείρηται,
3621 5429 3733 5482 εἶπε
3761 5427 3852 5482 Σί-

2189 5541 2306 5592 μων
2326 5523 2406 5591 τῷ
2433 5518 2639 5592 Πέτρῳ
2661 5519 2839 5595 Ἔφης
2863 5518 2944 5571 δτι
2969 5517 3199 5591 Χριστὸς
3225 5518 3253 5572 6
3275 5518 3405 5579 Θεός
3429 5538 3525 5571 σου
3547 5517 3850 5597 ἀνελήφθη.

2472 5728 2518 5765 ¹¹
2552 5729 2724 5783 Marc.
2761 5742 2860 5794 xu,
2891 5725 2982 5780 29.
