2077 3220
178 211 250 242 409

754 207 1030 239 HISTORIARUM
1052 206 1322 237 COMPENDIUM.

1846 203 1906 234 410

178 277 246 306 ἰδοὺ
267 275 345 315 κάγὼ
361 273 604 313 ἀναλαμϐάνομαι.
632 274 684 304 Καὶ
713 273 780 303 ῒδὼν
810 274 891 302 αδτὸν
919 274 1021 311 Πέτρος

1080 274 1158 302 810
1172 274 1265 302 fuisse
1280 272 1456 302 sublatum?
1470 272 1513 300 En
1528 271 1591 308 ipse
1608 279 1725 307 quoque
1754 271 1786 299 in
1800 271 1909 299 ccelum

180 322 390 361 ιουιριζὸμενον
408 319 453 348 διὰ
468 324 519 356 τῆς
547 320 659 358 μαγείας
685 320 722 350 εἰς
750 320 797 347 τὸν
814 320 879 357 ἀέρα
894 319 919 346 ἐν
948 318 1022 355 μέσῳ

182 371 237 402 τῆς
253 366 362 397 πόλεως
379 366 504 402 Ῥώμης,
534 363 646 400 ηὔξατο,
676 364 721 391 καὶ
737 364 815 396 εὐθὺς
842 363 932 391 πεσὼν
946 364 960 391 ὁ
976 363 1023 391 Σί-

187 423 250 449 μων
264 411 310 439 καὶ
336 408 490 448 συντριϐεὶς
514 409 652 438 ἀπέθανεν.
669 409 699 438 Ὀ
726 407 754 436 δὶ
780 407 864 439 τόπος
890 408 991 442 ἔκτοτε,
1007 408 1022 435 ὁ

184 455 335 492 δεξάμενος
350 454 434 482 αὐτοῦ
457 454 489 482 τὸ
520 451 640 492 βέϐηλον
670 454 716 481 καὶ
744 453 904 490 παμμίαρον
930 455 1022 489 σῶμα,

183 501 294 536 ἐκλήθη
334 499 467 536 ιῑιμώνιον
483 522 489 528 .
517 499 581 533 Περὶ
621 498 652 526 οὗ
679 498 705 526 ἐν
732 501 792 529 ταῖς
823 497 1022 529 ἆποστολικαῖς

185 545 339 580 διατάξεσιν
357 545 371 572 ὸ
389 544 474 582 μέγας
504 543 658 574 ἀπόστολος
692 542 794 580 Πέτρος
823 542 897 570 οὕτω
926 542 1022 579 φάσκει

184 591 218 618 Ἦ
235 589 266 617 δὲ
281 589 407 627 καταρχή
432 591 487 616 τῶν
515 588 581 616 νέων
611 587 740 625 αἱρέσεων
769 587 877 626 γέγονεν
906 586 959 614 ἀπὸ
975 586 1021 614 Σί-

188 645 282 673 μωνος
300 633 346 662 τοῦ
363 634 462 671 μάγου,
487 633 518 665 ’ὸς
531 633 577 661 καὶ
592 632 618 660 ἐν
636 632 722 670 Συρίᾳ
752 630 844 659 πολλὰ
874 630 1023 669 διαπραξά-

189 691 274 718 μενος
299 678 387 708 ἄτοπα
427 679 472 706 καὶ
509 678 534 706 ἐν
567 679 662 715 Ῥώμῃ
694 678 843 715 γενόμενος
872 677 942 705 πολὺ
972 678 1021 711 τήν

186 724 354 760 Ἐκκλησίαν
398 723 496 752 ἕσκυλε
536 722 580 751 διὰ
619 723 732 761 μαγείας
776 723 820 750 καὶ
860 719 1023 756 ὂιαϐολικῆς

187 769 325 809 ἰνεργείας
341 769 386 796 καὶ
401 768 556 805 ἐμπειρίας.
577 768 621 795 Ἐν
654 768 700 805 μὲν
732 768 783 805 γὰρ
811 766 959 804 Καισαρείᾳ
988 769 1021 803 τῇ

192 815 351 852 Στράτωνος
367 813 431 850 ἐμοὶ
456 814 549 850 Πέτρῳ
580 813 720 852 συντυχὼν
748 814 874 849 ἔπειρᾶτο
898 811 1023 849 διαστρέ-

189 869 251 899 φειν
274 858 318 887 τὸν
348 858 434 896 λόγον
461 860 510 886 τοῦ
538 860 605 884 Θεοῦ
621 878 628 891 ,
668 858 865 894 συμπαρόντων
894 867 942 892 μοι
969 859 1022 883 τῶν

187 904 270 941 ἱιρῶν
283 903 394 937 τέκνων,
416 902 576 940 Ζακχαρίου
590 904 638 929 τοῦ
651 912 717 929 ποτε
741 901 862 929 τελώνου
891 901 935 928 καὶ
952 904 1020 936 Βαρ-

184 946 269 984 νάϐα,
285 948 330 976 καὶ
346 946 450 976 Ἀκύλα
469 945 589 985 ἀδελφοῦ
619 946 778 982 Κλήμεντος
808 948 857 973 τοῦ
872 946 1023 987 Ῥωμαίου¹
1041 957 1064 989 Β

185 992 411 1030 patina-Scuto:
427 990 456 1019 δὶ
470 991 513 1018 καὶ
545 991 644 1027 Παύλῳ
672 993 710 1027 τῷ
726 989 924 1026 συναποστόλῳ
940 992 1019 1026 ἡμῶν

183 1038 232 1066 καὶ
245 1039 367 1075 συνεργῷ
389 1036 416 1064 ἐν
442 1039 482 1072 τῷ
508 1035 677 1074 Εὐαγγελίῳ·
708 1036 752 1062 καὶ
782 1035 875 1072 τρίτου
906 1035 946 1062 ἐπ’
976 1035 1019 1062 αὐ-

181 1085 240 1111 τῶν
267 1080 426 1119 διαλιχθιὶς
452 1081 525 1116 αὐτῷ
552 1081 583 1107 ὲκ
609 1083 663 1107 τῶν
706 1079 750 1107 διὰ
786 1082 840 1107 τῶν
870 1082 1018 1118 προφητῶν

182 1126 282 1165 λόγων
301 1126 427 1164 καὶπερὶ
457 1127 524 1153 Θεοῦ
556 1125 718 1162 μοναρχίας,
748 1126 852 1158 ἣττησα
881 1124 945 1150 αὐτὸ
973 1122 1019 1150 δυ-

178 1171 268 1209 νάμει
295 1172 344 1198 τοῦ
373 1171 479 1207 Κυρίου
509 1171 589 1206 ἡμῶν
621 1171 712 1204 Ἰησοῦ
737 1171 879 1207 Χριστοῦ,
908 1169 952 1196 καὶ
982 1168 1019 1199 εἰς

179 1216 308 1255 ἀφωνίαν
329 1213 482 1243 κατέϐαλον
505 1236 511 1249 ,
537 1213 644 1254 φυγάδα
672 1225 700 1241 τε
725 1214 804 1241 αὐτὸν
830 1214 869 1244 εἷς
902 1213 1018 1241 Ἰταλίαν

178 1264 351 1296 κατέστησα.
369 1259 518 1296 Γενόμενος
534 1258 575 1293 δὲ,
604 1259 640 1289 ὡς
672 1258 750 1297 ἔφην,
779 1258 804 1285 ἐν
835 1259 931 1295 Ῥώμῃ
948 1258 1019 1285 πολὺ

180 1306 236 1341 τὴν
267 1303 437 1340 Ἐκκλησίαν
476 1303 595 1341 ἐτάραξε,
640 1302 731 1330 πολλᾶ
773 1303 927 1339 ἀνατρέπων
975 1304 1019 1329 καὶ

183 1352 275 1386 ιαυτῷ
289 1348 528 1387 περιποιούμενος,
544 1348 577 1375 τὰ
602 1347 629 1374 δὲ
658 1344 719 1382 ἔθνη
747 1347 887 1383 ἐξιστάνων
918 1349 1019 1384 μαγικῇ

186 1395 272 1433 τᾶχνῃ
287 1395 333 1422 καὶ
349 1393 489 1430 δαιμόνων
505 1392 634 1430 ἐνεργείᾳ.
651 1395 698 1423 Ὃς
720 1392 765 1419 καὶ
791 1403 856 1419 ποτε
887 1391 1021 1429 μεσούσης

191 1439 298 1477 ἡμέρας
330 1437 474 1476 προελθὼν
500 1437 538 1467 εἰς
567 1437 598 1464 τὸ
627 1437 736 1473 θέατρον
775 1436 957 1473 ἐπηγγείλατο
986 1434 1021 1462 δι’

195 1484 275 1521 ἀέρος
302 1482 465 1517 ἀναπτῆναι,
493 1482 601 1509 πάντων
630 1482 823 1518 θαυμαζόντων
848 1481 890 1508 ἐπὶ
920 1481 1019 1516 τούτῳ.

196 1525 275 1563 Ἕγὼ
303 1523 332 1552 δὶ
355 1524 456 1562 Πέτρος
476 1524 536 1551 καθ’
551 1524 645 1550 ἑαυτὸν
670 1523 811 1560 ηὐχόμην.
844 1523 892 1549 Καὶ
923 1521 955 1557 81‘,
975 1533 1021 1559 με-

202 1568 420 1605 τιωρισθιῖςῦπὺ
446 1567 588 1604 δαιμόνων
612 1568 710 1595 ’ἔπτατο
740 1567 883 1605 μετάρσιος
911 1568 947 1598 εἷς
977 1568 1022 1594 τὸν

201 1612 279 1650 ἀέρα,
297 1611 377 1650 λέγων
392 1612 429 1644 εἰς
450 1613 515 1643 τοὺς
531 1612 660 1649 οὐρανοὺς
678 1612 779 1639 ἀνιέναι
810 1615 932 1643 κακεῑοεν
962 1616 1020 1643 τοῖς

194 1642 278 1688 λαοῖς
304 1642 336 1685 τέ
363 1642 452 1695 ἁγαὸᾶ
483 1642 709 1694 ἐπιχοιρηγήσειν.
736 1659 797 1685 Τῶν
827 1656 855 1684 δὲ
884 1642 1019 1693 έαιμόνων
1037 1642 1061 1674 C

189 1700 422 1739 ἕπευφημοόντων
453 1701 539 1728 αὐτῶν
569 1702 606 1732 ὡς
641 1702 715 1735 Θεὸν,
747 1701 864 1732 ἐκτείνας
895 1701 947 1739 ἐγὼ
976 1702 1022 1732 τὰς

188 1749 288 1784 χεῖρας
301 1746 341 1777 εἷς
365 1746 435 1783 ὓψος
461 1746 581 1773 ἱκέτευον
610 1746 656 1773 τὸν
691 1746 754 1773 Θεὸν
785 1745 945 1784 καταῤῥάξαι
975 1747 1020 1773 τὸν

188 1791 328 1828 λυμιῶνα.
343 1791 480 1821 Ἀτενίσας
496 1790 541 1818 οὖν
556 1791 632 1818 εἶπον
648 1793 688 1826 τῷ
705 1791 820 1827 Σίμωνι·
850 1791 879 1818 Et
904 1791 1021 1818 ἀπόστο-

188 1835 240 1866 λος
254 1836 349 1872 Ἰησοῦ
364 1838 486 1871 Χριστοῦ
498 1835 556 1872 εἶμι
571 1835 637 1872 ἐγὼ,
654 1835 699 1862 καὶ
716 1835 778 1872 οὐχὶ
804 1835 907 1866 πλάνος
931 1834 1022 1873 ὥσπερ

188 1880 234 1915 σὺ,
249 1880 356 1917 Σίμων,
369 1880 534 1918 προστάσσω
548 1882 607 1911 ταῖς
624 1883 758 1917 πονηραῖς
787 1879 929 1916 δυνάμεσιν
946 1880 1023 1919 ἀφεῖ-

186 1925 235 1953 ναί
261 1935 291 1953 σε
319 1927 370 1958 τῆς
399 1925 581 1963 κρατήσεως.
620 1925 672 1953 Καὶ
700 1927 782 1952 ταῦτα
812 1925 933 1956 εἶ’πόντος
970 1936 1022 1962 μου

187 1970 347 2008 κατηνέχθη
364 1971 425 2007 μετ’
439 1968 512 2007 ἤχου
537 1970 645 1997 πολΛοῦ
668 1970 712 1997 καὶ
742 1968 897 2007 συνετρίϐη
914 1971 959 1997 καὶ
974 1973 1022 1998 τοῦ

189 2015 284 2053 ὄχλου
300 2016 454 2053 βοήσαντος
478 2015 517 2046 εἶς
546 2015 610 2046 Θεὸς
639 2016 668 2042 ’ὸν
699 2015 801 2051 Πέτρος
828 2014 1022 2052 καταγγέλλει,

190 2059 281 2091 οὕτως
299 2061 317 2094 ἡ
342 2060 438 2096 πρώτη
466 2058 601 2094 κατελύθη
631 2062 684 2086 τῶν
713 2061 892 2095 Σιμωνιανῶν
919 2060 1023 2097 αἷρεσις

190 2105 221 2132 ἂν
235 2104 343 2142 Ῥώμῃ,
358 2103 404 2131 καὶ
418 2102 511 2131 τέλεον
526 2101 643 2138 ἀπέσϐη.
667 2104 713 2131 Διὸ
743 2103 775 2137 δὴ
792 2104 836 2131 καὶ
852 2104 901 2138 τήν
917 2104 1021 2141 ἡμέραν

191 2148 298 2178 ἐκείνου
338 2151 388 2177 τοῦ
415 2146 552 2176 σαϐϐάτου
589 2149 727 2184 ἐπίσημον
762 2147 855 2186 ἄγουσι
878 2149 1022 2184 Ῥωμαῖοι.

1077 319 1194 346 attolor.
1210 319 1281 347 Cum
1297 321 1397 347 autem
1414 319 1518 345 Petrus
1549 325 1617 345 eum
1646 316 1768 352 magicis
1795 316 1908 344 artibus

1077 364 1236 392 sublimem
1252 365 1284 392 in
1298 372 1398 392 aerem
1414 363 1513 391 eﬂerri
1528 362 1639 390 videret
1654 362 1686 389 in
1705 361 1803 389 medio
1819 362 1907 396 urbis

1077 409 1188 444 Romae,
1202 410 1296 437 Deum
1311 412 1449 445 precatus
1461 411 1514 443 est,
1528 410 1617 442 atque
1632 406 1789 435 confestim
1805 406 1909 434 Simon

1077 453 1198 488 decidit,
1215 454 1466 489 comminutisque
1495 461 1529 480 eo
1546 460 1616 480 casu
1644 451 1788 479 membris
1809 450 1908 486 periit.

1081 499 1173 526 Locus
1187 498 1238 534 qui
1263 499 1414 534 impurum
1444 498 1509 533 ejus
1539 500 1568 524 et
1596 496 1775 524 sceleratum
1802 503 1910 531 corpus

1077 543 1204 579 excepit,
1217 543 1282 579 jam
1304 543 1374 570 inde
1391 542 1557 571 Simonium
1587 540 1769 568 nominatur.
1796 540 1837 568 De
1852 539 1909 567 hoc

1077 596 1202 624 magnus
1218 588 1269 616 ille
1290 587 1444 623 apostolus
1461 588 1566 614 Petrus
1581 586 1612 613 in
1641 584 1909 613 Constitutionibus

1077 632 1247 668 apostolicis
1262 633 1303 660 ita
1312 632 1433 660 disserit
1449 640 1455 659 :
1470 631 1650 667 principium
1663 637 1807 657 novarum
1817 625 1910 657 haere-

1078 677 1154 704 sium
1172 686 1187 704 a
1200 677 1318 704 Simone
1334 678 1413 712 Mago
1427 676 1554 704 ducitur.
1572 676 1598 702 Is
1616 675 1684 702 etin
1707 674 1791 709 Syria
1815 674 1909 701 multa

1078 722 1246 757 prodigiose
1267 723 1347 756 fecit,
1373 726 1401 749 et
1416 723 1516 749 Roma:
1543 721 1663 756 magicis
1694 719 1910 754 diabolicisque

1078 767 1190 794 artibus
1201 767 1396 795 etcalliditate
1413 767 1574 794 Ecclesium
1586 766 1730 801 majorem
1748 766 1777 792 in
1786 765 1909 792 modum

1078 812 1202 839 vexavit.
1215 812 1402 839 AcCassareaz
1419 812 1550 847 quidem,
1578 819 1644 846 qua)
1671 810 1817 837 Stratonis
1840 809 1911 836 dici~

1078 859 1138 890 tur,
1156 857 1230 884 mihi
1257 858 1343 884 Petro
1374 865 1550 892 congressus
1566 858 1690 883 conatus
1715 857 1760 881 est
1789 854 1909 881 verbum

1079 900 1130 927 Dei
1147 903 1325 935 pervertere,
1351 908 1418 927 cum
1447 902 1546 926 essent
1571 906 1688 926 mecum
1718 898 1812 925 sancti
1843 897 1907 930 ﬁlii,

1080 945 1227 978 Zachmus,
1245 945 1294 980 qui
1311 945 1381 972 olim
1394 945 1571 980 publicanus
1585 944 1691 976 fuerat,
1709 942 1867 975 Barnabas,
1880 944 1909 968 et

1078 990 1185 1024 Aquila
1199 990 1360 1017 Clementis
1377 989 1499 1017 Romani
1515 989 1606 1015 frater
1618 997 1624 1022 ;
1635 988 1684 1022 qui
1701 986 1808 1021 Aquila
1818 986 1908 1013 etiam

1075 1033 1238 1067 discipulus
1251 1034 1305 1061 fuit
1316 1034 1410 1066 Pauli,
1424 1034 1452 1060 iu
1470 1033 1633 1068 apostolico
1646 1040 1768 1059 munere
1779 1033 1808 1057 et
1818 1032 1910 1057 Evan-

1074 1079 1150 1114 gelio
1176 1078 1310 1106 docendo
1338 1079 1449 1114 college
1477 1078 1583 1105 nostri.
1610 1077 1740 1104 Tertium
1759 1084 1826 1102 cum
1856 1075 1907 1102 illo

1075 1125 1220 1160 disputavi
1244 1125 1279 1152 iis
1300 1125 1495 1160 prassentibus
1526 1133 1559 1151 ex
1594 1123 1712 1158 scriptis
1737 1122 1904 1149 divinorum

1074 1172 1172 1196 vatum
1189 1169 1224 1196 de
1240 1170 1327 1196 unius
1345 1170 1549 1204 Deiimperio;
1578 1171 1606 1195 et
1635 1176 1703 1195 eum
1733 1167 1758 1193 vi
1789 1161 1905 1194 Domini

1075 1214 1167 1241 nostri
1183 1215 1251 1241 .lesu
1266 1214 1373 1241 Christi
1399 1218 1570 1250 superatum
1600 1222 1656 1240 usu
1681 1212 1759 1239 vocis
1784 1211 1906 1247 privavi,

1074 1259 1164 1294 inque
1180 1259 1293 1286 Italiam
1311 1259 1475 1286 exsulatum
1498 1258 1592 1294 abegi.
1611 1259 1709 1285 Romae
1726 1259 1823 1284 autem
1841 1264 1907 1283 cum

1075 1306 1163 1337 esset,
1180 1304 1352 1336 Ecclesium,
1369 1306 1401 1330 ut
1416 1303 1488 1336 dixi,
1507 1303 1700 1329 vehementer
1714 1301 1906 1337 perturbavit,

1075 1348 1169 1375 multa
1198 1351 1368 1383 pervertens
1406 1357 1439 1375 ac
1470 1347 1526 1375 sibi
1555 1355 1710 1381 arrogans,
1745 1348 1907 1381 gentesque

1075 1392 1196 1428 magicis
1225 1392 1336 1419 artibus
1352 1401 1384 1419 ac
1401 1392 1572 1419 daemonum
1586 1390 1760 1418 efﬁcacitate
1785 1389 1902 1418 fallens.

1075 1437 1151 1469 Quin
1170 1438 1198 1464 et
1213 1436 1373 1471 aliquando
1389 1436 1487 1464 media
1501 1436 1547 1463 die
1565 1436 1593 1462 in
1606 1436 1753 1463 theatrum
1770 1442 1903 1469 progres-

1076 1490 1125 1508 sus
1139 1482 1276 1516 promisit
1300 1489 1330 1508 se
1360 1490 1412 1517 per
1436 1489 1535 1508 aerem
1562 1489 1680 1508 sursum
1711 1480 1904 1514 evolaturum,

1075 1525 1213 1553 omnibus
1229 1525 1257 1552 id
1273 1526 1463 1552 mirantibus.
1494 1526 1552 1561 Ego
1580 1526 1654 1552 371
1675 1527 1773 1552 autem
1789 1532 1907 1551 mecum

1076 1571 1182 1598 tacitus
1199 1572 1290 1598 Deum
1306 1571 1457 1605 precabar.
1472 1572 1505 1597 Et
1516 1570 1636 1606 quidem
1649 1570 1750 1596 Simon
1767 1578 1783 1596 a
1794 1568 1907 1596 dmmoﬁ

1077 1615 1164 1642 nibus
1181 1616 1349 1643 sublevatus
1367 1616 1396 1642 in
1427 1623 1526 1642 aerem
1551 1614 1687 1642 sublimis
1718 1613 1907 1645 efferebatur,

1077 1660 1220 1696 proﬁtens
1237 1661 1267 1687 in
1292 1660 1398 1688 ccelum
1427 1669 1457 1687 se
1482 1659 1643 1687 ascendere
1672 1658 1801 1693 indeque
1831 1658 1910 1685 bona

1078 1705 1195 1740 populis
1215 1705 1483 1740 suppeditaturum.
1495 1707 1647 1731 nmmones
1658 1712 1724 1730 vero
1733 1703 1758 1730 ei
1768 1706 1911 1737 tanquam

1079 1750 1137 1776 Deo
1149 1750 1254 1777 faustis
1272 1750 1536 1777 acclamationibus
1549 1748 1738 1784 plaudebant.
1760 1748 1840 1774 'l‘unc
1857 1754 1908 1781 ego

1078 1794 1216 1822 manibus
1233 1803 1350 1822 sursum
1368 1795 1490 1822 intentis
1507 1794 1681 1829 suppliciter
1694 1794 1778 1820 aDeo
1793 1793 1863 1828 petii
1881 1795 1913 1819 ut

1077 1839 1154 1866 hanc
1184 1840 1339 1866 hominum
1356 1844 1470 1874 pestem
1487 1839 1670 1870 deturbaret,
1697 1846 1731 1865 ac
1748 1838 1910 1870 Simonem,

1078 1884 1108 1910 in
1125 1892 1193 1910 eum
1210 1884 1315 1911 deﬁxis
1330 1884 1436 1916 oculis,
1454 1885 1494 1911 ita
1517 1892 1581 1911 sum
1598 1883 1745 1910 allocutus
1762 1891 1768 1909 :
1801 1882 1829 1909 Si
1860 1890 1911 1917 ego

1078 1929 1231 1963 apostolus
1262 1937 1327 1956 sum
1356 1930 1424 1956 Jesu
1467 1929 1586 1961 Christi,
1615 1931 1643 1955 et
1669 1936 1730 1955 non
1757 1927 1911 1962 impostor,

1079 1973 1165 2000 sicuti
1190 1976 1220 2000 tu
1246 1981 1287 2004 es,
1305 1982 1321 2001 ο
1338 1974 1450 2005 Simon,
1468 1974 1582 2009 impero
1612 1973 1698 2000 malis
1727 1971 1821 2007 geniis
1838 1974 1869 1998 ut
1885 1974 1912 1998 te

1078 2017 1203 2044 missum
1221 2017 1341 2046 faciant.
1355 2018 1422 2044 llaec
1439 2026 1486 2045 me
1502 2018 1631 2050 dicente,
1648 2024 1754 2050 magno
1778 2015 1828 2042 ille
1844 2023 1911 2041 cum

1079 2062 1177 2088 sonitu
1195 2062 1304 2089 decidit
1317 2062 1535 2096 contractisque
1545 2061 1687 2088 membris
1699 2061 1822 2087 interiit.
1839 2060 1912 2086 Tum

1080 2107 1190 2142 populo
1210 2107 1394 2134 acclamante
1420 2115 1512 2133 unum
1535 2114 1599 2133 esse
1617 2106 1709 2132 Deum
1726 2105 1775 2140 qui
1792 2113 1808 2132 a
1825 2106 1912 2131 Petro

1080 2151 1269 2187 pruidicetur,
1298 2152 1338 2178 ita
1354 2160 1388 2179 eo
1405 2154 1538 2186 tempore
1561 2150 1658 2186 prima
1674 2149 1914 2177 Simonianorum

190 2195 318 2223 haeresis
334 2196 435 2223 Romae
450 2202 550 2222 eversa
566 2203 599 2222 ac
615 2203 736 2230 prorsus
752 2195 898 2221 exstincta
922 2197 975 2221 est.
993 2195 1094 2230 Itaque
1111 2196 1200 2223 etiam
1224 2196 1300 2223 illius
1331 2196 1444 2223 sabbati
1473 2195 1552 2222 diem
1587 2194 1710 2222 Romani
1742 2194 1911 2221 solemnem

193 2242 297 2276 agunt.

231 2284 274 2320 [Ρ.
287 2284 351 2319 212]
365 2284 395 2312 Ὀ
420 2282 509 2318 μέντοι
539 2283 641 2320 Νέρων,
672 2283 789 2313 ἀκούσας
819 2284 859 2310 ὅτι
890 2284 1021 2322 πεφόνευ-

1115 2287 1188 2313 Nero
1205 2289 1303 2314 autem
1321 2286 1471 2313 Simonem
1488 2294 1504 2312 a
1530 2286 1614 2312 Petro
1640 2284 1829 2311 interfectum
1846 2291 1910 2311 esse

190 2337 238 2356 ται
254 2327 346 2364 Σίμων
377 2327 429 2354 ὑπὸ
457 2329 505 2354 τοῦ
532 2328 646 2364 Πέτρου,
670 2327 715 2354 καὶ
741 2327 940 2365 ἀγανακτήσας,
967 2327 1022 2354 ἐκέ-

192 2373 290 2402 leuem
313 2373 393 2400 αὐτὸν
423 2374 625 2410 σταυρωθῆναι.
659 2374 690 2401 Ὀ
712 2372 740 2400 δὶ
768 2372 871 2409 Πέτρος
900 2384 1023 2409 παρακα-

194 2417 278 2448 λέσας
295 2418 341 2446 τὸν
368 2414 492 2455 ἔπαρχον
519 2418 566 2445 ’ἱνα
596 2418 634 2453 μὴ
665 2419 809 2455 σταυρωθῇ
840 2415 930 2454 ὄρθιος
957 2419 1023 2448 ὡςὸ

193 2462 391 2500 Κύριος,κατὰ
416 2461 537 2499 κεφαλῆς
566 2462 734 2499 ἐσταυρώθη.
766 2462 839 2489 Μετά
866 2461 895 2489 δὲ
920 2473 950 2500 γε
974 2464 1023 2497 τήν

194 2509 301 2546 Πέτρου
330 2507 474 2543 τελευτὴν,
518 2507 555 2538 ὥς
596 2517 677 2544 φησιν
703 2505 846 2541 Εὐσέϐιος,
876 2507 985 2538 Παῦλος
1010 2508 1024 2534 ὁ

192 2552 348 2583 ἀπόστολος
362 2552 430 2579 κατὰ
458 2552 505 2588 μὶν
529 2552 579 2586 τήν
607 2551 720 2589 πρώτην
754 2550 904 2589 ἀπολογίαν
936 2551 1023 2583 ἐλθὼν

192 2597 248 2625 ἀπὸ
260 2600 311 2632 τῆς
341 2595 475 2626 Ἰουδαίας
503 2595 613 2632 δέσμιος
643 2595 889 2633 ἀπολογησάμενος
918 2597 1024 2634 Νέρωνι

193 2641 239 2669 ἰπὶ
265 2642 317 2679 (τὴν
347 2639 486 2668 διακονίαν
517 2642 565 2667 τοῦ
607 2640 782 2678 κηρύγματος
812 2639 924 2675 ἐστάλη.
955 2640 1023 2669 Καὶν-

192 2686 294 2721 τεῦθιν,
323 2685 361 2716 ὡς
391 2683 473 2718 ἔοικε,
497 2684 546 2715 τὰς
569 2686 622 2711 τῶν
651 2683 813 2712 ἀποστόλων
841 2686 952 2722 Πράξεις
982 2685 1024 2713 ἐπ’

194 2731 292 2759 ἱκεῖνον
308 2731 355 2758 τὸν
369 2729 470 2770 χρόνον
484 2731 589 2760 Λουκᾶς
614 2728 726 2767 ἔγραψε,
745 2730 843 2769 μέχρις
873 2730 918 2757 ὅτε
943 2734 1023 2765 συνῆν

194 2781 233 2815 τῷ
265 2777 368 2814 [Ιαΰλῳ
406 2777 458 2804 ναθ
493 2777 522 2804 ὃν
566 2775 594 2804 δὲ
628 2777 722 2814 καιρὸν
761 2777 958 2814 ἐμαρτύρησεν,
993 2777 1023 2805 οὐ

197 2825 340 2862 συμπαρῆν
363 2820 449 2857 αὐτῷ,
474 2823 522 2848 τοῦ
551 2820 725 2850 Ἀποστόλου
752 2824 843 2861 σαφῶς
872 2821 953 2849 τοῦτο
978 2822 1023 2851 λέ-

231 2875 254 2893 ﬂ
268 2874 292 2902 ll
308 2873 385 2902 Tim.
399 2879 437 2906 iv,
456 2872 498 2898 16.

1081 2332 1237 2359 inaudiens
1258 2332 1382 2358 moleste
1408 2331 1436 2357 id
1453 2331 1563 2357 factum
1591 2330 1668 2363 tulit,
1686 2331 1865 2364 Petrumque
1882 2330 1912 2357 in

1080 2384 1198 2404 crucem
1213 2377 1257 2412 agi
1270 2376 1374 2411 jussit.
1400 2376 1504 2402 Petrus
1520 2375 1555 2402 ab
1581 2375 1663 2402 urbis
1680 2375 1819 2410 przefecto
1836 2374 1913 2401 obti-

1080 2422 1146 2449 nuit
1160 2429 1198 2448 ne
1207 2424 1287 2448 recto
1304 2425 1426 2455 c'orpore
1441 2423 1473 2447 ut
1488 2420 1629 2455 magister
1642 2428 1713 2446 suus
1737 2420 1830 2452 Jesus,
1861 2419 1912 2446 sed

1080 2466 1175 2501 capite
1191 2465 1227 2492 ad
1240 2467 1349 2492 terram
1375 2464 1504 2491 demisso
1535 2464 1768 2499 crucifigeretur.
1800 2464 1911 2490 Mortuo

1080 2511 1176 2543 Petro,
1193 2512 1225 2536 ut
1244 2509 1388 2536 Eusebius
1404 2512 1448 2535 est
1481 2512 1595 2542 auctor,
1624 2508 1734 2535 Paulus
1759 2507 1911 2543 apostolus

1079 2555 1243 2583 secundum
1261 2554 1389 2589 primum
1406 2554 1611 2581 defensionem
1628 2561 1663 2580 ex
1679 2552 1780 2580 ludam
1794 2551 1910 2578 vinctus

1079 2600 1197 2632 missus,
1214 2607 1280 2627 cum
1298 2598 1376 2634 apud
1401 2599 1548 2626 Neronem
1574 2604 1696 2625 causam
1725 2596 1859 2627 dixisset,
1873 2595 1909 2622 ad

1079 2643 1303 2680 praedicandum
1326 2643 1447 2670 verbum
1463 2643 1573 2670 missus
1588 2640 1652 2668 fuit.
1669 2641 1764 2674 Atque
1782 2638 1861 2672 inde,
1878 2641 1910 2665 ut

1079 2689 1204 2722 videtur,
1220 2687 1502 2723 Actaapostolorum
1517 2686 1608 2713 Lucas
1624 2685 1661 2712 ad
1677 2683 1707 2711 id
1722 2691 1817 2719 usque
1834 2685 1908 2710 tem-

1079 2743 1134 2770 pus
1150 2733 1332 2770 prescripsit,
1350 2732 1493 2767 quamdiu
1522 2730 1577 2757 fuit
1605 2738 1672 2757 cum
1701 2729 1803 2756 Paulo.
1834 2729 1907 2755 Nam

1079 2779 1170 2807 Paulo
1185 2787 1243 2806 non
1261 2777 1364 2810 adfuit,
1383 2784 1439 2811 quo
1474 2775 1498 2802 is
1526 2777 1660 2810 tempore
1689 2773 1835 2810 supplicio
1861 2775 1907 2800 est

1079 2825 1212 2853 allectus.
1225 2821 1307 2856 Quod
1328 2820 1484 2857 Apostolus
1500 2819 1609 2847 diserte
1623 2819 1684 2847 ait:
1710 2819 1787 2847 812
1816 2818 1906 2847 Nemo
