  <div class='ocr_page' id='page_1' title='image "/cluster/home/n/w/nwhite01/storage/ocr_20150623/121:no.1/coo.31924054870260/213.png"; bbox 0 0 4154 6410; ppageno 0'>
   <div class='ocr_carea' id='block_1_1' title="bbox 350 379 2020 446">
    <p class='ocr_par' dir='ltr' id='par_1_1' title="bbox 350 382 2020 446">
     <span class='ocr_line' id='line_1_1' title="bbox 350 382 2020 446; baseline -0.002 -1"><span class='ocrx_word' id='word_1_1' title='bbox 350 389 390 446; x_wconf 73' lang='grc'>4</span> <span class='ocrx_word' id='word_1_2' title='bbox 414 389 474 445; x_wconf 84' lang='grc' dir='ltr'>ιι</span> <span class='ocrx_word' id='word_1_3' title='bbox 1740 382 2020 444; x_wconf 81' lang='lat' dir='ltr'>GEORG]</span> 
     </span>
    </p>
   </div>
   <div class='ocr_carea' id='block_1_2' title="bbox 2133 379 3787 446">
    <p class='ocr_par' dir='ltr' id='par_1_2' title="bbox 2133 379 3787 443">
     <span class='ocr_line' id='line_1_2' title="bbox 2133 379 3787 443; baseline -0.001 -2"><span class='ocrx_word' id='word_1_4' title='bbox 2133 380 2460 443; x_wconf 66' lang='lat' dir='ltr'>IEDRENI</span> <span class='ocrx_word' id='word_1_5' title='bbox 3669 379 3787 439; x_wconf 74' lang='grc'>412</span> 
     </span>
    </p>
   </div>
   <div class='ocr_carea' id='block_1_3' title="bbox 357 508 2020 592">
    <p class='ocr_par' dir='ltr' id='par_1_3' title="bbox 357 510 2018 592">
     <span class='ocr_line' id='line_1_3' title="bbox 357 510 2018 592; baseline -0.003 -15"><span class='ocrx_word' id='word_1_6' title='bbox 357 522 503 578; x_wconf 90' lang='lat' dir='ltr'>mihi</span> <span class='ocrx_word' id='word_1_7' title='bbox 537 520 599 575; x_wconf 92' lang='lat' dir='ltr'>in</span> <span class='ocrx_word' id='word_1_8' title='bbox 633 522 825 592; x_wconf 91' lang='lat' dir='ltr'>prima</span> <span class='ocrx_word' id='word_1_9' title='bbox 855 510 1204 576; x_wconf 87' lang='lat' dir='ltr'>defensione</span> <span class='ocrx_word' id='word_1_10' title='bbox 1254 518 1462 585; x_wconf 84' lang='lat' dir='ltr'>adfuit,</span> <span class='ocrx_word' id='word_1_11' title='bbox 1524 518 1628 573; x_wconf 92' lang='lat' dir='ltr'>sed</span> <span class='ocrx_word' id='word_1_12' title='bbox 1685 533 1892 574; x_wconf 91' lang='lat' dir='ltr'>omnes</span> <span class='ocrx_word' id='word_1_13' title='bbox 1924 532 2018 572; x_wconf 90' lang='lat' dir='ltr'>me</span> 
     </span>
    </p>
   </div>
   <div class='ocr_carea' id='block_1_4' title="bbox 2133 508 3801 592">
    <p class='ocr_par' dir='ltr' id='par_1_4' title="bbox 2133 508 3801 590">
     <span class='ocr_line' id='line_1_4' title="bbox 2133 508 3801 590; baseline -0.004 -21"><span class='ocrx_word' id='word_1_14' title='bbox 2133 534 2349 590; x_wconf 90' lang='grc' dir='ltr'>γοντος,</span> <span class='ocrx_word' id='word_1_15' title='bbox 2382 516 2467 571; x_wconf 77' lang='grc' dir='ltr'>ὅτι</span> <span class='ocrx_word' id='word_1_16' title='bbox 2497 512 2676 577; x_wconf 75' lang='grc' dir='ltr'>οὐδεὶς</span> <span class='ocrx_word' id='word_1_17' title='bbox 2711 524 2807 590; x_wconf 82' lang='grc' dir='ltr'>μοι</span> <span class='ocrx_word' id='word_1_18' title='bbox 2835 512 2889 571; x_wconf 77' lang='grc' dir='ltr'>ἓν</span> <span class='ocrx_word' id='word_1_19' title='bbox 2921 517 2989 588; x_wconf 80' lang='grc' dir='ltr'>τῇ</span> <span class='ocrx_word' id='word_1_20' title='bbox 3021 513 3215 586; x_wconf 78' lang='grc' dir='ltr'>πρώτῃ</span> <span class='ocrx_word' id='word_1_21' title='bbox 3243 508 3519 587; x_wconf 81' lang='grc' dir='ltr'>ἀπολογίᾳ</span> <span class='ocrx_word' id='word_1_22' title='bbox 3546 517 3801 584; x_wconf 80' lang='grc' dir='ltr'>συμπαρ·</span> 
     </span>
    </p>
   </div>
   <div class='ocr_carea' id='block_1_5' title="bbox 358 596 2020 681">
    <p class='ocr_par' dir='ltr' id='par_1_5' title="bbox 358 609 2019 681">
     <span class='ocr_line' id='line_1_5' title="bbox 358 609 2019 681; baseline -0.003 -15"><span class='ocrx_word' id='word_1_23' title='bbox 358 611 789 675; x_wconf 88' lang='lat' dir='ltr'>deseruerunt;</span> <span class='ocrx_word' id='word_1_24' title='bbox 837 626 958 665; x_wconf 92' lang='lat' dir='ltr'>non</span> <span class='ocrx_word' id='word_1_25' title='bbox 1018 610 1347 681; x_wconf 79' lang='lat' dir='ltr'>imputetur</span> <span class='ocrx_word' id='word_1_26' title='bbox 1404 609 1569 679; x_wconf 87' lang='lat' dir='ltr'>ipsis.</span> <span class='ocrx_word' id='word_1_27' title='bbox 1623 609 2019 663; x_wconf 90' lang='lat' dir='ltr'>Posteriorem</span> 
     </span>
    </p>
   </div>
   <div class='ocr_carea' id='block_1_6' title="bbox 2133 596 3794 681">
    <p class='ocr_par' dir='ltr' id='par_1_6' title="bbox 2133 596 3794 679">
     <span class='ocr_line' id='line_1_6' title="bbox 2133 596 3794 679; baseline -0.005 -22"><span class='ocrx_word' id='word_1_28' title='bbox 2133 602 2357 679; x_wconf 81' lang='grc' dir='ltr'>εγένετο,</span> <span class='ocrx_word' id='word_1_29' title='bbox 2417 603 2562 660; x_wconf 82' lang='grc' dir='ltr'>ἀλλά</span> <span class='ocrx_word' id='word_1_30' title='bbox 2619 606 2814 666; x_wconf 88' lang='grc' dir='ltr'>πάντες</span> <span class='ocrx_word' id='word_1_31' title='bbox 2893 622 2960 675; x_wconf 91' lang='grc' dir='ltr'>με</span> <span class='ocrx_word' id='word_1_32' title='bbox 3016 598 3394 675; x_wconf 67' lang='grc' dir='ltr'>ἐγκατέλιπον.</span> <span class='ocrx_word' id='word_1_33' title='bbox 3460 598 3536 670; x_wconf 83' lang='grc' dir='ltr'>μὴ</span> <span class='ocrx_word' id='word_1_34' title='bbox 3606 596 3794 659; x_wconf 79' lang='grc' dir='ltr'>αὐτοῖς</span> 
     </span>
    </p>
   </div>
   <div class='ocr_carea' id='block_1_7' title="bbox 359 683 2020 771">
    <p class='ocr_par' dir='ltr' id='par_1_7' title="bbox 359 694 2020 771">
     <span class='ocr_line' id='line_1_7' title="bbox 359 694 2020 771; baseline -0.004 -16"><span class='ocrx_word' id='word_1_35' title='bbox 359 698 670 771; x_wconf 83' lang='lat' dir='ltr'>epistolam</span> <span class='ocrx_word' id='word_1_36' title='bbox 712 696 787 752; x_wconf 89' lang='lat' dir='ltr'>ad</span> <span class='ocrx_word' id='word_1_37' title='bbox 854 697 1229 752; x_wconf 82' lang='lat' dir='ltr'>Timotheum</span> <span class='ocrx_word' id='word_1_38' title='bbox 1291 696 1525 767; x_wconf 83' lang='lat' dir='ltr'>scripsit</span> <span class='ocrx_word' id='word_1_39' title='bbox 1577 696 1878 767; x_wconf 85' lang='lat' dir='ltr'>captivus;</span> <span class='ocrx_word' id='word_1_40' title='bbox 1919 694 2020 750; x_wconf 91' lang='lat' dir='ltr'>ubi</span> 
     </span>
    </p>
   </div>
   <div class='ocr_carea' id='block_1_8' title="bbox 2133 683 3789 771">
    <p class='ocr_par' dir='ltr' id='par_1_8' title="bbox 2133 683 3789 767">
     <span class='ocr_line' id='line_1_8' title="bbox 2133 683 3789 767; baseline -0.004 -21"><span class='ocrx_word' id='word_1_41' title='bbox 2133 689 2433 767; x_wconf 87' lang='grc' dir='ltr'>λογισθείη.</span> <span class='ocrx_word' id='word_1_42' title='bbox 2467 694 2582 761; x_wconf 80' lang='grc' dir='ltr'>Τὴν</span> <span class='ocrx_word' id='word_1_43' title='bbox 2616 689 2675 748; x_wconf 71' lang='grc' dir='ltr'>δὲ</span> <span class='ocrx_word' id='word_1_44' title='bbox 2705 692 2842 765; x_wconf 86' lang='grc' dir='ltr'>πρὸς</span> <span class='ocrx_word' id='word_1_45' title='bbox 2875 690 3142 763; x_wconf 86' lang='grc' dir='ltr'>Τιμόθεον</span> <span class='ocrx_word' id='word_1_46' title='bbox 3187 686 3440 761; x_wconf 86' lang='grc' dir='ltr'>δευτέραν</span> <span class='ocrx_word' id='word_1_47' title='bbox 3491 683 3789 754; x_wconf 76' lang='grc' dir='ltr'>ἐπιστολήν</span> 
     </span>
    </p>
   </div>
   <div class='ocr_carea' id='block_1_9' title="bbox 358 776 2020 859">
    <p class='ocr_par' dir='ltr' id='par_1_9' title="bbox 358 785 2020 857">
     <span class='ocr_line' id='line_1_9' title="bbox 358 785 2020 857; baseline -0.003 -14"><span class='ocrx_word' id='word_1_48' title='bbox 358 788 541 843; x_wconf 86' lang='lat' dir='ltr'>simul</span> <span class='ocrx_word' id='word_1_49' title='bbox 576 787 944 841; x_wconf 83' lang='lat' dir='ltr'>mentionem</span> <span class='ocrx_word' id='word_1_50' title='bbox 974 786 1116 841; x_wconf 81' lang='lat' dir='ltr'>facit</span> <span class='ocrx_word' id='word_1_51' title='bbox 1146 786 1351 857; x_wconf 73' lang='lat' dir='ltr'>primm</span> <span class='ocrx_word' id='word_1_52' title='bbox 1386 802 1508 839; x_wconf 56' lang='lat' dir='ltr'>sua;</span> <span class='ocrx_word' id='word_1_53' title='bbox 1539 785 1698 855; x_wconf 89' lang='lat' dir='ltr'>apud</span> <span class='ocrx_word' id='word_1_54' title='bbox 1729 787 2020 840; x_wconf 84' lang='lat' dir='ltr'>Neronem</span> 
     </span>
    </p>
   </div>
   <div class='ocr_carea' id='block_1_10' title="bbox 2133 776 3792 859">
    <p class='ocr_par' dir='ltr' id='par_1_10' title="bbox 2133 776 3792 859">
     <span class='ocr_line' id='line_1_10' title="bbox 2133 776 3792 859; baseline -0.005 -23"><span class='ocrx_word' id='word_1_55' title='bbox 2133 780 2495 855; x_wconf 73' lang='grc' dir='ltr'>κατεχόμενος</span> <span class='ocrx_word' id='word_1_56' title='bbox 2524 776 2780 859; x_wconf 79' lang='grc' dir='ltr'>ἔγραψεν,</span> <span class='ocrx_word' id='word_1_57' title='bbox 2838 784 2980 853; x_wconf 83' lang='grc' dir='ltr'>ὁμοῦ</span> <span class='ocrx_word' id='word_1_58' title='bbox 3039 777 3323 851; x_wconf 80' lang='grc' dir='ltr'>σημαίνων</span> <span class='ocrx_word' id='word_1_59' title='bbox 3381 777 3481 845; x_wconf 90' lang='grc' dir='ltr'>τήν</span> <span class='ocrx_word' id='word_1_60' title='bbox 3537 795 3597 830; x_wconf 88' lang='grc' dir='ltr'>τε</span> <span class='ocrx_word' id='word_1_61' title='bbox 3651 793 3792 847; x_wconf 81' lang='grc' dir='ltr'>προ-</span> 
     </span>
    </p>
   </div>
   <div class='ocr_carea' id='block_1_11' title="bbox 364 860 2020 947">
    <p class='ocr_par' dir='ltr' id='par_1_11' title="bbox 364 874 2020 940">
     <span class='ocr_line' id='line_1_11' title="bbox 364 874 2020 940; baseline -0.002 -8"><span class='ocrx_word' id='word_1_62' title='bbox 364 876 753 932; x_wconf 78' lang='lat' dir='ltr'>defensionis.</span> <span class='ocrx_word' id='word_1_63' title='bbox 787 877 973 940; x_wconf 89' lang='lat' dir='ltr'>Quem</span> <span class='ocrx_word' id='word_1_64' title='bbox 1004 879 1061 929; x_wconf 91' lang='lat' dir='ltr'>et</span> <span class='ocrx_word' id='word_1_65' title='bbox 1094 875 1282 929; x_wconf 86' lang='lat' dir='ltr'>leonis</span> <span class='ocrx_word' id='word_1_66' title='bbox 1312 875 1555 929; x_wconf 89' lang='lat' dir='ltr'>nomine</span> <span class='ocrx_word' id='word_1_67' title='bbox 1596 876 1813 939; x_wconf 74' lang='lat' dir='ltr'>affecit,</span> <span class='ocrx_word' id='word_1_68' title='bbox 1846 874 2020 929; x_wconf 91' lang='lat' dir='ltr'>inhu-</span> 
     </span>
    </p>
   </div>
   <div class='ocr_carea' id='block_1_12' title="bbox 2133 860 3793 947">
    <p class='ocr_par' dir='ltr' id='par_1_12' title="bbox 2133 860 3793 947">
     <span class='ocr_line' id='line_1_12' title="bbox 2133 860 3793 947; baseline -0.005 -23"><span class='ocrx_word' id='word_1_69' title='bbox 2133 870 2285 946; x_wconf 85' lang='grc' dir='ltr'>τέραν</span> <span class='ocrx_word' id='word_1_70' title='bbox 2334 871 2506 925; x_wconf 82' lang='grc' dir='ltr'>αὐτοῦ</span> <span class='ocrx_word' id='word_1_71' title='bbox 2548 867 2855 947; x_wconf 88' lang='grc' dir='ltr'>ἀπολογίαν</span> <span class='ocrx_word' id='word_1_72' title='bbox 2885 868 3022 943; x_wconf 88' lang='grc' dir='ltr'>πρὸς</span> <span class='ocrx_word' id='word_1_73' title='bbox 3055 866 3297 942; x_wconf 83' lang='grc' dir='ltr'>Νέρωνα,</span> <span class='ocrx_word' id='word_1_74' title='bbox 3349 865 3408 919; x_wconf 80' lang='grc' dir='ltr'>ὃν</span> <span class='ocrx_word' id='word_1_75' title='bbox 3450 864 3541 918; x_wconf 82' lang='grc' dir='ltr'>καὶ</span> <span class='ocrx_word' id='word_1_76' title='bbox 3598 860 3793 917; x_wconf 83' lang='grc' dir='ltr'>λέοντα</span> 
     </span>
    </p>
   </div>
   <div class='ocr_carea' id='block_1_13' title="bbox 355 949 2020 1036">
    <p class='ocr_par' dir='ltr' id='par_1_13' title="bbox 355 964 2020 1036">
     <span class='ocr_line' id='line_1_13' title="bbox 355 964 2020 1036; baseline -0.002 -14"><span class='ocrx_word' id='word_1_77' title='bbox 355 967 708 1022; x_wconf 87' lang='lat' dir='ltr'>manitatem</span> <span class='ocrx_word' id='word_1_78' title='bbox 736 966 784 1036; x_wconf 92' lang='lat' dir='ltr'>ej</span> <span class='ocrx_word' id='word_1_79' title='bbox 798 982 865 1019; x_wconf 89' lang='lat' dir='ltr'>us</span> <span class='ocrx_word' id='word_1_80' title='bbox 896 970 1075 1035; x_wconf 90' lang='lat' dir='ltr'>atque</span> <span class='ocrx_word' id='word_1_81' title='bbox 1098 965 1258 1019; x_wconf 90' lang='lat' dir='ltr'>feros</span> <span class='ocrx_word' id='word_1_82' title='bbox 1277 979 1474 1019; x_wconf 89' lang='lat' dir='ltr'>mores</span> <span class='ocrx_word' id='word_1_83' title='bbox 1502 964 1783 1035; x_wconf 60' lang='lat' dir='ltr'>praclare</span> <span class='ocrx_word' id='word_1_84' title='bbox 1809 969 2020 1018; x_wconf 87' lang='lat' dir='ltr'>notans</span> 
     </span>
    </p>
   </div>
   <div class='ocr_carea' id='block_1_14' title="bbox 2133 949 3794 1036">
    <p class='ocr_par' dir='ltr' id='par_1_14' title="bbox 2133 949 3794 1035">
     <span class='ocr_line' id='line_1_14' title="bbox 2133 949 3794 1035; baseline -0.006 -21"><span class='ocrx_word' id='word_1_85' title='bbox 2133 956 2224 1015; x_wconf 80' lang='grc' dir='ltr'>διὰ</span> <span class='ocrx_word' id='word_1_86' title='bbox 2248 960 2312 1015; x_wconf 87' lang='grc' dir='ltr'>τὸ</span> <span class='ocrx_word' id='word_1_87' title='bbox 2340 959 2705 1035; x_wconf 82' lang='grc' dir='ltr'>ἀπάνθρωπον</span> <span class='ocrx_word' id='word_1_88' title='bbox 2738 959 2828 1013; x_wconf 87' lang='grc' dir='ltr'>καὶ</span> <span class='ocrx_word' id='word_1_89' title='bbox 2888 954 3156 1032; x_wconf 87' lang='grc' dir='ltr'>θηριῶδες</span> <span class='ocrx_word' id='word_1_90' title='bbox 3186 959 3287 1010; x_wconf 90' lang='grc' dir='ltr'>τοῦ</span> <span class='ocrx_word' id='word_1_91' title='bbox 3341 954 3549 1028; x_wconf 83' lang='grc' dir='ltr'>τρόπου</span> <span class='ocrx_word' id='word_1_92' title='bbox 3608 949 3794 1014; x_wconf 88' lang='grc' dir='ltr'>καλῶς</span> 
     </span>
    </p>
   </div>
   <div class='ocr_carea' id='block_1_15' title="bbox 361 1053 2023 1111">
    <p class='ocr_par' dir='ltr' id='par_1_15' title="bbox 361 1053 2023 1111">
     <span class='ocr_line' id='line_1_15' title="bbox 361 1053 2023 1111; baseline -0.001 -1"><span class='ocrx_word' id='word_1_93' title='bbox 361 1062 421 1111; x_wconf 90' lang='lat' dir='ltr'>et</span> <span class='ocrx_word' id='word_1_94' title='bbox 451 1056 865 1110; x_wconf 88' lang='lat' dir='ltr'>imminentem</span> <span class='ocrx_word' id='word_1_95' title='bbox 891 1071 1067 1109; x_wconf 89' lang='lat' dir='ltr'>suum</span> <span class='ocrx_word' id='word_1_96' title='bbox 1100 1054 1329 1109; x_wconf 91' lang='lat' dir='ltr'>obitum</span> <span class='ocrx_word' id='word_1_97' title='bbox 1355 1070 1488 1108; x_wconf 90' lang='lat' dir='ltr'>mox</span> <span class='ocrx_word' id='word_1_98' title='bbox 1521 1053 1742 1108; x_wconf 86' lang='lat' dir='ltr'>indicat</span> <span class='ocrx_word' id='word_1_99' title='bbox 1774 1070 1787 1107; x_wconf 86' lang='lat'><strong>:</strong></span> <span class='ocrx_word' id='word_1_100' title='bbox 1822 1076 1849 1102; x_wconf 83' lang='lat'><strong><em>«</em></strong></span> <span class='ocrx_word' id='word_1_101' title='bbox 1882 1055 2023 1108; x_wconf 90' lang='lat' dir='ltr'>Ere-</span> 
     </span>
    </p>
   </div>
   <div class='ocr_carea' id='block_1_16' title="bbox 358 1142 2023 1218">
    <p class='ocr_par' dir='ltr' id='par_1_16' title="bbox 358 1142 2023 1218">
     <span class='ocr_line' id='line_1_16' title="bbox 358 1142 2023 1218; baseline -0.002 -18"><span class='ocrx_word' id='word_1_102' title='bbox 358 1152 494 1218; x_wconf 90' lang='lat' dir='ltr'>ptus</span> <span class='ocrx_word' id='word_1_103' title='bbox 527 1161 679 1211; x_wconf 88' lang='lat' dir='ltr'>sum,</span> <span class='ocrx_word' id='word_1_104' title='bbox 717 1144 1020 1215; x_wconf 87' lang='lat' dir='ltr'>inquiens,</span> <span class='ocrx_word' id='word_1_105' title='bbox 1055 1143 1143 1197; x_wconf 91' lang='lat' dir='ltr'>ori</span> <span class='ocrx_word' id='word_1_106' title='bbox 1172 1143 1381 1198; x_wconf 88' lang='lat' dir='ltr'>leonis.</span> <span class='ocrx_word' id='word_1_107' title='bbox 1410 1142 1522 1198; x_wconf 92' lang='lat' dir='ltr'>Sed</span> <span class='ocrx_word' id='word_1_108' title='bbox 1555 1150 1613 1198; x_wconf 91' lang='lat' dir='ltr'>et</span> <span class='ocrx_word' id='word_1_109' title='bbox 1640 1144 1699 1197; x_wconf 93' lang='lat' dir='ltr'>in</span> <span class='ocrx_word' id='word_1_110' title='bbox 1721 1148 2023 1214; x_wconf 89' lang='lat' dir='ltr'>posterum</span> 
     </span>
    </p>
   </div>
   <div class='ocr_carea' id='block_1_17' title="bbox 359 1232 2026 1303">
    <p class='ocr_par' dir='ltr' id='par_1_17' title="bbox 359 1232 2026 1303">
     <span class='ocr_line' id='line_1_17' title="bbox 359 1232 2026 1303; baseline -0.002 -13"><span class='ocrx_word' id='word_1_111' title='bbox 359 1252 455 1290; x_wconf 87' lang='lat' dir='ltr'>me</span> <span class='ocrx_word' id='word_1_112' title='bbox 476 1234 765 1289; x_wconf 86' lang='lat' dir='ltr'>Dominus</span> <span class='ocrx_word' id='word_1_113' title='bbox 788 1233 1048 1288; x_wconf 82' lang='lat' dir='ltr'>servabit</span> <span class='ocrx_word' id='word_1_114' title='bbox 1069 1233 1141 1288; x_wconf 92' lang='lat' dir='ltr'>ab</span> <span class='ocrx_word' id='word_1_115' title='bbox 1161 1233 1322 1288; x_wconf 91' lang='lat' dir='ltr'>omni</span> <span class='ocrx_word' id='word_1_116' title='bbox 1344 1232 1501 1288; x_wconf 89' lang='lat' dir='ltr'>mala</span> <span class='ocrx_word' id='word_1_117' title='bbox 1530 1249 1616 1297; x_wconf 91' lang='lat' dir='ltr'>re,</span> <span class='ocrx_word' id='word_1_118' title='bbox 1650 1234 1829 1303; x_wconf 91' lang='lat' dir='ltr'>inque</span> <span class='ocrx_word' id='word_1_119' title='bbox 1853 1248 2026 1287; x_wconf 89' lang='lat' dir='ltr'>suum</span> 
     </span>
    </p>
   </div>
   <div class='ocr_carea' id='block_1_18' title="bbox 359 1321 2026 1395">
    <p class='ocr_par' dir='ltr' id='par_1_18' title="bbox 359 1321 2026 1395">
     <span class='ocr_line' id='line_1_18' title="bbox 359 1321 2026 1395; baseline -0.001 -16"><span class='ocrx_word' id='word_1_120' title='bbox 359 1324 597 1379; x_wconf 77' lang='lat' dir='ltr'>cmleste</span> <span class='ocrx_word' id='word_1_121' title='bbox 627 1338 877 1395; x_wconf 83' lang='lat' dir='ltr'>regnum</span> <span class='ocrx_word' id='word_1_122' title='bbox 908 1328 1155 1389; x_wconf 90' lang='lat' dir='ltr'>asseret,</span> <span class='ocrx_word' id='word_1_123' title='bbox 1198 1343 1227 1372; x_wconf 85' lang='lat'><strong>»</strong></span> <span class='ocrx_word' id='word_1_124' title='bbox 1260 1322 1518 1377; x_wconf 90' lang='lat' dir='ltr'>innuens</span> <span class='ocrx_word' id='word_1_125' title='bbox 1549 1321 1895 1393; x_wconf 89' lang='lat' dir='ltr'>propediem</span> <span class='ocrx_word' id='word_1_126' title='bbox 1921 1338 2026 1377; x_wconf 91' lang='lat' dir='ltr'>suo</span> 
     </span>
    </p>
   </div>
   <div class='ocr_carea' id='block_1_19' title="bbox 356 1409 2027 1487">
    <p class='ocr_par' dir='ltr' id='par_1_19' title="bbox 356 1409 2027 1487">
     <span class='ocr_line' id='line_1_19' title="bbox 356 1409 2027 1487; baseline -0.003 -19"><span class='ocrx_word' id='word_1_127' title='bbox 356 1412 650 1484; x_wconf 90' lang='lat' dir='ltr'>supplicio</span> <span class='ocrx_word' id='word_1_128' title='bbox 695 1428 757 1466; x_wconf 91' lang='lat' dir='ltr'>se</span> <span class='ocrx_word' id='word_1_129' title='bbox 806 1411 1041 1466; x_wconf 84' lang='lat' dir='ltr'>veritati</span> <span class='ocrx_word' id='word_1_130' title='bbox 1094 1411 1506 1466; x_wconf 90' lang='lat' dir='ltr'>testimonium</span> <span class='ocrx_word' id='word_1_131' title='bbox 1565 1409 2027 1487; x_wconf 49' lang='lat' dir='ltr'>perhibiturum.</span> 
     </span>
    </p>
   </div>
   <div class='ocr_carea' id='block_1_20' title="bbox 357 1499 2028 1574">
    <p class='ocr_par' dir='ltr' id='par_1_20' title="bbox 357 1499 2028 1574">
     <span class='ocr_line' id='line_1_20' title="bbox 357 1499 2028 1574; baseline -0.003 -16"><span class='ocrx_word' id='word_1_132' title='bbox 357 1502 526 1568; x_wconf 89' lang='lat' dir='ltr'>Quod</span> <span class='ocrx_word' id='word_1_133' title='bbox 556 1502 738 1556; x_wconf 90' lang='lat' dir='ltr'>etiam</span> <span class='ocrx_word' id='word_1_134' title='bbox 770 1501 1034 1571; x_wconf 82' lang='lat' dir='ltr'>apertius</span> <span class='ocrx_word' id='word_1_135' title='bbox 1064 1501 1127 1555; x_wconf 91' lang='lat' dir='ltr'>in</span> <span class='ocrx_word' id='word_1_136' title='bbox 1160 1499 1368 1555; x_wconf 90' lang='lat' dir='ltr'>eadem</span> <span class='ocrx_word' id='word_1_137' title='bbox 1429 1500 1683 1571; x_wconf 89' lang='lat' dir='ltr'>epistola</span> <span class='ocrx_word' id='word_1_138' title='bbox 1736 1499 2028 1574; x_wconf 66' lang='lat' dir='ltr'>praedicit,</span> 
     </span>
    </p>
   </div>
   <div class='ocr_carea' id='block_1_21' title="bbox 362 1589 2030 1663">
    <p class='ocr_par' dir='ltr' id='par_1_21' title="bbox 362 1589 2030 1663">
     <span class='ocr_line' id='line_1_21' title="bbox 362 1589 2030 1663; baseline -0.001 -17"><span class='ocrx_word' id='word_1_139' title='bbox 362 1592 426 1646; x_wconf 91' lang='lat' dir='ltr'>in</span> <span class='ocrx_word' id='word_1_140' title='bbox 457 1592 583 1646; x_wconf 68' lang='lat' dir='ltr'>haac</span> <span class='ocrx_word' id='word_1_141' title='bbox 613 1591 827 1645; x_wconf 88' lang='lat' dir='ltr'>verba:</span> <span class='ocrx_word' id='word_1_142' title='bbox 872 1607 978 1663; x_wconf 88' lang='lat' dir='ltr'>ego</span> <span class='ocrx_word' id='word_1_143' title='bbox 1016 1591 1179 1644; x_wconf 92' lang='lat' dir='ltr'>enim</span> <span class='ocrx_word' id='word_1_144' title='bbox 1210 1606 1369 1645; x_wconf 89' lang='lat' dir='ltr'>nunc</span> <span class='ocrx_word' id='word_1_145' title='bbox 1399 1589 1696 1657; x_wconf 92' lang='lat' dir='ltr'>immolor,</span> <span class='ocrx_word' id='word_1_146' title='bbox 1729 1589 2030 1660; x_wconf 80' lang='lat' dir='ltr'>instatque</span> 
     </span>
    </p>
   </div>
   <div class='ocr_carea' id='block_1_22' title="bbox 360 1678 2032 1752">
    <p class='ocr_par' dir='ltr' id='par_1_22' title="bbox 360 1678 2032 1752">
     <span class='ocr_line' id='line_1_22' title="bbox 360 1678 2032 1752; baseline -0.002 -16"><span class='ocrx_word' id='word_1_147' title='bbox 360 1687 598 1752; x_wconf 85' lang='lat' dir='ltr'>tempus</span> <span class='ocrx_word' id='word_1_148' title='bbox 629 1695 776 1734; x_wconf 64' lang='lat' dir='ltr'>mea</span> <span class='ocrx_word' id='word_1_149' title='bbox 806 1679 1143 1734; x_wconf 85' lang='lat' dir='ltr'>solutionis.</span> <span class='ocrx_word' id='word_1_150' title='bbox 1165 1681 1303 1733; x_wconf 89' lang='lat' dir='ltr'>Post</span> <span class='ocrx_word' id='word_1_151' title='bbox 1331 1678 1589 1751; x_wconf 90' lang='lat' dir='ltr'>primam</span> <span class='ocrx_word' id='word_1_152' title='bbox 1621 1678 2032 1734; x_wconf 87' lang='lat' dir='ltr'>defensionem</span> 
     </span>
    </p>
   </div>
   <div class='ocr_carea' id='block_1_23' title="bbox 363 1767 2031 1839">
    <p class='ocr_par' dir='ltr' id='par_1_23' title="bbox 363 1767 2031 1839">
     <span class='ocr_line' id='line_1_23' title="bbox 363 1767 2031 1839; baseline -0.001 -15"><span class='ocrx_word' id='word_1_153' title='bbox 363 1770 647 1825; x_wconf 86' lang='lat' dir='ltr'>dimissus</span> <span class='ocrx_word' id='word_1_154' title='bbox 678 1772 788 1833; x_wconf 85' lang='lat' dir='ltr'>est,</span> <span class='ocrx_word' id='word_1_155' title='bbox 845 1772 911 1822; x_wconf 90' lang='lat' dir='ltr'>ut</span> <span class='ocrx_word' id='word_1_156' title='bbox 960 1784 1166 1823; x_wconf 88' lang='lat' dir='ltr'>rursus</span> <span class='ocrx_word' id='word_1_157' title='bbox 1228 1767 1601 1839; x_wconf 83' lang='lat' dir='ltr'>evangelium</span> <span class='ocrx_word' id='word_1_158' title='bbox 1658 1768 2031 1839; x_wconf 68' lang='lat' dir='ltr'>praedicaret-</span> 
     </span>
    </p>
   </div>
   <div class='ocr_carea' id='block_1_24' title="bbox 2131 1040 3793 1122">
    <p class='ocr_par' dir='ltr' id='par_1_24' title="bbox 2131 1040 3793 1122">
     <span class='ocr_line' id='line_1_24' title="bbox 2131 1040 3793 1122; baseline -0.005 -19"><span class='ocrx_word' id='word_1_159' title='bbox 2131 1046 2401 1121; x_wconf 84' lang='grc' dir='ltr'>ὠνόμασε.</span> <span class='ocrx_word' id='word_1_160' title='bbox 2485 1050 2588 1106; x_wconf 88' lang='grc' dir='ltr'>Καὶ</span> <span class='ocrx_word' id='word_1_161' title='bbox 2671 1050 2772 1119; x_wconf 79' lang='grc' dir='ltr'>τήν</span> <span class='ocrx_word' id='word_1_162' title='bbox 2830 1048 2979 1122; x_wconf 86' lang='grc' dir='ltr'>παρά</span> <span class='ocrx_word' id='word_1_163' title='bbox 3034 1043 3205 1109; x_wconf 85' lang='grc' dir='ltr'>πόδας</span> <span class='ocrx_word' id='word_1_164' title='bbox 3258 1043 3543 1099; x_wconf 77' lang='grc' dir='ltr'>τελείωσιν</span> <span class='ocrx_word' id='word_1_165' title='bbox 3604 1040 3793 1115; x_wconf 86' lang='grc' dir='ltr'>ἐπάγει</span> 
     </span>
    </p>
   </div>
   <div class='ocr_carea' id='block_1_25' title="bbox 2133 1130 3798 1216">
    <p class='ocr_par' dir='ltr' id='par_1_25' title="bbox 2133 1130 3798 1216">
     <span class='ocr_line' id='line_1_25' title="bbox 2133 1130 3798 1216; baseline -0.005 -23"><span class='ocrx_word' id='word_1_166' title='bbox 2133 1140 2373 1215; x_wconf 80' lang='grc' dir='ltr'>φάσκων·</span> <span class='ocrx_word' id='word_1_167' title='bbox 2433 1163 2461 1192; x_wconf 79' lang='grc' dir='ltr'>(ί</span> <span class='ocrx_word' id='word_1_168' title='bbox 2497 1138 2787 1216; x_wconf 77' lang='grc' dir='ltr'>Ἐῥρῦφθεν</span> <span class='ocrx_word' id='word_1_169' title='bbox 2817 1138 2876 1193; x_wconf 87' lang='grc' dir='ltr'>ἐκ</span> <span class='ocrx_word' id='word_1_170' title='bbox 2925 1138 3195 1209; x_wconf 90' lang='grc' dir='ltr'>στόματος</span> <span class='ocrx_word' id='word_1_171' title='bbox 3229 1135 3466 1194; x_wconf 78' lang='grc' dir='ltr'>λέοντοςο</span> <span class='ocrx_word' id='word_1_172' title='bbox 3502 1130 3652 1187; x_wconf 81' lang='grc' dir='ltr'>ἀλλὰ</span> <span class='ocrx_word' id='word_1_173' title='bbox 3700 1139 3798 1216; x_wconf 57' lang='grc' dir='ltr'>καὶ</span> 
     </span>
    </p>
   </div>
   <div class='ocr_carea' id='block_1_26' title="bbox 2136 1214 3797 1304">
    <p class='ocr_par' dir='ltr' id='par_1_26' title="bbox 2136 1214 3797 1304">
     <span class='ocr_line' id='line_1_26' title="bbox 2136 1214 3797 1304; baseline -0.008 -19"><span class='ocrx_word' id='word_1_174' title='bbox 2136 1214 2352 1304; x_wconf 76' lang='grc' dir='ltr'>ῥύσεταί</span> <span class='ocrx_word' id='word_1_175' title='bbox 2386 1249 2453 1302; x_wconf 87' lang='grc' dir='ltr'>με</span> <span class='ocrx_word' id='word_1_176' title='bbox 2482 1229 2513 1284; x_wconf 76' lang='grc'><strong>8</strong></span> <span class='ocrx_word' id='word_1_177' title='bbox 2544 1214 2739 1304; x_wconf 82' lang='grc' dir='ltr'>Κύριος</span> <span class='ocrx_word' id='word_1_178' title='bbox 2772 1227 2879 1283; x_wconf 73' lang='grc' dir='ltr'>ἀπὸ</span> <span class='ocrx_word' id='word_1_179' title='bbox 2909 1227 3112 1290; x_wconf 86' lang='grc' dir='ltr'>πάςτὸς</span> <span class='ocrx_word' id='word_1_180' title='bbox 3170 1224 3334 1300; x_wconf 78' lang='grc' dir='ltr'>ἔργου</span> <span class='ocrx_word' id='word_1_181' title='bbox 3390 1225 3665 1296; x_wconf 87' lang='grc' dir='ltr'>πονηροῦ,</span> <span class='ocrx_word' id='word_1_182' title='bbox 3699 1214 3797 1274; x_wconf 79' lang='grc' dir='ltr'>καὶ</span> 
     </span>
    </p>
   </div>
   <div class='ocr_carea' id='block_1_27' title="bbox 2137 1309 3797 1392">
    <p class='ocr_par' dir='ltr' id='par_1_27' title="bbox 2137 1309 3797 1392">
     <span class='ocr_line' id='line_1_27' title="bbox 2137 1309 3797 1392; baseline -0.006 -21"><span class='ocrx_word' id='word_1_183' title='bbox 2137 1317 2299 1371; x_wconf 86' lang='grc' dir='ltr'>σώσει</span> <span class='ocrx_word' id='word_1_184' title='bbox 2367 1317 2445 1379; x_wconf 82' lang='grc' dir='ltr'>εἰς</span> <span class='ocrx_word' id='word_1_185' title='bbox 2505 1319 2606 1386; x_wconf 76' lang='grc' dir='ltr'>τὴν</span> <span class='ocrx_word' id='word_1_186' title='bbox 2669 1314 2948 1392; x_wconf 87' lang='grc' dir='ltr'>βασιλείαν</span> <span class='ocrx_word' id='word_1_187' title='bbox 3036 1314 3200 1369; x_wconf 78' lang='grc' dir='ltr'>αὐτοῦ</span> <span class='ocrx_word' id='word_1_188' title='bbox 3283 1314 3383 1381; x_wconf 82' lang='grc' dir='ltr'>τὴν</span> <span class='ocrx_word' id='word_1_189' title='bbox 3450 1309 3797 1384; x_wconf 79' lang='grc' dir='ltr'>ἐπουράνιον,</span> 
     </span>
    </p>
   </div>
   <div class='ocr_carea' id='block_1_28' title="bbox 2136 1398 3803 1486">
    <p class='ocr_par' dir='ltr' id='par_1_28' title="bbox 2136 1398 3803 1486">
     <span class='ocr_line' id='line_1_28' title="bbox 2136 1398 3803 1486; baseline -0.007 -25"><span class='ocrx_word' id='word_1_190' title='bbox 2136 1406 2495 1486; x_wconf 87' lang='grc' dir='ltr'>ὑπεμφαίνων</span> <span class='ocrx_word' id='word_1_191' title='bbox 2561 1406 2624 1461; x_wconf 87' lang='grc' dir='ltr'>τὸ</span> <span class='ocrx_word' id='word_1_192' title='bbox 2680 1405 2989 1481; x_wconf 72' lang='grc' dir='ltr'>παραυτίκα</span> <span class='ocrx_word' id='word_1_193' title='bbox 3051 1403 3374 1478; x_wconf 86' lang='grc' dir='ltr'>μαρτύριον,</span> <span class='ocrx_word' id='word_1_194' title='bbox 3422 1400 3450 1454; x_wconf 82' lang='grc' dir='ltr'><strong>ὃ</strong></span> <span class='ocrx_word' id='word_1_195' title='bbox 3486 1400 3577 1454; x_wconf 88' lang='grc' dir='ltr'>καὶ</span> <span class='ocrx_word' id='word_1_196' title='bbox 3637 1398 3803 1473; x_wconf 75' lang='grc' dir='ltr'>σαφὲ-</span> 
     </span>
    </p>
   </div>
   <div class='ocr_carea' id='block_1_29' title="bbox 2138 1485 3799 1570">
    <p class='ocr_par' dir='ltr' id='par_1_29' title="bbox 2138 1485 3799 1570">
     <span class='ocr_line' id='line_1_29' title="bbox 2138 1485 3799 1570; baseline -0.007 -20"><span class='ocrx_word' id='word_1_197' title='bbox 2138 1485 2324 1570; x_wconf 88' lang='grc' dir='ltr'>στερον</span> <span class='ocrx_word' id='word_1_198' title='bbox 2385 1495 2436 1550; x_wconf 89' lang='grc' dir='ltr'>ἐν</span> <span class='ocrx_word' id='word_1_199' title='bbox 2495 1499 2565 1569; x_wconf 79' lang='grc' dir='ltr'>τῇ</span> <span class='ocrx_word' id='word_1_200' title='bbox 2625 1494 2762 1569; x_wconf 77' lang='grc' dir='ltr'>αὐτῇ</span> <span class='ocrx_word' id='word_1_201' title='bbox 2814 1491 3081 1567; x_wconf 76' lang='grc' dir='ltr'>ἐπιστολῇ</span> <span class='ocrx_word' id='word_1_202' title='bbox 3147 1488 3544 1566; x_wconf 83' lang='grc' dir='ltr'>προσαγορεύει</span> <span class='ocrx_word' id='word_1_203' title='bbox 3597 1485 3799 1559; x_wconf 79' lang='grc' dir='ltr'>λέγων’</span> 
     </span>
    </p>
   </div>
   <div class='ocr_carea' id='block_1_30' title="bbox 2140 1572 3803 1661">
    <p class='ocr_par' dir='ltr' id='par_1_30' title="bbox 2140 1572 3803 1661">
     <span class='ocr_line' id='line_1_30' title="bbox 2140 1572 3803 1661; baseline -0.008 -20"><span class='ocrx_word' id='word_1_204' title='bbox 2140 1574 2283 1658; x_wconf 80' lang='grc' dir='ltr'>Ἐγὼ</span> <span class='ocrx_word' id='word_1_205' title='bbox 2311 1584 2417 1661; x_wconf 87' lang='grc' dir='ltr'>γὰρ</span> <span class='ocrx_word' id='word_1_206' title='bbox 2448 1582 2557 1655; x_wconf 77' lang='grc' dir='ltr'>ἤδη</span> <span class='ocrx_word' id='word_1_207' title='bbox 2604 1581 2931 1657; x_wconf 84' lang='grc' dir='ltr'>σπένδομαι,</span> <span class='ocrx_word' id='word_1_208' title='bbox 2992 1582 3082 1638; x_wconf 86' lang='grc' dir='ltr'>καὶ</span> <span class='ocrx_word' id='word_1_209' title='bbox 3148 1583 3176 1635; x_wconf 87' lang='grc' dir='ltr'>ὁ</span> <span class='ocrx_word' id='word_1_210' title='bbox 3228 1579 3416 1654; x_wconf 87' lang='grc' dir='ltr'>καιρὸς</span> <span class='ocrx_word' id='word_1_211' title='bbox 3474 1584 3572 1646; x_wconf 83' lang='grc' dir='ltr'>τῆς</span> <span class='ocrx_word' id='word_1_212' title='bbox 3595 1572 3803 1630; x_wconf 88' lang='grc' dir='ltr'>ἀναλύ-</span> 
     </span>
    </p>
   </div>
   <div class='ocr_carea' id='block_1_31' title="bbox 2141 1664 3804 1753">
    <p class='ocr_par' dir='ltr' id='par_1_31' title="bbox 2141 1664 3804 1753">
     <span class='ocr_line' id='line_1_31' title="bbox 2141 1664 3804 1753; baseline -0.005 -26"><span class='ocrx_word' id='word_1_213' title='bbox 2141 1674 2278 1737; x_wconf 87' lang='grc' dir='ltr'>σεώς</span> <span class='ocrx_word' id='word_1_214' title='bbox 2340 1696 2445 1748; x_wconf 92' lang='grc' dir='ltr'>μου</span> <span class='ocrx_word' id='word_1_215' title='bbox 2504 1674 2812 1753; x_wconf 72' lang='grc' dir='ltr'>ἐφέστηκεν.</span> <span class='ocrx_word' id='word_1_216' title='bbox 2874 1670 3395 1746; x_wconf 80' lang='grc' dir='ltr'>Ἀπολογησάμενος</span> <span class='ocrx_word' id='word_1_217' title='bbox 3470 1665 3654 1722; x_wconf 87' lang='grc' dir='ltr'>τοίνυν</span> <span class='ocrx_word' id='word_1_218' title='bbox 3704 1664 3804 1732; x_wconf 76' lang='grc' dir='ltr'>τὴν</span> 
     </span>
    </p>
   </div>
   <div class='ocr_carea' id='block_1_32' title="bbox 2140 1755 3805 1840">
    <p class='ocr_par' dir='ltr' id='par_1_32' title="bbox 2140 1755 3805 1840">
     <span class='ocr_line' id='line_1_32' title="bbox 2140 1755 3805 1840; baseline -0.002 -23"><span class='ocrx_word' id='word_1_219' title='bbox 2140 1762 2365 1837; x_wconf 90' lang='grc' dir='ltr'>πρώτην</span> <span class='ocrx_word' id='word_1_220' title='bbox 2398 1760 2707 1840; x_wconf 89' lang='grc' dir='ltr'>ἀπολογίαν</span> <span class='ocrx_word' id='word_1_221' title='bbox 2732 1762 2826 1817; x_wconf 85' lang='grc' dir='ltr'>καὶ</span> <span class='ocrx_word' id='word_1_222' title='bbox 2860 1762 3012 1822; x_wconf 77' lang='grc' dir='ltr'>αὖθις</span> <span class='ocrx_word' id='word_1_223' title='bbox 3043 1760 3130 1815; x_wconf 77' lang='grc' dir='ltr'>ἐπὶ</span> <span class='ocrx_word' id='word_1_224' title='bbox 3162 1761 3263 1829; x_wconf 76' lang='grc' dir='ltr'>τὴν</span> <span class='ocrx_word' id='word_1_225' title='bbox 3296 1763 3393 1813; x_wconf 85' lang='grc' dir='ltr'>τοῦ</span> <span class='ocrx_word' id='word_1_226' title='bbox 3454 1755 3805 1840; x_wconf 63' lang='grc' dir='ltr'>κηρύγματος</span> 
     </span>
    </p>
   </div>
   <div class='ocr_carea' id='block_1_33' title="bbox 360 1837 2020 1940">
    <p class='ocr_par' dir='ltr' id='par_1_33' title="bbox 360 1856 2020 1927">
     <span class='ocr_line' id='line_1_33' title="bbox 360 1856 2020 1927; baseline -0.002 -13"><span class='ocrx_word' id='word_1_227' title='bbox 360 1860 573 1914; x_wconf 91' lang='lat' dir='ltr'>Denuo</span> <span class='ocrx_word' id='word_1_228' title='bbox 591 1862 791 1912; x_wconf 89' lang='lat' dir='ltr'>autem</span> <span class='ocrx_word' id='word_1_229' title='bbox 814 1856 871 1910; x_wconf 90' lang='lat' dir='ltr'>in</span> <span class='ocrx_word' id='word_1_230' title='bbox 897 1856 1147 1911; x_wconf 90' lang='lat' dir='ltr'>vinculis</span> <span class='ocrx_word' id='word_1_231' title='bbox 1171 1859 1415 1912; x_wconf 83' lang='lat' dir='ltr'>Romam</span> <span class='ocrx_word' id='word_1_232' title='bbox 1439 1856 1748 1922; x_wconf 90' lang='lat' dir='ltr'>adductus,</span> <span class='ocrx_word' id='word_1_233' title='bbox 1769 1857 2020 1927; x_wconf 67' lang='lat' dir='ltr'>itemque</span> 
     </span>
    </p>
   </div>
   <div class='ocr_carea' id='block_1_34' title="bbox 2133 1837 3807 1940">
    <p class='ocr_par' dir='ltr' id='par_1_34' title="bbox 2142 1837 3807 1924">
     <span class='ocr_line' id='line_1_34' title="bbox 2142 1837 3807 1924; baseline -0.006 -19"><span class='ocrx_word' id='word_1_234' title='bbox 2142 1848 2419 1906; x_wconf 80' lang='grc' dir='ltr'>διακονίαν</span> <span class='ocrx_word' id='word_1_235' title='bbox 2444 1837 2828 1924; x_wconf 78' lang='grc' dir='ltr'>στειλάμενος,</span> <span class='ocrx_word' id='word_1_236' title='bbox 2862 1852 2981 1906; x_wconf 76' lang='grc' dir='ltr'>εἶτα</span> <span class='ocrx_word' id='word_1_237' title='bbox 3020 1848 3188 1905; x_wconf 82' lang='grc' dir='ltr'>πάλιν</span> <span class='ocrx_word' id='word_1_238' title='bbox 3220 1849 3281 1903; x_wconf 89' lang='grc' dir='ltr'>τὸ</span> <span class='ocrx_word' id='word_1_239' title='bbox 3309 1845 3555 1921; x_wconf 87' lang='grc' dir='ltr'>δεύτερον</span> <span class='ocrx_word' id='word_1_240' title='bbox 3614 1837 3807 1904; x_wconf 80' lang='grc' dir='ltr'>ἐπιϐὰς</span> 
     </span>
    </p>
   </div>
   <div class='ocr_carea' id='block_1_35' title="bbox 358 1943 2024 2016">
    <p class='ocr_par' dir='ltr' id='par_1_35' title="bbox 358 1943 2024 2016">
     <span class='ocr_line' id='line_1_35' title="bbox 358 1943 2024 2016; baseline -0.001 -16"><span class='ocrx_word' id='word_1_241' title='bbox 358 1945 576 2000; x_wconf 88' lang='lat' dir='ltr'>Neroni</span> <span class='ocrx_word' id='word_1_242' title='bbox 600 1943 876 2010; x_wconf 87' lang='lat' dir='ltr'>traditus,</span> <span class='ocrx_word' id='word_1_243' title='bbox 899 1943 1096 2015; x_wconf 91' lang='lat' dir='ltr'>gladio</span> <span class='ocrx_word' id='word_1_244' title='bbox 1119 1949 1425 1999; x_wconf 88' lang='lat' dir='ltr'>truncatus</span> <span class='ocrx_word' id='word_1_245' title='bbox 1448 1944 1715 2016; x_wconf 85' lang='lat' dir='ltr'>martyrii</span> <span class='ocrx_word' id='word_1_246' title='bbox 1742 1961 2024 2000; x_wconf 90' lang='lat' dir='ltr'>coronam</span> 
     </span>
    </p>
   </div>
   <div class='ocr_carea' id='block_1_36' title="bbox 361 2032 2028 2104">
    <p class='ocr_par' dir='ltr' id='par_1_36' title="bbox 361 2032 2028 2104">
     <span class='ocr_line' id='line_1_36' title="bbox 361 2032 2028 2104; baseline -0.001 -15"><span class='ocrx_word' id='word_1_247' title='bbox 361 2032 609 2104; x_wconf 87' lang='lat' dir='ltr'>accepit,</span> <span class='ocrx_word' id='word_1_248' title='bbox 642 2032 736 2086; x_wconf 91' lang='lat' dir='ltr'>die</span> <span class='ocrx_word' id='word_1_249' title='bbox 793 2033 951 2086; x_wconf 88' lang='lat' dir='ltr'>Junii</span> <span class='ocrx_word' id='word_1_250' title='bbox 994 2035 1085 2098; x_wconf 57' lang='lat'>22’,</span> <span class='ocrx_word' id='word_1_251' title='bbox 1120 2032 1330 2087; x_wconf 90' lang='lat' dir='ltr'>eodem</span> <span class='ocrx_word' id='word_1_252' title='bbox 1360 2032 1455 2087; x_wconf 91' lang='lat' dir='ltr'>die</span> <span class='ocrx_word' id='word_1_253' title='bbox 1487 2049 1604 2104; x_wconf 85' lang='lat' dir='ltr'>quo</span> <span class='ocrx_word' id='word_1_254' title='bbox 1637 2039 1773 2088; x_wconf 83' lang='lat' dir='ltr'>ante</span> <span class='ocrx_word' id='word_1_255' title='bbox 1805 2050 2028 2089; x_wconf 90' lang='lat' dir='ltr'>annum</span> 
     </span>
    </p>
   </div>
   <div class='ocr_carea' id='block_1_37' title="bbox 363 2119 2029 2193">
    <p class='ocr_par' dir='ltr' id='par_1_37' title="bbox 363 2119 2029 2193">
     <span class='ocr_line' id='line_1_37' title="bbox 363 2119 2029 2193; baseline 0 -17"><span class='ocrx_word' id='word_1_256' title='bbox 363 2124 576 2176; x_wconf 91' lang='lat' dir='ltr'>Petrus</span> <span class='ocrx_word' id='word_1_257' title='bbox 607 2121 671 2174; x_wconf 92' lang='lat' dir='ltr'>in</span> <span class='ocrx_word' id='word_1_258' title='bbox 703 2136 940 2175; x_wconf 88' lang='lat' dir='ltr'>crucem</span> <span class='ocrx_word' id='word_1_259' title='bbox 972 2119 1086 2174; x_wconf 85' lang='lat' dir='ltr'>fuit</span> <span class='ocrx_word' id='word_1_260' title='bbox 1126 2126 1310 2175; x_wconf 86' lang='lat' dir='ltr'>actus.</span> <span class='ocrx_word' id='word_1_261' title='bbox 1346 2122 1469 2186; x_wconf 85' lang='lat' dir='ltr'>Quo</span> <span class='ocrx_word' id='word_1_262' title='bbox 1521 2121 1772 2193; x_wconf 88' lang='lat' dir='ltr'>supplici</span> <span class='ocrx_word' id='word_1_263' title='bbox 1811 2138 2029 2193; x_wconf 82' lang='lat' dir='ltr'>genere</span> 
     </span>
    </p>
   </div>
   <div class='ocr_carea' id='block_1_38' title="bbox 367 2210 2029 2282">
    <p class='ocr_par' dir='ltr' id='par_1_38' title="bbox 367 2210 2029 2282">
     <span class='ocr_line' id='line_1_38' title="bbox 367 2210 2029 2282; baseline 0 -16"><span class='ocrx_word' id='word_1_264' title='bbox 367 2210 565 2266; x_wconf 79' lang='lat' dir='ltr'>affecti</span> <span class='ocrx_word' id='word_1_265' title='bbox 598 2215 740 2264; x_wconf 89' lang='lat' dir='ltr'>sunt</span> <span class='ocrx_word' id='word_1_266' title='bbox 768 2210 944 2264; x_wconf 87' lang='lat' dir='ltr'>etiam</span> <span class='ocrx_word' id='word_1_267' title='bbox 968 2212 1197 2265; x_wconf 88' lang='lat' dir='ltr'>Marcus</span> <span class='ocrx_word' id='word_1_268' title='bbox 1227 2215 1286 2265; x_wconf 92' lang='lat' dir='ltr'>et</span> <span class='ocrx_word' id='word_1_269' title='bbox 1316 2211 1499 2265; x_wconf 89' lang='lat' dir='ltr'>Lucas</span> <span class='ocrx_word' id='word_1_270' title='bbox 1550 2210 1925 2282; x_wconf 65' lang='lat' dir='ltr'>evangelista;</span> <span class='ocrx_word' id='word_1_271' title='bbox 1962 2226 2029 2266; x_wconf 91' lang='lat' dir='ltr'>ac</span> 
     </span>
    </p>
   </div>
   <div class='ocr_carea' id='block_1_39' title="bbox 372 2298 2029 2370">
    <p class='ocr_par' dir='ltr' id='par_1_39' title="bbox 372 2298 2029 2370">
     <span class='ocr_line' id='line_1_39' title="bbox 372 2298 2029 2370; baseline -0.001 -15"><span class='ocrx_word' id='word_1_272' title='bbox 372 2299 623 2355; x_wconf 84' lang='lat' dir='ltr'>Jacobus</span> <span class='ocrx_word' id='word_1_273' title='bbox 654 2298 889 2353; x_wconf 88' lang='lat' dir='ltr'>Domini</span> <span class='ocrx_word' id='word_1_274' title='bbox 923 2299 1122 2367; x_wconf 84' lang='lat' dir='ltr'>frater,</span> <span class='ocrx_word' id='word_1_275' title='bbox 1167 2298 1239 2354; x_wconf 91' lang='lat' dir='ltr'>de</span> <span class='ocrx_word' id='word_1_276' title='bbox 1271 2299 1488 2370; x_wconf 89' lang='lat' dir='ltr'>quibus</span> <span class='ocrx_word' id='word_1_277' title='bbox 1516 2305 1653 2354; x_wconf 90' lang='lat' dir='ltr'>ante</span> <span class='ocrx_word' id='word_1_278' title='bbox 1696 2299 2029 2355; x_wconf 80' lang='lat' dir='ltr'>retulimus-</span> 
     </span>
    </p>
   </div>
   <div class='ocr_carea' id='block_1_40' title="bbox 369 2387 2030 2460">
    <p class='ocr_par' dir='ltr' id='par_1_40' title="bbox 369 2387 2030 2460">
     <span class='ocr_line' id='line_1_40' title="bbox 369 2387 2030 2460; baseline -0.001 -17"><span class='ocrx_word' id='word_1_279' title='bbox 369 2388 514 2444; x_wconf 93' lang='lat' dir='ltr'>Divo</span> <span class='ocrx_word' id='word_1_280' title='bbox 548 2388 715 2442; x_wconf 67' lang='lat' dir='ltr'>Lucae</span> <span class='ocrx_word' id='word_1_281' title='bbox 746 2404 852 2459; x_wconf 90' lang='lat' dir='ltr'>pro</span> <span class='ocrx_word' id='word_1_282' title='bbox 886 2403 1059 2442; x_wconf 90' lang='lat' dir='ltr'>cruce</span> <span class='ocrx_word' id='word_1_283' title='bbox 1090 2387 1202 2443; x_wconf 90' lang='lat' dir='ltr'>fuit</span> <span class='ocrx_word' id='word_1_284' title='bbox 1245 2387 1376 2443; x_wconf 89' lang='lat' dir='ltr'>olea</span> <span class='ocrx_word' id='word_1_285' title='bbox 1422 2387 1725 2460; x_wconf 88' lang='lat' dir='ltr'>frugifera,</span> <span class='ocrx_word' id='word_1_286' title='bbox 1771 2403 1906 2442; x_wconf 91' lang='lat' dir='ltr'>cum</span> <span class='ocrx_word' id='word_1_287' title='bbox 1956 2387 2030 2442; x_wconf 91' lang='lat' dir='ltr'>ad</span> 
     </span>
    </p>
   </div>
   <div class='ocr_carea' id='block_1_41' title="bbox 370 2476 2033 2549">
    <p class='ocr_par' dir='ltr' id='par_1_41' title="bbox 370 2476 2033 2549">
     <span class='ocr_line' id='line_1_41' title="bbox 370 2476 2033 2549; baseline -0.001 -17"><span class='ocrx_word' id='word_1_288' title='bbox 370 2477 703 2549; x_wconf 86' lang='lat' dir='ltr'>parandam</span> <span class='ocrx_word' id='word_1_289' title='bbox 736 2493 972 2532; x_wconf 88' lang='lat' dir='ltr'>crucem</span> <span class='ocrx_word' id='word_1_290' title='bbox 1003 2476 1239 2531; x_wconf 91' lang='lat' dir='ltr'>nullum</span> <span class='ocrx_word' id='word_1_291' title='bbox 1271 2476 1344 2531; x_wconf 91' lang='lat' dir='ltr'>iis</span> <span class='ocrx_word' id='word_1_292' title='bbox 1374 2476 1436 2531; x_wconf 93' lang='lat' dir='ltr'>in</span> <span class='ocrx_word' id='word_1_293' title='bbox 1466 2476 1613 2532; x_wconf 93' lang='lat' dir='ltr'>locis</span> <span class='ocrx_word' id='word_1_294' title='bbox 1657 2476 1887 2532; x_wconf 90' lang='lat' dir='ltr'>aridum</span> <span class='ocrx_word' id='word_1_295' title='bbox 1921 2476 2033 2548; x_wconf 89' lang='lat' dir='ltr'>lig-</span> 
     </span>
    </p>
   </div>
   <div class='ocr_carea' id='block_1_42' title="bbox 370 2565 2031 2637">
    <p class='ocr_par' dir='ltr' id='par_1_42' title="bbox 370 2565 2031 2637">
     <span class='ocr_line' id='line_1_42' title="bbox 370 2565 2031 2637; baseline -0.001 -17"><span class='ocrx_word' id='word_1_296' title='bbox 370 2582 516 2621; x_wconf 89' lang='lat' dir='ltr'>num</span> <span class='ocrx_word' id='word_1_297' title='bbox 547 2566 930 2637; x_wconf 88' lang='lat' dir='ltr'>reperiretur.</span> <span class='ocrx_word' id='word_1_298' title='bbox 979 2565 1122 2636; x_wconf 86' lang='lat' dir='ltr'>Ejus</span> <span class='ocrx_word' id='word_1_299' title='bbox 1160 2581 1377 2637; x_wconf 90' lang='lat' dir='ltr'>corpus</span> <span class='ocrx_word' id='word_1_300' title='bbox 1429 2565 1672 2636; x_wconf 91' lang='lat' dir='ltr'>quidam</span> <span class='ocrx_word' id='word_1_301' title='bbox 1731 2565 2031 2621; x_wconf 88' lang='lat' dir='ltr'>sublatum</span> 
     </span>
    </p>
   </div>
   <div class='ocr_carea' id='block_1_43' title="bbox 363 2642 2033 2726">
    <p class='ocr_par' dir='ltr' id='par_1_43' title="bbox 363 2642 2033 2726">
     <span class='ocr_line' id='line_1_43' title="bbox 363 2642 2033 2726; baseline -0.001 -16"><span class='ocrx_word' id='word_1_302' title='bbox 363 2656 519 2710; x_wconf 92' lang='lat' dir='ltr'>inter</span> <span class='ocrx_word' id='word_1_303' title='bbox 548 2654 737 2710; x_wconf 85' lang='lat' dir='ltr'>multa</span> <span class='ocrx_word' id='word_1_304' title='bbox 759 2655 878 2710; x_wconf 88' lang='lat' dir='ltr'>alia</span> <span class='ocrx_word' id='word_1_305' title='bbox 908 2654 1184 2726; x_wconf 89' lang='lat' dir='ltr'>sepulcra</span> <span class='ocrx_word' id='word_1_306' title='bbox 1214 2654 1551 2710; x_wconf 89' lang='lat' dir='ltr'>recondidit</span> <span class='ocrx_word' id='word_1_307' title='bbox 1574 2674 1589 2721; x_wconf 87' lang='lat'><strong>;</strong></span> <span class='ocrx_word' id='word_1_308' title='bbox 1612 2655 1811 2726; x_wconf 89' lang='lat' dir='ltr'>itaque</span> <span class='ocrx_word' id='word_1_309' title='bbox 1834 2642 2033 2711; x_wconf 75' lang='lat' dir='ltr'>effecit</span> 
     </span>
    </p>
   </div>
   <div class='ocr_carea' id='block_1_44' title="bbox 365 2743 2027 2816">
    <p class='ocr_par' dir='ltr' id='par_1_44' title="bbox 365 2743 2027 2816">
     <span class='ocr_line' id='line_1_44' title="bbox 365 2743 2027 2816; baseline 0 -17"><span class='ocrx_word' id='word_1_310' title='bbox 365 2745 521 2800; x_wconf 87' lang='lat' dir='ltr'>utin</span> <span class='ocrx_word' id='word_1_311' title='bbox 568 2744 820 2799; x_wconf 91' lang='lat' dir='ltr'>obscuro</span> <span class='ocrx_word' id='word_1_312' title='bbox 881 2744 1012 2815; x_wconf 86' lang='lat' dir='ltr'>ejus</span> <span class='ocrx_word' id='word_1_313' title='bbox 1070 2743 1361 2816; x_wconf 70' lang='lat' dir='ltr'>sepulcrm</span> <span class='ocrx_word' id='word_1_314' title='bbox 1418 2743 1582 2799; x_wconf 90' lang='lat' dir='ltr'>locus</span> <span class='ocrx_word' id='word_1_315' title='bbox 1642 2750 1819 2801; x_wconf 89' lang='lat' dir='ltr'>esset.</span> <span class='ocrx_word' id='word_1_316' title='bbox 1881 2745 2027 2800; x_wconf 89' lang='lat' dir='ltr'>Cum</span> 
     </span>
    </p>
   </div>
   <div class='ocr_carea' id='block_1_45' title="bbox 366 2833 2026 2905">
    <p class='ocr_par' dir='ltr' id='par_1_45' title="bbox 366 2833 2026 2905">
     <span class='ocr_line' id='line_1_45' title="bbox 366 2833 2026 2905; baseline 0.001 -17"><span class='ocrx_word' id='word_1_317' title='bbox 366 2839 565 2889; x_wconf 89' lang='lat' dir='ltr'>autem</span> <span class='ocrx_word' id='word_1_318' title='bbox 597 2838 806 2904; x_wconf 91' lang='lat' dir='ltr'>postea</span> <span class='ocrx_word' id='word_1_319' title='bbox 863 2833 1142 2905; x_wconf 88' lang='lat' dir='ltr'>discipuli</span> <span class='ocrx_word' id='word_1_320' title='bbox 1203 2849 1333 2888; x_wconf 92' lang='lat' dir='ltr'>eam</span> <span class='ocrx_word' id='word_1_321' title='bbox 1388 2835 1785 2905; x_wconf 88' lang='lat' dir='ltr'>requirerent,</span> <span class='ocrx_word' id='word_1_322' title='bbox 1847 2840 2026 2904; x_wconf 88' lang='lat' dir='ltr'>atque</span> 
     </span>
    </p>
   </div>
   <div class='ocr_carea' id='block_1_46' title="bbox 362 2920 2029 2993">
    <p class='ocr_par' dir='ltr' id='par_1_46' title="bbox 362 2920 2029 2993">
     <span class='ocr_line' id='line_1_46' title="bbox 362 2920 2029 2993; baseline 0.001 -18"><span class='ocrx_word' id='word_1_323' title='bbox 362 2926 608 2993; x_wconf 89' lang='lat' dir='ltr'>propter</span> <span class='ocrx_word' id='word_1_324' title='bbox 621 2920 1030 2992; x_wconf 88' lang='lat' dir='ltr'>sepulcrorum</span> <span class='ocrx_word' id='word_1_325' title='bbox 1043 2920 1555 2976; x_wconf 90' lang='lat' dir='ltr'>multitutudinem</span> <span class='ocrx_word' id='word_1_326' title='bbox 1570 2938 1690 2976; x_wconf 93' lang='lat' dir='ltr'>non</span> <span class='ocrx_word' id='word_1_327' title='bbox 1702 2922 2029 2993; x_wconf 76' lang='lat' dir='ltr'>deprehen-</span> 
     </span>
    </p>
   </div>
   <div class='ocr_carea' id='block_1_47' title="bbox 362 3009 2029 3081">
    <p class='ocr_par' dir='ltr' id='par_1_47' title="bbox 362 3009 2029 3081">
     <span class='ocr_line' id='line_1_47' title="bbox 362 3009 2029 3081; baseline 0.001 -16"><span class='ocrx_word' id='word_1_328' title='bbox 362 3010 503 3065; x_wconf 91' lang='lat' dir='ltr'>dere</span> <span class='ocrx_word' id='word_1_329' title='bbox 527 3009 621 3065; x_wconf 71' lang='grc'>87</span> <span class='ocrx_word' id='word_1_330' title='bbox 633 3010 681 3065; x_wconf 72' lang='lat'><strong>8</strong></span> <span class='ocrx_word' id='word_1_331' title='bbox 699 3014 966 3081; x_wconf 90' lang='lat' dir='ltr'>possent,</span> <span class='ocrx_word' id='word_1_332' title='bbox 995 3025 1203 3065; x_wconf 88' lang='lat' dir='ltr'>eorum</span> <span class='ocrx_word' id='word_1_333' title='bbox 1234 3010 1511 3081; x_wconf 88' lang='lat' dir='ltr'>precibus</span> <span class='ocrx_word' id='word_1_334' title='bbox 1555 3016 1751 3065; x_wconf 89' lang='lat' dir='ltr'>motus</span> <span class='ocrx_word' id='word_1_335' title='bbox 1777 3015 1927 3066; x_wconf 88' lang='lat' dir='ltr'>Deus</span> <span class='ocrx_word' id='word_1_336' title='bbox 1958 3027 2029 3066; x_wconf 88' lang='lat' dir='ltr'>ea</span> 
     </span>
    </p>
   </div>
   <div class='ocr_carea' id='block_1_48' title="bbox 361 3099 2024 3172">
    <p class='ocr_par' dir='ltr' id='par_1_48' title="bbox 361 3099 2024 3172">
     <span class='ocr_line' id='line_1_48' title="bbox 361 3099 2024 3172; baseline -0.001 -17"><span class='ocrx_word' id='word_1_337' title='bbox 361 3106 536 3155; x_wconf 89' lang='lat' dir='ltr'>nocte</span> <span class='ocrx_word' id='word_1_338' title='bbox 568 3100 819 3171; x_wconf 81' lang='lat' dir='ltr'>collyria</span> <span class='ocrx_word' id='word_1_339' title='bbox 847 3099 1081 3155; x_wconf 90' lang='lat' dir='ltr'>medica</span> <span class='ocrx_word' id='word_1_340' title='bbox 1103 3116 1285 3171; x_wconf 90' lang='lat' dir='ltr'>super</span> <span class='ocrx_word' id='word_1_341' title='bbox 1306 3100 1435 3171; x_wconf 88' lang='lat' dir='ltr'>ejus</span> <span class='ocrx_word' id='word_1_342' title='bbox 1461 3099 1757 3154; x_wconf 87' lang='lat' dir='ltr'>tumulum</span> <span class='ocrx_word' id='word_1_343' title='bbox 1774 3099 2024 3172; x_wconf 66' lang='lat' dir='ltr'>depluit:</span> 
     </span>
    </p>
   </div>
   <div class='ocr_carea' id='block_1_49' title="bbox 358 3189 2014 3260">
    <p class='ocr_par' dir='ltr' id='par_1_49' title="bbox 358 3189 2014 3260">
     <span class='ocr_line' id='line_1_49' title="bbox 358 3189 2014 3260; baseline 0 -15"><span class='ocrx_word' id='word_1_344' title='bbox 358 3194 563 3245; x_wconf 88' lang='lat' dir='ltr'>notam</span> <span class='ocrx_word' id='word_1_345' title='bbox 593 3189 737 3245; x_wconf 90' lang='lat' dir='ltr'>artis</span> <span class='ocrx_word' id='word_1_346' title='bbox 767 3205 947 3260; x_wconf 89' lang='lat' dir='ltr'>quam</span> <span class='ocrx_word' id='word_1_347' title='bbox 994 3194 1362 3245; x_wconf 88' lang='lat' dir='ltr'>exercuerat.</span> <span class='ocrx_word' id='word_1_348' title='bbox 1424 3192 1615 3259; x_wconf 86' lang='lat' dir='ltr'>Atque</span> <span class='ocrx_word' id='word_1_349' title='bbox 1674 3190 1785 3244; x_wconf 91' lang='lat' dir='ltr'>hoc</span> <span class='ocrx_word' id='word_1_350' title='bbox 1838 3189 2014 3245; x_wconf 88' lang='lat' dir='ltr'>modo</span> 
     </span>
    </p>
   </div>
   <div class='ocr_carea' id='block_1_50' title="bbox 2138 1930 3809 2015">
    <p class='ocr_par' dir='ltr' id='par_1_50' title="bbox 2138 1930 3809 2015">
     <span class='ocr_line' id='line_1_50' title="bbox 2138 1930 3809 2015; baseline -0.005 -21"><span class='ocrx_word' id='word_1_351' title='bbox 2138 1945 2207 2014; x_wconf 81' lang='grc' dir='ltr'>τῇ</span> <span class='ocrx_word' id='word_1_352' title='bbox 2239 1940 2428 2015; x_wconf 79' lang='grc' dir='ltr'>Ῥώμῃ</span> <span class='ocrx_word' id='word_1_353' title='bbox 2460 1939 2687 2014; x_wconf 84' lang='grc' dir='ltr'>δέσμιος</span> <span class='ocrx_word' id='word_1_354' title='bbox 2717 1940 2809 1995; x_wconf 84' lang='grc' dir='ltr'>καὶ</span> <span class='ocrx_word' id='word_1_355' title='bbox 2832 1939 3093 2000; x_wconf 75' lang='grc' dir='ltr'>ὡσαύτως</span> <span class='ocrx_word' id='word_1_356' title='bbox 3124 1939 3339 2012; x_wconf 81' lang='grc' dir='ltr'>Νέρωνι</span> <span class='ocrx_word' id='word_1_357' title='bbox 3370 1931 3697 2009; x_wconf 78' lang='grc' dir='ltr'>παραδοθεὶς</span> <span class='ocrx_word' id='word_1_358' title='bbox 3719 1930 3809 1986; x_wconf 87' lang='grc' dir='ltr'>τὸν</span> 
     </span>
    </p>
   </div>
   <div class='ocr_carea' id='block_1_51' title="bbox 2142 2015 3805 2105">
    <p class='ocr_par' dir='ltr' id='par_1_51' title="bbox 2142 2015 3805 2105">
     <span class='ocr_line' id='line_1_51' title="bbox 2142 2015 3805 2105; baseline -0.009 -16"><span class='ocrx_word' id='word_1_359' title='bbox 2142 2027 2231 2084; x_wconf 77' lang='grc' dir='ltr'>διὰ</span> <span class='ocrx_word' id='word_1_360' title='bbox 2259 2030 2445 2103; x_wconf 78' lang='grc' dir='ltr'>ξίφους</span> <span class='ocrx_word' id='word_1_361' title='bbox 2473 2034 2571 2085; x_wconf 87' lang='grc' dir='ltr'>τοῦ</span> <span class='ocrx_word' id='word_1_362' title='bbox 2611 2029 2916 2105; x_wconf 85' lang='grc' dir='ltr'>μαρτυρίου</span> <span class='ocrx_word' id='word_1_363' title='bbox 2975 2027 3235 2101; x_wconf 83' lang='grc' dir='ltr'>στέφανον</span> <span class='ocrx_word' id='word_1_364' title='bbox 3295 2023 3618 2095; x_wconf 74' lang='grc' dir='ltr'>ἀνεδήσατο,</span> <span class='ocrx_word' id='word_1_365' title='bbox 3671 2015 3805 2093; x_wconf 86' lang='grc' dir='ltr'>μηνῖ</span> 
     </span>
    </p>
   </div>
   <div class='ocr_carea' id='block_1_52' title="bbox 2141 2110 3801 2193">
    <p class='ocr_par' dir='ltr' id='par_1_52' title="bbox 2141 2110 3801 2193">
     <span class='ocr_line' id='line_1_52' title="bbox 2141 2110 3801 2193; baseline -0.005 -20"><span class='ocrx_word' id='word_1_366' title='bbox 2141 2116 2355 2191; x_wconf 83' lang='grc' dir='ltr'>Ἰουνίῳ</span> <span class='ocrx_word' id='word_1_367' title='bbox 2385 2121 2483 2187; x_wconf 90' lang='grc' dir='ltr'>κθ’,</span> <span class='ocrx_word' id='word_1_368' title='bbox 2516 2120 2634 2173; x_wconf 85' lang='grc' dir='ltr'>καθ’</span> <span class='ocrx_word' id='word_1_369' title='bbox 2691 2119 2757 2189; x_wconf 75' lang='grc' dir='ltr'>ἢν</span> <span class='ocrx_word' id='word_1_370' title='bbox 2818 2118 3027 2193; x_wconf 80' lang='grc' dir='ltr'>ἡμέραν</span> <span class='ocrx_word' id='word_1_371' title='bbox 3086 2117 3179 2172; x_wconf 83' lang='grc' dir='ltr'>καὶ</span> <span class='ocrx_word' id='word_1_372' title='bbox 3223 2113 3423 2189; x_wconf 84' lang='grc' dir='ltr'>Πέτρος</span> <span class='ocrx_word' id='word_1_373' title='bbox 3462 2110 3801 2186; x_wconf 79' lang='grc' dir='ltr'>ἐσταυρώθη,</span> 
     </span>
    </p>
   </div>
   <div class='ocr_carea' id='block_1_53' title="bbox 2146 2199 3801 2283">
    <p class='ocr_par' dir='ltr' id='par_1_53' title="bbox 2146 2199 3801 2283">
     <span class='ocr_line' id='line_1_53' title="bbox 2146 2199 3801 2283; baseline -0.004 -23"><span class='ocrx_word' id='word_1_374' title='bbox 2146 2207 2279 2279; x_wconf 80' lang='grc' dir='ltr'>μετά</span> <span class='ocrx_word' id='word_1_375' title='bbox 2308 2204 2563 2283; x_wconf 86' lang='grc' dir='ltr'>περίοδον</span> <span class='ocrx_word' id='word_1_376' title='bbox 2594 2208 2802 2282; x_wconf 88' lang='grc' dir='ltr'>χρόνου</span> <span class='ocrx_word' id='word_1_377' title='bbox 2846 2208 2982 2277; x_wconf 77' lang='grc' dir='ltr'>ἐνὸς,</span> <span class='ocrx_word' id='word_1_378' title='bbox 3014 2206 3253 2280; x_wconf 85' lang='grc' dir='ltr'>καθάπερ</span> <span class='ocrx_word' id='word_1_379' title='bbox 3310 2204 3401 2258; x_wconf 87' lang='grc' dir='ltr'>καὶ</span> <span class='ocrx_word' id='word_1_380' title='bbox 3457 2203 3680 2276; x_wconf 80' lang='grc' dir='ltr'>Μάρκος</span> <span class='ocrx_word' id='word_1_381' title='bbox 3710 2199 3801 2255; x_wconf 84' lang='grc' dir='ltr'>καὶ</span> 
     </span>
    </p>
   </div>
   <div class='ocr_carea' id='block_1_54' title="bbox 2143 2287 3802 2371">
    <p class='ocr_par' dir='ltr' id='par_1_54' title="bbox 2143 2287 3802 2371">
     <span class='ocr_line' id='line_1_54' title="bbox 2143 2287 3802 2371; baseline -0.005 -21"><span class='ocrx_word' id='word_1_382' title='bbox 2143 2299 2354 2357; x_wconf 82' lang='grc' dir='ltr'>Λουκᾶς</span> <span class='ocrx_word' id='word_1_383' title='bbox 2400 2297 2450 2351; x_wconf 78' lang='grc' dir='ltr'>οἱ</span> <span class='ocrx_word' id='word_1_384' title='bbox 2510 2295 2889 2371; x_wconf 83' lang='grc' dir='ltr'>εύαγγελισταὶ</span> <span class='ocrx_word' id='word_1_385' title='bbox 2946 2297 3036 2350; x_wconf 85' lang='grc' dir='ltr'>καὶ</span> <span class='ocrx_word' id='word_1_386' title='bbox 3085 2289 3348 2355; x_wconf 82' lang='grc' dir='ltr'>Ἰάκωϐος</span> <span class='ocrx_word' id='word_1_387' title='bbox 3382 2294 3410 2347; x_wconf 86' lang='grc' dir='ltr'>ὁ</span> <span class='ocrx_word' id='word_1_388' title='bbox 3450 2287 3802 2366; x_wconf 83' lang='grc' dir='ltr'>ἀδελφόθεος,</span> 
     </span>
    </p>
   </div>
   <div class='ocr_carea' id='block_1_55' title="bbox 2142 2379 3803 2463">
    <p class='ocr_par' dir='ltr' id='par_1_55' title="bbox 2142 2379 3803 2463">
     <span class='ocr_line' id='line_1_55' title="bbox 2142 2379 3803 2463; baseline -0.005 -21"><span class='ocrx_word' id='word_1_389' title='bbox 2142 2388 2217 2449; x_wconf 86' lang='grc' dir='ltr'>ὡς</span> <span class='ocrx_word' id='word_1_390' title='bbox 2266 2381 2571 2463; x_wconf 78' lang='grc' dir='ltr'>ἔμπροσθεν</span> <span class='ocrx_word' id='word_1_391' title='bbox 2603 2386 2836 2462; x_wconf 67' lang='grc' dir='ltr'>εἴρηται.</span> <span class='ocrx_word' id='word_1_392' title='bbox 2869 2393 2923 2443; x_wconf 78' lang='lat'>‘0</span> <span class='ocrx_word' id='word_1_393' title='bbox 2963 2388 3057 2443; x_wconf 81' lang='grc' dir='ltr'>οὗν</span> <span class='ocrx_word' id='word_1_394' title='bbox 3109 2387 3377 2459; x_wconf 84' lang='grc' dir='ltr'>μακάριος</span> <span class='ocrx_word' id='word_1_395' title='bbox 3446 2386 3660 2442; x_wconf 84' lang='grc' dir='ltr'>Λουκᾶς</span> <span class='ocrx_word' id='word_1_396' title='bbox 3715 2379 3803 2435; x_wconf 82' lang='grc' dir='ltr'>ἐπὶ</span> 
     </span>
    </p>
   </div>
   <div class='ocr_carea' id='block_1_56' title="bbox 2141 2469 3803 2556">
    <p class='ocr_par' dir='ltr' id='par_1_56' title="bbox 2141 2469 3803 2556">
     <span class='ocr_line' id='line_1_56' title="bbox 2141 2469 3803 2556; baseline -0.005 -25"><span class='ocrx_word' id='word_1_397' title='bbox 2141 2475 2327 2540; x_wconf 78' lang='grc' dir='ltr'>ἐλαίας</span> <span class='ocrx_word' id='word_1_398' title='bbox 2395 2477 2749 2556; x_wconf 81' lang='grc' dir='ltr'>καρποφόρου</span> <span class='ocrx_word' id='word_1_399' title='bbox 2834 2476 3172 2547; x_wconf 80' lang='grc' dir='ltr'>ἐσταυρώθη,</span> <span class='ocrx_word' id='word_1_400' title='bbox 3258 2474 3333 2546; x_wconf 81' lang='grc' dir='ltr'>μὴ</span> <span class='ocrx_word' id='word_1_401' title='bbox 3412 2469 3803 2547; x_wconf 63' lang='grc' dir='ltr'>εὑρισκομένου</span> 
     </span>
    </p>
   </div>
   <div class='ocr_carea' id='block_1_57' title="bbox 2140 2558 3799 2640">
    <p class='ocr_par' dir='ltr' id='par_1_57' title="bbox 2140 2558 3799 2640">
     <span class='ocr_line' id='line_1_57' title="bbox 2140 2558 3799 2640; baseline -0.004 -22"><span class='ocrx_word' id='word_1_402' title='bbox 2140 2564 2310 2635; x_wconf 78' lang='grc' dir='ltr'>ξύλου</span> <span class='ocrx_word' id='word_1_403' title='bbox 2344 2568 2513 2640; x_wconf 78' lang='grc' dir='ltr'>ξηροῦ</span> <span class='ocrx_word' id='word_1_404' title='bbox 2541 2564 2595 2621; x_wconf 76' lang='grc' dir='ltr'>ἐν</span> <span class='ocrx_word' id='word_1_405' title='bbox 2621 2570 2702 2638; x_wconf 84' lang='grc' dir='ltr'>τῷ</span> <span class='ocrx_word' id='word_1_406' title='bbox 2731 2565 2889 2638; x_wconf 84' lang='grc' dir='ltr'>τόπῳ</span> <span class='ocrx_word' id='word_1_407' title='bbox 2945 2564 3082 2638; x_wconf 89' lang='grc' dir='ltr'>πρὸς</span> <span class='ocrx_word' id='word_1_408' title='bbox 3135 2565 3199 2618; x_wconf 82' lang='grc' dir='ltr'>τὸ</span> <span class='ocrx_word' id='word_1_409' title='bbox 3244 2560 3488 2638; x_wconf 84' lang='grc' dir='ltr'>γενέσθαι</span> <span class='ocrx_word' id='word_1_410' title='bbox 3548 2558 3799 2631; x_wconf 86' lang='grc' dir='ltr'>σταυρόν.</span> 
     </span>
    </p>
   </div>
   <div class='ocr_carea' id='block_1_58' title="bbox 2140 2645 3804 2728">
    <p class='ocr_par' dir='ltr' id='par_1_58' title="bbox 2140 2645 3804 2728">
     <span class='ocr_line' id='line_1_58' title="bbox 2140 2645 3804 2728; baseline -0.007 -16"><span class='ocrx_word' id='word_1_411' title='bbox 2140 2655 2246 2712; x_wconf 82' lang='grc' dir='ltr'>Καὶ</span> <span class='ocrx_word' id='word_1_412' title='bbox 2272 2650 2458 2710; x_wconf 87' lang='grc' dir='ltr'>λαϐών</span> <span class='ocrx_word' id='word_1_413' title='bbox 2489 2675 2571 2717; x_wconf 87' lang='grc' dir='ltr'>τις</span> <span class='ocrx_word' id='word_1_414' title='bbox 2607 2656 2672 2710; x_wconf 87' lang='grc' dir='ltr'>τὸ</span> <span class='ocrx_word' id='word_1_415' title='bbox 2739 2659 2900 2728; x_wconf 86' lang='grc' dir='ltr'>σῶμα</span> <span class='ocrx_word' id='word_1_416' title='bbox 2955 2653 3122 2709; x_wconf 80' lang='grc' dir='ltr'>αὐτοῦ</span> <span class='ocrx_word' id='word_1_417' title='bbox 3177 2652 3265 2706; x_wconf 82' lang='grc' dir='ltr'>καὶ</span> <span class='ocrx_word' id='word_1_418' title='bbox 3327 2650 3519 2723; x_wconf 80' lang='grc' dir='ltr'>μεταξὺ</span> <span class='ocrx_word' id='word_1_419' title='bbox 3574 2645 3804 2703; x_wconf 81' lang='grc' dir='ltr'>πολλῶν</span> 
     </span>
    </p>
   </div>
   <div class='ocr_carea' id='block_1_59' title="bbox 2144 2732 3801 2818">
    <p class='ocr_par' dir='ltr' id='par_1_59' title="bbox 2144 2732 3801 2818">
     <span class='ocr_line' id='line_1_59' title="bbox 2144 2732 3801 2818; baseline -0.005 -20"><span class='ocrx_word' id='word_1_420' title='bbox 2144 2742 2429 2818; x_wconf 77' lang='grc' dir='ltr'>μνημείων</span> <span class='ocrx_word' id='word_1_421' title='bbox 2463 2743 2634 2817; x_wconf 83' lang='grc' dir='ltr'>θάψας</span> <span class='ocrx_word' id='word_1_422' title='bbox 2674 2741 2888 2815; x_wconf 78' lang='grc' dir='ltr'>ἄδηλον</span> <span class='ocrx_word' id='word_1_423' title='bbox 2946 2741 3171 2812; x_wconf 79' lang='grc' dir='ltr'>ἐποίησε</span> <span class='ocrx_word' id='word_1_424' title='bbox 3221 2740 3316 2794; x_wconf 89' lang='grc' dir='ltr'>τὸν</span> <span class='ocrx_word' id='word_1_425' title='bbox 3354 2737 3540 2817; x_wconf 84' lang='grc' dir='ltr'>τάφον.</span> <span class='ocrx_word' id='word_1_426' title='bbox 3587 2739 3706 2793; x_wconf 90' lang='grc' dir='ltr'>Τῶν</span> <span class='ocrx_word' id='word_1_427' title='bbox 3742 2732 3801 2790; x_wconf 72' lang='grc' dir='ltr'>δὶ</span> 
     </span>
    </p>
   </div>
   <div class='ocr_carea' id='block_1_60' title="bbox 2142 2822 3799 2905">
    <p class='ocr_par' dir='ltr' id='par_1_60' title="bbox 2142 2822 3799 2905">
     <span class='ocr_line' id='line_1_60' title="bbox 2142 2822 3799 2905; baseline -0.006 -18"><span class='ocrx_word' id='word_1_428' title='bbox 2142 2835 2398 2905; x_wconf 82' lang='grc' dir='ltr'>μαθητῶν</span> <span class='ocrx_word' id='word_1_429' title='bbox 2441 2832 2852 2903; x_wconf 83' lang='grc' dir='ltr'>ἀναζητούντων</span> <span class='ocrx_word' id='word_1_430' title='bbox 2888 2829 3174 2905; x_wconf 86' lang='grc' dir='ltr'>μετέπειτα</span> <span class='ocrx_word' id='word_1_431' title='bbox 3232 2827 3321 2883; x_wconf 86' lang='grc' dir='ltr'>καὶ</span> <span class='ocrx_word' id='word_1_432' title='bbox 3384 2829 3460 2900; x_wconf 82' lang='grc' dir='ltr'>μή</span> <span class='ocrx_word' id='word_1_433' title='bbox 3520 2822 3799 2896; x_wconf 83' lang='grc' dir='ltr'>εὑρισκόν-</span> 
     </span>
    </p>
   </div>
   <div class='ocr_carea' id='block_1_61' title="bbox 2136 2916 3793 2997">
    <p class='ocr_par' dir='ltr' id='par_1_61' title="bbox 2136 2916 3793 2997">
     <span class='ocr_line' id='line_1_61' title="bbox 2136 2916 3793 2997; baseline -0.005 -21"><span class='ocrx_word' id='word_1_434' title='bbox 2136 2942 2244 2977; x_wconf 86' lang='grc' dir='ltr'>των</span> <span class='ocrx_word' id='word_1_435' title='bbox 2276 2922 2445 2978; x_wconf 85' lang='grc' dir='ltr'>αύτοῦ</span> <span class='ocrx_word' id='word_1_436' title='bbox 2471 2923 2565 2977; x_wconf 89' lang='grc' dir='ltr'>τὸν</span> <span class='ocrx_word' id='word_1_437' title='bbox 2595 2924 2764 2997; x_wconf 84' lang='grc' dir='ltr'>τάφον</span> <span class='ocrx_word' id='word_1_438' title='bbox 2794 2918 2885 2977; x_wconf 80' lang='grc' dir='ltr'>διὰ</span> <span class='ocrx_word' id='word_1_439' title='bbox 2912 2922 2976 2977; x_wconf 89' lang='grc' dir='ltr'>τὸ</span> <span class='ocrx_word' id='word_1_440' title='bbox 3019 2919 3233 2989; x_wconf 77' lang='grc' dir='ltr'>πλῆθος</span> <span class='ocrx_word' id='word_1_441' title='bbox 3295 2923 3405 2972; x_wconf 92' lang='grc' dir='ltr'>τῶν</span> <span class='ocrx_word' id='word_1_442' title='bbox 3468 2916 3793 2989; x_wconf 85' lang='grc' dir='ltr'>μνημάτων,</span> 
     </span>
    </p>
   </div>
   <div class='ocr_carea' id='block_1_62' title="bbox 2134 3002 3796 3087">
    <p class='ocr_par' dir='ltr' id='par_1_62' title="bbox 2134 3002 3796 3087">
     <span class='ocr_line' id='line_1_62' title="bbox 2134 3002 3796 3087; baseline -0.006 -21"><span class='ocrx_word' id='word_1_443' title='bbox 2134 3010 2581 3087; x_wconf 78' lang='grc' dir='ltr'>προσευξαμένων</span> <span class='ocrx_word' id='word_1_444' title='bbox 2666 3011 2842 3066; x_wconf 79' lang='grc' dir='ltr'>αὐτῶν</span> <span class='ocrx_word' id='word_1_445' title='bbox 2926 3015 2995 3085; x_wconf 81' lang='grc' dir='ltr'>τῇ</span> <span class='ocrx_word' id='word_1_446' title='bbox 3071 3010 3223 3063; x_wconf 89' lang='grc' dir='ltr'>νυκτὶ</span> <span class='ocrx_word' id='word_1_447' title='bbox 3292 3006 3471 3081; x_wconf 75' lang='grc' dir='ltr'>ἐκείνῃ</span> <span class='ocrx_word' id='word_1_448' title='bbox 3528 3002 3796 3077; x_wconf 85' lang='grc' dir='ltr'>κολούρια</span> 
     </span>
    </p>
   </div>
   <div class='ocr_carea' id='block_1_63' title="bbox 2132 3093 3787 3175">
    <p class='ocr_par' dir='ltr' id='par_1_63' title="bbox 2132 3093 3787 3175">
     <span class='ocr_line' id='line_1_63' title="bbox 2132 3093 3787 3175; baseline -0.005 -21"><span class='ocrx_word' id='word_1_449' title='bbox 2132 3095 2345 3175; x_wconf 65' lang='grc' dir='ltr'>ἳϐριξεν</span> <span class='ocrx_word' id='word_1_450' title='bbox 2374 3101 2403 3155; x_wconf 86' lang='grc' dir='ltr'>ὁ</span> <span class='ocrx_word' id='word_1_451' title='bbox 2433 3100 2564 3164; x_wconf 87' lang='grc' dir='ltr'>Θεὸς</span> <span class='ocrx_word' id='word_1_452' title='bbox 2599 3101 2816 3175; x_wconf 80' lang='grc' dir='ltr'>ἱατρικά</span> <span class='ocrx_word' id='word_1_453' title='bbox 2852 3098 3035 3155; x_wconf 81' lang='grc' dir='ltr'>ἐπάνω</span> <span class='ocrx_word' id='word_1_454' title='bbox 3089 3102 3188 3153; x_wconf 90' lang='grc' dir='ltr'>τοῦ</span> <span class='ocrx_word' id='word_1_455' title='bbox 3242 3098 3416 3172; x_wconf 83' lang='grc' dir='ltr'>τάφου</span> <span class='ocrx_word' id='word_1_456' title='bbox 3468 3097 3569 3149; x_wconf 87' lang='grc' dir='ltr'>τοῦ</span> <span class='ocrx_word' id='word_1_457' title='bbox 3623 3093 3787 3149; x_wconf 83' lang='grc' dir='ltr'>Ἀπο-</span> 
     </span>
    </p>
   </div>
   <div class='ocr_carea' id='block_1_64' title="bbox 2136 3182 3789 3264">
    <p class='ocr_par' dir='ltr' id='par_1_64' title="bbox 2136 3182 3789 3264">
     <span class='ocr_line' id='line_1_64' title="bbox 2136 3182 3789 3264; baseline -0.006 -18"><span class='ocrx_word' id='word_1_458' title='bbox 2136 3190 2358 3258; x_wconf 82' lang='grc' dir='ltr'>στόλου,</span> <span class='ocrx_word' id='word_1_459' title='bbox 2391 3185 2649 3264; x_wconf 86' lang='grc' dir='ltr'>σύμϐολα</span> <span class='ocrx_word' id='word_1_460' title='bbox 2676 3197 2777 3260; x_wconf 83' lang='grc' dir='ltr'>τῆς</span> <span class='ocrx_word' id='word_1_461' title='bbox 2817 3191 3127 3261; x_wconf 75' lang='grc' dir='ltr'>ἐπιστήμης</span> <span class='ocrx_word' id='word_1_462' title='bbox 3163 3185 3349 3254; x_wconf 79' lang='grc' dir='ltr'>αὐτοῦ,</span> <span class='ocrx_word' id='word_1_463' title='bbox 3376 3185 3468 3240; x_wconf 88' lang='grc' dir='ltr'>καὶ</span> <span class='ocrx_word' id='word_1_464' title='bbox 3500 3183 3561 3239; x_wconf 82' lang='grc' dir='ltr'>ἐκ</span> <span class='ocrx_word' id='word_1_465' title='bbox 3582 3182 3789 3239; x_wconf 89' lang='grc' dir='ltr'>τούτων</span> 
     </span>
    </p>
   </div>
   <div class='ocr_carea' id='block_1_65' title="bbox 358 3237 2020 3360">
    <p class='ocr_par' dir='ltr' id='par_1_65' title="bbox 358 3237 2013 3360">
     <span class='ocr_line' id='line_1_65' title="bbox 360 3237 2010 3260; baseline 0 -15"><span class='ocrx_word' id='word_1_466' title='bbox 360 3237 563 3245; x_wconf 62' lang='lat'>----.....</span> <span class='ocrx_word' id='word_1_467' title='bbox 594 3237 736 3245; x_wconf 64' lang='grc' dir='ltr'>---η</span> <span class='ocrx_word' id='word_1_468' title='bbox 771 3237 947 3260; x_wconf 55' lang='grc' dir='ltr'>ηη---</span> <span class='ocrx_word' id='word_1_469' title='bbox 998 3237 1362 3245; x_wconf 67' lang='lat'>------_--_-.</span> <span class='ocrx_word' id='word_1_470' title='bbox 1424 3237 1612 3259; x_wconf 51' lang='grc' dir='ltr'>ων-</span> <span class='ocrx_word' id='word_1_471' title='bbox 1674 3237 1782 3244; x_wconf 57' lang='grc' dir='ltr'>---ν</span> <span class='ocrx_word' id='word_1_472' title='bbox 1839 3237 2010 3245; x_wconf 58' lang='grc' dir='ltr'>..-η</span> 
     </span>
     <span class='ocr_line' id='line_1_66' title="bbox 358 3276 2013 3360; baseline -0.001 -27"><span class='ocrx_word' id='word_1_473' title='bbox 358 3279 698 3350; x_wconf 88' lang='lat' dir='ltr'>sepulcrum</span> <span class='ocrx_word' id='word_1_474' title='bbox 748 3280 917 3334; x_wconf 63' lang='lat' dir='ltr'>Lucae</span> <span class='ocrx_word' id='word_1_475' title='bbox 972 3278 1253 3334; x_wconf 90' lang='lat' dir='ltr'>innotuit.</span> <span class='ocrx_word' id='word_1_476' title='bbox 1317 3276 1506 3348; x_wconf 84' lang='lat' dir='ltr'>Hujus</span> <span class='ocrx_word' id='word_1_477' title='bbox 1566 3284 1785 3333; x_wconf 70' lang='lat' dir='ltr'>sanctas</span> <span class='ocrx_word' id='word_1_478' title='bbox 1833 3282 2013 3360; x_wconf 78' lang='lat' dir='ltr'>atque</span> 
     </span>
    </p>
   </div>
   <div class='ocr_carea' id='block_1_66' title="bbox 2133 3237 3790 3360">
    <p class='ocr_par' dir='ltr' id='par_1_66' title="bbox 2133 3237 3790 3356">
     <span class='ocr_line' id='line_1_67' title="bbox 2133 3237 3790 3356; baseline -0.005 -21"><span class='ocrx_word' id='word_1_479' title='bbox 2133 3237 2649 3356; x_wconf 48' lang='grc' dir='ltr'>ιέέᾀὲζῖἰγζρὲῼῖᾷᾲξ</span> <span class='ocrx_word' id='word_1_480' title='bbox 2687 3237 3195 3356; x_wconf 51' lang='grc' dir='ltr'>ξ’τᾶᾇιζξῗὸῖτξ</span> <span class='ocrx_word' id='word_1_481' title='bbox 3206 3237 3223 3241; x_wconf 61' lang='grc'>⁷</span> <span class='ocrx_word' id='word_1_482' title='bbox 3245 3237 3444 3349; x_wconf 57' lang='grc' dir='ltr'>’ἐιριέᾷ</span> <span class='ocrx_word' id='word_1_483' title='bbox 3459 3237 3465 3238; x_wconf 30' lang='grc' dir='ltr'>ί</span> <span class='ocrx_word' id='word_1_484' title='bbox 3496 3237 3607 3329; x_wconf 50' lang='grc' dir='ltr'>..δ’</span> <span class='ocrx_word' id='word_1_485' title='bbox 3629 3274 3790 3347; x_wconf 82' lang='grc' dir='ltr'>ἅγιον</span> 
     </span>
    </p>
   </div>
   <div class='ocr_carea' id='block_1_67' title="bbox 355 3366 2014 3438">
    <p class='ocr_par' dir='ltr' id='par_1_67' title="bbox 355 3366 2014 3438">
     <span class='ocr_line' id='line_1_68' title="bbox 355 3366 2014 3438; baseline -0.001 -17"><span class='ocrx_word' id='word_1_486' title='bbox 355 3368 708 3424; x_wconf 77' lang='lat' dir='ltr'>venerandaa</span> <span class='ocrx_word' id='word_1_487' title='bbox 739 3368 1012 3438; x_wconf 65' lang='lat' dir='ltr'>reliquiae</span> <span class='ocrx_word' id='word_1_488' title='bbox 1070 3367 1178 3423; x_wconf 90' lang='lat' dir='ltr'>sub</span> <span class='ocrx_word' id='word_1_489' title='bbox 1235 3367 1582 3422; x_wconf 89' lang='lat' dir='ltr'>Constantio</span> <span class='ocrx_word' id='word_1_490' title='bbox 1641 3366 2014 3422; x_wconf 82' lang='lat' dir='ltr'>Constantinl</span> 
     </span>
    </p>
   </div>
   <div class='ocr_carea' id='block_1_68' title="bbox 355 3456 2015 3531">
    <p class='ocr_par' dir='ltr' id='par_1_68' title="bbox 355 3456 2015 3531">
     <span class='ocr_line' id='line_1_69' title="bbox 355 3456 2015 3531; baseline -0.001 -17"><span class='ocrx_word' id='word_1_491' title='bbox 355 3459 545 3531; x_wconf 88' lang='lat' dir='ltr'>Magni</span> <span class='ocrx_word' id='word_1_492' title='bbox 577 3458 701 3513; x_wconf 80' lang='lat' dir='ltr'>filio</span> <span class='ocrx_word' id='word_1_493' title='bbox 732 3458 887 3512; x_wconf 89' lang='lat' dir='ltr'>beati</span> <span class='ocrx_word' id='word_1_494' title='bbox 918 3457 1166 3512; x_wconf 84' lang='lat' dir='ltr'>Artemii</span> <span class='ocrx_word' id='word_1_495' title='bbox 1212 3473 1393 3528; x_wconf 89' lang='lat' dir='ltr'>opera</span> <span class='ocrx_word' id='word_1_496' title='bbox 1442 3456 2015 3527; x_wconf 81' lang='lat' dir='ltr'>Constantinopolim</span> 
     </span>
    </p>
   </div>
   <div class='ocr_carea' id='block_1_69' title="bbox 355 3544 2016 3616">
    <p class='ocr_par' dir='ltr' id='par_1_69' title="bbox 355 3544 2016 3616">
     <span class='ocr_line' id='line_1_70' title="bbox 355 3544 2016 3616; baseline -0.001 -15"><span class='ocrx_word' id='word_1_497' title='bbox 355 3547 581 3611; x_wconf 62' lang='lat' dir='ltr'>relata),</span> <span class='ocrx_word' id='word_1_498' title='bbox 612 3545 898 3616; x_wconf 66' lang='lat' dir='ltr'>depositae</span> <span class='ocrx_word' id='word_1_499' title='bbox 932 3551 1072 3601; x_wconf 91' lang='lat' dir='ltr'>sunt</span> <span class='ocrx_word' id='word_1_500' title='bbox 1098 3545 1159 3599; x_wconf 88' lang='lat' dir='ltr'>in</span> <span class='ocrx_word' id='word_1_501' title='bbox 1191 3544 1415 3615; x_wconf 89' lang='lat' dir='ltr'>templo</span> <span class='ocrx_word' id='word_1_502' title='bbox 1447 3545 1723 3599; x_wconf 89' lang='lat' dir='ltr'>Divorum</span> <span class='ocrx_word' id='word_1_503' title='bbox 1773 3547 2016 3616; x_wconf 87' lang='lat' dir='ltr'>Aposto-</span> 
     </span>
    </p>
   </div>
   <div class='ocr_carea' id='block_1_70' title="bbox 357 3633 2020 3701">
    <p class='ocr_par' dir='ltr' id='par_1_70' title="bbox 357 3633 2020 3701">
     <span class='ocr_line' id='line_1_71' title="bbox 357 3633 2020 3701; baseline 0.001 -12"><span class='ocrx_word' id='word_1_504' title='bbox 357 3635 575 3699; x_wconf 86' lang='lat' dir='ltr'>lorum,</span> <span class='ocrx_word' id='word_1_505' title='bbox 618 3634 777 3689; x_wconf 91' lang='lat' dir='ltr'>intra</span> <span class='ocrx_word' id='word_1_506' title='bbox 808 3650 1037 3689; x_wconf 89' lang='lat' dir='ltr'>sacram</span> <span class='ocrx_word' id='word_1_507' title='bbox 1088 3650 1381 3701; x_wconf 87' lang='lat' dir='ltr'>mensam,</span> <span class='ocrx_word' id='word_1_508' title='bbox 1411 3650 1531 3690; x_wconf 87' lang='lat' dir='ltr'>una</span> <span class='ocrx_word' id='word_1_509' title='bbox 1586 3649 1723 3689; x_wconf 90' lang='lat' dir='ltr'>cum</span> <span class='ocrx_word' id='word_1_510' title='bbox 1781 3633 2020 3690; x_wconf 83' lang='lat' dir='ltr'>Andrea</span> 
     </span>
    </p>
   </div>
   <div class='ocr_carea' id='block_1_71' title="bbox 357 3722 1298 3793">
    <p class='ocr_par' dir='ltr' id='par_1_71' title="bbox 357 3722 1298 3793">
     <span class='ocr_line' id='line_1_72' title="bbox 357 3722 1298 3793; baseline -0.002 -14"><span class='ocrx_word' id='word_1_511' title='bbox 357 3729 418 3779; x_wconf 91' lang='lat' dir='ltr'>et</span> <span class='ocrx_word' id='word_1_512' title='bbox 443 3723 749 3778; x_wconf 89' lang='lat' dir='ltr'>Timotheo</span> <span class='ocrx_word' id='word_1_513' title='bbox 772 3723 963 3777; x_wconf 90' lang='lat' dir='ltr'>beatis</span> <span class='ocrx_word' id='word_1_514' title='bbox 993 3722 1298 3793; x_wconf 87' lang='lat' dir='ltr'>apostolis.</span> 
     </span>
    </p>
   </div>
   <div class='ocr_carea' id='block_1_72' title="bbox 431 3809 2015 3884">
    <p class='ocr_par' dir='ltr' id='par_1_72' title="bbox 431 3809 2015 3884">
     <span class='ocr_line' id='line_1_73' title="bbox 431 3809 2015 3884; baseline 0.002 -20"><span class='ocrx_word' id='word_1_515' title='bbox 431 3811 722 3865; x_wconf 79' lang='lat' dir='ltr'>Caeterum</span> <span class='ocrx_word' id='word_1_516' title='bbox 779 3809 963 3864; x_wconf 64' lang='lat' dir='ltr'>Judaei</span> <span class='ocrx_word' id='word_1_517' title='bbox 995 3826 1030 3864; x_wconf 91' lang='lat' dir='ltr'>a</span> <span class='ocrx_word' id='word_1_518' title='bbox 1059 3809 1275 3865; x_wconf 89' lang='lat' dir='ltr'>Christi</span> <span class='ocrx_word' id='word_1_519' title='bbox 1305 3809 1367 3864; x_wconf 93' lang='lat' dir='ltr'>in</span> <span class='ocrx_word' id='word_1_520' title='bbox 1400 3810 1612 3866; x_wconf 65' lang='lat' dir='ltr'>caelum</span> <span class='ocrx_word' id='word_1_521' title='bbox 1674 3812 2015 3884; x_wconf 88' lang='lat' dir='ltr'>receptione</span> 
     </span>
    </p>
   </div>
   <div class='ocr_carea' id='block_1_73' title="bbox 358 3897 2022 3971">
    <p class='ocr_par' dir='ltr' id='par_1_73' title="bbox 358 3897 2022 3971">
     <span class='ocr_line' id='line_1_74' title="bbox 358 3897 2022 3971; baseline 0.002 -18"><span class='ocrx_word' id='word_1_522' title='bbox 358 3915 566 3971; x_wconf 89' lang='lat' dir='ltr'>pacem</span> <span class='ocrx_word' id='word_1_523' title='bbox 581 3898 918 3954; x_wconf 88' lang='lat' dir='ltr'>habuerunt</span> <span class='ocrx_word' id='word_1_524' title='bbox 938 3914 1124 3953; x_wconf 91' lang='lat' dir='ltr'>annos</span> <span class='ocrx_word' id='word_1_525' title='bbox 1143 3897 1554 3971; x_wconf 86' lang='lat' dir='ltr'>quadraginta,</span> <span class='ocrx_word' id='word_1_526' title='bbox 1568 3916 1703 3955; x_wconf 92' lang='lat' dir='ltr'>cum</span> <span class='ocrx_word' id='word_1_527' title='bbox 1722 3900 1806 3955; x_wconf 90' lang='lat' dir='ltr'>eis</span> <span class='ocrx_word' id='word_1_528' title='bbox 1823 3900 2022 3956; x_wconf 91' lang='lat' dir='ltr'>divina</span> 
     </span>
    </p>
   </div>
   <div class='ocr_carea' id='block_1_74' title="bbox 352 3986 2022 4061">
    <p class='ocr_par' dir='ltr' id='par_1_74' title="bbox 352 3986 2022 4061">
     <span class='ocr_line' id='line_1_75' title="bbox 352 3986 2022 4061; baseline 0.002 -18"><span class='ocrx_word' id='word_1_529' title='bbox 352 3987 646 4043; x_wconf 89' lang='lat' dir='ltr'>lentitudo</span> <span class='ocrx_word' id='word_1_530' title='bbox 676 3987 734 4041; x_wconf 91' lang='lat' dir='ltr'>id</span> <span class='ocrx_word' id='word_1_531' title='bbox 752 3987 825 4042; x_wconf 91' lang='lat' dir='ltr'>ad</span> <span class='ocrx_word' id='word_1_532' title='bbox 849 3986 1325 4059; x_wconf 88' lang='lat' dir='ltr'>resipiscendum</span> <span class='ocrx_word' id='word_1_533' title='bbox 1355 3988 1670 4060; x_wconf 85' lang='lat' dir='ltr'>largiretur</span> <span class='ocrx_word' id='word_1_534' title='bbox 1694 3994 2022 4061; x_wconf 70' lang='lat' dir='ltr'>tempus,ut</span> 
     </span>
    </p>
   </div>
   <div class='ocr_carea' id='block_1_75' title="bbox 356 4076 2017 4149">
    <p class='ocr_par' dir='ltr' id='par_1_75' title="bbox 356 4076 2017 4149">
     <span class='ocr_line' id='line_1_76' title="bbox 356 4076 2017 4149; baseline 0.002 -18"><span class='ocrx_word' id='word_1_535' title='bbox 356 4093 465 4131; x_wconf 90' lang='lat' dir='ltr'>sua</span> <span class='ocrx_word' id='word_1_536' title='bbox 495 4077 849 4132; x_wconf 86' lang='lat' dir='ltr'>damnantes</span> <span class='ocrx_word' id='word_1_537' title='bbox 867 4082 1109 4149; x_wconf 89' lang='lat' dir='ltr'>peccata</span> <span class='ocrx_word' id='word_1_538' title='bbox 1125 4076 1344 4132; x_wconf 90' lang='lat' dir='ltr'>factum</span> <span class='ocrx_word' id='word_1_539' title='bbox 1365 4083 1684 4133; x_wconf 89' lang='lat' dir='ltr'>mutarent.</span> <span class='ocrx_word' id='word_1_540' title='bbox 1722 4079 1765 4134; x_wconf 89' lang='lat' dir='ltr'>li</span> <span class='ocrx_word' id='word_1_541' title='bbox 1797 4095 1933 4135; x_wconf 88' lang='lat' dir='ltr'>vero</span> <span class='ocrx_word' id='word_1_542' title='bbox 1956 4080 2017 4135; x_wconf 87' lang='lat' dir='ltr'>in</span> 
     </span>
    </p>
   </div>
   <div class='ocr_carea' id='block_1_76' title="bbox 354 4166 2018 4235">
    <p class='ocr_par' dir='ltr' id='par_1_76' title="bbox 354 4166 2018 4235">
     <span class='ocr_line' id='line_1_77' title="bbox 354 4166 2018 4235; baseline 0.002 -14"><span class='ocrx_word' id='word_1_543' title='bbox 354 4166 619 4222; x_wconf 90' lang='lat' dir='ltr'>deterius</span> <span class='ocrx_word' id='word_1_544' title='bbox 642 4173 909 4235; x_wconf 87' lang='lat' dir='ltr'>ruentes,</span> <span class='ocrx_word' id='word_1_545' title='bbox 953 4166 1177 4221; x_wconf 85' lang='lat' dir='ltr'>invidia</span> <span class='ocrx_word' id='word_1_546' title='bbox 1207 4182 1274 4221; x_wconf 92' lang='lat' dir='ltr'>eo</span> <span class='ocrx_word' id='word_1_547' title='bbox 1308 4166 1549 4222; x_wconf 86' lang='lat' dir='ltr'>adducti</span> <span class='ocrx_word' id='word_1_548' title='bbox 1585 4174 1726 4223; x_wconf 90' lang='lat' dir='ltr'>sunt</span> <span class='ocrx_word' id='word_1_549' title='bbox 1753 4169 1839 4222; x_wconf 89' lang='lat' dir='ltr'>uti</span> <span class='ocrx_word' id='word_1_550' title='bbox 1872 4185 2018 4224; x_wconf 90' lang='lat' dir='ltr'>san-</span> 
     </span>
    </p>
   </div>
   <div class='ocr_carea' id='block_1_77' title="bbox 351 4254 2022 4327">
    <p class='ocr_par' dir='ltr' id='par_1_77' title="bbox 351 4254 2022 4327">
     <span class='ocr_line' id='line_1_78' title="bbox 351 4254 2022 4327; baseline -0.001 -16"><span class='ocrx_word' id='word_1_551' title='bbox 351 4264 475 4311; x_wconf 85' lang='lat' dir='ltr'>ctos</span> <span class='ocrx_word' id='word_1_552' title='bbox 507 4256 915 4311; x_wconf 83' lang='lat' dir='ltr'>interﬁcerent</span> <span class='ocrx_word' id='word_1_553' title='bbox 997 4257 1386 4327; x_wconf 88' lang='lat' dir='ltr'>Stephanum,</span> <span class='ocrx_word' id='word_1_554' title='bbox 1417 4256 1697 4312; x_wconf 69' lang='lat' dir='ltr'>Iacobum</span> <span class='ocrx_word' id='word_1_555' title='bbox 1749 4254 2022 4314; x_wconf 74' lang='lat' dir='ltr'>Zebedaai</span> 
     </span>
    </p>
   </div>
   <div class='ocr_carea' id='block_1_78' title="bbox 350 4345 2018 4419">
    <p class='ocr_par' dir='ltr' id='par_1_78' title="bbox 350 4345 2018 4419">
     <span class='ocr_line' id='line_1_79' title="bbox 350 4345 2018 4419; baseline 0.001 -17"><span class='ocrx_word' id='word_1_556' title='bbox 350 4345 563 4418; x_wconf 84' lang='lat' dir='ltr'>ﬁlium,</span> <span class='ocrx_word' id='word_1_557' title='bbox 596 4346 878 4401; x_wconf 84' lang='lat' dir='ltr'>Jacobum</span> <span class='ocrx_word' id='word_1_558' title='bbox 910 4346 1143 4401; x_wconf 91' lang='lat' dir='ltr'>Domini</span> <span class='ocrx_word' id='word_1_559' title='bbox 1175 4345 1443 4414; x_wconf 87' lang='lat' dir='ltr'>fratrem,</span> <span class='ocrx_word' id='word_1_560' title='bbox 1478 4351 1537 4401; x_wconf 92' lang='lat' dir='ltr'>et</span> <span class='ocrx_word' id='word_1_561' title='bbox 1587 4346 1757 4402; x_wconf 92' lang='lat' dir='ltr'>alios.</span> <span class='ocrx_word' id='word_1_562' title='bbox 1813 4349 2018 4419; x_wconf 88' lang='lat' dir='ltr'>Itaque</span> 
     </span>
    </p>
   </div>
   <div class='ocr_carea' id='block_1_79' title="bbox 351 4434 2018 4506">
    <p class='ocr_par' dir='ltr' id='par_1_79' title="bbox 351 4434 2018 4506">
     <span class='ocr_line' id='line_1_80' title="bbox 351 4434 2018 4506; baseline 0.003 -19"><span class='ocrx_word' id='word_1_563' title='bbox 351 4450 457 4488; x_wconf 87' lang='lat' dir='ltr'>suo</span> <span class='ocrx_word' id='word_1_564' title='bbox 488 4434 700 4489; x_wconf 91' lang='lat' dir='ltr'>merito</span> <span class='ocrx_word' id='word_1_565' title='bbox 734 4435 948 4490; x_wconf 87' lang='lat' dir='ltr'>divitus</span> <span class='ocrx_word' id='word_1_566' title='bbox 979 4434 1307 4506; x_wconf 84' lang='lat' dir='ltr'>profectam</span> <span class='ocrx_word' id='word_1_567' title='bbox 1352 4435 1463 4489; x_wconf 86' lang='lat' dir='ltr'>sibi</span> <span class='ocrx_word' id='word_1_568' title='bbox 1520 4441 1894 4492; x_wconf 84' lang='lat' dir='ltr'>attraxerunt</span> <span class='ocrx_word' id='word_1_569' title='bbox 1924 4438 2018 4492; x_wconf 87' lang='lat' dir='ltr'>in-</span> 
     </span>
    </p>
   </div>
   <div class='ocr_carea' id='block_1_80' title="bbox 350 4523 2018 4598">
    <p class='ocr_par' dir='ltr' id='par_1_80' title="bbox 350 4523 2018 4598">
     <span class='ocr_line' id='line_1_81' title="bbox 350 4523 2018 4598; baseline 0.003 -22"><span class='ocrx_word' id='word_1_570' title='bbox 350 4524 780 4587; x_wconf 83' lang='lat' dir='ltr'>ternecionem.</span> <span class='ocrx_word' id='word_1_571' title='bbox 814 4526 895 4578; x_wconf 88' lang='lat' dir='ltr'>Ea</span> <span class='ocrx_word' id='word_1_572' title='bbox 923 4523 1066 4594; x_wconf 91' lang='lat' dir='ltr'>ipsis</span> <span class='ocrx_word' id='word_1_573' title='bbox 1094 4530 1183 4578; x_wconf 89' lang='lat' dir='ltr'>est</span> <span class='ocrx_word' id='word_1_574' title='bbox 1222 4523 1588 4579; x_wconf 87' lang='lat' dir='ltr'>terribilibus</span> <span class='ocrx_word' id='word_1_575' title='bbox 1644 4531 1821 4596; x_wconf 91' lang='lat' dir='ltr'>atque</span> <span class='ocrx_word' id='word_1_576' title='bbox 1880 4543 2018 4598; x_wconf 85' lang='lat' dir='ltr'>per-</span> 
     </span>
    </p>
   </div>
   <div class='ocr_carea' id='block_1_81' title="bbox 2128 3363 3791 3442">
    <p class='ocr_par' dir='ltr' id='par_1_81' title="bbox 2128 3363 3791 3442">
     <span class='ocr_line' id='line_1_82' title="bbox 2128 3363 3791 3442; baseline -0.006 -17"><span class='ocrx_word' id='word_1_577' title='bbox 2128 3368 2381 3442; x_wconf 85' lang='grc' dir='ltr'>λείψανον</span> <span class='ocrx_word' id='word_1_578' title='bbox 2413 3369 2769 3442; x_wconf 68' lang='grc' dir='ltr'>ἀνακομισθὲν</span> <span class='ocrx_word' id='word_1_579' title='bbox 2802 3367 2890 3422; x_wconf 77' lang='grc' dir='ltr'>έπὶ</span> <span class='ocrx_word' id='word_1_580' title='bbox 2951 3366 3333 3425; x_wconf 84' lang='grc' dir='ltr'>Κωνσταντίου</span> <span class='ocrx_word' id='word_1_581' title='bbox 3394 3366 3508 3440; x_wconf 74' lang='grc'>(47)</span> <span class='ocrx_word' id='word_1_582' title='bbox 3538 3368 3637 3419; x_wconf 91' lang='grc' dir='ltr'>τοῦ</span> <span class='ocrx_word' id='word_1_583' title='bbox 3668 3363 3791 3417; x_wconf 81' lang='grc' dir='ltr'>υἱοῦ</span> 
     </span>
    </p>
   </div>
   <div class='ocr_carea' id='block_1_82' title="bbox 2124 3451 3787 3533">
    <p class='ocr_par' dir='ltr' id='par_1_82' title="bbox 2124 3451 3787 3533">
     <span class='ocr_line' id='line_1_83' title="bbox 2124 3451 3787 3533; baseline -0.004 -21"><span class='ocrx_word' id='word_1_584' title='bbox 2124 3460 2223 3513; x_wconf 89' lang='grc' dir='ltr'>τοῦ</span> <span class='ocrx_word' id='word_1_585' title='bbox 2284 3455 2529 3533; x_wconf 87' lang='grc' dir='ltr'>μεγάλου</span> <span class='ocrx_word' id='word_1_586' title='bbox 2615 3456 3015 3513; x_wconf 84' lang='grc' dir='ltr'>Κωνσταντίνου</span> <span class='ocrx_word' id='word_1_587' title='bbox 3098 3451 3189 3510; x_wconf 70' lang='grc' dir='ltr'>διὰ</span> <span class='ocrx_word' id='word_1_588' title='bbox 3251 3452 3348 3509; x_wconf 85' lang='grc' dir='ltr'>τοῦ</span> <span class='ocrx_word' id='word_1_589' title='bbox 3408 3454 3568 3528; x_wconf 80' lang='grc' dir='ltr'>ἁγίου</span> <span class='ocrx_word' id='word_1_590' title='bbox 3596 3457 3787 3527; x_wconf 85' lang='grc' dir='ltr'>Ἀρτε-</span> 
     </span>
    </p>
   </div>
   <div class='ocr_carea' id='block_1_83' title="bbox 2131 3540 3788 3620">
    <p class='ocr_par' dir='ltr' id='par_1_83' title="bbox 2131 3540 3788 3620">
     <span class='ocr_line' id='line_1_84' title="bbox 2131 3540 3788 3620; baseline -0.004 -19"><span class='ocrx_word' id='word_1_591' title='bbox 2131 3545 2261 3619; x_wconf 91' lang='grc' dir='ltr'>μίου</span> <span class='ocrx_word' id='word_1_592' title='bbox 2294 3589 2308 3614; x_wconf 91' lang='grc'>,</span> <span class='ocrx_word' id='word_1_593' title='bbox 2364 3545 2516 3617; x_wconf 72' lang='grc' dir='ltr'>ἐτέθη</span> <span class='ocrx_word' id='word_1_594' title='bbox 2587 3546 2638 3601; x_wconf 75' lang='grc' dir='ltr'>ἐν</span> <span class='ocrx_word' id='word_1_595' title='bbox 2695 3551 2775 3619; x_wconf 81' lang='grc' dir='ltr'>τῷ</span> <span class='ocrx_word' id='word_1_596' title='bbox 2831 3550 2945 3617; x_wconf 83' lang='grc' dir='ltr'>ναῷ</span> <span class='ocrx_word' id='word_1_597' title='bbox 2999 3549 3109 3600; x_wconf 88' lang='grc' dir='ltr'>τῶν</span> <span class='ocrx_word' id='word_1_598' title='bbox 3165 3543 3366 3620; x_wconf 78' lang='grc' dir='ltr'>Ἀγίων</span> <span class='ocrx_word' id='word_1_599' title='bbox 3414 3540 3788 3609; x_wconf 87' lang='grc' dir='ltr'>Ἀποστόλων,</span> 
     </span>
    </p>
   </div>
   <div class='ocr_carea' id='block_1_84' title="bbox 2131 3629 3787 3710">
    <p class='ocr_par' dir='ltr' id='par_1_84' title="bbox 2131 3629 3787 3710">
     <span class='ocr_line' id='line_1_85' title="bbox 2131 3629 3787 3710; baseline -0.004 -19"><span class='ocrx_word' id='word_1_600' title='bbox 2131 3634 2390 3692; x_wconf 77' lang='grc' dir='ltr'>ὑποκάτω</span> <span class='ocrx_word' id='word_1_601' title='bbox 2440 3642 2542 3705; x_wconf 84' lang='grc' dir='ltr'>τῆς</span> <span class='ocrx_word' id='word_1_602' title='bbox 2621 3636 2774 3710; x_wconf 81' lang='grc' dir='ltr'>ἁγίας</span> <span class='ocrx_word' id='word_1_603' title='bbox 2849 3634 3147 3709; x_wconf 82' lang='grc' dir='ltr'>τραπέζης,</span> <span class='ocrx_word' id='word_1_604' title='bbox 3212 3633 3329 3707; x_wconf 85' lang='grc' dir='ltr'>μετ’</span> <span class='ocrx_word' id='word_1_605' title='bbox 3385 3629 3640 3705; x_wconf 75' lang='grc' dir='ltr'>’Δνδρέου</span> <span class='ocrx_word' id='word_1_606' title='bbox 3695 3629 3787 3685; x_wconf 84' lang='grc' dir='ltr'>καὶ</span> 
     </span>
    </p>
   </div>
   <div class='ocr_carea' id='block_1_85' title="bbox 2127 3722 3122 3800">
    <p class='ocr_par' dir='ltr' id='par_1_85' title="bbox 2127 3722 3122 3800">
     <span class='ocr_line' id='line_1_86' title="bbox 2127 3722 3122 3800; baseline -0.002 -18"><span class='ocrx_word' id='word_1_607' title='bbox 2127 3723 2405 3798; x_wconf 74' lang='grc' dir='ltr'>Τιμοθέου</span> <span class='ocrx_word' id='word_1_608' title='bbox 2432 3729 2543 3779; x_wconf 89' lang='grc' dir='ltr'>τῶν</span> <span class='ocrx_word' id='word_1_609' title='bbox 2574 3726 2745 3800; x_wconf 82' lang='grc' dir='ltr'>ἀγιων</span> <span class='ocrx_word' id='word_1_610' title='bbox 2776 3722 3122 3780; x_wconf 87' lang='grc' dir='ltr'>ἀποστόλων.</span> 
     </span>
    </p>
   </div>
   <div class='ocr_carea' id='block_1_86' title="bbox 2200 3808 3784 3888">
    <p class='ocr_par' dir='ltr' id='par_1_86' title="bbox 2200 3808 3784 3888">
     <span class='ocr_line' id='line_1_87' title="bbox 2200 3808 3784 3888; baseline -0.004 -17"><span class='ocrx_word' id='word_1_611' title='bbox 2200 3816 2287 3888; x_wconf 87' lang='grc' dir='ltr'>[Ρ.</span> <span class='ocrx_word' id='word_1_612' title='bbox 2321 3817 2447 3887; x_wconf 81' lang='grc'>213]</span> <span class='ocrx_word' id='word_1_613' title='bbox 2478 3816 2549 3871; x_wconf 79' lang='grc' dir='ltr'>Οἱ</span> <span class='ocrx_word' id='word_1_614' title='bbox 2577 3814 2759 3869; x_wconf 90' lang='grc' dir='ltr'>τοίνυν</span> <span class='ocrx_word' id='word_1_615' title='bbox 2792 3811 3052 3871; x_wconf 67' lang='grc' dir='ltr'>Ἰουδαῖοι</span> <span class='ocrx_word' id='word_1_616' title='bbox 3088 3813 3225 3886; x_wconf 86' lang='grc' dir='ltr'>μετᾶ</span> <span class='ocrx_word' id='word_1_617' title='bbox 3268 3813 3369 3881; x_wconf 82' lang='grc' dir='ltr'>τήν</span> <span class='ocrx_word' id='word_1_618' title='bbox 3423 3814 3521 3865; x_wconf 89' lang='grc' dir='ltr'>τοῦ</span> <span class='ocrx_word' id='word_1_619' title='bbox 3577 3808 3784 3884; x_wconf 89' lang='grc' dir='ltr'>Κυρίου</span> 
     </span>
    </p>
   </div>
   <div class='ocr_carea' id='block_1_87' title="bbox 2128 3896 3780 3979">
    <p class='ocr_par' dir='ltr' id='par_1_87' title="bbox 2128 3896 3780 3979">
     <span class='ocr_line' id='line_1_88' title="bbox 2128 3896 3780 3979; baseline -0.004 -19"><span class='ocrx_word' id='word_1_620' title='bbox 2128 3902 2403 3979; x_wconf 80' lang='grc' dir='ltr'>ἀνάληψιν</span> <span class='ocrx_word' id='word_1_621' title='bbox 2453 3903 2803 3977; x_wconf 85' lang='grc' dir='ltr'>ἀπολέμητοι</span> <span class='ocrx_word' id='word_1_622' title='bbox 2860 3901 3135 3977; x_wconf 83' lang='grc' dir='ltr'>διέμειναν</span> <span class='ocrx_word' id='word_1_623' title='bbox 3194 3896 3288 3971; x_wconf 78' lang='grc' dir='ltr'>ἔτη</span> <span class='ocrx_word' id='word_1_624' title='bbox 3353 3902 3429 3973; x_wconf 87' lang='grc' dir='ltr'>μ’,</span> <span class='ocrx_word' id='word_1_625' title='bbox 3494 3900 3780 3974; x_wconf 88' lang='grc' dir='ltr'>μετανοίας</span> 
     </span>
    </p>
   </div>
   <div class='ocr_carea' id='block_1_88' title="bbox 2126 3988 3781 4068">
    <p class='ocr_par' dir='ltr' id='par_1_88' title="bbox 2126 3988 3781 4068">
     <span class='ocr_line' id='line_1_89' title="bbox 2126 3988 3781 4068; baseline -0.005 -19"><span class='ocrx_word' id='word_1_626' title='bbox 2126 3994 2319 4055; x_wconf 80' lang='grc' dir='ltr'>αὐτοῖς</span> <span class='ocrx_word' id='word_1_627' title='bbox 2362 3994 2550 4068; x_wconf 83' lang='grc' dir='ltr'>καιρὸν</span> <span class='ocrx_word' id='word_1_628' title='bbox 2606 3995 2707 4061; x_wconf 75' lang='grc' dir='ltr'>τῆς</span> <span class='ocrx_word' id='word_1_629' title='bbox 2773 3991 3152 4068; x_wconf 86' lang='grc' dir='ltr'>μακροθυμίας</span> <span class='ocrx_word' id='word_1_630' title='bbox 3219 3988 3640 4057; x_wconf 88' lang='grc' dir='ltr'>ἀπεκτεινούσης</span> <span class='ocrx_word' id='word_1_631' title='bbox 3683 3991 3781 4042; x_wconf 86' lang='grc' dir='ltr'>τοῦ</span> 
     </span>
    </p>
   </div>
   <div class='ocr_carea' id='block_1_89' title="bbox 2127 4076 3780 4159">
    <p class='ocr_par' dir='ltr' id='par_1_89' title="bbox 2127 4076 3780 4159">
     <span class='ocr_line' id='line_1_90' title="bbox 2127 4076 3780 4159; baseline -0.004 -22"><span class='ocrx_word' id='word_1_632' title='bbox 2127 4087 2282 4152; x_wconf 88' lang='grc' dir='ltr'>Θεοῦ,</span> <span class='ocrx_word' id='word_1_633' title='bbox 2312 4083 2403 4137; x_wconf 81' lang='grc' dir='ltr'>ἳνα</span> <span class='ocrx_word' id='word_1_634' title='bbox 2430 4083 2954 4159; x_wconf 80' lang='grc' dir='ltr'>γνωσιμαχήσαντες</span> <span class='ocrx_word' id='word_1_635' title='bbox 2980 4081 3081 4148; x_wconf 76' lang='grc' dir='ltr'>τήν</span> <span class='ocrx_word' id='word_1_636' title='bbox 3143 4077 3281 4136; x_wconf 81' lang='grc' dir='ltr'>ίδὶαν</span> <span class='ocrx_word' id='word_1_637' title='bbox 3340 4076 3780 4134; x_wconf 83' lang='grc' dir='ltr'>ἀνακαλέσωνται</span> 
     </span>
    </p>
   </div>
   <div class='ocr_carea' id='block_1_90' title="bbox 2125 4166 3780 4246">
    <p class='ocr_par' dir='ltr' id='par_1_90' title="bbox 2125 4166 3780 4246">
     <span class='ocr_line' id='line_1_91' title="bbox 2125 4166 3780 4246; baseline -0.003 -20"><span class='ocrx_word' id='word_1_638' title='bbox 2125 4170 2539 4244; x_wconf 78' lang='grc' dir='ltr'>πλημμέλειαν.</span> <span class='ocrx_word' id='word_1_639' title='bbox 2572 4171 2640 4228; x_wconf 79' lang='grc' dir='ltr'>Οἱ</span> <span class='ocrx_word' id='word_1_640' title='bbox 2672 4169 2729 4225; x_wconf 77' lang='grc' dir='ltr'>δὲ</span> <span class='ocrx_word' id='word_1_641' title='bbox 2764 4168 2977 4243; x_wconf 72' lang='grc' dir='ltr'>μᾶλλον</span> <span class='ocrx_word' id='word_1_642' title='bbox 3014 4168 3089 4231; x_wconf 87' lang='grc' dir='ltr'>εἰς</span> <span class='ocrx_word' id='word_1_643' title='bbox 3138 4169 3202 4223; x_wconf 87' lang='grc' dir='ltr'>τὸ</span> <span class='ocrx_word' id='word_1_644' title='bbox 3260 4173 3451 4246; x_wconf 84' lang='grc' dir='ltr'>χεῖρον</span> <span class='ocrx_word' id='word_1_645' title='bbox 3504 4166 3780 4228; x_wconf 85' lang='grc' dir='ltr'>νεύσαντες</span> 
     </span>
    </p>
   </div>
   <div class='ocr_carea' id='block_1_91' title="bbox 2125 4256 3781 4337">
    <p class='ocr_par' dir='ltr' id='par_1_91' title="bbox 2125 4256 3781 4337">
     <span class='ocr_line' id='line_1_92' title="bbox 2125 4256 3781 4337; baseline -0.004 -22"><span class='ocrx_word' id='word_1_646' title='bbox 2125 4264 2204 4331; x_wconf 80' lang='grc' dir='ltr'>τῷ</span> <span class='ocrx_word' id='word_1_647' title='bbox 2235 4262 2419 4337; x_wconf 83' lang='grc' dir='ltr'>φθόνῳ</span> <span class='ocrx_word' id='word_1_648' title='bbox 2448 4260 2538 4315; x_wconf 86' lang='grc' dir='ltr'>καὶ</span> <span class='ocrx_word' id='word_1_649' title='bbox 2567 4258 2695 4321; x_wconf 81' lang='grc' dir='ltr'>τοὺς</span> <span class='ocrx_word' id='word_1_650' title='bbox 2727 4257 2916 4335; x_wconf 73' lang='grc' dir='ltr'>ἁγίους</span> <span class='ocrx_word' id='word_1_651' title='bbox 2952 4257 3212 4331; x_wconf 75' lang='grc' dir='ltr'>ἀνῄρουν,</span> <span class='ocrx_word' id='word_1_652' title='bbox 3264 4257 3556 4335; x_wconf 84' lang='grc' dir='ltr'>Στέφανον,</span> <span class='ocrx_word' id='word_1_653' title='bbox 3587 4256 3781 4311; x_wconf 83' lang='grc' dir='ltr'>Ἰάκω-</span> 
     </span>
    </p>
   </div>
   <div class='ocr_carea' id='block_1_92' title="bbox 2125 4342 3781 4422">
    <p class='ocr_par' dir='ltr' id='par_1_92' title="bbox 2125 4342 3781 4422">
     <span class='ocr_line' id='line_1_93' title="bbox 2125 4342 3781 4422; baseline -0.002 -21"><span class='ocrx_word' id='word_1_654' title='bbox 2125 4342 2222 4403; x_wconf 84' lang='grc' dir='ltr'>ϐον</span> <span class='ocrx_word' id='word_1_655' title='bbox 2244 4350 2335 4403; x_wconf 90' lang='grc' dir='ltr'>τὸν</span> <span class='ocrx_word' id='word_1_656' title='bbox 2368 4352 2464 4403; x_wconf 89' lang='grc' dir='ltr'>τοῦ</span> <span class='ocrx_word' id='word_1_657' title='bbox 2494 4343 2783 4405; x_wconf 88' lang='grc' dir='ltr'>Ζεϐεδαίου</span> <span class='ocrx_word' id='word_1_658' title='bbox 2832 4342 3095 4403; x_wconf 80' lang='grc' dir='ltr'>Ἰάκωϐον</span> <span class='ocrx_word' id='word_1_659' title='bbox 3150 4347 3245 4401; x_wconf 92' lang='grc' dir='ltr'>τόν</span> <span class='ocrx_word' id='word_1_660' title='bbox 3303 4342 3633 4422; x_wconf 82' lang='grc' dir='ltr'>ἀδελφόθεον</span> <span class='ocrx_word' id='word_1_661' title='bbox 3689 4344 3781 4399; x_wconf 88' lang='grc' dir='ltr'>καὶ</span> 
     </span>
    </p>
   </div>
   <div class='ocr_carea' id='block_1_93' title="bbox 2127 4432 3775 4513">
    <p class='ocr_par' dir='ltr' id='par_1_93' title="bbox 2127 4432 3775 4513">
     <span class='ocr_line' id='line_1_94' title="bbox 2127 4432 3775 4513; baseline -0.003 -21"><span class='ocrx_word' id='word_1_662' title='bbox 2127 4434 2377 4499; x_wconf 89' lang='grc' dir='ltr'>λοιπούς.</span> <span class='ocrx_word' id='word_1_663' title='bbox 2411 4437 2505 4493; x_wconf 82' lang='grc' dir='ltr'>Διὸ</span> <span class='ocrx_word' id='word_1_664' title='bbox 2555 4437 2645 4492; x_wconf 85' lang='grc' dir='ltr'>καὶ</span> <span class='ocrx_word' id='word_1_665' title='bbox 2710 4436 2875 4507; x_wconf 81' lang='grc' dir='ltr'>ἀξίως</span> <span class='ocrx_word' id='word_1_666' title='bbox 2934 4435 3015 4513; x_wconf 84' lang='grc' dir='ltr'>ἐφ’</span> <span class='ocrx_word' id='word_1_667' title='bbox 3071 4434 3297 4498; x_wconf 70' lang='grc' dir='ltr'>ἑαυτοὺς</span> <span class='ocrx_word' id='word_1_668' title='bbox 3349 4436 3451 4504; x_wconf 77' lang='grc' dir='ltr'>τήν</span> <span class='ocrx_word' id='word_1_669' title='bbox 3509 4432 3775 4503; x_wconf 79' lang='grc' dir='ltr'>θεήλατον</span> 
     </span>
    </p>
   </div>
   <div class='ocr_carea' id='block_1_94' title="bbox 2125 4518 3780 4601">
    <p class='ocr_par' dir='ltr' id='par_1_94' title="bbox 2125 4518 3780 4601">
     <span class='ocr_line' id='line_1_95' title="bbox 2125 4518 3780 4601; baseline -0.001 -21"><span class='ocrx_word' id='word_1_670' title='bbox 2125 4524 2491 4581; x_wconf 82' lang='grc' dir='ltr'>ἐπεσπάσαντο</span> <span class='ocrx_word' id='word_1_671' title='bbox 2571 4524 2969 4599; x_wconf 84' lang='grc' dir='ltr'>πανωλεθρίαν.</span> <span class='ocrx_word' id='word_1_672' title='bbox 3049 4526 3209 4581; x_wconf 77' lang='grc' dir='ltr'>’Όθεν</span> <span class='ocrx_word' id='word_1_673' title='bbox 3294 4522 3478 4585; x_wconf 79' lang='grc' dir='ltr'>αὐτοῖς</span> <span class='ocrx_word' id='word_1_674' title='bbox 3568 4518 3780 4601; x_wconf 84' lang='grc' dir='ltr'>φοϐερά</span> 
     </span>
    </p>
   </div>
   <div class='ocr_carea' id='block_1_95' title="bbox 354 4605 2020 4693">
    <p class='ocr_par' dir='ltr' id='par_1_95' title="bbox 354 4611 2009 4687">
     <span class='ocr_line' id='line_1_96' title="bbox 354 4611 2009 4687; baseline 0.004 -22"><span class='ocrx_word' id='word_1_675' title='bbox 354 4612 575 4681; x_wconf 84' lang='lat' dir='ltr'>spicuis</span> <span class='ocrx_word' id='word_1_676' title='bbox 611 4611 962 4666; x_wconf 89' lang='lat' dir='ltr'>denuntiata</span> <span class='ocrx_word' id='word_1_677' title='bbox 991 4612 1304 4683; x_wconf 89' lang='lat' dir='ltr'>portentis.</span> <span class='ocrx_word' id='word_1_678' title='bbox 1367 4614 1508 4667; x_wconf 89' lang='lat' dir='ltr'>Nam</span> <span class='ocrx_word' id='word_1_679' title='bbox 1567 4629 1683 4684; x_wconf 91' lang='lat' dir='ltr'>quo</span> <span class='ocrx_word' id='word_1_680' title='bbox 1743 4620 2009 4687; x_wconf 89' lang='lat' dir='ltr'>tempore</span> 
     </span>
    </p>
   </div>
   <div class='ocr_carea' id='block_1_96' title="bbox 2133 4605 3778 4693">
    <p class='ocr_par' dir='ltr' id='par_1_96' title="bbox 2133 4614 3778 4693">
     <span class='ocr_line' id='line_1_97' title="bbox 2133 4614 3778 4693; baseline -0.001 -21"><span class='ocrx_word' id='word_1_681' title='bbox 2133 4619 2327 4691; x_wconf 75' lang='grc' dir='ltr'>τημεῖα</span> <span class='ocrx_word' id='word_1_682' title='bbox 2357 4618 2449 4673; x_wconf 84' lang='grc' dir='ltr'>καὶ</span> <span class='ocrx_word' id='word_1_683' title='bbox 2508 4617 2707 4693; x_wconf 80' lang='grc' dir='ltr'>ἐναργῆ</span> <span class='ocrx_word' id='word_1_684' title='bbox 2762 4614 3153 4685; x_wconf 85' lang='grc' dir='ltr'>ἐπεδείκνυντο,</span> <span class='ocrx_word' id='word_1_685' title='bbox 3204 4616 3304 4685; x_wconf 73' lang='grc' dir='ltr'>τὴν</span> <span class='ocrx_word' id='word_1_686' title='bbox 3341 4615 3650 4690; x_wconf 85' lang='grc' dir='ltr'>μέλλουσαν</span> <span class='ocrx_word' id='word_1_687' title='bbox 3677 4637 3778 4671; x_wconf 89' lang='grc' dir='ltr'>κα-</span> 
     </span>
    </p>
   </div>
   <div class='ocr_carea' id='block_1_97' title="bbox 351 4700 2007 4772">
    <p class='ocr_par' dir='ltr' id='par_1_97' title="bbox 351 4700 2007 4772">
     <span class='ocr_line' id='line_1_98' title="bbox 351 4700 2007 4772; baseline 0.004 -18"><span class='ocrx_word' id='word_1_688' title='bbox 351 4715 693 4770; x_wconf 80' lang='lat' dir='ltr'>azymorum</span> <span class='ocrx_word' id='word_1_689' title='bbox 726 4700 1006 4755; x_wconf 90' lang='lat' dir='ltr'>solemnis</span> <span class='ocrx_word' id='word_1_690' title='bbox 1057 4701 1251 4772; x_wconf 86' lang='lat' dir='ltr'>agitur</span> <span class='ocrx_word' id='word_1_691' title='bbox 1276 4701 1581 4769; x_wconf 76' lang='lat' dir='ltr'>festivitas,</span> <span class='ocrx_word' id='word_1_692' title='bbox 1614 4703 1771 4758; x_wconf 91' lang='lat' dir='ltr'>circa</span> <span class='ocrx_word' id='word_1_693' title='bbox 1800 4704 2007 4760; x_wconf 90' lang='lat' dir='ltr'>horam</span> 
     </span>
    </p>
   </div>
   <div class='ocr_carea' id='block_1_98' title="bbox 352 4790 2007 4861">
    <p class='ocr_par' dir='ltr' id='par_1_98' title="bbox 352 4790 2007 4861">
     <span class='ocr_line' id='line_1_99' title="bbox 352 4790 2007 4861; baseline 0.004 -18"><span class='ocrx_word' id='word_1_694' title='bbox 352 4790 548 4845; x_wconf 87' lang='lat' dir='ltr'>noctis</span> <span class='ocrx_word' id='word_1_695' title='bbox 577 4805 818 4859; x_wconf 86' lang='lat' dir='ltr'>nonam,</span> <span class='ocrx_word' id='word_1_696' title='bbox 852 4794 1081 4844; x_wconf 90' lang='lat' dir='ltr'>tantum</span> <span class='ocrx_word' id='word_1_697' title='bbox 1112 4805 1277 4844; x_wconf 90' lang='lat' dir='ltr'>aram</span> <span class='ocrx_word' id='word_1_698' title='bbox 1321 4791 1722 4861; x_wconf 88' lang='lat' dir='ltr'>templumque</span> <span class='ocrx_word' id='word_1_699' title='bbox 1754 4794 2007 4849; x_wconf 89' lang='lat' dir='ltr'>circum-</span> 
     </span>
    </p>
   </div>
   <div class='ocr_carea' id='block_1_99' title="bbox 2117 4702 3770 4781">
    <p class='ocr_par' dir='ltr' id='par_1_99' title="bbox 2117 4702 3770 4781">
     <span class='ocr_line' id='line_1_100' title="bbox 2117 4702 3770 4781; baseline -0.003 -18"><span class='ocrx_word' id='word_1_700' title='bbox 2117 4702 2491 4779; x_wconf 86' lang='grc' dir='ltr'>ταλαμϐάνειν</span> <span class='ocrx_word' id='word_1_701' title='bbox 2520 4706 2723 4769; x_wconf 79' lang='grc' dir='ltr'>αὐτοὺς</span> <span class='ocrx_word' id='word_1_702' title='bbox 2754 4705 2958 4762; x_wconf 77' lang='grc' dir='ltr'>ἅλωσιν</span> <span class='ocrx_word' id='word_1_703' title='bbox 3009 4706 3420 4781; x_wconf 82' lang='grc' dir='ltr'>προμηνύοντα.</span> <span class='ocrx_word' id='word_1_704' title='bbox 3454 4708 3542 4762; x_wconf 83' lang='grc' dir='ltr'>Ἐν</span> <span class='ocrx_word' id='word_1_705' title='bbox 3572 4706 3674 4781; x_wconf 83' lang='grc' dir='ltr'>γὰρ</span> <span class='ocrx_word' id='word_1_706' title='bbox 3704 4711 3770 4772; x_wconf 82' lang='grc' dir='ltr'>τῆ</span> 
     </span>
    </p>
   </div>
   <div class='ocr_carea' id='block_1_100' title="bbox 2116 4794 3773 4871">
    <p class='ocr_par' dir='ltr' id='par_1_100' title="bbox 2116 4794 3773 4871">
     <span class='ocr_line' id='line_1_101' title="bbox 2116 4794 3773 4871; baseline -0.003 -21"><span class='ocrx_word' id='word_1_707' title='bbox 2116 4800 2224 4850; x_wconf 88' lang='grc' dir='ltr'>τῶν</span> <span class='ocrx_word' id='word_1_708' title='bbox 2258 4796 2509 4871; x_wconf 85' lang='grc' dir='ltr'>Ἀζύμων</span> <span class='ocrx_word' id='word_1_709' title='bbox 2544 4798 2729 4871; x_wconf 74' lang='grc' dir='ltr'>ἑορτῇ,</span> <span class='ocrx_word' id='word_1_710' title='bbox 2762 4796 2887 4870; x_wconf 88' lang='grc' dir='ltr'>περὶ</span> <span class='ocrx_word' id='word_1_711' title='bbox 2917 4794 3061 4869; x_wconf 81' lang='grc' dir='ltr'>ὥραν</span> <span class='ocrx_word' id='word_1_712' title='bbox 3095 4797 3138 4859; x_wconf 88' lang='grc' dir='ltr'>θ’</span> <span class='ocrx_word' id='word_1_713' title='bbox 3166 4802 3265 4863; x_wconf 81' lang='grc' dir='ltr'>τῆς</span> <span class='ocrx_word' id='word_1_714' title='bbox 3295 4794 3483 4855; x_wconf 86' lang='grc' dir='ltr'>νυκτὸς</span> <span class='ocrx_word' id='word_1_715' title='bbox 3512 4797 3773 4847; x_wconf 87' lang='grc' dir='ltr'>τοσοῦτον</span> 
     </span>
    </p>
   </div>
   <div class='ocr_carea' id='block_1_101' title="bbox 345 4877 2020 4962">
    <p class='ocr_par' dir='ltr' id='par_1_101' title="bbox 345 4878 2009 4950">
     <span class='ocr_line' id='line_1_102' title="bbox 345 4878 2009 4950; baseline 0.004 -18"><span class='ocrx_word' id='word_1_716' title='bbox 345 4878 514 4933; x_wconf 89' lang='lat' dir='ltr'>fulsit</span> <span class='ocrx_word' id='word_1_717' title='bbox 546 4879 748 4933; x_wconf 90' lang='lat' dir='ltr'>lumen</span> <span class='ocrx_word' id='word_1_718' title='bbox 783 4878 943 4949; x_wconf 89' lang='lat' dir='ltr'>quod</span> <span class='ocrx_word' id='word_1_719' title='bbox 969 4895 1074 4950; x_wconf 91' lang='lat' dir='ltr'>per</span> <span class='ocrx_word' id='word_1_720' title='bbox 1106 4878 1397 4950; x_wconf 86' lang='lat' dir='ltr'>integram</span> <span class='ocrx_word' id='word_1_721' title='bbox 1424 4879 1657 4935; x_wconf 84' lang='lat' dir='ltr'>duravit</span> <span class='ocrx_word' id='word_1_722' title='bbox 1705 4883 1911 4938; x_wconf 86' lang='lat' dir='ltr'>horam</span> <span class='ocrx_word' id='word_1_723' title='bbox 1944 4890 2009 4939; x_wconf 93' lang='lat' dir='ltr'>ut</span> 
     </span>
    </p>
   </div>
   <div class='ocr_carea' id='block_1_102' title="bbox 2133 4877 3776 4962">
    <p class='ocr_par' dir='ltr' id='par_1_102' title="bbox 2133 4877 3776 4962">
     <span class='ocr_line' id='line_1_103' title="bbox 2133 4877 3776 4962; baseline -0.005 -22"><span class='ocrx_word' id='word_1_724' title='bbox 2133 4889 2234 4959; x_wconf 79' lang='grc' dir='ltr'>ρῶς</span> <span class='ocrx_word' id='word_1_725' title='bbox 2271 4890 2379 4940; x_wconf 90' lang='grc' dir='ltr'>τῶν</span> <span class='ocrx_word' id='word_1_726' title='bbox 2404 4886 2532 4941; x_wconf 87' lang='grc' dir='ltr'>ναὸν</span> <span class='ocrx_word' id='word_1_727' title='bbox 2564 4884 2907 4962; x_wconf 81' lang='grc' dir='ltr'>περιέλαμψε</span> <span class='ocrx_word' id='word_1_728' title='bbox 2955 4884 3044 4940; x_wconf 86' lang='grc' dir='ltr'>καὶ</span> <span class='ocrx_word' id='word_1_729' title='bbox 3092 4884 3185 4939; x_wconf 88' lang='grc' dir='ltr'>τὸν</span> <span class='ocrx_word' id='word_1_730' title='bbox 3217 4883 3405 4956; x_wconf 86' lang='grc' dir='ltr'>βωμὸν</span> <span class='ocrx_word' id='word_1_731' title='bbox 3461 4882 3585 4956; x_wconf 83' lang='grc' dir='ltr'>περί</span> <span class='ocrx_word' id='word_1_732' title='bbox 3632 4877 3776 4951; x_wconf 82' lang='grc' dir='ltr'>ὥραν</span> 
     </span>
    </p>
   </div>
   <div class='ocr_carea' id='block_1_103' title="bbox 344 4968 2007 5042">
    <p class='ocr_par' dir='ltr' id='par_1_103' title="bbox 344 4968 2007 5042">
     <span class='ocr_line' id='line_1_104' title="bbox 344 4968 2007 5042; baseline 0.004 -19"><span class='ocrx_word' id='word_1_733' title='bbox 344 4968 473 5023; x_wconf 91' lang='lat' dir='ltr'>dies</span> <span class='ocrx_word' id='word_1_734' title='bbox 506 4970 804 5026; x_wconf 88' lang='lat' dir='ltr'>videretur</span> <span class='ocrx_word' id='word_1_735' title='bbox 824 4970 998 5025; x_wconf 88' lang='lat' dir='ltr'>facta.</span> <span class='ocrx_word' id='word_1_736' title='bbox 1025 4969 1247 5024; x_wconf 90' lang='lat' dir='ltr'>Deinde</span> <span class='ocrx_word' id='word_1_737' title='bbox 1269 4970 1441 5025; x_wconf 90' lang='lat' dir='ltr'>stella</span> <span class='ocrx_word' id='word_1_738' title='bbox 1470 4987 1649 5042; x_wconf 88' lang='lat' dir='ltr'>supra</span> <span class='ocrx_word' id='word_1_739' title='bbox 1668 4973 1877 5028; x_wconf 91' lang='lat' dir='ltr'>urbem</span> <span class='ocrx_word' id='word_1_740' title='bbox 1910 4991 2007 5030; x_wconf 87' lang='lat' dir='ltr'>en-</span> 
     </span>
    </p>
   </div>
   <div class='ocr_carea' id='block_1_104' title="bbox 344 5057 2008 5133">
    <p class='ocr_par' dir='ltr' id='par_1_104' title="bbox 344 5057 2008 5133">
     <span class='ocr_line' id='line_1_105' title="bbox 344 5057 2008 5133; baseline 0.003 -20"><span class='ocrx_word' id='word_1_741' title='bbox 344 5059 425 5114; x_wconf 90' lang='lat' dir='ltr'>sis</span> <span class='ocrx_word' id='word_1_742' title='bbox 459 5059 656 5131; x_wconf 90' lang='lat' dir='ltr'>specie</span> <span class='ocrx_word' id='word_1_743' title='bbox 680 5058 979 5130; x_wconf 91' lang='lat' dir='ltr'>apparuit.</span> <span class='ocrx_word' id='word_1_744' title='bbox 1015 5057 1146 5113; x_wconf 86' lang='lat' dir='ltr'>Alio</span> <span class='ocrx_word' id='word_1_745' title='bbox 1170 5062 1434 5130; x_wconf 90' lang='lat' dir='ltr'>tempore</span> <span class='ocrx_word' id='word_1_746' title='bbox 1456 5066 1628 5131; x_wconf 85' lang='lat' dir='ltr'>porta</span> <span class='ocrx_word' id='word_1_747' title='bbox 1657 5061 1843 5130; x_wconf 89' lang='lat' dir='ltr'>urbis,</span> <span class='ocrx_word' id='word_1_748' title='bbox 1876 5079 2008 5133; x_wconf 64' lang='lat' dir='ltr'>quia</span> 
     </span>
    </p>
   </div>
   <div class='ocr_carea' id='block_1_105' title="bbox 2122 4969 3773 5051">
    <p class='ocr_par' dir='ltr' id='par_1_105' title="bbox 2122 4969 3773 5051">
     <span class='ocr_line' id='line_1_106' title="bbox 2122 4969 3773 5051; baseline -0.002 -24"><span class='ocrx_word' id='word_1_749' title='bbox 2122 4973 2249 5049; x_wconf 88' lang='grc' dir='ltr'>μίαν</span> <span class='ocrx_word' id='word_1_750' title='bbox 2310 4975 2387 5037; x_wconf 85' lang='grc' dir='ltr'>ὡς</span> <span class='ocrx_word' id='word_1_751' title='bbox 2442 4971 2621 5031; x_wconf 89' lang='grc' dir='ltr'>δοκεῖν</span> <span class='ocrx_word' id='word_1_752' title='bbox 2682 4973 2891 5050; x_wconf 77' lang='grc' dir='ltr'>ἡμέραν</span> <span class='ocrx_word' id='word_1_753' title='bbox 2975 4976 3266 5051; x_wconf 86' lang='grc' dir='ltr'>γενέσθαι.</span> <span class='ocrx_word' id='word_1_754' title='bbox 3321 4973 3547 5027; x_wconf 85' lang='grc' dir='ltr'>Ἔπειτα</span> <span class='ocrx_word' id='word_1_755' title='bbox 3602 4969 3773 5041; x_wconf 81' lang='grc' dir='ltr'>ἀστὴρ</span> 
     </span>
    </p>
   </div>
   <div class='ocr_carea' id='block_1_106' title="bbox 2120 5057 3774 5140">
    <p class='ocr_par' dir='ltr' id='par_1_106' title="bbox 2120 5057 3774 5140">
     <span class='ocr_line' id='line_1_107' title="bbox 2120 5057 3774 5140; baseline -0.004 -22"><span class='ocrx_word' id='word_1_756' title='bbox 2120 5062 2347 5136; x_wconf 76' lang='grc' dir='ltr'>ὕπερθεν</span> <span class='ocrx_word' id='word_1_757' title='bbox 2397 5071 2498 5133; x_wconf 87' lang='grc' dir='ltr'>τῆς</span> <span class='ocrx_word' id='word_1_758' title='bbox 2555 5063 2772 5126; x_wconf 85' lang='grc' dir='ltr'>πόλεως</span> <span class='ocrx_word' id='word_1_759' title='bbox 2831 5062 3078 5140; x_wconf 81' lang='grc' dir='ltr'>ῥομφαίᾳ</span> <span class='ocrx_word' id='word_1_760' title='bbox 3135 5060 3440 5132; x_wconf 81' lang='grc' dir='ltr'>παρόμοιος</span> <span class='ocrx_word' id='word_1_761' title='bbox 3499 5057 3774 5112; x_wconf 83' lang='grc' dir='ltr'>ώπτάνετο</span> 
     </span>
    </p>
   </div>
   <div class='ocr_carea' id='block_1_107' title="bbox 1547 5158 2560 5219">
    <p class='ocr_par' dir='ltr' id='par_1_107' title="bbox 1547 5158 2560 5219">
     <span class='ocr_line' id='line_1_108' title="bbox 1547 5158 2560 5219; baseline 0.007 -8"><span class='ocrx_word' id='word_1_762' title='bbox 1547 5158 1915 5215; x_wconf 75' lang='lat' dir='ltr'>XYLANDBI</span> <span class='ocrx_word' id='word_1_763' title='bbox 1954 5162 2043 5215; x_wconf 89' lang='lat' dir='ltr'>ET</span> <span class='ocrx_word' id='word_1_764' title='bbox 2083 5163 2300 5219; x_wconf 85' lang='lat' dir='ltr'>GOARI</span> <span class='ocrx_word' id='word_1_765' title='bbox 2338 5164 2560 5219; x_wconf 73' lang='lat' dir='ltr'>NOT/E.</span> 
     </span>
    </p>
   </div>
   <div class='ocr_carea' id='block_1_108' title="bbox 422 5272 2007 5356">
    <p class='ocr_par' dir='ltr' id='par_1_108' title="bbox 422 5272 2007 5356">
     <span class='ocr_line' id='line_1_109' title="bbox 422 5272 2007 5356; baseline 0.001 -27"><span class='ocrx_word' id='word_1_766' title='bbox 422 5276 535 5346; x_wconf 84' lang='grc'>(47)</span> <span class='ocrx_word' id='word_1_767' title='bbox 561 5274 892 5356; x_wconf 67' lang='lat' dir='ltr'>Audaccter</span> <span class='ocrx_word' id='word_1_768' title='bbox 911 5272 1325 5327; x_wconf 87' lang='lat' dir='ltr'>Constantium</span> <span class='ocrx_word' id='word_1_769' title='bbox 1352 5274 1583 5356; x_wconf 32' lang='lat' dir='ltr'>r‘est‘itui</span> <span class='ocrx_word' id='word_1_770' title='bbox 1603 5291 1709 5356; x_wconf 90' lang='lat' dir='ltr'>pro</span> <span class='ocrx_word' id='word_1_771' title='bbox 1722 5276 2007 5356; x_wconf 70' lang='lat' dir='ltr'>Constan-</span> 
     </span>
    </p>
   </div>
   <div class='ocr_carea' id='block_1_109' title="bbox 352 5344 2008 5409">
    <p class='ocr_par' dir='ltr' id='par_1_109' title="bbox 352 5344 2008 5409">
     <span class='ocr_line' id='line_1_110' title="bbox 352 5344 2008 5409; baseline 0.002 -10"><span class='ocrx_word' id='word_1_772' title='bbox 352 5344 667 5409; x_wconf 33' lang='lat' dir='ltr'>tino,&#39;cum</span> <span class='ocrx_word' id='word_1_773' title='bbox 697 5347 1030 5400; x_wconf 90' lang='lat' dir='ltr'>etZonaras</span> <span class='ocrx_word' id='word_1_774' title='bbox 1062 5360 1296 5399; x_wconf 83' lang='lat' dir='ltr'>mecum</span> <span class='ocrx_word' id='word_1_775' title='bbox 1366 5344 1543 5399; x_wconf 87' lang='lat' dir='ltr'>faciat</span> <span class='ocrx_word' id='word_1_776' title='bbox 1599 5344 1658 5399; x_wconf 81' lang='lat' dir='ltr'>in</span> <span class='ocrx_word' id='word_1_777' title='bbox 1691 5347 1807 5401; x_wconf 86' lang='lat' dir='ltr'>vita</span> <span class='ocrx_word' id='word_1_778' title='bbox 1864 5351 2008 5403; x_wconf 80' lang='lat' dir='ltr'>Con-</span> 
     </span>
    </p>
   </div>
   <div class='ocr_carea' id='block_1_110' title="bbox 352 5416 2009 5487">
    <p class='ocr_par' dir='ltr' id='par_1_110' title="bbox 352 5416 2009 5487">
     <span class='ocr_line' id='line_1_111' title="bbox 352 5416 2009 5487; baseline 0.002 -17"><span class='ocrx_word' id='word_1_779' title='bbox 352 5418 577 5481; x_wconf 88' lang='lat' dir='ltr'>stantii,</span> <span class='ocrx_word' id='word_1_780' title='bbox 642 5422 699 5470; x_wconf 87' lang='lat' dir='ltr'>et</span> <span class='ocrx_word' id='word_1_781' title='bbox 744 5417 1222 5487; x_wconf 77' lang='lat' dir='ltr'>Nicephorus&#39;x,</span> <span class='ocrx_word' id='word_1_782' title='bbox 1268 5419 1323 5479; x_wconf 85' lang='lat'>2,</span> <span class='ocrx_word' id='word_1_783' title='bbox 1374 5416 1422 5470; x_wconf 88' lang='lat' dir='ltr'>si</span> <span class='ocrx_word' id='word_1_784' title='bbox 1473 5417 1863 5473; x_wconf 86' lang='lat' dir='ltr'>Theodoritus</span> <span class='ocrx_word' id='word_1_785' title='bbox 1921 5437 2009 5487; x_wconf 88' lang='grc' dir='ltr'>ιιι,</span> 
     </span>
    </p>
   </div>
   <div class='ocr_carea' id='block_1_111' title="bbox 354 5486 2009 5569">
    <p class='ocr_par' dir='ltr' id='par_1_111' title="bbox 354 5486 2009 5569">
     <span class='ocr_line' id='line_1_112' title="bbox 354 5486 2009 5569; baseline 0.004 -30"><span class='ocrx_word' id='word_1_786' title='bbox 354 5490 438 5569; x_wconf 55' lang='lat'>18:</span> <span class='ocrx_word' id='word_1_787' title='bbox 477 5494 533 5540; x_wconf 86' lang='lat' dir='ltr'>et</span> <span class='ocrx_word' id='word_1_788' title='bbox 560 5488 957 5569; x_wconf 60' lang='lat' dir='ltr'>fragmentum</span> <span class='ocrx_word' id='word_1_789' title='bbox 975 5486 1265 5569; x_wconf 71' lang='lat' dir='ltr'>porothei</span> <span class='ocrx_word' id='word_1_790' title='bbox 1293 5488 1592 5569; x_wconf 70' lang='lat' dir='ltr'>martyris,</span> <span class='ocrx_word' id='word_1_791' title='bbox 1626 5490 1785 5558; x_wconf 91' lang='lat' dir='ltr'>quod</span> <span class='ocrx_word' id='word_1_792' title='bbox 1842 5491 2009 5569; x_wconf 59' lang='lat' dir='ltr'>Liicze</span> 
     </span>
    </p>
   </div>
   <div class='ocr_carea' id='block_1_112' title="bbox 348 5557 2009 5631">
    <p class='ocr_par' dir='ltr' id='par_1_112' title="bbox 348 5557 2009 5631">
     <span class='ocr_line' id='line_1_113' title="bbox 348 5557 2009 5631; baseline 0.002 -20"><span class='ocrx_word' id='word_1_793' title='bbox 348 5557 661 5631; x_wconf 82' lang='lat' dir='ltr'>Evangelio</span> <span class='ocrx_word' id='word_1_794' title='bbox 679 5558 1435 5631; x_wconf 64' lang='lat' dir='ltr'>soletpraaiigi,quanquam</span> <span class='ocrx_word' id='word_1_795' title='bbox 1454 5557 1515 5613; x_wconf 89' lang='lat' dir='ltr'>in</span> <span class='ocrx_word' id='word_1_796' title='bbox 1530 5576 1598 5631; x_wconf 86' lang='lat' dir='ltr'>eo</span> <span class='ocrx_word' id='word_1_797' title='bbox 1617 5557 1847 5631; x_wconf 84' lang='lat' dir='ltr'>quoque</span> <span class='ocrx_word' id='word_1_798' title='bbox 1869 5567 2009 5615; x_wconf 82' lang='grc' dir='ltr'>Κων-</span> 
     </span>
    </p>
   </div>
   <div class='ocr_carea' id='block_1_113' title="bbox 350 5629 2006 5703">
    <p class='ocr_par' dir='ltr' id='par_1_113' title="bbox 350 5629 2006 5703">
     <span class='ocr_line' id='line_1_114' title="bbox 350 5629 2006 5703; baseline 0.007 -24"><span class='ocrx_word' id='word_1_799' title='bbox 350 5629 629 5703; x_wconf 69' lang='grc' dir='ltr'>σταντίνου</span> <span class='ocrx_word' id='word_1_800' title='bbox 683 5645 789 5703; x_wconf 70' lang='lat' dir='ltr'>pro</span> <span class='ocrx_word' id='word_1_801' title='bbox 849 5629 1233 5703; x_wconf 60' lang='grc' dir='ltr'>Ιξωνσταντίου</span> <span class='ocrx_word' id='word_1_802' title='bbox 1290 5631 1495 5685; x_wconf 77' lang='lat' dir='ltr'>vitiose</span> <span class='ocrx_word' id='word_1_803' title='bbox 1566 5629 1778 5703; x_wconf 71' lang='lat' dir='ltr'>legitur</span> <span class='ocrx_word' id='word_1_804' title='bbox 1834 5640 1892 5689; x_wconf 87' lang='lat' dir='ltr'>et</span> <span class='ocrx_word' id='word_1_805' title='bbox 1956 5635 2006 5691; x_wconf 90' lang='lat' dir='ltr'>is</span> 
     </span>
    </p>
   </div>
   <div class='ocr_carea' id='block_1_114' title="bbox 353 5698 2005 5780">
    <p class='ocr_par' dir='ltr' id='par_1_114' title="bbox 353 5698 2005 5780">
     <span class='ocr_line' id='line_1_115' title="bbox 353 5698 2005 5780; baseline 0.005 -27"><span class='ocrx_word' id='word_1_806' title='bbox 353 5698 515 5754; x_wconf 77' lang='lat' dir='ltr'>illius</span> <span class='ocrx_word' id='word_1_807' title='bbox 543 5700 732 5771; x_wconf 85' lang='lat' dir='ltr'>Magni</span> <span class='ocrx_word' id='word_1_808' title='bbox 767 5700 1131 5770; x_wconf 89' lang='lat' dir='ltr'>perhibetur.</span> <span class='ocrx_word' id='word_1_809' title='bbox 1165 5704 1308 5757; x_wconf 88' lang='lat' dir='ltr'>Nam</span> <span class='ocrx_word' id='word_1_810' title='bbox 1362 5698 1785 5761; x_wconf 77' lang='lat' dir='ltr'>Constantinus</span> <span class='ocrx_word' id='word_1_811' title='bbox 1815 5706 2005 5780; x_wconf 83' lang='lat' dir='ltr'>Magni</span> 
     </span>
    </p>
   </div>
   <div class='ocr_carea' id='block_1_115' title="bbox 2124 5275 3775 5358">
    <p class='ocr_par' dir='ltr' id='par_1_115' title="bbox 2124 5275 3775 5358">
     <span class='ocr_line' id='line_1_116' title="bbox 2124 5275 3775 5358; baseline -0.004 -24"><span class='ocrx_word' id='word_1_812' title='bbox 2124 5277 2569 5358; x_wconf 78' lang='lat' dir='ltr'>ﬁ_l_ius_ce_lerius</span> <span class='ocrx_word' id='word_1_813' title='bbox 2597 5284 2685 5358; x_wconf 72' lang='lat' dir='ltr'>est</span> <span class='ocrx_word' id='word_1_814' title='bbox 2715 5277 2981 5358; x_wconf 75' lang='lat' dir='ltr'>sublatus</span> <span class='ocrx_word' id='word_1_815' title='bbox 3012 5275 3493 5358; x_wconf 40' lang='lat' dir='ltr'>qua’rn‘utipsiu’s</span> <span class='ocrx_word' id='word_1_816' title='bbox 3524 5275 3775 5358; x_wconf 50' lang='lat' dir='ltr'>imperi?</span> 
     </span>
    </p>
   </div>
   <div class='ocr_carea' id='block_1_116' title="bbox 2121 5346 3775 5475">
    <p class='ocr_par' dir='ltr' id='par_1_116' title="bbox 2121 5346 3775 5475">
     <span class='ocr_line' id='line_1_117' title="bbox 2121 5346 3775 5475; baseline -0.002 -71"><span class='ocrx_word' id='word_1_817' title='bbox 2121 5350 2347 5433; x_wconf 87' lang='lat' dir='ltr'>aliquid</span> <span class='ocrx_word' id='word_1_818' title='bbox 2374 5352 2587 5407; x_wconf 88' lang='lat' dir='ltr'>borum</span> <span class='ocrx_word' id='word_1_819' title='bbox 2629 5350 2757 5405; x_wconf 81' lang='lat' dir='ltr'>ﬁeri</span> <span class='ocrx_word' id='word_1_820' title='bbox 2800 5349 3078 5475; x_wconf 73' lang='lat' dir='ltr'>potuerit.</span> <span class='ocrx_word' id='word_1_821' title='bbox 3116 5348 3224 5403; x_wconf 89' lang='lat' dir='ltr'>Sed</span> <span class='ocrx_word' id='word_1_822' title='bbox 3260 5346 3404 5403; x_wconf 79' lang='lat' dir='ltr'>etin</span> <span class='ocrx_word' id='word_1_823' title='bbox 3459 5346 3775 5418; x_wconf 80' lang='lat' dir='ltr'>Saphronii</span> 
     </span>
     <span class='ocr_line' id='line_1_118' title="bbox 2122 5419 3774 5475; baseline -0.001 0"><span class='ocrx_word' id='word_1_824' title='bbox 2122 5430 2408 5475; x_wconf 81' lang='lat' dir='ltr'>semotum</span> <span class='ocrx_word' id='word_1_825' title='bbox 2440 5429 2530 5475; x_wconf 91' lang='lat' dir='ltr'>est</span> <span class='ocrx_word' id='word_1_826' title='bbox 2558 5422 2632 5475; x_wconf 91' lang='lat' dir='ltr'>de</span> <span class='ocrx_word' id='word_1_827' title='bbox 2672 5422 2739 5475; x_wconf 93' lang='lat' dir='ltr'>D.</span> <span class='ocrx_word' id='word_1_828' title='bbox 2842 5435 2954 5475; x_wconf 90' lang='lat' dir='ltr'>uca</span> <span class='ocrx_word' id='word_1_829' title='bbox 3006 5419 3361 5475; x_wconf 67' lang='lat' dir='ltr'>fracmento.</span> <span class='ocrx_word' id='word_1_830' title='bbox 3413 5435 3569 5473; x_wconf 90' lang='lat' dir='ltr'>anno</span> <span class='ocrx_word' id='word_1_831' title='bbox 3618 5420 3774 5474; x_wconf 57' lang='lat' dir='ltr'>Con-</span> 
     </span>
    </p>
   </div>
   <div class='ocr_carea' id='block_1_117' title="bbox 2122 5419 3774 5493">
    <p class='ocr_par' dir='ltr' id='par_1_117' title="bbox 2122 5419 3774 5493">
     <span class='ocr_line' id='line_1_119' title="bbox 2122 5419 3774 5493; baseline -0.003 -15"><span class='ocrx_word' id='word_1_832' title='bbox 2122 5419 2408 5493; x_wconf 85' lang='lat' dir='ltr'>scriptum</span> <span class='ocrx_word' id='word_1_833' title='bbox 2440 5429 2530 5478; x_wconf 89' lang='lat' dir='ltr'>est</span> <span class='ocrx_word' id='word_1_834' title='bbox 2558 5422 2632 5476; x_wconf 91' lang='lat' dir='ltr'>de</span> <span class='ocrx_word' id='word_1_835' title='bbox 2672 5422 2739 5476; x_wconf 92' lang='lat' dir='ltr'>D.</span> <span class='ocrx_word' id='word_1_836' title='bbox 2790 5419 2954 5493; x_wconf 70' lang='lat' dir='ltr'>Luca</span> <span class='ocrx_word' id='word_1_837' title='bbox 3006 5419 3377 5493; x_wconf 61' lang='lat' dir='ltr'>fragmento,</span> <span class='ocrx_word' id='word_1_838' title='bbox 3413 5435 3569 5473; x_wconf 91' lang='lat' dir='ltr'>anno</span> <span class='ocrx_word' id='word_1_839' title='bbox 3618 5420 3774 5493; x_wconf 58' lang='lat' dir='ltr'>con-</span> 
     </span>
    </p>
   </div>
   <div class='ocr_carea' id='block_1_118' title="bbox 2120 5491 3778 5566">
    <p class='ocr_par' dir='ltr' id='par_1_118' title="bbox 2120 5491 3778 5566">
     <span class='ocr_line' id='line_1_120' title="bbox 2120 5491 3778 5566; baseline -0.001 -18"><span class='ocrx_word' id='word_1_840' title='bbox 2120 5491 2365 5549; x_wconf 80' lang='lat' dir='ltr'>stantini</span> <span class='ocrx_word' id='word_1_841' title='bbox 2398 5494 2679 5566; x_wconf 73' lang='lat' dir='ltr'>vigesimo</span> <span class='ocrx_word' id='word_1_842' title='bbox 2722 5491 3006 5563; x_wconf 89' lang='lat' dir='ltr'>reliquias</span> <span class='ocrx_word' id='word_1_843' title='bbox 3036 5491 3166 5563; x_wconf 91' lang='lat' dir='ltr'>ejus</span> <span class='ocrx_word' id='word_1_844' title='bbox 3217 5492 3447 5566; x_wconf 85' lang='lat' dir='ltr'>Cpolim</span> <span class='ocrx_word' id='word_1_845' title='bbox 3478 5508 3608 5566; x_wconf 85' lang='lat' dir='ltr'>esse</span> <span class='ocrx_word' id='word_1_846' title='bbox 3640 5491 3778 5566; x_wconf 82' lang='lat' dir='ltr'>alla-</span> 
     </span>
    </p>
   </div>
   <div class='ocr_carea' id='block_1_119' title="bbox 2120 5562 3776 5637">
    <p class='ocr_par' dir='ltr' id='par_1_119' title="bbox 2120 5562 3776 5637">
     <span class='ocr_line' id='line_1_121' title="bbox 2120 5562 3776 5637; baseline -0.001 -17"><span class='ocrx_word' id='word_1_847' title='bbox 2120 5569 2209 5621; x_wconf 88' lang='lat' dir='ltr'>tas</span> <span class='ocrx_word' id='word_1_848' title='bbox 2236 5591 2249 5632; x_wconf 83' lang='lat'><strong>;</strong></span> <span class='ocrx_word' id='word_1_849' title='bbox 2284 5564 2444 5637; x_wconf 89' lang='lat' dir='ltr'>quod</span> <span class='ocrx_word' id='word_1_850' title='bbox 2460 5562 2820 5620; x_wconf 74' lang='lat' dir='ltr'>mendosum</span> <span class='ocrx_word' id='word_1_851' title='bbox 2849 5562 3094 5636; x_wconf 83' lang='lat' dir='ltr'>prorsus</span> <span class='ocrx_word' id='word_1_852' title='bbox 3124 5568 3214 5622; x_wconf 86' lang='lat' dir='ltr'>est</span> <span class='ocrx_word' id='word_1_853' title='bbox 3242 5563 3305 5619; x_wconf 92' lang='lat' dir='ltr'>in</span> <span class='ocrx_word' id='word_1_854' title='bbox 3349 5562 3592 5619; x_wconf 90' lang='lat' dir='ltr'>nomine</span> <span class='ocrx_word' id='word_1_855' title='bbox 3627 5569 3683 5619; x_wconf 88' lang='lat' dir='ltr'>et</span> <span class='ocrx_word' id='word_1_856' title='bbox 3713 5564 3776 5620; x_wconf 92' lang='lat' dir='ltr'>in</span> 
     </span>
    </p>
   </div>
   <div class='ocr_carea' id='block_1_120' title="bbox 2117 5637 2466 5695">
    <p class='ocr_par' dir='ltr' id='par_1_120' title="bbox 2117 5637 2466 5695">
     <span class='ocr_line' id='line_1_122' title="bbox 2117 5637 2466 5695; baseline -0.009 -2"><span class='ocrx_word' id='word_1_857' title='bbox 2117 5653 2295 5695; x_wconf 87' lang='lat' dir='ltr'>anno.</span> <span class='ocrx_word' id='word_1_858' title='bbox 2328 5637 2466 5693; x_wconf 67' lang='grc' dir='ltr'>ΧΠ..</span> 
     </span>
    </p>
   </div>
  </div>
