4154 6410
346 380 465 439 415

1699 377 2030 438 GEORGII
2074 378 2416 443 CEDltENI

3652 379 3773 440 416

340 512 642 582 assatique
662 510 978 566 dimidium
997 507 1477 580 voravit,reliquo
1497 509 1570 564 ad
1588 509 1767 564 aliam
1787 525 2001 564 ccenam

2118 513 2444 591 παρελείφθη
2482 517 2558 589 μὴ
2614 515 2865 592 βρωθέν;
2922 513 3063 571 Τότε
3127 512 3217 568 καὶ
3278 513 3409 590 γυνή
3442 533 3529 574 τις
3559 511 3777 586 εὐγενὴς

347 606 598 656 servato.
628 601 782 654 876
815 599 925 654 Sed
959 598 1177 653 milites
1211 597 1418 652 nidore
1445 602 1722 669 percepto
1756 597 2002 652 domum

347 691 720 761 irruperunt,
775 694 1146 758 mortemque
1197 687 1434 742 mulieri
1475 687 1683 742 minati
1719 694 1859 742 sunt
1888 688 2004 742 nisi

354 780 554 835 cibum
589 779 963 834 ostendisset.
1000 779 1144 831 Tum
1177 777 1280 831 illa
1310 777 1582 847 reliquiis
1614 777 1845 848 pueruli
1878 793 2008 848 pro-

353 869 490 923 latis
519 886 529 921 :
565 871 717 934 Haec,
752 869 966 937 inquit,
1000 865 1142 920 013m
1176 882 1309 920 mea
1348 865 1457 920 fuit
1486 866 1746 938 genuina
1785 866 2003 941 proles,

352 975 511 1013 nunc
542 957 914 1012 miserrimus
945 955 1133 1010 cibus.
1195 955 1362 1010 Edite
1405 961 1461 1009 et
1507 972 1647 1010 vos:
1708 972 1846 1010 nam
1880 956 2007 1026 ipsa

353 1063 586 1117 quoque
617 1047 730 1113 edi,
764 1062 956 1116 neque
987 1050 1110 1099 este
1142 1061 1236 1098 me
1279 1045 1566 1116 genitrice
1598 1045 2004 1124 humaniores.

351 1137 450 1191 Sin
482 1137 860 1203 aversamini,
889 1137 1036 1190 mihi
1088 1135 1384 1206 reliquum
1447 1135 1750 1190 dimittite.
1788 1136 1890 1191 His
1919 1131 2008 1189 illl

345 1224 482 1279 visis
505 1230 682 1295 atque
711 1223 929 1278 auditis
955 1222 1304 1294 plangentes
1328 1237 1494 1275 suam
1519 1222 1771 1292 quisque
1794 1221 2006 1276 faciem

339 1320 397 1369 et
428 1311 805 1368 tremebundi
839 1313 1131 1367 exierunt.
1193 1311 1289 1366 Sic
1339 1310 1560 1376 infans,
1595 1327 1664 1366 ex
1696 1327 1811 1381 quo
1844 1317 2006 1366 recte

339 1405 585 1461 eductus
615 1404 810 1458 fuerat
835 1407 1058 1468 ventre,
1082 1402 1144 1456 in
1178 1400 1454 1456 eumdem
1482 1417 1589 1471 per
1613 1401 1781 1456 nefas
1803 1400 2004 1456 rediit.

340 1492 516 1548 Aliud
540 1508 713 1563 porro
739 1492 838 1545 iraa
863 1491 964 1545 Dei
986 1489 1205 1545 Judzeis
1230 1489 1460 1544 infesta:
1487 1490 1723 1562 signum
1743 1498 2007 1544 comme'

339 1587 626 1637 moratur.
657 1583 802 1636 Cum
835 1580 994 1634 enim
1052 1579 1125 1634 ad
1185 1595 1390 1634 muros
1441 1595 1676 1634 summa
1706 1579 1757 1632 vi
1793 1587 2005 1634 manus

341 1676 821 1736 consererentur,
853 1669 1048 1725 subito
1107 1669 1262 1723 venti
1325 1668 1494 1724 turbo
1537 1669 1694 1723 inter
1721 1668 2002 1725 adversas

340 1762 498 1815 acies
529 1759 759 1825 incidit,
792 1759 892 1829 qui
933 1775 964 1814 a
997 1758 1280 1814 Romanis
1340 1757 1522 1812 missa
1579 1757 1698 1812 tela
1744 1763 1908 1813 recta
1939 1758 2002 1812 in

336 1848 568 1904 Iudaeos
600 1849 900 1920 dirigeret,
933 1847 1270 1902 Judzeorum
1331 1852 1531 1902 autem
1591 1846 1708 1901 tela
1759 1847 2002 1918 obliqua

337 1944 662 1995 averteret:
693 1937 892 2008 itaque
925 1937 1170 1992 Romani
1204 1937 1464 1992 hostium
1498 1937 1704 1992 oculos
1734 1937 2001 1992 videntes

337 2028 577 2082 turbine
607 2027 948 2100 perstringi,
979 2026 1129 2082 clam
1165 2027 1237 2080 iis
1296 2027 1356 2080 in
1415 2042 1649 2081 murum
1685 2032 2000 2082 evaserunt

339 2134 733 2189 magnamque
768 2122 1022 2188 stragem
1058 2115 1393 2171 ediderunt.

2114 600 2204 654 καὶ
2235 602 2492 671 πλουσία,
2523 602 2768 678 τοῦνομα
2800 603 3004 678 Μαρία,
3059 603 3120 658 ἐκ
3166 608 3266 671 τῆς
3314 604 3500 676 χώρας
3531 621 3769 678 καταφυ-

2113 693 2283 763 γοῦσα
2313 693 2448 766 πρὸς
2477 696 2574 764 τήν
2608 693 2796 758 πόλιν,
2851 691 3040 763 ἐπειδή
3090 692 3262 747 πᾶσαν
3319 691 3486 760 αὐτῆς
3523 691 3625 745 ὑπὸ
3656 694 3766 746 τῶν

2116 787 2449 837 στασιαστῶν
2537 782 2778 862 ἀφῃρέθη
2864 786 2963 854 τήν
3046 781 3378 857 περιουσίαν,
3458 780 3766 852 ὑπομάζιον

2115 861 2325 942 ἔχουσα
2380 870 2560 926 τέκνον
2624 877 2786 928 τοῦτο
2863 870 3140 937 καταθύει·
3217 871 3306 926 καὶ
3368 870 3651 940 ὀπτήσασα
3705 869 3767 924 τὸ

2115 956 2289 1028 ἥμισυ
2322 959 2417 1031 μὲν
2453 955 2639 1036 ἔφαγε,
2693 962 2754 1016 τὸ
2810 961 2982 1035 ἣμισυ
3043 958 3099 1015 δὲ
3154 957 3524 1032 καταλείψασα
3563 957 3767 1034 ἐτήρει.

2116 1049 2182 1105 Οἱ
2242 1045 2300 1102 δὲ
2353 1052 2452 1114 τῆς
2506 1051 2730 1121 κνίσσης
2799 1050 3106 1124 αἰσθόμενοι
3169 1049 3256 1104 καὶ
3343 1044 3770 1118 εἰσπηδήσαντες

2118 1136 2324 1193 ἀνελεῖν
2381 1139 2675 1209 ἠπείλουν,
2735 1140 2785 1195 εἴ
2845 1143 2920 1215 μὴ
2983 1137 3264 1209 ἐπιδείξειε
3311 1139 3370 1192 τὸ
3405 1138 3586 1213 μέρος.
3621 1137 3684 1194 Ἠ
3715 1133 3774 1191 δὲ

2115 1230 2212 1282 τοῦ
2242 1225 2531 1302 παιδαρίου
2552 1228 2618 1283 τὰ
2641 1227 2868 1302 λείψανα
2898 1233 3298 1304 προαγαγοῦσα,
3321 1231 3516 1294 Τοῦτο,
3552 1221 3677 1300 ἔφη,
3708 1224 3772 1279 τὸ

2117 1316 2247 1388 ἐμόν
2280 1337 2411 1372 ποτε
2441 1319 2666 1391 γνήσιον
2696 1317 2901 1389 τέκνον,
2962 1322 3052 1371 νῦν
3115 1315 3172 1372 δὲ
3224 1315 3542 1385 πανάθλιον,
3577 1315 3772 1392 φάγετε

2115 1405 2202 1459 καὶ
2244 1406 2420 1478 ὑμεῖς,
2453 1407 2537 1462 ὅτι
2591 1407 2744 1483 κάγώ
2787 1403 3062 1484 βέϐρωκα,
3119 1406 3208 1461 καὶ
3271 1407 3346 1480 μή
3379 1403 3769 1480 γένησθεέμοῦ

2113 1501 2214 1564 τῆς
2273 1495 2403 1550 αὐτὸ
2459 1495 2863 1572 γεννησαμένης
2923 1493 3374 1570 συμπαθέστεροι’
3439 1493 3484 1548 εί
3526 1491 3583 1548 δὲ
3631 1493 3767 1548 ἀπο-

2114 1586 2421 1662 στρέφεσθε,
2453 1587 2516 1641 τὸ
2549 1589 2743 1642 Λοιπὸν
2799 1587 2923 1662 ἐμοὶ
2981 1585 3363 1660 καταλείψατε.
3398 1587 3468 1643 Ol
3501 1581 3558 1640 δὲ
3590 1581 3767 1644 οὕτως

2114 1671 2320 1739 ἰδόντες
2347 1675 2437 1730 καὶ
2473 1675 2819 1746 ἀκούσαντες,
2880 1677 2974 1738 τὰς
3034 1676 3214 1731 αὐτῶν
3273 1671 3424 1748 ὄψεις
3484 1675 3766 1748 τύψαντες,

2110 1764 2402 1838 τρέμοντες
2431 1763 2682 1835 ἐξῆλθον.
2718 1767 2878 1824 Οὕτω
2925 1767 2986 1820 τὸ
3037 1763 3223 1827 καλῶς
3255 1763 3314 1819 ἐκ
3368 1760 3584 1824 κοιλίας
3613 1761 3768 1832 ἐξελ-

2114 1853 2207 1916 θὸν
2269 1854 2471 1928 βρέφος
2532 1852 2608 1917 εἷς
2661 1857 2761 1923 τήν
2824 1855 2994 1924 αὐτὴν
3050 1853 3214 1910 πάλιν
3255 1858 3438 1916 κακῶς
3475 1852 3772 1926 ὑπέστρεψε

2113 1942 2368 2018 γαστέρα.
2404 1944 2504 1999 Καὶ
2545 1947 2708 2000 τοῦτο
2749 1941 2807 2000 δὲ
2856 1951 2956 2014 τῆς
3007 1943 3277 2015 θεηλάτου
3339 1943 3512 2018 ὀργῆς
3542 1946 3769 2015 σημεῖον

2110 2028 2421 2104 ἱστόρηται.
2468 2032 2570 2088 Καὶ
2631 2032 2735 2110 γὰρ
2789 2031 3043 2106 πολέμου
3099 2031 3189 2089 ἐπὶ
3248 2035 3316 2107 τῇ
3377 2034 3616 2106 περιοχῇ
3651 2051 3776 2104 σφο-

2109 2115 2252 2214 δρῶς
2303 2118 2751 2199 συρῤηγνυμένὸυ
2809 2121 3028 2196 ἐξάπινα
3087 2120 3294 2186 θύελλα
3335 2119 3542 2200 σφόδρα
3577 2120 3774 2214 μετπιξ,.ἔ

337 2209 446 2258 τῶν
519 2201 618 2258 δύο
689 2209 867 2278 μερῶν
933 2208 1356 2278 παρειιπεσοῦσα
1422 2203 1488 2258 τὰ
1554 2204 1701 2278 παρὰ
1763 2209 1869 2259 τῶν
1938 2206 2225 2280 Ῥωμαίων
2297 2209 2392 2282 μὶν
2461 2209 2720 2288 ἀφιέμενα
2776 2211 2913 2287 βέλη
2973 2213 3256 2286 εὐστόχως
3311 2211 3490 2275 ’ἰθυνεν
3527 2209 3611 2265 ἐπ’
3659 2201 3770 2264 αὐζ

338 2301 491 2369 τοὺς,
551 2303 617 2356 τὰ
673 2303 816 2376 παρὰ
876 2299 1151 2358 Ἰουδαίων
1209 2299 1268 2356 δὶ
1320 2303 1454 2376 πρὸς
1514 2301 1707 2364 αὐτοὺς
1766 2303 2095 2377 πεμπόμενα
2151 2303 2358 2382 πλάγια
2415 2309 2732 2384 παρέσυρεν.
2791 2312 2945 2367 Ὀθεν
2981 2312 3076 2371 τὰς
3135 2309 3290 2384 ὅψεις
3321 2309 3500 2363 αὐτῶν
3535 2309 3588 2362 οἱ
3619 2309 3770 2363 Ῥω·

345 2397 500 2465 μαῖοι
558 2389 618 2446 ἐκ
673 2394 770 2459 τῆς
833 2390 1072 2462 θυέλλης
1136 2391 1554 2466 ἀμαυρουμένας
1633 2393 1949 2466 θεασάμενοι
2035 2393 2308 2470 λαθραίως
2378 2417 2436 2451 τε
2513 2392 2855 2454 ἐπανέϐαινον
2937 2397 3026 2454 καὶ
3103 2398 3336 2457 ἐκτόνως
3411 2395 3751 2452 κατέκτεινον

342 2501 556 2542 αυτους.

407 2571 570 2626 Titus
604 2571 1068 2644 Hierosolymam
1095 2570 1357 2628 biennali
1388 2573 1698 2630 obsidione
1730 2575 1791 2630 in
1824 2579 1991 2646 pote-

337 2666 548 2716 statem
573 2661 870 2716 redactam
894 2677 1015 2716 una
1036 2677 1170 2717 cum
1201 2662 1422 2734 templo
1444 2668 1628 2718 totam
1653 2664 1711 2718 in
1735 2664 1994 2720 favillam

339 2750 596 2805 flammis
629 2749 872 2822 redegit.
908 2752 1066 2806 Tunc
1126 2751 1330 2822 utique
1361 2754 1561 2808 unctio
1610 2759 1667 2807 et
1698 2754 1995 2825 judicium

341 2839 564 2893 abolita
595 2845 752 2906 sunt,
785 2839 1146 2910 vastitasque
1196 2840 1361 2895 urbis
1407 2842 1675 2913 impleta,
1710 2843 1996 2899 nimirum

342 2929 678 2990 excidium;
715 2943 893 3000 quem
924 2929 1106 2984 Judaei
1162 2946 1281 2984 sua:
1315 2932 1708 2986 contumacia:
1738 2932 1998 2988 fructum

343 3023 649 3088 ceperunt.
685 3017 833 3083 Quid
865 3023 1064 3073 autem
1120 3019 1334 3074 attinet
1394 3037 1488 3074 me
1543 3021 1646 3076 hic
1702 3022 2000 3093 prolixum

341 3123 472 3162 esse
487 3108 515 3162 ‘I
532 3108 823 3178 Josephus
841 3106 1099 3172 Judaius,
1128 3108 1391 3164 veritatis
1413 3109 1997 3182 observantissimus,

341 3200 440 3271 qui
474 3203 530 3253 et
563 3198 718 3253 bello
774 3203 831 3251 et
881 3197 1108 3253 excidio
1140 3198 1305 3254 urbis
1364 3200 1650 3265 interfuit,
1692 3201 2000 3258 historiam

345 3289 474 3361 ejus
502 3289 586 3343 rei
619 3287 952 3359 descripsit.
978 3290 1057 3343 Ea
1081 3288 1233 3344 lecta
1255 3305 1379 3344 rem
1411 3289 1647 3360 planius
1680 3291 1995 3364 intelliges.

340 3380 395 3434 Is
434 3383 524 3432 ter
572 3377 792 3432 millies
826 3377 988 3431 mille
1023 3384 1366 3432 numeratos
1396 3378 1580 3434 fuisse
1612 3387 1814 3436 narrat
1845 3383 1990 3437 8'17

2178 2575 2262 2646 [P.
2299 2579 2428 2649 215]
2464 2577 2590 2633 Ἐπὶ
2627 2573 2746 2631 δυσὶ
2790 2573 2848 2632 δὲ
2895 2574 3064 2632 ἔτεσιν
3129 2577 3158 2631 ὁ
3212 2580 3373 2638 Τῖτος
3426 2575 3526 2644 τὴν
3556 2577 3768 2647 Ἵερου-

2106 2659 2297 2734 σαλὴμ
2326 2659 2661 2738 παραλαϐὼν
2691 2669 2866 2720 πᾶσαν
2897 2665 3069 2733 αὐτὴν
3119 2665 3209 2720 καὶ
3254 2665 3346 2719 τὸν
3390 2663 3444 2718 ἐν
3476 2661 3612 2734 αὐτῇ
3642 2662 3766 2716 ναὸν

2104 2750 2492 2825 κατῃθάλωσεν
2551 2752 2604 2808 ἐν
2663 2755 2814 2828 πυρί.
2898 2755 3040 2812 Τότε
3105 2754 3330 2824 ἀληθῶς
3389 2749 3764 2824 ἐξωλοθρεῦθη

2107 2839 2336 2914 χρίσμα,
2397 2841 2487 2897 καὶ
2544 2847 2738 2917 κρῖμα,
2796 2843 2885 2898 καὶ
2944 2842 2994 2897 έν
3056 2842 3338 2913 συντελείᾳ
3390 2843 3424 2910 ἡ
3483 2841 3771 2914 ἐρήμωσις

2106 2928 2280 2997 αὐτῆς
2311 2925 2499 3000 ἐδόθη,
2529 2928 2776 2986 τουτέστι
2823 2927 3316 3002 συντετελεσμένην
3352 2925 3626 2982 ὰπώλειαν
3679 2927 3770 2981 καὶ

2108 3015 2488 3092 πληρεστάτην
2554 3017 2833 3094 ἐρήμωσιν
2884 3021 2982 3089 τῆς
3043 3017 3321 3082 ἀπειθείας
3391 3015 3567 3072 αὐτῶν
3617 3015 3770 3088 ἐτρύ-

2107 3127 2276 3181 γησαν
2323 3106 2548 3181 καρπόν.
2610 3108 2711 3165 Καὶ
2749 3109 2803 3162 τί
2838 3129 2934 3180 μοι
2990 3109 3056 3163 τὰ
3087 3105 3273 3162 πολλὰ
3316 3106 3498 3181 λέγειν
3528 3126 3541 3174 ;
3577 3103 3769 3174 Ἰώση-

2109 3215 2213 3256 πος
2267 3197 2296 3251 ὁ
2353 3194 2578 3270 ἐκεῖνος,
2637 3195 2956 3276 φιλαλήθης
3013 3195 3090 3252 ὢν
3130 3197 3338 3271 ἱστορεῖ
3397 3194 3520 3268 περὶ
3573 3194 3770 3249 τούτου

2107 3289 2190 3357 τῷ
2219 3304 2276 3340 τε
2307 3281 2542 3358 πολέμῳ
2598 3285 2688 3340 καὶ
2745 3289 2814 3359 τῇ
2872 3285 3074 3339 ἁλώσει
3133 3282 3307 3339 ἐκεῖσε
3352 3284 3544 3339 συνών.
3579 3284 3768 3354 Τούτῳ

2109 3395 2191 3436 τις
2253 3373 2497 3448 ἐντυχὼν
2566 3374 2763 3430 ε’ἰσεται
2825 3373 3172 3451 σαφέστερον.
3212 3375 3310 3434 ’Ὀς
3369 3373 3459 3427 τὸν
3512 3373 3605 3446 μὲν
3637 3368 3768 3427 λαὸν

341 3485 475 3523 cum
505 3467 790 3522 uxoribus
818 3471 877 3521 et
908 3466 1130 3522 liberis.
1155 3467 1410 3522 Periisse
1434 3473 1630 3524 autem
1654 3469 1998 3540 fame,bello

2118 3461 2189 3526 εἷς
2251 3463 2562 3535 τριακοσίας
2624 3460 2888 3539 μυριάδας
2937 3461 3277 3534 ἠριθμῆσθαί
3335 3483 3468 3537 φησι
3523 3460 3615 3515 σὺν
3669 3481 3766 3530 νη-

343 3556 650 3623 intestino,
684 3560 741 3609 et
769 3556 827 3609 in
860 3555 1152 3610 cuniculis
1185 3555 1245 3610 in
1278 3573 1427 3627 quos
1459 3573 1588 3613 sese
1620 3559 1777 3616 ultro
1810 3562 2004 3620 inclu-

347 3651 552 3701 serant
600 3652 776 3715 atque
816 3645 1259 3713 interfecerant,
1308 3647 1592 3703 11000000
1621 3651 1797 3708 viros.
1835 3655 2002 3710 Reli-

349 3752 497 3807 quos
529 3735 628 3806 qui
662 3739 834 3788 aetate
866 3735 1093 3806 integra
1142 3753 1208 3791 ac
1254 3737 1697 3808 pulchritudine
1738 3745 2003 3814 corporis

351 3830 726 3897 praestarent,
748 3827 994 3880 Romam
1019 3825 1078 3879 in
1107 3826 1408 3898 triumpho
1436 3827 1737 3899 ductos,ut
1767 3832 1848 3887 ibi
1871 3852 2002 3889 cum

348 3916 565 3970 belluis
597 3914 992 3970 decertarent.
1027 3915 1106 3970 De
1156 3916 1389 3989 reliqua
1440 3918 1617 3974 turba
1649 3921 1749 3991 qui
1777 3937 2002 3979 annum

352 4009 412 4059 Π
440 4005 854 4071 excessissent,
889 4022 988 4060 eos
1030 4005 1244 4076 partim
1298 4006 1361 4061 in
1412 4009 1718 4080 Egyptum
1751 4012 1824 4067 ad
1857 4030 2006 4085 opus

345 4094 687 4151 faciendum
710 4096 943 4159 missos,
968 4095 1287 4166 plerosque
1315 4097 1373 4151 in
1403 4100 1733 4168 provincias
1765 4101 2004 4172 divisos,

351 4191 416 4240 ut
448 4184 507 4239 in
542 4185 786 4239 theatris
815 4184 894 4238 ibi
921 4184 1234 4240 autaferis
1256 4193 1630 4244 necarentur.
1657 4191 1764 4255 Qui
1806 4199 2005 4248 autem

352 4276 507 4329 intra
542 4278 603 4327 l7
636 4290 857 4328 annum
886 4275 1076 4328 anatis
1109 4281 1415 4343 erant,eos
1439 4277 1497 4331 in
1532 4280 1874 4336 servitutem
1905 4280 2011 4335 ab-

351 4364 485 4420 duci
521 4381 586 4418 ac
618 4363 855 4418 divendi
881 4363 1136 4434 jussisse
1165 4364 1397 4430 Titum;
1432 4371 1492 4421 et
1533 4367 1792 4423 virorum
1827 4369 2009 4424 fuisse

352 4469 692 4518 numerum,
726 4453 825 4522 qui
861 4453 1157 4523 mancipia
1208 4453 1664 4524 abducerentur,
1697 4459 1765 4511 90
1798 4458 2009 4513 millia.

2113 3551 2260 3612 πίοις
2289 3553 2379 3607 καὶ
2409 3553 2668 3628 γυναιξὶν,
2730 3549 2928 3626 ἄνδρας
2987 3548 3044 3606 δὲ
3100 3549 3287 3606 ἐκατὸν
3340 3548 3466 3606 δέκα
3501 3546 3768 3625 μυριάδας

2113 3639 2168 3696 ἐν
2198 3647 2277 3714 τῷ
2307 3641 2459 3714 λιμῷ
2506 3643 2593 3698 καὶ
2625 3646 2706 3713 τῷ
2747 3639 2981 3715 πολέμῳ
3036 3645 3114 3713 τῷ
3170 3641 3307 3715 πρὸς
3337 3637 3644 3710 ἀλλήλους,
3676 3639 3765 3694 καὶ

2113 3731 2166 3787 ἐν
2198 3736 2278 3804 τῷ
2317 3730 2668 3808 συγκλεισμῷ
2725 3733 2771 3804 ᾧ
2828 3732 3050 3792 ἑαυτοὺς
3107 3729 3368 3790 ἐκουσίως
3396 3729 3448 3783 ἐν
3485 3727 3772 3806 ὑπογαίοις

2111 3823 2310 3885 πόποις
2392 3821 2738 3878 συνέκλεισαν
2817 3823 2906 3876 καὶ
2991 3821 3356 3887 κατέκτειναν,
3426 3817 3768 3896 διεφθορέναι

2114 3913 2500 3989 συνεγράψατο.
2566 3913 2663 3969 Καὶ
2720 3911 2849 3973 τοὺς
2910 3911 3005 3984 μὲν
3061 3909 3111 3964 ἐν
3179 3911 3329 3985 ἀκμῇ
3386 3917 3486 3979 τῆς
3545 3907 3771 3980 ἡλικίας

2112 4004 2202 4059 καὶ
2236 4003 2490 4076 σώματος
2548 3999 2743 4056 κάλλει
2795 3997 3147 4078 διαφέροντας
3205 3997 3286 4071 τῷ
3348 3993 3772 4074 θριάμϐερῬώο

2118 4116 2227 4169 μης
2259 4097 2500 4169 ἂχθῆναι
2532 4092 2606 4154 εἷς
2639 4089 3036 4166 θηριομαχίαν,
3075 4094 3172 4144 τοῦ
3226 4087 3404 4145 ἄλλου
3437 4086 3493 4144 δὲ
3521 4087 3770 4158 πλήθους

2113 4185 2240 4246 τοὺς
2276 4183 2373 4257 μὶν
2407 4182 2542 4256 ὑπὶρ
2598 4181 2666 4236 τὰ
2727 4181 2788 4250 ιζ’
2845 4177 2938 4250 ἔτη
2996 4179 3122 4240 τοὺς
3188 4179 3281 4251 μὶν
3317 4177 3572 4252 δεσμίους
3606 4177 3683 4242 είς
3712 4177 3778 4232 τὰ

2115 4274 2231 4328 κατ’
2291 4270 2555 4345 Α’ίγυπτον
2613 4269 2746 4343 ἔργα
2799 4269 3282 4345 παραπέμπεσθαι,
3330 4269 3457 4329 τοὺς
3484 4265 3776 4328 πλείστους

2118 4361 2176 4418 δὶ
2236 4360 2312 4424 εἷς
2363 4361 2461 4422 τὰς
2519 4357 2788 4435 ἐπαρχίας
2843 4357 3253 4432 ὑπερορίζεσθαι
3327 4357 3776 4432 φθαρησομένους

2117 4451 2170 4507 ἐν
2225 4452 2469 4526 θεάτροις
2527 4449 2618 4504 καὶ
2677 4446 2924 4524 σιδήροις
3003 4447 3092 4502 καὶ
3150 4447 3387 4522 θηρίοις.
3441 4446 3569 4510 τοὺς
3629 4446 3778 4508 ἐντὸς

350 4541 408 4598 δὶ
463 4547 572 4597 τῶν
631 4542 693 4610 ιζ’
752 4541 885 4595 ἐτῶν
947 4540 1350 4616 αἰχμαλώτους
1404 4545 1698 4620 ἀπάγεσθαι
1753 4545 2205 4620 πραθησομένους
2260 4539 2560 4612 διετάξατοο
2619 4539 2828 4595 τούτων
2877 4537 2934 4596 δὲ
2990 4538 3166 4612 μόνων
3209 4539 3302 4594 τὸν
3337 4539 3569 4613 ἀριθμὸν
3601 4539 3643 4602 θ’
3679 4555 3783 4612 μυ-

351 4631 537 4709 ριάδας
610 4627 817 4703 ἀνδρῶν
853 4633 1292 4706 συνθεωρεῖσθαι.

421 4723 583 4776 Tunc
609 4722 785 4775 etiam
809 4723 1008 4777 Roma)
1029 4721 1199 4776 aiunt
1215 4728 1445 4777 tantum
1466 4725 1761 4780 exstitisse
1784 4731 2003 4797 pestem

2191 4718 2333 4777 Τότε
2363 4715 2428 4790 δή
2463 4716 2552 4772 καὶ
2584 4715 2750 4792 λιμὸν
2798 4717 2933 4772 κατὰ
2980 4718 3081 4786 τήν
3126 4717 3351 4788 Ῥώμην
3381 4715 3508 4790 φασὶ
3539 4713 3779 4790 γενέσθαι

351 4817 416 4867 ut
447 4828 552 4882 per
582 4810 800 4865 multos
832 4811 959 4865 dies
991 4810 1256 4880 quotidie
1288 4827 1466 4881 supra
1500 4813 1672 4867 1-0000
1696 4813 2009 4869 hominum

353 4901 509 4955 elata
539 4901 671 4955 sint.
709 4902 868 4955 Tunc
901 4905 959 4954 et
988 4899 1248 4954 Rhodios
1279 4900 1478 4955 ferunt
1524 4903 1833 4960 Colossum
1888 4910 2007 4961 sta-

353 4992 560 5058 tuisse,
595 5006 810 5045 wream
847 4995 1101 5044 statuam
1134 4990 1277 5054 Jovi,
1317 4990 1416 5043 127
1450 4992 1630 5062 pedes
1660 4993 1864 5049 altam.

422 5174 561 5227 Post
583 5176 817 5243 captam
843 5169 1315 5240 Hierosolymam
1342 5170 1590 5242 Symeon
1608 5171 1834 5243 Cleopaa
1854 5172 2012 5229 illius

350 5262 662 5333 episcopus
693 5261 822 5332 ejus
854 5257 1020 5314 urbis
1054 5259 1246 5314 factus
1279 5264 1386 5313 est.

421 5350 570 5404 Nero
599 5349 812 5420 plenus
833 5347 1023 5403 rabidi
1043 5347 1259 5404 furoris
1284 5353 1554 5412 matrem,
1580 5367 2014 5420 sororem,uxo-

355 5454 598 5507 remque
634 5457 769 5495 suas
801 5440 1052 5506 necavit,
1082 5445 1138 5493 et
1170 5455 1378 5494 omnes
1404 5456 1542 5493 suos
1576 5446 1856 5511 cognatos
1888 5441 2013 5512 plu-

361 5527 664 5597 rimosque
696 5529 984 5583 nobilium
1019 5531 1442 5584 Romanorum.
1509 5531 1752 5602 Propter
1779 5537 2011 5602 turpem

365 5630 432 5669 ac
454 5613 831 5671 libidinosam
855 5618 982 5688 ejus
1003 5619 1177 5674 vitam
1214 5636 1419 5674 mensa
1449 5620 1636 5690 ipsius
1664 5626 1750 5675 est
1772 5621 1843 5675 de
1865 5621 2013 5677 caelo

367 5707 540 5762 tacta.
569 5704 778 5762 Statim
801 5707 1041 5779 quidam
1061 5708 1330 5783 primarii
1363 5709 1470 5767 viri
1501 5709 1752 5768 insidias
1774 5710 1827 5770 ei
1857 5715 2012 5774 βιω-

2119 4815 2365 4868 τοιοῦτον
2400 4809 2474 4872 ὡς
2526 4808 2658 4883 ὑπὲρ
2713 4808 2941 4883 μυρίους
3001 4805 3082 4884 ἐφ’
3130 4805 3365 4881 ἡμέραις
3401 4803 3618 4860 πλείοσι
3659 4805 3778 4858 καθ’

2120 4902 2330 4975 ἡμέραν
2380 4899 2763 4969 ἀποθνήσκειν.
2825 4896 2960 4954 Τότε
3019 4896 3110 4950 καὶ
3166 4892 3431 4949 κολοσσόν
3477 4913 3603 4966 φασι
3647 4891 3774 4951 τοὺς

2118 4987 2364 5050 Ῥοδίους
2396 4987 2689 5057 ἀναστῆσαι
2724 4983 2934 5056 στήλην
2981 4983 3041 5039 ἐκ
3093 4981 3308 5058 χαλκοῦ
3336 4986 3414 5053 τῷ
3445 4983 3550 5050 Διὶ,
3585 4980 3770 5036 ἑκατὸν

2121 5077 2435 5135 εἰκοσιεπτὰ
2459 5073 2666 5132 ποδῶν.

2193 5171 2346 5226 Μετα
2373 5169 2472 5236 τὴν
2519 5174 2618 5236 τῆς
2673 5163 3038 5238 Ἰερουσαλὴμ
3096 5160 3300 5218 ἅλωσιν
3357 5162 3584 5235 Συμεὼν
3615 5162 3642 5217 ὁ
3672 5165 3775 5216 τοῦ

2124 5259 2342 5315 Κλεόπα
2370 5258 2463 5313 τὸν
2487 5255 2681 5333 θρόνον
2709 5251 3108 5327 Ἰεροσολύμων
3138 5251 3468 5329 διαδέχεται.

2193 5349 2361 5410 Οὗτος
2396 5349 2424 5401 ὁ
2455 5345 2638 5420 Νέρων
2677 5344 2868 5418 μανίας
2919 5341 3127 5416 ἀλόγου
3176 5341 3439 5412 πλησθεὶς
3473 5343 3648 5399 ἀνεῖλε
3680 5345 3773 5417 μὲν

2120 5439 2220 5507 τήν
2250 5438 2414 5493 αὑτοῦ
2457 5434 2665 5509 μητέρα
2713 5432 2802 5488 καὶ
2851 5433 2951 5502 τήν
2997 5429 3238 5510 ἀδελφὴν
3285 5431 3374 5487 καὶ
3419 5434 3516 5502 τὴν
3550 5439 3776 5509 γυναῖκα

2121 5529 2210 5585 καὶ
2266 5526 2394 5588 τοὺς
2450 5525 2508 5579 ἐκ
2567 5524 2754 5602 γένους
2809 5521 2956 5596 αὖτῷ
3014 5523 3393 5598 προσήκοντας
3445 5522 3645 5587 πάντας
3683 5524 3772 5580 καὶ

2121 5623 2229 5674 τῶν
2282 5613 2702 5688 ἐπισημοτάτων
2759 5613 3052 5687 Ῥωμαίων
3101 5610 3413 5674 πλείστους.
3445 5617 3535 5686 Τῷ
3564 5614 3653 5669 καὶ
3686 5611 3774 5670 διὰ

2122 5709 2214 5766 τὸν
2244 5706 2474 5786 αἰσχρὸν
2503 5705 2592 5763 καὶ
2648 5703 2856 5783 ἀσελγῆ
2917 5703 3042 5784 βίον
3099 5703 3269 5762 αὐτοῦ
3297 5705 3366 5778 τῇ
3413 5702 3654 5782 τραπέζῃ
3685 5726 3773 5762 κε-
