4154 6418
371 380 493 442 817

1504 367 2047 435 ΠΙΞΤΟΒῙΑΒῸΜ
2094 366 2646 435 ΟΟΜΡΕΝΠΙΠΜ.

3692 380 3811 441 418

384 510 580 590 pomo:
610 505 922 579 ἃπιπίπτει,
951 505 1045 563 καί
1072 506 1232 569 εὐθὺς
1299 504 1625 562 ἐπιτίθενται
1689 502 1839 575 αὐτῷ
1893 520 2037 563 τινες

2167 511 2391 562 terunt.
2417 508 2625 580 Itaque
2655 523 2795 565 suos
2816 508 2944 582 ipse
2985 506 3139 566 818
3177 510 3449 568 hortatus
3472 519 3563 569 est
3603 519 3672 570 ut
3695 514 3810 587 ipsi

382 609 497 659 τῶν
557 599 610 656 ἐν
671 598 825 655 τέλει
865 597 1278 671 ἀναιρήσοντες.
1329 596 1394 655 Ὀ
1450 592 1509 651 δὶ
1572 591 1870 670 παρεκάλει
1925 590 2054 656 τοὺς

380 692 649 752 συνόντας
688 688 841 762 αὐτῷ
871 686 1078 743 ἀνελεῖν
1110 686 1295 745 αὐτόν.
1325 690 1414 748 Ὠς
1474 681 1533 740 δὲ
1565 681 1746 747 υύδεὶς
1784 679 2052 756 ἠνέσχετο

386 787 557 840 τοῦτο
585 780 808 855 πρᾶξαι,
840 777 988 856 Ἐγὼ
1021 775 1211 850 μόνος,
1241 770 1368 853 ἔφη,
1418 772 1543 830 οὕτε
1580 772 1743 853 φίλον
1795 764 1912 847 ἔχω
1958 770 2050 825 τὸν

371 874 630 943 σώζοντα
660 869 785 924 οὕτε
815 865 1014 944 ἐχθρὸν
1038 866 1132 921 τὸν
1191 863 1521 941 ἀναιροῦντά
1579 883 1669 938 με.
1726 861 2049 920 ’Δποθανεῖν

379 961 539 1019 θέλει
566 962 604 1029 ἡ
635 958 823 1034 ψυχὴ,
855 956 946 1012 καὶ
978 958 1014 1024 ἡ
1045 955 1171 1034 χεὶρ
1212 953 1322 1033 οὐχ
1379 953 1659 1030 ὑπηρετεῖ.
1712 951 1816 1008 Καὶ
1873 948 2055 1005 τελευ-

377 1058 538 1109 ταῖον
596 1047 866 1116 ἐπειπὼν,
922 1047 991 1101 Ὠ
1074 1050 1191 1115 Ζεῦ,
1260 1045 1381 1108 οἷος
1436 1042 1695 1121 τεχνίτης
1745 1036 2052 1117 κιθαρῳδὸς

383 1140 699 1199 ἆπόλλυται
756 1137 949 1193 ἑαυτὸν
999 1135 1232 1193 ἀνεῖλεν.
1322 1133 1713 1195 Ἀποθανόντος
1773 1129 1831 1186 δὲ
1887 1129 2053 1185 αὐτοῦ

381 1230 533 1292 τινες
565 1227 723 1284 πιλία
744 1227 819 1290 ὡς
852 1225 1300 1301 ἐλευθερούμενοι
1351 1221 1624 1303 ἐφόρεσαν.
1684 1219 1815 1298 Περὶ
1870 1219 1932 1274 οὗ
1962 1217 2052 1273 καὶ

383 1316 625 1383 Βᾶλϐιος
673 1321 812 1393 (48),
868 1316 992 1390 περὶ
1047 1322 1149 1387 τῆς
1205 1315 1325 1370 κατ’
1382 1311 1551 1370 αὐτοῦ
1602 1311 1917 1382 επιθίσεως,
1976 1307 2052 1371 ὡς

384 1407 594 1470 οἰκεῖος
622 1406 793 1462 αὐτοῦ
824 1402 900 1459 ὤν
932 1403 1228 1482 ἐρωτηθεὶς
1282 1402 1431 1476 παρὰ
1487 1399 1765 1477 Νέρωνος,
1819 1398 1898 1461 ὡς
1957 1395 2051 1452 καὶ

389 1497 552 1559 αὐτὸς
577 1498 628 1552 εἷ
656 1497 778 1552 κατ’
807 1494 946 1569 ἐμοῦ
979 1512 993 1564 ;
1025 1491 1152 1574 ἔφη,
1192 1489 1476 1570 Ἐιρίλησά
1530 1511 1588 1547 σε
1652 1488 1849 1551 παντὸς
1912 1483 2053 1561 μᾶλ-

396 1587 500 1643 λον
534 1584 620 1642 καὶ
639 1585 898 1659 ἐμίσησα.
933 1586 1020 1655 [Ρ.
1078 1584 1207 1656 216]
1274 1579 1547 1658 Ἐφίλησα
1601 1577 1832 1640 ἆλπίσας
1859 1575 2054 1651 ἀγαθὸν

397 1675 767 1752 αὐτοκράτορα
795 1669 1008 1729 ἔσεσθαί
1047 1693 1127 1742 σε,
1164 1674 1309 1746 μισῶ
1367 1667 1426 1727 δὲ
1483 1669 1569 1726 δτι
1623 1672 1794 1725 ταῦτα
1845 1666 2049 1752 ποιεῖς’

390 1765 521 1821 οὔτε
550 1764 654 1840 γάρ
683 1761 1053 1839 ἀρματηλάτῃ
1108 1757 1234 1817 οὔτε
1289 1763 1513 1837 κυνηγῷ
1566 1754 1694 1814 οὔτε
1757 1751 2051 1832 κιθαρῳδῷ

389 1850 672 1909 δουλεύειν
704 1849 958 1925 δύναμαι.

464 1941 595 2000 Ἐπὶ
625 1939 875 2017 Νέρωνος
906 1938 960 1996 ἐν
991 1940 1184 2015 Ῥώμῃ
1251 1937 1453 2001 ὕπατος
1508 1936 1740 2000 Λεύκιος
1798 1937 2050 1997 Κούϊντος

388 2031 717 2093 Κικιννάτος
751 2032 972 2105 ἃριστος
1006 2025 1253 2104 ἐδείχθη.
1296 2030 1508 2085 Τοῦτον
1536 2029 1572 2097 ἠ
1635 2024 1812 2103 βουλὴ
1844 2023 2053 2099 ἔπεμψε

385 2122 520 2184 τοὺς
556 2120 1053 2198 παραληψομένους
1092 2118 1181 2175 ἐπὶ
1228 2119 1329 2188 τήν
1382 2117 1586 2193 ἀρχήν.
1621 2118 1823 2192 Ἔτυχε
1854 2114 1910 2172 δὲ
1940 2137 2049 2187 τη-

385 2216 621 2267 νικαῦτα
651 2208 882 2286 ἄρουραν
933 2209 1298 2285 ἐργαζόμενος
1357 2207 1432 2270 εἷς
1491 2207 1713 2281 σποράν,
1772 2204 1862 2260 καὶ
1921 2204 2053 2261 ἀκο-

387 2303 615 2367 λουθῶν
646 2306 763 2363 τοῖς
799 2300 985 2376 βουσὶν
1020 2299 1251 2375 ἀχίτων,
1308 2296 1720 2375 περιζωμάτιον
1761 2294 1905 2373 ἔχων
1960 2297 2052 2352 καὶ

386 2392 480 2449 ἰπὶ
552 2397 623 2466 τῇ
678 2390 893 2467 κεφαλῇ
963 2387 1151 2445 πῖλον.
1202 2385 1626 2464 Προδραμόντος
1675 2383 1733 2442 δὲ
1769 2406 1917 2449 τινος
1961 2386 2053 2441 καὶ

384 2481 753 2542 κελεύσαντος
815 2477 906 2533 ἐπὶ
963 2478 1026 2534 τὸ
1082 2477 1460 2552 κοσμιώτερον
1528 2475 1715 2532 ἑαυτὸν
1799 2482 2051 2547 ποιῆσαι,

386 2569 685 2646 παρελθὼν
718 2568 794 2630 είς
823 2569 924 2638 τήν
955 2561 1203 2638 καλύϐην
1234 2566 1325 2622 καὶ
1382 2566 1793 2644 ἀμφιασάμενος
1831 2563 2052 2642 προῆλ-

392 2673 507 2726 θεν.
544 2660 614 2717 Οἱ
646 2656 706 2714 δὲ
763 2656 1079 2727 ἠσπάσαντό
1110 2676 1169 2712 τε
1226 2653 1385 2711 αὐτὸν
1415 2654 1489 2718 ὡς
1521 2653 1723 2710 ὕπατον
1778 2654 1869 2710 καὶ
1951 2656 2053 2725 τὴν

398 2749 810 2825 περιπόρφυρον
842 2744 1041 2816 ἐσθῆτα
1102 2743 1438 2820 περιέθεσαν.
1487 2747 1551 2803 Ὀ
1617 2741 1676 2799 δὶ
1708 2744 1901 2819 μικρὸν
1935 2742 2055 2799 ἑπι-

402 2842 557 2916 οχὼν
584 2838 678 2894 καί
710 2835 1003 2912 δακρύσας,
1032 2840 1313 2911 ’Ἃσπορον
1361 2834 1465 2910 ἄρα
1526 2856 1644 2909 μοι,
1675 2833 1804 2910 ἔφη,
1841 2832 1904 2891 τό
1938 2853 2053 2910 χω-

406 2930 525 3003 ρίον
555 2921 700 2983 ἔσται
740 2930 937 2983 τοῦτον
1001 2924 1093 2981 τὸν
1159 2924 1420 2982 ἐνιαυτόν.
1487 2925 1586 2980 Καὶ
1644 2920 2052 2998 κινδυνεύσομεν

414 3017 530 3090 οὐχ
550 3014 680 3085 ἱξειν
711 3013 870 3070 πόθεν
897 3010 1257 3088 διατραφῆναι
1291 3033 1306 3083 ;

490 3104 613 3160 Ὀτι
640 3106 678 3173 ἡ
738 3101 1015 3177 ἐπωνυμία
1062 3106 1162 3157 τοῦ
1212 3101 1543 3158 ἐνιαυσιαίου
1599 3100 1831 3173 κύκλου,
1871 3103 1907 3172 ἡ
1959 3100 2055 3175 μὶν

420 3190 761 3266 ῥωμαΐζουσα
787 3194 940 3271 φωνὴ
978 3192 1041 3248 τὸ
1104 3193 1331 3266 μήνυμα
1388 3191 1665 3265 σημαίνει·
1703 3189 1899 3266 μηνύει
1953 3189 2056 3267 γὰρ

409 3283 444 3351 ἡ
478 3279 623 3359 ἀρχὴ
654 3282 749 3351 τήν
779 3277 1065 3356 περίοδον,
1122 3280 1215 3336 καὶ
1269 3279 1433 3336 τοῦτό
1480 3282 1625 3336 ἓστιν
1753 3278 2046 3336 ίνδικτιών.

398 3371 463 3426 Ἦ
494 3367 553 3425 δὲ
599 3369 796 3432 Ἑλλὰς
827 3369 1166 3445 φερωνῦμως
1202 3367 1365 3441 ἔθηκε
1417 3370 1518 3438 τήν
1580 3369 1923 3444 ἐπινέμησιν.
1978 3368 2057 3426 Οὐ

392 3460 503 3534 γὰρ
533 3458 610 3521 εἰς
640 3452 989 3533 ἀπαράϐατον
1018 3459 1112 3513 καὶ
1141 3458 1452 3533 ὡρισμένον
1497 3459 1665 3534 βάρος
1721 3459 1784 3513 τὸ
1822 3456 2058 3513 παλαιὸν

393 3550 450 3603 οἱ
489 3547 652 3628 φόροι
684 3553 804 3611 τοῖς
835 3547 1103 3619 ὓπηκόοις
1137 3546 1446 3617 ἐτάττοντο,
1500 3545 1629 3604 ἀλλ’
1681 3549 1716 3617 ἦ
1773 3551 1881 3602 τῶν
1934 3566 2059 3622 καρ-

392 3641 516 3693 ⁴πῶν
543 3638 749 3713 γένεσις
776 3638 879 3707 τήν
934 3636 1179 3708 σύνταξιν
1237 3636 1423 3699 αὐτοῖς
1488 3634 2054 3716 ἐφιλανθρωπεύσατο·

398 3729 767 3796 σπανίζουσαν
849 3726 951 3799 γὰρ
1042 3724 1375 3801 ἡλάορυνεν,
1435 3725 1766 3796 εὐθηνοῦσαν
1825 3724 1885 3781 δὲ
1957 3726 2060 3780 οὐκ

400 3809 650 3891 ἐϐάρυνε,
681 3815 776 3870 καὶ
808 3810 1071 3887 διένειμεν
1102 3813 1332 3876 ἀλύπως
1370 3818 1490 3876 τοῖς
1548 3811 2058 3889 φορολογουμένοις

398 3904 466 3959 τὸ
506 3904 797 3981 ἀνάλογον,
827 3902 920 3958 καὶ
967 3902 1094 3959 τότε
1145 3902 1236 3959 ὅτε
1265 3902 1430 3982 χρεία
1457 3900 1661 3958 ἐκάλει.
1697 3900 1944 3973 Μηδενὸς
2001 3898 2060 3957 δὶ

400 3993 562 4057 ὄντος
591 3998 689 4049 τοῦ
728 3993 1211 4072 φορολογουμένου
1243 3990 1356 4048 οὐδ’
1411 3990 1559 4055 ὅλως
1592 3993 1621 4047 δ
1650 3990 1819 4071 φόρος
1849 3990 2057 4068 ἐπράτ-

384 4105 539 4157 τετο,
568 4082 708 4140 ἀλλ’
727 4086 937 4159 ἐγενετο
967 4080 1158 4158 κέρδος
1185 4083 1213 4139 ὁ
1244 4081 1408 4147 πόνος
1446 4081 1579 4145 ὅλος
1633 4086 1751 4144 τοῖς
1800 4083 2053 4160 γεωργήι

390 4194 547 4230 σασι.

463 4257 683 4326 Γάλϐας
741 4258 1059 4320 ἐϐασίλευσε
1121 4269 1295 4338 μῆνας
1357 4262 1425 4333 θ’,
1484 4261 1695 4338 ἡμέρας
1756 4263 1850 4337 ιγ“,
1903 4261 1971 4331 ἦν
2003 4258 2061 4317 δὶ

385 4353 502 4407 τῶν
587 4349 923 4429 εὐπατριδῶν
959 4398 974 4422 ,
1042 4352 1101 4416 ὃς
1161 4353 1277 4428 εἶχε
1361 4348 1903 4429 παραδυναστεῦοντα
1966 4352 2058 4407 τὸν

385 4444 636 4500 Ὄθωνα.
663 4444 761 4504 Ὅς
792 4443 883 4497 καὶ
911 4440 1043 4498 ἰδὼν
1073 4443 1165 4497 τὸν
1199 4436 1416 4497 Γάλϐαν
1479 4440 1711 4496 Λούκιον
1771 4440 1849 4503 είς
1879 4441 2059 4506 υἱοθε-

387 4531 519 4585 σίαν
555 4526 966 4605 παραλαϐόντα,
1008 4533 1283 4612 φθονήσας
1311 4530 1405 4586 καὶ
1458 4530 1521 4587 τὸ
1576 4528 1889 4605 στράτευμα
1942 4526 2062 4585 κατ’

392 4618 564 4674 ἀύτοῦ
592 4622 823 4691 κινήσας
852 4620 1156 4677 ἀπέκτεινεν
1202 4619 1385 4676 αὐτόν.
1445 4618 1879 4693 Ἀπαιτούμενος
1940 4616 1998 4674 δὲ
2029 4619 2058 4674 ὁ
2093 4650 2136 4714 D

389 4710 580 4772 Ὄθων
636 4712 905 4785 χρήματα
950 4712 1096 4786 παρᾶ
1147 4714 1255 4766 τῶν
1288 4713 1662 4784 στρατιωτῶν,
1704 4707 1738 4764 ἄ
1788 4708 2056 4785 ὑπέσχετο

388 4795 604 4863 αὐτοῖς,
637 4794 739 4874 ἔφη
781 4796 845 4853 οὐ
876 4794 958 4853 δεῖ
976 4797 1354 4873 αὐτοκράτορα
1381 4796 1798 4872 ἀναγκάζεσθαι.

469 4886 650 4950 Ὄθων
675 4881 999 4942 ἐϐασίλευσε
1033 4894 1211 4963 μῆνας
1269 4891 1415 4962 τρεῖς
1482 4885 1694 4961 ἡμέρας
1734 4892 1807 4960 η’,
1872 4888 1940 4957 ἦν
1998 4885 2056 4943 δὲ

388 4974 581 5051 γένους
612 4974 854 5050 ἀσήμου.
886 4976 1044 5035 Οόων
1086 4974 1144 5033 δὲ
1181 4997 1317 5033 ποτε
1373 4976 1427 5032 ἐν
1484 4981 1565 5049 τῷ
1623 4977 1754 5051 ἱερῷ
1822 4977 1891 5032 τὰ
1951 4984 2055 5047 τῆς

391 5062 725 5140 Ἀφροδίτης
783 5063 997 5139 ᾅσματα
1051 5071 1172 5129 τοῖς
1246 5067 1416 5143 ἱεροῖς
1473 5067 1757 5140 παρέμιξε,
1826 5066 1916 5122 καὶ
1966 5064 2057 5123 διὰ

386 5157 554 5210 τοῦτο
590 5153 883 5213 Οὐῖτελίου
945 5155 1091 5230 αὐτῷ
1146 5156 1542 5218 ἱπαναστάντος
1581 5153 1804 5234 ξιφιδίῳ
1868 5157 2056 5213 ἑαυτὸν

2158 612 2373 654 manus
2395 598 2877 665 afferrent.Quod
2901 615 3037 655 cum
3060 616 3271 656 omnes
3291 608 3654 660 recusarent.
3670 605 3810 676 Ego,

2158 685 2371 757 inquit,
2408 687 2570 743 solus
2599 705 2794 760 neque
2823 688 3084 745 amicum
3115 689 3218 760 qui
3262 705 3359 745 me
3386 697 3579 746 servet
3599 692 3811 761 habeo,

2157 791 2353 847 neque
2366 776 2680 833 inimicum
2694 779 2796 849 qui
2810 794 2905 833 me
2919 778 3178 834 occidat:
3206 779 3360 835 mori
3373 780 3538 852 cupit
3553 781 3811 848 animus,

2159 872 2219 923 et
2244 884 2459 923 manus
2488 869 2541 925 ei
2572 885 2692 925 non
2724 870 2986 925 inservit.
3010 870 3273 926 Tandem
3294 871 3472 941 fatus,
3499 874 3543 927 Ο
3564 874 3810 945 Jupiter,

2159 962 2417 1028 quantus
2448 958 2658 1014 artifex
2680 964 2739 1014 et
2767 959 3127 1015 citharoedus
3151 960 3322 1030 perit,
3350 977 3411 1015 se
3430 961 3625 1033 ipsum
3642 961 3815 1036 jugu-

2158 1047 2318 1102 lavit.
2352 1048 2432 1102 Eo
2463 1046 2694 1103 sublato
2719 1048 2962 1119 quidam
2992 1049 3201 1120 pileos,
3225 1054 3291 1104 ut
3312 1049 3650 1106 libertatem
3672 1051 3813 1107 ade-

2159 1137 2266 1208 pti,
2296 1143 2690 1209 gestaverunt.
2726 1139 2807 1194 De
2835 1154 2905 1194 eo
2927 1138 3181 1206 Flavius,
3213 1156 3368 1196 unus
3399 1156 3605 1203 eorum
3637 1142 3737 1213 qui
3761 1142 3815 1196 ei

2159 1226 2407 1283 insidias
2436 1227 2727 1296 fecerunt,
2758 1229 2842 1285 sic
2872 1228 3300 1301 pronuntiavit.
3349 1230 3750 1303 Interrogatus
3780 1248 3817 1286 θ.

2160 1317 2412 1384 Nerone,
2444 1317 2540 1372 cui
2576 1321 2704 1373 erat
2732 1316 3057 1373 admodum
3081 1318 3416 1387 familiaris,
3443 1337 3551 1376 cur
3579 1338 3641 1375 se
3673 1338 3814 1393 quo-

2159 1422 2274 1477 que
2305 1405 2419 1477 ipsi
2451 1405 2762 1462 adversum
2803 1406 3115 1478 praeberet,
3168 1408 3386 1480 Majore
3432 1409 3515 1464 ait
3546 1415 3601 1465 te
3631 1426 3812 1481 quam

2158 1494 2350 1550 ullum
2396 1495 2580 1551 alium
2630 1502 2688 1551 et
2716 1512 2920 1551 amore
2971 1502 3029 1552 et
3054 1496 3189 1552 odio
3243 1513 3375 1552 sum
3422 1503 3810 1570 prosecutus;

2158 1601 2381 1651 amore,
2415 1585 2573 1656 quod
2601 1586 2915 1658 sperabam
2940 1591 2996 1641 te
3046 1586 3270 1641 bonum
3307 1587 3431 1644 fore
3482 1589 3810 1661 imperato-

2158 1688 2284 1728 rem
2311 1689 2325 1739 ;
2360 1688 2520 1728 nunc
2550 1678 2749 1729 autem
2783 1673 2881 1729 odi
2913 1679 2971 1730 te
3002 1673 3078 1729 ob
3129 1679 3232 1729 tua
3260 1675 3452 1731 facta:
3502 1693 3622 1732 non
3652 1678 3811 1733 enim

2156 1777 2401 1834 possum
2434 1762 2675 1835 auriga,
2706 1764 2971 1819 venatori
3006 1770 3110 1820 aut
3130 1761 3357 1820 ﬁdicini
3387 1766 3628 1822 servire.
3735 1822 3739 1826 .
3848 1766 3851 1769 ’

2227 1944 2822 2015 Neroneimperante,
2839 1944 3039 1998 Romae
3063 1943 3271 1998 consul
3288 1942 3400 1998 fuit
3420 1944 3479 1998 L.
3500 1943 3809 2009 Quinctius

2158 2031 2564 2097 Cincinnatus,
2596 2032 2685 2086 vir
2713 2032 2973 2105 optimus
3005 2032 3262 2088 habitus.
3296 2034 3370 2102 Is,
3402 2049 3536 2087 cum
3569 2038 3812 2088 senatus

2160 2121 2425 2177 mitteret
2445 2122 2546 2193 qui
2578 2138 2711 2177 eum
2746 2122 2819 2178 ad
2849 2121 3262 2194 accipiendum
3287 2123 3700 2195 magistratum
3720 2139 3816 2177 vo-

2159 2216 2384 2276 carent,
2419 2211 2693 2267 inventus
2742 2217 2831 2267 est
2878 2211 3003 2267 sine
3051 2211 3254 2267 tunica
3297 2228 3474 2267 arans
3516 2212 3812 2282 bovesque

2159 2317 2440 2371 sequens,
2486 2301 2853 2374 subligaculo
2898 2302 3125 2357 cinctus
3169 2318 3237 2357 ac
3288 2302 3513 2374 pileum
3554 2307 3815 2375 gestans.

2158 2390 2305 2445 Cum
2353 2390 2713 2445 accurrisset
2755 2390 2998 2461 quidam
3040 2390 3398 2463 juberetque
3448 2407 3583 2447 eum
3627 2408 3688 2447 se
3721 2407 3819 2445 or-

2159 2494 2325 2548 nare,
2374 2479 2435 2534 in
2483 2496 2682 2535 casam
2735 2481 3037 2552 ingressus
3085 2487 3308 2536 vestem
3357 2481 3631 2553 sumpsit,
3678 2498 3817 2553 pro-

2158 2584 2516 2641 gressusque
2542 2569 2833 2626 salutatus
2865 2574 2956 2625 est
2986 2569 3218 2639 consul,
3253 2574 3310 2625 et
3351 2587 3615 2642 purpura
3662 2587 3815 2642 prae-

2162 2661 2321 2714 texta
2348 2663 2507 2714 veste
2538 2658 2812 2715 amictus.
2846 2659 3154 2724 Quinctius
3193 2659 3501 2730 paululum
3550 2666 3817 2715 moratus

2160 2746 2340 2815 ﬂevit,
2373 2746 2577 2803 dicens
2608 2749 2835 2820 Ergone
2865 2748 2977 2803 hoc
3011 2764 3166 2804 anno
3194 2765 3333 2821 ager
3358 2748 3503 2803 mihi
3528 2765 3648 2804 non
3680 2765 3817 2804 con-

2160 2841 2413 2907 seretur,
2444 2841 2502 2892 et
2531 2836 2860 2908 periculum
2893 2837 3008 2893 erit
3033 2836 3107 2893 de
3138 2838 3389 2909 penuria
3408 2837 3437 2892 ‘I

2233 3105 2460 3160 Nomen
2491 3105 2678 3160 annui
2706 3104 2912 3160 circuli
2954 3104 3201 3161 indictio
3228 3112 3316 3161 est
3369 3104 3523 3176 apud
3558 3105 3818 3174 Latinos,

2164 3194 2305 3266 quia
2336 3194 2697 3267 principium
2731 3194 2882 3249 879
2925 3195 3157 3250 circuiti
3216 3195 3459 3250 indicat.
3492 3195 3716 3249 Graacia
3745 3194 3818 3249 ab

2165 3287 2380 3338 eventu
2408 3299 2629 3339 nomen
2662 3283 2966 3355 imposuit,
2988 3288 3055 3338 ut
3077 3284 3445 3355 epinemesin
3468 3283 3820 3355 appellaret.

2163 3373 2507 3443 Antiquitas
2538 3373 2698 3429 enim
2730 3372 3017 3428 tributum
3048 3372 3299 3428 subditis
3320 3389 3441 3427 non
3473 3373 3554 3426 ita
3574 3371 3818 3442 imposi-

2163 3468 2288 3518 tum
2322 3468 2448 3519 erat
2489 3469 2555 3520 ut
2584 3466 2713 3538 ejus
2762 3464 2881 3521 ﬁxa
2913 3469 3069 3520 esset
3120 3469 3176 3519 et
3206 3463 3597 3518 immutabilis
3643 3462 3818 3532 ratio,

2163 3552 2270 3609 sed
2292 3554 2467 3626 juxta
2496 3554 2732 3627 frugum
2757 3559 3107 3626 proventum
3137 3554 3487 3609 humaniter
3517 3553 3589 3607 iis
3628 3552 3819 3623 impo-

2164 3643 2438 3712 nebatur,
2471 3644 2555 3699 ita
2582 3649 2649 3699 ut
2678 3661 2746 3700 eo
2786 3644 3058 3701 tenuiore
3087 3643 3285 3699 minus
3333 3642 3685 3717 penderent,
3718 3658 3826 3697 ne-

2165 3749 2279 3804 que
2317 3733 2594 3789 uberiore
2625 3750 2694 3790 eo
2725 3750 2938 3790 census
2964 3739 3300 3806 augeretur.
3333 3734 3540 3805 Itaque
3589 3736 3824 3787 exacto—

2162 3822 2328 3877 ribus
2359 3840 2465 3895 pro
2497 3824 2771 3895 portione
2803 3823 3163 3892 tribuebant,
3188 3823 3367 3895 idque
3393 3828 3553 3890 tunc,
3586 3819 3824 3892 quando

2164 3912 2490 3968 necessitas
2520 3911 2881 3984 postulabat.
2912 3913 3058 3968 Cum
3090 3917 3290 3969 autem
3330 3928 3507 3967 nemo
3540 3910 3826 3981 exigeret,

2163 4016 2407 4071 prorsus
2439 4018 2683 4057 censum
2714 4018 2836 4057 non
2866 4000 3244 4073 pendebant;
3277 4000 3381 4055 sed
3414 4000 3610 4056 omnis
3657 3998 3825 4053 labo—

2164 4089 2248 4144 ris
2279 4088 2506 4146 fructus
2539 4083 2816 4163 agricolis
2849 4089 3321 4161 relinquebatur.

2236 4266 2419 4323 Galba
2437 4267 2747 4341 imperavit
2782 4270 3065 4324 mensesQ
3092 4267 3218 4323 dies
3244 4267 3329 4323 13.
3354 4267 3487 4323 Fuit
3516 4266 3827 4340 patricius,

2165 4355 2491 4429 habuitque
2557 4357 2794 4429 imperii
2846 4356 3130 4412 aemulum
3174 4356 3488 4421 Othonem,
3550 4356 3650 4427 qui
3692 4372 3827 4410 cum

2167 4444 2412 4501 Lucium
2443 4463 2478 4502 a
2510 4445 2694 4503 Galba
2739 4445 2965 4501 videret
3016 4446 3312 4518 adoptari,
3361 4444 3586 4500 invidia
3615 4444 3829 4499 ductus

2170 4535 2496 4591 exercitum
2517 4535 2798 4592 adversus
2824 4535 2984 4591 hunc
3003 4534 3339 4600 concitavit,
3372 4549 3629 4606 eumque
3650 4533 3831 4589 inter-

2167 4622 2326 4679 fecit.
2371 4625 2522 4681 Otho
2570 4631 2771 4681 autem
2819 4642 2854 4681 a
2902 4625 3195 4681 militibus
3248 4626 3589 4698 pecuniam,
3650 4640 3830 4696 quam

2166 4714 2543 4785 promiserat,
2602 4715 2961 4787 postulatus,
3039 4714 3351 4788 respondit
3409 4715 3832 4788 imperatorem

2166 4821 2288 4860 non
2321 4804 2539 4861 debere
2581 4806 2730 4878 cogi.

2241 4895 2557 4966 Imperavit
2587 4896 2737 4951 Otho
2778 4912 3016 4953 menses
3049 4898 3079 4950 3
3114 4896 3240 4951 dies
3271 4898 3324 4951 8.
3358 4898 3541 4951 Natus
3570 4896 3703 4950 funt
3735 4894 3834 4949 ob-

2167 4998 2341 5038 scuro
2372 4999 2610 5055 genere.
2663 4984 3001 5056 Aliquando
3050 5001 3178 5041 rem
3211 5002 3442 5041 sacram
3492 4985 3553 5038 in
3606 4983 3827 5054 templo

2165 5072 2392 5128 faciens
2414 5072 2681 5130 carmina
2711 5075 2978 5131 Venerea
3018 5075 3204 5131 sacris
3251 5072 3618 5146 permiscuit.
3666 5071 3833 5126 Ideo-

2168 5179 2283 5234 que
2309 5161 2592 5219 adversus
2622 5163 2820 5237 ipsum
2851 5183 2886 5221 a
2915 5164 3148 5221 Vitellio
3180 5169 3343 5219 mota
3374 5159 3662 5217 seditione
3705 5159 3829 5230 gla-

1602 5258 1969 5319 XYLANDRI
2008 5266 2092 5321 ET
2131 5265 2352 5323 GOARI
2391 5266 2616 5323 NOTAE.

467 5385 582 5463 (ᾄβ)
628 5379 877 5463 Bimae
926 5387 1017 5441 vel
1054 5379 1314 5463 _l§at_)\6o<,
1384 5385 1596 5463 balbus
1651 5386 1743 5463 vel
1801 5388 2051 5463 Flavius

2167 5390 2275 5447 hac
2300 5390 2429 5463 ipsa
2457 5390 2711 5463 historia
2740 5391 3078 5463 Niphilinus
3100 5405 3169 5443 ex
3200 5388 3420 5463 Dione,
3441 5384 3832 5463 stipatoribus

394 5451 639 5532 masta;
656 5458 986 5532 legendum
1017 5451 1345 5532 videbatur.
1380 5458 1492 5532 Sed
1522 5460 1754 5532 cu_m_P.
1788 5460 2050 5516 Cornelii

393 5528 574 5585 Taciti
603 5528 825 5586 librum
857 5547 927 5585 xv
968 5530 1370 5596 consulerem,
1405 5529 1605 5585 inveni
1659 5530 1924 5587 Flavium
1950 5548 2049 5588 re-

390 5606 551 5657 ctum
583 5619 735 5660 esse.
767 5600 965 5657 Subrii
995 5602 1157 5658 enim
1188 5601 1364 5657 Flavii
1405 5600 1629 5657 tribuni
1656 5608 1746 5657 est
1768 5601 1907 5659 illuc
1930 5602 2051 5661 dic-

2161 5456 2474 5534 praafuisse
2504 5456 2996 5526 indicanszuod
3020 5465 3221 5534 autem
3262 5459 3651 5534 Cincinnatus
3682 5456 3832 5512 dici-

2161 5530 2259 5589 tur
2290 5534 2365 5589 ad
2388 5550 2517 5589 rem
2547 5534 2845 5605 publicam
2875 5531 3198 5605 gerendam
3230 5530 3303 5585 ab
3334 5536 3530 5605 aratro
3552 5534 3825 5605 vocatus,

2160 5608 2392 5662 Nerone
2461 5598 2814 5678 imperante,
2876 5598 2991 5659 'est
3076 5618 3326 5658 summae
3408 5598 3818 5674 ἀνιστορησίας,

391 5675 516 5729 tum
547 5674 627 5731 ibi
662 5674 923 5732 relatum
950 5691 965 5742 ;
996 5679 1055 5731 et
1085 5673 1329 5746 quidem
1362 5672 1640 5730 eumdem
1678 5673 1953 5732 nominat
1983 5676 2047 5733 in
2158 5677 2300 5734 XYL.
