4154 6410
375 361 493 419 419

1737 348 2046 413 GEORGII
2092 347 2430 409 CEDRENI

3678 357 3800 416 420

374 495 471 549 dio
504 510 610 550 suo
637 510 698 549 se
731 492 1048 561 interfecit,
1080 492 1307 549 dicens.
1339 491 1633 556 Quorsum
1678 488 1839 545 enim
1890 485 2026 541 atti-

2144 479 2511 557 διεχειρίσατο
2545 480 2735 537 εἰπών’
2769 482 2835 538 Τί
2894 481 2997 558 γάρ
3059 494 3130 555 με
3181 478 3287 537 ἔδει
3346 491 3575 561 μακροῖς
3605 486 3797 553 αὐλοῖς

371 585 551 640 nebat
581 601 676 639 me
707 599 943 653 quoque
974 583 1164 655 longis
1196 587 1433 637 cantare
1468 580 1627 635 tibiis
1647 579 1675 634 ‘I

443 674 714 729 Vitellius
737 690 918 728 unum
941 689 1163 728 annum
1193 672 1525 743 imperavit,
1560 668 1777 724 illustri
1799 664 2030 722 familia.

369 772 555 821 ortus.
590 765 642 820 Is
672 764 1019 836 astrologos,
1044 769 1422 817 astronomos
1449 759 2028 832 praastigiatoresque

371 870 578 908 omnes
628 854 785 907 intra
833 856 1059 905 certum
1110 850 1265 904 diem
1321 848 1485 904 Italia
1538 846 1824 902 excedere
1875 841 2029 899 380

361 942 561 1013 jussit.
594 945 784 1011 Atque
820 940 860 993 ii
893 938 1162 993 libellum
1192 942 1562 1010 sparserunt,
1588 952 1705 1007 quo
1729 934 1812 989 illi
1846 934 2027 988 ﬁnem

370 1031 502 1085 vitm
534 1030 605 1085 ad
632 1036 859 1085 certum
911 1033 1146 1099 tempus
1183 1027 1607 1099 praedicebant.
1642 1026 1828 1090 Quam
1879 1038 2028 1093 prm-

367 1119 688 1173 dictionem
721 1118 910 1172 exitus
942 1117 1372 1188 comprobavit,
1409 1115 1641 1170 Vitellio
1673 1130 1707 1169 a
1738 1110 2030 1169 militibus

365 1208 586 1264 occiso.

440 1296 857 1367 Vespasianus,
911 1296 1161 1351 Neronis
1194 1294 1375 1363 ﬁlius,
1426 1311 1616 1349 annos
1647 1291 1876 1358 decem,
1905 1290 2032 1344 dies

364 1392 496 1440 octo
528 1386 862 1455 imperavit.
898 1385 1220 1455 Imperium
1246 1384 1299 1438 ei
1323 1383 1589 1439 delatum
1619 1386 1709 1436 est
1731 1382 1792 1435 in
1822 1379 2035 1435 Paleis-

368 1474 514 1541 tina,
548 1475 740 1529 adhuc
772 1473 1113 1528 Iudaeorum
1144 1473 1326 1527 urbes
1365 1471 1753 1544 oppugnanti.
1791 1472 1842 1525 Is
1871 1470 2030 1523 Jose-

370 1564 554 1633 phum
588 1562 937 1617 historicum
971 1563 1145 1632 cepit.
1183 1564 1431 1617 Romam
1465 1560 1871 1632 proﬁciscens,
1893 1572 2030 1611 cum

372 1658 530 1707 esset
561 1652 634 1706 ab
666 1651 929 1706 exercitu
961 1651 1289 1721 imperator
1331 1650 1688 1714 declaratus,
1733 1648 1926 1702 Titum
1958 1645 2031 1700 ad

370 1741 597 1796 bellum
642 1741 702 1794 in
760 1740 1080 1795 Palaestina
1138 1739 1466 1811 gerendum
1525 1737 1788 1807 reliquit.
1831 1735 2029 1789 Primo

376 1830 715 1900 Vespasiani
748 1846 905 1883 anno
942 1828 1235 1898 templum
1268 1827 1666 1899 Capitolinum
1699 1824 2029 1894 conﬂagra-

366 1918 463 1988 vit,
499 1924 553 1973 et
585 1918 801 1989 quinto
830 1934 985 1971 anno
1018 1917 1077 1971 id
1108 1917 1352 1971 reﬁcere
1384 1916 1511 1988 ipse
1543 1916 1737 1985 coepit.

440 2094 799 2165 Vespasiano
850 2092 1141 2147 successit
1174 2092 1329 2148 ﬁlius
1379 2093 1562 2160 Titus,
1598 2090 2031 2163 imperavitque

373 2189 717 2239 aunostres.
747 2183 803 2236 Is
825 2181 1183 2252 expugnavit
1200 2179 2036 2253 Hierosolymum,urbemque

370 2279 428 2329 et
461 2271 747 2343 templum
782 2271 1068 2325 incendit.
1100 2273 1154 2326 Is
1186 2271 1384 2341 minis,
1411 2288 1533 2325 non
1563 2270 1873 2342 suppliciis
1902 2285 2032 2323 son.

370 2367 458 2416 tes
492 2360 771 2415 terrebat.
797 2359 971 2414 Nulla
989 2358 1117 2414 dies
1149 2377 1217 2415 eo
1249 2360 1579 2431 imperante
1612 2359 1758 2414 abiit
1779 2375 1895 2429 qua
1916 2372 2035 2412 non

372 2449 634 2520 aliquem
669 2448 1040 2503 subditorum
1068 2448 1223 2503 dono
1248 2455 1350 2504 aut
1371 2447 1660 2504 beneﬁcio
1683 2447 1882 2517 aliquo
1906 2446 2034 2502 afﬁ.

373 2544 534 2593 ceret
559 2555 571 2591 :
608 2538 805 2593 dicere
838 2538 999 2592 enim
1024 2537 1255 2593 solebat
1275 2538 1501 2610 regium
1527 2553 1656 2592 esse
1688 2535 2036 2591 benefacere

370 2634 429 2682 et
461 2626 733 2699 precibus
784 2627 960 2681 facile
1011 2643 1295 2682 annuere.
1347 2627 1626 2682 Omnium
1685 2626 1784 2696 qui
1839 2626 2037 2696 ipsum

369 2716 800 2788 compellarent
831 2715 1219 2785 petitionibus
1256 2715 1578 2770 annuebat.
1633 2716 1703 2768 Et
1734 2730 1869 2769 cum
1902 2712 2036 2784 qui-

363 2806 501 2861 dam
564 2804 948 2860 familiarium
1000 2810 1453 2875 percontaretur
1512 2820 1621 2859 cur
1677 2802 1737 2858 id
1793 2804 2016 2858 faceret

376 2912 510 2951 cum
532 2899 729 2949 tamen
750 2910 905 2963 saepe
926 2893 1220 2963 promissa
1238 2910 1355 2947 non
1382 2893 1678 2965 impleret,
1700 2871 2036 2963 respondit;

374 2984 520 3049 Quia
542 2982 613 3037 ab
647 2983 1005 3053 imperatore
1032 2999 1205 3037 nemo
1230 2981 1401 3037 debet
1428 2986 1671 3037 moestus
1710 2981 2038 3037 discedere.

363 3073 469 3128 Hic
522 3072 684 3125 Titus
723 3086 858 3125 cum
909 3075 1113 3125 testate
1156 3075 1346 3126 totum
1394 3070 1551 3125 diem
1600 3070 1714 3125 iter
1777 3070 2038 3135 fecisset,

372 3164 544 3232 eique
584 3159 822 3232 sanguis
872 3175 979 3229 per
1023 3177 1195 3215 nares
1245 3160 1556 3231 erupisset,
1604 3166 1783 3230 atque
1830 3176 1865 3215 a
1908 3158 2033 3213 sole

2140 567 2289 641 ᾅδειν
2321 572 2410 626 καὶ
2444 570 2636 627 αὐλεῖν
2665 590 2679 640 ;

2211 659 2498 721 Οὐϊτέλιος
2546 656 2582 729 ἤ
2644 658 2893 722 Βιτέλιος
2948 657 3071 722 ἔτος
3126 659 3201 728 ἓν,
3260 662 3447 736 γένους
3506 662 3803 744 ἐπιφανοῦς

2141 745 2233 808 ὥν.
2268 749 2444 815 Οὗτος
2476 750 2848 827 ἀστρολόγους
2889 751 2978 808 καὶ
3028 753 3403 828 ἀστρονόμους
3450 756 3541 809 καὶ
3597 757 3804 833 γόητας

2142 839 2289 900 ἑντὸς
2322 839 2495 913 ῥητῆς
2527 840 2740 915 ἡμέρας
2772 842 2977 904 πάντας
3039 840 3359 917 ἐκχωρῆσαι
3416 850 3518 913 τῆς
3564 844 3802 910 Ἰταλίας

2140 927 2483 1003 προσέταξεν.
2543 928 2613 987 O'i
2674 931 2766 985 καὶ
2825 952 3163 1006 προγραμμα
3213 930 3462 1007 ἔρῥιψαν,
3497 935 3804 1012 προαγγέλ-

2143 1020 2330 1081 λοντες
2386 1019 2537 1082 έντὸς
2596 1019 2807 1097 ἡμέρας
2869 1022 3042 1097 ῥητῆς
3098 1021 3581 1100 ἀπαλλαγήσεσθαι
3639 1025 3803 1082 αὐτὸν

2142 1114 2241 1165 τοῦ
2273 1109 2420 1183 βίου.
2450 1113 2521 1167 "0
2548 1107 2616 1180 δὴ
2643 1111 2733 1166 καὶ
2768 1112 3008 1188 γέγονεν·
3070 1110 3279 1189 ἐσφάγη
3341 1116 3443 1190 γὰρ
3504 1115 3609 1171 ὑπὸ
3642 1137 3805 1191 στρα-

2140 1219 2355 1254 τιωτων
2366 1245 2378 1258 .

2214 1289 2618 1352 Οὐεσπασιαιὸς
2649 1291 2769 1353 υἱὸς
2800 1291 3054 1367 Νέρωνος
3112 1287 3459 1350 ἐϐασίλευσεν
3514 1290 3610 1365 ἔτη
3671 1292 3799 1352 δέκα

2143 1376 2352 1454 ἡμέρας
2395 1386 2463 1449 η’.
2522 1378 2886 1455 Αὐτοκράτωρ
2954 1377 3012 1434 δὲ
3061 1380 3275 1456 γέγονεν
3332 1381 3384 1437 ἐν
3442 1382 3794 1459 Παλαιστίνῃ,

2142 1462 2345 1530 ἕτιτᾶς
2376 1467 2569 1529 πόλεις
2625 1472 2734 1524 τῶν
2794 1471 2880 1542 [Ρ.
2941 1471 3068 1545 217]
3125 1469 3402 1526 Ἰουδαίων
3453 1472 3794 1547 πολιορκῶν.

2140 1559 2333 1619 ’Όστις
2362 1557 2452 1613 καὶ
2478 1558 2745 1629 Ἰώσηπον
2772 1558 2864 1612 τὸν
2898 1558 3211 1639 συγγραφέα
3245 1560 3563 1640 ὑποχείριον
3603 1560 3799 1632 ἐποιή-

2142 1667 2291 1703 σατο.
2339 1648 2591 1722 Ἀνήχθη
2655 1645 2712 1702 δὲ
2767 1648 2819 1704 έν
2853 1649 3043 1723 Ῥώμῃ
3099 1648 3478 1724 ἀναγορευθεὶς
3541 1651 3645 1707 ὑπὸ
3700 1655 3797 1706 τοῦ

2145 1736 2377 1807 στρατοῦ
2414 1731 2692 1808 βασιλεὺς,
2723 1735 3045 1790 καταλιπὼν
3108 1738 3272 1792 Τῖτον
3330 1737 3422 1791 τὸν
3484 1737 3602 1792 υἱὸν
3634 1736 3800 1793 αὐτοῦ

2062 1863 2109 1925 Β
2142 1822 2241 1890 την
2289 1819 2654 1892 Παλαιστίνην
2714 1820 3056 1898 πολιορκεῖν.
3113 1826 3207 1895 Τῷ
3262 1826 3470 1900 πρώτῳ
3523 1823 3632 1881 ἔτει
3690 1825 3798 1882 Οὐ-

2146 1916 2475 1965 εσπασιανοῦ
2505 1912 2534 1966 6
2567 1911 2694 1973 ναὸς
2725 1916 2822 1967 τοῦ
2853 1912 3208 1969 Καπιτωλίου
3240 1913 3543 1991 ἐνεπρήσθη
3554 1960 3568 1985 ,
3598 1915 3689 1970 καὶ
3720 1920 3799 1987 τῷ

2145 2001 2182 2055 ε’
2222 1999 2329 2056 ἔτει
2361 1998 2767 2074 οἷ’κοδομεῖσθαι
2800 2005 2926 2077 παρ’
2954 2002 3121 2059 αὐτοῦ
3152 2000 3372 2080 ἤρξατο.

2218 2091 2351 2147 Μετ’
2382 2091 2787 2147 Οὐεσπασιανὸν
2821 2094 2984 2153 Τῖτος
3015 2093 3042 2146 6
3102 2093 3219 2155 υἱὸς
3287 2095 3457 2149 αὐτοῦ
3513 2089 3800 2150 ἐϐασίλευέ

2147 2201 2231 2235 σεν
2266 2178 2357 2249 ἔτη
2390 2180 2535 2254 τρία.
2568 2181 2744 2243 Οὗτος
2803 2179 3093 2256 πολιορκεῖ
3146 2183 3212 2237 τὰ
3268 2181 3651 2258 Ἰεροσόλυμα,
3708 2183 3798 2239 καὶ

2144 2270 2243 2337 τήν
2277 2267 2441 2323 πόλιν
2478 2269 2569 2324 καὶ
2625 2272 2719 2324 τὸν
2781 2271 2908 2325 ναὸν
2968 2269 3237 2345 ἐμπιπρᾷ.
3293 2273 3475 2333 καθὼς
3535 2273 3804 2342 Ἰώσηπος

2147 2360 2373 2433 ἱστορεῖ.
2403 2357 2575 2420 Οὗτος
2598 2357 2851 2420 ἀπειλαῖς
2880 2358 2970 2413 καὶ
3004 2358 3066 2413 οὐ
3120 2361 3418 2435 τιμωρίαις
3456 2361 3584 2420 τοὺς
3642 2362 3807 2415 ὑπευ-

2147 2448 2338 2510 θύνους
2372 2444 2575 2526 ἐφόϐει.
2615 2447 3006 2505 Βασιλεύοντος
3045 2448 3147 2521 γὰρ
3211 2447 3375 2503 αὐτοῦ
3434 2448 3495 2504 οὐ
3524 2448 3805 2523 παρῆλθεν

2147 2538 2328 2613 ἡμέρα
2357 2536 2411 2592 ἐν
2439 2537 2477 2611 ᾖ
2504 2535 2678 2611 δῶρόν
2708 2558 2761 2590 τι
2790 2542 2897 2591 τῶν
2953 2537 3211 2606 ὑπηκόων
3267 2537 3375 2592 τινὶ
3409 2536 3443 2606 ἢ
3497 2537 3801 2613 εὐεργεσίαν

2149 2627 2211 2684 οὐ
2242 2628 2534 2703 παρέσχεν.
2566 2625 2760 2702 Ἔλεγε
2788 2629 2891 2702 γάρ
2928 2625 3198 2702 βασιλέως
3263 2628 3399 2682 εἶναι
3459 2628 3688 2701 γνώμην
3742 2630 3805 2684 τὸ

2148 2718 2444 2793 εὐεργετεῖν
2502 2717 2594 2771 καὶ
2652 2716 2707 2771 έν
2764 2722 2882 2780 ταῖς
2941 2716 3213 2788 αἶτήσεσιν
3283 2718 3583 2789 εὐεπήκοον
3643 2720 3800 2773 εῖναι.

2151 2806 2359 2868 ΙΙάντας
2392 2802 2453 2861 δὲ
2508 2805 2636 2868 τοὺς
2697 2805 3127 2878 ἐντυγχάνοντας
3180 2808 3332 2878 αὐτῷ
3362 2807 3720 2880 αἰτουμένους
3751 2828 3805 2863 τι

2150 2891 2503 2951 συνετίθετοὸ
2535 2917 2586 2950 τι
2617 2896 2705 2950 καὶ
2744 2893 3060 2971 βούλοιντο.
3094 2896 3192 2950 Καὶ
3223 2917 3370 2957 τινος
3416 2901 3525 2951 τῶν
3556 2898 3804 2967 συνήθων

2150 2983 2551 3060 ἐρωτήσαντος,
2583 2986 2749 3042 Ὀτου
2791 2984 2952 3059 χάριν
2980 2989 3141 3040 τοῦτο
3173 2990 3369 3055 ποιεῖς,
3400 2984 3673 3048 πολλάκις
3728 2986 3804 3058 μὴ

2150 3073 2444 3148 ἐκπληρῶν
2473 3074 2568 3136 τὰς
2598 3072 2921 3148 ὑποσχέσεις
2957 3093 2971 3142 ς
3007 3108 3071 3118 --
3109 3072 3333 3145 Οὐδένα,
3376 3076 3525 3130 εἶπεν
3561 3076 3588 3129 6
3618 3077 3802 3146 Τῖτος,

2150 3163 2256 3219 ἀπὸ
2301 3161 2567 3239 βασιλέως
2626 3160 2709 3218 δεῖ
2763 3166 3083 3239 σκυθρωπὸν
3130 3163 3570 3238 ἀποπέμπεσθαι.
3630 3165 3805 3225 Οὗτος

359 3257 527 3307 ustus
561 3252 621 3305 in
644 3249 829 3305 animi
863 3249 1193 3319 deliquium
1219 3250 1547 3316 incidisset,
1571 3249 1765 3304 adhuc
1790 3250 2026 3320 spiran~

2145 3232 2369 3315 ὁΤῖτος
2399 3253 2516 3327 ὥρᾳ
2548 3254 2740 3327 θέρους
2795 3232 3110 3328 πανημερον
3167 3232 3539 3326 ὁδοιπορήσας
3601 3255 3691 3325 καὶ
3746 3254 3803 3308 αἱ

360 3347 477 3395 tem
512 3340 656 3394 381
721 3337 904 3392 frater
964 3339 1335 3393 Domitianus
1389 3339 1448 3392 in
1498 3338 1706 3393 cistam
1756 3337 2015 3409 ligneam

360 3431 489 3486 nive
513 3430 753 3502 plenam
772 3428 1033 3500 conjecit
1062 3435 1346 3499 tanquam
1365 3427 1695 3483 remedium
1715 3427 2015 3481 adhibitu-

353 3537 476 3589 rus,
511 3527 687 3591 atque
710 3518 791 3570 ita
820 3515 1137 3575 interfecit.
1173 3516 1277 3571 llle
1314 3517 1491 3587 igitur
1514 3515 1726 3587 dignus
1759 3515 2017 3570 admira-

356 3609 519 3663 tione
538 3610 699 3665 Titus
722 3608 1103 3680 philos0phia
1117 3606 1382 3678 apprime
1407 3606 1720 3671 formatus,
1740 3604 2019 3674 eloquen-

362 3699 650 3764 tissimus,
707 3696 1204 3754 bellicosissimus
1253 3700 1428 3764 atque
1477 3692 2018 3759 moderatissimus,

362 3786 897 3857 beneﬁcentiaque,
929 3782 1594 3855 temperantia,justitia
1626 3786 1683 3836 et
1702 3781 2020 3852 prudentia

362 3876 583 3949 insigni
616 3883 880 3942 ornatus,
913 3876 973 3929 in
1007 3873 1234 3929 excidio
1276 3873 1531 3927 maxime
1579 3871 2019 3941 Hierosolymo-

362 3983 493 4021 rum
528 3984 695 4021 suam
730 3963 1052 4021 miserandi
1085 3960 1615 4034 promptitndinem
1656 3960 2023 4016 demonstra-

360 4057 460 4109 vit.
500 4056 894 4110 Vehementer
942 4053 1102 4109 enim
1134 4056 1275 4107 tunc
1326 4067 1360 4104 a
1413 4050 1527 4105 Deo
1557 4050 1884 4122 exagitatos
1915 4048 2018 4105 de-

364 4145 613 4217 ploravit
640 4146 873 4200 Judszos
899 4187 911 4211 ,
937 4143 1241 4214 magisque
1262 4139 1440 4194 etiam
1466 4138 2022 4209 illacrymavit,cum

362 4234 550 4290 aedem
584 4235 686 4290 Dei
720 4234 943 4289 videret
984 4229 1224 4287 incendi
1251 4244 1263 4295 ;
1295 4234 1688 4300 precatusque
1721 4235 1812 4283 est
1840 4245 1875 4284 a
1906 4230 2021 4284 Deo

358 4324 623 4391 veniam,
658 4324 816 4395 quod
847 4339 967 4377 non
1001 4337 1108 4376 sua
1147 4320 1269 4374 haec
1300 4318 1626 4383 voluntate,
1658 4317 1763 4372 sed
1802 4317 1878 4372 ob
1912 4318 2023 4371 im-

365 4412 525 4484 piam
555 4413 895 4467 Judzeorum
928 4408 1371 4482 perversitatem
1401 4406 1725 4462 evenirent.
1759 4407 2023 4477 Cumque

365 4505 513 4559 urbe
537 4505 734 4560 excisa
765 4520 899 4560 eum
932 4503 1019 4558 sui
1052 4503 1335 4557 victorem
1365 4505 1540 4570 atque
1592 4498 2019 4569 triumphalem

2132 3341 2486 3419 μοῤῥαγήσας
2521 3339 2610 3397 διὰ
2640 3348 2747 3397 τῶν
2782 3346 3104 3415 μυκτήρων,
3168 3344 3272 3399 ὑπὸ
3331 3342 3498 3413 ἡλίου
3552 3364 3610 3398 τε
3658 3342 3800 3422 φλε-

2122 3433 2283 3493 χθεὶς
2315 3433 2402 3487 καὶ
2438 3432 2579 3487 πάνυ
2620 3432 3058 3505 λειποθυμήσας,
3114 3429 3191 3488 ἔτι
3251 3432 3581 3507 ἐμπνέοντος
3640 3432 3803 3492 αὐτοῦ

2125 3515 2378 3576 ἐνέϐαλεν
2412 3522 2439 3575 ὁ
2496 3517 2731 3596 ἀδελφὸς
2786 3521 2955 3577 αὐτοῦ
3013 3522 3344 3592 Δομετιανὸς
3404 3521 3479 3583 εἰς
3542 3520 3803 3596 λάρνακα

2126 3610 2349 3682 ξυλίνην
2384 3610 2573 3685 χιόνος
2602 3611 2876 3683 γέμουσαν
2934 3611 3010 3675 ὡς
3066 3608 3225 3679 δῆθεν
3277 3611 3639 3684 θεραπεύσων,
3693 3631 3762 3665 κα

2129 3699 2459 3757 ἀπέκτεινεν.
2493 3701 2553 3758 Ὁ
2583 3705 2710 3775 γοῦν
2745 3702 3054 3774 θαυμάσιος
3102 3703 3265 3763 Τῖτος
3325 3699 3800 3780 φιλοσοφώτατος

2131 3789 2221 3845 καὶ
2246 3787 2693 3863 εὐγλωττότατος
2750 3790 2844 3843 καὶ
2909 3788 3367 3863 πολεμικώτατος
3423 3789 3514 3845 καὶ
3580 3790 3804 3863 μέτριος

2134 3881 2272 3958 ἃγαν
2304 3880 2588 3958 ὑπάρχων,
2617 3878 2707 3933 καὶ
2741 3877 3074 3955 ἀγαθοεργίᾳ
3104 3878 3294 3951 πολλῇ
3326 3880 3414 3934 καὶ
3469 3899 3796 3955 σωφροσυνῃ

2132 3970 2222 4024 καὶ
2257 3967 2573 4042 δικαιοσύνῃ
2620 3967 2711 4022 καὶ
2770 3969 3032 4044 φρονήσει
3090 3966 3494 4041 κοσμούμενος,
3554 3965 3792 4036 ἐκδηλο-

2134 4058 2291 4134 τέραν
2326 4059 2493 4112 ἅπασι
2524 4056 2796 4125 πεποίηκε
2842 4057 2943 4123 τὴν
2982 4056 3178 4110 ἑαυτοῦ
3237 4057 3573 4130 συμπάθειαν
3622 4052 3674 4110 ἐν
3721 4058 3791 4121 τῆ

2137 4147 2341 4204 ἁλώσει
2377 4146 2476 4212 τῆς
2506 4144 2893 4218 Ἰερουσαλήμ.
2955 4142 3173 4224 Σφόδρα
3213 4147 3315 4221 γὰρ
3345 4144 3601 4215 ἐπένθησε
3667 4147 3794 4207 τοὺς

2133 4236 2434 4305 θεηλάτους
2465 4232 2760 4295 Ἰουδαίους
2787 4233 2932 4303 τότε,
2963 4236 3050 4289 καὶ
3091 4233 3309 4308 μᾶλλον
3341 4236 3433 4290 τὸν
3500 4236 3641 4290 θεῖον
3668 4235 3793 4290 ναὸν

2135 4323 2586 4400 πυρπολούμενον
2623 4324 2762 4397 ὁρῶν
2823 4321 3105 4398 ἐδάκρυσε,
3158 4326 3248 4379 καί
3304 4332 3397 4378 τον
3454 4323 3584 4378 Θεὸν
3646 4321 3796 4378 ἐδυσ-

2136 4416 2327 4484 ώπησε
2354 4418 2544 4492 τυχεῖν
2576 4410 2761 4474 ἐλέους
2788 4412 2880 4466 καὶ
2940 4413 3301 4489 συγγνώμης,
3362 4410 3430 4467 δι’
3464 4412 3524 4467 οὗ
3558 4413 3625 4467 οὐ
3655 4413 3794 4467 κατά

2133 4507 2233 4573 τήν
2293 4500 2487 4557 ἑαυτοῦ
2545 4499 2864 4575 προαίρεσιν
2924 4505 3090 4557 ταῦτα
3145 4502 3451 4578 γεγόνασιν,
3510 4499 3656 4556 ἀλλὰ
3704 4497 3793 4555 διὰ

364 4597 781 4667 praedicarent,
814 4595 1041 4665 respuit
1071 4610 1171 4649 eas
1192 4590 1646 4664 appellationes,
1672 4590 1885 4644 dicens
1901 4606 2021 4645 non

2144 4593 2234 4660 τὴν
2297 4591 2515 4646 ἐκείνων
2565 4596 2826 4665 θεοστυγῆ
2887 4588 3235 4665 δυστροπίαν.
3290 4591 3448 4653 Ὃθεν
3528 4585 3594 4657 δὴ
3659 4589 3794 4661 μετᾶ

367 4702 428 4739 se
460 4686 573 4740 ista
600 4686 873 4755 gessisse,
908 4684 1012 4739 sed
1044 4682 1258 4737 divinze
1291 4681 1393 4734 irae
1426 4695 1639 4733 manus
1685 4694 2024 4733 accommo-

365 4774 538 4829 dasse
568 4791 635 4830 ac
666 4773 1085 4828 administrum
1108 4771 1312 4826 fuisse.
1338 4768 1480 4822 Inde
1513 4784 1647 4822 cum
1672 4767 1884 4822 virtute
1917 4784 2024 4823 sua

363 4868 421 4917 et
448 4862 633 4918 animi
666 4861 1026 4917 demissione
1062 4861 1121 4913 in
1156 4859 1379 4912 honore
1428 4862 1485 4911 et
1518 4850 1720 4911 amore
1751 4857 2021 4911 omnium

369 4958 548 5018 esset,
580 4968 648 5007 eo
681 4968 796 5022 quo
828 4950 1087 5005 diximus
1110 4946 1285 5001 modo
1308 4945 1553 4999 interiit.
1578 4949 1798 5001 Tantus
1822 4950 2020 5001 autem

364 5042 491 5114 ejus
523 5047 711 5097 morte
744 5043 944 5095 Romaa
993 5038 1190 5092 luctus
1239 5034 1484 5089 obortus
1534 5033 1668 5101 fuit,
1716 5039 1783 5089 ut
1832 5036 2020 5091 multo

366 5137 629 5202 tempore
674 5131 919 5184 virtutes
951 5127 1081 5198 ejus
1130 5128 1668 5179 commemorantes
1717 5129 1893 5193 atque
1925 5142 2023 5180 re-

362 5226 639 5292 putantes
673 5218 908 5291 publice
940 5221 998 5270 et
1038 5212 1310 5287 privatim
1338 5229 1445 5283 per
1492 5210 1701 5265 domos
1737 5217 2019 5284 tanquam

365 5325 469 5364 suo
503 5310 756 5379 quisque
788 5304 1115 5361 infortunio
1148 5307 1388 5372 accepto
1420 5300 1741 5371 plorarcnt.

2135 4683 2235 4749 τήν
2259 4679 2465 4735 ἂλωσιν
2502 4679 2635 4752 πρὸς
2665 4676 2791 4740 τοὺς
2851 4679 3318 4755 ἀνακηρύττοντας
3368 4678 3526 4733 αὐτὸν
3561 4678 3791 4747 νικητὴν

2132 4768 2222 4824 καὶ
2279 4772 2656 4844 τροπαιοῦχον
2716 4765 2969 4831 διωθεῖτο
3027 4768 3122 4828 τὰς
3176 4767 3527 4842 ἀναρρήσεις,
3561 4764 3635 4825 ὡς
3692 4764 3792 4817 οὐκ

2131 4858 2292 4919 αὐτὸς
2325 4856 2603 4933 εἰργάσθαι
2635 4860 2798 4910 τοῦτα
2829 4858 3028 4934 φήσας,
3061 4853 3208 4910 ἀλλὰ
3240 4852 3495 4924 θεηλάτῳ
3549 4851 3638 4905 καὶ
3670 4850 3788 4919 θείᾳ

2133 4948 2270 5023 ὀργῇ
2324 4952 2769 5021 καθυπουργῆσαι
2826 4945 2918 4999 καὶ
2974 4945 3070 5005 τὰς
3136 4949 3325 5018 χεῖρας
3380 4937 3785 4997 ἐπιδεδωκέναι.

2135 5037 2421 5092 Κάντεῦθεν
2445 5036 2623 5090 τοίνυν
2674 5032 2765 5090 διὰ
2818 5036 2920 5103 τὴν
2977 5034 3171 5108 ἀρετὴν
3228 5032 3395 5086 αὐτοῦ
3453 5030 3543 5084 καὶ
3599 5049 3787 5084 ταπει-

2132 5128 2467 5206 νοφροσ·3νην
2500 5124 2879 5204 παγγέραστος
2908 5125 3000 5180 καὶ
3043 5123 3449 5199 πανεπέραστος
3500 5122 3786 5198 γενόμενος

2132 5216 2305 5280 οὕτως
2340 5214 2684 5286 ἐτελεύτησε.
2725 5218 2998 5275 Τοσοῦτος
3031 5210 3089 5267 δὲ
3110 5214 3310 5288 θρῆνος
3340 5211 3426 5267 ἐπὶ
3456 5217 3524 5287 τῇ
3558 5209 3787 5284 τελευτῇ

2133 5308 2299 5363 αὐτοῦ
2327 5308 2558 5381 κατέσχε
2577 5308 2677 5376 τήν
2711 5306 2932 5378 Ῥώμην
2963 5304 3038 5364 ὡς
3074 5302 3127 5358 ἐν
3160 5303 3344 5378 χρόνῷ
3368 5302 3568 5374 πολλῷ
3597 5304 3787 5367 τοῦτον

360 5394 908 5469 ἀπομνημονεῦοντες
941 5393 1029 5447 καὶ
1069 5391 1164 5452 τὰς
1196 5389 1385 5465 ἀρετὰς
1418 5389 1582 5443 αὐτοῦ
1613 5386 2063 5466 ἀναλογιζόμενοι
2098 5396 2343 5468 δημοσίᾳ
2372 5396 2461 5451 καὶ
2492 5397 2608 5450 κατ’
2669 5392 2854 5455 οἷ’κους
2893 5392 3132 5464 κλαίειν,
3168 5388 3352 5470 ὥσπερ
3409 5392 3595 5465 οῗκείῳ
3626 5392 3788 5455 πάθει

368 5485 738 5557 κατεχόμενος
776 5480 1022 5543 ἕκαστος.

436 5575 608 5628 Anno
641 5575 767 5645 ejus
818 5570 1078 5628 secundo
1112 5586 1389 5643 magnum
1421 5568 1535 5624 fuit
1585 5569 1785 5625 Romae
1816 5572 2020 5631 incen-

367 5660 553 5716 dium.
591 5668 668 5716 Ac
700 5663 756 5716 S.
789 5665 849 5717 C.
882 5662 1043 5717 Titus
1078 5661 1225 5717 deus
1254 5659 1584 5732 appellatus
1635 5665 1742 5715 est.
1776 5662 1829 5717 Is
1860 5665 2019 5725 Titus

2200 5576 2291 5647 Τῴ
2349 5571 2584 5651 δευτέρῳ
2663 5568 2769 5629 ἔτει
2825 5572 3022 5629 τούτου
3093 5575 3261 5649 μέγας
3349 5572 3679 5648 ἐμπρησμὸς
3737 5567 3792 5624 ἐν

2128 5665 2310 5740 Ῥώμῃ
2345 5664 2577 5741 ἐγένετο.
2614 5665 2715 5721 Καὶ
2751 5671 2853 5735 τῆς
2904 5662 3213 5740 συγκλήτου
3272 5664 3626 5745 ψηφισαμένη
3686 5664 3791 5719 Τῖ-
