4154 6416
329 366 441 428 421

1488 355 1848 419 HISTORIA
1863 352 2032 416 ΡιοΜ
2078 352 2630 418 COMPENDIUM.

3650 358 3769 417 4'22

320 520 418 563 τος
450 498 569 564 θεὸς
601 492 972 574 ἀνηγορεύθη.
1012 494 1186 557 Οὗτος
1218 493 1247 547 ὁ
1273 494 1438 554 Τῖτος
1496 491 1549 547 ἐν
1613 486 1765 545 δυσὶν
1823 485 1992 544 ἔτεσιν

2112 487 2377 544 biennali
2406 490 2720 548 obsidione
2753 488 3163 561 Hierosolyma
3195 491 3354 562 cepit
3382 508 3633 564 eamque
3681 498 3772 549 to-

324 581 668 664 παραλαϐὼν
696 587 802 654 τὴν
830 581 1203 659 Ἰερουσαλήμ
1231 585 1405 637 πᾶσαν
1458 578 1725 655 ἐνέπρησε
1760 581 1848 652 [Ρ.
1878 579 2010 663 218]

325 679 423 735 καὶ
454 679 712 753 ἠφάνισε,
757 674 945 737 καθὼς
998 669 1240 747 εἴρηται,
1270 669 1362 726 καὶ
1399 670 1492 725 τὸν
1565 669 1689 724 ναὸν
1751 666 2016 740 ἐνέπρησε

322 768 464 824 κατὰ
499 768 601 834 τὴν
650 767 757 819 τοῦ
817 763 1029 837 Κυρίου
1084 759 1506 835 προαγόρευσιν.
1569 756 1853 815 Εἷπὸντων
1905 753 2009 829 γὰρ

325 861 440 913 τῶν
474 856 743 928 μαθητῶν
767 850 1024 926 περὶτοῦ
1082 848 1235 924 ἱεροῦ
1292 848 1379 904 δτι
1437 846 1611 909 λίθοις
1667 850 1864 907 καλοῖς
1917 848 2008 903 καὶ

326 947 651 1016 ἀναθήμασι
683 940 1058 1014 κεκόσμηται,
1086 936 1215 1017 ἔφη·
1276 941 1452 992 Ταῦτα
1499 935 1673 991 πάντα
1719 935 1753 990 ἄ
1785 936 2011 1009 θεωρεῖ-

320 1056 404 1103 τε,
442 1031 767 1088 ἐλεύσονται
797 1028 1003 1105 ἡμέραι
1045 1027 1097 1082 έν
1157 1028 1244 1087 αἷς
1304 1024 1405 1081 ούκ
1468 1024 1798 1099 ἀφεθήσεται
1853 1020 2007 1084 λίθος

320 1124 414 1180 ἐπὶ
449 1121 635 1191 Λίθον,
669 1119 729 1183 ὅς
762 1120 826 1174 οὐ
850 1116 1310 1187 καταλυθήσεται.
1377 1117 1547 1173 Ὅταν
1607 1111 1665 1169 δὲ
1706 1109 1858 1183 ἴδητε
1906 1132 2007 1168 κυ-

321 1211 645 1285 κλουμένην
676 1211 780 1280 τήν
830 1204 1196 1282 Ἰερουσαλὴμ
1255 1204 1361 1261 ὑπὸ
1424 1200 1829 1279 στρατοπέδων,
1881 1199 2007 1271 τότε

320 1307 504 1376 γνῶτε
532 1301 618 1355 ὅτι
647 1298 875 1373 ἤγγικεν
904 1297 939 1366 ἡ
989 1293 1278 1371 ἐρήμωσις
1334 1291 1528 1363 αὐτῆς.
1597 1290 1727 1346 Ούαὶ
1791 1287 1849 1346 δὲ
1884 1295 2005 1352 ταῖς

322 1390 379 1446 ἐν
414 1388 610 1464 γαστρὶ
648 1385 913 1466 ἐχούσαις
944 1384 1036 1440 καὶ
1084 1387 1207 1445 ταῖς
1266 1380 1643 1453 θηλαζούσαις
1686 1379 1738 1435 έν
1771 1378 2002 1441 ἐκείναις

321 1485 448 1543 ταῖς
475 1477 733 1553 ἡμέραις.
767 1477 959 1530 Ἔσται
1006 1473 1113 1549 γάρ
1171 1471 1377 1546 ἀνάγκη
1439 1470 1652 1546 μεγάλη
1711 1470 1801 1524 καὶ
1860 1468 1999 1544 ὀργὴ

340 1567 427 1639 τῷ
455 1567 570 1634 λαῷ
596 1564 800 1637 τούτῳ,
840 1563 934 1619 καί
989 1567 1284 1618 πεσοῦνται
1343 1559 1395 1616 έν
1442 1560 1674 1633 στόματι
1704 1557 2003 1634 ῥομφαίας,

333 1651 442 1713 ’καὶ
498 1653 1116 1729 αἰχμαλωτισθήσονται
1172 1651 1250 1714 είς
1308 1651 1483 1707 πάντα
1540 1650 1607 1706 τὰ
1693 1643 1845 1718 ἔθνη.
1898 1649 2000 1716 Καὶ

336 1745 702 1819 Χερουσαλὴμ
731 1741 880 1797 ἔσται
912 1739 1236 1814 πατουμένη
1308 1740 1417 1795 ὑπὸ
1470 1741 1658 1808 ἐθνῶν,
1689 1733 1822 1812 ἄχρι
1854 1733 2004 1805 πλη-

323 1839 554 1910 ρωθῶσι
585 1831 768 1907 καιροῖ
797 1832 985 1889 ἐθνῶν.
1009 1831 1141 1928 ,Καί
1187 1828 1334 1928 ἔσται
1395 1829 1584 1904 θλῖψις
1633 1828 1859 1928 τοιαύτη
1880 1914 1889 1928 ⁹
1911 1821 2004 1879 οἵα
2028 1861 2078 1928 Β

321 1922 388 1979 ού
418 1922 619 1998 γέγονε
653 1922 903 1990 πώποτε,
937 1917 1052 1976 οὐδ’
1086 1919 1148 1975 ού
1183 1921 1261 1993 μὴ
1293 1917 1464 1976 ἔσται.
1503 1922 1679 1973 Ταῦτα
1734 1914 1791 1972 δὲ
1821 1914 1995 1971 πάντα

318 2012 671 2076 πεπόνθασιν
704 2012 756 2066 οἱ
790 2010 988 2085 έγθροὶ
1017 2015 1116 2079 τῆς
1169 2013 1315 2078 ζωῆς
1346 2006 1525 2063 αὐτῶν
1576 2003 1859 2071 Ἰουδαῖοι,
1908 2024 1998 2058 κυ-

325 2102 632 2176 ριευθέντες
666 2100 771 2155 ὑπὸ
812 2105 921 2155 τῶν
964 2098 1273 2172 Ῥωμαίων,
1325 2097 1401 2160 ὡς
1460 2096 1808 2169 ἀπωσάμενοι
1867 2095 2000 2169 Χρι-

321 2191 455 2246 στὸν
485 2192 582 2245 τὸν
615 2188 848 2264 βασιλέα
876 2192 975 2243 τοῦ
1005 2187 1208 2250 παντὸς
1254 2186 1347 2241 καὶ
1376 2187 1478 2255 τήν
1539 2189 1649 2240 τῶν
1709 2185 1996 2258 Ῥωμαίων

325 2278 620 2354 βασιλείαν
676 2273 953 2338 δυσσεϐῶς
1006 2274 1453 2347 ἐπισπασάμενοι,
1508 2274 1825 2349 κράζοντες,
1882 2273 2002 2330 Οὐκ

323 2370 539 2448 ἔχομεν
569 2366 803 2443 βασιλέα
835 2365 881 2422 εί
907 2367 983 2439 μή
1020 2364 1282 2441 Καίσαρα,
1318 2364 1432 2434 καὶ,
1483 2364 1559 2421 Τὸ
1589 2366 1727 2437 αἷμα
1757 2364 2002 2439 Χριστοῦ

320 2458 405 2538 ἐφ’
437 2461 591 2531 ἡμᾶς
624 2456 714 2511 καὶ
747 2456 836 2510 ἐπὶ
865 2456 935 2510 τὰ
969 2454 1129 2511 τέκνα
1189 2457 1375 2527 ἡμῶν,
1433 2453 1528 2509 Διὸ
1565 2453 1654 2508 καὶ
1700 2452 1867 2528 μέχρι
1898 2458 2001 2522 τῆς

322 2545 642 2608 συντελείας
671 2548 772 2616 τὴν
804 2545 882 2605 είς
911 2546 980 2600 τά
1018 2543 1143 2614 ἔθνη
1177 2543 1353 2599 πάντα
1401 2540 1700 2617 διασπορὰν
1754 2543 1843 2597 καὶ
1902 2560 2005 2596 τα·

321 2636 639 2707 λαιπωρίαν
691 2631 908 2704 ἵξουσιν
963 2632 1141 2689 αὐτῶν
1193 2632 1261 2688 τὰ
1317 2631 1499 2700 τέκνα,
1558 2630 1801 2705 καθάπερ
1858 2623 2007 2707 mtf

323 2698 587 2800 δραπέται
652 2698 965 2798 μαστιγίαι,
1020 2719 1191 2796 μηδὲν
1248 2725 1357 2776 τῶν
1414 2698 1701 2793 νομίμωνί
1733 2698 1864 2775 πίτε
1889 2698 2004 2775 λεῖν

326 2812 644 2886 δυνάμενοι.
676 2812 1017 2888 Ὑποφόρους
1070 2812 1171 2888 γάρ
1204 2805 1428 2887 ἔχοντες
1470 2810 1668 2872 αὐτοὺς
1730 2810 2003 2883 Ῥωμαῖοι

328 2904 434 2959 ούκ
462 2903 594 2958 ἐῶσι
639 2908 759 2967 τοῖς
822 2899 984 2963 ἲδίοις
1040 2903 1346 2975 κεχρῆσθαι
1402 2896 1799 2972 δικαιώμασιν,
1856 2897 2005 2953 ἐπει-

335 2991 514 3067 δήπερ
539 2994 798 3053 ἑκουσίως
832 2988 1207 3046 ἐπεσπάσαντο
1245 2991 1349 3058 τὴν
1408 2986 1687 3057 δουλείαν,
1734 2987 2002 3067 εἰπόντες.

346 3082 461 3135 Οὐκ
485 3080 683 3153 ἔχομεν
714 3079 942 3156 βασιλέα
995 3079 1048 3135 εἴ
1108 3081 1186 3153 μή
1246 3079 1509 3153 Καίσαρα,
1569 3079 1683 3147 καὶ,
1744 3079 1868 3136 ’an
1924 3078 2001 3150 μὴ

2120 582 2239 633 tam
2269 582 2550 635 cremavit
2579 585 2759 651 atque
2779 578 3020 645 delevit,
3051 578 3463 651 templumque
3484 582 3772 652 incendit,

2118 668 2290 724 sicuti
2323 671 2613 727 Dominus
2643 672 2796 728 882
2829 670 3202 743 praedixerat.
3237 672 3383 725 Cum
3416 672 3575 727 enim
3608 672 3659 727 ei
3691 672 3775 727 di-

2117 757 2330 829 scipuli
2389 758 2655 815 dicerent
2704 759 2994 831 templum
3046 758 3311 831 pulchris
3363 759 3660 831 lapidibus
3716 778 3775 830 et

2116 843 2382 902 donariis
2406 864 2535 903 esse
2557 854 2930 914 exornatum,
2955 847 3107 902 dixit
3128 846 3173 882 23
3194 864 3207 901 :
3227 850 3481 920 Tempus
3501 850 3616 905 erit
3636 865 3769 904 cum

2115 935 2189 991 de
2216 936 2329 993 hoc
2359 940 2517 1009 quod
2547 938 2757 995 videtis
2808 940 3053 1011 templo,
3102 955 3223 995 non
3273 941 3569 1012 supererit
3619 941 3772 1012 lapis

2114 1025 2285 1081 alteri
2320 1026 2496 1097 lapidi
2524 1027 2793 1099 junctus.
2814 1031 2960 1084 Cum
2989 1034 3188 1084 autem
3220 1029 3377 1101 cingi
3412 1029 3771 1086 exercitibus

2114 1115 2522 1189 Hierosolyma
2566 1117 2862 1187 videbitis,
2902 1123 3030 1173 tum
3082 1118 3396 1190 cogitatote
3447 1121 3768 1191 appetiisse

2114 1206 2243 1277 ejus
2275 1206 2596 1263 excidium.
2632 1209 2726 1263 Vae
2757 1213 2957 1263 autem
2978 1207 3421 1278 praegnantibus
3453 1214 3511 1263 et
3536 1208 3766 1264 lactan-

2111 1297 2271 1353 tibus
2298 1298 2410 1353 isto
2445 1304 2730 1371 tempore.
2765 1302 3032 1372 Magnam
3064 1300 3224 1355 enim
3256 1301 3344 1356 ira
3374 1301 3475 1356 Dei
3507 1302 3765 1356 necessi-

2111 1387 2381 1443 tudinem
2438 1389 2577 1444 huic
2625 1389 2841 1461 populo
2897 1390 3217 1456 immittet;
3274 1396 3333 1444 et
3379 1390 3594 1445 cadent
3644 1392 3768 1447 acie

2107 1475 2273 1543 ferri,
2333 1493 2401 1532 ac
2450 1478 2665 1549 captivi
2723 1477 3097 1534 abducentur
3153 1479 3228 1534 ad
3277 1495 3485 1534 omnes
3533 1486 3761 1552 gentes,

2108 1565 2681 1638 conculcabiturque
2714 1568 3122 1639 Hierosolyma
3167 1584 3203 1623 a
3242 1568 3533 1635 barbaris,
3575 1570 3766 1625 donec

2109 1657 2344 1724 tempus
2370 1655 2637 1726 gentium
2664 1655 3005 1727 impleatur.
3038 1658 3341 1726 Tantaque
3370 1658 3482 1712 erit
3521 1658 3764 1713 calami-

2108 1746 2219 1807 tas,
2254 1748 2481 1812 quanta
2501 1759 2696 1813 neque
2726 1744 2892 1815 prius
2923 1744 3151 1799 exstitit
3171 1762 3366 1815 neque
3393 1753 3599 1818 postea
3621 1747 3768 1802 exsi-

2109 1834 2243 1885 stet.
2274 1831 2406 1885 Haac
2436 1832 2639 1886 omnia
2662 1832 2930 1903 perpessi
2957 1838 3096 1888 sunt
3116 1833 3317 1889 hostes
3348 1852 3468 1889 sum
3497 1835 3767 1906 ipsorum

2106 1918 2238 1973 vita
2266 1919 2476 1988 Judaai,
2509 1937 2544 1976 a
2568 1922 2851 1977 Romanis
2883 1922 2944 1976 in
2969 1923 3312 1978 servitutem
3335 1925 3472 1991 acti,
3497 1924 3655 1994 quod
3681 1943 3769 1981 re-

2106 2022 2237 2078 gem
2291 2008 2551 2064 universi
2600 2010 2901 2067 Christum
2950 2017 3324 2082 respuerant,
3381 2015 3766 2084 Romanoque

2107 2097 2359 2169 imperio
2383 2097 2565 2169 impie
2590 2115 2719 2154 sese
2742 2099 3434 2172 subjicerantclamando
3455 2104 3500 2137 ²⁴
3526 2120 3538 2157 :
3564 2119 3763 2173 regem

2107 2191 2326 2256 praster
2352 2191 2649 2243 Caesarem
2698 2188 2931 2244 nullum
2978 2189 3288 2259 habemus,
3340 2191 3484 2246 item
3514 2192 3765 2264 Sanguis

2109 2276 2325 2331 Christi
2356 2277 2529 2333 nobis
2567 2279 2909 2350 nostrisque
2939 2280 3265 2351 imputetur
3297 2282 3525 2337 liberis.
3556 2283 3761 2354 Itaque

2110 2365 2290 2422 etiam
2340 2366 2414 2422 ad
2451 2372 2784 2423 extremum
2811 2385 3001 2441 usque
3048 2371 3362 2441 posteritas
3400 2388 3606 2427 eorum
3653 2389 3761 2444 per

2113 2456 2389 2511 nationes
2419 2457 2791 2530 dispergetur
2820 2463 2879 2513 et
2907 2459 3206 2532 afﬂigetur
3231 2485 3245 2527 ς
3280 2461 3468 2517 instar
3496 2460 3765 2532 fugitivo-

2112 2561 2247 2601 rum
2279 2550 2339 2601 et
2394 2548 2549 2601 notis
2597 2553 3092 2619 compunctorum
3142 2566 3446 2605 servorum
3495 2551 3767 2621 nihilque

2114 2634 2444 2689 secundum
2494 2634 2687 2706 legem
2718 2652 2891 2708 agere
2941 2636 3014 2691 iis
3064 2639 3461 2708 permittatur.
3518 2640 3767 2694 Romani

2114 2724 2275 2779 enim
2306 2740 2441 2779 cum
2473 2740 2575 2779 eos
2594 2724 2856 2780 habeant
2886 2725 3330 2797 stipendiarios,
3391 2744 3510 2782 non
3565 2728 3771 2783 sinunt

2114 2812 2369 2885 propriis
2399 2813 2485 2867 uti
2515 2812 2763 2885 legibus,
2797 2812 2929 2869 ideo
2953 2814 3089 2884 quia
3122 2814 3278 2870 ultro
3300 2815 3375 2871 iis
3404 2832 3464 2870 se
3497 2816 3558 2870 in
3586 2816 3769 2871 servi-

2116 2907 2301 2956 tutem
2327 2901 2699 2970 addixerant,
2719 2919 2854 2958 cum
2876 2903 3343 2960 vociferarentur
3364 2922 3425 2960 se
3441 2922 3560 2960 non
3580 2906 3765 2962 alium

2115 2990 2333 3046 habere
2363 3006 2561 3063 regem
2612 3008 2790 3061 quam
2842 2994 3154 3049 Caesarem.
3216 2997 3364 3050 Item
3424 2996 3540 3049 nisi
3600 2995 3765 3050 Chri-

2115 3084 2272 3134 stum
2303 3078 2666 3148 occidamus,
2699 3096 2908 3137 omnes
2939 3082 2992 3136 ei
3024 3081 3203 3138 ﬁdem
3247 3083 3635 3149 adhibebunt,
3671 3100 3770 3138 ve-

352 3168 746 3242 ἆποκτείνωμεν
794 3171 882 3225 τὸν
937 3170 1193 3244 Χριστὸν,
1283 3167 1473 3229 πάντες
1533 3167 1609 3229 είς
1693 3166 1853 3222 αὐτὸν
1910 3189 1997 3223 πι-

425 3257 472 3280 ,I
523 3279 531 3280 κ
600 3279 605 3280 γ
682 3279 685 3280 ,
745 3258 758 3280 \
822 3257 866 3280 3‘
925 3259 999 3280 I,,
1092 3279 1095 3280 ν
1202 3259 1242 3280 κ(
1299 3264 1356 3280 In
1392 3262 1559 3280 ,,,H‘!,.
1624 3257 1710 3280 ..μὶ
1778 3257 1971 3280 Ῐῖ--,-η

2115 3167 2398 3238 nientque
2435 3169 2683 3224 Romani
2725 3170 2878 3226 883
2913 3175 2973 3225 et
3002 3171 3211 3227 urbem
3254 3176 3607 3242 gentemque
3658 3190 3768 3227 no-

2111 3262 2286 3280 -a_.__.
2326 3257 2595 3280 ---L:......l.
2650 3260 2713 3280 Πι
2758 3257 2987 3280 ..--ε.ι-..-
3028 3276 3139 3280 ...ΑΔ
3184 3265 3383 3280 -____a-
3426 3277 3514 3280 -___
3571 3266 3759 3280 1_,_-x__

345 3257 646 3326 πεύσουσι,
677 3258 758 3313 καί
817 3257 1135 3314 ἐλεύσονται
1194 3259 1247 3313 οἱ
1299 3262 1565 3331 Ῥωμαῖοι
1623 3257 1714 3312 καὶ
1772 3257 1991 3330 ἆροῦσιν

333 3350 505 3419 ἡμῶν
525 3348 614 3401 τὸν
645 3346 809 3401 τόπον
867 3347 962 3402 καὶ
1026 3346 1090 3402 τὸ
1152 3344 1333 3411 ἔθνος.
1393 3345 1462 3403 Οἳ
1519 3366 1581 3421 γε
1632 3344 1721 3400 καὶ
1779 3342 1997 3408 ἄκοντες

331 3439 766 3514 προεφήτευσαν.
848 3436 953 3494 Καὶ
1005 3438 1109 3511 γὰρ
1171 3435 1487 3491 ἐπίστευσαν
1554 3434 1630 3496 εἰς
1715 3434 1873 3489 αὐτὸν
1933 3435 2001 3491 τὰ

327 3521 487 3593 ἔθνη,
520 3524 609 3581 καὶ
642 3524 800 3581 αὐτοὶ
828 3526 931 3594 τὴν
980 3523 1227 3595 ἐξουσίαν
1293 3525 1396 3579 ὑπὸ
1454 3522 1743 3598 Ῥωμαίων
1798 3521 2000 3603 ἀφῃρέ-

328 3617 504 3685 θησαν
554 3615 647 3670 καὶ
684 3616 786 3683 τήν
848 3613 1126 3689 λατρείαν,
1191 3613 1569 3688 κεκωλυμένοι
1626 3610 1685 3669 δέ
1749 3612 1853 3668 εἰσι
1908 3608 2000 3669 καὶ

325 3707 573 3780 ἀναιρεῖν
610 3706 703 3769 οὕς
735 3704 961 3762 θέλουσι
1018 3706 1111 3761 καὶ
1173 3707 1319 3761 θύειν
1383 3706 1473 3761 ὅτε
1532 3704 1847 3780 βούλονται,
1906 3706 2001 3761 Διὸ

325 3796 419 3851 καὶ
451 3795 852 3871 ἐπικατάρατοί
884 3796 1012 3869 εἶσι,
1073 3798 1149 3869 μή
1185 3793 1484 3870 δυνάμενοι
1523 3800 1699 3851 ποιεῖν
1756 3795 1826 3851 τά
1877 3792 1999 3850 δια-

326 3885 662 3960 τεταγμένα.
715 3886 1148 3959 Ἐπικατάρατος
1202 3886 1327 3962 γάρ,
1410 3886 1570 3961 φησί,
1626 3889 1730 3946 πᾶς
1783 3885 1843 3948 ὅς
1901 3884 2002 3940 οὐκ

331 3975 562 4047 ἐμμένει
592 3979 725 4030 πᾶσι
754 3980 875 4039 τοῖς
911 3974 1320 4052 γεγραμμένοις
1376 3972 1429 4028 ἰν
1487 3978 1567 4046 τῷ
1628 3968 1835 4046 Βιϐλίῳ
1903 3978 2000 4029 τοῦ

334 4065 546 4137 νόμου,
568 4068 666 4120 τοῦ
697 4070 930 4134 ποιῆσαι
960 4064 1111 4123 αὐτά.
1146 4061 1431 4122 ’Λδύνατον
1463 4060 1522 4118 δέ
1580 4061 1720 4117 ἐστιν
1776 4061 1828 4117 ἐν
1889 4060 2002 4117 δια-

331 4158 515 4228 σπορᾷ
538 4153 736 4225 μεταξὺ
769 4148 956 4215 ἔθνους
986 4153 1145 4217 ὄντας
1201 4155 1420 4215 πάντως
1476 4151 1745 4208 ἐπιτελεῖν
1801 4151 1998 4216 αὐτοὺς

331 4244 401 4299 τὰ
428 4247 531 4298 τοῦ
559 4243 735 4315 νόμου
763 4243 853 4298 καὶ
911 4244 1011 4312 τὴν
1072 4240 1323 4316 λατρείαν
1378 4241 1429 4297 ἐν
1492 4240 1570 4297 ένὶ
1628 4240 1785 4313 τόπῳ
1840 4262 1998 4316 περι-

330 4333 753 4406 γεγραμμένην,
812 4332 887 4393 ὡς
941 4330 996 4386 έν
1058 4330 1210 4406 λόγῳ
1265 4330 1464 4406 Κυρίου
1522 4332 1765 4401 Μωυσῆς
1822 4326 2001 4385 διετά-

332 4422 487 4490 ξατο.

406 4509 477 4567 Τί
508 4510 600 4564 οὗν
628 4511 767 4585 πρὸς
795 4510 964 4567 ταῦτά
1006 4532 1160 4591 φατε,
1220 4509 1265 4565 ὦ
1320 4506 1583 4568 Ἰουδαῖοι
1619 4528 1633 4579 ;
1693 4508 1797 4566 Καὶ
1852 4505 1905 4564 τί
1934 4507 1998 4563 τὸ

2109 3262 2293 3312 stram
2324 3257 2617 3330 subigent.
2650 3260 2720 3313 Et
2752 3257 2995 3328 quidem
3028 3276 3149 3314 non
3181 3265 3389 3331 sponte
3417 3277 3545 3326 sua,
3570 3266 3769 3316 tamen

2107 3345 2408 3400 vaticinati
2441 3351 2612 3412 sunt;
2640 3363 2778 3402 nam
2802 3352 2859 3402 et
2879 3347 3153 3403 nationes
3176 3348 3474 3403 Christum
3494 3349 3609 3403 ﬁde
3633 3354 3773 3403 sunt

2106 3434 2388 3505 amplexi,
2422 3441 2481 3489 et
2510 3436 2654 3507 ipsis
2678 3436 2926 3492 Romani
2956 3437 3275 3509 imperium
3301 3438 3648 3509 cultumque
3672 3455 3767 3493 sa-

2106 3541 2343 3580 crorum
2374 3525 2746 3596 eripuerunt,
2802 3532 2861 3582 et
2900 3543 3093 3597 neque
3143 3527 3479 3584 interﬁcere
3513 3529 3585 3583 iis
3630 3528 3773 3584 licet

2106 3630 2255 3684 quos
2293 3614 2518 3683 volunt,
2572 3631 2767 3687 neque
2826 3616 3166 3672 sacriﬁcare
3218 3618 3454 3689 quoties
3499 3618 3768 3690 cupiunt.

2106 3704 2229 3768 Quo
2262 3702 2328 3757 ﬁt
2357 3708 2421 3758 ut
2453 3705 2850 3760 exsecrationi
2883 3706 3001 3761 sint
3031 3706 3294 3771 obnoxii,
3328 3724 3462 3763 cum
3505 3708 3668 3763 obire
3702 3724 3771 3764 ea

2105 3809 2237 3863 quas
2259 3792 2494 3864 legibus
2512 3793 2806 3865 jubentur
2826 3811 2949 3851 non
2971 3796 3223 3868 possint.
3244 3797 3331 3852 Ita
3348 3798 3506 3853 enim
3540 3797 3635 3852 lex
3656 3799 3768 3853 ait:

2106 3883 2462 3937 Exsecratus
2488 3888 2615 3938 esto
2643 3884 2984 3955 quicunque
3012 3901 3132 3940 non
3154 3886 3355 3941 omnia
3378 3903 3507 3956 quae
3533 3886 3592 3940 in
3613 3886 3770 3942 libro

2104 3969 2253 4040 legis
2283 3970 2504 4042 scripta
2535 3977 2693 4039 sunt,
2727 3971 2999 4027 observat
3045 3977 3223 4043 atque
3254 3979 3497 4044 praestat
3544 3973 3610 4030 '25.
3639 3975 3767 4029 Jam

2106 4058 2233 4113 ﬁeri
2257 4058 2423 4114 nullo
2456 4060 2632 4115 modo
2664 4066 2859 4132 potest
2886 4067 2952 4116 ut
2980 4062 3080 4132 qui
3128 4061 3267 4116 hinc
3323 4062 3461 4117 inde
3512 4079 3617 4134 per
3668 4081 3768 4134 po-

2104 4151 2278 4222 pulos
2326 4150 2578 4222 dispersi
2633 4152 2772 4221 sint,
2822 4153 2864 4207 ii
2912 4169 3153 4208 omnem
3210 4155 3314 4209 Dei
3357 4154 3585 4210 cultum
3634 4156 3762 4226 lege

2103 4239 2356 4295 Mosaica
2389 4240 2802 4312 praescriptum
2855 4258 3111 4313 eumque
3170 4243 3271 4298 uni
3333 4243 3463 4298 loco
3516 4243 3759 4299 afﬁxum

2104 4328 2341 4385 obeant.

2180 4511 2254 4563 At
2282 4525 2405 4577 vos,
2434 4507 2641 4578 Judmi,
2689 4508 2788 4579 qui
2829 4507 2905 4564 ad
2935 4509 3061 4564 hazc
3110 4508 3353 4567 dicitis?
3405 4512 3542 4578 Quae
3588 4529 3769 4569 causa

673 4568 681 4585 .
752 4568 764 4573 ν
1019 4568 1030 4591 ι
1146 4568 1159 4580 .
1619 4568 1632 4579 ,

334 4596 649 4653 α’ἰτιοντῶν
677 4599 955 4655 τοσούτων
1006 4601 1097 4655 καὶ
1156 4599 1503 4670 τηλικούτων
1568 4600 1705 4672 ὑμᾶς
1736 4596 1999 4669 κατειλη-

2112 4602 2199 4652 est
2213 4602 2297 4651 tot
2317 4602 2737 4667 tantorumque
2756 4598 3048 4653 malorum
3064 4616 3193 4669 qua»
3214 4601 3376 4656 vobis
3395 4601 3768 4657 evenerunt?

336 4689 521 4765 εότων
553 4695 735 4744 κακῶν
769 4710 783 4759 ;
816 4688 957 4765 ’Δρπὶ
985 4710 1048 4765 γε
1076 4692 1343 4761 συνήκατε
1374 4689 1457 4745 ὅτι
1504 4688 1603 4745 οὐκ
1651 4689 1727 4751 είς
1760 4686 1997 4761 ὁμόδου-

339 4776 464 4845 λον,
497 4775 623 4832 ἀλλ’
657 4777 735 4840 εἷς
766 4778 896 4834 Θεὸν
924 4777 1428 4854 προσκεκρουκότες
1470 4777 1696 4840 εἰκότως
1729 4780 1812 4851 [Ρ.
1872 4778 1999 4849 219]

334 4870 509 4921 ταῦτα
557 4867 858 4923 πεπόνθατε
913 4870 1006 4923 καὶ
1064 4867 1414 4944 ἀσύγγνωστα
1443 4868 1731 4942 πάσχετε;
1777 4865 1998 4927 Ἡσαΐας

334 4955 444 5031 γὰρ
477 4955 600 5030 περὶ
634 4956 788 5029 ὑμῶν
819 4956 880 5011 ἐκ
908 4959 1209 5032 προσώπου
1239 4961 1374 5013 Θεοῦ
1414 4975 1600 5032 φησιν·
1633 4955 1794 5019 Υἱοὺς
1846 4955 1996 5031 ἐγέν-

338 5064 477 5115 νησα
507 5045 599 5100 καὶ
629 5046 847 5119 ὕψωσα,
879 5046 1034 5102 αὐτοὶ
1066 5043 1125 5102 δέ
1157 5068 1226 5120 με
1253 5046 1549 5117 ἠθέτησαν.
1585 5046 1691 5103 Καὶ
1717 5046 1769 5100 τί
1830 5047 1996 5116 ποιή-

339 5155 416 5188 σω
450 5138 531 5205 τῷ
559 5132 853 5207 ἀμπελῶνί
884 5157 1012 5208 μου,
1043 5134 1134 5191 καὶ
1185 5134 1286 5191 οὐκ
1340 5134 1572 5205 ἐποίησα
1625 5133 1810 5207 αὐτῴ;
1844 5133 1995 5190 Διότι

334 5218 526 5295 ἔμεινα
579 5221 674 5278 ’ίνα
732 5225 942 5298 ποιήσῃ
996 5221 1301 5302 σταφυλὴν,
1362 5222 1587 5295 ἐποίησε
1626 5219 1685 5278 δὲ
1742 5223 1995 5285 ἀκάνθας.

333 5311 439 5368 Καὶ
473 5306 779 5386 ἔμειναῖνα
818 5314 1027 5388 ποιήσῃ
1086 5312 1289 5388 κρίσιν,
1347 5311 1575 5383 ἐποίησε
1632 5310 1690 5367 δι
1743 5312 1995 5385 ἀνομίαν,

323 5400 419 5455 καὶ
453 5402 513 5457 ού
552 5400 923 5475 δικαιοσύνην,
955 5401 1102 5458 ἀλλά
1130 5403 1399 5477 κραυγήν.
1456 5401 1620 5464 ΙΙοίας
1654 5398 1712 5456 δὲ
1761 5402 1997 5464 ἀκάνθας

332 5487 479 5567 λέγει
513 5492 604 5548 καί
636 5491 799 5547 ποίαν
832 5490 1055 5565 ἄνομίαν
1096 5491 1189 5547 καὶ
1242 5492 1483 5568 κραυγήν
1516 5509 1530 5560 ;
1582 5492 1652 5549 Ἦ
1707 5488 1996 5562 δηλονότι,

2112 4685 2527 4758 Intelligitisne
2575 4702 2705 4743 eam
2738 4704 2886 4754 esse,
2921 4688 3079 4758 quod
3135 4706 3255 4744 non
3287 4691 3347 4745 in
3392 4709 3766 4761 conservum,

2109 4775 2214 4830 sed
2245 4776 2307 4831 in
2333 4776 2526 4853 ipsum
2552 4777 2733 4831 Deum
2756 4777 3114 4847 oﬂ‘endistis,
3139 4779 3393 4851 ideoque
3425 4786 3543 4836 tam
3566 4797 3770 4854 graves

2110 4865 2237 4920 sine
2271 4866 2443 4919 venia
2472 4882 2674 4936 puenas
2700 4866 3010 4937 penditis?
3040 4868 3187 4924 Nam
3215 4870 3397 4926 Isaias
3421 4872 3662 4942 quidem
3696 4871 3767 4926 de

2108 4954 2273 5009 vobis
2296 4953 2405 5009 sub
2426 4970 2683 5025 persona
2702 4956 2803 5010 Dci
2826 4956 2912 5011 sic
2929 4956 3199 5029 loquitur
3219 4959 3264 5003 ιδ
3288 4977 3301 5014 :
3327 4961 3686 5032 Filiosgenui
3712 4966 3772 5015 et

2110 5043 2293 5100 extuli
2339 5044 2449 5115 ipsi
2473 5049 2672 5099 autem
2698 5061 2793 5101 me
2818 5053 3171 5118 spreverunt
3195 5049 3259 5104 ³⁷.
3292 5052 3458 5116 Item,
3479 5049 3770 5113 Quidnam

2108 5138 2294 5189 restat
2326 5132 2483 5203 quod
2515 5133 2710 5189 adhuc
2740 5135 2801 5189 in
2833 5136 3069 5192 vineam
3092 5138 3266 5192 istam
3294 5137 3514 5192 laboris
3546 5137 3773 5207 impen-

2110 5223 2269 5291 dam,
2293 5221 2452 5293 quod
2479 5222 2749 5278 nondum
2774 5224 3169 5296 impenderim
3193 5226 3221 5278 ‘I
3248 5224 3591 5293 Exspectavi
3630 5224 3770 5280 dum

2107 5329 2251 5368 uvas
2282 5311 2671 5383 produceret:
2706 5314 2854 5367 Ecce
2884 5319 3081 5368 autem
3122 5313 3321 5384 spinas
3353 5312 3620 5383 protulit.
3656 5315 3770 5367 Ex-

2108 5401 2367 5474 spectavi
2399 5400 2542 5456 dum
2567 5402 2729 5473 juste
2767 5408 3030 5474 agerent,
3072 5400 3174 5457 sed
3201 5400 3558 5472 injustitiam
3592 5401 3678 5456 illi
3711 5409 3771 5458 et

2106 5490 2597 5547 vociferationem
2650 5490 2985 5546 ediderunt.
3046 5492 3200 5556 Quas
3256 5505 3393 5544 vero
3451 5491 3654 5562 spinas
3711 5500 3769 5556 et

394 5673 445 5710 ’³
474 5673 684 5731 Matth.
719 5689 878 5742 xxw,
907 5674 977 5739 2;
1014 5671 1151 5731 Luc.
1183 5690 1302 5743 xxi,
1333 5674 1386 5731 6.
1463 5672 1511 5710 9‘
1539 5674 1742 5733 Matth.
1774 5691 1956 5746 xxvn,
1982 5676 2072 5732 25.
2151 5673 2198 5709 ³⁵
2227 5674 2397 5729 Deut.
2426 5688 2601 5739 xxvu,
2638 5674 2704 5729 15
2738 5688 2904 5742 seqq.
2982 5669 3030 5706 ³⁸
3062 5670 3174 5727 Isa.
3211 5688 3253 5743 ι,
3280 5674 3339 5727 2.
3419 5670 3467 5706 97
3499 5671 3618 5761 Isa.
3662 5689 3715 5743 ιχ,
3740 5674 3783 5765 i-
