  <div class='ocr_page' id='page_1' title='image "/cluster/home/n/w/nwhite01/storage/ocr_20150623/121:no.1/coo.31924054870260/219.png"; bbox 0 0 4154 6418; ppageno 0'>
   <div class='ocr_carea' id='block_1_1' title="bbox 351 363 469 424">
    <p class='ocr_par' dir='ltr' id='par_1_1' title="bbox 351 363 469 424">
     <span class='ocr_line' id='line_1_1' title="bbox 351 363 469 424; baseline -0.025 0"><span class='ocrx_word' id='word_1_1' title='bbox 351 363 469 424; x_wconf 69' lang='grc'>423</span> 
     </span>
    </p>
   </div>
   <div class='ocr_carea' id='block_1_2' title="bbox 1710 347 2420 419">
    <p class='ocr_par' dir='ltr' id='par_1_2' title="bbox 1710 347 2420 419">
     <span class='ocr_line' id='line_1_2' title="bbox 1710 347 2420 419; baseline 0.008 -6"><span class='ocrx_word' id='word_1_2' title='bbox 1710 347 2034 413; x_wconf 80' lang='lat' dir='ltr'>GEORGII</span> <span class='ocrx_word' id='word_1_3' title='bbox 2079 353 2420 419; x_wconf 81' lang='lat' dir='ltr'>GEDRENI</span> 
     </span>
    </p>
   </div>
   <div class='ocr_carea' id='block_1_3' title="bbox 3659 361 3780 421">
    <p class='ocr_par' dir='ltr' id='par_1_3' title="bbox 3659 361 3780 421">
     <span class='ocr_line' id='line_1_3' title="bbox 3659 361 3780 421; baseline -0.033 0"><span class='ocrx_word' id='word_1_4' title='bbox 3659 361 3780 421; x_wconf 69' lang='grc'>424</span> 
     </span>
    </p>
   </div>
   <div class='ocr_carea' id='block_1_4' title="bbox 353 486 2006 572">
    <p class='ocr_par' dir='ltr' id='par_1_4' title="bbox 353 487 2006 572">
     <span class='ocr_line' id='line_1_4' title="bbox 353 487 2006 572; baseline -0.008 -18"><span class='ocrx_word' id='word_1_5' title='bbox 353 514 535 572; x_wconf 86' lang='lat' dir='ltr'>quam</span> <span class='ocrx_word' id='word_1_6' title='bbox 567 494 923 567; x_wconf 89' lang='lat' dir='ltr'>injustitiam</span> <span class='ocrx_word' id='word_1_7' title='bbox 955 508 1024 548; x_wconf 94' lang='lat' dir='ltr'>ac</span> <span class='ocrx_word' id='word_1_8' title='bbox 1041 506 1218 563; x_wconf 89' lang='lat' dir='ltr'><strong>quem</strong></span> <span class='ocrx_word' id='word_1_9' title='bbox 1244 490 1570 546; x_wconf 86' lang='lat' dir='ltr'>clamorem</span> <span class='ocrx_word' id='word_1_10' title='bbox 1600 487 1810 544; x_wconf 82' lang='lat' dir='ltr'>notat?</span> <span class='ocrx_word' id='word_1_11' title='bbox 1830 487 2006 543; x_wconf 88' lang='lat' dir='ltr'>nimi-</span> 
     </span>
    </p>
   </div>
   <div class='ocr_carea' id='block_1_5' title="bbox 2112 486 3783 572">
    <p class='ocr_par' dir='ltr' id='par_1_5' title="bbox 2119 486 3783 567">
     <span class='ocr_line' id='line_1_5' title="bbox 2119 486 3783 567; baseline 0.002 -25"><span class='ocrx_word' id='word_1_12' title='bbox 2119 489 2314 565; x_wconf 74' lang='grc' dir='ltr'>αἷσπερ</span> <span class='ocrx_word' id='word_1_13' title='bbox 2345 489 2741 567; x_wconf 67' lang='grc' dir='ltr'>ἕστερανώσατε</span> <span class='ocrx_word' id='word_1_14' title='bbox 2768 490 2929 547; x_wconf 77' lang='grc' dir='ltr'>αότὸν</span> <span class='ocrx_word' id='word_1_15' title='bbox 2985 486 3209 565; x_wconf 81' lang='grc' dir='ltr'>ἀνόμως</span> <span class='ocrx_word' id='word_1_16' title='bbox 3259 490 3362 547; x_wconf 65' lang='lat' dir='ltr'>luti</span> <span class='ocrx_word' id='word_1_17' title='bbox 3418 494 3517 546; x_wconf 83' lang='grc' dir='ltr'>τοῦ</span> <span class='ocrx_word' id='word_1_18' title='bbox 3556 491 3783 559; x_wconf 81' lang='grc' dir='ltr'>πάθους,</span> 
     </span>
    </p>
   </div>
   <div class='ocr_carea' id='block_1_6' title="bbox 348 578 2006 657">
    <p class='ocr_par' dir='ltr' id='par_1_6' title="bbox 348 578 2006 657">
     <span class='ocr_line' id='line_1_6' title="bbox 348 578 2006 657; baseline -0.008 -13"><span class='ocrx_word' id='word_1_19' title='bbox 348 603 483 644; x_wconf 91' lang='lat' dir='ltr'>rum</span> <span class='ocrx_word' id='word_1_20' title='bbox 508 585 709 657; x_wconf 89' lang='lat' dir='ltr'>spinas</span> <span class='ocrx_word' id='word_1_21' title='bbox 741 600 812 639; x_wconf 90' lang='lat' dir='ltr'>ex</span> <span class='ocrx_word' id='word_1_22' title='bbox 843 582 1060 653; x_wconf 86' lang='lat' dir='ltr'>quibus</span> <span class='ocrx_word' id='word_1_23' title='bbox 1090 585 1425 636; x_wconf 83' lang='lat' dir='ltr'>contextam</span> <span class='ocrx_word' id='word_1_24' title='bbox 1454 578 1506 632; x_wconf 91' lang='lat' dir='ltr'>ei</span> <span class='ocrx_word' id='word_1_25' title='bbox 1530 593 1811 633; x_wconf 82' lang='lat' dir='ltr'>coronam</span> <span class='ocrx_word' id='word_1_26' title='bbox 1847 578 2006 631; x_wconf 88' lang='lat' dir='ltr'>inter</span> 
     </span>
    </p>
   </div>
   <div class='ocr_carea' id='block_1_7' title="bbox 348 666 2001 749">
    <p class='ocr_par' dir='ltr' id='par_1_7' title="bbox 348 666 2001 749">
     <span class='ocr_line' id='line_1_7' title="bbox 348 666 2001 749; baseline -0.007 -17"><span class='ocrx_word' id='word_1_27' title='bbox 348 678 575 749; x_wconf 89' lang='lat' dir='ltr'>injusta</span> <span class='ocrx_word' id='word_1_28' title='bbox 601 673 892 745; x_wconf 88' lang='lat' dir='ltr'>supplicia</span> <span class='ocrx_word' id='word_1_29' title='bbox 944 669 1337 742; x_wconf 80' lang='lat' dir='ltr'>imposuistis,</span> <span class='ocrx_word' id='word_1_30' title='bbox 1369 668 1757 723; x_wconf 79' lang='lat' dir='ltr'>vociferantes</span> <span class='ocrx_word' id='word_1_31' title='bbox 1782 683 1795 721; x_wconf 88' lang='lat'><strong>:</strong></span> <span class='ocrx_word' id='word_1_32' title='bbox 1820 666 2001 729; x_wconf 88' lang='lat' dir='ltr'>Tolle,</span> 
     </span>
    </p>
   </div>
   <div class='ocr_carea' id='block_1_8' title="bbox 352 756 2001 830">
    <p class='ocr_par' dir='ltr' id='par_1_8' title="bbox 352 756 2001 830">
     <span class='ocr_line' id='line_1_8' title="bbox 352 756 2001 830; baseline -0.007 -9"><span class='ocrx_word' id='word_1_33' title='bbox 352 767 516 830; x_wconf 90' lang='lat' dir='ltr'>tolle,</span> <span class='ocrx_word' id='word_1_34' title='bbox 549 764 703 821; x_wconf 75' lang='lat'><strong>884</strong></span> <span class='ocrx_word' id='word_1_35' title='bbox 751 763 810 817; x_wconf 92' lang='lat' dir='ltr'>in</span> <span class='ocrx_word' id='word_1_36' title='bbox 843 776 1080 816; x_wconf 89' lang='lat' dir='ltr'>crucem</span> <span class='ocrx_word' id='word_1_37' title='bbox 1111 775 1245 814; x_wconf 92' lang='lat' dir='ltr'>eum</span> <span class='ocrx_word' id='word_1_38' title='bbox 1279 774 1406 829; x_wconf 81' lang='lat' dir='ltr'>age.</span> <span class='ocrx_word' id='word_1_39' title='bbox 1468 758 1562 813; x_wconf 89' lang='lat' dir='ltr'>Sic</span> <span class='ocrx_word' id='word_1_40' title='bbox 1593 763 1651 812; x_wconf 92' lang='lat' dir='ltr'>et</span> <span class='ocrx_word' id='word_1_41' title='bbox 1677 756 2001 812; x_wconf 87' lang='lat' dir='ltr'>Jeremias:</span> 
     </span>
    </p>
   </div>
   <div class='ocr_carea' id='block_1_9' title="bbox 352 846 1999 910">
    <p class='ocr_par' dir='ltr' id='par_1_9' title="bbox 352 846 1999 910">
     <span class='ocr_line' id='line_1_9' title="bbox 352 846 1999 910; baseline -0.006 0"><span class='ocrx_word' id='word_1_42' title='bbox 352 854 660 910; x_wconf 80' lang='lat' dir='ltr'>Hereditas</span> <span class='ocrx_word' id='word_1_43' title='bbox 680 851 826 907; x_wconf 90' lang='lat' dir='ltr'>mihi</span> <span class='ocrx_word' id='word_1_44' title='bbox 853 866 984 905; x_wconf 89' lang='lat' dir='ltr'>mea</span> <span class='ocrx_word' id='word_1_45' title='bbox 1003 847 1158 903; x_wconf 87' lang='lat' dir='ltr'>facta</span> <span class='ocrx_word' id='word_1_46' title='bbox 1181 853 1269 902; x_wconf 89' lang='lat' dir='ltr'>est</span> <span class='ocrx_word' id='word_1_47' title='bbox 1288 848 1479 903; x_wconf 90' lang='lat' dir='ltr'>instar</span> <span class='ocrx_word' id='word_1_48' title='bbox 1509 847 1700 902; x_wconf 89' lang='lat' dir='ltr'>leonis</span> <span class='ocrx_word' id='word_1_49' title='bbox 1735 847 1797 900; x_wconf 94' lang='lat' dir='ltr'>in</span> <span class='ocrx_word' id='word_1_50' title='bbox 1816 846 1962 900; x_wconf 82' lang='lat' dir='ltr'>silva</span> <span class='ocrx_word' id='word_1_51' title='bbox 1986 866 1999 905; x_wconf 88' lang='lat'><strong>:</strong></span> 
     </span>
    </p>
   </div>
   <div class='ocr_carea' id='block_1_10' title="bbox 351 935 1999 1009">
    <p class='ocr_par' dir='ltr' id='par_1_10' title="bbox 351 935 1999 1009">
     <span class='ocr_line' id='line_1_10' title="bbox 351 935 1999 1009; baseline -0.007 -7"><span class='ocrx_word' id='word_1_52' title='bbox 351 948 643 1002; x_wconf 85' lang='lat' dir='ltr'>Adversus</span> <span class='ocrx_word' id='word_1_53' title='bbox 666 959 760 997; x_wconf 91' lang='lat' dir='ltr'>me</span> <span class='ocrx_word' id='word_1_54' title='bbox 784 958 853 996; x_wconf 88' lang='lat' dir='ltr'>ea</span> <span class='ocrx_word' id='word_1_55' title='bbox 872 956 1075 995; x_wconf 91' lang='lat' dir='ltr'>vocem</span> <span class='ocrx_word' id='word_1_56' title='bbox 1092 938 1356 1004; x_wconf 82' lang='lat' dir='ltr'>sustulit,</span> <span class='ocrx_word' id='word_1_57' title='bbox 1383 938 1634 1009; x_wconf 85' lang='lat' dir='ltr'>ideoque</span> <span class='ocrx_word' id='word_1_58' title='bbox 1664 954 1796 994; x_wconf 90' lang='lat' dir='ltr'>eam</span> <span class='ocrx_word' id='word_1_59' title='bbox 1814 936 1911 992; x_wconf 91' lang='lat' dir='ltr'>odi</span> <span class='ocrx_word' id='word_1_60' title='bbox 1934 935 1999 990; x_wconf 71' lang='grc'>³⁸.</span> 
     </span>
    </p>
   </div>
   <div class='ocr_carea' id='block_1_11' title="bbox 352 1023 2005 1100">
    <p class='ocr_par' dir='ltr' id='par_1_11' title="bbox 352 1023 2005 1100">
     <span class='ocr_line' id='line_1_11' title="bbox 352 1023 2005 1100; baseline -0.007 -11"><span class='ocrx_word' id='word_1_61' title='bbox 352 1033 631 1089; x_wconf 82' lang='lat' dir='ltr'>Solomon</span> <span class='ocrx_word' id='word_1_62' title='bbox 663 1045 900 1100; x_wconf 91' lang='lat' dir='ltr'>quoque</span> <span class='ocrx_word' id='word_1_63' title='bbox 927 1027 1104 1083; x_wconf 89' lang='lat' dir='ltr'>dicit:</span> <span class='ocrx_word' id='word_1_64' title='bbox 1144 1027 1309 1082; x_wconf 84' lang='lat' dir='ltr'>Exite</span> <span class='ocrx_word' id='word_1_65' title='bbox 1339 1044 1373 1081; x_wconf 88' lang='grc' dir='ltr'>ο</span> <span class='ocrx_word' id='word_1_66' title='bbox 1407 1026 1545 1081; x_wconf 68' lang='lat' dir='ltr'>filias</span> <span class='ocrx_word' id='word_1_67' title='bbox 1575 1025 1789 1090; x_wconf 89' lang='lat' dir='ltr'>Sionis,</span> <span class='ocrx_word' id='word_1_68' title='bbox 1823 1039 1890 1079; x_wconf 89' lang='lat' dir='ltr'>ac</span> <span class='ocrx_word' id='word_1_69' title='bbox 1920 1023 2005 1077; x_wconf 92' lang='lat' dir='ltr'>vi-</span> 
     </span>
    </p>
   </div>
   <div class='ocr_carea' id='block_1_12' title="bbox 348 1112 2003 1190">
    <p class='ocr_par' dir='ltr' id='par_1_12' title="bbox 348 1112 2003 1190">
     <span class='ocr_line' id='line_1_12' title="bbox 348 1112 2003 1190; baseline -0.007 -12"><span class='ocrx_word' id='word_1_70' title='bbox 348 1124 479 1178; x_wconf 88' lang='lat' dir='ltr'>dete</span> <span class='ocrx_word' id='word_1_71' title='bbox 512 1136 789 1176; x_wconf 85' lang='lat' dir='ltr'>coronam</span> <span class='ocrx_word' id='word_1_72' title='bbox 845 1133 1025 1190; x_wconf 88' lang='lat' dir='ltr'>quam</span> <span class='ocrx_word' id='word_1_73' title='bbox 1076 1118 1130 1172; x_wconf 92' lang='lat' dir='ltr'>ei</span> <span class='ocrx_word' id='word_1_74' title='bbox 1163 1122 1354 1172; x_wconf 82' lang='lat' dir='ltr'>mater</span> <span class='ocrx_word' id='word_1_75' title='bbox 1403 1116 1533 1187; x_wconf 85' lang='lat' dir='ltr'>ejus</span> <span class='ocrx_word' id='word_1_76' title='bbox 1580 1113 1864 1187; x_wconf 88' lang='lat' dir='ltr'>imposuit</span> <span class='ocrx_word' id='word_1_77' title='bbox 1908 1112 2003 1168; x_wconf 92' lang='lat' dir='ltr'>die</span> 
     </span>
    </p>
   </div>
   <div class='ocr_carea' id='block_1_13' title="bbox 346 1203 2002 1282">
    <p class='ocr_par' dir='ltr' id='par_1_13' title="bbox 346 1203 2002 1282">
     <span class='ocr_line' id='line_1_13' title="bbox 346 1203 2002 1282; baseline -0.007 -15"><span class='ocrx_word' id='word_1_78' title='bbox 346 1210 599 1282; x_wconf 79' lang='lat' dir='ltr'>nuptiali</span> <span class='ocrx_word' id='word_1_79' title='bbox 631 1210 695 1262; x_wconf 60' lang='lat'>9°.</span> <span class='ocrx_word' id='word_1_80' title='bbox 729 1211 971 1264; x_wconf 87' lang='lat' dir='ltr'>Matrem</span> <span class='ocrx_word' id='word_1_81' title='bbox 1001 1207 1133 1279; x_wconf 88' lang='lat' dir='ltr'>ejus</span> <span class='ocrx_word' id='word_1_82' title='bbox 1160 1211 1344 1273; x_wconf 87' lang='lat' dir='ltr'>vocat,</span> <span class='ocrx_word' id='word_1_83' title='bbox 1378 1203 1708 1261; x_wconf 90' lang='lat' dir='ltr'>secundum</span> <span class='ocrx_word' id='word_1_84' title='bbox 1738 1218 2002 1273; x_wconf 88' lang='lat' dir='ltr'>carnem,</span> 
     </span>
    </p>
   </div>
   <div class='ocr_carea' id='block_1_14' title="bbox 346 1296 2003 1373">
    <p class='ocr_par' dir='ltr' id='par_1_14' title="bbox 346 1296 2003 1373">
     <span class='ocr_line' id='line_1_14' title="bbox 346 1296 2003 1373; baseline -0.007 -14"><span class='ocrx_word' id='word_1_85' title='bbox 346 1303 684 1359; x_wconf 69' lang='lat' dir='ltr'>Judaaorum</span> <span class='ocrx_word' id='word_1_86' title='bbox 735 1315 1129 1373; x_wconf 79' lang='lat' dir='ltr'>synagogam:</span> <span class='ocrx_word' id='word_1_87' title='bbox 1177 1298 1323 1353; x_wconf 90' lang='lat' dir='ltr'>dicit</span> <span class='ocrx_word' id='word_1_88' title='bbox 1351 1296 1510 1352; x_wconf 92' lang='lat' dir='ltr'>enim</span> <span class='ocrx_word' id='word_1_89' title='bbox 1547 1312 1560 1349; x_wconf 91' lang='lat'><strong>:</strong></span> <span class='ocrx_word' id='word_1_90' title='bbox 1606 1296 1752 1350; x_wconf 86' lang='lat' dir='ltr'>Caro</span> <span class='ocrx_word' id='word_1_91' title='bbox 1776 1309 1908 1349; x_wconf 91' lang='lat' dir='ltr'>mea</span> <span class='ocrx_word' id='word_1_92' title='bbox 1938 1310 2003 1348; x_wconf 84' lang='lat' dir='ltr'>ex</span> 
     </span>
    </p>
   </div>
   <div class='ocr_carea' id='block_1_15' title="bbox 346 1384 2003 1465">
    <p class='ocr_par' dir='ltr' id='par_1_15' title="bbox 346 1384 2003 1465">
     <span class='ocr_line' id='line_1_15' title="bbox 346 1384 2003 1465; baseline -0.005 -18"><span class='ocrx_word' id='word_1_93' title='bbox 346 1394 511 1465; x_wconf 90' lang='lat' dir='ltr'>ipsis.</span> <span class='ocrx_word' id='word_1_94' title='bbox 568 1394 703 1448; x_wconf 88' lang='lat' dir='ltr'>Dies</span> <span class='ocrx_word' id='word_1_95' title='bbox 760 1398 959 1447; x_wconf 88' lang='lat' dir='ltr'>autem</span> <span class='ocrx_word' id='word_1_96' title='bbox 992 1390 1337 1461; x_wconf 85' lang='lat' dir='ltr'>nuptiarum</span> <span class='ocrx_word' id='word_1_97' title='bbox 1387 1388 1519 1460; x_wconf 89' lang='lat' dir='ltr'>ejus</span> <span class='ocrx_word' id='word_1_98' title='bbox 1566 1392 1676 1455; x_wconf 88' lang='lat' dir='ltr'>est,</span> <span class='ocrx_word' id='word_1_99' title='bbox 1731 1402 1848 1457; x_wconf 91' lang='lat' dir='ltr'>quo</span> <span class='ocrx_word' id='word_1_100' title='bbox 1892 1384 2003 1440; x_wconf 87' lang='lat' dir='ltr'>sibi</span> 
     </span>
    </p>
   </div>
   <div class='ocr_carea' id='block_1_16' title="bbox 345 1473 2006 1555">
    <p class='ocr_par' dir='ltr' id='par_1_16' title="bbox 345 1473 2006 1555">
     <span class='ocr_line' id='line_1_16' title="bbox 345 1473 2006 1555; baseline -0.005 -18"><span class='ocrx_word' id='word_1_101' title='bbox 345 1483 611 1555; x_wconf 82' lang='lat' dir='ltr'>gentium</span> <span class='ocrx_word' id='word_1_102' title='bbox 647 1480 976 1536; x_wconf 89' lang='lat' dir='ltr'>Ecclesiam</span> <span class='ocrx_word' id='word_1_103' title='bbox 1022 1477 1418 1549; x_wconf 89' lang='lat' dir='ltr'>desponsavit.</span> <span class='ocrx_word' id='word_1_104' title='bbox 1472 1478 1617 1530; x_wconf 91' lang='lat' dir='ltr'>Tum</span> <span class='ocrx_word' id='word_1_105' title='bbox 1665 1492 1802 1531; x_wconf 88' lang='lat' dir='ltr'>vero</span> <span class='ocrx_word' id='word_1_106' title='bbox 1846 1473 2006 1529; x_wconf 84' lang='lat' dir='ltr'>fatua</span> 
     </span>
    </p>
   </div>
   <div class='ocr_carea' id='block_1_17' title="bbox 346 1563 2002 1642">
    <p class='ocr_par' dir='ltr' id='par_1_17' title="bbox 346 1563 2002 1642">
     <span class='ocr_line' id='line_1_17' title="bbox 346 1563 2002 1642; baseline -0.005 -17"><span class='ocrx_word' id='word_1_107' title='bbox 346 1572 451 1626; x_wconf 88' lang='lat' dir='ltr'>illa</span> <span class='ocrx_word' id='word_1_108' title='bbox 481 1585 778 1642; x_wconf 68' lang='lat' dir='ltr'>synagoga</span> <span class='ocrx_word' id='word_1_109' title='bbox 817 1584 1098 1624; x_wconf 89' lang='lat' dir='ltr'>coronam</span> <span class='ocrx_word' id='word_1_110' title='bbox 1131 1567 1400 1638; x_wconf 88' lang='lat' dir='ltr'>spineam</span> <span class='ocrx_word' id='word_1_111' title='bbox 1442 1565 1572 1636; x_wconf 91' lang='lat' dir='ltr'>ejus</span> <span class='ocrx_word' id='word_1_112' title='bbox 1601 1563 1778 1635; x_wconf 89' lang='lat' dir='ltr'>capiti</span> <span class='ocrx_word' id='word_1_113' title='bbox 1810 1563 2002 1634; x_wconf 65' lang='lat' dir='ltr'>imp0«</span> 
     </span>
    </p>
   </div>
   <div class='ocr_carea' id='block_1_18' title="bbox 347 1652 2000 1730">
    <p class='ocr_par' dir='ltr' id='par_1_18' title="bbox 347 1652 2000 1730">
     <span class='ocr_line' id='line_1_18' title="bbox 347 1652 2000 1730; baseline -0.008 -15"><span class='ocrx_word' id='word_1_114' title='bbox 347 1661 487 1726; x_wconf 90' lang='lat' dir='ltr'>suit,</span> <span class='ocrx_word' id='word_1_115' title='bbox 512 1659 892 1730; x_wconf 89' lang='lat' dir='ltr'>illudensque</span> <span class='ocrx_word' id='word_1_116' title='bbox 924 1658 975 1711; x_wconf 91' lang='lat' dir='ltr'>ei</span> <span class='ocrx_word' id='word_1_117' title='bbox 1009 1656 1157 1712; x_wconf 81' lang='lat' dir='ltr'>dixit</span> <span class='ocrx_word' id='word_1_118' title='bbox 1211 1656 1396 1718; x_wconf 87' lang='lat' dir='ltr'>Salve,</span> <span class='ocrx_word' id='word_1_119' title='bbox 1431 1671 1465 1708; x_wconf 90' lang='grc' dir='ltr'>ο</span> <span class='ocrx_word' id='word_1_120' title='bbox 1493 1670 1594 1709; x_wconf 86' lang='lat' dir='ltr'>rex</span> <span class='ocrx_word' id='word_1_121' title='bbox 1637 1652 2000 1708; x_wconf 71' lang='lat' dir='ltr'>Judazorum.</span> 
     </span>
    </p>
   </div>
   <div class='ocr_carea' id='block_1_19' title="bbox 347 1744 2005 1822">
    <p class='ocr_par' dir='ltr' id='par_1_19' title="bbox 347 1744 2005 1822">
     <span class='ocr_line' id='line_1_19' title="bbox 347 1744 2005 1822; baseline -0.006 -14"><span class='ocrx_word' id='word_1_122' title='bbox 347 1755 505 1818; x_wconf 88' lang='lat' dir='ltr'>Quos</span> <span class='ocrx_word' id='word_1_123' title='bbox 528 1753 709 1807; x_wconf 87' lang='lat' dir='ltr'>etiam</span> <span class='ocrx_word' id='word_1_124' title='bbox 729 1751 1024 1806; x_wconf 88' lang='lat' dir='ltr'>minacius</span> <span class='ocrx_word' id='word_1_125' title='bbox 1042 1748 1314 1822; x_wconf 81' lang='lat' dir='ltr'>objurgat</span> <span class='ocrx_word' id='word_1_126' title='bbox 1338 1748 1522 1803; x_wconf 88' lang='lat' dir='ltr'>Isaias</span> <span class='ocrx_word' id='word_1_127' title='bbox 1544 1746 1638 1801; x_wconf 88' lang='lat' dir='ltr'>his</span> <span class='ocrx_word' id='word_1_128' title='bbox 1654 1745 1847 1801; x_wconf 86' lang='lat' dir='ltr'>verbis</span> <span class='ocrx_word' id='word_1_129' title='bbox 1874 1761 1885 1799; x_wconf 95' lang='lat'>:</span> <span class='ocrx_word' id='word_1_130' title='bbox 1920 1744 2005 1798; x_wconf 86' lang='lat' dir='ltr'>Fi-</span> 
     </span>
    </p>
   </div>
   <div class='ocr_carea' id='block_1_20' title="bbox 2112 578 3782 657">
    <p class='ocr_par' dir='ltr' id='par_1_20' title="bbox 2112 578 3782 657">
     <span class='ocr_line' id='line_1_20' title="bbox 2112 578 3782 657; baseline 0.001 -24"><span class='ocrx_word' id='word_1_131' title='bbox 2112 578 2421 649; x_wconf 71' lang='grc' dir='ltr'>κράζοντες.</span> <span class='ocrx_word' id='word_1_132' title='bbox 2458 583 2642 656; x_wconf 78' lang='grc' dir='ltr'>Ἀρον,</span> <span class='ocrx_word' id='word_1_133' title='bbox 2707 582 2857 655; x_wconf 76' lang='grc' dir='ltr'>ἆρον,</span> <span class='ocrx_word' id='word_1_134' title='bbox 2917 580 3246 657; x_wconf 77' lang='grc' dir='ltr'>σταύρωσον</span> <span class='ocrx_word' id='word_1_135' title='bbox 3304 578 3491 635; x_wconf 82' lang='grc' dir='ltr'>αὐτόν.</span> <span class='ocrx_word' id='word_1_136' title='bbox 3556 580 3645 640; x_wconf 86' lang='grc' dir='ltr'>Ὠς</span> <span class='ocrx_word' id='word_1_137' title='bbox 3690 580 3782 635; x_wconf 85' lang='grc' dir='ltr'>καὶ</span> 
     </span>
    </p>
   </div>
   <div class='ocr_carea' id='block_1_21' title="bbox 2113 664 3783 748">
    <p class='ocr_par' dir='ltr' id='par_1_21' title="bbox 2113 664 3783 748">
     <span class='ocr_line' id='line_1_21' title="bbox 2113 664 3783 748; baseline 0.001 -27"><span class='ocrx_word' id='word_1_138' title='bbox 2113 664 2199 722; x_wconf 77' lang='grc' dir='ltr'>ἐπὶ</span> <span class='ocrx_word' id='word_1_139' title='bbox 2233 670 2301 724; x_wconf 89' lang='grc' dir='ltr'>Ἰε</span> <span class='ocrx_word' id='word_1_140' title='bbox 2328 670 2542 744; x_wconf 86' lang='grc' dir='ltr'>ρεμίου,</span> <span class='ocrx_word' id='word_1_141' title='bbox 2569 670 2812 748; x_wconf 72' lang='grc' dir='ltr'>Ἐγένετο</span> <span class='ocrx_word' id='word_1_142' title='bbox 2870 673 2904 741; x_wconf 80' lang='grc' dir='ltr'><strong>ἡ</strong></span> <span class='ocrx_word' id='word_1_143' title='bbox 2953 669 3309 747; x_wconf 76' lang='grc' dir='ltr'>κληρονομία</span> <span class='ocrx_word' id='word_1_144' title='bbox 3375 690 3481 743; x_wconf 84' lang='grc' dir='ltr'>μου</span> <span class='ocrx_word' id='word_1_145' title='bbox 3519 667 3645 743; x_wconf 79' lang='grc' dir='ltr'>ἐμοὶ</span> <span class='ocrx_word' id='word_1_146' title='bbox 3705 670 3783 731; x_wconf 84' lang='grc' dir='ltr'>ὡς</span> 
     </span>
    </p>
   </div>
   <div class='ocr_carea' id='block_1_22' title="bbox 2113 753 3779 834">
    <p class='ocr_par' dir='ltr' id='par_1_22' title="bbox 2113 753 3779 834">
     <span class='ocr_line' id='line_1_22' title="bbox 2113 753 3779 834; baseline 0.003 -25"><span class='ocrx_word' id='word_1_147' title='bbox 2113 753 2252 810; x_wconf 75' lang='grc' dir='ltr'>λέων</span> <span class='ocrx_word' id='word_1_148' title='bbox 2285 756 2337 812; x_wconf 85' lang='grc' dir='ltr'>ἐν</span> <span class='ocrx_word' id='word_1_149' title='bbox 2371 757 2584 834; x_wconf 79' lang='grc' dir='ltr'>δρυμῷ.</span> <span class='ocrx_word' id='word_1_150' title='bbox 2614 757 2854 817; x_wconf 78' lang='grc' dir='ltr'>Ἔδωκεν</span> <span class='ocrx_word' id='word_1_151' title='bbox 2887 759 2968 815; x_wconf 81' lang='grc' dir='ltr'>ἐπ’</span> <span class='ocrx_word' id='word_1_152' title='bbox 3031 759 3130 832; x_wconf 74' lang='grc' dir='ltr'>ἐμὲ</span> <span class='ocrx_word' id='word_1_153' title='bbox 3168 761 3269 829; x_wconf 75' lang='grc' dir='ltr'>τήν</span> <span class='ocrx_word' id='word_1_154' title='bbox 3336 759 3524 834; x_wconf 75' lang='grc' dir='ltr'>φωνὴν</span> <span class='ocrx_word' id='word_1_155' title='bbox 3587 757 3779 834; x_wconf 73' lang='grc' dir='ltr'>αὐτῆς,</span> 
     </span>
    </p>
   </div>
   <div class='ocr_carea' id='block_1_23' title="bbox 2111 843 3773 927">
    <p class='ocr_par' dir='ltr' id='par_1_23' title="bbox 2111 843 3773 927">
     <span class='ocr_line' id='line_1_23' title="bbox 2111 843 3773 927; baseline 0.002 -27"><span class='ocrx_word' id='word_1_156' title='bbox 2111 846 2200 900; x_wconf 80' lang='grc' dir='ltr'>καὶ</span> <span class='ocrx_word' id='word_1_157' title='bbox 2233 843 2321 901; x_wconf 84' lang='grc' dir='ltr'>διὰ</span> <span class='ocrx_word' id='word_1_158' title='bbox 2362 853 2523 904; x_wconf 80' lang='grc' dir='ltr'>τοῦτο</span> <span class='ocrx_word' id='word_1_159' title='bbox 2580 850 2819 923; x_wconf 72' lang='grc' dir='ltr'>ἒμίσησα</span> <span class='ocrx_word' id='word_1_160' title='bbox 2878 850 3063 921; x_wconf 77' lang='grc' dir='ltr'>αὐτήν.</span> <span class='ocrx_word' id='word_1_161' title='bbox 3128 851 3227 905; x_wconf 82' lang='grc' dir='ltr'>Καὶ</span> <span class='ocrx_word' id='word_1_162' title='bbox 3282 848 3552 923; x_wconf 80' lang='grc' dir='ltr'>Σολομῶν</span> <span class='ocrx_word' id='word_1_163' title='bbox 3594 848 3773 927; x_wconf 72' lang='grc' dir='ltr'>λέγει·</span> 
     </span>
    </p>
   </div>
   <div class='ocr_carea' id='block_1_24' title="bbox 2120 935 3780 1016">
    <p class='ocr_par' dir='ltr' id='par_1_24' title="bbox 2120 935 3780 1016">
     <span class='ocr_line' id='line_1_24' title="bbox 2120 935 3780 1016; baseline 0.002 -24"><span class='ocrx_word' id='word_1_164' title='bbox 2120 935 2402 1007; x_wconf 79' lang='grc' dir='ltr'>Εξέλθετε,</span> <span class='ocrx_word' id='word_1_165' title='bbox 2437 941 2719 1016; x_wconf 82' lang='grc' dir='ltr'>θυγατέρες</span> <span class='ocrx_word' id='word_1_166' title='bbox 2765 941 2933 1008; x_wconf 83' lang='grc' dir='ltr'>Σιὼν,</span> <span class='ocrx_word' id='word_1_167' title='bbox 2992 941 3081 996; x_wconf 77' lang='grc' dir='ltr'>καὶ</span> <span class='ocrx_word' id='word_1_168' title='bbox 3149 938 3289 996; x_wconf 73' lang='grc' dir='ltr'>ἴδετε</span> <span class='ocrx_word' id='word_1_169' title='bbox 3348 940 3399 995; x_wconf 80' lang='grc' dir='ltr'>ἐν</span> <span class='ocrx_word' id='word_1_170' title='bbox 3449 945 3529 1013; x_wconf 79' lang='grc' dir='ltr'>τῷ</span> <span class='ocrx_word' id='word_1_171' title='bbox 3588 940 3780 1016; x_wconf 75' lang='grc' dir='ltr'>στεφά-</span> 
     </span>
    </p>
   </div>
   <div class='ocr_carea' id='block_1_25' title="bbox 2113 1023 3776 1107">
    <p class='ocr_par' dir='ltr' id='par_1_25' title="bbox 2113 1023 3776 1107">
     <span class='ocr_line' id='line_1_25' title="bbox 2113 1023 3776 1107; baseline 0.001 -25"><span class='ocrx_word' id='word_1_172' title='bbox 2113 1023 2207 1101; x_wconf 86' lang='grc' dir='ltr'>’νῳ</span> <span class='ocrx_word' id='word_1_173' title='bbox 2237 1029 2283 1101; x_wconf 83' lang='grc' dir='ltr'>ᾧ</span> <span class='ocrx_word' id='word_1_174' title='bbox 2312 1027 2670 1107; x_wconf 77' lang='grc' dir='ltr'>ἐστεφάνωσεν</span> <span class='ocrx_word' id='word_1_175' title='bbox 2722 1030 2886 1087; x_wconf 77' lang='grc' dir='ltr'>αὐτὸν</span> <span class='ocrx_word' id='word_1_176' title='bbox 2925 1033 2960 1101; x_wconf 74' lang='grc' dir='ltr'>ἢ</span> <span class='ocrx_word' id='word_1_177' title='bbox 3028 1033 3216 1105; x_wconf 74' lang='grc' dir='ltr'>μήτηρ</span> <span class='ocrx_word' id='word_1_178' title='bbox 3283 1029 3449 1086; x_wconf 80' lang='grc' dir='ltr'>αὐτοῦ</span> <span class='ocrx_word' id='word_1_179' title='bbox 3508 1030 3562 1085; x_wconf 76' lang='grc' dir='ltr'>ὲν</span> <span class='ocrx_word' id='word_1_180' title='bbox 3591 1030 3776 1105; x_wconf 76' lang='grc' dir='ltr'>ἡμέρᾳ</span> 
     </span>
    </p>
   </div>
   <div class='ocr_carea' id='block_1_26' title="bbox 2110 1118 3776 1195">
    <p class='ocr_par' dir='ltr' id='par_1_26' title="bbox 2110 1118 3776 1195">
     <span class='ocr_line' id='line_1_26' title="bbox 2110 1118 3776 1195; baseline 0.002 -23"><span class='ocrx_word' id='word_1_181' title='bbox 2110 1120 2463 1195; x_wconf 73' lang='grc' dir='ltr'>νυμφεύσεως</span> <span class='ocrx_word' id='word_1_182' title='bbox 2509 1119 2696 1176; x_wconf 77' lang='grc' dir='ltr'>αὐτοῦ.</span> <span class='ocrx_word' id='word_1_183' title='bbox 2735 1121 2958 1195; x_wconf 75' lang='grc' dir='ltr'>Μητέρα</span> <span class='ocrx_word' id='word_1_184' title='bbox 3017 1121 3112 1192; x_wconf 71' lang='grc' dir='ltr'>μὲν</span> <span class='ocrx_word' id='word_1_185' title='bbox 3178 1118 3344 1175; x_wconf 71' lang='grc' dir='ltr'>αἱ)τοῦ</span> <span class='ocrx_word' id='word_1_186' title='bbox 3411 1120 3547 1175; x_wconf 81' lang='grc' dir='ltr'>κατᾶ</span> <span class='ocrx_word' id='word_1_187' title='bbox 3606 1119 3776 1194; x_wconf 82' lang='grc' dir='ltr'>σάρκα</span> 
     </span>
    </p>
   </div>
   <div class='ocr_carea' id='block_1_27' title="bbox 2113 1205 3777 1286">
    <p class='ocr_par' dir='ltr' id='par_1_27' title="bbox 2113 1205 3777 1286">
     <span class='ocr_line' id='line_1_27' title="bbox 2113 1205 3777 1286; baseline -0.001 -23"><span class='ocrx_word' id='word_1_188' title='bbox 2113 1205 2262 1283; x_wconf 70' lang='grc' dir='ltr'>λέγει</span> <span class='ocrx_word' id='word_1_189' title='bbox 2303 1211 2416 1283; x_wconf 78' lang='grc'>(49)</span> <span class='ocrx_word' id='word_1_190' title='bbox 2445 1209 2546 1277; x_wconf 70' lang='grc' dir='ltr'>τὴν</span> <span class='ocrx_word' id='word_1_191' title='bbox 2574 1213 2683 1264; x_wconf 82' lang='grc' dir='ltr'>τῶν</span> <span class='ocrx_word' id='word_1_192' title='bbox 2733 1207 3010 1265; x_wconf 76' lang='grc' dir='ltr'>Ἰουδαίων</span> <span class='ocrx_word' id='word_1_193' title='bbox 3068 1210 3419 1286; x_wconf 81' lang='grc' dir='ltr'>συναγωγήν.</span> <span class='ocrx_word' id='word_1_194' title='bbox 3483 1209 3623 1283; x_wconf 81' lang='grc' dir='ltr'>Σάρξ</span> <span class='ocrx_word' id='word_1_195' title='bbox 3670 1228 3777 1282; x_wconf 88' lang='grc' dir='ltr'>μου</span> 
     </span>
    </p>
   </div>
   <div class='ocr_carea' id='block_1_28' title="bbox 2112 1294 3774 1373">
    <p class='ocr_par' dir='ltr' id='par_1_28' title="bbox 2112 1294 3774 1373">
     <span class='ocr_line' id='line_1_28' title="bbox 2112 1294 3774 1373; baseline 0 -23"><span class='ocrx_word' id='word_1_196' title='bbox 2112 1297 2217 1373; x_wconf 76' lang='grc' dir='ltr'>γάρ</span> <span class='ocrx_word' id='word_1_197' title='bbox 2271 1317 2436 1373; x_wconf 78' lang='grc' dir='ltr'>φησιν</span> <span class='ocrx_word' id='word_1_198' title='bbox 2495 1296 2545 1353; x_wconf 83' lang='grc' dir='ltr'>ἐν</span> <span class='ocrx_word' id='word_1_199' title='bbox 2594 1297 2795 1353; x_wconf 79' lang='grc' dir='ltr'>αὐτῶν.</span> <span class='ocrx_word' id='word_1_200' title='bbox 2851 1296 3063 1371; x_wconf 78' lang='grc' dir='ltr'>Ἧμὲρα</span> <span class='ocrx_word' id='word_1_201' title='bbox 3115 1294 3176 1352; x_wconf 74' lang='grc' dir='ltr'>δὲ</span> <span class='ocrx_word' id='word_1_202' title='bbox 3217 1296 3567 1373; x_wconf 80' lang='grc' dir='ltr'>νυμφεύσεως</span> <span class='ocrx_word' id='word_1_203' title='bbox 3610 1295 3774 1352; x_wconf 78' lang='grc' dir='ltr'>αὐτοῦ</span> 
     </span>
    </p>
   </div>
   <div class='ocr_carea' id='block_1_29' title="bbox 2111 1383 3774 1464">
    <p class='ocr_par' dir='ltr' id='par_1_29' title="bbox 2111 1383 3774 1464">
     <span class='ocr_line' id='line_1_29' title="bbox 2111 1383 3774 1464; baseline 0 -23"><span class='ocrx_word' id='word_1_204' title='bbox 2111 1386 2233 1450; x_wconf 88' lang='grc' dir='ltr'>καθ’</span> <span class='ocrx_word' id='word_1_205' title='bbox 2262 1384 2331 1455; x_wconf 72' lang='grc' dir='ltr'>ἢν</span> <span class='ocrx_word' id='word_1_206' title='bbox 2360 1387 2458 1455; x_wconf 75' lang='grc' dir='ltr'>τήν</span> <span class='ocrx_word' id='word_1_207' title='bbox 2491 1386 2541 1457; x_wconf 73' lang='grc' dir='ltr'>ἐξ</span> <span class='ocrx_word' id='word_1_208' title='bbox 2583 1384 2749 1442; x_wconf 80' lang='grc' dir='ltr'>ἐθνῶν</span> <span class='ocrx_word' id='word_1_209' title='bbox 2810 1386 3181 1464; x_wconf 76' lang='grc' dir='ltr'>ἐνυμφεύσατο</span> <span class='ocrx_word' id='word_1_210' title='bbox 3241 1386 3591 1457; x_wconf 82' lang='grc' dir='ltr'>Ἐκκλησίαν.</span> <span class='ocrx_word' id='word_1_211' title='bbox 3624 1386 3688 1443; x_wconf 88' lang='grc' dir='ltr'>Ἡ</span> <span class='ocrx_word' id='word_1_212' title='bbox 3716 1383 3774 1441; x_wconf 73' lang='grc' dir='ltr'>δὲ</span> 
     </span>
    </p>
   </div>
   <div class='ocr_carea' id='block_1_30' title="bbox 2118 1472 3773 1555">
    <p class='ocr_par' dir='ltr' id='par_1_30' title="bbox 2118 1472 3773 1555">
     <span class='ocr_line' id='line_1_30' title="bbox 2118 1472 3773 1555; baseline -0.001 -25"><span class='ocrx_word' id='word_1_213' title='bbox 2118 1476 2469 1552; x_wconf 76' lang='grc' dir='ltr'>ματαιόφρων</span> <span class='ocrx_word' id='word_1_214' title='bbox 2518 1474 2693 1546; x_wconf 78' lang='grc' dir='ltr'>ἐκείνη</span> <span class='ocrx_word' id='word_1_215' title='bbox 2757 1477 3052 1551; x_wconf 88' lang='grc' dir='ltr'>συναγωγή</span> <span class='ocrx_word' id='word_1_216' title='bbox 3113 1475 3367 1555; x_wconf 66' lang='grc' dir='ltr'>στέφανον</span> <span class='ocrx_word' id='word_1_217' title='bbox 3421 1472 3472 1548; x_wconf 71' lang='grc' dir='ltr'>ἐξ</span> <span class='ocrx_word' id='word_1_218' title='bbox 3527 1475 3773 1538; x_wconf 78' lang='grc' dir='ltr'>ἀκανθῶν</span> 
     </span>
    </p>
   </div>
   <div class='ocr_carea' id='block_1_31' title="bbox 2113 1563 3776 1644">
    <p class='ocr_par' dir='ltr' id='par_1_31' title="bbox 2113 1563 3776 1644">
     <span class='ocr_line' id='line_1_31' title="bbox 2113 1563 3776 1644; baseline 0 -25"><span class='ocrx_word' id='word_1_219' title='bbox 2113 1563 2198 1622; x_wconf 75' lang='grc' dir='ltr'>ἐπὶ</span> <span class='ocrx_word' id='word_1_220' title='bbox 2232 1569 2333 1637; x_wconf 73' lang='grc' dir='ltr'>τὴν</span> <span class='ocrx_word' id='word_1_221' title='bbox 2361 1569 2606 1644; x_wconf 58' lang='grc' dir='ltr'>κείραλεὴν</span> <span class='ocrx_word' id='word_1_222' title='bbox 2636 1568 2802 1622; x_wconf 81' lang='grc' dir='ltr'>αὖτοῦ</span> <span class='ocrx_word' id='word_1_223' title='bbox 2852 1569 3003 1622; x_wconf 80' lang='grc' dir='ltr'>Θεῖσα</span> <span class='ocrx_word' id='word_1_224' title='bbox 3033 1566 3381 1641; x_wconf 74' lang='grc' dir='ltr'>ἐμπαίζουσα</span> <span class='ocrx_word' id='word_1_225' title='bbox 3424 1565 3570 1639; x_wconf 82' lang='grc' dir='ltr'>αὐτῷ</span> <span class='ocrx_word' id='word_1_226' title='bbox 3603 1565 3776 1642; x_wconf 78' lang='grc' dir='ltr'>ἔλεγε,</span> 
     </span>
    </p>
   </div>
   <div class='ocr_carea' id='block_1_32' title="bbox 2114 1653 3777 1732">
    <p class='ocr_par' dir='ltr' id='par_1_32' title="bbox 2114 1653 3777 1732">
     <span class='ocr_line' id='line_1_32' title="bbox 2114 1653 3777 1732; baseline -0.001 -20"><span class='ocrx_word' id='word_1_227' title='bbox 2114 1657 2301 1731; x_wconf 82' lang='grc' dir='ltr'>Χαῖρε,</span> <span class='ocrx_word' id='word_1_228' title='bbox 2337 1658 2363 1711; x_wconf 89' lang='lat'>6</span> <span class='ocrx_word' id='word_1_229' title='bbox 2399 1656 2656 1732; x_wconf 80' lang='grc' dir='ltr'>βασιλεὺς</span> <span class='ocrx_word' id='word_1_230' title='bbox 2694 1661 2804 1712; x_wconf 82' lang='grc' dir='ltr'>τῶν</span> <span class='ocrx_word' id='word_1_231' title='bbox 2864 1653 3165 1715; x_wconf 87' lang='grc' dir='ltr'>Ἰουδαίων.</span> <span class='ocrx_word' id='word_1_232' title='bbox 3229 1656 3370 1730; x_wconf 87' lang='grc' dir='ltr'>Πρὸς</span> <span class='ocrx_word' id='word_1_233' title='bbox 3420 1656 3516 1718; x_wconf 71' lang='grc' dir='ltr'>οὕς</span> <span class='ocrx_word' id='word_1_234' title='bbox 3547 1655 3777 1711; x_wconf 80' lang='grc' dir='ltr'>ἀποτει-</span> 
     </span>
    </p>
   </div>
   <div class='ocr_carea' id='block_1_33' title="bbox 2110 1740 3772 1819">
    <p class='ocr_par' dir='ltr' id='par_1_33' title="bbox 2110 1740 3772 1819">
     <span class='ocr_line' id='line_1_33' title="bbox 2110 1740 3772 1819; baseline 0.001 -20"><span class='ocrx_word' id='word_1_235' title='bbox 2110 1747 2336 1819; x_wconf 84' lang='grc' dir='ltr'>νόμενος</span> <span class='ocrx_word' id='word_1_236' title='bbox 2398 1744 2617 1810; x_wconf 79' lang='grc' dir='ltr'>Ἡσαΐας</span> <span class='ocrx_word' id='word_1_237' title='bbox 2700 1746 3243 1818; x_wconf 71' lang='grc' dir='ltr'>ἑπιπληκτικώτερον</span> <span class='ocrx_word' id='word_1_238' title='bbox 3317 1740 3443 1816; x_wconf 75' lang='grc' dir='ltr'><strong>ἔφη·</strong></span> <span class='ocrx_word' id='word_1_239' title='bbox 3506 1747 3594 1802; x_wconf 87' lang='lat' dir='ltr'>’Ev</span> <span class='ocrx_word' id='word_1_240' title='bbox 3665 1744 3772 1801; x_wconf 87' lang='grc' dir='ltr'>τίνι</span> 
     </span>
    </p>
   </div>
   <div class='ocr_carea' id='block_1_34' title="bbox 347 1832 2006 1915">
    <p class='ocr_par' dir='ltr' id='par_1_34' title="bbox 347 1832 2001 1913">
     <span class='ocr_line' id='line_1_34' title="bbox 347 1832 2001 1913; baseline -0.007 -16"><span class='ocrx_word' id='word_1_241' title='bbox 347 1842 413 1897; x_wconf 83' lang='grc' dir='ltr'>1ἰὶ</span> <span class='ocrx_word' id='word_1_242' title='bbox 438 1841 652 1913; x_wconf 89' lang='lat' dir='ltr'>perditi</span> <span class='ocrx_word' id='word_1_243' title='bbox 676 1856 744 1895; x_wconf 89' lang='lat' dir='ltr'>ac</span> <span class='ocrx_word' id='word_1_244' title='bbox 773 1856 979 1895; x_wconf 90' lang='lat' dir='ltr'>semen</span> <span class='ocrx_word' id='word_1_245' title='bbox 1028 1838 1339 1910; x_wconf 88' lang='lat' dir='ltr'>injustum,</span> <span class='ocrx_word' id='word_1_246' title='bbox 1373 1836 1612 1891; x_wconf 88' lang='lat' dir='ltr'>cuinam</span> <span class='ocrx_word' id='word_1_247' title='bbox 1666 1851 1773 1907; x_wconf 91' lang='lat' dir='ltr'>per</span> <span class='ocrx_word' id='word_1_248' title='bbox 1801 1832 2001 1888; x_wconf 91' lang='lat' dir='ltr'>libidi-</span> 
     </span>
    </p>
   </div>
   <div class='ocr_carea' id='block_1_35' title="bbox 2112 1832 3774 1915">
    <p class='ocr_par' dir='ltr' id='par_1_35' title="bbox 2114 1832 3774 1914">
     <span class='ocr_line' id='line_1_35' title="bbox 2114 1832 3774 1914; baseline 0.001 -25"><span class='ocrx_word' id='word_1_249' title='bbox 2114 1834 2509 1914; x_wconf 65' lang='grc' dir='ltr'>ἐνετρυφήσατε</span> <span class='ocrx_word' id='word_1_250' title='bbox 2546 1854 2559 1904; x_wconf 92' lang='grc'><strong>;</strong></span> <span class='ocrx_word' id='word_1_251' title='bbox 2593 1837 2696 1892; x_wconf 84' lang='grc' dir='ltr'>Καὶ</span> <span class='ocrx_word' id='word_1_252' title='bbox 2734 1835 2822 1891; x_wconf 79' lang='grc' dir='ltr'>ἐπὶ</span> <span class='ocrx_word' id='word_1_253' title='bbox 2882 1837 2988 1891; x_wconf 84' lang='grc' dir='ltr'>τίνι</span> <span class='ocrx_word' id='word_1_254' title='bbox 3034 1833 3348 1910; x_wconf 84' lang='grc' dir='ltr'>ἐχαλάσατε</span> <span class='ocrx_word' id='word_1_255' title='bbox 3397 1836 3497 1903; x_wconf 80' lang='grc' dir='ltr'>τήν</span> <span class='ocrx_word' id='word_1_256' title='bbox 3527 1832 3774 1911; x_wconf 78' lang='grc' dir='ltr'>γλῶτταν</span> 
     </span>
    </p>
   </div>
   <div class='ocr_carea' id='block_1_36' title="bbox 348 1924 2004 1996">
    <p class='ocr_par' dir='ltr' id='par_1_36' title="bbox 348 1924 2004 1996">
     <span class='ocr_line' id='line_1_36' title="bbox 348 1924 2004 1996; baseline -0.007 -11"><span class='ocrx_word' id='word_1_257' title='bbox 348 1947 487 1986; x_wconf 90' lang='lat' dir='ltr'>nem</span> <span class='ocrx_word' id='word_1_258' title='bbox 510 1930 797 1996; x_wconf 87' lang='lat' dir='ltr'>illusistis,</span> <span class='ocrx_word' id='word_1_259' title='bbox 824 1945 891 1984; x_wconf 90' lang='lat' dir='ltr'>ac</span> <span class='ocrx_word' id='word_1_260' title='bbox 914 1933 1121 1983; x_wconf 90' lang='lat' dir='ltr'>contra</span> <span class='ocrx_word' id='word_1_261' title='bbox 1153 1942 1330 1996; x_wconf 89' lang='lat' dir='ltr'>quem</span> <span class='ocrx_word' id='word_1_262' title='bbox 1352 1926 1520 1980; x_wconf 78' lang='lat' dir='ltr'>frena</span> <span class='ocrx_word' id='word_1_263' title='bbox 1540 1924 1757 1996; x_wconf 62' lang='lat' dir='ltr'>linguai</span> <span class='ocrx_word' id='word_1_264' title='bbox 1798 1927 2004 1977; x_wconf 68' lang='lat' dir='ltr'>vestrm</span> 
     </span>
    </p>
   </div>
   <div class='ocr_carea' id='block_1_37' title="bbox 347 2012 2006 2088">
    <p class='ocr_par' dir='ltr' id='par_1_37' title="bbox 347 2012 2006 2088">
     <span class='ocr_line' id='line_1_37' title="bbox 347 2012 2006 2088; baseline -0.007 -13"><span class='ocrx_word' id='word_1_265' title='bbox 347 2019 615 2075; x_wconf 87' lang='lat' dir='ltr'>laxavisti</span> <span class='ocrx_word' id='word_1_266' title='bbox 627 2034 652 2073; x_wconf 91' lang='lat' dir='ltr'>s</span> <span class='ocrx_word' id='word_1_267' title='bbox 667 2017 716 2052; x_wconf 81' lang='grc' dir='ltr'>³ο</span> <span class='ocrx_word' id='word_1_268' title='bbox 731 2018 758 2071; x_wconf 69' lang='grc' dir='ltr'>⁸ἒ</span> <span class='ocrx_word' id='word_1_269' title='bbox 780 2022 969 2088; x_wconf 84' lang='lat' dir='ltr'>Atque</span> <span class='ocrx_word' id='word_1_270' title='bbox 984 2017 1111 2087; x_wconf 91' lang='lat' dir='ltr'>ipse</span> <span class='ocrx_word' id='word_1_271' title='bbox 1127 2015 1306 2070; x_wconf 89' lang='lat' dir='ltr'>etiam</span> <span class='ocrx_word' id='word_1_272' title='bbox 1322 2014 1611 2069; x_wconf 87' lang='lat' dir='ltr'>Dominus</span> <span class='ocrx_word' id='word_1_273' title='bbox 1624 2012 1781 2084; x_wconf 90' lang='lat' dir='ltr'>apud</span> <span class='ocrx_word' id='word_1_274' title='bbox 1792 2012 2006 2067; x_wconf 90' lang='lat' dir='ltr'>Oseam</span> 
     </span>
    </p>
   </div>
   <div class='ocr_carea' id='block_1_38' title="bbox 350 2103 2006 2180">
    <p class='ocr_par' dir='ltr' id='par_1_38' title="bbox 350 2103 2006 2180">
     <span class='ocr_line' id='line_1_38' title="bbox 350 2103 2006 2180; baseline -0.007 -15"><span class='ocrx_word' id='word_1_275' title='bbox 350 2126 453 2166; x_wconf 89' lang='lat' dir='ltr'>eos</span> <span class='ocrx_word' id='word_1_276' title='bbox 477 2108 747 2180; x_wconf 82' lang='lat' dir='ltr'>deplorat</span> <span class='ocrx_word' id='word_1_277' title='bbox 767 2106 1146 2177; x_wconf 88' lang='lat' dir='ltr'>itainquiens</span> <span class='ocrx_word' id='word_1_278' title='bbox 1171 2121 1184 2159; x_wconf 90' lang='lat'><strong>:</strong></span> <span class='ocrx_word' id='word_1_279' title='bbox 1213 2106 1308 2159; x_wconf 72' lang='grc' dir='ltr'>νω</span> <span class='ocrx_word' id='word_1_280' title='bbox 1341 2103 1506 2175; x_wconf 87' lang='lat' dir='ltr'>ipsis,</span> <span class='ocrx_word' id='word_1_281' title='bbox 1531 2103 1812 2173; x_wconf 88' lang='lat' dir='ltr'>quoniam</span> <span class='ocrx_word' id='word_1_282' title='bbox 1846 2117 1881 2155; x_wconf 90' lang='lat' dir='ltr'>a</span> <span class='ocrx_word' id='word_1_283' title='bbox 1912 2116 2006 2154; x_wconf 91' lang='lat' dir='ltr'>me</span> 
     </span>
    </p>
   </div>
   <div class='ocr_carea' id='block_1_39' title="bbox 348 2189 2045 2264">
    <p class='ocr_par' dir='ltr' id='par_1_39' title="bbox 348 2189 2045 2264">
     <span class='ocr_line' id='line_1_39' title="bbox 348 2189 2045 2264; baseline -0.004 -12"><span class='ocrx_word' id='word_1_284' title='bbox 348 2199 732 2253; x_wconf 85' lang='lat' dir='ltr'>resiluerunt.</span> <span class='ocrx_word' id='word_1_285' title='bbox 776 2196 968 2250; x_wconf 88' lang='lat' dir='ltr'>Miseri</span> <span class='ocrx_word' id='word_1_286' title='bbox 1005 2199 1164 2260; x_wconf 89' lang='lat' dir='ltr'>sunt,</span> <span class='ocrx_word' id='word_1_287' title='bbox 1193 2193 1334 2264; x_wconf 87' lang='lat' dir='ltr'>quia</span> <span class='ocrx_word' id='word_1_288' title='bbox 1362 2192 1676 2248; x_wconf 88' lang='lat' dir='ltr'>adversum</span> <span class='ocrx_word' id='word_1_289' title='bbox 1708 2207 1802 2246; x_wconf 92' lang='lat' dir='ltr'>me</span> <span class='ocrx_word' id='word_1_290' title='bbox 1824 2189 2007 2261; x_wconf 85' lang='lat' dir='ltr'>impie</span> <span class='ocrx_word' id='word_1_291' title='bbox 2040 2234 2045 2237; x_wconf 90' lang='lat'>.</span> 
     </span>
    </p>
   </div>
   <div class='ocr_carea' id='block_1_40' title="bbox 350 2279 2009 2360">
    <p class='ocr_par' dir='ltr' id='par_1_40' title="bbox 350 2279 2009 2360">
     <span class='ocr_line' id='line_1_40' title="bbox 350 2279 2009 2360; baseline -0.007 -17"><span class='ocrx_word' id='word_1_292' title='bbox 350 2292 599 2360; x_wconf 77' lang='lat' dir='ltr'>egerunt</span> <span class='ocrx_word' id='word_1_293' title='bbox 630 2286 907 2355; x_wconf 89' lang='lat' dir='ltr'>malaque</span> <span class='ocrx_word' id='word_1_294' title='bbox 938 2285 1000 2338; x_wconf 90' lang='lat' dir='ltr'>in</span> <span class='ocrx_word' id='word_1_295' title='bbox 1048 2298 1144 2337; x_wconf 90' lang='lat' dir='ltr'>me</span> <span class='ocrx_word' id='word_1_296' title='bbox 1175 2281 1426 2337; x_wconf 89' lang='lat' dir='ltr'>consilia</span> <span class='ocrx_word' id='word_1_297' title='bbox 1474 2281 1775 2343; x_wconf 89' lang='lat' dir='ltr'>inierunt;</span> <span class='ocrx_word' id='word_1_298' title='bbox 1808 2279 2009 2348; x_wconf 89' lang='lat' dir='ltr'>itaque</span> 
     </span>
    </p>
   </div>
   <div class='ocr_carea' id='block_1_41' title="bbox 348 2368 2005 2445">
    <p class='ocr_par' dir='ltr' id='par_1_41' title="bbox 348 2368 2005 2445">
     <span class='ocr_line' id='line_1_41' title="bbox 348 2368 2005 2445; baseline -0.007 -13"><span class='ocrx_word' id='word_1_299' title='bbox 348 2376 609 2432; x_wconf 90' lang='lat' dir='ltr'>Israelus</span> <span class='ocrx_word' id='word_1_300' title='bbox 644 2374 957 2445; x_wconf 91' lang='lat' dir='ltr'>absorptus</span> <span class='ocrx_word' id='word_1_301' title='bbox 989 2378 1080 2427; x_wconf 91' lang='lat' dir='ltr'>est</span> <span class='ocrx_word' id='word_1_302' title='bbox 1107 2377 1284 2442; x_wconf 87' lang='lat' dir='ltr'>atque</span> <span class='ocrx_word' id='word_1_303' title='bbox 1316 2370 1390 2425; x_wconf 87' lang='lat' dir='ltr'>ad</span> <span class='ocrx_word' id='word_1_304' title='bbox 1423 2369 1677 2424; x_wconf 87' lang='lat' dir='ltr'>nihilum</span> <span class='ocrx_word' id='word_1_305' title='bbox 1708 2368 2005 2432; x_wconf 87' lang='lat' dir='ltr'>redactus,</span> 
     </span>
    </p>
   </div>
   <div class='ocr_carea' id='block_1_42' title="bbox 351 2456 2012 2535">
    <p class='ocr_par' dir='ltr' id='par_1_42' title="bbox 351 2456 2012 2535">
     <span class='ocr_line' id='line_1_42' title="bbox 351 2456 2012 2535; baseline -0.006 -15"><span class='ocrx_word' id='word_1_306' title='bbox 351 2466 661 2535; x_wconf 86' lang='lat' dir='ltr'>factusque</span> <span class='ocrx_word' id='word_1_307' title='bbox 695 2464 852 2518; x_wconf 89' lang='lat' dir='ltr'>inter</span> <span class='ocrx_word' id='word_1_308' title='bbox 873 2468 1078 2535; x_wconf 79' lang='lat' dir='ltr'>gentes</span> <span class='ocrx_word' id='word_1_309' title='bbox 1116 2461 1305 2515; x_wconf 86' lang='lat' dir='ltr'>instar</span> <span class='ocrx_word' id='word_1_310' title='bbox 1333 2459 1487 2514; x_wconf 81' lang='lat' dir='ltr'>vasis</span> <span class='ocrx_word' id='word_1_311' title='bbox 1517 2458 1732 2529; x_wconf 87' lang='lat' dir='ltr'>perditi</span> <span class='ocrx_word' id='word_1_312' title='bbox 1762 2456 1833 2511; x_wconf 67' lang='grc' dir='ltr'>δι.</span> <span class='ocrx_word' id='word_1_313' title='bbox 1868 2459 2012 2512; x_wconf 81' lang='lat' dir='ltr'>Rur-</span> 
     </span>
    </p>
   </div>
   <div class='ocr_carea' id='block_1_43' title="bbox 355 2545 2011 2625">
    <p class='ocr_par' dir='ltr' id='par_1_43' title="bbox 355 2545 2011 2625">
     <span class='ocr_line' id='line_1_43' title="bbox 355 2545 2011 2625; baseline -0.007 -15"><span class='ocrx_word' id='word_1_314' title='bbox 355 2572 457 2610; x_wconf 90' lang='lat' dir='ltr'>sus</span> <span class='ocrx_word' id='word_1_315' title='bbox 482 2571 589 2625; x_wconf 89' lang='lat' dir='ltr'>per</span> <span class='ocrx_word' id='word_1_316' title='bbox 615 2552 933 2607; x_wconf 83' lang='lat' dir='ltr'>Jeremiam</span> <span class='ocrx_word' id='word_1_317' title='bbox 960 2552 1114 2605; x_wconf 91' lang='lat' dir='ltr'>Deus</span> <span class='ocrx_word' id='word_1_318' title='bbox 1145 2549 1309 2605; x_wconf 86' lang='lat' dir='ltr'>dicit.</span> <span class='ocrx_word' id='word_1_319' title='bbox 1332 2547 1652 2619; x_wconf 76' lang='lat' dir='ltr'>Castigabit</span> <span class='ocrx_word' id='word_1_320' title='bbox 1682 2552 1738 2601; x_wconf 94' lang='lat' dir='ltr'>te</span> <span class='ocrx_word' id='word_1_321' title='bbox 1775 2551 1876 2600; x_wconf 88' lang='lat' dir='ltr'>tua</span> <span class='ocrx_word' id='word_1_322' title='bbox 1905 2545 2011 2599; x_wconf 83' lang='lat' dir='ltr'>de-</span> 
     </span>
    </p>
   </div>
   <div class='ocr_carea' id='block_1_44' title="bbox 353 2638 2008 2709">
    <p class='ocr_par' dir='ltr' id='par_1_44' title="bbox 353 2638 2008 2709">
     <span class='ocr_line' id='line_1_44' title="bbox 353 2638 2008 2709; baseline -0.007 -10"><span class='ocrx_word' id='word_1_323' title='bbox 353 2644 551 2709; x_wconf 80' lang='lat' dir='ltr'>fectio,</span> <span class='ocrx_word' id='word_1_324' title='bbox 585 2648 645 2697; x_wconf 91' lang='lat' dir='ltr'>et</span> <span class='ocrx_word' id='word_1_325' title='bbox 673 2641 906 2697; x_wconf 88' lang='lat' dir='ltr'>malitia</span> <span class='ocrx_word' id='word_1_326' title='bbox 954 2646 1058 2695; x_wconf 90' lang='lat' dir='ltr'>tua</span> <span class='ocrx_word' id='word_1_327' title='bbox 1089 2645 1145 2693; x_wconf 91' lang='lat' dir='ltr'>te</span> <span class='ocrx_word' id='word_1_328' title='bbox 1198 2638 1542 2705; x_wconf 89' lang='lat' dir='ltr'>convincet;</span> <span class='ocrx_word' id='word_1_329' title='bbox 1571 2650 2008 2709; x_wconf 82' lang='lat' dir='ltr'>cognoscesque</span> 
     </span>
    </p>
   </div>
   <div class='ocr_carea' id='block_1_45' title="bbox 351 2724 2008 2798">
    <p class='ocr_par' dir='ltr' id='par_1_45' title="bbox 351 2724 2008 2798">
     <span class='ocr_line' id='line_1_45' title="bbox 351 2724 2008 2798; baseline -0.007 -10"><span class='ocrx_word' id='word_1_330' title='bbox 351 2732 631 2789; x_wconf 90' lang='lat' dir='ltr'>acerbum</span> <span class='ocrx_word' id='word_1_331' title='bbox 664 2730 769 2786; x_wconf 91' lang='lat' dir='ltr'>tibi</span> <span class='ocrx_word' id='word_1_332' title='bbox 794 2746 924 2785; x_wconf 90' lang='lat' dir='ltr'>esse</span> <span class='ocrx_word' id='word_1_333' title='bbox 949 2728 1107 2798; x_wconf 87' lang='lat' dir='ltr'>quod</span> <span class='ocrx_word' id='word_1_334' title='bbox 1128 2743 1225 2783; x_wconf 92' lang='lat' dir='ltr'>me</span> <span class='ocrx_word' id='word_1_335' title='bbox 1255 2726 1571 2783; x_wconf 89' lang='lat' dir='ltr'>deseruisti</span> <span class='ocrx_word' id='word_1_336' title='bbox 1600 2724 1668 2782; x_wconf 67' lang='grc'>³³.</span> <span class='ocrx_word' id='word_1_337' title='bbox 1698 2728 1772 2780; x_wconf 83' lang='lat' dir='ltr'>At</span> <span class='ocrx_word' id='word_1_338' title='bbox 1800 2724 2008 2779; x_wconf 89' lang='lat' dir='ltr'>beatus</span> 
     </span>
    </p>
   </div>
   <div class='ocr_carea' id='block_1_46' title="bbox 352 2812 2011 2888">
    <p class='ocr_par' dir='ltr' id='par_1_46' title="bbox 352 2812 2011 2888">
     <span class='ocr_line' id='line_1_46' title="bbox 352 2812 2011 2888; baseline -0.007 -10"><span class='ocrx_word' id='word_1_339' title='bbox 352 2821 608 2878; x_wconf 86' lang='lat' dir='ltr'>Davidus</span> <span class='ocrx_word' id='word_1_340' title='bbox 638 2819 929 2875; x_wconf 87' lang='lat' dir='ltr'>acerrimo</span> <span class='ocrx_word' id='word_1_341' title='bbox 983 2817 1192 2873; x_wconf 90' lang='lat' dir='ltr'>dolore</span> <span class='ocrx_word' id='word_1_342' title='bbox 1231 2820 1624 2888; x_wconf 89' lang='lat' dir='ltr'>compunctus</span> <span class='ocrx_word' id='word_1_343' title='bbox 1672 2814 1733 2869; x_wconf 92' lang='lat' dir='ltr'>in</span> <span class='ocrx_word' id='word_1_344' title='bbox 1784 2830 1884 2869; x_wconf 86' lang='lat' dir='ltr'>vos</span> <span class='ocrx_word' id='word_1_345' title='bbox 1925 2812 2011 2868; x_wconf 92' lang='lat' dir='ltr'>ita</span> 
     </span>
    </p>
   </div>
   <div class='ocr_carea' id='block_1_47' title="bbox 351 2901 2006 2979">
    <p class='ocr_par' dir='ltr' id='par_1_47' title="bbox 351 2901 2006 2979">
     <span class='ocr_line' id='line_1_47' title="bbox 351 2901 2006 2979; baseline -0.007 -12"><span class='ocrx_word' id='word_1_346' title='bbox 351 2916 696 2966; x_wconf 86' lang='lat' dir='ltr'>exsecratur</span> <span class='ocrx_word' id='word_1_347' title='bbox 723 2908 797 2964; x_wconf 90' lang='lat' dir='ltr'>ob</span> <span class='ocrx_word' id='word_1_348' title='bbox 843 2907 1180 2979; x_wconf 88' lang='lat' dir='ltr'>petulanter</span> <span class='ocrx_word' id='word_1_349' title='bbox 1217 2922 1252 2961; x_wconf 95' lang='lat' dir='ltr'>a</span> <span class='ocrx_word' id='word_1_350' title='bbox 1289 2905 1455 2960; x_wconf 83' lang='lat' dir='ltr'>vobis</span> <span class='ocrx_word' id='word_1_351' title='bbox 1504 2909 1777 2960; x_wconf 85' lang='lat' dir='ltr'>vexatum</span> <span class='ocrx_word' id='word_1_352' title='bbox 1808 2901 2006 2958; x_wconf 87' lang='lat' dir='ltr'>Domi-</span> 
     </span>
    </p>
   </div>
   <div class='ocr_carea' id='block_1_48' title="bbox 353 2993 2010 3061">
    <p class='ocr_par' dir='ltr' id='par_1_48' title="bbox 353 2993 2010 3061">
     <span class='ocr_line' id='line_1_48' title="bbox 353 2993 2010 3061; baseline -0.007 -5"><span class='ocrx_word' id='word_1_353' title='bbox 353 3017 520 3056; x_wconf 91' lang='lat' dir='ltr'>num.</span> <span class='ocrx_word' id='word_1_354' title='bbox 554 2998 1033 3055; x_wconf 90' lang='lat' dir='ltr'>Obtenebrentur</span> <span class='ocrx_word' id='word_1_355' title='bbox 1077 2995 1232 3051; x_wconf 90' lang='lat' dir='ltr'>oculi</span> <span class='ocrx_word' id='word_1_356' title='bbox 1266 3010 1493 3061; x_wconf 91' lang='lat' dir='ltr'>eorum,</span> <span class='ocrx_word' id='word_1_357' title='bbox 1526 3010 1601 3048; x_wconf 92' lang='lat' dir='ltr'>ne</span> <span class='ocrx_word' id='word_1_358' title='bbox 1642 2993 1909 3060; x_wconf 88' lang='lat' dir='ltr'>videant;</span> <span class='ocrx_word' id='word_1_359' title='bbox 1941 3007 2010 3045; x_wconf 88' lang='lat' dir='ltr'>ac</span> 
     </span>
    </p>
   </div>
   <div class='ocr_carea' id='block_1_49' title="bbox 356 3082 2010 3162">
    <p class='ocr_par' dir='ltr' id='par_1_49' title="bbox 356 3082 2010 3162">
     <span class='ocr_line' id='line_1_49' title="bbox 356 3082 2010 3162; baseline -0.006 -17"><span class='ocrx_word' id='word_1_360' title='bbox 356 3096 587 3162; x_wconf 85' lang='lat' dir='ltr'>tergum</span> <span class='ocrx_word' id='word_1_361' title='bbox 613 3105 820 3144; x_wconf 88' lang='lat' dir='ltr'>eorum</span> <span class='ocrx_word' id='word_1_362' title='bbox 851 3102 1277 3159; x_wconf 87' lang='lat' dir='ltr'>usquequaque</span> <span class='ocrx_word' id='word_1_363' title='bbox 1308 3101 1502 3140; x_wconf 88' lang='lat' dir='ltr'>curva.</span> <span class='ocrx_word' id='word_1_364' title='bbox 1536 3084 1784 3139; x_wconf 77' lang='lat' dir='ltr'>Effunde</span> <span class='ocrx_word' id='word_1_365' title='bbox 1815 3082 1876 3137; x_wconf 90' lang='lat' dir='ltr'>in</span> <span class='ocrx_word' id='word_1_366' title='bbox 1907 3097 2010 3136; x_wconf 88' lang='lat' dir='ltr'>eos</span> 
     </span>
    </p>
   </div>
   <div class='ocr_carea' id='block_1_50' title="bbox 356 3172 2009 3243">
    <p class='ocr_par' dir='ltr' id='par_1_50' title="bbox 356 3172 2009 3243">
     <span class='ocr_line' id='line_1_50' title="bbox 356 3172 2009 3243; baseline -0.006 -9"><span class='ocrx_word' id='word_1_367' title='bbox 356 3180 505 3234; x_wconf 86' lang='lat' dir='ltr'>iram</span> <span class='ocrx_word' id='word_1_368' title='bbox 541 3185 700 3233; x_wconf 88' lang='lat' dir='ltr'>tuam</span> <span class='ocrx_word' id='word_1_369' title='bbox 743 3176 809 3243; x_wconf 80' lang='grc'>³³,</span> <span class='ocrx_word' id='word_1_370' title='bbox 843 3182 899 3231; x_wconf 86' lang='lat' dir='ltr'>et</span> <span class='ocrx_word' id='word_1_371' title='bbox 958 3175 1107 3232; x_wconf 73' lang='lat'>885</span> <span class='ocrx_word' id='word_1_372' title='bbox 1158 3174 1627 3230; x_wconf 83' lang='lat' dir='ltr'>excandescente</span> <span class='ocrx_word' id='word_1_373' title='bbox 1675 3172 1875 3227; x_wconf 87' lang='lat' dir='ltr'>animo</span> <span class='ocrx_word' id='word_1_374' title='bbox 1906 3186 2009 3225; x_wconf 87' lang='lat' dir='ltr'>eos</span> 
     </span>
    </p>
   </div>
   <div class='ocr_carea' id='block_1_51' title="bbox 355 3265 2006 3336">
    <p class='ocr_par' dir='ltr' id='par_1_51' title="bbox 355 3265 2006 3336">
     <span class='ocr_line' id='line_1_51' title="bbox 355 3265 2006 3336; baseline -0.007 -11"><span class='ocrx_word' id='word_1_375' title='bbox 355 3269 609 3325; x_wconf 86' lang='lat' dir='ltr'>adorire.</span> <span class='ocrx_word' id='word_1_376' title='bbox 642 3266 806 3324; x_wconf 81' lang='lat' dir='ltr'>Adde</span> <span class='ocrx_word' id='word_1_377' title='bbox 845 3282 1051 3321; x_wconf 89' lang='lat' dir='ltr'>eorum</span> <span class='ocrx_word' id='word_1_378' title='bbox 1099 3265 1357 3336; x_wconf 80' lang='lat' dir='ltr'>peccatis</span> <span class='ocrx_word' id='word_1_379' title='bbox 1406 3269 1666 3335; x_wconf 86' lang='lat' dir='ltr'>peccata,</span> <span class='ocrx_word' id='word_1_380' title='bbox 1719 3279 1793 3316; x_wconf 87' lang='lat' dir='ltr'>ne</span> <span class='ocrx_word' id='word_1_381' title='bbox 1842 3267 2006 3315; x_wconf 86' lang='lat' dir='ltr'>tuam</span> 
     </span>
    </p>
   </div>
   <div class='ocr_carea' id='block_1_52' title="bbox 345 3351 2003 3431">
    <p class='ocr_par' dir='ltr' id='par_1_52' title="bbox 345 3351 2003 3431">
     <span class='ocr_line' id='line_1_52' title="bbox 345 3351 2003 3431; baseline -0.007 -17"><span class='ocrx_word' id='word_1_382' title='bbox 345 3358 644 3431; x_wconf 81' lang='lat' dir='ltr'>justitiam</span> <span class='ocrx_word' id='word_1_383' title='bbox 689 3357 1001 3428; x_wconf 80' lang='lat' dir='ltr'>attingant.</span> <span class='ocrx_word' id='word_1_384' title='bbox 1043 3357 1469 3426; x_wconf 77' lang='lat' dir='ltr'>Expungantur</span> <span class='ocrx_word' id='word_1_385' title='bbox 1510 3352 1582 3407; x_wconf 90' lang='lat' dir='ltr'>de</span> <span class='ocrx_word' id='word_1_386' title='bbox 1620 3351 1771 3406; x_wconf 90' lang='lat' dir='ltr'>libro</span> <span class='ocrx_word' id='word_1_387' title='bbox 1813 3351 2003 3404; x_wconf 41' lang='lat' dir='ltr'>viven.</span> 
     </span>
    </p>
   </div>
   <div class='ocr_carea' id='block_1_53' title="bbox 353 3439 2005 3518">
    <p class='ocr_par' dir='ltr' id='par_1_53' title="bbox 353 3439 2005 3518">
     <span class='ocr_line' id='line_1_53' title="bbox 353 3439 2005 3518; baseline -0.006 -15"><span class='ocrx_word' id='word_1_388' title='bbox 353 3449 523 3511; x_wconf 86' lang='lat' dir='ltr'>tium,</span> <span class='ocrx_word' id='word_1_389' title='bbox 558 3454 617 3501; x_wconf 90' lang='lat' dir='ltr'>et</span> <span class='ocrx_word' id='word_1_390' title='bbox 648 3447 804 3500; x_wconf 89' lang='lat' dir='ltr'>inter</span> <span class='ocrx_word' id='word_1_391' title='bbox 826 3448 1022 3518; x_wconf 90' lang='lat' dir='ltr'>justos</span> <span class='ocrx_word' id='word_1_392' title='bbox 1055 3459 1263 3498; x_wconf 86' lang='lat' dir='ltr'>eorum</span> <span class='ocrx_word' id='word_1_393' title='bbox 1296 3442 1544 3496; x_wconf 89' lang='lat' dir='ltr'>nomina</span> <span class='ocrx_word' id='word_1_394' title='bbox 1587 3457 1706 3495; x_wconf 92' lang='lat' dir='ltr'>non</span> <span class='ocrx_word' id='word_1_395' title='bbox 1739 3439 2005 3495; x_wconf 85' lang='lat' dir='ltr'>scriban-</span> 
     </span>
    </p>
   </div>
   <div class='ocr_carea' id='block_1_54' title="bbox 351 3532 2010 3606">
    <p class='ocr_par' dir='ltr' id='par_1_54' title="bbox 351 3532 2010 3606">
     <span class='ocr_line' id='line_1_54' title="bbox 351 3532 2010 3606; baseline -0.005 -15"><span class='ocrx_word' id='word_1_396' title='bbox 351 3541 469 3591; x_wconf 87' lang='lat' dir='ltr'>tur.</span> <span class='ocrx_word' id='word_1_397' title='bbox 505 3536 729 3606; x_wconf 88' lang='lat' dir='ltr'>Dissipa</span> <span class='ocrx_word' id='word_1_398' title='bbox 780 3550 881 3588; x_wconf 91' lang='lat' dir='ltr'>eos</span> <span class='ocrx_word' id='word_1_399' title='bbox 914 3534 967 3586; x_wconf 89' lang='lat' dir='ltr'>vi</span> <span class='ocrx_word' id='word_1_400' title='bbox 1019 3538 1138 3600; x_wconf 88' lang='lat' dir='ltr'>tua,</span> <span class='ocrx_word' id='word_1_401' title='bbox 1191 3549 1259 3587; x_wconf 92' lang='lat' dir='ltr'>ac</span> <span class='ocrx_word' id='word_1_402' title='bbox 1307 3532 1495 3603; x_wconf 86' lang='lat' dir='ltr'>dejice</span> <span class='ocrx_word' id='word_1_403' title='bbox 1538 3547 1659 3596; x_wconf 90' lang='lat' dir='ltr'>eos,</span> <span class='ocrx_word' id='word_1_404' title='bbox 1709 3534 2010 3601; x_wconf 86' lang='lat' dir='ltr'>protector</span> 
     </span>
    </p>
   </div>
   <div class='ocr_carea' id='block_1_55' title="bbox 356 3617 2008 3693">
    <p class='ocr_par' dir='ltr' id='par_1_55' title="bbox 356 3617 2008 3693">
     <span class='ocr_line' id='line_1_55' title="bbox 356 3617 2008 3693; baseline -0.005 -13"><span class='ocrx_word' id='word_1_405' title='bbox 356 3641 545 3693; x_wconf 90' lang='lat' dir='ltr'>meus,</span> <span class='ocrx_word' id='word_1_406' title='bbox 581 3641 614 3678; x_wconf 96' lang='lat' dir='ltr'>o</span> <span class='ocrx_word' id='word_1_407' title='bbox 646 3626 818 3678; x_wconf 87' lang='lat' dir='ltr'>Deus.</span> <span class='ocrx_word' id='word_1_408' title='bbox 854 3620 1384 3693; x_wconf 88' lang='lat' dir='ltr'>Deprehendantnr</span> <span class='ocrx_word' id='word_1_409' title='bbox 1408 3621 1470 3675; x_wconf 90' lang='lat' dir='ltr'>in</span> <span class='ocrx_word' id='word_1_410' title='bbox 1500 3620 1655 3674; x_wconf 87' lang='lat' dir='ltr'>fastu</span> <span class='ocrx_word' id='word_1_411' title='bbox 1694 3636 1822 3684; x_wconf 92' lang='lat' dir='ltr'>suo,</span> <span class='ocrx_word' id='word_1_412' title='bbox 1858 3617 2008 3672; x_wconf 90' lang='lat' dir='ltr'>etin</span> 
     </span>
    </p>
   </div>
   <div class='ocr_carea' id='block_1_56' title="bbox 363 3708 2011 3781">
    <p class='ocr_par' dir='ltr' id='par_1_56' title="bbox 363 3708 2011 3781">
     <span class='ocr_line' id='line_1_56' title="bbox 363 3708 2011 3781; baseline -0.005 -12"><span class='ocrx_word' id='word_1_413' title='bbox 363 3715 455 3769; x_wconf 89' lang='lat' dir='ltr'>ira</span> <span class='ocrx_word' id='word_1_414' title='bbox 475 3712 711 3776; x_wconf 74' lang='lat' dir='ltr'>excidii,</span> <span class='ocrx_word' id='word_1_415' title='bbox 744 3728 817 3765; x_wconf 92' lang='lat' dir='ltr'>ne</span> <span class='ocrx_word' id='word_1_416' title='bbox 845 3716 1099 3765; x_wconf 83' lang='lat' dir='ltr'>exstent.</span> <span class='ocrx_word' id='word_1_417' title='bbox 1141 3711 1228 3765; x_wconf 88' lang='lat' dir='ltr'>Ita</span> <span class='ocrx_word' id='word_1_418' title='bbox 1270 3710 1652 3781; x_wconf 81' lang='lat' dir='ltr'>experientur</span> <span class='ocrx_word' id='word_1_419' title='bbox 1683 3709 1864 3763; x_wconf 91' lang='lat' dir='ltr'>Deum</span> <span class='ocrx_word' id='word_1_420' title='bbox 1912 3708 2011 3761; x_wconf 85' lang='lat' dir='ltr'>Ja-</span> 
     </span>
    </p>
   </div>
   <div class='ocr_carea' id='block_1_57' title="bbox 364 3798 2010 3873">
    <p class='ocr_par' dir='ltr' id='par_1_57' title="bbox 364 3798 2010 3873">
     <span class='ocr_line' id='line_1_57' title="bbox 364 3798 2010 3873; baseline -0.005 -13"><span class='ocrx_word' id='word_1_421' title='bbox 364 3804 512 3861; x_wconf 93' lang='lat' dir='ltr'>cobo</span> <span class='ocrx_word' id='word_1_422' title='bbox 542 3810 601 3859; x_wconf 89' lang='lat' dir='ltr'>et</span> <span class='ocrx_word' id='word_1_423' title='bbox 632 3803 851 3859; x_wconf 84' lang='lat' dir='ltr'>ﬁnibus</span> <span class='ocrx_word' id='word_1_424' title='bbox 884 3807 1053 3858; x_wconf 62' lang='lat' dir='ltr'>terra;</span> <span class='ocrx_word' id='word_1_425' title='bbox 1077 3802 1368 3873; x_wconf 89' lang='lat' dir='ltr'>imperare</span> <span class='ocrx_word' id='word_1_426' title='bbox 1398 3801 1463 3855; x_wconf 69' lang='lat'>3‘.</span> <span class='ocrx_word' id='word_1_427' title='bbox 1489 3799 1777 3854; x_wconf 87' lang='lat' dir='ltr'>Nimirum</span> <span class='ocrx_word' id='word_1_428' title='bbox 1800 3798 1910 3853; x_wconf 92' lang='lat' dir='ltr'>hoc</span> <span class='ocrx_word' id='word_1_429' title='bbox 1928 3798 2010 3851; x_wconf 83' lang='lat' dir='ltr'>in-</span> 
     </span>
    </p>
   </div>
   <div class='ocr_carea' id='block_1_58' title="bbox 357 3888 2001 3966">
    <p class='ocr_par' dir='ltr' id='par_1_58' title="bbox 357 3888 2001 3966">
     <span class='ocr_line' id='line_1_58' title="bbox 357 3888 2001 3966; baseline -0.006 -15"><span class='ocrx_word' id='word_1_430' title='bbox 357 3911 570 3960; x_wconf 88' lang='lat' dir='ltr'>nuens,</span> <span class='ocrx_word' id='word_1_431' title='bbox 597 3892 936 3966; x_wconf 90' lang='lat' dir='ltr'>ipsosjusto</span> <span class='ocrx_word' id='word_1_432' title='bbox 956 3890 1304 3962; x_wconf 88' lang='lat' dir='ltr'>Deijudicio</span> <span class='ocrx_word' id='word_1_433' title='bbox 1334 3889 1654 3959; x_wconf 88' lang='lat' dir='ltr'>dispersos,</span> <span class='ocrx_word' id='word_1_434' title='bbox 1678 3888 2001 3943; x_wconf 88' lang='lat' dir='ltr'>intellectu-</span> 
     </span>
    </p>
   </div>
   <div class='ocr_carea' id='block_1_59' title="bbox 354 3980 2004 4054">
    <p class='ocr_par' dir='ltr' id='par_1_59' title="bbox 354 3980 2004 4054">
     <span class='ocr_line' id='line_1_59' title="bbox 354 3980 2004 4054; baseline -0.005 -11"><span class='ocrx_word' id='word_1_435' title='bbox 354 4005 455 4044; x_wconf 88' lang='lat' dir='ltr'>ros</span> <span class='ocrx_word' id='word_1_436' title='bbox 485 3987 784 4042; x_wconf 88' lang='lat' dir='ltr'>Christum</span> <span class='ocrx_word' id='word_1_437' title='bbox 843 4000 973 4040; x_wconf 89' lang='lat' dir='ltr'>esse</span> <span class='ocrx_word' id='word_1_438' title='bbox 1033 3984 1216 4039; x_wconf 91' lang='lat' dir='ltr'>Deum</span> <span class='ocrx_word' id='word_1_439' title='bbox 1249 3982 1434 4054; x_wconf 89' lang='lat' dir='ltr'>patris</span> <span class='ocrx_word' id='word_1_440' title='bbox 1487 3982 1751 4054; x_wconf 88' lang='lat' dir='ltr'>ipsorum</span> <span class='ocrx_word' id='word_1_441' title='bbox 1782 3980 2004 4037; x_wconf 83' lang='lat' dir='ltr'>Jacobi.</span> 
     </span>
    </p>
   </div>
   <div class='ocr_carea' id='block_1_60' title="bbox 354 4070 2007 4142">
    <p class='ocr_par' dir='ltr' id='par_1_60' title="bbox 354 4070 2007 4142">
     <span class='ocr_line' id='line_1_60' title="bbox 354 4070 2007 4142; baseline -0.005 -9"><span class='ocrx_word' id='word_1_442' title='bbox 354 4078 575 4133; x_wconf 91' lang='lat' dir='ltr'>Eodem</span> <span class='ocrx_word' id='word_1_443' title='bbox 625 4076 805 4131; x_wconf 90' lang='lat' dir='ltr'>etiam</span> <span class='ocrx_word' id='word_1_444' title='bbox 865 4072 1040 4129; x_wconf 93' lang='lat' dir='ltr'>modo</span> <span class='ocrx_word' id='word_1_445' title='bbox 1099 4089 1199 4128; x_wconf 92' lang='lat' dir='ltr'>vos</span> <span class='ocrx_word' id='word_1_446' title='bbox 1254 4071 1512 4127; x_wconf 86' lang='lat' dir='ltr'>traducit</span> <span class='ocrx_word' id='word_1_447' title='bbox 1541 4072 1752 4138; x_wconf 87' lang='lat' dir='ltr'>Moses,</span> <span class='ocrx_word' id='word_1_448' title='bbox 1807 4071 1858 4126; x_wconf 92' lang='lat' dir='ltr'>is</span> <span class='ocrx_word' id='word_1_449' title='bbox 1906 4070 2007 4142; x_wconf 89' lang='lat' dir='ltr'>qui</span> 
     </span>
    </p>
   </div>
   <div class='ocr_carea' id='block_1_61' title="bbox 354 4159 2004 4234">
    <p class='ocr_par' dir='ltr' id='par_1_61' title="bbox 354 4159 2004 4234">
     <span class='ocr_line' id='line_1_61' title="bbox 354 4159 2004 4234; baseline -0.007 -11"><span class='ocrx_word' id='word_1_450' title='bbox 354 4168 539 4223; x_wconf 90' lang='lat' dir='ltr'>Deum</span> <span class='ocrx_word' id='word_1_451' title='bbox 569 4165 739 4232; x_wconf 91' lang='lat' dir='ltr'>vidit,</span> <span class='ocrx_word' id='word_1_452' title='bbox 789 4170 855 4219; x_wconf 89' lang='lat' dir='ltr'>ut</span> <span class='ocrx_word' id='word_1_453' title='bbox 912 4164 1180 4234; x_wconf 90' lang='lat' dir='ltr'>impuros</span> <span class='ocrx_word' id='word_1_454' title='bbox 1220 4166 1280 4217; x_wconf 91' lang='lat' dir='ltr'>et</span> <span class='ocrx_word' id='word_1_455' title='bbox 1336 4160 1584 4216; x_wconf 86' lang='lat' dir='ltr'>stolidos</span> <span class='ocrx_word' id='word_1_456' title='bbox 1633 4165 1693 4215; x_wconf 92' lang='lat' dir='ltr'>et</span> <span class='ocrx_word' id='word_1_457' title='bbox 1720 4159 2004 4232; x_wconf 80' lang='lat' dir='ltr'>ingratos.</span> 
     </span>
    </p>
   </div>
   <div class='ocr_carea' id='block_1_62' title="bbox 351 4251 2009 4327">
    <p class='ocr_par' dir='ltr' id='par_1_62' title="bbox 351 4251 2009 4327">
     <span class='ocr_line' id='line_1_62' title="bbox 351 4251 2009 4327; baseline -0.005 -15"><span class='ocrx_word' id='word_1_458' title='bbox 351 4257 504 4325; x_wconf 89' lang='lat' dir='ltr'>Filii,</span> <span class='ocrx_word' id='word_1_459' title='bbox 538 4256 753 4327; x_wconf 88' lang='lat' dir='ltr'>inquit,</span> <span class='ocrx_word' id='word_1_460' title='bbox 775 4252 1242 4326; x_wconf 88' lang='lat' dir='ltr'>reprehensione</span> <span class='ocrx_word' id='word_1_461' title='bbox 1265 4251 1446 4324; x_wconf 82' lang='lat' dir='ltr'>digni,</span> <span class='ocrx_word' id='word_1_462' title='bbox 1470 4265 1716 4323; x_wconf 86' lang='lat' dir='ltr'>pravum</span> <span class='ocrx_word' id='word_1_463' title='bbox 1736 4266 1923 4322; x_wconf 72' lang='lat' dir='ltr'>genus</span> <span class='ocrx_word' id='word_1_464' title='bbox 1941 4265 2009 4304; x_wconf 93' lang='lat' dir='ltr'>ac</span> 
     </span>
    </p>
   </div>
   <div class='ocr_carea' id='block_1_63' title="bbox 349 4336 2008 4416">
    <p class='ocr_par' dir='ltr' id='par_1_63' title="bbox 349 4336 2008 4416">
     <span class='ocr_line' id='line_1_63' title="bbox 349 4336 2008 4416; baseline -0.004 -17"><span class='ocrx_word' id='word_1_465' title='bbox 349 4359 717 4416; x_wconf 89' lang='lat' dir='ltr'>perversum,</span> <span class='ocrx_word' id='word_1_466' title='bbox 749 4341 1011 4397; x_wconf 76' lang='lat' dir='ltr'>hmccine</span> <span class='ocrx_word' id='word_1_467' title='bbox 1052 4340 1300 4395; x_wconf 91' lang='lat' dir='ltr'>Domino</span> <span class='ocrx_word' id='word_1_468' title='bbox 1344 4337 1718 4409; x_wconf 87' lang='lat' dir='ltr'>rependitis?</span> <span class='ocrx_word' id='word_1_469' title='bbox 1754 4336 2008 4408; x_wconf 90' lang='lat' dir='ltr'>populus</span> 
     </span>
    </p>
   </div>
   <div class='ocr_carea' id='block_1_64' title="bbox 353 4427 2010 4500">
    <p class='ocr_par' dir='ltr' id='par_1_64' title="bbox 353 4427 2010 4500">
     <span class='ocr_line' id='line_1_64' title="bbox 353 4427 2010 4500; baseline -0.005 -12"><span class='ocrx_word' id='word_1_470' title='bbox 353 4434 465 4488; x_wconf 87' lang='lat' dir='ltr'>iste</span> <span class='ocrx_word' id='word_1_471' title='bbox 496 4433 694 4488; x_wconf 81' lang='lat' dir='ltr'>fatuus</span> <span class='ocrx_word' id='word_1_472' title='bbox 726 4436 814 4485; x_wconf 89' lang='lat' dir='ltr'>est</span> <span class='ocrx_word' id='word_1_473' title='bbox 837 4445 1030 4499; x_wconf 90' lang='lat' dir='ltr'>neque</span> <span class='ocrx_word' id='word_1_474' title='bbox 1062 4428 1233 4500; x_wconf 90' lang='lat' dir='ltr'>sapit.</span> <span class='ocrx_word' id='word_1_475' title='bbox 1268 4430 1358 4483; x_wconf 81' lang='lat' dir='ltr'>An</span> <span class='ocrx_word' id='word_1_476' title='bbox 1386 4443 1507 4482; x_wconf 92' lang='lat' dir='ltr'>non</span> <span class='ocrx_word' id='word_1_477' title='bbox 1540 4427 1692 4481; x_wconf 90' lang='lat' dir='ltr'>Deus</span> <span class='ocrx_word' id='word_1_478' title='bbox 1723 4432 1890 4496; x_wconf 89' lang='lat' dir='ltr'>pater</span> <span class='ocrx_word' id='word_1_479' title='bbox 1919 4429 2010 4480; x_wconf 86' lang='lat' dir='ltr'>est</span> 
     </span>
    </p>
   </div>
   <div class='ocr_carea' id='block_1_65' title="bbox 354 4516 2004 4592">
    <p class='ocr_par' dir='ltr' id='par_1_65' title="bbox 354 4516 2004 4592">
     <span class='ocr_line' id='line_1_65' title="bbox 354 4516 2004 4592; baseline -0.005 -15"><span class='ocrx_word' id='word_1_480' title='bbox 354 4529 514 4591; x_wconf 87' lang='lat' dir='ltr'>tuus,</span> <span class='ocrx_word' id='word_1_481' title='bbox 544 4524 643 4592; x_wconf 90' lang='lat' dir='ltr'>qui</span> <span class='ocrx_word' id='word_1_482' title='bbox 677 4526 733 4575; x_wconf 92' lang='lat' dir='ltr'>te</span> <span class='ocrx_word' id='word_1_483' title='bbox 765 4519 877 4574; x_wconf 90' lang='lat' dir='ltr'>sibi</span> <span class='ocrx_word' id='word_1_484' title='bbox 897 4518 1142 4590; x_wconf 87' lang='lat' dir='ltr'>paravit,</span> <span class='ocrx_word' id='word_1_485' title='bbox 1186 4517 1287 4588; x_wconf 90' lang='lat' dir='ltr'>qui</span> <span class='ocrx_word' id='word_1_486' title='bbox 1311 4522 1366 4571; x_wconf 89' lang='lat' dir='ltr'>te</span> <span class='ocrx_word' id='word_1_487' title='bbox 1396 4516 1559 4584; x_wconf 82' lang='lat' dir='ltr'>fecit,</span> <span class='ocrx_word' id='word_1_488' title='bbox 1599 4522 1655 4571; x_wconf 87' lang='lat' dir='ltr'>te</span> <span class='ocrx_word' id='word_1_489' title='bbox 1685 4516 2004 4570; x_wconf 73' lang='lat' dir='ltr'>formavit?</span> 
     </span>
    </p>
   </div>
   <div class='ocr_carea' id='block_1_66' title="bbox 2117 1921 3769 1999">
    <p class='ocr_par' dir='ltr' id='par_1_66' title="bbox 2117 1921 3769 1999">
     <span class='ocr_line' id='line_1_66' title="bbox 2117 1921 3769 1999; baseline -0.001 -22"><span class='ocrx_word' id='word_1_490' title='bbox 2117 1923 2290 1997; x_wconf 83' lang='grc' dir='ltr'>ὑμῶν,</span> <span class='ocrx_word' id='word_1_491' title='bbox 2347 1923 2506 1979; x_wconf 74' lang='grc' dir='ltr'>τέκνα</span> <span class='ocrx_word' id='word_1_492' title='bbox 2561 1922 2842 1985; x_wconf 82' lang='grc' dir='ltr'>ἀπωλείας</span> <span class='ocrx_word' id='word_1_493' title='bbox 2896 1923 2988 1978; x_wconf 88' lang='grc' dir='ltr'>καὶ</span> <span class='ocrx_word' id='word_1_494' title='bbox 3049 1922 3261 1999; x_wconf 76' lang='grc' dir='ltr'>σπέρμα</span> <span class='ocrx_word' id='word_1_495' title='bbox 3319 1921 3523 1995; x_wconf 78' lang='grc' dir='ltr'>ἄνομον</span> <span class='ocrx_word' id='word_1_496' title='bbox 3565 1942 3578 1991; x_wconf 89' lang='lat'>;</span> <span class='ocrx_word' id='word_1_497' title='bbox 3613 1924 3769 1980; x_wconf 81' lang='grc' dir='ltr'>Ὅθεν</span> 
     </span>
    </p>
   </div>
   <div class='ocr_carea' id='block_1_67' title="bbox 2109 2010 3771 2089">
    <p class='ocr_par' dir='ltr' id='par_1_67' title="bbox 2109 2010 3771 2089">
     <span class='ocr_line' id='line_1_67' title="bbox 2109 2010 3771 2089; baseline 0.001 -23"><span class='ocrx_word' id='word_1_498' title='bbox 2109 2013 2273 2076; x_wconf 82' lang='grc' dir='ltr'>αὐτὸς</span> <span class='ocrx_word' id='word_1_499' title='bbox 2305 2014 2333 2069; x_wconf 88' lang='lat'>6</span> <span class='ocrx_word' id='word_1_500' title='bbox 2365 2013 2568 2089; x_wconf 65' lang='grc' dir='ltr'>Κύριος</span> <span class='ocrx_word' id='word_1_501' title='bbox 2601 2010 2670 2068; x_wconf 88' lang='grc' dir='ltr'>δι’</span> <span class='ocrx_word' id='word_1_502' title='bbox 2703 2012 2865 2083; x_wconf 78' lang='grc' dir='ltr'>Ὠσηὶ</span> <span class='ocrx_word' id='word_1_503' title='bbox 2915 2016 3013 2069; x_wconf 76' lang='grc' dir='ltr'>τοῦ</span> <span class='ocrx_word' id='word_1_504' title='bbox 3068 2014 3362 2087; x_wconf 67' lang='grc' dir='ltr'>προφήτου</span> <span class='ocrx_word' id='word_1_505' title='bbox 3426 2010 3771 2067; x_wconf 73' lang='grc' dir='ltr'>σχετλιαστι-</span> 
     </span>
    </p>
   </div>
   <div class='ocr_carea' id='block_1_68' title="bbox 2109 2099 3769 2176">
    <p class='ocr_par' dir='ltr' id='par_1_68' title="bbox 2109 2099 3769 2176">
     <span class='ocr_line' id='line_1_68' title="bbox 2109 2099 3769 2176; baseline -0.001 -18"><span class='ocrx_word' id='word_1_506' title='bbox 2109 2107 2219 2165; x_wconf 77' lang='grc' dir='ltr'>κῶς</span> <span class='ocrx_word' id='word_1_507' title='bbox 2251 2107 2419 2172; x_wconf 78' lang='grc' dir='ltr'>εἶπεν,</span> <span class='ocrx_word' id='word_1_508' title='bbox 2465 2103 2599 2159; x_wconf 77' lang='grc' dir='ltr'>Οὐαὶ</span> <span class='ocrx_word' id='word_1_509' title='bbox 2656 2103 2867 2171; x_wconf 82' lang='grc' dir='ltr'>αὐτοῖς,</span> <span class='ocrx_word' id='word_1_510' title='bbox 2902 2103 2988 2158; x_wconf 81' lang='grc' dir='ltr'>ὅτι</span> <span class='ocrx_word' id='word_1_511' title='bbox 3047 2099 3404 2173; x_wconf 72' lang='grc' dir='ltr'>ἀπεπήδησαν</span> <span class='ocrx_word' id='word_1_512' title='bbox 3467 2103 3557 2157; x_wconf 89' lang='grc' dir='ltr'>ἀπ’</span> <span class='ocrx_word' id='word_1_513' title='bbox 3609 2100 3769 2176; x_wconf 68' lang='grc' dir='ltr'>ἰμοῦ.</span> 
     </span>
    </p>
   </div>
   <div class='ocr_carea' id='block_1_69' title="bbox 2111 2187 3771 2267">
    <p class='ocr_par' dir='ltr' id='par_1_69' title="bbox 2111 2187 3771 2267">
     <span class='ocr_line' id='line_1_69' title="bbox 2111 2187 3771 2267; baseline 0 -20"><span class='ocrx_word' id='word_1_514' title='bbox 2111 2191 2533 2263; x_wconf 83' lang='grc' dir='ltr'>Δείλαιοίεῖσιν,</span> <span class='ocrx_word' id='word_1_515' title='bbox 2571 2195 2654 2249; x_wconf 81' lang='grc' dir='ltr'>ὅτι</span> <span class='ocrx_word' id='word_1_516' title='bbox 2702 2187 2978 2263; x_wconf 71' lang='grc' dir='ltr'>ἠσέϐησαν</span> <span class='ocrx_word' id='word_1_517' title='bbox 3015 2191 3090 2254; x_wconf 77' lang='grc' dir='ltr'>εἷς</span> <span class='ocrx_word' id='word_1_518' title='bbox 3150 2190 3248 2264; x_wconf 66' lang='grc' dir='ltr'>ἐμὲ</span> <span class='ocrx_word' id='word_1_519' title='bbox 3286 2190 3375 2246; x_wconf 77' lang='grc' dir='ltr'>καὶ</span> <span class='ocrx_word' id='word_1_520' title='bbox 3428 2192 3645 2267; x_wconf 79' lang='grc' dir='ltr'>πονηρᾶ</span> <span class='ocrx_word' id='word_1_521' title='bbox 3694 2192 3771 2254; x_wconf 76' lang='grc' dir='ltr'>εἰς</span> 
     </span>
    </p>
   </div>
   <div class='ocr_carea' id='block_1_70' title="bbox 2111 2278 3773 2359">
    <p class='ocr_par' dir='ltr' id='par_1_70' title="bbox 2111 2278 3773 2359">
     <span class='ocr_line' id='line_1_70' title="bbox 2111 2278 3773 2359; baseline -0.001 -23"><span class='ocrx_word' id='word_1_522' title='bbox 2111 2281 2209 2355; x_wconf 75' lang='grc' dir='ltr'>ἐμὲ</span> <span class='ocrx_word' id='word_1_523' title='bbox 2241 2281 2585 2359; x_wconf 71' lang='grc' dir='ltr'>ἐλογίσαντο.</span> <span class='ocrx_word' id='word_1_524' title='bbox 2622 2283 2719 2337; x_wconf 73' lang='grc' dir='ltr'>Καὶ</span> <span class='ocrx_word' id='word_1_525' title='bbox 2773 2278 2863 2336; x_wconf 80' lang='grc' dir='ltr'>διὰ</span> <span class='ocrx_word' id='word_1_526' title='bbox 2904 2285 3066 2336; x_wconf 81' lang='grc' dir='ltr'>τοῦτο</span> <span class='ocrx_word' id='word_1_527' title='bbox 3124 2280 3397 2351; x_wconf 80' lang='grc' dir='ltr'>κατεπόθη</span> <span class='ocrx_word' id='word_1_528' title='bbox 3432 2278 3651 2355; x_wconf 73' lang='grc' dir='ltr'>Ἰσραήλ</span> <span class='ocrx_word' id='word_1_529' title='bbox 3683 2281 3773 2336; x_wconf 81' lang='grc' dir='ltr'>καὶ</span> 
     </span>
    </p>
   </div>
   <div class='ocr_carea' id='block_1_71' title="bbox 2112 2367 3772 2446">
    <p class='ocr_par' dir='ltr' id='par_1_71' title="bbox 2112 2367 3772 2446">
     <span class='ocr_line' id='line_1_71' title="bbox 2112 2367 3772 2446; baseline 0 -22"><span class='ocrx_word' id='word_1_530' title='bbox 2112 2370 2187 2433; x_wconf 81' lang='grc' dir='ltr'>εἷς</span> <span class='ocrx_word' id='word_1_531' title='bbox 2220 2371 2374 2426; x_wconf 69' lang='grc' dir='ltr'>οὐθὲν</span> <span class='ocrx_word' id='word_1_532' title='bbox 2397 2370 2628 2446; x_wconf 76' lang='grc' dir='ltr'>ἐγένετο,</span> <span class='ocrx_word' id='word_1_533' title='bbox 2661 2369 2749 2425; x_wconf 79' lang='grc' dir='ltr'>καὶ</span> <span class='ocrx_word' id='word_1_534' title='bbox 2784 2371 2869 2425; x_wconf 78' lang='grc' dir='ltr'>ὅτι</span> <span class='ocrx_word' id='word_1_535' title='bbox 2901 2368 3080 2444; x_wconf 79' lang='grc' dir='ltr'>ὥσπερ</span> <span class='ocrx_word' id='word_1_536' title='bbox 3136 2374 3326 2431; x_wconf 75' lang='grc' dir='ltr'>σκεῦος</span> <span class='ocrx_word' id='word_1_537' title='bbox 3385 2367 3664 2443; x_wconf 78' lang='grc' dir='ltr'>ἄχρηστον</span> <span class='ocrx_word' id='word_1_538' title='bbox 3718 2368 3772 2424; x_wconf 69' lang='grc' dir='ltr'>ἐν</span> 
     </span>
    </p>
   </div>
   <div class='ocr_carea' id='block_1_72' title="bbox 2108 2456 3771 2537">
    <p class='ocr_par' dir='ltr' id='par_1_72' title="bbox 2108 2456 3771 2537">
     <span class='ocr_line' id='line_1_72' title="bbox 2108 2456 3771 2537; baseline -0.002 -21"><span class='ocrx_word' id='word_1_539' title='bbox 2108 2466 2225 2524; x_wconf 84' lang='grc' dir='ltr'>τοῖς</span> <span class='ocrx_word' id='word_1_540' title='bbox 2257 2458 2484 2526; x_wconf 80' lang='grc' dir='ltr'>ἔθνεσιν.</span> <span class='ocrx_word' id='word_1_541' title='bbox 2520 2462 2617 2519; x_wconf 79' lang='grc' dir='ltr'>Καὶ</span> <span class='ocrx_word' id='word_1_542' title='bbox 2666 2458 2757 2516; x_wconf 69' lang='grc' dir='ltr'>διὰ</span> <span class='ocrx_word' id='word_1_543' title='bbox 2787 2460 3053 2537; x_wconf 87' lang='grc' dir='ltr'>Ἰερεμίου</span> <span class='ocrx_word' id='word_1_544' title='bbox 3110 2458 3275 2516; x_wconf 83' lang='grc' dir='ltr'>πάλιν</span> <span class='ocrx_word' id='word_1_545' title='bbox 3336 2459 3489 2537; x_wconf 85' lang='grc' dir='ltr'>φησί·</span> <span class='ocrx_word' id='word_1_546' title='bbox 3543 2456 3771 2515; x_wconf 80' lang='grc' dir='ltr'>Παιδεό-</span> 
     </span>
    </p>
   </div>
   <div class='ocr_carea' id='block_1_73' title="bbox 2110 2549 3765 2628">
    <p class='ocr_par' dir='ltr' id='par_1_73' title="bbox 2110 2549 3765 2628">
     <span class='ocr_line' id='line_1_73' title="bbox 2110 2549 3765 2628; baseline -0.001 -21"><span class='ocrx_word' id='word_1_547' title='bbox 2110 2573 2190 2607; x_wconf 92' lang='grc' dir='ltr'>σει</span> <span class='ocrx_word' id='word_1_548' title='bbox 2221 2574 2277 2608; x_wconf 85' lang='grc' dir='ltr'>σε</span> <span class='ocrx_word' id='word_1_549' title='bbox 2305 2554 2340 2622; x_wconf 72' lang='grc' dir='ltr'>ἡ</span> <span class='ocrx_word' id='word_1_550' title='bbox 2372 2552 2669 2607; x_wconf 72' lang='grc' dir='ltr'>ἀποστασία</span> <span class='ocrx_word' id='word_1_551' title='bbox 2701 2573 2817 2620; x_wconf 89' lang='grc' dir='ltr'>σου,</span> <span class='ocrx_word' id='word_1_552' title='bbox 2847 2551 2938 2607; x_wconf 84' lang='grc' dir='ltr'>καὶ</span> <span class='ocrx_word' id='word_1_553' title='bbox 2979 2554 3012 2622; x_wconf 79' lang='grc' dir='ltr'>ἡ</span> <span class='ocrx_word' id='word_1_554' title='bbox 3073 2552 3235 2607; x_wconf 83' lang='grc' dir='ltr'>κακία</span> <span class='ocrx_word' id='word_1_555' title='bbox 3293 2572 3389 2606; x_wconf 90' lang='grc' dir='ltr'>σου</span> <span class='ocrx_word' id='word_1_556' title='bbox 3437 2549 3643 2628; x_wconf 70' lang='grc' dir='ltr'>ἐλέγξει</span> <span class='ocrx_word' id='word_1_557' title='bbox 3685 2573 3765 2623; x_wconf 90' lang='grc' dir='ltr'>σε,</span> 
     </span>
    </p>
   </div>
   <div class='ocr_carea' id='block_1_74' title="bbox 2110 2639 3763 2718">
    <p class='ocr_par' dir='ltr' id='par_1_74' title="bbox 2110 2639 3763 2718">
     <span class='ocr_line' id='line_1_74' title="bbox 2110 2639 3763 2718; baseline 0 -21"><span class='ocrx_word' id='word_1_558' title='bbox 2110 2642 2200 2698; x_wconf 80' lang='grc' dir='ltr'>καὶ</span> <span class='ocrx_word' id='word_1_559' title='bbox 2225 2643 2408 2718; x_wconf 76' lang='grc' dir='ltr'>γνώσῃ</span> <span class='ocrx_word' id='word_1_560' title='bbox 2455 2639 2539 2696; x_wconf 78' lang='grc' dir='ltr'>ὅτι</span> <span class='ocrx_word' id='word_1_561' title='bbox 2589 2642 2784 2717; x_wconf 85' lang='grc' dir='ltr'>πικρόν</span> <span class='ocrx_word' id='word_1_562' title='bbox 2841 2662 2927 2696; x_wconf 88' lang='grc' dir='ltr'>σοι</span> <span class='ocrx_word' id='word_1_563' title='bbox 2966 2642 3029 2696; x_wconf 89' lang='grc' dir='ltr'>τὸ</span> <span class='ocrx_word' id='word_1_564' title='bbox 3059 2640 3383 2696; x_wconf 80' lang='grc' dir='ltr'>καταλιπεῖν</span> <span class='ocrx_word' id='word_1_565' title='bbox 3426 2660 3481 2694; x_wconf 85' lang='grc' dir='ltr'>σε</span> <span class='ocrx_word' id='word_1_566' title='bbox 3512 2639 3630 2715; x_wconf 70' lang='grc' dir='ltr'><strong>ἐμὲ.</strong></span> <span class='ocrx_word' id='word_1_567' title='bbox 3698 2641 3763 2697; x_wconf 80' lang='grc' dir='ltr'><strong>Ὀ</strong></span> 
     </span>
    </p>
   </div>
   <div class='ocr_carea' id='block_1_75' title="bbox 2113 2725 3760 2807">
    <p class='ocr_par' dir='ltr' id='par_1_75' title="bbox 2113 2725 3760 2807">
     <span class='ocr_line' id='line_1_75' title="bbox 2113 2725 3760 2807; baseline -0.002 -21"><span class='ocrx_word' id='word_1_568' title='bbox 2113 2730 2170 2787; x_wconf 74' lang='grc' dir='ltr'>δὲ</span> <span class='ocrx_word' id='word_1_569' title='bbox 2197 2753 2258 2805; x_wconf 87' lang='grc' dir='ltr'>γε</span> <span class='ocrx_word' id='word_1_570' title='bbox 2287 2733 2430 2793; x_wconf 81' lang='grc' dir='ltr'>θεῖος</span> <span class='ocrx_word' id='word_1_571' title='bbox 2462 2726 2651 2802; x_wconf 80' lang='grc' dir='ltr'>Δαϐὶδ,</span> <span class='ocrx_word' id='word_1_572' title='bbox 2711 2725 2893 2807; x_wconf 80' lang='grc' dir='ltr'>ὥσπερ</span> <span class='ocrx_word' id='word_1_573' title='bbox 2954 2729 3343 2805; x_wconf 84' lang='grc' dir='ltr'>διαπριόμενος</span> <span class='ocrx_word' id='word_1_574' title='bbox 3404 2735 3520 2794; x_wconf 82' lang='grc' dir='ltr'>καθ’</span> <span class='ocrx_word' id='word_1_575' title='bbox 3582 2730 3760 2803; x_wconf 76' lang='grc' dir='ltr'>ὐμῶν,</span> 
     </span>
    </p>
   </div>
   <div class='ocr_carea' id='block_1_76' title="bbox 2112 2818 3763 2897">
    <p class='ocr_par' dir='ltr' id='par_1_76' title="bbox 2112 2818 3763 2897">
     <span class='ocr_line' id='line_1_76' title="bbox 2112 2818 3763 2897; baseline -0.001 -20"><span class='ocrx_word' id='word_1_576' title='bbox 2112 2821 2374 2897; x_wconf 66' lang='grc' dir='ltr'>ἔπαρᾶται</span> <span class='ocrx_word' id='word_1_577' title='bbox 2404 2821 2540 2897; x_wconf 86' lang='grc' dir='ltr'>πρὸς</span> <span class='ocrx_word' id='word_1_578' title='bbox 2564 2822 2656 2875; x_wconf 86' lang='grc' dir='ltr'>τὸν</span> <span class='ocrx_word' id='word_1_579' title='bbox 2684 2820 3072 2896; x_wconf 81' lang='grc' dir='ltr'>παροινηθέντα</span> <span class='ocrx_word' id='word_1_580' title='bbox 3132 2820 3335 2895; x_wconf 82' lang='grc' dir='ltr'>Κύριον</span> <span class='ocrx_word' id='word_1_581' title='bbox 3387 2818 3590 2897; x_wconf 84' lang='grc' dir='ltr'>λέγων,</span> <span class='ocrx_word' id='word_1_582' title='bbox 3623 2826 3763 2876; x_wconf 87' lang='grc' dir='ltr'>Σκο-</span> 
     </span>
    </p>
   </div>
   <div class='ocr_carea' id='block_1_77' title="bbox 2110 2908 3763 2988">
    <p class='ocr_par' dir='ltr' id='par_1_77' title="bbox 2110 2908 3763 2988">
     <span class='ocr_line' id='line_1_77' title="bbox 2110 2908 3763 2988; baseline -0.001 -22"><span class='ocrx_word' id='word_1_583' title='bbox 2110 2912 2451 2982; x_wconf 78' lang='grc' dir='ltr'>τισθήτωσαν</span> <span class='ocrx_word' id='word_1_584' title='bbox 2506 2912 2558 2965; x_wconf 75' lang='grc' dir='ltr'>οἳ</span> <span class='ocrx_word' id='word_1_585' title='bbox 2607 2908 2886 2988; x_wconf 76' lang='grc' dir='ltr'>ὀφθαλμοὶ</span> <span class='ocrx_word' id='word_1_586' title='bbox 2927 2909 3102 2965; x_wconf 74' lang='grc' dir='ltr'>αὐτῶν</span> <span class='ocrx_word' id='word_1_587' title='bbox 3131 2914 3228 2965; x_wconf 75' lang='grc' dir='ltr'>τοῦ</span> <span class='ocrx_word' id='word_1_588' title='bbox 3272 2912 3347 2983; x_wconf 84' lang='grc' dir='ltr'>μὴ</span> <span class='ocrx_word' id='word_1_589' title='bbox 3384 2908 3631 2985; x_wconf 74' lang='grc' dir='ltr'>βλέπειν,</span> <span class='ocrx_word' id='word_1_590' title='bbox 3668 2910 3763 2965; x_wconf 84' lang='grc' dir='ltr'>καὶ</span> 
     </span>
    </p>
   </div>
   <div class='ocr_carea' id='block_1_78' title="bbox 2108 2996 3771 3074">
    <p class='ocr_par' dir='ltr' id='par_1_78' title="bbox 2108 2996 3771 3074">
     <span class='ocr_line' id='line_1_78' title="bbox 2108 2996 3771 3074; baseline -0.002 -18"><span class='ocrx_word' id='word_1_591' title='bbox 2108 3001 2202 3056; x_wconf 83' lang='grc' dir='ltr'>τὸν</span> <span class='ocrx_word' id='word_1_592' title='bbox 2232 3004 2403 3054; x_wconf 85' lang='grc' dir='ltr'>νῶτον</span> <span class='ocrx_word' id='word_1_593' title='bbox 2444 2998 2622 3059; x_wconf 72' lang='grc' dir='ltr'>αὐτῶν</span> <span class='ocrx_word' id='word_1_594' title='bbox 2655 2996 2743 3054; x_wconf 80' lang='grc' dir='ltr'>διὰ</span> <span class='ocrx_word' id='word_1_595' title='bbox 2774 3000 2974 3060; x_wconf 85' lang='grc' dir='ltr'>παντὸς</span> <span class='ocrx_word' id='word_1_596' title='bbox 3028 2999 3369 3074; x_wconf 73' lang='grc' dir='ltr'>σύγκαμψον.</span> <span class='ocrx_word' id='word_1_597' title='bbox 3405 2999 3645 3074; x_wconf 88' lang='grc' dir='ltr'>Ἒκχεον</span> <span class='ocrx_word' id='word_1_598' title='bbox 3688 2997 3771 3053; x_wconf 79' lang='grc' dir='ltr'>ἐπ’</span> 
     </span>
    </p>
   </div>
   <div class='ocr_carea' id='block_1_79' title="bbox 2113 3086 3773 3162">
    <p class='ocr_par' dir='ltr' id='par_1_79' title="bbox 2113 3086 3773 3162">
     <span class='ocr_line' id='line_1_79' title="bbox 2113 3086 3773 3162; baseline -0.001 -19"><span class='ocrx_word' id='word_1_599' title='bbox 2113 3088 2301 3149; x_wconf 73' lang='grc' dir='ltr'>αὐτοὺς</span> <span class='ocrx_word' id='word_1_600' title='bbox 2331 3089 2429 3156; x_wconf 70' lang='grc' dir='ltr'>τὴν</span> <span class='ocrx_word' id='word_1_601' title='bbox 2463 3087 2631 3162; x_wconf 63' lang='grc' dir='ltr'>ὀργήν</span> <span class='ocrx_word' id='word_1_602' title='bbox 2666 3107 2782 3154; x_wconf 85' lang='grc' dir='ltr'>σου,</span> <span class='ocrx_word' id='word_1_603' title='bbox 2843 3087 2934 3141; x_wconf 85' lang='grc' dir='ltr'>καὶ</span> <span class='ocrx_word' id='word_1_604' title='bbox 2993 3087 3022 3140; x_wconf 89' lang='lat'>6</span> <span class='ocrx_word' id='word_1_605' title='bbox 3078 3086 3255 3159; x_wconf 65' lang='grc' dir='ltr'>θυμὸσ</span> <span class='ocrx_word' id='word_1_606' title='bbox 3298 3092 3400 3156; x_wconf 82' lang='grc' dir='ltr'>τῆς</span> <span class='ocrx_word' id='word_1_607' title='bbox 3434 3086 3607 3162; x_wconf 81' lang='grc' dir='ltr'>ὀργῆς</span> <span class='ocrx_word' id='word_1_608' title='bbox 3670 3107 3773 3141; x_wconf 91' lang='grc' dir='ltr'>σου</span> 
     </span>
    </p>
   </div>
   <div class='ocr_carea' id='block_1_80' title="bbox 2040 3172 3772 3280">
    <p class='ocr_par' dir='ltr' id='par_1_80' title="bbox 2040 3172 3772 3280">
     <span class='ocr_line' id='line_1_80' title="bbox 2040 3172 3772 3280; baseline -0.002 -47"><span class='ocrx_word' id='word_1_609' title='bbox 2040 3214 2084 3280; x_wconf 78' lang='lat' dir='ltr'>C</span> <span class='ocrx_word' id='word_1_610' title='bbox 2112 3172 2399 3252; x_wconf 74' lang='grc' dir='ltr'>καταλάϐῃ</span> <span class='ocrx_word' id='word_1_611' title='bbox 2433 3175 2649 3237; x_wconf 66' lang='grc' dir='ltr'>αὐτούς.</span> <span class='ocrx_word' id='word_1_612' title='bbox 2686 3177 2925 3247; x_wconf 78' lang='grc' dir='ltr'>Πρόσθες</span> <span class='ocrx_word' id='word_1_613' title='bbox 2957 3177 3182 3249; x_wconf 82' lang='grc' dir='ltr'>ἀνομίαν</span> <span class='ocrx_word' id='word_1_614' title='bbox 3231 3176 3315 3230; x_wconf 75' lang='grc' dir='ltr'>ἒπῖ</span> <span class='ocrx_word' id='word_1_615' title='bbox 3386 3178 3485 3246; x_wconf 75' lang='grc' dir='ltr'>τήν</span> <span class='ocrx_word' id='word_1_616' title='bbox 3543 3176 3772 3249; x_wconf 72' lang='grc' dir='ltr'>ἀνομίαν</span> 
     </span>
     <span class='ocr_line' id='line_1_81' title="bbox 2161 3261 3747 3280; baseline 0 0"><span class='ocrx_word' id='word_1_617' title='bbox 2161 3267 2173 3280; x_wconf 89' lang='grc'><strong>.</strong></span> <span class='ocrx_word' id='word_1_618' title='bbox 2225 3271 2250 3280; x_wconf 79' lang='lat'>-</span> <span class='ocrx_word' id='word_1_619' title='bbox 2424 3265 2438 3280; x_wconf 81' lang='lat'>.</span> <span class='ocrx_word' id='word_1_620' title='bbox 2533 3267 2546 3280; x_wconf 84' lang='lat'>.</span> <span class='ocrx_word' id='word_1_621' title='bbox 2620 3264 2634 3280; x_wconf 83' lang='lat'>.</span> <span class='ocrx_word' id='word_1_622' title='bbox 2703 3262 2797 3280; x_wconf 56' lang='grc' dir='ltr'>κ-.</span> <span class='ocrx_word' id='word_1_623' title='bbox 3037 3263 3052 3280; x_wconf 68' lang='grc' dir='ltr'><strong>ς</strong></span> <span class='ocrx_word' id='word_1_624' title='bbox 3147 3261 3171 3280; x_wconf 59' lang='grc' dir='ltr'>λ</span> <span class='ocrx_word' id='word_1_625' title='bbox 3373 3264 3387 3280; x_wconf 83' lang='grc'><strong><em>,</em></strong></span> <span class='ocrx_word' id='word_1_626' title='bbox 3700 3263 3747 3280; x_wconf 69' lang='grc' dir='ltr'>ς.</span> 
     </span>
    </p>
   </div>
   <div class='ocr_carea' id='block_1_81' title="bbox 2112 3261 3779 3339">
    <p class='ocr_par' dir='ltr' id='par_1_81' title="bbox 2112 3261 3779 3339">
     <span class='ocr_line' id='line_1_82' title="bbox 2112 3261 3779 3339; baseline -0.002 -17"><span class='ocrx_word' id='word_1_627' title='bbox 2112 3267 2317 3336; x_wconf 79' lang='grc' dir='ltr'>αὐτῶν,</span> <span class='ocrx_word' id='word_1_628' title='bbox 2350 3265 2438 3321; x_wconf 76' lang='grc' dir='ltr'>καὶ</span> <span class='ocrx_word' id='word_1_629' title='bbox 2479 3267 2555 3339; x_wconf 75' lang='grc' dir='ltr'>μὴ</span> <span class='ocrx_word' id='word_1_630' title='bbox 2590 3262 2979 3328; x_wconf 79' lang='grc' dir='ltr'>εἶσελθέτωσαν</span> <span class='ocrx_word' id='word_1_631' title='bbox 3034 3263 3087 3318; x_wconf 78' lang='grc' dir='ltr'>ὲν</span> <span class='ocrx_word' id='word_1_632' title='bbox 3144 3261 3457 3337; x_wconf 72' lang='grc' dir='ltr'>δικαιοσύνῃ</span> <span class='ocrx_word' id='word_1_633' title='bbox 3514 3283 3631 3319; x_wconf 75' lang='grc' dir='ltr'>σουο</span> <span class='ocrx_word' id='word_1_634' title='bbox 3694 3263 3779 3333; x_wconf 82' lang='grc' dir='ltr'>ἐξ·</span> 
     </span>
    </p>
   </div>
   <div class='ocr_carea' id='block_1_82' title="bbox 2113 3348 3775 3432">
    <p class='ocr_par' dir='ltr' id='par_1_82' title="bbox 2113 3348 3775 3432">
     <span class='ocr_line' id='line_1_83' title="bbox 2113 3348 3775 3432; baseline -0.004 -21"><span class='ocrx_word' id='word_1_635' title='bbox 2113 3356 2526 3432; x_wconf 61' lang='grc' dir='ltr'>αλειφθσιςτωσαν</span> <span class='ocrx_word' id='word_1_636' title='bbox 2558 3352 2618 3408; x_wconf 84' lang='grc' dir='ltr'>ἐκ</span> <span class='ocrx_word' id='word_1_637' title='bbox 2652 3348 2855 3428; x_wconf 73' lang='grc' dir='ltr'>βίϐλου</span> <span class='ocrx_word' id='word_1_638' title='bbox 2886 3355 3129 3423; x_wconf 84' lang='grc' dir='ltr'>ζώντων,</span> <span class='ocrx_word' id='word_1_639' title='bbox 3160 3352 3249 3407; x_wconf 78' lang='grc' dir='ltr'>καὶ</span> <span class='ocrx_word' id='word_1_640' title='bbox 3280 3353 3416 3424; x_wconf 82' lang='grc' dir='ltr'>μετᾶ</span> <span class='ocrx_word' id='word_1_641' title='bbox 3446 3351 3668 3407; x_wconf 83' lang='grc' dir='ltr'>δικαίων</span> <span class='ocrx_word' id='word_1_642' title='bbox 3697 3352 3775 3425; x_wconf 79' lang='grc' dir='ltr'>μὴ</span> 
     </span>
    </p>
   </div>
   <div class='ocr_carea' id='block_1_83' title="bbox 2113 3439 3768 3523">
    <p class='ocr_par' dir='ltr' id='par_1_83' title="bbox 2113 3439 3768 3523">
     <span class='ocr_line' id='line_1_84' title="bbox 2113 3439 3768 3523; baseline -0.002 -23"><span class='ocrx_word' id='word_1_643' title='bbox 2113 3446 2497 3523; x_wconf 62' lang='grc' dir='ltr'>γραφήτωσαν.</span> <span class='ocrx_word' id='word_1_644' title='bbox 2586 3444 2979 3516; x_wconf 77' lang='grc' dir='ltr'>Διασκόρπισον</span> <span class='ocrx_word' id='word_1_645' title='bbox 3036 3442 3232 3504; x_wconf 80' lang='grc' dir='ltr'>αὐτοὺς</span> <span class='ocrx_word' id='word_1_646' title='bbox 3291 3440 3341 3495; x_wconf 84' lang='grc' dir='ltr'>ἐν</span> <span class='ocrx_word' id='word_1_647' title='bbox 3408 3445 3477 3515; x_wconf 84' lang='grc' dir='ltr'>τῇ</span> <span class='ocrx_word' id='word_1_648' title='bbox 3539 3439 3768 3513; x_wconf 83' lang='grc' dir='ltr'>δυνάμει</span> 
     </span>
    </p>
   </div>
   <div class='ocr_carea' id='block_1_84' title="bbox 2113 3527 3776 3604">
    <p class='ocr_par' dir='ltr' id='par_1_84' title="bbox 2113 3527 3776 3604">
     <span class='ocr_line' id='line_1_85' title="bbox 2113 3527 3776 3604; baseline -0.004 -14"><span class='ocrx_word' id='word_1_649' title='bbox 2113 3555 2231 3602; x_wconf 90' lang='grc' dir='ltr'>σου,</span> <span class='ocrx_word' id='word_1_650' title='bbox 2263 3534 2353 3589; x_wconf 84' lang='grc' dir='ltr'>καὶ</span> <span class='ocrx_word' id='word_1_651' title='bbox 2384 3527 2660 3588; x_wconf 73' lang='grc' dir='ltr'>κατάϐαλε</span> <span class='ocrx_word' id='word_1_652' title='bbox 2689 3532 2911 3599; x_wconf 71' lang='grc' dir='ltr'>αὐτοὺς,</span> <span class='ocrx_word' id='word_1_653' title='bbox 2970 3533 2998 3586; x_wconf 90' lang='lat'>6</span> <span class='ocrx_word' id='word_1_654' title='bbox 3054 3532 3461 3604; x_wconf 70' lang='grc' dir='ltr'>ὑπερασπιστής</span> <span class='ocrx_word' id='word_1_655' title='bbox 3524 3551 3628 3603; x_wconf 88' lang='grc' dir='ltr'>μου</span> <span class='ocrx_word' id='word_1_656' title='bbox 3671 3531 3776 3588; x_wconf 74' lang='grc' dir='ltr'>Κύ-</span> 
     </span>
    </p>
   </div>
   <div class='ocr_carea' id='block_1_85' title="bbox 2113 3620 3775 3703">
    <p class='ocr_par' dir='ltr' id='par_1_85' title="bbox 2113 3620 3775 3703">
     <span class='ocr_line' id='line_1_86' title="bbox 2113 3620 3775 3703; baseline -0.002 -23"><span class='ocrx_word' id='word_1_657' title='bbox 2113 3647 2213 3703; x_wconf 85' lang='grc' dir='ltr'>ριε.</span> <span class='ocrx_word' id='word_1_658' title='bbox 2252 3625 2350 3680; x_wconf 78' lang='grc' dir='ltr'>Καὶ</span> <span class='ocrx_word' id='word_1_659' title='bbox 2383 3623 2853 3701; x_wconf 68' lang='grc' dir='ltr'>σύλληφθήτωσαν</span> <span class='ocrx_word' id='word_1_660' title='bbox 2887 3622 2941 3677; x_wconf 78' lang='grc' dir='ltr'>ἐν</span> <span class='ocrx_word' id='word_1_661' title='bbox 2973 3625 3042 3696; x_wconf 72' lang='grc' dir='ltr'>τῇ</span> <span class='ocrx_word' id='word_1_662' title='bbox 3105 3621 3442 3701; x_wconf 74' lang='grc' dir='ltr'>ὑπερηφανία</span> <span class='ocrx_word' id='word_1_663' title='bbox 3504 3621 3687 3676; x_wconf 82' lang='grc' dir='ltr'>αὐτῶν</span> <span class='ocrx_word' id='word_1_664' title='bbox 3717 3620 3775 3677; x_wconf 76' lang='grc' dir='ltr'>ἐν</span> 
     </span>
    </p>
   </div>
   <div class='ocr_carea' id='block_1_86' title="bbox 2112 3710 3757 3792">
    <p class='ocr_par' dir='ltr' id='par_1_86' title="bbox 2112 3710 3757 3792">
     <span class='ocr_line' id='line_1_87' title="bbox 2112 3710 3757 3792; baseline -0.005 -21"><span class='ocrx_word' id='word_1_665' title='bbox 2112 3716 2248 3792; x_wconf 77' lang='grc' dir='ltr'>ὀργῇ</span> <span class='ocrx_word' id='word_1_666' title='bbox 2281 3711 2611 3784; x_wconf 76' lang='grc' dir='ltr'>συντελείας,</span> <span class='ocrx_word' id='word_1_667' title='bbox 2642 3712 2732 3767; x_wconf 76' lang='grc' dir='ltr'>καὶ</span> <span class='ocrx_word' id='word_1_668' title='bbox 2766 3713 2829 3767; x_wconf 78' lang='grc' dir='ltr'>οὐ</span> <span class='ocrx_word' id='word_1_669' title='bbox 2875 3713 2952 3786; x_wconf 82' lang='grc' dir='ltr'>μὴ</span> <span class='ocrx_word' id='word_1_670' title='bbox 3015 3711 3313 3787; x_wconf 75' lang='grc' dir='ltr'>ὑπάρξωσι.</span> <span class='ocrx_word' id='word_1_671' title='bbox 3359 3710 3460 3768; x_wconf 86' lang='grc' dir='ltr'>Καὶ</span> <span class='ocrx_word' id='word_1_672' title='bbox 3510 3711 3757 3788; x_wconf 86' lang='grc' dir='ltr'>γνώσον-</span> 
     </span>
    </p>
   </div>
   <div class='ocr_carea' id='block_1_87' title="bbox 2109 3795 3756 3875">
    <p class='ocr_par' dir='ltr' id='par_1_87' title="bbox 2109 3795 3756 3875">
     <span class='ocr_line' id='line_1_88' title="bbox 2109 3795 3756 3875; baseline -0.004 -14"><span class='ocrx_word' id='word_1_673' title='bbox 2109 3827 2198 3861; x_wconf 87' lang='grc' dir='ltr'>ται</span> <span class='ocrx_word' id='word_1_674' title='bbox 2227 3806 2311 3860; x_wconf 83' lang='grc' dir='ltr'>ὃτι</span> <span class='ocrx_word' id='word_1_675' title='bbox 2344 3806 2371 3860; x_wconf 90' lang='lat'>6</span> <span class='ocrx_word' id='word_1_676' title='bbox 2403 3804 2531 3865; x_wconf 84' lang='grc' dir='ltr'>Θεὸς</span> <span class='ocrx_word' id='word_1_677' title='bbox 2563 3800 2810 3872; x_wconf 79' lang='grc' dir='ltr'>δεσπόζει</span> <span class='ocrx_word' id='word_1_678' title='bbox 2839 3806 2937 3856; x_wconf 78' lang='grc' dir='ltr'>τοῦ</span> <span class='ocrx_word' id='word_1_679' title='bbox 2965 3795 3164 3857; x_wconf 77' lang='grc' dir='ltr'>’[ακὼϐ</span> <span class='ocrx_word' id='word_1_680' title='bbox 3222 3801 3313 3856; x_wconf 86' lang='grc' dir='ltr'>καὶ</span> <span class='ocrx_word' id='word_1_681' title='bbox 3370 3805 3478 3855; x_wconf 82' lang='grc' dir='ltr'>τῶν</span> <span class='ocrx_word' id='word_1_682' title='bbox 3509 3801 3756 3875; x_wconf 71' lang='grc' dir='ltr'>περάτων</span> 
     </span>
    </p>
   </div>
   <div class='ocr_carea' id='block_1_88' title="bbox 2109 3886 3760 3970">
    <p class='ocr_par' dir='ltr' id='par_1_88' title="bbox 2109 3886 3760 3970">
     <span class='ocr_line' id='line_1_89' title="bbox 2109 3886 3760 3970; baseline -0.005 -19"><span class='ocrx_word' id='word_1_683' title='bbox 2109 3898 2212 3961; x_wconf 83' lang='grc' dir='ltr'>τῆς</span> <span class='ocrx_word' id='word_1_684' title='bbox 2264 3901 2386 3968; x_wconf 78' lang='grc' dir='ltr'>γῆς.</span> <span class='ocrx_word' id='word_1_685' title='bbox 2448 3893 2563 3970; x_wconf 67' lang='grc' dir='ltr'>Ἐφ’</span> <span class='ocrx_word' id='word_1_686' title='bbox 2615 3894 2698 3953; x_wconf 78' lang='grc' dir='ltr'>οἷς</span> <span class='ocrx_word' id='word_1_687' title='bbox 2756 3888 3025 3961; x_wconf 75' lang='grc' dir='ltr'>δήπουθεν</span> <span class='ocrx_word' id='word_1_688' title='bbox 3085 3886 3465 3965; x_wconf 68' lang='grc' dir='ltr'>διασπαρέντες</span> <span class='ocrx_word' id='word_1_689' title='bbox 3539 3886 3760 3950; x_wconf 71' lang='grc' dir='ltr'>ἐνδίκως</span> 
     </span>
    </p>
   </div>
   <div class='ocr_carea' id='block_1_89' title="bbox 2110 3975 3763 4059">
    <p class='ocr_par' dir='ltr' id='par_1_89' title="bbox 2110 3975 3763 4059">
     <span class='ocr_line' id='line_1_90' title="bbox 2110 3975 3763 4059; baseline -0.004 -22"><span class='ocrx_word' id='word_1_690' title='bbox 2110 3981 2504 4059; x_wconf 75' lang='grc' dir='ltr'>ὶπιγνώσονται</span> <span class='ocrx_word' id='word_1_691' title='bbox 2536 3984 2748 4041; x_wconf 83' lang='grc' dir='ltr'>πάντως</span> <span class='ocrx_word' id='word_1_692' title='bbox 2781 3976 2863 4033; x_wconf 80' lang='grc' dir='ltr'>ὅτι</span> <span class='ocrx_word' id='word_1_693' title='bbox 2905 3976 3034 4039; x_wconf 83' lang='grc' dir='ltr'>Θεός</span> <span class='ocrx_word' id='word_1_694' title='bbox 3094 3975 3235 4032; x_wconf 75' lang='grc' dir='ltr'>ἐστιν</span> <span class='ocrx_word' id='word_1_695' title='bbox 3296 3978 3324 4031; x_wconf 96' lang='lat'>6</span> <span class='ocrx_word' id='word_1_696' title='bbox 3380 3976 3611 4052; x_wconf 75' lang='grc' dir='ltr'>Χριστὸς</span> <span class='ocrx_word' id='word_1_697' title='bbox 3665 3979 3763 4032; x_wconf 78' lang='grc' dir='ltr'>τοῦ</span> 
     </span>
    </p>
   </div>
   <div class='ocr_carea' id='block_1_90' title="bbox 2111 4063 3765 4148">
    <p class='ocr_par' dir='ltr' id='par_1_90' title="bbox 2111 4063 3765 4148">
     <span class='ocr_line' id='line_1_91' title="bbox 2111 4063 3765 4148; baseline -0.005 -19"><span class='ocrx_word' id='word_1_698' title='bbox 2111 4073 2322 4148; x_wconf 84' lang='grc' dir='ltr'>Ηατρὸς</span> <span class='ocrx_word' id='word_1_699' title='bbox 2353 4072 2532 4126; x_wconf 83' lang='grc' dir='ltr'>αὐτῶν</span> <span class='ocrx_word' id='word_1_700' title='bbox 2565 4063 2782 4126; x_wconf 76' lang='grc' dir='ltr'>Ἰακώϐ.</span> <span class='ocrx_word' id='word_1_701' title='bbox 2842 4066 3002 4125; x_wconf 69' lang='grc' dir='ltr'>Οὕτω</span> <span class='ocrx_word' id='word_1_702' title='bbox 3054 4067 3114 4140; x_wconf 70' lang='grc' dir='ltr'>γε</span> <span class='ocrx_word' id='word_1_703' title='bbox 3175 4067 3282 4139; x_wconf 75' lang='grc' dir='ltr'>μὴν</span> <span class='ocrx_word' id='word_1_704' title='bbox 3344 4066 3437 4121; x_wconf 79' lang='grc' dir='ltr'>καὶ</span> <span class='ocrx_word' id='word_1_705' title='bbox 3470 4066 3498 4121; x_wconf 87' lang='lat'>6</span> <span class='ocrx_word' id='word_1_706' title='bbox 3530 4065 3765 4137; x_wconf 82' lang='grc' dir='ltr'>θεόπτης</span> 
     </span>
    </p>
   </div>
   <div class='ocr_carea' id='block_1_91' title="bbox 2111 4150 3772 4230">
    <p class='ocr_par' dir='ltr' id='par_1_91' title="bbox 2111 4150 3772 4230">
     <span class='ocr_line' id='line_1_92' title="bbox 2111 4150 3772 4230; baseline -0.004 -15"><span class='ocrx_word' id='word_1_707' title='bbox 2111 4162 2352 4229; x_wconf 80' lang='grc' dir='ltr'>Μωϋσῆς</span> <span class='ocrx_word' id='word_1_708' title='bbox 2378 4155 2714 4228; x_wconf 80' lang='grc' dir='ltr'>στηλιτεύων</span> <span class='ocrx_word' id='word_1_709' title='bbox 2745 4155 2886 4227; x_wconf 81' lang='grc' dir='ltr'>ὑμᾶς</span> <span class='ocrx_word' id='word_1_710' title='bbox 2918 4153 2994 4218; x_wconf 86' lang='grc' dir='ltr'>ὡς</span> <span class='ocrx_word' id='word_1_711' title='bbox 3031 4151 3331 4230; x_wconf 77' lang='grc' dir='ltr'>βδελυροὺς</span> <span class='ocrx_word' id='word_1_712' title='bbox 3386 4152 3476 4209; x_wconf 85' lang='grc' dir='ltr'>καὶ</span> <span class='ocrx_word' id='word_1_713' title='bbox 3531 4150 3772 4230; x_wconf 80' lang='grc' dir='ltr'>ἄφρονας</span> 
     </span>
    </p>
   </div>
   <div class='ocr_carea' id='block_1_92' title="bbox 2111 4241 3775 4325">
    <p class='ocr_par' dir='ltr' id='par_1_92' title="bbox 2111 4241 3775 4325">
     <span class='ocr_line' id='line_1_93' title="bbox 2111 4241 3775 4325; baseline -0.005 -21"><span class='ocrx_word' id='word_1_714' title='bbox 2111 4248 2201 4304; x_wconf 84' lang='grc' dir='ltr'>καὶ</span> <span class='ocrx_word' id='word_1_715' title='bbox 2232 4248 2548 4325; x_wconf 78' lang='grc' dir='ltr'>ἀγνώμονας</span> <span class='ocrx_word' id='word_1_716' title='bbox 2585 4247 2668 4319; x_wconf 87' lang='grc' dir='ltr'>[Ρ.</span> <span class='ocrx_word' id='word_1_717' title='bbox 2700 4246 2828 4317; x_wconf 83' lang='lat'><strong>220]</strong></span> <span class='ocrx_word' id='word_1_718' title='bbox 2863 4241 2988 4322; x_wconf 69' lang='grc' dir='ltr'>ἔφη.</span> <span class='ocrx_word' id='word_1_719' title='bbox 3051 4242 3230 4300; x_wconf 81' lang='grc' dir='ltr'>Τέκνα</span> <span class='ocrx_word' id='word_1_720' title='bbox 3288 4242 3556 4315; x_wconf 75' lang='grc' dir='ltr'>μωμητα,</span> <span class='ocrx_word' id='word_1_721' title='bbox 3615 4242 3775 4317; x_wconf 77' lang='grc' dir='ltr'>γενεὰ</span> 
     </span>
    </p>
   </div>
   <div class='ocr_carea' id='block_1_93' title="bbox 2112 4330 3778 4411">
    <p class='ocr_par' dir='ltr' id='par_1_93' title="bbox 2112 4330 3778 4411">
     <span class='ocr_line' id='line_1_94' title="bbox 2112 4330 3778 4411; baseline -0.004 -18"><span class='ocrx_word' id='word_1_722' title='bbox 2112 4337 2312 4393; x_wconf 82' lang='grc' dir='ltr'>σκολιᾶ</span> <span class='ocrx_word' id='word_1_723' title='bbox 2339 4335 2428 4391; x_wconf 79' lang='grc' dir='ltr'>καὶ</span> <span class='ocrx_word' id='word_1_724' title='bbox 2473 4332 2901 4411; x_wconf 62' lang='grc' dir='ltr'>διεστραμμένη,</span> <span class='ocrx_word' id='word_1_725' title='bbox 2959 4336 3127 4387; x_wconf 79' lang='grc' dir='ltr'>ταῦτα</span> <span class='ocrx_word' id='word_1_726' title='bbox 3169 4332 3352 4407; x_wconf 82' lang='grc' dir='ltr'>Κυρίῳ</span> <span class='ocrx_word' id='word_1_727' title='bbox 3410 4330 3778 4389; x_wconf 78' lang='grc' dir='ltr'>ἀνταποδίδο-</span> 
     </span>
    </p>
   </div>
   <div class='ocr_carea' id='block_1_94' title="bbox 2110 4420 3774 4499">
    <p class='ocr_par' dir='ltr' id='par_1_94' title="bbox 2110 4420 3774 4499">
     <span class='ocr_line' id='line_1_95' title="bbox 2110 4420 3774 4499; baseline -0.003 -17"><span class='ocrx_word' id='word_1_728' title='bbox 2110 4448 2206 4499; x_wconf 77' lang='grc' dir='ltr'>τες</span> <span class='ocrx_word' id='word_1_729' title='bbox 2249 4426 2420 4488; x_wconf 79' lang='grc' dir='ltr'>Οὗτος</span> <span class='ocrx_word' id='word_1_730' title='bbox 2480 4425 2611 4486; x_wconf 85' lang='grc' dir='ltr'>λαὸς</span> <span class='ocrx_word' id='word_1_731' title='bbox 2656 4424 2839 4498; x_wconf 83' lang='grc' dir='ltr'>μωρὸς</span> <span class='ocrx_word' id='word_1_732' title='bbox 2880 4422 2970 4477; x_wconf 81' lang='grc' dir='ltr'>καὶ</span> <span class='ocrx_word' id='word_1_733' title='bbox 3033 4422 3161 4498; x_wconf 78' lang='grc' dir='ltr'>οὐχὶ</span> <span class='ocrx_word' id='word_1_734' title='bbox 3195 4420 3379 4498; x_wconf 82' lang='grc' dir='ltr'>σοφός.</span> <span class='ocrx_word' id='word_1_735' title='bbox 3438 4422 3556 4480; x_wconf 84' lang='grc' dir='ltr'>Οὐκ</span> <span class='ocrx_word' id='word_1_736' title='bbox 3613 4422 3774 4483; x_wconf 77' lang='grc' dir='ltr'>αὐτὸς</span> 
     </span>
    </p>
   </div>
   <div class='ocr_carea' id='block_1_95' title="bbox 2115 4508 3773 4589">
    <p class='ocr_par' dir='ltr' id='par_1_95' title="bbox 2115 4508 3773 4589">
     <span class='ocr_line' id='line_1_96' title="bbox 2115 4508 3773 4589; baseline -0.004 -17"><span class='ocrx_word' id='word_1_737' title='bbox 2115 4516 2273 4578; x_wconf 72' lang='grc' dir='ltr'>οὗτός</span> <span class='ocrx_word' id='word_1_738' title='bbox 2304 4536 2398 4570; x_wconf 82' lang='grc' dir='ltr'>σου</span> <span class='ocrx_word' id='word_1_739' title='bbox 2441 4515 2625 4589; x_wconf 75' lang='grc' dir='ltr'>Πατὴρ</span> <span class='ocrx_word' id='word_1_740' title='bbox 2683 4511 2948 4583; x_wconf 74' lang='grc' dir='ltr'>ἐκτήσατό</span> <span class='ocrx_word' id='word_1_741' title='bbox 3006 4532 3064 4566; x_wconf 88' lang='grc' dir='ltr'>σε</span> <span class='ocrx_word' id='word_1_742' title='bbox 3131 4512 3220 4566; x_wconf 80' lang='grc' dir='ltr'>καὶ</span> <span class='ocrx_word' id='word_1_743' title='bbox 3281 4508 3505 4582; x_wconf 79' lang='grc' dir='ltr'>ἐποίησέ</span> <span class='ocrx_word' id='word_1_744' title='bbox 3562 4532 3621 4566; x_wconf 85' lang='grc' dir='ltr'>σε</span> <span class='ocrx_word' id='word_1_745' title='bbox 3678 4512 3773 4567; x_wconf 79' lang='grc' dir='ltr'>καὶ</span> 
     </span>
    </p>
   </div>
   <div class='ocr_carea' id='block_1_96' title="bbox 351 4579 2006 4681">
    <p class='ocr_par' dir='ltr' id='par_1_96' title="bbox 351 4579 1999 4681">
     <span class='ocr_line' id='line_1_97' title="bbox 351 4579 1999 4681; baseline -0.003 -17"><span class='ocrx_word' id='word_1_746' title='bbox 351 4579 678 4681; x_wconf 59' lang='grc' dir='ltr'>Ειιριίοριρῑ</span> <span class='ocrx_word' id='word_1_747' title='bbox 692 4611 850 4663; x_wconf 76' lang='lat' dir='ltr'>recte</span> <span class='ocrx_word' id='word_1_748' title='bbox 864 4579 1383 4678; x_wconf 43' lang='lat' dir='ltr'>pronuntiat-Deus</span> <span class='ocrx_word' id='word_1_749' title='bbox 1400 4620 1411 4657; x_wconf 93' lang='lat'><strong>:</strong></span> <span class='ocrx_word' id='word_1_750' title='bbox 1430 4579 1580 4670; x_wconf 80' lang='lat' dir='ltr'>Dixi,</span> <span class='ocrx_word' id='word_1_751' title='bbox 1600 4604 1863 4676; x_wconf 84' lang='lat' dir='ltr'>dijiciam</span> <span class='ocrx_word' id='word_1_752' title='bbox 1878 4621 1999 4673; x_wconf 92' lang='lat' dir='ltr'>eos,</span> 
     </span>
    </p>
   </div>
   <div class='ocr_carea' id='block_1_97' title="bbox 2112 4579 3766 4681">
    <p class='ocr_par' dir='ltr' id='par_1_97' title="bbox 2112 4579 3766 4680">
     <span class='ocr_line' id='line_1_98' title="bbox 2112 4579 3766 4680; baseline -0.003 -18"><span class='ocrx_word' id='word_1_753' title='bbox 2112 4605 2313 4662; x_wconf 81' lang='grc' dir='ltr'>ἔπλασέ</span> <span class='ocrx_word' id='word_1_754' title='bbox 2343 4627 2399 4660; x_wconf 89' lang='grc' dir='ltr'>σε</span> <span class='ocrx_word' id='word_1_755' title='bbox 2433 4624 2445 4673; x_wconf 89' lang='grc'><strong>;</strong></span> <span class='ocrx_word' id='word_1_756' title='bbox 2476 4579 2766 4667; x_wconf 36' lang='grc' dir='ltr'>Κάν-τεῦθεν</span> <span class='ocrx_word' id='word_1_757' title='bbox 2801 4579 3026 4663; x_wconf 80' lang='grc' dir='ltr'>εἰκότως</span> <span class='ocrx_word' id='word_1_758' title='bbox 3086 4601 3248 4680; x_wconf 73' lang='grc' dir='ltr'>φησὶν</span> <span class='ocrx_word' id='word_1_759' title='bbox 3307 4602 3335 4655; x_wconf 88' lang='lat'>6</span> <span class='ocrx_word' id='word_1_760' title='bbox 3391 4579 3543 4663; x_wconf 78' lang='grc' dir='ltr'>Θεός·</span> <span class='ocrx_word' id='word_1_761' title='bbox 3574 4603 3766 4674; x_wconf 71' lang='grc' dir='ltr'>Εἶπον,</span> 
     </span>
    </p>
   </div>
   <div class='ocr_carea' id='block_1_98' title="bbox 353 4691 2001 4765">
    <p class='ocr_par' dir='ltr' id='par_1_98' title="bbox 353 4691 2001 4765">
     <span class='ocr_line' id='line_1_99' title="bbox 353 4691 2001 4765; baseline -0.006 -12"><span class='ocrx_word' id='word_1_762' title='bbox 353 4697 602 4753; x_wconf 89' lang='lat' dir='ltr'>abolebo</span> <span class='ocrx_word' id='word_1_763' title='bbox 624 4713 694 4750; x_wconf 86' lang='lat' dir='ltr'>ex</span> <span class='ocrx_word' id='word_1_764' title='bbox 718 4694 1063 4750; x_wconf 86' lang='lat' dir='ltr'>hominibus</span> <span class='ocrx_word' id='word_1_765' title='bbox 1085 4709 1293 4749; x_wconf 90' lang='lat' dir='ltr'>eorum</span> <span class='ocrx_word' id='word_1_766' title='bbox 1332 4693 1681 4748; x_wconf 90' lang='lat' dir='ltr'>memoriam</span> <span class='ocrx_word' id='word_1_767' title='bbox 1695 4691 1761 4745; x_wconf 82' lang='grc'>³⁵.</span> <span class='ocrx_word' id='word_1_768' title='bbox 1787 4695 1858 4748; x_wconf 90' lang='lat' dir='ltr'>Et</span> <span class='ocrx_word' id='word_1_769' title='bbox 1878 4694 2001 4765; x_wconf 90' lang='lat' dir='ltr'>qui.</span> 
     </span>
    </p>
   </div>
   <div class='ocr_carea' id='block_1_99' title="bbox 353 4782 2001 4857">
    <p class='ocr_par' dir='ltr' id='par_1_99' title="bbox 353 4782 2001 4857">
     <span class='ocr_line' id='line_1_100' title="bbox 353 4782 2001 4857; baseline -0.003 -14"><span class='ocrx_word' id='word_1_770' title='bbox 353 4787 489 4843; x_wconf 91' lang='lat' dir='ltr'>dem</span> <span class='ocrx_word' id='word_1_771' title='bbox 508 4785 763 4856; x_wconf 88' lang='lat' dir='ltr'>inclytus</span> <span class='ocrx_word' id='word_1_772' title='bbox 782 4784 882 4838; x_wconf 88' lang='lat' dir='ltr'>ille</span> <span class='ocrx_word' id='word_1_773' title='bbox 910 4782 1531 4857; x_wconf 88' lang='lat' dir='ltr'>Jeremiasadmodum</span> <span class='ocrx_word' id='word_1_774' title='bbox 1563 4782 1782 4839; x_wconf 90' lang='lat' dir='ltr'>diserte</span> <span class='ocrx_word' id='word_1_775' title='bbox 1804 4785 2001 4856; x_wconf 84' lang='lat' dir='ltr'>expri-</span> 
     </span>
    </p>
   </div>
   <div class='ocr_carea' id='block_1_100' title="bbox 352 4871 1998 4947">
    <p class='ocr_par' dir='ltr' id='par_1_100' title="bbox 352 4871 1998 4947">
     <span class='ocr_line' id='line_1_101' title="bbox 352 4871 1998 4947; baseline -0.001 -14"><span class='ocrx_word' id='word_1_776' title='bbox 352 4877 466 4934; x_wconf 91' lang='lat' dir='ltr'>mit</span> <span class='ocrx_word' id='word_1_777' title='bbox 494 4875 769 4947; x_wconf 90' lang='lat' dir='ltr'>quisnam</span> <span class='ocrx_word' id='word_1_778' title='bbox 796 4873 875 4927; x_wconf 86' lang='lat' dir='ltr'>sit</span> <span class='ocrx_word' id='word_1_779' title='bbox 902 4873 1000 4927; x_wconf 90' lang='lat' dir='ltr'>ille</span> <span class='ocrx_word' id='word_1_780' title='bbox 1041 4872 1143 4944; x_wconf 92' lang='lat' dir='ltr'>qui</span> <span class='ocrx_word' id='word_1_781' title='bbox 1176 4872 1255 4927; x_wconf 87' lang='lat' dir='ltr'>ita</span> <span class='ocrx_word' id='word_1_782' title='bbox 1284 4889 1319 4926; x_wconf 92' lang='lat' dir='ltr'>a</span> <span class='ocrx_word' id='word_1_783' title='bbox 1349 4871 1510 4927; x_wconf 86' lang='lat' dir='ltr'>vobis</span> <span class='ocrx_word' id='word_1_784' title='bbox 1551 4878 1834 4929; x_wconf 88' lang='lat' dir='ltr'>tractatus</span> <span class='ocrx_word' id='word_1_785' title='bbox 1875 4879 1998 4931; x_wconf 90' lang='lat' dir='ltr'>est:</span> 
     </span>
    </p>
   </div>
   <div class='ocr_carea' id='block_1_101' title="bbox 352 4960 2001 5037">
    <p class='ocr_par' dir='ltr' id='par_1_101' title="bbox 352 4960 2001 5037">
     <span class='ocr_line' id='line_1_102' title="bbox 352 4960 2001 5037; baseline -0.001 -17"><span class='ocrx_word' id='word_1_786' title='bbox 352 4964 625 5037; x_wconf 90' lang='lat' dir='ltr'>Spiritus,</span> <span class='ocrx_word' id='word_1_787' title='bbox 659 4962 872 5033; x_wconf 82' lang='lat' dir='ltr'>inquit,</span> <span class='ocrx_word' id='word_1_788' title='bbox 900 4960 1112 5016; x_wconf 89' lang='lat' dir='ltr'>faciem</span> <span class='ocrx_word' id='word_1_789' title='bbox 1144 4966 1397 5015; x_wconf 86' lang='lat' dir='ltr'>vestram</span> <span class='ocrx_word' id='word_1_790' title='bbox 1429 4961 1792 5031; x_wconf 70' lang='lat' dir='ltr'>praacedens,</span> <span class='ocrx_word' id='word_1_791' title='bbox 1834 4964 2001 5018; x_wconf 89' lang='lat' dir='ltr'>Chri-</span> 
     </span>
    </p>
   </div>
   <div class='ocr_carea' id='block_1_102' title="bbox 351 5051 2003 5125">
    <p class='ocr_par' dir='ltr' id='par_1_102' title="bbox 351 5051 2003 5125">
     <span class='ocr_line' id='line_1_103' title="bbox 351 5051 2003 5125; baseline -0.001 -13"><span class='ocrx_word' id='word_1_792' title='bbox 351 5059 496 5123; x_wconf 86' lang='lat' dir='ltr'>stus,</span> <span class='ocrx_word' id='word_1_793' title='bbox 527 5053 989 5125; x_wconf 85' lang='lat' dir='ltr'>comprehensus</span> <span class='ocrx_word' id='word_1_794' title='bbox 1022 5056 1111 5105; x_wconf 89' lang='lat' dir='ltr'>est</span> <span class='ocrx_word' id='word_1_795' title='bbox 1154 5051 1538 5122; x_wconf 86' lang='lat' dir='ltr'>perversitate</span> <span class='ocrx_word' id='word_1_796' title='bbox 1588 5058 1798 5120; x_wconf 87' lang='lat' dir='ltr'>vestra,</span> <span class='ocrx_word' id='word_1_797' title='bbox 1850 5055 1899 5110; x_wconf 91' lang='lat' dir='ltr'>is</span> <span class='ocrx_word' id='word_1_798' title='bbox 1932 5055 2003 5111; x_wconf 91' lang='lat' dir='ltr'>de</span> 
     </span>
    </p>
   </div>
   <div class='ocr_carea' id='block_1_103' title="bbox 2111 4689 3777 4770">
    <p class='ocr_par' dir='ltr' id='par_1_103' title="bbox 2111 4689 3777 4770">
     <span class='ocr_line' id='line_1_104' title="bbox 2111 4689 3777 4770; baseline -0.004 -19"><span class='ocrx_word' id='word_1_799' title='bbox 2111 4695 2383 4770; x_wconf 83' lang='grc' dir='ltr'>διασπερῶ</span> <span class='ocrx_word' id='word_1_800' title='bbox 2414 4693 2632 4763; x_wconf 74' lang='grc' dir='ltr'>αὐτοὺς,</span> <span class='ocrx_word' id='word_1_801' title='bbox 2692 4691 2887 4748; x_wconf 78' lang='grc' dir='ltr'>παύσω</span> <span class='ocrx_word' id='word_1_802' title='bbox 2945 4689 3002 4745; x_wconf 72' lang='grc' dir='ltr'>δὲ</span> <span class='ocrx_word' id='word_1_803' title='bbox 3059 4689 3110 4760; x_wconf 79' lang='grc' dir='ltr'>ἐξ</span> <span class='ocrx_word' id='word_1_804' title='bbox 3167 4689 3464 4766; x_wconf 81' lang='grc' dir='ltr'>ἀνθρώπων</span> <span class='ocrx_word' id='word_1_805' title='bbox 3517 4692 3579 4747; x_wconf 89' lang='grc' dir='ltr'>τὸ</span> <span class='ocrx_word' id='word_1_806' title='bbox 3642 4714 3777 4765; x_wconf 78' lang='grc' dir='ltr'>μνη-</span> 
     </span>
    </p>
   </div>
   <div class='ocr_carea' id='block_1_104' title="bbox 2115 4778 3767 4859">
    <p class='ocr_par' dir='ltr' id='par_1_104' title="bbox 2115 4778 3767 4859">
     <span class='ocr_line' id='line_1_105' title="bbox 2115 4778 3767 4859; baseline -0.004 -18"><span class='ocrx_word' id='word_1_807' title='bbox 2115 4785 2346 4859; x_wconf 87' lang='grc' dir='ltr'>μόσυνον</span> <span class='ocrx_word' id='word_1_808' title='bbox 2379 4783 2580 4839; x_wconf 75' lang='grc' dir='ltr'>αὐτῶν.</span> <span class='ocrx_word' id='word_1_809' title='bbox 2617 4781 2720 4839; x_wconf 83' lang='grc' dir='ltr'>Καὶ</span> <span class='ocrx_word' id='word_1_810' title='bbox 2756 4781 2938 4855; x_wconf 68' lang='grc' dir='ltr'>μέντοι</span> <span class='ocrx_word' id='word_1_811' title='bbox 2996 4778 3089 4835; x_wconf 83' lang='grc' dir='ltr'>καὶ</span> <span class='ocrx_word' id='word_1_812' title='bbox 3143 4780 3172 4834; x_wconf 84' lang='lat'>6</span> <span class='ocrx_word' id='word_1_813' title='bbox 3227 4778 3446 4842; x_wconf 86' lang='grc' dir='ltr'>κλεινὸς</span> <span class='ocrx_word' id='word_1_814' title='bbox 3503 4781 3767 4852; x_wconf 74' lang='grc' dir='ltr'>Ἱερεμίας</span> 
     </span>
    </p>
   </div>
   <div class='ocr_carea' id='block_1_105' title="bbox 2115 4868 3770 4952">
    <p class='ocr_par' dir='ltr' id='par_1_105' title="bbox 2115 4868 3770 4952">
     <span class='ocr_line' id='line_1_106' title="bbox 2115 4868 3770 4952; baseline -0.006 -21"><span class='ocrx_word' id='word_1_815' title='bbox 2115 4874 2265 4950; x_wconf 72' lang='grc' dir='ltr'>μάλα</span> <span class='ocrx_word' id='word_1_816' title='bbox 2294 4874 2604 4952; x_wconf 74' lang='grc' dir='ltr'>σαφηνίζων</span> <span class='ocrx_word' id='word_1_817' title='bbox 2636 4870 2687 4926; x_wconf 77' lang='grc' dir='ltr'>τί</span> <span class='ocrx_word' id='word_1_818' title='bbox 2700 4892 2725 4935; x_wconf 90' lang='grc' dir='ltr'>ς</span> <span class='ocrx_word' id='word_1_819' title='bbox 2784 4869 2944 4933; x_wconf 82' lang='grc' dir='ltr'>οὗτός</span> <span class='ocrx_word' id='word_1_820' title='bbox 3005 4868 3147 4925; x_wconf 76' lang='grc' dir='ltr'>ἐστιν</span> <span class='ocrx_word' id='word_1_821' title='bbox 3209 4870 3237 4924; x_wconf 90' lang='lat'>6</span> <span class='ocrx_word' id='word_1_822' title='bbox 3277 4874 3445 4925; x_wconf 77' lang='grc' dir='ltr'>ταῦτα</span> <span class='ocrx_word' id='word_1_823' title='bbox 3483 4868 3770 4931; x_wconf 83' lang='grc' dir='ltr'>πεπονθὼς</span> 
     </span>
    </p>
   </div>
   <div class='ocr_carea' id='block_1_106' title="bbox 2113 4958 3770 5044">
    <p class='ocr_par' dir='ltr' id='par_1_106' title="bbox 2113 4958 3770 5044">
     <span class='ocr_line' id='line_1_107' title="bbox 2113 4958 3770 5044; baseline -0.006 -25"><span class='ocrx_word' id='word_1_824' title='bbox 2113 4965 2203 5044; x_wconf 72' lang='grc' dir='ltr'>ὑφ’</span> <span class='ocrx_word' id='word_1_825' title='bbox 2234 4964 2407 5037; x_wconf 80' lang='grc' dir='ltr'>ὑμῶν,</span> <span class='ocrx_word' id='word_1_826' title='bbox 2444 4960 2612 5038; x_wconf 64' lang='grc' dir='ltr'>λέγει’</span> <span class='ocrx_word' id='word_1_827' title='bbox 2649 4964 2865 5034; x_wconf 75' lang='grc' dir='ltr'>Πνεῦμα</span> <span class='ocrx_word' id='word_1_828' title='bbox 2922 4960 3030 5034; x_wconf 80' lang='grc' dir='ltr'>πρὸ</span> <span class='ocrx_word' id='word_1_829' title='bbox 3088 4959 3389 5033; x_wconf 82' lang='grc' dir='ltr'>προσώπου</span> <span class='ocrx_word' id='word_1_830' title='bbox 3428 4959 3580 5031; x_wconf 78' lang='grc' dir='ltr'>ὑμῶν</span> <span class='ocrx_word' id='word_1_831' title='bbox 3635 4958 3770 5029; x_wconf 73' lang='grc' dir='ltr'>Χρισ</span> 
     </span>
    </p>
   </div>
   <div class='ocr_carea' id='block_1_107' title="bbox 2114 5040 3771 5126">
    <p class='ocr_par' dir='ltr' id='par_1_107' title="bbox 2114 5040 3771 5126">
     <span class='ocr_line' id='line_1_108' title="bbox 2114 5040 3771 5126; baseline -0.007 -17"><span class='ocrx_word' id='word_1_832' title='bbox 2114 5054 2238 5115; x_wconf 84' lang='grc' dir='ltr'>στὸς</span> <span class='ocrx_word' id='word_1_833' title='bbox 2270 5051 2467 5125; x_wconf 70' lang='grc' dir='ltr'>Κύριος</span> <span class='ocrx_word' id='word_1_834' title='bbox 2500 5048 2814 5126; x_wconf 62' lang='grc' dir='ltr'>συνελήφθη</span> <span class='ocrx_word' id='word_1_835' title='bbox 2858 5047 2910 5104; x_wconf 83' lang='grc' dir='ltr'>ἐν</span> <span class='ocrx_word' id='word_1_836' title='bbox 2964 5053 3084 5110; x_wconf 84' lang='grc' dir='ltr'>ταῖς</span> <span class='ocrx_word' id='word_1_837' title='bbox 3127 5044 3413 5123; x_wconf 73' lang='grc' dir='ltr'>διαφοραῖς</span> <span class='ocrx_word' id='word_1_838' title='bbox 3473 5046 3651 5118; x_wconf 80' lang='grc' dir='ltr'>ὑμῶν,</span> <span class='ocrx_word' id='word_1_839' title='bbox 3707 5040 3771 5099; x_wconf 78' lang='grc' dir='ltr'>οὗ</span> 
     </span>
    </p>
   </div>
   <div class='ocr_carea' id='block_1_108' title="bbox 421 5174 2006 5253">
    <p class='ocr_par' dir='ltr' id='par_1_108' title="bbox 421 5174 2003 5253">
     <span class='ocr_line' id='line_1_109' title="bbox 421 5174 2003 5253; baseline -0.001 -13"><span class='ocrx_word' id='word_1_840' title='bbox 421 5183 470 5220; x_wconf 78' lang='grc'>³⁸</span> <span class='ocrx_word' id='word_1_841' title='bbox 496 5186 611 5241; x_wconf 87' lang='lat' dir='ltr'>Jer.</span> <span class='ocrx_word' id='word_1_842' title='bbox 645 5199 746 5253; x_wconf 83' lang='lat' dir='ltr'>xu,</span> <span class='ocrx_word' id='word_1_843' title='bbox 776 5182 827 5237; x_wconf 92' lang='lat'>8.</span> <span class='ocrx_word' id='word_1_844' title='bbox 907 5179 953 5215; x_wconf 76' lang='grc'>³9</span> <span class='ocrx_word' id='word_1_845' title='bbox 982 5180 1143 5235; x_wconf 87' lang='lat' dir='ltr'>Cant.</span> <span class='ocrx_word' id='word_1_846' title='bbox 1182 5195 1266 5245; x_wconf 85' lang='grc' dir='ltr'>ιιι,</span> <span class='ocrx_word' id='word_1_847' title='bbox 1304 5181 1417 5253; x_wconf 70' lang='lat' dir='ltr'>ll._</span> <span class='ocrx_word' id='word_1_848' title='bbox 1464 5174 1513 5211; x_wconf 78' lang='grc' dir='ltr'>³ο</span> <span class='ocrx_word' id='word_1_849' title='bbox 1546 5178 1655 5233; x_wconf 80' lang='lat' dir='ltr'>[3a.</span> <span class='ocrx_word' id='word_1_850' title='bbox 1706 5196 1836 5246; x_wconf 81' lang='lat' dir='ltr'>Lvu,</span> <span class='ocrx_word' id='word_1_851' title='bbox 1865 5183 1914 5249; x_wconf 85' lang='lat'>3,</span> <span class='ocrx_word' id='word_1_852' title='bbox 1952 5185 2003 5238; x_wconf 79' lang='grc'>4.</span> 
     </span>
    </p>
   </div>
   <div class='ocr_carea' id='block_1_109' title="bbox 2112 5174 3764 5253">
    <p class='ocr_par' dir='ltr' id='par_1_109' title="bbox 2114 5176 3764 5249">
     <span class='ocr_line' id='line_1_110' title="bbox 2114 5176 3764 5249; baseline -0.007 -10"><span class='ocrx_word' id='word_1_853' title='bbox 2114 5184 2128 5217; x_wconf 74' lang='grc' dir='ltr'>ι</span> <span class='ocrx_word' id='word_1_854' title='bbox 2179 5184 2310 5239; x_wconf 87' lang='lat' dir='ltr'>Ose.</span> <span class='ocrx_word' id='word_1_855' title='bbox 2344 5197 2438 5249; x_wconf 87' lang='lat' dir='ltr'>vu,</span> <span class='ocrx_word' id='word_1_856' title='bbox 2473 5181 2561 5236; x_wconf 78' lang='lat' dir='ltr'>l3.</span> <span class='ocrx_word' id='word_1_857' title='bbox 2638 5180 2684 5215; x_wconf 80' lang='grc'>³³</span> <span class='ocrx_word' id='word_1_858' title='bbox 2732 5180 2844 5235; x_wconf 83' lang='lat' dir='ltr'>Jer.</span> <span class='ocrx_word' id='word_1_859' title='bbox 2882 5195 2944 5249; x_wconf 88' lang='grc' dir='ltr'>ιι,</span> <span class='ocrx_word' id='word_1_860' title='bbox 2990 5183 3076 5235; x_wconf 80' lang='grc'>19.</span> <span class='ocrx_word' id='word_1_861' title='bbox 3154 5179 3199 5214; x_wconf 80' lang='grc'>³³</span> <span class='ocrx_word' id='word_1_862' title='bbox 3256 5176 3409 5233; x_wconf 73' lang='lat' dir='ltr'>PSal.</span> <span class='ocrx_word' id='word_1_863' title='bbox 3438 5190 3631 5241; x_wconf 84' lang='lat' dir='ltr'>vam,</span> <span class='ocrx_word' id='word_1_864' title='bbox 3666 5176 3764 5241; x_wconf 77' lang='grc'>24,</span> 
     </span>
    </p>
   </div>
   <div class='ocr_carea' id='block_1_110' title="bbox 352 5249 1856 5323">
    <p class='ocr_par' dir='ltr' id='par_1_110' title="bbox 352 5249 1856 5323">
     <span class='ocr_line' id='line_1_111' title="bbox 352 5249 1856 5323; baseline -0.007 -8"><span class='ocrx_word' id='word_1_865' title='bbox 352 5261 439 5315; x_wconf 78' lang='lat'>25.</span> <span class='ocrx_word' id='word_1_866' title='bbox 521 5258 564 5294; x_wconf 74' lang='grc'>³⁸</span> <span class='ocrx_word' id='word_1_867' title='bbox 593 5249 744 5312; x_wconf 75' lang='lat' dir='ltr'>Psal.</span> <span class='ocrx_word' id='word_1_868' title='bbox 779 5269 934 5323; x_wconf 84' lang='lat' dir='ltr'>Lvm,</span> <span class='ocrx_word' id='word_1_869' title='bbox 968 5255 1036 5307; x_wconf 86' lang='lat'>23</span> <span class='ocrx_word' id='word_1_870' title='bbox 1068 5268 1233 5323; x_wconf 88' lang='lat' dir='ltr'>seqq.</span> <span class='ocrx_word' id='word_1_871' title='bbox 1311 5249 1358 5285; x_wconf 80' lang='grc'>⁸⁵</span> <span class='ocrx_word' id='word_1_872' title='bbox 1389 5251 1554 5305; x_wconf 91' lang='lat' dir='ltr'>Deut.</span> <span class='ocrx_word' id='word_1_873' title='bbox 1584 5266 1735 5318; x_wconf 72' lang='lat' dir='ltr'>xxxx,</span> <span class='ocrx_word' id='word_1_874' title='bbox 1767 5254 1856 5307; x_wconf 84' lang='lat'>26.</span> 
     </span>
    </p>
   </div>
   <div class='ocr_carea' id='block_1_111' title="bbox 1556 5349 2555 5410">
    <p class='ocr_par' dir='ltr' id='par_1_111' title="bbox 1556 5349 2555 5410">
     <span class='ocr_line' id='line_1_112' title="bbox 1556 5349 2555 5410; baseline 0.003 -9"><span class='ocrx_word' id='word_1_875' title='bbox 1556 5349 1914 5408; x_wconf 71' lang='lat' dir='ltr'>XYLANDRI</span> <span class='ocrx_word' id='word_1_876' title='bbox 1954 5354 2040 5409; x_wconf 89' lang='lat' dir='ltr'>ET</span> <span class='ocrx_word' id='word_1_877' title='bbox 2078 5353 2292 5410; x_wconf 77' lang='lat' dir='ltr'>GOARI</span> <span class='ocrx_word' id='word_1_878' title='bbox 2334 5351 2555 5406; x_wconf 70' lang='lat' dir='ltr'>NOTAE.</span> 
     </span>
    </p>
   </div>
   <div class='ocr_carea' id='block_1_112' title="bbox 427 5458 2003 5555">
    <p class='ocr_par' dir='ltr' id='par_1_112' title="bbox 427 5458 2003 5555">
     <span class='ocr_line' id='line_1_113' title="bbox 427 5458 2003 5555; baseline -0.003 -31"><span class='ocrx_word' id='word_1_879' title='bbox 427 5470 669 5555; x_wconf 45' lang='lat'>(49)}!1‘</span> <span class='ocrx_word' id='word_1_880' title='bbox 720 5468 1022 5555; x_wconf 65' lang='lat' dir='ltr'>margine:</span> <span class='ocrx_word' id='word_1_881' title='bbox 1063 5464 1342 5555; x_wconf 64' lang='grc' dir='ltr'>’ξέντεῦθεν</span> <span class='ocrx_word' id='word_1_882' title='bbox 1400 5458 1642 5555; x_wconf 43' lang='grc' dir='ltr'>δύνταξῖαιι</span> <span class='ocrx_word' id='word_1_883' title='bbox 1676 5469 1866 5554; x_wconf 69' lang='grc' dir='ltr'>νοῆσαι</span> <span class='ocrx_word' id='word_1_884' title='bbox 1905 5485 2003 5553; x_wconf 55' lang='grc' dir='ltr'>καε-</span> 
     </span>
    </p>
   </div>
   <div class='ocr_carea' id='block_1_113' title="bbox 358 5532 2007 5636">
    <p class='ocr_par' dir='ltr' id='par_1_113' title="bbox 358 5532 2007 5636">
     <span class='ocr_line' id='line_1_114' title="bbox 358 5532 2007 5636; baseline 0.002 -47"><span class='ocrx_word' id='word_1_885' title='bbox 358 5532 470 5599; x_wconf 68' lang='grc' dir='ltr'>λῶς</span> <span class='ocrx_word' id='word_1_886' title='bbox 500 5532 589 5590; x_wconf 75' lang='grc' dir='ltr'>καὶ</span> <span class='ocrx_word' id='word_1_887' title='bbox 618 5539 679 5592; x_wconf 87' lang='grc' dir='ltr'>τὸ</span> <span class='ocrx_word' id='word_1_888' title='bbox 708 5532 1003 5613; x_wconf 62' lang='grc' dir='ltr'>τροπάριον</span> <span class='ocrx_word' id='word_1_889' title='bbox 1052 5537 1113 5591; x_wconf 85' lang='grc' dir='ltr'>τὸ</span> <span class='ocrx_word' id='word_1_890' title='bbox 1163 5533 1346 5613; x_wconf 70' lang='grc' dir='ltr'>λέγον·</span> <span class='ocrx_word' id='word_1_891' title='bbox 1405 5557 1434 5585; x_wconf 79' lang='grc' dir='ltr'>α</span> <span class='ocrx_word' id='word_1_892' title='bbox 1490 5534 1560 5587; x_wconf 68' lang='grc' dir='ltr'>Σέ</span> <span class='ocrx_word' id='word_1_893' title='bbox 1713 5533 2007 5614; x_wconf 78' lang='grc' dir='ltr'>ἀκανθοφὸ-</span> 
     </span>
     <span class='ocr_line' id='line_1_115' title="bbox 363 5603 2004 5636; baseline 0 0"><span class='ocrx_word' id='word_1_894' title='bbox 363 5626 453 5636; x_wconf 62' lang='grc' dir='ltr'>Α--</span> <span class='ocrx_word' id='word_1_895' title='bbox 478 5603 738 5636; x_wconf 64' lang='grc' dir='ltr'>θυε-..1..-.</span> <span class='ocrx_word' id='word_1_896' title='bbox 773 5610 1051 5636; x_wconf 57' lang='grc' dir='ltr'>--.η--.-ηηὶ</span> <span class='ocrx_word' id='word_1_897' title='bbox 1116 5608 1170 5636; x_wconf 62' lang='grc' dir='ltr'>-.ἶ</span> <span class='ocrx_word' id='word_1_898' title='bbox 1209 5604 1442 5636; x_wconf 62' lang='grc' dir='ltr'>μ---.Ὶ.Σ</span> <span class='ocrx_word' id='word_1_899' title='bbox 1471 5605 1628 5636; x_wconf 59' lang='grc' dir='ltr'>-.ἶ-Α..</span> <span class='ocrx_word' id='word_1_900' title='bbox 1658 5626 1750 5636; x_wconf 69' lang='grc' dir='ltr'>-..η</span> <span class='ocrx_word' id='word_1_901' title='bbox 1781 5608 1915 5636; x_wconf 70' lang='grc'>--1-</span> <span class='ocrx_word' id='word_1_902' title='bbox 1953 5630 2004 5636; x_wconf 70' lang='grc'>-,</span> 
     </span>
    </p>
   </div>
   <div class='ocr_carea' id='block_1_114' title="bbox 359 5603 2007 5684">
    <p class='ocr_par' dir='ltr' id='par_1_114' title="bbox 359 5603 2007 5684">
     <span class='ocr_line' id='line_1_116' title="bbox 359 5603 2007 5684; baseline 0.002 -23"><span class='ocrx_word' id='word_1_903' title='bbox 359 5626 453 5682; x_wconf 85' lang='grc' dir='ltr'>ρος</span> <span class='ocrx_word' id='word_1_904' title='bbox 478 5603 752 5684; x_wconf 55' lang='grc' dir='ltr'>Ἑϐραίων</span> <span class='ocrx_word' id='word_1_905' title='bbox 770 5603 1174 5684; x_wconf 49' lang='grc' dir='ltr'>συνάγωγῂρύ</span> <span class='ocrx_word' id='word_1_906' title='bbox 1207 5603 1446 5684; x_wconf 73' lang='grc' dir='ltr'>στοργλῂ</span> <span class='ocrx_word' id='word_1_907' title='bbox 1471 5603 1753 5684; x_wconf 69' lang='grc' dir='ltr'>εὐεργέτου</span> <span class='ocrx_word' id='word_1_908' title='bbox 1773 5603 2007 5684; x_wconf 58' lang='grc' dir='ltr'>πρόίσε</span> 
     </span>
    </p>
   </div>
   <div class='ocr_carea' id='block_1_115' title="bbox 359 5627 2003 5754">
    <p class='ocr_par' dir='ltr' id='par_1_115' title="bbox 359 5627 2003 5754">
     <span class='ocr_line' id='line_1_117' title="bbox 359 5627 2003 5684; baseline 0.002 -23"><span class='ocrx_word' id='word_1_909' title='bbox 359 5627 453 5682; x_wconf 85' lang='grc' dir='ltr'>ρος</span> <span class='ocrx_word' id='word_1_910' title='bbox 500 5627 739 5680; x_wconf 60' lang='grc' dir='ltr'>ιιοραιων</span> <span class='ocrx_word' id='word_1_911' title='bbox 770 5631 895 5664; x_wconf 85' lang='grc' dir='ltr'>συνα</span> <span class='ocrx_word' id='word_1_912' title='bbox 937 5627 1081 5684; x_wconf 83' lang='grc' dir='ltr'>ωγη,</span> <span class='ocrx_word' id='word_1_913' title='bbox 1113 5627 1174 5663; x_wconf 90' lang='grc' dir='ltr'>ου</span> <span class='ocrx_word' id='word_1_914' title='bbox 1207 5627 1446 5682; x_wconf 83' lang='grc' dir='ltr'>στοργΛη</span> <span class='ocrx_word' id='word_1_915' title='bbox 1471 5627 1588 5678; x_wconf 87' lang='grc' dir='ltr'>ευερ</span> <span class='ocrx_word' id='word_1_916' title='bbox 1632 5627 1753 5660; x_wconf 86' lang='grc' dir='ltr'>ετου</span> <span class='ocrx_word' id='word_1_917' title='bbox 1780 5627 1915 5683; x_wconf 80' lang='grc' dir='ltr'>προς</span> <span class='ocrx_word' id='word_1_918' title='bbox 1949 5630 2003 5665; x_wconf 82' lang='grc' dir='ltr'>σε</span> 
     </span>
     <span class='ocr_line' id='line_1_118' title="bbox 359 5627 2003 5754; baseline 0.004 -23"><span class='ocrx_word' id='word_1_919' title='bbox 359 5678 639 5754; x_wconf 59' lang='grc' dir='ltr'>φυιιάξασα</span> <span class='ocrx_word' id='word_1_920' title='bbox 685 5630 972 5753; x_wconf 49' lang='grc' dir='ltr'>μητρικῖν.</span> <span class='ocrx_word' id='word_1_921' title='bbox 1010 5705 1036 5731; x_wconf 85' lang='grc'><strong>››</strong></span> <span class='ocrx_word' id='word_1_922' title='bbox 1094 5682 1173 5739; x_wconf 92' lang='lat' dir='ltr'>De</span> <span class='ocrx_word' id='word_1_923' title='bbox 1208 5680 1479 5753; x_wconf 88' lang='lat' dir='ltr'>tropariis</span> <span class='ocrx_word' id='word_1_924' title='bbox 1533 5627 1690 5736; x_wconf 37' lang='lat' dir='ltr'>inira</span> <span class='ocrx_word' id='word_1_925' title='bbox 1753 5681 2003 5739; x_wconf 78' lang='lat' dir='ltr'>dicetur.</span> 
     </span>
    </p>
   </div>
   <div class='ocr_carea' id='block_1_116' title="bbox 2116 5460 3775 5538">
    <p class='ocr_par' dir='ltr' id='par_1_116' title="bbox 2116 5460 3775 5538">
     <span class='ocr_line' id='line_1_119' title="bbox 2116 5460 3775 5538; baseline -0.007 -16"><span class='ocrx_word' id='word_1_926' title='bbox 2116 5468 2301 5525; x_wconf 91' lang='lat' dir='ltr'>Locus</span> <span class='ocrx_word' id='word_1_927' title='bbox 2334 5467 2434 5538; x_wconf 91' lang='lat' dir='ltr'>qui</span> <span class='ocrx_word' id='word_1_928' title='bbox 2460 5481 2591 5538; x_wconf 88' lang='lat' dir='ltr'>non</span> <span class='ocrx_word' id='word_1_929' title='bbox 2625 5463 2814 5538; x_wconf 80' lang='lat' dir='ltr'>multo</span> <span class='ocrx_word' id='word_1_930' title='bbox 2847 5470 2981 5538; x_wconf 80' lang='lat' dir='ltr'>post</span> <span class='ocrx_word' id='word_1_931' title='bbox 3030 5464 3246 5538; x_wconf 79' lang='lat' dir='ltr'>citatur</span> <span class='ocrx_word' id='word_1_932' title='bbox 3302 5479 3373 5538; x_wconf 71' lang='lat' dir='ltr'>ex</span> <span class='ocrx_word' id='word_1_933' title='bbox 3429 5460 3775 5538; x_wconf 76' lang='lat' dir='ltr'>Thren.__iv,</span> 
     </span>
    </p>
   </div>
   <div class='ocr_carea' id='block_1_117' title="bbox 2114 5530 3780 5610">
    <p class='ocr_par' dir='ltr' id='par_1_117' title="bbox 2114 5530 3780 5610">
     <span class='ocr_line' id='line_1_120' title="bbox 2114 5530 3780 5610; baseline -0.006 -16"><span class='ocrx_word' id='word_1_934' title='bbox 2114 5540 2195 5594; x_wconf 92' lang='lat' dir='ltr'>ibi</span> <span class='ocrx_word' id='word_1_935' title='bbox 2228 5545 2288 5594; x_wconf 91' lang='lat' dir='ltr'>et</span> <span class='ocrx_word' id='word_1_936' title='bbox 2319 5530 2475 5610; x_wconf 76' lang='lat' dir='ltr'>apud</span> <span class='ocrx_word' id='word_1_937' title='bbox 2516 5530 2870 5610; x_wconf 58' lang='lat' dir='ltr'>Eusebium,</span> <span class='ocrx_word' id='word_1_938' title='bbox 2920 5536 3218 5610; x_wconf 76' lang='lat' dir='ltr'>Iustinum</span> <span class='ocrx_word' id='word_1_939' title='bbox 3259 5533 3544 5610; x_wconf 62' lang='lat' dir='ltr'>aliosque</span> <span class='ocrx_word' id='word_1_940' title='bbox 3604 5530 3780 5610; x_wconf 76' lang='lat' dir='ltr'>aliter</span> 
     </span>
    </p>
   </div>
   <div class='ocr_carea' id='block_1_118' title="bbox 2144 5604 3779 5739">
    <p class='ocr_par' dir='ltr' id='par_1_118' title="bbox 2144 5604 3779 5739">
     <span class='ocr_line' id='line_1_121' title="bbox 2144 5604 3779 5738; baseline -0.006 -72"><span class='ocrx_word' id='word_1_941' title='bbox 2144 5611 2295 5738; x_wconf 48' lang='lat' dir='ltr'>{gul}:</span> <span class='ocrx_word' id='word_1_942' title='bbox 2326 5604 2541 5737; x_wconf 47' lang='lat' dir='ltr'>ligitur</span> <span class='ocrx_word' id='word_1_943' title='bbox 2574 5625 2586 5662; x_wconf 92' lang='lat'>:</span> <span class='ocrx_word' id='word_1_944' title='bbox 2623 5608 2726 5663; x_wconf 89' lang='lat' dir='ltr'>sed</span> <span class='ocrx_word' id='word_1_945' title='bbox 2759 5608 3040 5663; x_wconf 90' lang='lat' dir='ltr'>insistere</span> <span class='ocrx_word' id='word_1_946' title='bbox 3072 5606 3212 5661; x_wconf 90' lang='lat' dir='ltr'>huic</span> <span class='ocrx_word' id='word_1_947' title='bbox 3241 5604 3628 5677; x_wconf 89' lang='lat' dir='ltr'>disputationi</span> <span class='ocrx_word' id='word_1_948' title='bbox 3658 5618 3779 5659; x_wconf 91' lang='lat' dir='ltr'>non</span> 
     </span>
     <span class='ocr_line' id='line_1_122' title="bbox 2144 5697 2486 5739; baseline 0 -2"><span class='ocrx_word' id='word_1_949' title='bbox 2144 5700 2160 5737; x_wconf 91' lang='grc' dir='ltr'>ι</span> <span class='ocrx_word' id='word_1_950' title='bbox 2205 5699 2265 5739; x_wconf 87' lang='grc' dir='ltr'>ιιι</span> <span class='ocrx_word' id='word_1_951' title='bbox 2300 5723 2313 5737; x_wconf 94' lang='grc'><strong>.</strong></span> <span class='ocrx_word' id='word_1_952' title='bbox 2402 5697 2486 5737; x_wconf 80' lang='grc' dir='ltr'>γι..</span> 
     </span>
    </p>
   </div>
  </div>
