  <div class='ocr_page' id='page_1' title='image "/cluster/home/n/w/nwhite01/storage/ocr_20150623/121:no.1/coo.31924054870260/220.png"; bbox 0 0 4154 6414; ppageno 0'>
   <div class='ocr_carea' id='block_1_1' title="bbox 322 346 453 409">
    <p class='ocr_par' dir='ltr' id='par_1_1' title="bbox 322 346 453 409">
     <span class='ocr_line' id='line_1_1' title="bbox 322 346 453 409; baseline -0.008 -1"><span class='ocrx_word' id='word_1_1' title='bbox 322 346 453 409; x_wconf 63' lang='grc'>425</span> 
     </span>
    </p>
   </div>
   <div class='ocr_carea' id='block_1_2' title="bbox 1483 334 2650 404">
    <p class='ocr_par' dir='ltr' id='par_1_2' title="bbox 1483 334 2650 404">
     <span class='ocr_line' id='line_1_2' title="bbox 1483 334 2650 404; baseline 0.006 -7"><span class='ocrx_word' id='word_1_2' title='bbox 1483 334 2038 398; x_wconf 80' lang='lat' dir='ltr'>HISTORIABUM</span> <span class='ocrx_word' id='word_1_3' title='bbox 2082 337 2650 404; x_wconf 86' lang='lat' dir='ltr'>COMPENDIUM.</span> 
     </span>
    </p>
   </div>
   <div class='ocr_carea' id='block_1_3' title="bbox 3643 353 3764 413">
    <p class='ocr_par' dir='ltr' id='par_1_3' title="bbox 3643 353 3764 413">
     <span class='ocr_line' id='line_1_3' title="bbox 3643 353 3764 413; baseline 0.025 -3"><span class='ocrx_word' id='word_1_4' title='bbox 3643 353 3764 413; x_wconf 78' lang='grc'>426</span> 
     </span>
    </p>
   </div>
   <div class='ocr_carea' id='block_1_4' title="bbox 320 465 2009 555">
    <p class='ocr_par' dir='ltr' id='par_1_4' title="bbox 320 465 1990 551">
     <span class='ocr_line' id='line_1_4' title="bbox 320 465 1990 551; baseline -0.007 -16"><span class='ocrx_word' id='word_1_5' title='bbox 320 478 585 551; x_wconf 70' lang='grc' dir='ltr'>εἴπομεν,</span> <span class='ocrx_word' id='word_1_6' title='bbox 614 470 668 529; x_wconf 71' lang='grc' dir='ltr'>ἐν</span> <span class='ocrx_word' id='word_1_7' title='bbox 692 476 766 548; x_wconf 73' lang='grc' dir='ltr'>τῇ</span> <span class='ocrx_word' id='word_1_8' title='bbox 819 474 946 543; x_wconf 80' lang='grc' dir='ltr'>σκιᾷ</span> <span class='ocrx_word' id='word_1_9' title='bbox 996 470 1162 526; x_wconf 81' lang='grc' dir='ltr'>αὐτοῦ</span> <span class='ocrx_word' id='word_1_10' title='bbox 1217 469 1271 525; x_wconf 86' lang='grc' dir='ltr'>ἐν</span> <span class='ocrx_word' id='word_1_11' title='bbox 1329 473 1446 532; x_wconf 82' lang='grc' dir='ltr'>τοῖς</span> <span class='ocrx_word' id='word_1_12' title='bbox 1498 465 1691 527; x_wconf 74' lang='grc' dir='ltr'>ἔθνεσι.</span> <span class='ocrx_word' id='word_1_13' title='bbox 1752 471 1990 525; x_wconf 89' lang='grc' dir='ltr'>Τοιαῦτα</span> 
     </span>
    </p>
   </div>
   <div class='ocr_carea' id='block_1_5' title="bbox 2121 465 3765 555">
    <p class='ocr_par' dir='ltr' id='par_1_5' title="bbox 2121 471 3765 555">
     <span class='ocr_line' id='line_1_5' title="bbox 2121 471 3765 555; baseline 0.01 -29"><span class='ocrx_word' id='word_1_14' title='bbox 2121 486 2220 541; x_wconf 66' lang='lat' dir='ltr'>{uo</span> <span class='ocrx_word' id='word_1_15' title='bbox 2247 471 2646 542; x_wconf 87' lang='lat' dir='ltr'>diximus,sub</span> <span class='ocrx_word' id='word_1_16' title='bbox 2676 475 2891 532; x_wconf 90' lang='lat' dir='ltr'>umbra</span> <span class='ocrx_word' id='word_1_17' title='bbox 2921 477 3052 550; x_wconf 82' lang='lat' dir='ltr'>ejus</span> <span class='ocrx_word' id='word_1_18' title='bbox 3084 495 3207 534; x_wconf 90' lang='lat' dir='ltr'>non</span> <span class='ocrx_word' id='word_1_19' title='bbox 3238 479 3395 537; x_wconf 88' lang='lat' dir='ltr'>inter</span> <span class='ocrx_word' id='word_1_20' title='bbox 3424 490 3630 555; x_wconf 85' lang='lat' dir='ltr'>gentes</span> <span class='ocrx_word' id='word_1_21' title='bbox 3643 501 3765 541; x_wconf 87' lang='lat' dir='ltr'>am-</span> 
     </span>
    </p>
   </div>
   <div class='ocr_carea' id='block_1_6' title="bbox 315 557 1989 645">
    <p class='ocr_par' dir='ltr' id='par_1_6' title="bbox 315 557 1989 645">
     <span class='ocr_line' id='line_1_6' title="bbox 315 557 1989 645; baseline -0.008 -20"><span class='ocrx_word' id='word_1_22' title='bbox 315 574 458 645; x_wconf 80' lang='grc' dir='ltr'>γοῦν</span> <span class='ocrx_word' id='word_1_23' title='bbox 489 567 579 623; x_wconf 79' lang='grc' dir='ltr'>καὶ</span> <span class='ocrx_word' id='word_1_24' title='bbox 627 567 656 621; x_wconf 86' lang='grc' dir='ltr'>ὁ</span> <span class='ocrx_word' id='word_1_25' title='bbox 690 563 965 634; x_wconf 75' lang='grc' dir='ltr'>Σολομῶν</span> <span class='ocrx_word' id='word_1_26' title='bbox 998 560 1151 625; x_wconf 71' lang='grc' dir='ltr'>αὖθις</span> <span class='ocrx_word' id='word_1_27' title='bbox 1199 558 1259 615; x_wconf 82' lang='grc' dir='ltr'>ἐκ</span> <span class='ocrx_word' id='word_1_28' title='bbox 1308 559 1607 635; x_wconf 83' lang='grc' dir='ltr'>προσώπου</span> <span class='ocrx_word' id='word_1_29' title='bbox 1667 557 1822 632; x_wconf 80' lang='grc' dir='ltr'>ὑμῶν</span> <span class='ocrx_word' id='word_1_30' title='bbox 1880 564 1989 614; x_wconf 80' lang='grc' dir='ltr'>τῶν</span> 
     </span>
    </p>
   </div>
   <div class='ocr_carea' id='block_1_7' title="bbox 330 645 1991 733">
    <p class='ocr_par' dir='ltr' id='par_1_7' title="bbox 330 645 1991 733">
     <span class='ocr_line' id='line_1_7' title="bbox 330 645 1991 733; baseline -0.008 -19"><span class='ocrx_word' id='word_1_31' title='bbox 330 656 632 733; x_wconf 87' lang='grc' dir='ltr'>θεομάχων</span> <span class='ocrx_word' id='word_1_32' title='bbox 659 649 967 730; x_wconf 74' lang='grc' dir='ltr'>διαρῥηδην</span> <span class='ocrx_word' id='word_1_33' title='bbox 1002 647 1386 727; x_wconf 75' lang='grc' dir='ltr'>προαγορεύει,</span> <span class='ocrx_word' id='word_1_34' title='bbox 1439 649 1680 726; x_wconf 75' lang='grc' dir='ltr'>φάσκων·</span> <span class='ocrx_word' id='word_1_35' title='bbox 1714 645 1991 721; x_wconf 78' lang='grc' dir='ltr'>Ἐνεδρεύ-</span> 
     </span>
    </p>
   </div>
   <div class='ocr_carea' id='block_1_8' title="bbox 330 736 1993 821">
    <p class='ocr_par' dir='ltr' id='par_1_8' title="bbox 330 736 1993 821">
     <span class='ocr_line' id='line_1_8' title="bbox 330 736 1993 821; baseline -0.007 -18"><span class='ocrx_word' id='word_1_36' title='bbox 330 768 520 821; x_wconf 87' lang='grc' dir='ltr'>σωμεν</span> <span class='ocrx_word' id='word_1_37' title='bbox 546 747 638 802; x_wconf 83' lang='grc' dir='ltr'>τὸν</span> <span class='ocrx_word' id='word_1_38' title='bbox 692 741 927 811; x_wconf 81' lang='grc' dir='ltr'>δίκαιον,</span> <span class='ocrx_word' id='word_1_39' title='bbox 988 738 1071 795; x_wconf 81' lang='grc' dir='ltr'>ὅτι</span> <span class='ocrx_word' id='word_1_40' title='bbox 1139 736 1483 813; x_wconf 77' lang='grc' dir='ltr'>δύσχρηστος</span> <span class='ocrx_word' id='word_1_41' title='bbox 1541 739 1676 810; x_wconf 76' lang='grc' dir='ltr'>ἡμῖν</span> <span class='ocrx_word' id='word_1_42' title='bbox 1737 738 1845 792; x_wconf 83' lang='grc' dir='ltr'>ἐστι</span> <span class='ocrx_word' id='word_1_43' title='bbox 1902 736 1993 792; x_wconf 80' lang='grc' dir='ltr'>καὶ</span> 
     </span>
    </p>
   </div>
   <div class='ocr_carea' id='block_1_9' title="bbox 332 823 1991 906">
    <p class='ocr_par' dir='ltr' id='par_1_9' title="bbox 332 823 1991 906">
     <span class='ocr_line' id='line_1_9' title="bbox 332 823 1991 906; baseline -0.008 -13"><span class='ocrx_word' id='word_1_44' title='bbox 332 838 675 893; x_wconf 79' lang='grc' dir='ltr'>ἐναντιοῦται</span> <span class='ocrx_word' id='word_1_45' title='bbox 732 836 850 893; x_wconf 81' lang='grc' dir='ltr'>τοῖς</span> <span class='ocrx_word' id='word_1_46' title='bbox 910 824 1087 906; x_wconf 77' lang='grc' dir='ltr'>ἔργοις</span> <span class='ocrx_word' id='word_1_47' title='bbox 1144 830 1306 900; x_wconf 75' lang='grc' dir='ltr'>ὴμῶι</span> <span class='ocrx_word' id='word_1_48' title='bbox 1382 825 1473 882; x_wconf 79' lang='grc' dir='ltr'>καὶ</span> <span class='ocrx_word' id='word_1_49' title='bbox 1535 823 1786 896; x_wconf 82' lang='grc' dir='ltr'>ὀνειδίζει</span> <span class='ocrx_word' id='word_1_50' title='bbox 1842 828 1991 899; x_wconf 75' lang='grc' dir='ltr'>ἡμᾶς</span> 
     </span>
    </p>
   </div>
   <div class='ocr_carea' id='block_1_10' title="bbox 334 912 1994 1002">
    <p class='ocr_par' dir='ltr' id='par_1_10' title="bbox 334 912 1994 1002">
     <span class='ocr_line' id='line_1_10' title="bbox 334 912 1994 1002; baseline -0.008 -20"><span class='ocrx_word' id='word_1_51' title='bbox 334 922 611 1002; x_wconf 81' lang='grc' dir='ltr'>ἁμαρτίας</span> <span class='ocrx_word' id='word_1_52' title='bbox 637 924 816 996; x_wconf 81' lang='grc' dir='ltr'>νόμῳ,</span> <span class='ocrx_word' id='word_1_53' title='bbox 863 918 953 974; x_wconf 84' lang='grc' dir='ltr'>καὶ</span> <span class='ocrx_word' id='word_1_54' title='bbox 1011 915 1409 994; x_wconf 81' lang='grc' dir='ltr'>ἐπαγγέλλεται</span> <span class='ocrx_word' id='word_1_55' title='bbox 1450 912 1828 1002; x_wconf 9' lang='grc' dir='ltr'>γνῶσινὲἕχειν</span> <span class='ocrx_word' id='word_1_56' title='bbox 1861 918 1994 970; x_wconf 93' lang='grc' dir='ltr'>Θεοῦ</span> 
     </span>
    </p>
   </div>
   <div class='ocr_carea' id='block_1_11' title="bbox 333 1000 1993 1085">
    <p class='ocr_par' dir='ltr' id='par_1_11' title="bbox 333 1000 1993 1085">
     <span class='ocr_line' id='line_1_11' title="bbox 333 1000 1993 1085; baseline -0.008 -15"><span class='ocrx_word' id='word_1_57' title='bbox 333 1014 434 1071; x_wconf 85' lang='grc' dir='ltr'>καὶ</span> <span class='ocrx_word' id='word_1_58' title='bbox 463 1000 653 1069; x_wconf 15' lang='grc' dir='ltr'>ήΙΙαῖδα</span> <span class='ocrx_word' id='word_1_59' title='bbox 708 1008 912 1085; x_wconf 79' lang='grc' dir='ltr'>Κυρίου</span> <span class='ocrx_word' id='word_1_60' title='bbox 972 1006 1160 1062; x_wconf 77' lang='grc' dir='ltr'>ἑαυτὸν</span> <span class='ocrx_word' id='word_1_61' title='bbox 1218 1005 1498 1079; x_wconf 83' lang='grc' dir='ltr'>ὀνομάζει.</span> <span class='ocrx_word' id='word_1_62' title='bbox 1551 1000 1798 1079; x_wconf 86' lang='grc' dir='ltr'>Ἐγένετο</span> <span class='ocrx_word' id='word_1_63' title='bbox 1856 1006 1993 1078; x_wconf 78' lang='grc' dir='ltr'>ἡμῖν</span> 
     </span>
    </p>
   </div>
   <div class='ocr_carea' id='block_1_12' title="bbox 340 1092 1995 1177">
    <p class='ocr_par' dir='ltr' id='par_1_12' title="bbox 340 1092 1995 1177">
     <span class='ocr_line' id='line_1_12' title="bbox 340 1092 1995 1177; baseline -0.008 -17"><span class='ocrx_word' id='word_1_64' title='bbox 340 1104 419 1166; x_wconf 74' lang='grc' dir='ltr'>εἰς</span> <span class='ocrx_word' id='word_1_65' title='bbox 455 1101 683 1177; x_wconf 83' lang='grc' dir='ltr'>ἔλεγχον</span> <span class='ocrx_word' id='word_1_66' title='bbox 712 1099 929 1155; x_wconf 82' lang='grc' dir='ltr'>ἐννοιῶν</span> <span class='ocrx_word' id='word_1_67' title='bbox 962 1099 1147 1170; x_wconf 80' lang='grc' dir='ltr'>ἡμῶν,</span> <span class='ocrx_word' id='word_1_68' title='bbox 1186 1097 1276 1151; x_wconf 83' lang='grc' dir='ltr'>καὶ</span> <span class='ocrx_word' id='word_1_69' title='bbox 1338 1094 1505 1171; x_wconf 79' lang='grc' dir='ltr'>βαρὺς</span> <span class='ocrx_word' id='word_1_70' title='bbox 1537 1093 1677 1149; x_wconf 77' lang='grc' dir='ltr'>ἐστιν</span> <span class='ocrx_word' id='word_1_71' title='bbox 1737 1097 1872 1167; x_wconf 79' lang='grc' dir='ltr'>ἡμῖν</span> <span class='ocrx_word' id='word_1_72' title='bbox 1904 1092 1995 1148; x_wconf 85' lang='grc' dir='ltr'>καὶ</span> 
     </span>
    </p>
   </div>
   <div class='ocr_carea' id='block_1_13' title="bbox 343 1184 1994 1271">
    <p class='ocr_par' dir='ltr' id='par_1_13' title="bbox 343 1184 1994 1271">
     <span class='ocr_line' id='line_1_13' title="bbox 343 1184 1994 1271; baseline -0.013 -20"><span class='ocrx_word' id='word_1_73' title='bbox 343 1193 713 1271; x_wconf 75' lang='grc' dir='ltr'>βλεπόμενος,</span> <span class='ocrx_word' id='word_1_74' title='bbox 745 1190 830 1246; x_wconf 80' lang='grc' dir='ltr'>ὅτι</span> <span class='ocrx_word' id='word_1_75' title='bbox 860 1188 1118 1262; x_wconf 83' lang='grc' dir='ltr'>ἀνόμοιός</span> <span class='ocrx_word' id='word_1_76' title='bbox 1148 1185 1258 1271; x_wconf 82' lang='grc' dir='ltr'>ἐστι</span> <span class='ocrx_word' id='word_1_77' title='bbox 1285 1193 1403 1247; x_wconf 86' lang='grc' dir='ltr'>τοῖς</span> <span class='ocrx_word' id='word_1_78' title='bbox 1432 1184 1628 1247; x_wconf 81' lang='grc' dir='ltr'>ἄλλοις</span> <span class='ocrx_word' id='word_1_79' title='bbox 1663 1186 1690 1239; x_wconf 86' lang='grc' dir='ltr'><strong>ὁ</strong></span> <span class='ocrx_word' id='word_1_80' title='bbox 1747 1184 1866 1271; x_wconf 63' lang='grc' dir='ltr'>βίρς</span> <span class='ocrx_word' id='word_1_81' title='bbox 1897 1185 1994 1240; x_wconf 73' lang='grc' dir='ltr'>αὖ-</span> 
     </span>
    </p>
   </div>
   <div class='ocr_carea' id='block_1_14' title="bbox 340 1269 1994 1352">
    <p class='ocr_par' dir='ltr' id='par_1_14' title="bbox 340 1269 1994 1352">
     <span class='ocr_line' id='line_1_14' title="bbox 340 1269 1994 1352; baseline -0.007 -13"><span class='ocrx_word' id='word_1_82' title='bbox 340 1269 444 1339; x_wconf 78' lang='grc' dir='ltr'>τοῦ</span> <span class='ocrx_word' id='word_1_83' title='bbox 473 1303 563 1337; x_wconf 85' lang='grc' dir='ltr'>και</span> <span class='ocrx_word' id='word_1_84' title='bbox 596 1278 1002 1352; x_wconf 72' lang='grc' dir='ltr'>ἐξηλλαγμέναι</span> <span class='ocrx_word' id='word_1_85' title='bbox 1033 1276 1088 1332; x_wconf 79' lang='grc' dir='ltr'>αἱ</span> <span class='ocrx_word' id='word_1_86' title='bbox 1113 1270 1296 1352; x_wconf 87' lang='grc' dir='ltr'>τρίϐοι</span> <span class='ocrx_word' id='word_1_87' title='bbox 1352 1274 1538 1332; x_wconf 78' lang='grc' dir='ltr'>αὐτοῦ.</span> <span class='ocrx_word' id='word_1_88' title='bbox 1596 1280 1681 1337; x_wconf 80' lang='grc' dir='ltr'>Ὠς</span> <span class='ocrx_word' id='word_1_89' title='bbox 1726 1269 1994 1345; x_wconf 85' lang='grc' dir='ltr'>κίϐδηλον</span> 
     </span>
    </p>
   </div>
   <div class='ocr_carea' id='block_1_15' title="bbox 338 1362 1997 1448">
    <p class='ocr_par' dir='ltr' id='par_1_15' title="bbox 338 1362 1997 1448">
     <span class='ocr_line' id='line_1_15' title="bbox 338 1362 1997 1448; baseline -0.007 -19"><span class='ocrx_word' id='word_1_90' title='bbox 338 1372 701 1448; x_wconf 74' lang='grc' dir='ltr'>ἐλογίσθημεν</span> <span class='ocrx_word' id='word_1_91' title='bbox 731 1367 903 1440; x_wconf 79' lang='grc' dir='ltr'>αὐτῷ,</span> <span class='ocrx_word' id='word_1_92' title='bbox 934 1367 1025 1422; x_wconf 88' lang='grc' dir='ltr'>καὶ</span> <span class='ocrx_word' id='word_1_93' title='bbox 1065 1366 1325 1442; x_wconf 83' lang='grc' dir='ltr'>ἀπέχεται</span> <span class='ocrx_word' id='word_1_94' title='bbox 1354 1369 1461 1420; x_wconf 77' lang='grc' dir='ltr'>τῶν</span> <span class='ocrx_word' id='word_1_95' title='bbox 1517 1362 1658 1419; x_wconf 82' lang='grc' dir='ltr'>ὁδῶν</span> <span class='ocrx_word' id='word_1_96' title='bbox 1716 1366 1875 1437; x_wconf 81' lang='grc' dir='ltr'>ἡμῶν</span> <span class='ocrx_word' id='word_1_97' title='bbox 1923 1364 1997 1424; x_wconf 87' lang='grc' dir='ltr'>ὡς</span> 
     </span>
    </p>
   </div>
   <div class='ocr_carea' id='block_1_16' title="bbox 338 1449 1999 1534">
    <p class='ocr_par' dir='ltr' id='par_1_16' title="bbox 338 1449 1999 1534">
     <span class='ocr_line' id='line_1_16' title="bbox 338 1449 1999 1534; baseline -0.006 -17"><span class='ocrx_word' id='word_1_98' title='bbox 338 1462 452 1517; x_wconf 79' lang='grc' dir='ltr'>ἀπὸ</span> <span class='ocrx_word' id='word_1_99' title='bbox 483 1461 843 1534; x_wconf 80' lang='grc' dir='ltr'>ἁκαθαρσιῶν.</span> <span class='ocrx_word' id='word_1_100' title='bbox 879 1455 1180 1528; x_wconf 85' lang='grc' dir='ltr'>Μακαρίζει</span> <span class='ocrx_word' id='word_1_101' title='bbox 1238 1451 1296 1509; x_wconf 71' lang='grc' dir='ltr'>δὲ</span> <span class='ocrx_word' id='word_1_102' title='bbox 1351 1449 1556 1530; x_wconf 82' lang='grc' dir='ltr'>ἔσχατα</span> <span class='ocrx_word' id='word_1_103' title='bbox 1606 1451 1850 1524; x_wconf 88' lang='grc' dir='ltr'>δικαίων,</span> <span class='ocrx_word' id='word_1_104' title='bbox 1907 1468 1999 1522; x_wconf 77' lang='grc' dir='ltr'>καὶ</span> 
     </span>
    </p>
   </div>
   <div class='ocr_carea' id='block_1_17' title="bbox 346 1542 2001 1623">
    <p class='ocr_par' dir='ltr' id='par_1_17' title="bbox 346 1542 2001 1623">
     <span class='ocr_line' id='line_1_17' title="bbox 346 1542 2001 1623; baseline -0.007 -15"><span class='ocrx_word' id='word_1_105' title='bbox 346 1550 735 1621; x_wconf 77' lang='grc' dir='ltr'>ἆλσζονεύεται</span> <span class='ocrx_word' id='word_1_106' title='bbox 775 1549 992 1623; x_wconf 83' lang='grc' dir='ltr'>Πατέρα</span> <span class='ocrx_word' id='word_1_107' title='bbox 1022 1545 1173 1603; x_wconf 85' lang='grc' dir='ltr'>Θεὸν.</span> <span class='ocrx_word' id='word_1_108' title='bbox 1208 1542 1438 1619; x_wconf 83' lang='grc' dir='ltr'>Ἴδωμεν</span> <span class='ocrx_word' id='word_1_109' title='bbox 1469 1544 1520 1600; x_wconf 70' lang='grc' dir='ltr'>εἴ</span> <span class='ocrx_word' id='word_1_110' title='bbox 1575 1544 1628 1600; x_wconf 70' lang='grc' dir='ltr'>οἱ</span> <span class='ocrx_word' id='word_1_111' title='bbox 1686 1542 1843 1620; x_wconf 84' lang='grc' dir='ltr'>λόγοι</span> <span class='ocrx_word' id='word_1_112' title='bbox 1901 1543 2001 1598; x_wconf 77' lang='grc' dir='ltr'>αὐ-</span> 
     </span>
    </p>
   </div>
   <div class='ocr_carea' id='block_1_18' title="bbox 344 1630 1998 1711">
    <p class='ocr_par' dir='ltr' id='par_1_18' title="bbox 344 1630 1998 1711">
     <span class='ocr_line' id='line_1_18' title="bbox 344 1630 1998 1711; baseline -0.004 -15"><span class='ocrx_word' id='word_1_113' title='bbox 344 1646 446 1696; x_wconf 83' lang='grc' dir='ltr'>τοῦ</span> <span class='ocrx_word' id='word_1_114' title='bbox 505 1638 637 1695; x_wconf 73' lang='grc' dir='ltr'>εἰσιν</span> <span class='ocrx_word' id='word_1_115' title='bbox 695 1637 944 1709; x_wconf 82' lang='grc' dir='ltr'>ἀληθεῖς,</span> <span class='ocrx_word' id='word_1_116' title='bbox 1003 1634 1093 1691; x_wconf 83' lang='grc' dir='ltr'>καὶ</span> <span class='ocrx_word' id='word_1_117' title='bbox 1151 1634 1494 1711; x_wconf 88' lang='grc' dir='ltr'>πειράσωμεν</span> <span class='ocrx_word' id='word_1_118' title='bbox 1549 1635 1621 1691; x_wconf 81' lang='grc' dir='ltr'>τὰ</span> <span class='ocrx_word' id='word_1_119' title='bbox 1672 1633 1725 1689; x_wconf 89' lang='grc' dir='ltr'>ἐν</span> <span class='ocrx_word' id='word_1_120' title='bbox 1784 1630 1998 1689; x_wconf 83' lang='grc' dir='ltr'>ἐκϐάσει</span> 
     </span>
    </p>
   </div>
   <div class='ocr_carea' id='block_1_19' title="bbox 345 1722 2002 1802">
    <p class='ocr_par' dir='ltr' id='par_1_19' title="bbox 345 1722 2002 1802">
     <span class='ocr_line' id='line_1_19' title="bbox 345 1722 2002 1802; baseline -0.004 -17"><span class='ocrx_word' id='word_1_121' title='bbox 345 1729 540 1786; x_wconf 81' lang='grc' dir='ltr'>αὐτοῦ·</span> <span class='ocrx_word' id='word_1_122' title='bbox 575 1729 622 1784; x_wconf 88' lang='grc' dir='ltr'>εἰ</span> <span class='ocrx_word' id='word_1_123' title='bbox 651 1729 758 1802; x_wconf 87' lang='grc' dir='ltr'>γάρ</span> <span class='ocrx_word' id='word_1_124' title='bbox 817 1725 929 1781; x_wconf 81' lang='grc' dir='ltr'>ἐστι</span> <span class='ocrx_word' id='word_1_125' title='bbox 990 1722 1200 1787; x_wconf 89' lang='grc' dir='ltr'>δίκαιος</span> <span class='ocrx_word' id='word_1_126' title='bbox 1240 1723 1331 1779; x_wconf 77' lang='grc' dir='ltr'>καὶ</span> <span class='ocrx_word' id='word_1_127' title='bbox 1361 1724 1486 1788; x_wconf 77' lang='grc' dir='ltr'>Υἱὸς</span> <span class='ocrx_word' id='word_1_128' title='bbox 1513 1727 1668 1792; x_wconf 88' lang='grc' dir='ltr'>Θεοῦ,</span> <span class='ocrx_word' id='word_1_129' title='bbox 1700 1722 2002 1798; x_wconf 79' lang='grc' dir='ltr'>ἀντιλήψε-</span> 
     </span>
    </p>
   </div>
   <div class='ocr_carea' id='block_1_20' title="bbox 2104 558 3763 641">
    <p class='ocr_par' dir='ltr' id='par_1_20' title="bbox 2104 558 3763 641">
     <span class='ocr_line' id='line_1_20' title="bbox 2104 558 3763 641; baseline 0.011 -28"><span class='ocrx_word' id='word_1_130' title='bbox 2104 558 2418 619; x_wconf 88' lang='lat' dir='ltr'>bulaturos</span> <span class='ocrx_word' id='word_1_131' title='bbox 2441 563 2506 619; x_wconf 61' lang='grc' dir='ltr'><strong>η.</strong></span> <span class='ocrx_word' id='word_1_132' title='bbox 2530 566 2612 621; x_wconf 79' lang='lat' dir='ltr'>Ac</span> <span class='ocrx_word' id='word_1_133' title='bbox 2632 582 2842 622; x_wconf 83' lang='lat' dir='ltr'>rursus</span> <span class='ocrx_word' id='word_1_134' title='bbox 2873 566 3155 624; x_wconf 88' lang='lat' dir='ltr'>Solomon</span> <span class='ocrx_word' id='word_1_135' title='bbox 3187 569 3249 624; x_wconf 89' lang='lat' dir='ltr'>in</span> <span class='ocrx_word' id='word_1_136' title='bbox 3280 587 3537 641; x_wconf 85' lang='lat' dir='ltr'>persona</span> <span class='ocrx_word' id='word_1_137' title='bbox 3550 580 3763 641; x_wconf 86' lang='lat' dir='ltr'>vestra,</span> 
     </span>
    </p>
   </div>
   <div class='ocr_carea' id='block_1_21' title="bbox 2107 652 3765 731">
    <p class='ocr_par' dir='ltr' id='par_1_21' title="bbox 2107 652 3765 731">
     <span class='ocr_line' id='line_1_21' title="bbox 2107 652 3765 731; baseline 0.009 -27"><span class='ocrx_word' id='word_1_138' title='bbox 2107 652 2405 719; x_wconf 89' lang='lat' dir='ltr'>quomodo</span> <span class='ocrx_word' id='word_1_139' title='bbox 2446 655 2657 710; x_wconf 81' lang='lat' dir='ltr'>essetis</span> <span class='ocrx_word' id='word_1_140' title='bbox 2691 657 2804 711; x_wconf 92' lang='lat' dir='ltr'>Deo</span> <span class='ocrx_word' id='word_1_141' title='bbox 2834 656 3222 727; x_wconf 87' lang='lat' dir='ltr'>adversaturi,</span> <span class='ocrx_word' id='word_1_142' title='bbox 3257 660 3529 731; x_wconf 65' lang='lat' dir='ltr'>praedicit</span> <span class='ocrx_word' id='word_1_143' title='bbox 3570 680 3583 717; x_wconf 91' lang='lat'>:</span> <span class='ocrx_word' id='word_1_144' title='bbox 3614 664 3765 718; x_wconf 88' lang='lat' dir='ltr'>Insi-</span> 
     </span>
    </p>
   </div>
   <div class='ocr_carea' id='block_1_22' title="bbox 2106 737 3767 817">
    <p class='ocr_par' dir='ltr' id='par_1_22' title="bbox 2106 737 3767 817">
     <span class='ocr_line' id='line_1_22' title="bbox 2106 737 3767 817; baseline 0.01 -25"><span class='ocrx_word' id='word_1_145' title='bbox 2106 737 2361 810; x_wconf 90' lang='lat' dir='ltr'>diemur,</span> <span class='ocrx_word' id='word_1_146' title='bbox 2397 742 2615 815; x_wconf 86' lang='lat' dir='ltr'>inquit,</span> <span class='ocrx_word' id='word_1_147' title='bbox 2637 744 2804 817; x_wconf 84' lang='lat' dir='ltr'>justo</span> <span class='ocrx_word' id='word_1_148' title='bbox 2839 745 2903 801; x_wconf 70' lang='grc'>1³.</span> <span class='ocrx_word' id='word_1_149' title='bbox 2938 749 3040 802; x_wconf 90' lang='lat' dir='ltr'>Est</span> <span class='ocrx_word' id='word_1_150' title='bbox 3097 748 3258 804; x_wconf 89' lang='lat' dir='ltr'>enim</span> <span class='ocrx_word' id='word_1_151' title='bbox 3318 749 3493 805; x_wconf 90' lang='lat' dir='ltr'>nobis</span> <span class='ocrx_word' id='word_1_152' title='bbox 3537 753 3767 808; x_wconf 84' lang='lat' dir='ltr'>incom-</span> 
     </span>
    </p>
   </div>
   <div class='ocr_carea' id='block_1_23' title="bbox 2106 828 3765 911">
    <p class='ocr_par' dir='ltr' id='par_1_23' title="bbox 2106 828 3765 911">
     <span class='ocr_line' id='line_1_23' title="bbox 2106 828 3765 911; baseline 0.009 -30"><span class='ocrx_word' id='word_1_153' title='bbox 2106 828 2343 898; x_wconf 90' lang='lat' dir='ltr'>modus,</span> <span class='ocrx_word' id='word_1_154' title='bbox 2378 836 2555 903; x_wconf 87' lang='lat' dir='ltr'>atque</span> <span class='ocrx_word' id='word_1_155' title='bbox 2586 832 2758 889; x_wconf 90' lang='lat' dir='ltr'>factis</span> <span class='ocrx_word' id='word_1_156' title='bbox 2793 835 3015 891; x_wconf 90' lang='lat' dir='ltr'>nostris</span> <span class='ocrx_word' id='word_1_157' title='bbox 3045 836 3411 909; x_wconf 84' lang='lat' dir='ltr'>adversatur,</span> <span class='ocrx_word' id='word_1_158' title='bbox 3442 847 3765 911; x_wconf 87' lang='lat' dir='ltr'>nostraque</span> 
     </span>
    </p>
   </div>
   <div class='ocr_carea' id='block_1_24' title="bbox 2108 917 3766 997">
    <p class='ocr_par' dir='ltr' id='par_1_24' title="bbox 2108 917 3766 997">
     <span class='ocr_line' id='line_1_24' title="bbox 2108 917 3766 997; baseline 0.008 -26"><span class='ocrx_word' id='word_1_159' title='bbox 2108 932 2179 970; x_wconf 87' lang='lat' dir='ltr'>ex</span> <span class='ocrx_word' id='word_1_160' title='bbox 2202 917 2328 990; x_wconf 82' lang='lat' dir='ltr'>lege</span> <span class='ocrx_word' id='word_1_161' title='bbox 2360 926 2603 991; x_wconf 88' lang='lat' dir='ltr'>peccata</span> <span class='ocrx_word' id='word_1_162' title='bbox 2624 922 2797 979; x_wconf 90' lang='lat' dir='ltr'>nobis</span> <span class='ocrx_word' id='word_1_163' title='bbox 2829 926 3185 997; x_wconf 83' lang='lat' dir='ltr'>exprobrat:</span> <span class='ocrx_word' id='word_1_164' title='bbox 3219 928 3492 985; x_wconf 82' lang='lat' dir='ltr'>notitiam</span> <span class='ocrx_word' id='word_1_165' title='bbox 3516 930 3618 985; x_wconf 89' lang='lat' dir='ltr'>Dei</span> <span class='ocrx_word' id='word_1_166' title='bbox 3653 930 3766 985; x_wconf 90' lang='lat' dir='ltr'>sibi</span> 
     </span>
    </p>
   </div>
   <div class='ocr_carea' id='block_1_25' title="bbox 2108 1007 3772 1091">
    <p class='ocr_par' dir='ltr' id='par_1_25' title="bbox 2108 1007 3772 1091">
     <span class='ocr_line' id='line_1_25' title="bbox 2108 1007 3772 1091; baseline 0.011 -33"><span class='ocrx_word' id='word_1_167' title='bbox 2108 1007 2310 1079; x_wconf 87' lang='lat' dir='ltr'>sumit,</span> <span class='ocrx_word' id='word_1_168' title='bbox 2344 1026 2524 1081; x_wconf 90' lang='lat' dir='ltr'>seque</span> <span class='ocrx_word' id='word_1_169' title='bbox 2556 1012 2772 1068; x_wconf 89' lang='lat' dir='ltr'>Filium</span> <span class='ocrx_word' id='word_1_170' title='bbox 2794 1015 2897 1069; x_wconf 91' lang='lat' dir='ltr'>Dei</span> <span class='ocrx_word' id='word_1_171' title='bbox 2930 1016 3219 1071; x_wconf 88' lang='lat' dir='ltr'>nominat.</span> <span class='ocrx_word' id='word_1_172' title='bbox 3272 1018 3480 1091; x_wconf 81' lang='lat' dir='ltr'>Arguit</span> <span class='ocrx_word' id='word_1_173' title='bbox 3535 1025 3772 1076; x_wconf 84' lang='lat' dir='ltr'>nostras</span> 
     </span>
    </p>
   </div>
   <div class='ocr_carea' id='block_1_26' title="bbox 2110 1097 3772 1177">
    <p class='ocr_par' dir='ltr' id='par_1_26' title="bbox 2110 1097 3772 1177">
     <span class='ocr_line' id='line_1_26' title="bbox 2110 1097 3772 1177; baseline 0.008 -28"><span class='ocrx_word' id='word_1_174' title='bbox 2110 1097 2518 1168; x_wconf 78' lang='lat' dir='ltr'>cogitationes,</span> <span class='ocrx_word' id='word_1_175' title='bbox 2545 1102 2699 1157; x_wconf 72' lang='lat'>886</span> <span class='ocrx_word' id='word_1_176' title='bbox 2737 1109 2794 1158; x_wconf 93' lang='lat' dir='ltr'>et</span> <span class='ocrx_word' id='word_1_177' title='bbox 2824 1103 2918 1159; x_wconf 92' lang='lat' dir='ltr'>vel</span> <span class='ocrx_word' id='word_1_178' title='bbox 2970 1111 3215 1177; x_wconf 88' lang='lat' dir='ltr'>aspectu</span> <span class='ocrx_word' id='word_1_179' title='bbox 3265 1107 3438 1163; x_wconf 90' lang='lat' dir='ltr'>nobis</span> <span class='ocrx_word' id='word_1_180' title='bbox 3487 1109 3772 1165; x_wconf 79' lang='lat' dir='ltr'>molestus</span> 
     </span>
    </p>
   </div>
   <div class='ocr_carea' id='block_1_27' title="bbox 2111 1188 3769 1268">
    <p class='ocr_par' dir='ltr' id='par_1_27' title="bbox 2111 1188 3769 1268">
     <span class='ocr_line' id='line_1_27' title="bbox 2111 1188 3769 1268; baseline 0.009 -30"><span class='ocrx_word' id='word_1_181' title='bbox 2111 1191 2218 1241; x_wconf 88' lang='lat' dir='ltr'>est.</span> <span class='ocrx_word' id='word_1_182' title='bbox 2246 1188 2563 1245; x_wconf 86' lang='lat' dir='ltr'>Dissimilis</span> <span class='ocrx_word' id='word_1_183' title='bbox 2594 1191 2849 1247; x_wconf 91' lang='lat' dir='ltr'>aliorum</span> <span class='ocrx_word' id='word_1_184' title='bbox 2882 1193 3013 1249; x_wconf 62' lang='lat' dir='ltr'>vita;</span> <span class='ocrx_word' id='word_1_185' title='bbox 3049 1200 3136 1249; x_wconf 85' lang='lat' dir='ltr'>est</span> <span class='ocrx_word' id='word_1_186' title='bbox 3165 1196 3282 1250; x_wconf 86' lang='lat' dir='ltr'>vita</span> <span class='ocrx_word' id='word_1_187' title='bbox 3328 1197 3480 1268; x_wconf 86' lang='lat' dir='ltr'>ejus,</span> <span class='ocrx_word' id='word_1_188' title='bbox 3544 1215 3769 1253; x_wconf 81' lang='lat' dir='ltr'>.nores-</span> 
     </span>
    </p>
   </div>
   <div class='ocr_carea' id='block_1_28' title="bbox 2111 1276 3768 1357">
    <p class='ocr_par' dir='ltr' id='par_1_28' title="bbox 2111 1276 3768 1357">
     <span class='ocr_line' id='line_1_28' title="bbox 2111 1276 3768 1357; baseline 0.009 -29"><span class='ocrx_word' id='word_1_189' title='bbox 2111 1290 2223 1343; x_wconf 89' lang='lat' dir='ltr'>que</span> <span class='ocrx_word' id='word_1_190' title='bbox 2250 1276 2378 1348; x_wconf 91' lang='lat' dir='ltr'>ejus</span> <span class='ocrx_word' id='word_1_191' title='bbox 2409 1279 2679 1336; x_wconf 88' lang='lat' dir='ltr'>inusitati</span> <span class='ocrx_word' id='word_1_192' title='bbox 2710 1282 3098 1339; x_wconf 86' lang='lat' dir='ltr'>nobis.Habet</span> <span class='ocrx_word' id='word_1_193' title='bbox 3126 1301 3233 1340; x_wconf 90' lang='lat' dir='ltr'>nos</span> <span class='ocrx_word' id='word_1_194' title='bbox 3263 1303 3369 1357; x_wconf 91' lang='lat' dir='ltr'>pro</span> <span class='ocrx_word' id='word_1_195' title='bbox 3392 1287 3768 1357; x_wconf 77' lang='lat' dir='ltr'>adulterinis,</span> 
     </span>
    </p>
   </div>
   <div class='ocr_carea' id='block_1_29' title="bbox 2112 1368 3774 1445">
    <p class='ocr_par' dir='ltr' id='par_1_29' title="bbox 2112 1368 3774 1445">
     <span class='ocr_line' id='line_1_29' title="bbox 2112 1368 3774 1445; baseline 0.008 -27"><span class='ocrx_word' id='word_1_196' title='bbox 2112 1368 2169 1418; x_wconf 89' lang='lat' dir='ltr'>et</span> <span class='ocrx_word' id='word_1_197' title='bbox 2208 1382 2243 1421; x_wconf 90' lang='lat' dir='ltr'>a</span> <span class='ocrx_word' id='word_1_198' title='bbox 2274 1368 2494 1423; x_wconf 87' lang='lat' dir='ltr'>nostris</span> <span class='ocrx_word' id='word_1_199' title='bbox 2525 1370 2794 1427; x_wconf 89' lang='lat' dir='ltr'>moribus</span> <span class='ocrx_word' id='word_1_200' title='bbox 2824 1372 3072 1444; x_wconf 87' lang='lat' dir='ltr'>perinde</span> <span class='ocrx_word' id='word_1_201' title='bbox 3098 1380 3275 1445; x_wconf 89' lang='lat' dir='ltr'>atque</span> <span class='ocrx_word' id='word_1_202' title='bbox 3308 1375 3774 1433; x_wconf 76' lang='lat' dir='ltr'>abimmunditia</span> 
     </span>
    </p>
   </div>
   <div class='ocr_carea' id='block_1_30' title="bbox 2110 1454 3767 1537">
    <p class='ocr_par' dir='ltr' id='par_1_30' title="bbox 2110 1454 3767 1537">
     <span class='ocr_line' id='line_1_30' title="bbox 2110 1454 3767 1537; baseline 0.008 -28"><span class='ocrx_word' id='word_1_203' title='bbox 2110 1454 2389 1512; x_wconf 85' lang='lat' dir='ltr'>abstinet.</span> <span class='ocrx_word' id='word_1_204' title='bbox 2416 1458 2661 1515; x_wconf 89' lang='lat' dir='ltr'>Beatum</span> <span class='ocrx_word' id='word_1_205' title='bbox 2691 1461 2978 1532; x_wconf 66' lang='lat' dir='ltr'>praedicat</span> <span class='ocrx_word' id='word_1_206' title='bbox 3008 1464 3190 1518; x_wconf 84' lang='lat' dir='ltr'>finem</span> <span class='ocrx_word' id='word_1_207' title='bbox 3209 1465 3533 1537; x_wconf 88' lang='lat' dir='ltr'>justorum,</span> <span class='ocrx_word' id='word_1_208' title='bbox 3552 1469 3767 1523; x_wconf 85' lang='lat' dir='ltr'>Deum-</span> 
     </span>
    </p>
   </div>
   <div class='ocr_carea' id='block_1_31' title="bbox 2112 1546 3776 1624">
    <p class='ocr_par' dir='ltr' id='par_1_31' title="bbox 2112 1546 3776 1624">
     <span class='ocr_line' id='line_1_31' title="bbox 2112 1546 3776 1624; baseline 0.01 -27"><span class='ocrx_word' id='word_1_209' title='bbox 2112 1560 2227 1615; x_wconf 90' lang='lat' dir='ltr'>que</span> <span class='ocrx_word' id='word_1_210' title='bbox 2254 1546 2491 1601; x_wconf 89' lang='lat' dir='ltr'>Patrem</span> <span class='ocrx_word' id='word_1_211' title='bbox 2524 1565 2698 1604; x_wconf 89' lang='lat' dir='ltr'>suum</span> <span class='ocrx_word' id='word_1_212' title='bbox 2723 1549 2929 1620; x_wconf 89' lang='lat' dir='ltr'>jactat.</span> <span class='ocrx_word' id='word_1_213' title='bbox 2977 1553 3370 1624; x_wconf 84' lang='lat' dir='ltr'>Experiamur</span> <span class='ocrx_word' id='word_1_214' title='bbox 3405 1573 3620 1612; x_wconf 82' lang='lat' dir='ltr'>verane</span> <span class='ocrx_word' id='word_1_215' title='bbox 3654 1557 3776 1612; x_wconf 91' lang='lat' dir='ltr'>sint</span> 
     </span>
    </p>
   </div>
   <div class='ocr_carea' id='block_1_32' title="bbox 2114 1633 3773 1715">
    <p class='ocr_par' dir='ltr' id='par_1_32' title="bbox 2114 1633 3773 1715">
     <span class='ocr_line' id='line_1_32' title="bbox 2114 1633 3773 1715; baseline 0.007 -27"><span class='ocrx_word' id='word_1_216' title='bbox 2114 1633 2243 1704; x_wconf 89' lang='lat' dir='ltr'>ejus</span> <span class='ocrx_word' id='word_1_217' title='bbox 2269 1634 2466 1701; x_wconf 88' lang='lat' dir='ltr'>verba,</span> <span class='ocrx_word' id='word_1_218' title='bbox 2501 1638 2846 1710; x_wconf 88' lang='lat' dir='ltr'>exitumque</span> <span class='ocrx_word' id='word_1_219' title='bbox 2894 1641 3025 1713; x_wconf 91' lang='lat' dir='ltr'>ejus</span> <span class='ocrx_word' id='word_1_220' title='bbox 3075 1643 3475 1715; x_wconf 83' lang='lat' dir='ltr'>exploremus.</span> <span class='ocrx_word' id='word_1_221' title='bbox 3502 1645 3557 1701; x_wconf 88' lang='lat' dir='ltr'>Si</span> <span class='ocrx_word' id='word_1_222' title='bbox 3613 1645 3773 1701; x_wconf 90' lang='lat' dir='ltr'>enim</span> 
     </span>
    </p>
   </div>
   <div class='ocr_carea' id='block_1_33' title="bbox 2106 1721 3773 1805">
    <p class='ocr_par' dir='ltr' id='par_1_33' title="bbox 2106 1721 3773 1805">
     <span class='ocr_line' id='line_1_33' title="bbox 2106 1721 3773 1805; baseline 0.008 -29"><span class='ocrx_word' id='word_1_223' title='bbox 2106 1721 2307 1793; x_wconf 88' lang='lat' dir='ltr'>justus</span> <span class='ocrx_word' id='word_1_224' title='bbox 2332 1729 2494 1779; x_wconf 91' lang='lat' dir='ltr'>estet</span> <span class='ocrx_word' id='word_1_225' title='bbox 2523 1726 2706 1781; x_wconf 89' lang='lat' dir='ltr'>Filius</span> <span class='ocrx_word' id='word_1_226' title='bbox 2721 1728 3105 1797; x_wconf 90' lang='lat' dir='ltr'>Dei,tutelam</span> <span class='ocrx_word' id='word_1_227' title='bbox 3137 1732 3267 1802; x_wconf 89' lang='lat' dir='ltr'>ejus</span> <span class='ocrx_word' id='word_1_228' title='bbox 3298 1734 3773 1805; x_wconf 90' lang='lat' dir='ltr'>suscipietDeus,</span> 
     </span>
    </p>
   </div>
   <div class='ocr_carea' id='block_1_34' title="bbox 341 1811 2009 1908">
    <p class='ocr_par' dir='ltr' id='par_1_34' title="bbox 341 1811 1999 1891">
     <span class='ocr_line' id='line_1_34' title="bbox 341 1811 1999 1891; baseline -0.005 -16"><span class='ocrx_word' id='word_1_229' title='bbox 341 1841 436 1875; x_wconf 85' lang='grc' dir='ltr'>ται</span> <span class='ocrx_word' id='word_1_230' title='bbox 467 1819 635 1873; x_wconf 78' lang='grc' dir='ltr'>αὐτοῦ</span> <span class='ocrx_word' id='word_1_231' title='bbox 672 1815 761 1870; x_wconf 76' lang='grc' dir='ltr'>καὶ</span> <span class='ocrx_word' id='word_1_232' title='bbox 813 1813 1033 1891; x_wconf 67' lang='grc' dir='ltr'>ῥύσεται</span> <span class='ocrx_word' id='word_1_233' title='bbox 1086 1812 1250 1869; x_wconf 81' lang='grc' dir='ltr'>αὐτὸν</span> <span class='ocrx_word' id='word_1_234' title='bbox 1310 1811 1370 1867; x_wconf 85' lang='grc' dir='ltr'>ἐκ</span> <span class='ocrx_word' id='word_1_235' title='bbox 1426 1813 1614 1888; x_wconf 78' lang='grc' dir='ltr'>χειρὸς</span> <span class='ocrx_word' id='word_1_236' title='bbox 1671 1812 1999 1883; x_wconf 81' lang='grc' dir='ltr'>ἀνθεστηκό·</span> 
     </span>
    </p>
   </div>
   <div class='ocr_carea' id='block_1_35' title="bbox 2121 1811 3775 1908">
    <p class='ocr_par' dir='ltr' id='par_1_35' title="bbox 2121 1816 3775 1884">
     <span class='ocr_line' id='line_1_35' title="bbox 2121 1816 3775 1884; baseline 0.008 -18"><span class='ocrx_word' id='word_1_237' title='bbox 2121 1828 2375 1884; x_wconf 89' lang='lat' dir='ltr'>eumque</span> <span class='ocrx_word' id='word_1_238' title='bbox 2401 1830 2468 1869; x_wconf 76' lang='lat' dir='ltr'>ex</span> <span class='ocrx_word' id='word_1_239' title='bbox 2501 1816 2976 1873; x_wconf 90' lang='lat' dir='ltr'>adversariorum</span> <span class='ocrx_word' id='word_1_240' title='bbox 3006 1820 3285 1876; x_wconf 90' lang='lat' dir='ltr'>manibus</span> <span class='ocrx_word' id='word_1_241' title='bbox 3340 1822 3634 1879; x_wconf 89' lang='lat' dir='ltr'>liberabit.</span> <span class='ocrx_word' id='word_1_242' title='bbox 3670 1826 3775 1879; x_wconf 90' lang='lat' dir='ltr'>In-</span> 
     </span>
    </p>
   </div>
   <div class='ocr_carea' id='block_1_36' title="bbox 344 1899 2002 1980">
    <p class='ocr_par' dir='ltr' id='par_1_36' title="bbox 344 1899 2002 1980">
     <span class='ocr_line' id='line_1_36' title="bbox 344 1899 2002 1980; baseline -0.003 -18"><span class='ocrx_word' id='word_1_243' title='bbox 344 1931 479 1966; x_wconf 78' lang='grc' dir='ltr'>των.</span> <span class='ocrx_word' id='word_1_244' title='bbox 513 1901 697 1980; x_wconf 82' lang='grc' dir='ltr'>Ὕϐρει</span> <span class='ocrx_word' id='word_1_245' title='bbox 728 1904 820 1959; x_wconf 82' lang='grc' dir='ltr'>καὶ</span> <span class='ocrx_word' id='word_1_246' title='bbox 878 1903 1092 1979; x_wconf 80' lang='grc' dir='ltr'>βασάνῳ</span> <span class='ocrx_word' id='word_1_247' title='bbox 1150 1902 1427 1977; x_wconf 83' lang='grc' dir='ltr'>ἐτάσωμεν</span> <span class='ocrx_word' id='word_1_248' title='bbox 1485 1901 1668 1969; x_wconf 75' lang='grc' dir='ltr'>αὐτὸν,</span> <span class='ocrx_word' id='word_1_249' title='bbox 1724 1899 1822 1957; x_wconf 71' lang='grc' dir='ltr'>’ίνα</span> <span class='ocrx_word' id='word_1_250' title='bbox 1859 1907 2002 1979; x_wconf 79' lang='grc' dir='ltr'>’(νῶ-</span> 
     </span>
    </p>
   </div>
   <div class='ocr_carea' id='block_1_37' title="bbox 350 1989 2004 2073">
    <p class='ocr_par' dir='ltr' id='par_1_37' title="bbox 350 1989 2004 2073">
     <span class='ocr_line' id='line_1_37' title="bbox 350 1989 2004 2073; baseline -0.004 -21"><span class='ocrx_word' id='word_1_251' title='bbox 350 2019 453 2073; x_wconf 87' lang='grc' dir='ltr'>μεν</span> <span class='ocrx_word' id='word_1_252' title='bbox 534 1998 633 2066; x_wconf 69' lang='grc' dir='ltr'>τὴν</span> <span class='ocrx_word' id='word_1_253' title='bbox 693 1994 985 2049; x_wconf 84' lang='grc' dir='ltr'>ἐπιείκειαν</span> <span class='ocrx_word' id='word_1_254' title='bbox 1068 1993 1261 2059; x_wconf 83' lang='grc' dir='ltr'>αὐτοῦ,</span> <span class='ocrx_word' id='word_1_255' title='bbox 1317 1991 1406 2046; x_wconf 86' lang='grc' dir='ltr'>καὶ</span> <span class='ocrx_word' id='word_1_256' title='bbox 1469 1989 1856 2065; x_wconf 79' lang='grc' dir='ltr'>δοκιμάσωμεν</span> <span class='ocrx_word' id='word_1_257' title='bbox 1906 1991 2004 2060; x_wconf 78' lang='grc' dir='ltr'>τὴν</span> 
     </span>
    </p>
   </div>
   <div class='ocr_carea' id='block_1_38' title="bbox 345 2078 2006 2161">
    <p class='ocr_par' dir='ltr' id='par_1_38' title="bbox 345 2078 2006 2161">
     <span class='ocr_line' id='line_1_38' title="bbox 345 2078 2006 2161; baseline -0.005 -18"><span class='ocrx_word' id='word_1_258' title='bbox 345 2084 691 2161; x_wconf 76' lang='grc' dir='ltr'>ἀνεξικακίαν</span> <span class='ocrx_word' id='word_1_259' title='bbox 720 2083 908 2140; x_wconf 81' lang='grc' dir='ltr'>αὐτοῦ.</span> <span class='ocrx_word' id='word_1_260' title='bbox 942 2082 1163 2157; x_wconf 83' lang='grc' dir='ltr'>Θανάτῳ</span> <span class='ocrx_word' id='word_1_261' title='bbox 1221 2082 1504 2157; x_wconf 83' lang='grc' dir='ltr'>ἆσχήμονι</span> <span class='ocrx_word' id='word_1_262' title='bbox 1561 2078 2006 2153; x_wconf 85' lang='grc' dir='ltr'>καταδικάσωμεν</span> 
     </span>
    </p>
   </div>
   <div class='ocr_carea' id='block_1_39' title="bbox 344 2165 2010 2247">
    <p class='ocr_par' dir='ltr' id='par_1_39' title="bbox 344 2165 2010 2247">
     <span class='ocr_line' id='line_1_39' title="bbox 344 2165 2010 2247; baseline -0.005 -14"><span class='ocrx_word' id='word_1_263' title='bbox 344 2177 538 2245; x_wconf 74' lang='grc' dir='ltr'>αὐτὸν,</span> <span class='ocrx_word' id='word_1_264' title='bbox 569 2173 661 2230; x_wconf 72' lang='grc' dir='ltr'>καὶ</span> <span class='ocrx_word' id='word_1_265' title='bbox 695 2171 898 2247; x_wconf 75' lang='grc' dir='ltr'>ἴδωμεν</span> <span class='ocrx_word' id='word_1_266' title='bbox 932 2171 976 2227; x_wconf 86' lang='grc' dir='ltr'>εἷ</span> <span class='ocrx_word' id='word_1_267' title='bbox 1009 2165 1156 2227; x_wconf 76' lang='grc' dir='ltr'>ἔσται</span> <span class='ocrx_word' id='word_1_268' title='bbox 1188 2173 1334 2241; x_wconf 83' lang='grc' dir='ltr'>αὐτῷ</span> <span class='ocrx_word' id='word_1_269' title='bbox 1390 2168 1661 2241; x_wconf 78' lang='grc' dir='ltr'>ἐπισκοπή</span> <span class='ocrx_word' id='word_1_270' title='bbox 1721 2168 1781 2225; x_wconf 81' lang='grc' dir='ltr'>ἐκ</span> <span class='ocrx_word' id='word_1_271' title='bbox 1826 2167 2010 2246; x_wconf 79' lang='grc' dir='ltr'>λόγων</span> 
     </span>
    </p>
   </div>
   <div class='ocr_carea' id='block_1_40' title="bbox 342 2257 2012 2338">
    <p class='ocr_par' dir='ltr' id='par_1_40' title="bbox 342 2257 2012 2338">
     <span class='ocr_line' id='line_1_40' title="bbox 342 2257 2012 2338; baseline -0.005 -15"><span class='ocrx_word' id='word_1_272' title='bbox 342 2266 536 2323; x_wconf 80' lang='grc' dir='ltr'>αὐτοῦ.</span> <span class='ocrx_word' id='word_1_273' title='bbox 565 2266 662 2319; x_wconf 86' lang='grc' dir='ltr'>Ὧν</span> <span class='ocrx_word' id='word_1_274' title='bbox 691 2265 791 2332; x_wconf 75' lang='grc' dir='ltr'>τήν</span> <span class='ocrx_word' id='word_1_275' title='bbox 820 2261 1115 2338; x_wconf 86' lang='grc' dir='ltr'>παράνοιάν</span> <span class='ocrx_word' id='word_1_276' title='bbox 1175 2281 1235 2316; x_wconf 89' lang='grc' dir='ltr'>τε</span> <span class='ocrx_word' id='word_1_277' title='bbox 1290 2259 1382 2315; x_wconf 86' lang='grc' dir='ltr'>καὶ</span> <span class='ocrx_word' id='word_1_278' title='bbox 1422 2257 1737 2335; x_wconf 83' lang='grc' dir='ltr'>δυσμένειαν</span> <span class='ocrx_word' id='word_1_279' title='bbox 1770 2258 1827 2315; x_wconf 70' lang='grc' dir='ltr'>εὖ</span> <span class='ocrx_word' id='word_1_280' title='bbox 1862 2258 2012 2326; x_wconf 85' lang='grc' dir='ltr'>μάλα</span> 
     </span>
    </p>
   </div>
   <div class='ocr_carea' id='block_1_41' title="bbox 341 2346 2014 2428">
    <p class='ocr_par' dir='ltr' id='par_1_41' title="bbox 341 2346 2014 2428">
     <span class='ocr_line' id='line_1_41' title="bbox 341 2346 2014 2428; baseline -0.007 -16"><span class='ocrx_word' id='word_1_281' title='bbox 341 2357 633 2428; x_wconf 60' lang='grc' dir='ltr'>κερτομιῖη</span> <span class='ocrx_word' id='word_1_282' title='bbox 692 2351 957 2425; x_wconf 83' lang='grc' dir='ltr'>ἐπήγαγε’</span> <span class='ocrx_word' id='word_1_283' title='bbox 1014 2353 1198 2408; x_wconf 88' lang='grc' dir='ltr'>Ταῦτα</span> <span class='ocrx_word' id='word_1_284' title='bbox 1246 2346 1563 2424; x_wconf 83' lang='grc' dir='ltr'>ἐλογίσαντο</span> <span class='ocrx_word' id='word_1_285' title='bbox 1618 2347 1709 2405; x_wconf 84' lang='grc' dir='ltr'>καὶ</span> <span class='ocrx_word' id='word_1_286' title='bbox 1769 2347 2014 2421; x_wconf 84' lang='grc' dir='ltr'>ἐπλανή-</span> 
     </span>
    </p>
   </div>
   <div class='ocr_carea' id='block_1_42' title="bbox 347 2436 2009 2520">
    <p class='ocr_par' dir='ltr' id='par_1_42' title="bbox 347 2436 2009 2520">
     <span class='ocr_line' id='line_1_42' title="bbox 347 2436 2009 2520; baseline -0.003 -22"><span class='ocrx_word' id='word_1_287' title='bbox 347 2449 546 2515; x_wconf 60' lang='grc' dir='ltr'>θησαν</span> <span class='ocrx_word' id='word_1_288' title='bbox 581 2439 944 2520; x_wconf 74' lang='grc' dir='ltr'>ἀπετύφλωσε</span> <span class='ocrx_word' id='word_1_289' title='bbox 973 2438 1074 2516; x_wconf 78' lang='grc' dir='ltr'>γὰρ</span> <span class='ocrx_word' id='word_1_290' title='bbox 1124 2436 1319 2500; x_wconf 80' lang='grc' dir='ltr'>αὐτοὺς</span> <span class='ocrx_word' id='word_1_291' title='bbox 1349 2441 1385 2508; x_wconf 73' lang='grc' dir='ltr'>ἡ</span> <span class='ocrx_word' id='word_1_292' title='bbox 1443 2437 1601 2494; x_wconf 80' lang='grc' dir='ltr'>κακία</span> <span class='ocrx_word' id='word_1_293' title='bbox 1658 2438 1855 2509; x_wconf 79' lang='grc' dir='ltr'>αὐτῶν,</span> <span class='ocrx_word' id='word_1_294' title='bbox 1921 2439 2009 2493; x_wconf 86' lang='grc' dir='ltr'>καὶ</span> 
     </span>
    </p>
   </div>
   <div class='ocr_carea' id='block_1_43' title="bbox 343 2523 2012 2607">
    <p class='ocr_par' dir='ltr' id='par_1_43' title="bbox 343 2523 2012 2607">
     <span class='ocr_line' id='line_1_43' title="bbox 343 2523 2012 2607; baseline -0.005 -19"><span class='ocrx_word' id='word_1_295' title='bbox 343 2532 450 2588; x_wconf 79' lang='grc' dir='ltr'>οὐκ</span> <span class='ocrx_word' id='word_1_296' title='bbox 480 2526 717 2607; x_wconf 78' lang='grc' dir='ltr'>ἔγνωσαν</span> <span class='ocrx_word' id='word_1_297' title='bbox 752 2529 1027 2604; x_wconf 74' lang='grc' dir='ltr'>μυστήρια</span> <span class='ocrx_word' id='word_1_298' title='bbox 1076 2530 1231 2584; x_wconf 87' lang='grc' dir='ltr'>Θεοῦ.</span> <span class='ocrx_word' id='word_1_299' title='bbox 1273 2526 1377 2590; x_wconf 78' lang='grc' dir='ltr'>Οὕς</span> <span class='ocrx_word' id='word_1_300' title='bbox 1428 2523 1496 2596; x_wconf 83' lang='grc' dir='ltr'>δὴ</span> <span class='ocrx_word' id='word_1_301' title='bbox 1527 2528 1617 2581; x_wconf 76' lang='grc' dir='ltr'>καὶ</span> <span class='ocrx_word' id='word_1_302' title='bbox 1676 2527 1703 2582; x_wconf 89' lang='grc' dir='ltr'>ὁ</span> <span class='ocrx_word' id='word_1_303' title='bbox 1735 2526 2012 2590; x_wconf 74' lang='grc' dir='ltr'>Θεσπέσιος</span> 
     </span>
    </p>
   </div>
   <div class='ocr_carea' id='block_1_44' title="bbox 346 2612 2013 2693">
    <p class='ocr_par' dir='ltr' id='par_1_44' title="bbox 346 2612 2013 2693">
     <span class='ocr_line' id='line_1_44' title="bbox 346 2612 2013 2693; baseline -0.004 -17"><span class='ocrx_word' id='word_1_304' title='bbox 346 2617 583 2681; x_wconf 75' lang='grc' dir='ltr'>Ἠσαίας</span> <span class='ocrx_word' id='word_1_305' title='bbox 625 2621 843 2693; x_wconf 78' lang='grc' dir='ltr'>θρηνῶν</span> <span class='ocrx_word' id='word_1_306' title='bbox 904 2612 1234 2688; x_wconf 82' lang='grc' dir='ltr'>συνᾳδόντως</span> <span class='ocrx_word' id='word_1_307' title='bbox 1296 2612 1462 2690; x_wconf 81' lang='grc' dir='ltr'>λέγει’</span> <span class='ocrx_word' id='word_1_308' title='bbox 1523 2614 1662 2673; x_wconf 80' lang='grc' dir='ltr'>Οὐαὶ</span> <span class='ocrx_word' id='word_1_309' title='bbox 1737 2618 1807 2690; x_wconf 78' lang='grc' dir='ltr'>τῇ</span> <span class='ocrx_word' id='word_1_310' title='bbox 1858 2616 2013 2690; x_wconf 79' lang='grc' dir='ltr'>ψυχῇ</span> 
     </span>
    </p>
   </div>
   <div class='ocr_carea' id='block_1_45' title="bbox 357 2701 2017 2780">
    <p class='ocr_par' dir='ltr' id='par_1_45' title="bbox 357 2701 2017 2780">
     <span class='ocr_line' id='line_1_45' title="bbox 357 2701 2017 2780; baseline -0.004 -16"><span class='ocrx_word' id='word_1_311' title='bbox 357 2711 568 2777; x_wconf 74' lang='grc' dir='ltr'>αὐτῶν,</span> <span class='ocrx_word' id='word_1_312' title='bbox 603 2704 745 2763; x_wconf 82' lang='grc' dir='ltr'>διότι</span> <span class='ocrx_word' id='word_1_313' title='bbox 781 2701 1177 2761; x_wconf 80' lang='grc' dir='ltr'>ἐϐουλεύσαντο</span> <span class='ocrx_word' id='word_1_314' title='bbox 1212 2704 1421 2780; x_wconf 67' lang='grc' dir='ltr'>βουλὴν</span> <span class='ocrx_word' id='word_1_315' title='bbox 1454 2704 1695 2779; x_wconf 85' lang='grc' dir='ltr'>πονηρὰν</span> <span class='ocrx_word' id='word_1_316' title='bbox 1722 2705 1842 2759; x_wconf 82' lang='grc' dir='ltr'>καθ’</span> <span class='ocrx_word' id='word_1_317' title='bbox 1897 2705 2017 2760; x_wconf 74' lang='grc' dir='ltr'>ἑαυ-</span> 
     </span>
    </p>
   </div>
   <div class='ocr_carea' id='block_1_46' title="bbox 355 2790 2016 2868">
    <p class='ocr_par' dir='ltr' id='par_1_46' title="bbox 355 2790 2016 2868">
     <span class='ocr_line' id='line_1_46' title="bbox 355 2790 2016 2868; baseline -0.002 -16"><span class='ocrx_word' id='word_1_318' title='bbox 355 2802 493 2867; x_wconf 81' lang='grc' dir='ltr'>τῶν,</span> <span class='ocrx_word' id='word_1_319' title='bbox 521 2796 786 2856; x_wconf 71' lang='grc' dir='ltr'>εἷπόντες·</span> <span class='ocrx_word' id='word_1_320' title='bbox 822 2796 1084 2868; x_wconf 83' lang='grc' dir='ltr'>Δήσωμεν</span> <span class='ocrx_word' id='word_1_321' title='bbox 1115 2796 1207 2849; x_wconf 80' lang='grc' dir='ltr'>τὸν</span> <span class='ocrx_word' id='word_1_322' title='bbox 1239 2790 1470 2864; x_wconf 89' lang='grc' dir='ltr'>δίκαιον,</span> <span class='ocrx_word' id='word_1_323' title='bbox 1532 2796 1615 2849; x_wconf 80' lang='grc' dir='ltr'>ὅτι</span> <span class='ocrx_word' id='word_1_324' title='bbox 1668 2791 2016 2868; x_wconf 79' lang='grc' dir='ltr'>δύσχρηστος</span> 
     </span>
    </p>
   </div>
   <div class='ocr_carea' id='block_1_47' title="bbox 357 2880 2019 2960">
    <p class='ocr_par' dir='ltr' id='par_1_47' title="bbox 357 2880 2019 2960">
     <span class='ocr_line' id='line_1_47' title="bbox 357 2880 2019 2960; baseline -0.002 -19"><span class='ocrx_word' id='word_1_325' title='bbox 357 2889 501 2960; x_wconf 80' lang='grc' dir='ltr'>ἡμῖν</span> <span class='ocrx_word' id='word_1_326' title='bbox 536 2885 670 2943; x_wconf 88' lang='grc' dir='ltr'>ἐστι.</span> <span class='ocrx_word' id='word_1_327' title='bbox 704 2882 980 2941; x_wconf 84' lang='grc' dir='ltr'>Δέδεικται</span> <span class='ocrx_word' id='word_1_328' title='bbox 1008 2882 1187 2939; x_wconf 82' lang='grc' dir='ltr'>τοίνυν</span> <span class='ocrx_word' id='word_1_329' title='bbox 1249 2880 1602 2957; x_wconf 75' lang='grc' dir='ltr'>ἐναργέστατα</span> <span class='ocrx_word' id='word_1_330' title='bbox 1652 2884 1688 2952; x_wconf 76' lang='grc' dir='ltr'><strong>ἡ</strong></span> <span class='ocrx_word' id='word_1_331' title='bbox 1746 2882 1891 2939; x_wconf 77' lang='grc' dir='ltr'>αἰτία</span> <span class='ocrx_word' id='word_1_332' title='bbox 1919 2890 2019 2953; x_wconf 78' lang='grc' dir='ltr'>τῆς</span> 
     </span>
    </p>
   </div>
   <div class='ocr_carea' id='block_1_48' title="bbox 364 2970 2017 3050">
    <p class='ocr_par' dir='ltr' id='par_1_48' title="bbox 364 2970 2017 3050">
     <span class='ocr_line' id='line_1_48' title="bbox 364 2970 2017 3050; baseline -0.003 -18"><span class='ocrx_word' id='word_1_333' title='bbox 364 2978 519 3050; x_wconf 66' lang='grc' dir='ltr'>ὑμῶν</span> <span class='ocrx_word' id='word_1_334' title='bbox 552 2977 656 3031; x_wconf 76' lang='grc' dir='ltr'>ἀπὸ</span> <span class='ocrx_word' id='word_1_335' title='bbox 686 2978 821 3031; x_wconf 87' lang='grc' dir='ltr'>Θεοῦ</span> <span class='ocrx_word' id='word_1_336' title='bbox 850 2971 1275 3048; x_wconf 82' lang='grc' dir='ltr'>ἀλλοτριώσεως</span> <span class='ocrx_word' id='word_1_337' title='bbox 1314 2972 1405 3027; x_wconf 80' lang='grc' dir='ltr'>καὶ</span> <span class='ocrx_word' id='word_1_338' title='bbox 1462 2970 1895 3048; x_wconf 78' lang='grc' dir='ltr'>ἐγκαταλείψεως</span> <span class='ocrx_word' id='word_1_339' title='bbox 1926 2973 2017 3028; x_wconf 79' lang='grc' dir='ltr'>καὶ</span> 
     </span>
    </p>
   </div>
   <div class='ocr_carea' id='block_1_49' title="bbox 364 3059 2020 3138">
    <p class='ocr_par' dir='ltr' id='par_1_49' title="bbox 364 3059 2020 3138">
     <span class='ocr_line' id='line_1_49' title="bbox 364 3059 2020 3138; baseline -0.001 -20"><span class='ocrx_word' id='word_1_340' title='bbox 364 3072 469 3132; x_wconf 71' lang='grc' dir='ltr'>τῆς</span> <span class='ocrx_word' id='word_1_341' title='bbox 526 3062 803 3131; x_wconf 73' lang='grc' dir='ltr'>διηνεκοῦς</span> <span class='ocrx_word' id='word_1_342' title='bbox 883 3061 977 3117; x_wconf 86' lang='grc' dir='ltr'>καὶ</span> <span class='ocrx_word' id='word_1_343' title='bbox 1034 3060 1340 3138; x_wconf 84' lang='grc' dir='ltr'>ἀπεράντου</span> <span class='ocrx_word' id='word_1_344' title='bbox 1399 3060 1797 3136; x_wconf 85' lang='grc' dir='ltr'>ταλαιπωρίας,</span> <span class='ocrx_word' id='word_1_345' title='bbox 1867 3059 2020 3136; x_wconf 77' lang='grc' dir='ltr'>εἷ’περ</span> 
     </span>
    </p>
   </div>
   <div class='ocr_carea' id='block_1_50' title="bbox 376 3149 2012 3228">
    <p class='ocr_par' dir='ltr' id='par_1_50' title="bbox 376 3149 2012 3228">
     <span class='ocr_line' id='line_1_50' title="bbox 376 3149 2012 3228; baseline 0.001 -22"><span class='ocrx_word' id='word_1_346' title='bbox 376 3151 639 3228; x_wconf 71' lang='grc' dir='ltr'>βούλεσθε</span> <span class='ocrx_word' id='word_1_347' title='bbox 664 3152 942 3213; x_wconf 69' lang='grc' dir='ltr'>ἆκοῦοντες</span> <span class='ocrx_word' id='word_1_348' title='bbox 974 3150 1286 3226; x_wconf 80' lang='grc' dir='ltr'>ἐπιγνῶναι.</span> <span class='ocrx_word' id='word_1_349' title='bbox 1321 3149 1421 3205; x_wconf 77' lang='grc' dir='ltr'>Καὶ</span> <span class='ocrx_word' id='word_1_350' title='bbox 1487 3151 1611 3226; x_wconf 83' lang='grc' dir='ltr'>περὶ</span> <span class='ocrx_word' id='word_1_351' title='bbox 1647 3151 1740 3225; x_wconf 72' lang='grc' dir='ltr'>μὲν</span> <span class='ocrx_word' id='word_1_352' title='bbox 1799 3158 1901 3221; x_wconf 83' lang='grc' dir='ltr'>τῆς</span> <span class='ocrx_word' id='word_1_353' title='bbox 1956 3151 2012 3207; x_wconf 84' lang='grc' dir='ltr'>ἐν</span> 
     </span>
    </p>
   </div>
   <div class='ocr_carea' id='block_1_51' title="bbox 364 3237 2011 3321">
    <p class='ocr_par' dir='ltr' id='par_1_51' title="bbox 364 3237 2011 3321">
     <span class='ocr_line' id='line_1_51' title="bbox 364 3237 2011 3321; baseline -0.002 -23"><span class='ocrx_word' id='word_1_354' title='bbox 364 3237 655 3299; x_wconf 77' lang='grc' dir='ltr'>Βαϐυλῶνι</span> <span class='ocrx_word' id='word_1_355' title='bbox 686 3240 1070 3321; x_wconf 75' lang='grc' dir='ltr'>αἰχμαλωσίας</span> <span class='ocrx_word' id='word_1_356' title='bbox 1105 3241 1255 3315; x_wconf 77' lang='grc' dir='ltr'>ὑμῶν</span> <span class='ocrx_word' id='word_1_357' title='bbox 1316 3237 1618 3315; x_wconf 81' lang='grc' dir='ltr'>ὡρισμένον</span> <span class='ocrx_word' id='word_1_358' title='bbox 1675 3241 1877 3316; x_wconf 89' lang='grc' dir='ltr'>χρόνον</span> <span class='ocrx_word' id='word_1_359' title='bbox 1921 3241 2011 3295; x_wconf 79' lang='grc' dir='ltr'>εῖ-</span> 
     </span>
    </p>
   </div>
   <div class='ocr_carea' id='block_1_52' title="bbox 353 3326 2012 3409">
    <p class='ocr_par' dir='ltr' id='par_1_52' title="bbox 353 3326 2012 3409">
     <span class='ocr_line' id='line_1_52' title="bbox 353 3326 2012 3409; baseline -0.002 -24"><span class='ocrx_word' id='word_1_360' title='bbox 353 3350 463 3385; x_wconf 87' lang='grc' dir='ltr'>πον</span> <span class='ocrx_word' id='word_1_361' title='bbox 485 3331 536 3384; x_wconf 81' lang='grc' dir='ltr'>οἱ</span> <span class='ocrx_word' id='word_1_362' title='bbox 587 3337 885 3409; x_wconf 72' lang='grc' dir='ltr'>προφῆται,</span> <span class='ocrx_word' id='word_1_363' title='bbox 941 3328 1032 3383; x_wconf 83' lang='grc' dir='ltr'>καὶ</span> <span class='ocrx_word' id='word_1_364' title='bbox 1094 3328 1274 3401; x_wconf 82' lang='grc' dir='ltr'>μέντοι</span> <span class='ocrx_word' id='word_1_365' title='bbox 1331 3349 1393 3403; x_wconf 88' lang='grc' dir='ltr'>γε</span> <span class='ocrx_word' id='word_1_366' title='bbox 1449 3329 1540 3383; x_wconf 79' lang='grc' dir='ltr'>καὶ</span> <span class='ocrx_word' id='word_1_367' title='bbox 1590 3330 1692 3398; x_wconf 76' lang='grc' dir='ltr'>τὴν</span> <span class='ocrx_word' id='word_1_368' title='bbox 1752 3326 2012 3384; x_wconf 71' lang='grc' dir='ltr'>ἐπάνοδον</span> 
     </span>
    </p>
   </div>
   <div class='ocr_carea' id='block_1_53' title="bbox 350 3414 2013 3494">
    <p class='ocr_par' dir='ltr' id='par_1_53' title="bbox 350 3414 2013 3494">
     <span class='ocr_line' id='line_1_53' title="bbox 350 3414 2013 3494; baseline -0.002 -18"><span class='ocrx_word' id='word_1_369' title='bbox 350 3421 442 3476; x_wconf 54' lang='grc' dir='ltr'>καὶ</span> <span class='ocrx_word' id='word_1_370' title='bbox 503 3421 603 3489; x_wconf 74' lang='grc' dir='ltr'>τήν</span> <span class='ocrx_word' id='word_1_371' title='bbox 658 3416 960 3493; x_wconf 66' lang='grc' dir='ltr'>οἷκοδομῆν</span> <span class='ocrx_word' id='word_1_372' title='bbox 1024 3425 1121 3487; x_wconf 83' lang='grc' dir='ltr'>τῆς</span> <span class='ocrx_word' id='word_1_373' title='bbox 1206 3414 1421 3480; x_wconf 87' lang='grc' dir='ltr'>πόλεως</span> <span class='ocrx_word' id='word_1_374' title='bbox 1509 3416 2013 3494; x_wconf 78' lang='grc' dir='ltr'>προκατήγγειλσν.</span> 
     </span>
    </p>
   </div>
   <div class='ocr_carea' id='block_1_54' title="bbox 347 3505 2017 3585">
    <p class='ocr_par' dir='ltr' id='par_1_54' title="bbox 347 3505 2017 3585">
     <span class='ocr_line' id='line_1_54' title="bbox 347 3505 2017 3585; baseline -0.002 -18"><span class='ocrx_word' id='word_1_375' title='bbox 347 3509 654 3583; x_wconf 67' lang='grc' dir='ltr'>Ἀκούσατε</span> <span class='ocrx_word' id='word_1_376' title='bbox 700 3510 803 3585; x_wconf 75' lang='grc' dir='ltr'>γὰρ</span> <span class='ocrx_word' id='word_1_377' title='bbox 861 3508 1131 3583; x_wconf 86' lang='grc' dir='ltr'>Ἰερεμίου</span> <span class='ocrx_word' id='word_1_378' title='bbox 1190 3506 1325 3583; x_wconf 87' lang='grc' dir='ltr'>πρὸς</span> <span class='ocrx_word' id='word_1_379' title='bbox 1387 3506 1528 3581; x_wconf 79' lang='grc' dir='ltr'>ὑμᾶς</span> <span class='ocrx_word' id='word_1_380' title='bbox 1586 3505 1861 3584; x_wconf 80' lang='grc' dir='ltr'>λέγοντος’</span> <span class='ocrx_word' id='word_1_381' title='bbox 1920 3508 2017 3563; x_wconf 84' lang='grc' dir='ltr'>Διὰ</span> 
     </span>
    </p>
   </div>
   <div class='ocr_carea' id='block_1_55' title="bbox 350 3592 2013 3674">
    <p class='ocr_par' dir='ltr' id='par_1_55' title="bbox 350 3592 2013 3674">
     <span class='ocr_line' id='line_1_55' title="bbox 350 3592 2013 3674; baseline -0.001 -19"><span class='ocrx_word' id='word_1_382' title='bbox 350 3600 449 3662; x_wconf 71' lang='grc' dir='ltr'>τὰς</span> <span class='ocrx_word' id='word_1_383' title='bbox 484 3598 753 3674; x_wconf 79' lang='grc' dir='ltr'>ἁμαρτίας</span> <span class='ocrx_word' id='word_1_384' title='bbox 786 3592 847 3661; x_wconf 80' lang='grc' dir='ltr'>ἃς</span> <span class='ocrx_word' id='word_1_385' title='bbox 890 3599 1252 3672; x_wconf 78' lang='grc' dir='ltr'>ἡμαρτήκατε</span> <span class='ocrx_word' id='word_1_386' title='bbox 1306 3597 1646 3653; x_wconf 77' lang='grc' dir='ltr'>κατεναντίον</span> <span class='ocrx_word' id='word_1_387' title='bbox 1701 3595 1799 3653; x_wconf 66' lang='grc' dir='ltr'>τοῦ</span> <span class='ocrx_word' id='word_1_388' title='bbox 1857 3602 2013 3668; x_wconf 83' lang='grc' dir='ltr'>Θεοῦ,</span> 
     </span>
    </p>
   </div>
   <div class='ocr_carea' id='block_1_56' title="bbox 354 3682 2014 3766">
    <p class='ocr_par' dir='ltr' id='par_1_56' title="bbox 354 3682 2014 3766">
     <span class='ocr_line' id='line_1_56' title="bbox 354 3682 2014 3766; baseline -0.002 -22"><span class='ocrx_word' id='word_1_389' title='bbox 354 3689 669 3765; x_wconf 72' lang='grc' dir='ltr'>ἀχθήσεσθε</span> <span class='ocrx_word' id='word_1_390' title='bbox 700 3688 775 3751; x_wconf 85' lang='grc' dir='ltr'>είς</span> <span class='ocrx_word' id='word_1_391' title='bbox 808 3682 1111 3743; x_wconf 80' lang='grc' dir='ltr'>Βαϐυλῶνα</span> <span class='ocrx_word' id='word_1_392' title='bbox 1169 3684 1524 3762; x_wconf 81' lang='grc' dir='ltr'>αἰχμάλωτοι</span> <span class='ocrx_word' id='word_1_393' title='bbox 1586 3685 1689 3742; x_wconf 77' lang='grc' dir='ltr'>ὑπὸ</span> <span class='ocrx_word' id='word_1_394' title='bbox 1720 3683 2014 3766; x_wconf 83' lang='grc' dir='ltr'>Ναϐουχο⁶</span> 
     </span>
    </p>
   </div>
   <div class='ocr_carea' id='block_1_57' title="bbox 359 3770 2016 3853">
    <p class='ocr_par' dir='ltr' id='par_1_57' title="bbox 359 3770 2016 3853">
     <span class='ocr_line' id='line_1_57' title="bbox 359 3770 2016 3853; baseline -0.002 -20"><span class='ocrx_word' id='word_1_395' title='bbox 359 3776 599 3853; x_wconf 79' lang='grc' dir='ltr'>δονόσορ</span> <span class='ocrx_word' id='word_1_396' title='bbox 640 3776 915 3853; x_wconf 77' lang='grc' dir='ltr'>βασιλέως</span> <span class='ocrx_word' id='word_1_397' title='bbox 972 3770 1329 3838; x_wconf 79' lang='grc' dir='ltr'>Βαϐυλῶνος.</span> <span class='ocrx_word' id='word_1_398' title='bbox 1388 3774 1739 3840; x_wconf 75' lang='grc' dir='ltr'>Εἶσελθὸντες</span> <span class='ocrx_word' id='word_1_399' title='bbox 1791 3776 1882 3831; x_wconf 82' lang='grc' dir='ltr'>οὗν</span> <span class='ocrx_word' id='word_1_400' title='bbox 1940 3776 2016 3836; x_wconf 81' lang='grc' dir='ltr'>εἷς</span> 
     </span>
    </p>
   </div>
   <div class='ocr_carea' id='block_1_58' title="bbox 350 3860 2017 3938">
    <p class='ocr_par' dir='ltr' id='par_1_58' title="bbox 350 3860 2017 3938">
     <span class='ocr_line' id='line_1_58' title="bbox 350 3860 2017 3938; baseline -0.004 -13"><span class='ocrx_word' id='word_1_401' title='bbox 350 3862 663 3926; x_wconf 78' lang='grc' dir='ltr'>Βαϐυλῶνα</span> <span class='ocrx_word' id='word_1_402' title='bbox 694 3860 876 3931; x_wconf 73' lang='grc' dir='ltr'>ἔσεσθε</span> <span class='ocrx_word' id='word_1_403' title='bbox 905 3864 1019 3921; x_wconf 82' lang='grc' dir='ltr'>ἐκεῖ</span> <span class='ocrx_word' id='word_1_404' title='bbox 1046 3862 1140 3936; x_wconf 80' lang='grc' dir='ltr'>ἔτη</span> <span class='ocrx_word' id='word_1_405' title='bbox 1202 3865 1265 3923; x_wconf 90' lang='grc' dir='ltr'>ο’.</span> <span class='ocrx_word' id='word_1_406' title='bbox 1325 3863 1478 3920; x_wconf 76' lang='grc' dir='ltr'>Μετὰ</span> <span class='ocrx_word' id='word_1_407' title='bbox 1535 3862 1591 3919; x_wconf 78' lang='grc' dir='ltr'>δὲ</span> <span class='ocrx_word' id='word_1_408' title='bbox 1633 3868 1797 3920; x_wconf 90' lang='grc' dir='ltr'>τοῦτο</span> <span class='ocrx_word' id='word_1_409' title='bbox 1851 3863 2017 3938; x_wconf 77' lang='grc' dir='ltr'>ἐξάξω</span> 
     </span>
    </p>
   </div>
   <div class='ocr_carea' id='block_1_59' title="bbox 348 3953 2018 4033">
    <p class='ocr_par' dir='ltr' id='par_1_59' title="bbox 348 3953 2018 4033">
     <span class='ocr_line' id='line_1_59' title="bbox 348 3953 2018 4033; baseline -0.01 -19"><span class='ocrx_word' id='word_1_410' title='bbox 348 3959 501 4031; x_wconf 74' lang='grc' dir='ltr'>ὑμᾶς</span> <span class='ocrx_word' id='word_1_411' title='bbox 544 3956 747 4014; x_wconf 83' lang='grc' dir='ltr'>ἐκεῖθεν</span> <span class='ocrx_word' id='word_1_412' title='bbox 804 3957 919 4031; x_wconf 88' lang='grc' dir='ltr'>μετ’</span> <span class='ocrx_word' id='word_1_413' title='bbox 976 3955 1223 4033; x_wconf 72' lang='grc' dir='ltr'>εἲρήνης,</span> <span class='ocrx_word' id='word_1_414' title='bbox 1285 3953 1436 4031; x_wconf 86' lang='grc' dir='ltr'>λέγει</span> <span class='ocrx_word' id='word_1_415' title='bbox 1496 3953 1716 4031; x_wconf 76' lang='grc' dir='ltr'>Κύριος.</span> <span class='ocrx_word' id='word_1_416' title='bbox 1778 3956 1877 4013; x_wconf 77' lang='grc' dir='ltr'>Καὶ</span> <span class='ocrx_word' id='word_1_417' title='bbox 1922 3957 2018 4010; x_wconf 74' lang='grc' dir='ltr'>πά-</span> 
     </span>
    </p>
   </div>
   <div class='ocr_carea' id='block_1_60' title="bbox 349 4038 2015 4119">
    <p class='ocr_par' dir='ltr' id='par_1_60' title="bbox 349 4038 2015 4119">
     <span class='ocr_line' id='line_1_60' title="bbox 349 4038 2015 4119; baseline -0.003 -15"><span class='ocrx_word' id='word_1_418' title='bbox 349 4047 468 4119; x_wconf 84' lang='grc' dir='ltr'>λιν,</span> <span class='ocrx_word' id='word_1_419' title='bbox 502 4046 610 4104; x_wconf 87' lang='grc' dir='ltr'>Καὶ</span> <span class='ocrx_word' id='word_1_420' title='bbox 642 4044 1031 4102; x_wconf 66' lang='grc' dir='ltr'>δουλεύσουσιν</span> <span class='ocrx_word' id='word_1_421' title='bbox 1061 4045 1113 4101; x_wconf 94' lang='grc' dir='ltr'>ἐν</span> <span class='ocrx_word' id='word_1_422' title='bbox 1142 4049 1259 4107; x_wconf 88' lang='grc' dir='ltr'>τοῖς</span> <span class='ocrx_word' id='word_1_423' title='bbox 1311 4038 1511 4099; x_wconf 78' lang='grc' dir='ltr'>ἔθνεσιν</span> <span class='ocrx_word' id='word_1_424' title='bbox 1574 4038 1667 4115; x_wconf 78' lang='grc' dir='ltr'>ἔτη</span> <span class='ocrx_word' id='word_1_425' title='bbox 1698 4051 1762 4113; x_wconf 87' lang='lat' dir='ltr'>o‘,</span> <span class='ocrx_word' id='word_1_426' title='bbox 1815 4044 1905 4099; x_wconf 79' lang='grc' dir='ltr'>καὶ</span> <span class='ocrx_word' id='word_1_427' title='bbox 1964 4044 2015 4100; x_wconf 89' lang='grc' dir='ltr'>ἐν</span> 
     </span>
    </p>
   </div>
   <div class='ocr_carea' id='block_1_61' title="bbox 345 4132 2017 4211">
    <p class='ocr_par' dir='ltr' id='par_1_61' title="bbox 345 4132 2017 4211">
     <span class='ocr_line' id='line_1_61' title="bbox 345 4132 2017 4211; baseline -0.002 -18"><span class='ocrx_word' id='word_1_428' title='bbox 345 4136 434 4211; x_wconf 77' lang='grc' dir='ltr'>τῷ</span> <span class='ocrx_word' id='word_1_429' title='bbox 462 4134 831 4211; x_wconf 74' lang='grc' dir='ltr'>πληρωθῆναι</span> <span class='ocrx_word' id='word_1_430' title='bbox 854 4133 921 4190; x_wconf 75' lang='grc' dir='ltr'>τὰ</span> <span class='ocrx_word' id='word_1_431' title='bbox 953 4136 997 4189; x_wconf 85' lang='grc' dir='ltr'>ο“</span> <span class='ocrx_word' id='word_1_432' title='bbox 1030 4132 1124 4206; x_wconf 80' lang='grc' dir='ltr'>ἔτη</span> <span class='ocrx_word' id='word_1_433' title='bbox 1159 4134 1595 4204; x_wconf 82' lang='grc' dir='ltr'>ἆποκαταστήσω</span> <span class='ocrx_word' id='word_1_434' title='bbox 1646 4133 1738 4188; x_wconf 89' lang='grc' dir='ltr'>τὸν</span> <span class='ocrx_word' id='word_1_435' title='bbox 1793 4132 2017 4209; x_wconf 79' lang='grc' dir='ltr'>Ἰσραὴλ</span> 
     </span>
    </p>
   </div>
   <div class='ocr_carea' id='block_1_62' title="bbox 346 4221 2019 4300">
    <p class='ocr_par' dir='ltr' id='par_1_62' title="bbox 346 4221 2019 4300">
     <span class='ocr_line' id='line_1_62' title="bbox 346 4221 2019 4300; baseline -0.002 -19"><span class='ocrx_word' id='word_1_436' title='bbox 346 4226 430 4288; x_wconf 77' lang='grc' dir='ltr'>εἰς</span> <span class='ocrx_word' id='word_1_437' title='bbox 460 4226 554 4281; x_wconf 81' lang='grc' dir='ltr'>τὸν</span> <span class='ocrx_word' id='word_1_438' title='bbox 584 4224 751 4281; x_wconf 77' lang='grc' dir='ltr'>τόπον</span> <span class='ocrx_word' id='word_1_439' title='bbox 782 4222 973 4291; x_wconf 82' lang='grc' dir='ltr'>αὐτοῦ,</span> <span class='ocrx_word' id='word_1_440' title='bbox 1005 4221 1152 4298; x_wconf 86' lang='grc' dir='ltr'>λέγει</span> <span class='ocrx_word' id='word_1_441' title='bbox 1185 4221 1410 4297; x_wconf 77' lang='grc' dir='ltr'>Κύριος.</span> <span class='ocrx_word' id='word_1_442' title='bbox 1440 4222 1544 4279; x_wconf 83' lang='grc' dir='ltr'>Καὶ</span> <span class='ocrx_word' id='word_1_443' title='bbox 1580 4225 1667 4296; x_wconf 88' lang='grc' dir='ltr'>[Ρ.</span> <span class='ocrx_word' id='word_1_444' title='bbox 1730 4226 1854 4297; x_wconf 82' lang='grc'>221]</span> <span class='ocrx_word' id='word_1_445' title='bbox 1893 4224 2019 4300; x_wconf 87' lang='grc' dir='ltr'>περὶ</span> 
     </span>
    </p>
   </div>
   <div class='ocr_carea' id='block_1_63' title="bbox 343 4309 2020 4391">
    <p class='ocr_par' dir='ltr' id='par_1_63' title="bbox 343 4309 2020 4391">
     <span class='ocr_line' id='line_1_63' title="bbox 343 4309 2020 4391; baseline -0.002 -21"><span class='ocrx_word' id='word_1_446' title='bbox 343 4324 452 4386; x_wconf 76' lang='grc' dir='ltr'>τῆς</span> <span class='ocrx_word' id='word_1_447' title='bbox 489 4312 795 4388; x_wconf 82' lang='grc' dir='ltr'>οἰκοδομῆς</span> <span class='ocrx_word' id='word_1_448' title='bbox 826 4322 927 4384; x_wconf 73' lang='grc' dir='ltr'>τῆς</span> <span class='ocrx_word' id='word_1_449' title='bbox 957 4311 1198 4383; x_wconf 88' lang='grc' dir='ltr'>πόλεως,</span> <span class='ocrx_word' id='word_1_450' title='bbox 1230 4313 1451 4373; x_wconf 77' lang='grc' dir='ltr'>ἸΙσαίἀς</span> <span class='ocrx_word' id='word_1_451' title='bbox 1509 4309 1633 4390; x_wconf 75' lang='grc' dir='ltr'>ἔφη·</span> <span class='ocrx_word' id='word_1_452' title='bbox 1679 4310 1837 4370; x_wconf 76' lang='grc' dir='ltr'>Οὕτω</span> <span class='ocrx_word' id='word_1_453' title='bbox 1870 4310 2020 4391; x_wconf 79' lang='grc' dir='ltr'>λέγει</span> 
     </span>
    </p>
   </div>
   <div class='ocr_carea' id='block_1_64' title="bbox 350 4400 2018 4485">
    <p class='ocr_par' dir='ltr' id='par_1_64' title="bbox 350 4400 2018 4485">
     <span class='ocr_line' id='line_1_64' title="bbox 350 4400 2018 4485; baseline -0.002 -24"><span class='ocrx_word' id='word_1_454' title='bbox 350 4408 557 4481; x_wconf 64' lang='grc' dir='ltr'>Κύριος</span> <span class='ocrx_word' id='word_1_455' title='bbox 590 4409 672 4479; x_wconf 77' lang='grc' dir='ltr'>τῷ</span> <span class='ocrx_word' id='word_1_456' title='bbox 703 4408 918 4485; x_wconf 85' lang='grc' dir='ltr'>χριστῷ</span> <span class='ocrx_word' id='word_1_457' title='bbox 949 4425 1057 4477; x_wconf 86' lang='grc' dir='ltr'>μου</span> <span class='ocrx_word' id='word_1_458' title='bbox 1098 4401 1280 4477; x_wconf 81' lang='grc' dir='ltr'>Κύρῳ,</span> <span class='ocrx_word' id='word_1_459' title='bbox 1341 4401 1404 4456; x_wconf 81' lang='grc' dir='ltr'>οὗ</span> <span class='ocrx_word' id='word_1_460' title='bbox 1461 4400 1736 4478; x_wconf 78' lang='grc' dir='ltr'>ἐκράτησα</span> <span class='ocrx_word' id='word_1_461' title='bbox 1763 4409 1865 4472; x_wconf 75' lang='grc' dir='ltr'>τῆς</span> <span class='ocrx_word' id='word_1_462' title='bbox 1924 4401 2018 4458; x_wconf 90' lang='grc' dir='ltr'>δε-</span> 
     </span>
    </p>
   </div>
   <div class='ocr_carea' id='block_1_65' title="bbox 349 4487 2016 4569">
    <p class='ocr_par' dir='ltr' id='par_1_65' title="bbox 349 4487 2016 4569">
     <span class='ocr_line' id='line_1_65' title="bbox 349 4487 2016 4569; baseline -0.004 -18"><span class='ocrx_word' id='word_1_463' title='bbox 349 4498 496 4568; x_wconf 76' lang='grc' dir='ltr'>ξιᾶς,</span> <span class='ocrx_word' id='word_1_464' title='bbox 528 4493 824 4550; x_wconf 80' lang='grc' dir='ltr'>ἐπακοῦσαι</span> <span class='ocrx_word' id='word_1_465' title='bbox 857 4487 1161 4569; x_wconf 80' lang='grc' dir='ltr'>ἔμπροσθεν</span> <span class='ocrx_word' id='word_1_466' title='bbox 1194 4489 1359 4546; x_wconf 74' lang='grc' dir='ltr'>αὐτο5</span> <span class='ocrx_word' id='word_1_467' title='bbox 1426 4488 1572 4561; x_wconf 79' lang='grc' dir='ltr'>ἔθνη.</span> <span class='ocrx_word' id='word_1_468' title='bbox 1627 4490 1804 4554; x_wconf 82' lang='grc' dir='ltr'>Αὐτὸς</span> <span class='ocrx_word' id='word_1_469' title='bbox 1864 4491 2016 4547; x_wconf 80' lang='grc' dir='ltr'>οἰκο-</span> 
     </span>
    </p>
   </div>
   <div class='ocr_carea' id='block_1_66' title="bbox 2111 1902 3777 1983">
    <p class='ocr_par' dir='ltr' id='par_1_66' title="bbox 2111 1902 3777 1983">
     <span class='ocr_line' id='line_1_66' title="bbox 2111 1902 3777 1983; baseline 0.008 -28"><span class='ocrx_word' id='word_1_470' title='bbox 2111 1902 2290 1974; x_wconf 87' lang='lat' dir='ltr'>juriis</span> <span class='ocrx_word' id='word_1_471' title='bbox 2324 1908 2382 1958; x_wconf 88' lang='lat' dir='ltr'>et</span> <span class='ocrx_word' id='word_1_472' title='bbox 2411 1905 2771 1962; x_wconf 87' lang='lat' dir='ltr'>cruciatibus</span> <span class='ocrx_word' id='word_1_473' title='bbox 2803 1923 2937 1963; x_wconf 90' lang='lat' dir='ltr'>eum</span> <span class='ocrx_word' id='word_1_474' title='bbox 2983 1908 3392 1980; x_wconf 84' lang='lat' dir='ltr'>probabimus,</span> <span class='ocrx_word' id='word_1_475' title='bbox 3425 1918 3491 1967; x_wconf 90' lang='lat' dir='ltr'>ut</span> <span class='ocrx_word' id='word_1_476' title='bbox 3533 1914 3777 1983; x_wconf 63' lang='lat' dir='ltr'>zequita-</span> 
     </span>
    </p>
   </div>
   <div class='ocr_carea' id='block_1_67' title="bbox 2114 1992 3771 2073">
    <p class='ocr_par' dir='ltr' id='par_1_67' title="bbox 2114 1992 3771 2073">
     <span class='ocr_line' id='line_1_67' title="bbox 2114 1992 3771 2073; baseline 0.008 -27"><span class='ocrx_word' id='word_1_477' title='bbox 2114 1996 2233 2046; x_wconf 89' lang='lat' dir='ltr'>tem</span> <span class='ocrx_word' id='word_1_478' title='bbox 2248 1992 2376 2064; x_wconf 89' lang='lat' dir='ltr'>ejus</span> <span class='ocrx_word' id='word_1_479' title='bbox 2390 2011 2816 2067; x_wconf 81' lang='lat' dir='ltr'>cognoscamus</span> <span class='ocrx_word' id='word_1_480' title='bbox 2830 1998 3299 2072; x_wconf 86' lang='lat' dir='ltr'>patientiamque</span> <span class='ocrx_word' id='word_1_481' title='bbox 3319 2002 3549 2073; x_wconf 71' lang='lat' dir='ltr'>perspic</span> <span class='ocrx_word' id='word_1_482' title='bbox 3560 2002 3771 2061; x_wconf 90' lang='lat' dir='ltr'>iamus.</span> 
     </span>
    </p>
   </div>
   <div class='ocr_carea' id='block_1_68' title="bbox 2115 2082 3775 2156">
    <p class='ocr_par' dir='ltr' id='par_1_68' title="bbox 2115 2082 3775 2156">
     <span class='ocr_line' id='line_1_68' title="bbox 2115 2082 3775 2156; baseline 0.008 -22"><span class='ocrx_word' id='word_1_483' title='bbox 2115 2082 2298 2136; x_wconf 90' lang='lat' dir='ltr'>Morte</span> <span class='ocrx_word' id='word_1_484' title='bbox 2329 2082 2727 2155; x_wconf 87' lang='lat' dir='ltr'>ignominiosa</span> <span class='ocrx_word' id='word_1_485' title='bbox 2757 2103 2893 2142; x_wconf 91' lang='lat' dir='ltr'>eum</span> <span class='ocrx_word' id='word_1_486' title='bbox 2925 2087 3382 2156; x_wconf 89' lang='lat' dir='ltr'>damnabimus;</span> <span class='ocrx_word' id='word_1_487' title='bbox 3419 2090 3775 2147; x_wconf 86' lang='lat' dir='ltr'>videbimus-</span> 
     </span>
    </p>
   </div>
   <div class='ocr_carea' id='block_1_69' title="bbox 2116 2174 3773 2252">
    <p class='ocr_par' dir='ltr' id='par_1_69' title="bbox 2116 2174 3773 2252">
     <span class='ocr_line' id='line_1_69' title="bbox 2116 2174 3773 2252; baseline 0.006 -27"><span class='ocrx_word' id='word_1_488' title='bbox 2116 2187 2231 2241; x_wconf 91' lang='lat' dir='ltr'>que</span> <span class='ocrx_word' id='word_1_489' title='bbox 2262 2177 2487 2241; x_wconf 91' lang='lat' dir='ltr'>utrum,</span> <span class='ocrx_word' id='word_1_490' title='bbox 2518 2174 2692 2229; x_wconf 90' lang='lat' dir='ltr'>sicuti</span> <span class='ocrx_word' id='word_1_491' title='bbox 2729 2175 2981 2239; x_wconf 87' lang='lat' dir='ltr'>dicebat.</span> <span class='ocrx_word' id='word_1_492' title='bbox 3019 2177 3367 2235; x_wconf 89' lang='lat' dir='ltr'>inventurus</span> <span class='ocrx_word' id='word_1_493' title='bbox 3395 2180 3469 2235; x_wconf 89' lang='lat' dir='ltr'>sit</span> <span class='ocrx_word' id='word_1_494' title='bbox 3518 2180 3773 2252; x_wconf 87' lang='lat' dir='ltr'>patroci-</span> 
     </span>
    </p>
   </div>
   <div class='ocr_carea' id='block_1_70' title="bbox 2116 2260 3773 2337">
    <p class='ocr_par' dir='ltr' id='par_1_70' title="bbox 2116 2260 3773 2337">
     <span class='ocr_line' id='line_1_70' title="bbox 2116 2260 3773 2337; baseline 0.007 -23"><span class='ocrx_word' id='word_1_495' title='bbox 2116 2260 2305 2315; x_wconf 90' lang='lat' dir='ltr'>nium.</span> <span class='ocrx_word' id='word_1_496' title='bbox 2338 2261 2440 2317; x_wconf 86' lang='lat' dir='ltr'>His</span> <span class='ocrx_word' id='word_1_497' title='bbox 2492 2268 2747 2320; x_wconf 86' lang='lat' dir='ltr'>vestram</span> <span class='ocrx_word' id='word_1_498' title='bbox 2806 2265 3171 2323; x_wconf 90' lang='lat' dir='ltr'>dementiam</span> <span class='ocrx_word' id='word_1_499' title='bbox 3221 2286 3289 2324; x_wconf 94' lang='lat' dir='ltr'>ac</span> <span class='ocrx_word' id='word_1_500' title='bbox 3337 2269 3773 2337; x_wconf 77' lang='lat' dir='ltr'>malignitatem</span> 
     </span>
    </p>
   </div>
   <div class='ocr_carea' id='block_1_71' title="bbox 2116 2354 3776 2424">
    <p class='ocr_par' dir='ltr' id='par_1_71' title="bbox 2116 2354 3776 2424">
     <span class='ocr_line' id='line_1_71' title="bbox 2116 2354 3776 2424; baseline 0.005 -18"><span class='ocrx_word' id='word_1_501' title='bbox 2116 2354 2401 2424; x_wconf 68' lang='lat' dir='ltr'>praeclare</span> <span class='ocrx_word' id='word_1_502' title='bbox 2435 2354 2736 2411; x_wconf 89' lang='lat' dir='ltr'>insectans</span> <span class='ocrx_word' id='word_1_503' title='bbox 2765 2357 2893 2414; x_wconf 73' lang='lat' dir='ltr'>haec</span> <span class='ocrx_word' id='word_1_504' title='bbox 2924 2359 3120 2415; x_wconf 90' lang='lat' dir='ltr'>addit:</span> <span class='ocrx_word' id='word_1_505' title='bbox 3154 2362 3241 2416; x_wconf 87' lang='lat' dir='ltr'>Ita</span> <span class='ocrx_word' id='word_1_506' title='bbox 3291 2360 3378 2415; x_wconf 93' lang='lat' dir='ltr'>illi</span> <span class='ocrx_word' id='word_1_507' title='bbox 3435 2359 3776 2417; x_wconf 89' lang='lat' dir='ltr'>ratiocinati</span> 
     </span>
    </p>
   </div>
   <div class='ocr_carea' id='block_1_72' title="bbox 2119 2443 3779 2517">
    <p class='ocr_par' dir='ltr' id='par_1_72' title="bbox 2119 2443 3779 2517">
     <span class='ocr_line' id='line_1_72' title="bbox 2119 2443 3779 2517; baseline 0.004 -20"><span class='ocrx_word' id='word_1_508' title='bbox 2119 2448 2258 2497; x_wconf 90' lang='lat' dir='ltr'>sunt</span> <span class='ocrx_word' id='word_1_509' title='bbox 2285 2447 2461 2513; x_wconf 90' lang='lat' dir='ltr'>atque</span> <span class='ocrx_word' id='word_1_510' title='bbox 2493 2443 2647 2499; x_wconf 85' lang='lat' dir='ltr'>falsi.</span> <span class='ocrx_word' id='word_1_511' title='bbox 2680 2447 3008 2502; x_wconf 70' lang='lat' dir='ltr'>Excaecavit</span> <span class='ocrx_word' id='word_1_512' title='bbox 3057 2449 3219 2504; x_wconf 90' lang='lat' dir='ltr'>enim</span> <span class='ocrx_word' id='word_1_513' title='bbox 3277 2464 3378 2503; x_wconf 90' lang='lat' dir='ltr'>eos</span> <span class='ocrx_word' id='word_1_514' title='bbox 3410 2449 3662 2517; x_wconf 90' lang='lat' dir='ltr'>malitia,</span> <span class='ocrx_word' id='word_1_515' title='bbox 3701 2465 3779 2504; x_wconf 91' lang='lat' dir='ltr'>ne</span> 
     </span>
    </p>
   </div>
   <div class='ocr_carea' id='block_1_73' title="bbox 2120 2532 3784 2608">
    <p class='ocr_par' dir='ltr' id='par_1_73' title="bbox 2120 2532 3784 2608">
     <span class='ocr_line' id='line_1_73' title="bbox 2120 2532 3784 2608; baseline 0.003 -21"><span class='ocrx_word' id='word_1_516' title='bbox 2120 2548 2337 2587; x_wconf 88' lang='lat' dir='ltr'>arcana</span> <span class='ocrx_word' id='word_1_517' title='bbox 2366 2532 2467 2588; x_wconf 93' lang='lat' dir='ltr'>Dei</span> <span class='ocrx_word' id='word_1_518' title='bbox 2500 2542 2943 2606; x_wconf 84' lang='lat' dir='ltr'>cognoscerent.</span> <span class='ocrx_word' id='word_1_519' title='bbox 2978 2538 3133 2601; x_wconf 88' lang='lat' dir='ltr'>Quos</span> <span class='ocrx_word' id='word_1_520' title='bbox 3191 2536 3434 2608; x_wconf 89' lang='lat' dir='ltr'>quidem</span> <span class='ocrx_word' id='word_1_521' title='bbox 3468 2539 3648 2592; x_wconf 87' lang='lat' dir='ltr'>etiam</span> <span class='ocrx_word' id='word_1_522' title='bbox 3699 2537 3784 2592; x_wconf 91' lang='lat' dir='ltr'>di-</span> 
     </span>
    </p>
   </div>
   <div class='ocr_carea' id='block_1_74' title="bbox 2119 2620 3782 2693">
    <p class='ocr_par' dir='ltr' id='par_1_74' title="bbox 2119 2620 3782 2693">
     <span class='ocr_line' id='line_1_74' title="bbox 2119 2620 3782 2693; baseline 0.005 -20"><span class='ocrx_word' id='word_1_523' title='bbox 2119 2621 2290 2675; x_wconf 88' lang='lat' dir='ltr'>vinus</span> <span class='ocrx_word' id='word_1_524' title='bbox 2338 2620 2522 2677; x_wconf 88' lang='lat' dir='ltr'>Isaias</span> <span class='ocrx_word' id='word_1_525' title='bbox 2572 2622 2912 2693; x_wconf 86' lang='lat' dir='ltr'>deplorans,</span> <span class='ocrx_word' id='word_1_526' title='bbox 2955 2624 3085 2679; x_wconf 90' lang='lat' dir='ltr'>istis</span> <span class='ocrx_word' id='word_1_527' title='bbox 3134 2625 3548 2680; x_wconf 86' lang='lat' dir='ltr'>convenientia</span> <span class='ocrx_word' id='word_1_528' title='bbox 3588 2626 3782 2681; x_wconf 90' lang='lat' dir='ltr'>dicit:</span> 
     </span>
    </p>
   </div>
   <div class='ocr_carea' id='block_1_75' title="bbox 2122 2710 3785 2786">
    <p class='ocr_par' dir='ltr' id='par_1_75' title="bbox 2122 2710 3785 2786">
     <span class='ocr_line' id='line_1_75' title="bbox 2122 2710 3785 2786; baseline 0.004 -23"><span class='ocrx_word' id='word_1_529' title='bbox 2122 2712 2218 2764; x_wconf 70' lang='lat' dir='ltr'>Vas</span> <span class='ocrx_word' id='word_1_530' title='bbox 2249 2710 2464 2764; x_wconf 81' lang='lat' dir='ltr'>animas</span> <span class='ocrx_word' id='word_1_531' title='bbox 2522 2710 2810 2782; x_wconf 90' lang='lat' dir='ltr'>ipsorum,</span> <span class='ocrx_word' id='word_1_532' title='bbox 2868 2713 3009 2784; x_wconf 90' lang='lat' dir='ltr'>quia</span> <span class='ocrx_word' id='word_1_533' title='bbox 3040 2720 3250 2769; x_wconf 90' lang='lat' dir='ltr'>contra</span> <span class='ocrx_word' id='word_1_534' title='bbox 3278 2731 3341 2769; x_wconf 93' lang='lat' dir='ltr'>se</span> <span class='ocrx_word' id='word_1_535' title='bbox 3376 2715 3537 2786; x_wconf 82' lang='lat' dir='ltr'>ipsos</span> <span class='ocrx_word' id='word_1_536' title='bbox 3561 2715 3785 2771; x_wconf 87' lang='lat' dir='ltr'>malum</span> 
     </span>
    </p>
   </div>
   <div class='ocr_carea' id='block_1_76' title="bbox 2120 2795 3780 2870">
    <p class='ocr_par' dir='ltr' id='par_1_76' title="bbox 2120 2795 3780 2870">
     <span class='ocr_line' id='line_1_76' title="bbox 2120 2795 3780 2870; baseline 0.004 -20"><span class='ocrx_word' id='word_1_537' title='bbox 2120 2795 2428 2851; x_wconf 90' lang='lat' dir='ltr'>iniverunt</span> <span class='ocrx_word' id='word_1_538' title='bbox 2455 2797 2796 2867; x_wconf 90' lang='lat' dir='ltr'>consilium,</span> <span class='ocrx_word' id='word_1_539' title='bbox 2831 2800 3060 2855; x_wconf 89' lang='lat' dir='ltr'>aientes</span> <span class='ocrx_word' id='word_1_540' title='bbox 3090 2817 3103 2855; x_wconf 93' lang='lat'>:</span> <span class='ocrx_word' id='word_1_541' title='bbox 3140 2801 3482 2856; x_wconf 89' lang='lat' dir='ltr'>Vinciamus</span> <span class='ocrx_word' id='word_1_542' title='bbox 3508 2802 3780 2870; x_wconf 87' lang='lat' dir='ltr'>justum:</span> 
     </span>
    </p>
   </div>
   <div class='ocr_carea' id='block_1_77' title="bbox 2124 2885 3789 2946">
    <p class='ocr_par' dir='ltr' id='par_1_77' title="bbox 2124 2885 3789 2946">
     <span class='ocr_line' id='line_1_77' title="bbox 2124 2885 3789 2946; baseline 0.004 -6"><span class='ocrx_word' id='word_1_543' title='bbox 2124 2890 2214 2940; x_wconf 91' lang='lat' dir='ltr'>est</span> <span class='ocrx_word' id='word_1_544' title='bbox 2248 2885 2409 2941; x_wconf 90' lang='lat' dir='ltr'>enim</span> <span class='ocrx_word' id='word_1_545' title='bbox 2438 2885 2610 2940; x_wconf 91' lang='lat' dir='ltr'>nobis</span> <span class='ocrx_word' id='word_1_546' title='bbox 2641 2885 3078 2944; x_wconf 90' lang='lat' dir='ltr'>incommodus.</span> <span class='ocrx_word' id='word_1_547' title='bbox 3114 2890 3371 2945; x_wconf 90' lang='lat' dir='ltr'>Proinde</span> <span class='ocrx_word' id='word_1_548' title='bbox 3424 2890 3789 2946; x_wconf 83' lang='lat' dir='ltr'>manifestis-</span> 
     </span>
    </p>
   </div>
   <div class='ocr_carea' id='block_1_78' title="bbox 2126 2974 3787 3036">
    <p class='ocr_par' dir='ltr' id='par_1_78' title="bbox 2126 2974 3787 3036">
     <span class='ocr_line' id='line_1_78' title="bbox 2126 2974 3787 3036; baseline 0.003 -6"><span class='ocrx_word' id='word_1_549' title='bbox 2126 2974 2274 3030; x_wconf 88' lang='lat' dir='ltr'>sime</span> <span class='ocrx_word' id='word_1_550' title='bbox 2305 2974 2715 3032; x_wconf 88' lang='lat' dir='ltr'>demonstrata</span> <span class='ocrx_word' id='word_1_551' title='bbox 2744 2984 2834 3033; x_wconf 90' lang='lat' dir='ltr'>est</span> <span class='ocrx_word' id='word_1_552' title='bbox 2863 2995 3044 3035; x_wconf 88' lang='lat' dir='ltr'>causa</span> <span class='ocrx_word' id='word_1_553' title='bbox 3098 2984 3306 3035; x_wconf 67' lang='lat' dir='ltr'>vestra:</span> <span class='ocrx_word' id='word_1_554' title='bbox 3348 2996 3383 3035; x_wconf 89' lang='lat' dir='ltr'>a</span> <span class='ocrx_word' id='word_1_555' title='bbox 3411 2981 3531 3035; x_wconf 89' lang='lat' dir='ltr'>Deo</span> <span class='ocrx_word' id='word_1_556' title='bbox 3562 2979 3787 3036; x_wconf 89' lang='lat' dir='ltr'>abalie-</span> 
     </span>
    </p>
   </div>
   <div class='ocr_carea' id='block_1_79' title="bbox 2126 3062 3785 3124">
    <p class='ocr_par' dir='ltr' id='par_1_79' title="bbox 2126 3062 3785 3124">
     <span class='ocr_line' id='line_1_79' title="bbox 2126 3062 3785 3124; baseline 0.005 -7"><span class='ocrx_word' id='word_1_557' title='bbox 2126 3062 2386 3119; x_wconf 89' lang='lat' dir='ltr'>nationis</span> <span class='ocrx_word' id='word_1_558' title='bbox 2415 3070 2473 3118; x_wconf 91' lang='lat' dir='ltr'>et</span> <span class='ocrx_word' id='word_1_559' title='bbox 2501 3063 2853 3120; x_wconf 87' lang='lat' dir='ltr'>defectionis</span> <span class='ocrx_word' id='word_1_560' title='bbox 2897 3083 2966 3123; x_wconf 88' lang='lat' dir='ltr'>ac</span> <span class='ocrx_word' id='word_1_561' title='bbox 3023 3068 3463 3124; x_wconf 87' lang='lat' dir='ltr'>continentium</span> <span class='ocrx_word' id='word_1_562' title='bbox 3517 3075 3573 3124; x_wconf 91' lang='lat' dir='ltr'>et</span> <span class='ocrx_word' id='word_1_563' title='bbox 3602 3068 3785 3124; x_wconf 83' lang='lat' dir='ltr'>finem</span> 
     </span>
    </p>
   </div>
   <div class='ocr_carea' id='block_1_80' title="bbox 2126 3151 3784 3226">
    <p class='ocr_par' dir='ltr' id='par_1_80' title="bbox 2126 3151 3784 3226">
     <span class='ocr_line' id='line_1_80' title="bbox 2126 3151 3784 3226; baseline 0.004 -19"><span class='ocrx_word' id='word_1_564' title='bbox 2126 3151 2361 3207; x_wconf 91' lang='lat' dir='ltr'>nullum</span> <span class='ocrx_word' id='word_1_565' title='bbox 2392 3152 2807 3209; x_wconf 87' lang='lat' dir='ltr'>habiturarum</span> <span class='ocrx_word' id='word_1_566' title='bbox 2841 3155 3240 3226; x_wconf 89' lang='lat' dir='ltr'>miseriarum,</span> <span class='ocrx_word' id='word_1_567' title='bbox 3264 3156 3442 3212; x_wconf 89' lang='lat' dir='ltr'>modo</span> <span class='ocrx_word' id='word_1_568' title='bbox 3500 3174 3600 3211; x_wconf 89' lang='lat' dir='ltr'>vos</span> <span class='ocrx_word' id='word_1_569' title='bbox 3654 3157 3784 3213; x_wconf 63' lang='lat' dir='ltr'>haec</span> 
     </span>
    </p>
   </div>
   <div class='ocr_carea' id='block_1_81' title="bbox 2126 3240 3784 3317">
    <p class='ocr_par' dir='ltr' id='par_1_81' title="bbox 2126 3240 3784 3317">
     <span class='ocr_line' id='line_1_81' title="bbox 2126 3240 3784 3317; baseline 0.002 -20"><span class='ocrx_word' id='word_1_570' title='bbox 2126 3240 2437 3297; x_wconf 90' lang='lat' dir='ltr'>audientes</span> <span class='ocrx_word' id='word_1_571' title='bbox 2469 3242 2800 3315; x_wconf 77' lang='lat' dir='ltr'>intelligere</span> <span class='ocrx_word' id='word_1_572' title='bbox 2840 3244 3050 3299; x_wconf 85' lang='lat' dir='ltr'>velitis.</span> <span class='ocrx_word' id='word_1_573' title='bbox 3081 3247 3229 3301; x_wconf 87' lang='lat' dir='ltr'>Nam</span> <span class='ocrx_word' id='word_1_574' title='bbox 3276 3244 3615 3317; x_wconf 89' lang='lat' dir='ltr'>Babylonici</span> <span class='ocrx_word' id='word_1_575' title='bbox 3650 3246 3784 3317; x_wconf 90' lang='lat' dir='ltr'>qui-</span> 
     </span>
    </p>
   </div>
   <div class='ocr_carea' id='block_1_82' title="bbox 2126 3331 3782 3406">
    <p class='ocr_par' dir='ltr' id='par_1_82' title="bbox 2126 3331 3782 3406">
     <span class='ocr_line' id='line_1_82' title="bbox 2126 3331 3782 3406; baseline 0.002 -20"><span class='ocrx_word' id='word_1_576' title='bbox 2126 3331 2262 3387; x_wconf 89' lang='lat' dir='ltr'>dem</span> <span class='ocrx_word' id='word_1_577' title='bbox 2294 3331 2490 3386; x_wconf 87' lang='lat' dir='ltr'>exsilii</span> <span class='ocrx_word' id='word_1_578' title='bbox 2521 3332 2700 3387; x_wconf 81' lang='lat' dir='ltr'>vestri</span> <span class='ocrx_word' id='word_1_579' title='bbox 2722 3333 3119 3389; x_wconf 86' lang='lat' dir='ltr'>deﬁniverunt</span> <span class='ocrx_word' id='word_1_580' title='bbox 3150 3340 3385 3406; x_wconf 90' lang='lat' dir='ltr'>tempus</span> <span class='ocrx_word' id='word_1_581' title='bbox 3399 3333 3782 3402; x_wconf 85' lang='lat' dir='ltr'>divinivates,</span> 
     </span>
    </p>
   </div>
   <div class='ocr_carea' id='block_1_83' title="bbox 2125 3420 3784 3495">
    <p class='ocr_par' dir='ltr' id='par_1_83' title="bbox 2125 3420 3784 3495">
     <span class='ocr_line' id='line_1_83' title="bbox 2125 3420 3784 3495; baseline 0.002 -21"><span class='ocrx_word' id='word_1_582' title='bbox 2125 3420 2505 3492; x_wconf 83' lang='lat' dir='ltr'>reditumque</span> <span class='ocrx_word' id='word_1_583' title='bbox 2537 3427 2593 3475; x_wconf 87' lang='lat' dir='ltr'>et</span> <span class='ocrx_word' id='word_1_584' title='bbox 2620 3422 3115 3478; x_wconf 88' lang='lat' dir='ltr'>instaurationem</span> <span class='ocrx_word' id='word_1_585' title='bbox 3163 3423 3327 3478; x_wconf 91' lang='lat' dir='ltr'>urbis</span> <span class='ocrx_word' id='word_1_586' title='bbox 3356 3424 3784 3495; x_wconf 73' lang='lat' dir='ltr'>praedixerunt.</span> 
     </span>
    </p>
   </div>
   <div class='ocr_carea' id='block_1_84' title="bbox 2127 3508 3785 3583">
    <p class='ocr_par' dir='ltr' id='par_1_84' title="bbox 2127 3508 3785 3583">
     <span class='ocr_line' id='line_1_84' title="bbox 2127 3508 3785 3583; baseline 0.004 -21"><span class='ocrx_word' id='word_1_587' title='bbox 2127 3508 2340 3563; x_wconf 84' lang='lat' dir='ltr'>Audite</span> <span class='ocrx_word' id='word_1_588' title='bbox 2355 3508 2847 3565; x_wconf 86' lang='lat' dir='ltr'>enimJeremiam</span> <span class='ocrx_word' id='word_1_589' title='bbox 2870 3511 2953 3566; x_wconf 91' lang='lat' dir='ltr'>ita</span> <span class='ocrx_word' id='word_1_590' title='bbox 2978 3527 3080 3567; x_wconf 86' lang='lat' dir='ltr'>vos</span> <span class='ocrx_word' id='word_1_591' title='bbox 3102 3511 3508 3583; x_wconf 90' lang='lat' dir='ltr'>alloquentem</span> <span class='ocrx_word' id='word_1_592' title='bbox 3533 3510 3579 3547; x_wconf 83' lang='grc'>¹⁴</span> <span class='ocrx_word' id='word_1_593' title='bbox 3605 3528 3618 3566; x_wconf 90' lang='lat'>:</span> <span class='ocrx_word' id='word_1_594' title='bbox 3643 3513 3785 3568; x_wconf 90' lang='lat' dir='ltr'>Pro-</span> 
     </span>
    </p>
   </div>
   <div class='ocr_carea' id='block_1_85' title="bbox 2127 3598 3791 3671">
    <p class='ocr_par' dir='ltr' id='par_1_85' title="bbox 2127 3598 3791 3671">
     <span class='ocr_line' id='line_1_85' title="bbox 2127 3598 3791 3671; baseline 0.002 -19"><span class='ocrx_word' id='word_1_595' title='bbox 2127 3603 2259 3666; x_wconf 87' lang='lat' dir='ltr'>pter</span> <span class='ocrx_word' id='word_1_596' title='bbox 2281 3603 2521 3668; x_wconf 87' lang='lat' dir='ltr'>peccata</span> <span class='ocrx_word' id='word_1_597' title='bbox 2550 3604 2761 3667; x_wconf 88' lang='lat' dir='ltr'>vestra,</span> <span class='ocrx_word' id='word_1_598' title='bbox 2797 3616 2929 3671; x_wconf 69' lang='lat' dir='ltr'>quas</span> <span class='ocrx_word' id='word_1_599' title='bbox 2961 3599 3348 3655; x_wconf 88' lang='lat' dir='ltr'>commisistis</span> <span class='ocrx_word' id='word_1_600' title='bbox 3399 3598 3548 3655; x_wconf 74' lang='lat'>881</span> <span class='ocrx_word' id='word_1_601' title='bbox 3583 3603 3791 3655; x_wconf 85' lang='lat' dir='ltr'>contra</span> 
     </span>
    </p>
   </div>
   <div class='ocr_carea' id='block_1_86' title="bbox 2132 3684 3788 3758">
    <p class='ocr_par' dir='ltr' id='par_1_86' title="bbox 2132 3684 3788 3758">
     <span class='ocr_line' id='line_1_86' title="bbox 2132 3684 3788 3758; baseline 0.001 -19"><span class='ocrx_word' id='word_1_602' title='bbox 2132 3685 2334 3749; x_wconf 89' lang='lat' dir='ltr'>Deum,</span> <span class='ocrx_word' id='word_1_603' title='bbox 2369 3684 2583 3756; x_wconf 84' lang='lat' dir='ltr'>captivi</span> <span class='ocrx_word' id='word_1_604' title='bbox 2616 3684 2980 3758; x_wconf 87' lang='lat' dir='ltr'>Babylonem</span> <span class='ocrx_word' id='word_1_605' title='bbox 3008 3685 3389 3742; x_wconf 88' lang='lat' dir='ltr'>abducemini</span> <span class='ocrx_word' id='word_1_606' title='bbox 3412 3702 3448 3742; x_wconf 88' lang='lat' dir='ltr'>a</span> <span class='ocrx_word' id='word_1_607' title='bbox 3473 3685 3788 3742; x_wconf 88' lang='lat' dir='ltr'>Nabucho-</span> 
     </span>
    </p>
   </div>
   <div class='ocr_carea' id='block_1_87' title="bbox 2128 3773 3791 3848">
    <p class='ocr_par' dir='ltr' id='par_1_87' title="bbox 2128 3773 3791 3848">
     <span class='ocr_line' id='line_1_87' title="bbox 2128 3773 3791 3848; baseline 0 -19"><span class='ocrx_word' id='word_1_608' title='bbox 2128 3774 2389 3829; x_wconf 90' lang='lat' dir='ltr'>donosor</span> <span class='ocrx_word' id='word_1_609' title='bbox 2436 3773 2794 3845; x_wconf 83' lang='lat' dir='ltr'>Babylonico</span> <span class='ocrx_word' id='word_1_610' title='bbox 2853 3792 3011 3847; x_wconf 88' lang='lat' dir='ltr'>rege.</span> <span class='ocrx_word' id='word_1_611' title='bbox 3075 3775 3374 3847; x_wconf 85' lang='lat' dir='ltr'>Babylone</span> <span class='ocrx_word' id='word_1_612' title='bbox 3417 3774 3642 3848; x_wconf 87' lang='lat' dir='ltr'>degetis</span> <span class='ocrx_word' id='word_1_613' title='bbox 3680 3790 3791 3829; x_wconf 87' lang='lat' dir='ltr'>an-</span> 
     </span>
    </p>
   </div>
   <div class='ocr_carea' id='block_1_88' title="bbox 2128 3864 3795 3938">
    <p class='ocr_par' dir='ltr' id='par_1_88' title="bbox 2128 3864 3795 3938">
     <span class='ocr_line' id='line_1_88' title="bbox 2128 3864 3795 3938; baseline 0.001 -19"><span class='ocrx_word' id='word_1_614' title='bbox 2128 3881 2237 3920; x_wconf 92' lang='lat' dir='ltr'>nos</span> <span class='ocrx_word' id='word_1_615' title='bbox 2269 3868 2358 3921; x_wconf 79' lang='lat'>70.</span> <span class='ocrx_word' id='word_1_616' title='bbox 2393 3864 2472 3920; x_wconf 89' lang='lat' dir='ltr'>lis</span> <span class='ocrx_word' id='word_1_617' title='bbox 2503 3865 2750 3934; x_wconf 87' lang='lat' dir='ltr'>exactis,</span> <span class='ocrx_word' id='word_1_618' title='bbox 2807 3883 2909 3922; x_wconf 86' lang='lat' dir='ltr'>vos</span> <span class='ocrx_word' id='word_1_619' title='bbox 2947 3871 3154 3938; x_wconf 91' lang='lat' dir='ltr'>pacate</span> <span class='ocrx_word' id='word_1_620' title='bbox 3212 3866 3350 3921; x_wconf 89' lang='lat' dir='ltr'>inde</span> <span class='ocrx_word' id='word_1_621' title='bbox 3398 3865 3668 3937; x_wconf 88' lang='lat' dir='ltr'>educam,</span> <span class='ocrx_word' id='word_1_622' title='bbox 3710 3866 3795 3921; x_wconf 86' lang='lat' dir='ltr'>ait</span> 
     </span>
    </p>
   </div>
   <div class='ocr_carea' id='block_1_89' title="bbox 2128 3951 3786 4025">
    <p class='ocr_par' dir='ltr' id='par_1_89' title="bbox 2128 3951 3786 4025">
     <span class='ocr_line' id='line_1_89' title="bbox 2128 3951 3786 4025; baseline 0 -17"><span class='ocrx_word' id='word_1_623' title='bbox 2128 3951 2439 4008; x_wconf 89' lang='lat' dir='ltr'>Dominus.</span> <span class='ocrx_word' id='word_1_624' title='bbox 2464 3954 2535 4007; x_wconf 89' lang='lat' dir='ltr'>Et</span> <span class='ocrx_word' id='word_1_625' title='bbox 2563 3953 2747 4008; x_wconf 87' lang='lat' dir='ltr'>alibi:</span> <span class='ocrx_word' id='word_1_626' title='bbox 2796 3954 3067 4010; x_wconf 89' lang='lat' dir='ltr'>Servient</span> <span class='ocrx_word' id='word_1_627' title='bbox 3115 3954 3389 4011; x_wconf 88' lang='lat' dir='ltr'>Barbaris</span> <span class='ocrx_word' id='word_1_628' title='bbox 3446 3971 3635 4010; x_wconf 90' lang='lat' dir='ltr'>annos</span> <span class='ocrx_word' id='word_1_629' title='bbox 3694 3957 3786 4025; x_wconf 83' lang='lat'>70,</span> 
     </span>
    </p>
   </div>
   <div class='ocr_carea' id='block_1_90' title="bbox 2129 4041 3789 4113">
    <p class='ocr_par' dir='ltr' id='par_1_90' title="bbox 2129 4041 3789 4113">
     <span class='ocr_line' id='line_1_90' title="bbox 2129 4041 3789 4113; baseline 0.001 -18"><span class='ocrx_word' id='word_1_630' title='bbox 2129 4041 2347 4112; x_wconf 91' lang='lat' dir='ltr'>quibus</span> <span class='ocrx_word' id='word_1_631' title='bbox 2378 4041 2689 4113; x_wconf 90' lang='lat' dir='ltr'>completis</span> <span class='ocrx_word' id='word_1_632' title='bbox 2718 4043 3009 4099; x_wconf 89' lang='lat' dir='ltr'>Israelum</span> <span class='ocrx_word' id='word_1_633' title='bbox 3067 4044 3128 4098; x_wconf 91' lang='lat' dir='ltr'>in</span> <span class='ocrx_word' id='word_1_634' title='bbox 3178 4044 3377 4098; x_wconf 92' lang='lat' dir='ltr'>locum</span> <span class='ocrx_word' id='word_1_635' title='bbox 3408 4060 3580 4098; x_wconf 90' lang='lat' dir='ltr'>suum</span> <span class='ocrx_word' id='word_1_636' title='bbox 3611 4042 3789 4097; x_wconf 86' lang='lat' dir='ltr'>resti-</span> 
     </span>
    </p>
   </div>
   <div class='ocr_carea' id='block_1_91' title="bbox 2128 4131 3789 4203">
    <p class='ocr_par' dir='ltr' id='par_1_91' title="bbox 2128 4131 3789 4203">
     <span class='ocr_line' id='line_1_91' title="bbox 2128 4131 3789 4203; baseline 0.002 -17"><span class='ocrx_word' id='word_1_637' title='bbox 2128 4136 2314 4200; x_wconf 86' lang='lat' dir='ltr'>tuam,</span> <span class='ocrx_word' id='word_1_638' title='bbox 2337 4131 2535 4203; x_wconf 88' lang='lat' dir='ltr'>inquit</span> <span class='ocrx_word' id='word_1_639' title='bbox 2562 4133 2866 4189; x_wconf 90' lang='lat' dir='ltr'>Dominus.</span> <span class='ocrx_word' id='word_1_640' title='bbox 2902 4135 2971 4189; x_wconf 88' lang='lat' dir='ltr'>Et</span> <span class='ocrx_word' id='word_1_641' title='bbox 3029 4134 3100 4189; x_wconf 93' lang='lat' dir='ltr'>de</span> <span class='ocrx_word' id='word_1_642' title='bbox 3162 4135 3592 4190; x_wconf 84' lang='lat' dir='ltr'>instauratione</span> <span class='ocrx_word' id='word_1_643' title='bbox 3623 4133 3789 4190; x_wconf 88' lang='lat' dir='ltr'>urbis</span> 
     </span>
    </p>
   </div>
   <div class='ocr_carea' id='block_1_92' title="bbox 2129 4220 3789 4278">
    <p class='ocr_par' dir='ltr' id='par_1_92' title="bbox 2129 4220 3789 4278">
     <span class='ocr_line' id='line_1_92' title="bbox 2129 4220 3789 4278; baseline 0.002 -3"><span class='ocrx_word' id='word_1_644' title='bbox 2129 4220 2312 4276; x_wconf 88' lang='lat' dir='ltr'>Isaias</span> <span class='ocrx_word' id='word_1_645' title='bbox 2344 4221 2429 4276; x_wconf 92' lang='lat' dir='ltr'>sic</span> <span class='ocrx_word' id='word_1_646' title='bbox 2459 4220 2851 4277; x_wconf 86' lang='lat' dir='ltr'>vaticinatur:</span> <span class='ocrx_word' id='word_1_647' title='bbox 2905 4224 3039 4278; x_wconf 60' lang='lat' dir='ltr'>Haec</span> <span class='ocrx_word' id='word_1_648' title='bbox 3078 4224 3163 4277; x_wconf 88' lang='lat' dir='ltr'>ait</span> <span class='ocrx_word' id='word_1_649' title='bbox 3218 4224 3504 4278; x_wconf 90' lang='lat' dir='ltr'>Dominus</span> <span class='ocrx_word' id='word_1_650' title='bbox 3555 4222 3789 4278; x_wconf 86' lang='lat' dir='ltr'>Christo</span> 
     </span>
    </p>
   </div>
   <div class='ocr_carea' id='block_1_93' title="bbox 2129 4309 3790 4384">
    <p class='ocr_par' dir='ltr' id='par_1_93' title="bbox 2129 4309 3790 4384">
     <span class='ocr_line' id='line_1_93' title="bbox 2129 4309 3790 4384; baseline 0.001 -19"><span class='ocrx_word' id='word_1_651' title='bbox 2129 4326 2262 4365; x_wconf 89' lang='lat' dir='ltr'>meo</span> <span class='ocrx_word' id='word_1_652' title='bbox 2294 4311 2465 4382; x_wconf 83' lang='lat' dir='ltr'>Cyro,</span> <span class='ocrx_word' id='word_1_653' title='bbox 2496 4309 2666 4382; x_wconf 90' lang='lat' dir='ltr'>cujus</span> <span class='ocrx_word' id='word_1_654' title='bbox 2699 4310 2969 4367; x_wconf 84' lang='lat' dir='ltr'>dextram</span> <span class='ocrx_word' id='word_1_655' title='bbox 3001 4311 3393 4384; x_wconf 87' lang='lat' dir='ltr'>apprehendi,</span> <span class='ocrx_word' id='word_1_656' title='bbox 3417 4311 3549 4367; x_wconf 78' lang='lat' dir='ltr'>utei</span> <span class='ocrx_word' id='word_1_657' title='bbox 3584 4314 3790 4383; x_wconf 84' lang='lat' dir='ltr'>gentes</span> 
     </span>
    </p>
   </div>
   <div class='ocr_carea' id='block_1_94' title="bbox 2131 4399 3791 4475">
    <p class='ocr_par' dir='ltr' id='par_1_94' title="bbox 2131 4399 3791 4475">
     <span class='ocr_line' id='line_1_94' title="bbox 2131 4399 3791 4475; baseline 0.001 -20"><span class='ocrx_word' id='word_1_658' title='bbox 2131 4399 2431 4456; x_wconf 90' lang='lat' dir='ltr'>obediant.</span> <span class='ocrx_word' id='word_1_659' title='bbox 2466 4400 2524 4455; x_wconf 89' lang='lat' dir='ltr'>Is</span> <span class='ocrx_word' id='word_1_660' title='bbox 2545 4400 3089 4458; x_wconf 68' lang='lat' dir='ltr'>aadificabiturbem</span> <span class='ocrx_word' id='word_1_661' title='bbox 3123 4419 3339 4473; x_wconf 89' lang='lat' dir='ltr'>meam,</span> <span class='ocrx_word' id='word_1_662' title='bbox 3372 4402 3552 4475; x_wconf 56' lang='lat' dir='ltr'>captix</span> <span class='ocrx_word' id='word_1_663' title='bbox 3568 4417 3791 4473; x_wconf 91' lang='lat' dir='ltr'>umque</span> 
     </span>
    </p>
   </div>
   <div class='ocr_carea' id='block_1_95' title="bbox 2131 4490 3790 4564">
    <p class='ocr_par' dir='ltr' id='par_1_95' title="bbox 2131 4490 3790 4564">
     <span class='ocr_line' id='line_1_95' title="bbox 2131 4490 3790 4564; baseline 0.002 -19"><span class='ocrx_word' id='word_1_664' title='bbox 2131 4490 2421 4563; x_wconf 91' lang='lat' dir='ltr'>populum</span> <span class='ocrx_word' id='word_1_665' title='bbox 2452 4506 2653 4545; x_wconf 89' lang='lat' dir='ltr'>meum</span> <span class='ocrx_word' id='word_1_666' title='bbox 2687 4491 2948 4547; x_wconf 89' lang='lat' dir='ltr'>dimittet</span> <span class='ocrx_word' id='word_1_667' title='bbox 2973 4492 3015 4527; x_wconf 76' lang='lat'>“‘</span> <span class='ocrx_word' id='word_1_668' title='bbox 3037 4509 3049 4545; x_wconf 93' lang='lat'>:</span> <span class='ocrx_word' id='word_1_669' title='bbox 3072 4494 3152 4548; x_wconf 93' lang='lat' dir='ltr'>De</span> <span class='ocrx_word' id='word_1_670' title='bbox 3186 4492 3393 4548; x_wconf 89' lang='lat' dir='ltr'>eadem</span> <span class='ocrx_word' id='word_1_671' title='bbox 3417 4492 3501 4547; x_wconf 92' lang='lat' dir='ltr'>sic</span> <span class='ocrx_word' id='word_1_672' title='bbox 3520 4494 3550 4544; x_wconf 72' lang='grc' dir='ltr'>Α</span> <span class='ocrx_word' id='word_1_673' title='bbox 3564 4508 3790 4564; x_wconf 68' lang='lat' dir='ltr'>ggzeus:</span> 
     </span>
    </p>
   </div>
   <div class='ocr_carea' id='block_1_96' title="bbox 352 4571 2009 4661">
    <p class='ocr_par' dir='ltr' id='par_1_96' title="bbox 352 4580 2009 4661">
     <span class='ocr_line' id='line_1_96' title="bbox 352 4580 2009 4661; baseline -0.004 -18"><span class='ocrx_word' id='word_1_674' title='bbox 352 4586 595 4661; x_wconf 80' lang='grc' dir='ltr'>δομήσει</span> <span class='ocrx_word' id='word_1_675' title='bbox 624 4586 723 4655; x_wconf 79' lang='grc' dir='ltr'>τὴν</span> <span class='ocrx_word' id='word_1_676' title='bbox 755 4582 920 4640; x_wconf 86' lang='grc' dir='ltr'>πόλιν</span> <span class='ocrx_word' id='word_1_677' title='bbox 980 4604 1110 4658; x_wconf 91' lang='grc' dir='ltr'>μου,</span> <span class='ocrx_word' id='word_1_678' title='bbox 1170 4580 1259 4637; x_wconf 77' lang='grc' dir='ltr'>καὶ</span> <span class='ocrx_word' id='word_1_679' title='bbox 1318 4582 1416 4652; x_wconf 74' lang='grc' dir='ltr'>τήν</span> <span class='ocrx_word' id='word_1_680' title='bbox 1477 4580 1863 4656; x_wconf 79' lang='grc' dir='ltr'>αἰχμαλωσίαν</span> <span class='ocrx_word' id='word_1_681' title='bbox 1918 4586 2009 4637; x_wconf 80' lang='grc' dir='ltr'>τοῖ</span> 
     </span>
    </p>
   </div>
   <div class='ocr_carea' id='block_1_97' title="bbox 2121 4571 3791 4661">
    <p class='ocr_par' dir='ltr' id='par_1_97' title="bbox 2128 4581 3791 4639">
     <span class='ocr_line' id='line_1_97' title="bbox 2128 4581 3791 4639; baseline 0.002 -4"><span class='ocrx_word' id='word_1_682' title='bbox 2128 4582 2299 4636; x_wconf 85' lang='lat' dir='ltr'>Anno</span> <span class='ocrx_word' id='word_1_683' title='bbox 2327 4581 2588 4637; x_wconf 91' lang='lat' dir='ltr'>secundo</span> <span class='ocrx_word' id='word_1_684' title='bbox 2626 4583 2783 4638; x_wconf 90' lang='lat' dir='ltr'>Darii</span> <span class='ocrx_word' id='word_1_685' title='bbox 2815 4582 3103 4638; x_wconf 89' lang='lat' dir='ltr'>Dominus</span> <span class='ocrx_word' id='word_1_686' title='bbox 3134 4583 3216 4639; x_wconf 90' lang='lat' dir='ltr'>ita</span> <span class='ocrx_word' id='word_1_687' title='bbox 3274 4600 3369 4639; x_wconf 91' lang='lat' dir='ltr'>me</span> <span class='ocrx_word' id='word_1_688' title='bbox 3419 4589 3508 4638; x_wconf 87' lang='lat' dir='ltr'>est</span> <span class='ocrx_word' id='word_1_689' title='bbox 3538 4585 3791 4638; x_wconf 66' lang='lat' dir='ltr'>allatus:</span> 
     </span>
    </p>
   </div>
   <div class='ocr_carea' id='block_1_98' title="bbox 351 4666 2014 4749">
    <p class='ocr_par' dir='ltr' id='par_1_98' title="bbox 351 4666 2014 4749">
     <span class='ocr_line' id='line_1_98' title="bbox 351 4666 2014 4749; baseline -0.006 -16"><span class='ocrx_word' id='word_1_690' title='bbox 351 4676 498 4733; x_wconf 85' lang='grc' dir='ltr'>λαοῦ</span> <span class='ocrx_word' id='word_1_691' title='bbox 534 4696 638 4749; x_wconf 82' lang='grc' dir='ltr'>μου</span> <span class='ocrx_word' id='word_1_692' title='bbox 686 4671 1018 4749; x_wconf 81' lang='grc' dir='ltr'>ἐπιστρέψει.</span> <span class='ocrx_word' id='word_1_693' title='bbox 1078 4671 1210 4746; x_wconf 82' lang='grc' dir='ltr'>Περὶ</span> <span class='ocrx_word' id='word_1_694' title='bbox 1266 4668 1335 4736; x_wconf 73' lang='grc' dir='ltr'>ἧς</span> <span class='ocrx_word' id='word_1_695' title='bbox 1372 4666 1680 4744; x_wconf 67' lang='grc' dir='ltr'>οἰκοδομῆς</span> <span class='ocrx_word' id='word_1_696' title='bbox 1742 4670 1831 4725; x_wconf 83' lang='grc' dir='ltr'>καὶ</span> <span class='ocrx_word' id='word_1_697' title='bbox 1890 4671 2014 4748; x_wconf 81' lang='grc' dir='ltr'>Ἀγ-</span> 
     </span>
    </p>
   </div>
   <div class='ocr_carea' id='block_1_99' title="bbox 348 4754 2018 4847">
    <p class='ocr_par' dir='ltr' id='par_1_99' title="bbox 348 4754 2018 4847">
     <span class='ocr_line' id='line_1_99' title="bbox 348 4754 2018 4847; baseline -0.004 -25"><span class='ocrx_word' id='word_1_698' title='bbox 348 4773 511 4842; x_wconf 84' lang='grc' dir='ltr'>γαῖος</span> <span class='ocrx_word' id='word_1_699' title='bbox 544 4767 754 4847; x_wconf 68' lang='grc' dir='ltr'>φάσκει·</span> <span class='ocrx_word' id='word_1_700' title='bbox 788 4766 884 4836; x_wconf 83' lang='grc' dir='ltr'>Τῷ</span> <span class='ocrx_word' id='word_1_701' title='bbox 916 4760 1153 4838; x_wconf 85' lang='grc' dir='ltr'>δευτέρῳ</span> <span class='ocrx_word' id='word_1_702' title='bbox 1194 4754 1300 4816; x_wconf 75' lang='grc' dir='ltr'>ἔτει</span> <span class='ocrx_word' id='word_1_703' title='bbox 1359 4760 1448 4815; x_wconf 77' lang='grc' dir='ltr'>ἐπὶ</span> <span class='ocrx_word' id='word_1_704' title='bbox 1508 4759 2018 4847; x_wconf 42' lang='grc' dir='ltr'>Δαρέίου-ἐλάλησε</span> 
     </span>
    </p>
   </div>
   <div class='ocr_carea' id='block_1_100' title="bbox 352 4844 2016 4931">
    <p class='ocr_par' dir='ltr' id='par_1_100' title="bbox 352 4844 2016 4931">
     <span class='ocr_line' id='line_1_100' title="bbox 352 4844 2016 4931; baseline -0.005 -19"><span class='ocrx_word' id='word_1_705' title='bbox 352 4844 565 4931; x_wconf 72' lang='grc' dir='ltr'>Κύριος</span> <span class='ocrx_word' id='word_1_706' title='bbox 593 4855 730 4929; x_wconf 67' lang='grc' dir='ltr'>πρὸς</span> <span class='ocrx_word' id='word_1_707' title='bbox 766 4854 851 4927; x_wconf 69' lang='grc' dir='ltr'>μὲ,</span> <span class='ocrx_word' id='word_1_708' title='bbox 884 4850 1083 4927; x_wconf 83' lang='grc' dir='ltr'>λέγων’</span> <span class='ocrx_word' id='word_1_709' title='bbox 1116 4849 1285 4906; x_wconf 76' lang='grc' dir='ltr'>Εἶπον</span> <span class='ocrx_word' id='word_1_710' title='bbox 1316 4847 1384 4919; x_wconf 77' lang='grc' dir='ltr'>δὴ</span> <span class='ocrx_word' id='word_1_711' title='bbox 1415 4849 1554 4924; x_wconf 83' lang='grc' dir='ltr'>πρὸς</span> <span class='ocrx_word' id='word_1_712' title='bbox 1586 4844 1899 4925; x_wconf 86' lang='grc' dir='ltr'>Ζοροϐάϐελ</span> <span class='ocrx_word' id='word_1_713' title='bbox 1926 4851 2016 4906; x_wconf 83' lang='grc' dir='ltr'>καὶ</span> 
     </span>
    </p>
   </div>
   <div class='ocr_carea' id='block_1_101' title="bbox 350 4938 2020 5022">
    <p class='ocr_par' dir='ltr' id='par_1_101' title="bbox 350 4938 2020 5022">
     <span class='ocr_line' id='line_1_101' title="bbox 350 4938 2020 5022; baseline -0.004 -19"><span class='ocrx_word' id='word_1_714' title='bbox 350 4948 498 5022; x_wconf 79' lang='grc' dir='ltr'>πρὸς</span> <span class='ocrx_word' id='word_1_715' title='bbox 538 4946 750 5014; x_wconf 83' lang='grc' dir='ltr'>Ἰησοῦν</span> <span class='ocrx_word' id='word_1_716' title='bbox 780 4944 876 5000; x_wconf 86' lang='grc' dir='ltr'>τὸν</span> <span class='ocrx_word' id='word_1_717' title='bbox 906 4941 1053 5017; x_wconf 79' lang='grc' dir='ltr'>ἰερέα</span> <span class='ocrx_word' id='word_1_718' title='bbox 1091 4942 1182 4997; x_wconf 73' lang='grc' dir='ltr'>καὶ</span> <span class='ocrx_word' id='word_1_719' title='bbox 1235 4938 1374 5016; x_wconf 82' lang='grc' dir='ltr'>πρδς</span> <span class='ocrx_word' id='word_1_720' title='bbox 1432 4941 1636 5002; x_wconf 79' lang='grc' dir='ltr'>πάντας</span> <span class='ocrx_word' id='word_1_721' title='bbox 1692 4941 1821 5003; x_wconf 82' lang='grc' dir='ltr'>τοὺς</span> <span class='ocrx_word' id='word_1_722' title='bbox 1852 4962 2020 4997; x_wconf 85' lang='grc' dir='ltr'>κατα-</span> 
     </span>
    </p>
   </div>
   <div class='ocr_carea' id='block_1_102' title="bbox 349 5026 2020 5109">
    <p class='ocr_par' dir='ltr' id='par_1_102' title="bbox 349 5026 2020 5109">
     <span class='ocr_line' id='line_1_102' title="bbox 349 5026 2020 5109; baseline -0.005 -16"><span class='ocrx_word' id='word_1_723' title='bbox 349 5035 588 5097; x_wconf 87' lang='grc' dir='ltr'>λοίπους</span> <span class='ocrx_word' id='word_1_724' title='bbox 620 5036 717 5089; x_wconf 90' lang='grc' dir='ltr'>τοῦ</span> <span class='ocrx_word' id='word_1_725' title='bbox 749 5030 909 5100; x_wconf 89' lang='grc' dir='ltr'>λαοῦ,</span> <span class='ocrx_word' id='word_1_726' title='bbox 951 5032 1149 5109; x_wconf 78' lang='grc' dir='ltr'>λέγων’</span> <span class='ocrx_word' id='word_1_727' title='bbox 1180 5030 1272 5092; x_wconf 89' lang='grc' dir='ltr'>Τίς</span> <span class='ocrx_word' id='word_1_728' title='bbox 1304 5028 1356 5101; x_wconf 78' lang='grc' dir='ltr'>ἐξ</span> <span class='ocrx_word' id='word_1_729' title='bbox 1389 5030 1543 5104; x_wconf 79' lang='grc' dir='ltr'>ὑμῶν</span> <span class='ocrx_word' id='word_1_730' title='bbox 1575 5027 1634 5091; x_wconf 79' lang='grc' dir='ltr'>ὅς</span> <span class='ocrx_word' id='word_1_731' title='bbox 1664 5026 1781 5084; x_wconf 78' lang='grc' dir='ltr'>οἶδε</span> <span class='ocrx_word' id='word_1_732' title='bbox 1807 5030 1898 5085; x_wconf 86' lang='grc' dir='ltr'>τὸν</span> <span class='ocrx_word' id='word_1_733' title='bbox 1933 5031 2020 5085; x_wconf 78' lang='grc' dir='ltr'>οῖ-</span> 
     </span>
    </p>
   </div>
   <div class='ocr_carea' id='block_1_103' title="bbox 349 5115 2021 5195">
    <p class='ocr_par' dir='ltr' id='par_1_103' title="bbox 349 5115 2021 5195">
     <span class='ocr_line' id='line_1_103' title="bbox 349 5115 2021 5195; baseline -0.003 -15"><span class='ocrx_word' id='word_1_734' title='bbox 349 5147 450 5181; x_wconf 82' lang='grc' dir='ltr'>κον</span> <span class='ocrx_word' id='word_1_735' title='bbox 482 5127 677 5180; x_wconf 80' lang='grc' dir='ltr'>τοῦτον</span> <span class='ocrx_word' id='word_1_736' title='bbox 707 5121 758 5177; x_wconf 81' lang='grc' dir='ltr'>ἐν</span> <span class='ocrx_word' id='word_1_737' title='bbox 787 5125 856 5195; x_wconf 78' lang='grc' dir='ltr'>τῇ</span> <span class='ocrx_word' id='word_1_738' title='bbox 890 5118 1017 5195; x_wconf 83' lang='grc' dir='ltr'>δόξῃ</span> <span class='ocrx_word' id='word_1_739' title='bbox 1070 5120 1239 5176; x_wconf 80' lang='grc' dir='ltr'>αὐτοῦ</span> <span class='ocrx_word' id='word_1_740' title='bbox 1285 5121 1356 5193; x_wconf 76' lang='grc' dir='ltr'>τῇ</span> <span class='ocrx_word' id='word_1_741' title='bbox 1390 5115 1696 5192; x_wconf 78' lang='grc' dir='ltr'>ἔμπροσθεν</span> <span class='ocrx_word' id='word_1_742' title='bbox 1727 5138 1740 5188; x_wconf 88' lang='grc'><strong>;</strong></span> <span class='ocrx_word' id='word_1_743' title='bbox 1774 5118 1875 5175; x_wconf 79' lang='grc' dir='ltr'>Καὶ</span> <span class='ocrx_word' id='word_1_744' title='bbox 1904 5124 2021 5184; x_wconf 83' lang='grc' dir='ltr'>πῶς</span> 
     </span>
    </p>
   </div>
   <div class='ocr_carea' id='block_1_104' title="bbox 350 5205 2018 5290">
    <p class='ocr_par' dir='ltr' id='par_1_104' title="bbox 350 5205 2018 5290">
     <span class='ocr_line' id='line_1_104' title="bbox 350 5205 2018 5290; baseline -0.004 -21"><span class='ocrx_word' id='word_1_745' title='bbox 350 5218 445 5268; x_wconf 84' lang='grc' dir='ltr'>νῦν</span> <span class='ocrx_word' id='word_1_746' title='bbox 485 5212 718 5290; x_wconf 81' lang='grc' dir='ltr'>βλέπετε</span> <span class='ocrx_word' id='word_1_747' title='bbox 757 5209 916 5265; x_wconf 73' lang='grc' dir='ltr'>αὐτὸν</span> <span class='ocrx_word' id='word_1_748' title='bbox 946 5209 1023 5272; x_wconf 81' lang='grc' dir='ltr'>ὡς</span> <span class='ocrx_word' id='word_1_749' title='bbox 1054 5208 1164 5284; x_wconf 77' lang='grc' dir='ltr'>οὐχ</span> <span class='ocrx_word' id='word_1_750' title='bbox 1198 5206 1520 5283; x_wconf 80' lang='grc' dir='ltr'>ὑπάρχοντα</span> <span class='ocrx_word' id='word_1_751' title='bbox 1550 5205 1780 5264; x_wconf 81' lang='grc' dir='ltr'>ἐνώπιον</span> <span class='ocrx_word' id='word_1_752' title='bbox 1816 5209 1967 5281; x_wconf 75' lang='grc' dir='ltr'>ὑμῶν</span> <span class='ocrx_word' id='word_1_753' title='bbox 2004 5228 2018 5280; x_wconf 89' lang='grc'>;</span> 
     </span>
    </p>
   </div>
   <div class='ocr_carea' id='block_1_105' title="bbox 353 5292 2021 5375">
    <p class='ocr_par' dir='ltr' id='par_1_105' title="bbox 353 5292 2021 5375">
     <span class='ocr_line' id='line_1_105' title="bbox 353 5292 2021 5375; baseline -0.002 -16"><span class='ocrx_word' id='word_1_754' title='bbox 353 5305 458 5359; x_wconf 77' lang='grc' dir='ltr'>Καὶ</span> <span class='ocrx_word' id='word_1_755' title='bbox 492 5306 584 5357; x_wconf 84' lang='grc' dir='ltr'>νῦν</span> <span class='ocrx_word' id='word_1_756' title='bbox 611 5298 902 5375; x_wconf 73' lang='grc' dir='ltr'>κατίσχυε,</span> <span class='ocrx_word' id='word_1_757' title='bbox 934 5292 1251 5375; x_wconf 87' lang='grc' dir='ltr'>Ζοροϐάϐελ</span> <span class='ocrx_word' id='word_1_758' title='bbox 1308 5297 1400 5352; x_wconf 81' lang='grc' dir='ltr'>καὶ</span> <span class='ocrx_word' id='word_1_759' title='bbox 1458 5297 1640 5368; x_wconf 74' lang='grc' dir='ltr'>Ἰησοῦ</span> <span class='ocrx_word' id='word_1_760' title='bbox 1687 5297 1777 5353; x_wconf 82' lang='grc' dir='ltr'>καὶ</span> <span class='ocrx_word' id='word_1_761' title='bbox 1827 5303 1933 5361; x_wconf 79' lang='grc' dir='ltr'>πᾶς</span> <span class='ocrx_word' id='word_1_762' title='bbox 1992 5300 2021 5355; x_wconf 88' lang='grc' dir='ltr'>ὁ</span> 
     </span>
    </p>
   </div>
   <div class='ocr_carea' id='block_1_106' title="bbox 348 5383 2021 5464">
    <p class='ocr_par' dir='ltr' id='par_1_106' title="bbox 348 5383 2021 5464">
     <span class='ocr_line' id='line_1_106' title="bbox 348 5383 2021 5464; baseline 0.002 -22"><span class='ocrx_word' id='word_1_763' title='bbox 348 5391 511 5462; x_wconf 71' lang='grc' dir='ltr'>λαὸς,</span> <span class='ocrx_word' id='word_1_764' title='bbox 544 5392 634 5449; x_wconf 76' lang='grc' dir='ltr'>καὶ</span> <span class='ocrx_word' id='word_1_765' title='bbox 670 5387 1087 5464; x_wconf 80' lang='grc' dir='ltr'>οἷκοδομήσατε</span> <span class='ocrx_word' id='word_1_766' title='bbox 1115 5388 1207 5444; x_wconf 86' lang='grc' dir='ltr'>τὸν</span> <span class='ocrx_word' id='word_1_767' title='bbox 1254 5386 1429 5443; x_wconf 77' lang='grc' dir='ltr'>οἶκον.</span> <span class='ocrx_word' id='word_1_768' title='bbox 1492 5387 1593 5445; x_wconf 81' lang='grc' dir='ltr'>Καὶ</span> <span class='ocrx_word' id='word_1_769' title='bbox 1649 5383 1935 5459; x_wconf 80' lang='grc' dir='ltr'>εὐδοκήσω</span> <span class='ocrx_word' id='word_1_770' title='bbox 1968 5389 2021 5445; x_wconf 90' lang='grc' dir='ltr'>ἐν</span> 
     </span>
    </p>
   </div>
   <div class='ocr_carea' id='block_1_107' title="bbox 348 5474 2020 5556">
    <p class='ocr_par' dir='ltr' id='par_1_107' title="bbox 348 5474 2020 5556">
     <span class='ocr_line' id='line_1_107' title="bbox 348 5474 2020 5556; baseline -0.003 -17"><span class='ocrx_word' id='word_1_771' title='bbox 348 5483 520 5556; x_wconf 69' lang='grc' dir='ltr'>αὐτῷ,</span> <span class='ocrx_word' id='word_1_772' title='bbox 553 5482 647 5538; x_wconf 82' lang='grc' dir='ltr'>καὶ</span> <span class='ocrx_word' id='word_1_773' title='bbox 680 5476 829 5537; x_wconf 78' lang='grc' dir='ltr'>ἔσται</span> <span class='ocrx_word' id='word_1_774' title='bbox 861 5480 896 5551; x_wconf 84' lang='grc' dir='ltr'>ἡ</span> <span class='ocrx_word' id='word_1_775' title='bbox 930 5476 1059 5551; x_wconf 78' lang='grc' dir='ltr'>δόξα</span> <span class='ocrx_word' id='word_1_776' title='bbox 1095 5481 1193 5535; x_wconf 88' lang='grc' dir='ltr'>τοῦ</span> <span class='ocrx_word' id='word_1_777' title='bbox 1249 5474 1409 5533; x_wconf 78' lang='grc' dir='ltr'>οἷ’κου</span> <span class='ocrx_word' id='word_1_778' title='bbox 1461 5476 1661 5533; x_wconf 76' lang='grc' dir='ltr'>τούτου</span> <span class='ocrx_word' id='word_1_779' title='bbox 1726 5479 1761 5547; x_wconf 77' lang='grc' dir='ltr'><strong>ἡ</strong></span> <span class='ocrx_word' id='word_1_780' title='bbox 1814 5476 2020 5554; x_wconf 84' lang='grc' dir='ltr'>ἐσχάτη</span> 
     </span>
    </p>
   </div>
   <div class='ocr_carea' id='block_1_108' title="bbox 2129 4671 3795 4746">
    <p class='ocr_par' dir='ltr' id='par_1_108' title="bbox 2129 4671 3795 4746">
     <span class='ocr_line' id='line_1_108' title="bbox 2129 4671 3795 4746; baseline 0.002 -20"><span class='ocrx_word' id='word_1_781' title='bbox 2129 4671 2393 4744; x_wconf 83' lang='lat' dir='ltr'>Agedum</span> <span class='ocrx_word' id='word_1_782' title='bbox 2426 4671 2507 4728; x_wconf 90' lang='lat' dir='ltr'>ita</span> <span class='ocrx_word' id='word_1_783' title='bbox 2537 4672 2716 4727; x_wconf 91' lang='lat' dir='ltr'>dicito</span> <span class='ocrx_word' id='word_1_784' title='bbox 2746 4672 3107 4729; x_wconf 88' lang='lat' dir='ltr'>Zorobabelo</span> <span class='ocrx_word' id='word_1_785' title='bbox 3139 4678 3198 4728; x_wconf 92' lang='lat' dir='ltr'>et</span> <span class='ocrx_word' id='word_1_786' title='bbox 3242 4675 3380 4728; x_wconf 84' lang='lat' dir='ltr'>Jesu</span> <span class='ocrx_word' id='word_1_787' title='bbox 3410 4673 3676 4746; x_wconf 80' lang='lat' dir='ltr'>pontiﬁci</span> <span class='ocrx_word' id='word_1_788' title='bbox 3696 4690 3795 4729; x_wconf 91' lang='lat' dir='ltr'>re-</span> 
     </span>
    </p>
   </div>
   <div class='ocr_carea' id='block_1_109' title="bbox 2128 4760 3795 4836">
    <p class='ocr_par' dir='ltr' id='par_1_109' title="bbox 2128 4760 3795 4836">
     <span class='ocr_line' id='line_1_109' title="bbox 2128 4760 3795 4836; baseline 0.002 -21"><span class='ocrx_word' id='word_1_789' title='bbox 2128 4760 2431 4833; x_wconf 90' lang='lat' dir='ltr'>liquisque</span> <span class='ocrx_word' id='word_1_790' title='bbox 2464 4762 2744 4818; x_wconf 88' lang='lat' dir='ltr'>omnibus</span> <span class='ocrx_word' id='word_1_791' title='bbox 2775 4764 2848 4818; x_wconf 93' lang='lat' dir='ltr'>de</span> <span class='ocrx_word' id='word_1_792' title='bbox 2875 4764 3097 4835; x_wconf 92' lang='lat' dir='ltr'>populo</span> <span class='ocrx_word' id='word_1_793' title='bbox 3160 4764 3619 4836; x_wconf 80' lang='lat' dir='ltr'>superstitibus:</span> <span class='ocrx_word' id='word_1_794' title='bbox 3654 4763 3795 4828; x_wconf 90' lang='lat' dir='ltr'>Quis</span> 
     </span>
    </p>
   </div>
   <div class='ocr_carea' id='block_1_110' title="bbox 2128 4853 3797 4928">
    <p class='ocr_par' dir='ltr' id='par_1_110' title="bbox 2128 4853 3797 4928">
     <span class='ocr_line' id='line_1_110' title="bbox 2128 4853 3797 4928; baseline 0.003 -23"><span class='ocrx_word' id='word_1_795' title='bbox 2128 4858 2400 4908; x_wconf 87' lang='lat' dir='ltr'>vestrum</span> <span class='ocrx_word' id='word_1_796' title='bbox 2447 4853 2591 4909; x_wconf 90' lang='lat' dir='ltr'>vidit</span> <span class='ocrx_word' id='word_1_797' title='bbox 2635 4854 2824 4909; x_wconf 65' lang='lat' dir='ltr'>aedem</span> <span class='ocrx_word' id='word_1_798' title='bbox 2883 4855 3037 4910; x_wconf 90' lang='lat' dir='ltr'>hanc</span> <span class='ocrx_word' id='word_1_799' title='bbox 3095 4854 3155 4910; x_wconf 89' lang='lat' dir='ltr'>in</span> <span class='ocrx_word' id='word_1_800' title='bbox 3196 4856 3511 4928; x_wconf 85' lang='lat' dir='ltr'>majestate</span> <span class='ocrx_word' id='word_1_801' title='bbox 3542 4854 3797 4927; x_wconf 91' lang='lat' dir='ltr'>pristina</span> 
     </span>
    </p>
   </div>
   <div class='ocr_carea' id='block_1_111' title="bbox 2129 4943 3797 5016">
    <p class='ocr_par' dir='ltr' id='par_1_111' title="bbox 2129 4943 3797 5016">
     <span class='ocr_line' id='line_1_111' title="bbox 2129 4943 3797 5016; baseline 0 -19"><span class='ocrx_word' id='word_1_802' title='bbox 2129 4943 2280 4998; x_wconf 82' lang='lat' dir='ltr'>sua?</span> <span class='ocrx_word' id='word_1_803' title='bbox 2311 4949 2371 4997; x_wconf 92' lang='lat' dir='ltr'>et</span> <span class='ocrx_word' id='word_1_804' title='bbox 2400 4944 2698 5014; x_wconf 88' lang='lat' dir='ltr'>quomodo</span> <span class='ocrx_word' id='word_1_805' title='bbox 2733 4961 2865 5000; x_wconf 90' lang='lat' dir='ltr'>eam</span> <span class='ocrx_word' id='word_1_806' title='bbox 2895 4961 3058 5001; x_wconf 89' lang='lat' dir='ltr'>nunc</span> <span class='ocrx_word' id='word_1_807' title='bbox 3081 4944 3310 5011; x_wconf 88' lang='lat' dir='ltr'>videtis,</span> <span class='ocrx_word' id='word_1_808' title='bbox 3346 4945 3515 5016; x_wconf 88' lang='lat' dir='ltr'>quasi</span> <span class='ocrx_word' id='word_1_809' title='bbox 3563 4961 3688 4999; x_wconf 90' lang='lat' dir='ltr'>non</span> <span class='ocrx_word' id='word_1_810' title='bbox 3720 4943 3797 4999; x_wconf 90' lang='lat' dir='ltr'>sit</span> 
     </span>
    </p>
   </div>
   <div class='ocr_carea' id='block_1_112' title="bbox 2130 5032 3794 5106">
    <p class='ocr_par' dir='ltr' id='par_1_112' title="bbox 2130 5032 3794 5106">
     <span class='ocr_line' id='line_1_112' title="bbox 2130 5032 3794 5106; baseline -0.002 -18"><span class='ocrx_word' id='word_1_811' title='bbox 2130 5048 2329 5088; x_wconf 90' lang='lat' dir='ltr'>coram</span> <span class='ocrx_word' id='word_1_812' title='bbox 2362 5032 2572 5088; x_wconf 83' lang='lat' dir='ltr'>vobis?</span> <span class='ocrx_word' id='word_1_813' title='bbox 2608 5049 2768 5089; x_wconf 87' lang='lat' dir='ltr'>nunc</span> <span class='ocrx_word' id='word_1_814' title='bbox 2804 5033 3006 5106; x_wconf 88' lang='lat' dir='ltr'>itaque</span> <span class='ocrx_word' id='word_1_815' title='bbox 3065 5040 3127 5090; x_wconf 93' lang='lat' dir='ltr'>tu</span> <span class='ocrx_word' id='word_1_816' title='bbox 3182 5033 3557 5099; x_wconf 86' lang='lat' dir='ltr'>Zorobabele,</span> <span class='ocrx_word' id='word_1_817' title='bbox 3608 5038 3794 5102; x_wconf 88' lang='lat' dir='ltr'>tuque</span> 
     </span>
    </p>
   </div>
   <div class='ocr_carea' id='block_1_113' title="bbox 2131 5120 3796 5195">
    <p class='ocr_par' dir='ltr' id='par_1_113' title="bbox 2131 5120 3796 5195">
     <span class='ocr_line' id='line_1_113' title="bbox 2131 5120 3796 5195; baseline -0.002 -19"><span class='ocrx_word' id='word_1_818' title='bbox 2131 5123 2290 5188; x_wconf 82' lang='lat' dir='ltr'>Jesu,</span> <span class='ocrx_word' id='word_1_819' title='bbox 2324 5127 2382 5177; x_wconf 92' lang='lat' dir='ltr'>et</span> <span class='ocrx_word' id='word_1_820' title='bbox 2402 5122 2600 5177; x_wconf 90' lang='lat' dir='ltr'>omnis</span> <span class='ocrx_word' id='word_1_821' title='bbox 2631 5122 2913 5195; x_wconf 89' lang='lat' dir='ltr'>populus,</span> <span class='ocrx_word' id='word_1_822' title='bbox 2941 5123 3127 5179; x_wconf 85' lang='lat' dir='ltr'>fortes</span> <span class='ocrx_word' id='word_1_823' title='bbox 3159 5129 3346 5179; x_wconf 89' lang='lat' dir='ltr'>estote</span> <span class='ocrx_word' id='word_1_824' title='bbox 3369 5128 3426 5177; x_wconf 90' lang='lat' dir='ltr'>et</span> <span class='ocrx_word' id='word_1_825' title='bbox 3455 5120 3644 5176; x_wconf 68' lang='lat' dir='ltr'>aedem</span> <span class='ocrx_word' id='word_1_826' title='bbox 3697 5135 3796 5174; x_wconf 92' lang='lat' dir='ltr'>ex-</span> 
     </span>
    </p>
   </div>
   <div class='ocr_carea' id='block_1_114' title="bbox 2136 5206 3792 5283">
    <p class='ocr_par' dir='ltr' id='par_1_114' title="bbox 2136 5206 3792 5283">
     <span class='ocr_line' id='line_1_114' title="bbox 2136 5206 3792 5283; baseline -0.003 -16"><span class='ocrx_word' id='word_1_827' title='bbox 2136 5211 2348 5267; x_wconf 88' lang='lat' dir='ltr'>struite</span> <span class='ocrx_word' id='word_1_828' title='bbox 2374 5228 2387 5265; x_wconf 89' lang='lat'>:</span> <span class='ocrx_word' id='word_1_829' title='bbox 2422 5228 2528 5280; x_wconf 80' lang='lat' dir='ltr'>ego</span> <span class='ocrx_word' id='word_1_830' title='bbox 2562 5227 2693 5266; x_wconf 89' lang='lat' dir='ltr'>eam</span> <span class='ocrx_word' id='word_1_831' title='bbox 2725 5212 3088 5283; x_wconf 89' lang='lat' dir='ltr'>approbabo,</span> <span class='ocrx_word' id='word_1_832' title='bbox 3118 5212 3349 5282; x_wconf 90' lang='lat' dir='ltr'>eritque</span> <span class='ocrx_word' id='word_1_833' title='bbox 3374 5206 3659 5280; x_wconf 89' lang='lat' dir='ltr'>postremi</span> <span class='ocrx_word' id='word_1_834' title='bbox 3679 5206 3792 5262; x_wconf 88' lang='lat' dir='ltr'>hu-</span> 
     </span>
    </p>
   </div>
   <div class='ocr_carea' id='block_1_115' title="bbox 2128 5295 3794 5373">
    <p class='ocr_par' dir='ltr' id='par_1_115' title="bbox 2128 5295 3794 5373">
     <span class='ocr_line' id='line_1_115' title="bbox 2128 5295 3794 5373; baseline -0.004 -17"><span class='ocrx_word' id='word_1_835' title='bbox 2128 5300 2233 5373; x_wconf 89' lang='lat' dir='ltr'>jus</span> <span class='ocrx_word' id='word_1_836' title='bbox 2268 5299 2476 5371; x_wconf 89' lang='lat' dir='ltr'>templi</span> <span class='ocrx_word' id='word_1_837' title='bbox 2506 5300 2791 5373; x_wconf 88' lang='lat' dir='ltr'>majestas</span> <span class='ocrx_word' id='word_1_838' title='bbox 2821 5300 3077 5372; x_wconf 91' lang='lat' dir='ltr'>amplior</span> <span class='ocrx_word' id='word_1_839' title='bbox 3106 5300 3320 5370; x_wconf 87' lang='lat' dir='ltr'>primo,</span> <span class='ocrx_word' id='word_1_840' title='bbox 3369 5297 3565 5368; x_wconf 87' lang='lat' dir='ltr'>inquit</span> <span class='ocrx_word' id='word_1_841' title='bbox 3595 5295 3794 5350; x_wconf 80' lang='lat' dir='ltr'>Domi-</span> 
     </span>
    </p>
   </div>
   <div class='ocr_carea' id='block_1_116' title="bbox 2134 5386 3795 5461">
    <p class='ocr_par' dir='ltr' id='par_1_116' title="bbox 2134 5386 3795 5461">
     <span class='ocr_line' id='line_1_116' title="bbox 2134 5386 3795 5461; baseline -0.004 -13"><span class='ocrx_word' id='word_1_842' title='bbox 2134 5409 2250 5448; x_wconf 92' lang='lat' dir='ltr'>nus</span> <span class='ocrx_word' id='word_1_843' title='bbox 2308 5391 2377 5447; x_wconf 74' lang='grc'>¹⁵.</span> <span class='ocrx_word' id='word_1_844' title='bbox 2438 5390 2951 5456; x_wconf 89' lang='lat' dir='ltr'>Quemadmodum</span> <span class='ocrx_word' id='word_1_845' title='bbox 3014 5389 3194 5461; x_wconf 90' lang='lat' dir='ltr'>igitur</span> <span class='ocrx_word' id='word_1_846' title='bbox 3276 5389 3441 5461; x_wconf 90' lang='lat' dir='ltr'>prius</span> <span class='ocrx_word' id='word_1_847' title='bbox 3502 5386 3795 5459; x_wconf 90' lang='lat' dir='ltr'>templum</span> 
     </span>
    </p>
   </div>
   <div class='ocr_carea' id='block_1_117' title="bbox 2133 5476 3798 5554">
    <p class='ocr_par' dir='ltr' id='par_1_117' title="bbox 2133 5476 3798 5554">
     <span class='ocr_line' id='line_1_117' title="bbox 2133 5476 3798 5554; baseline -0.003 -14"><span class='ocrx_word' id='word_1_848' title='bbox 2133 5482 2437 5553; x_wconf 89' lang='lat' dir='ltr'>Solomon,</span> <span class='ocrx_word' id='word_1_849' title='bbox 2471 5484 2554 5538; x_wconf 88' lang='lat' dir='ltr'>ita</span> <span class='ocrx_word' id='word_1_850' title='bbox 2582 5482 2902 5554; x_wconf 88' lang='lat' dir='ltr'>posterius,</span> <span class='ocrx_word' id='word_1_851' title='bbox 2934 5486 2994 5535; x_wconf 92' lang='lat' dir='ltr'>et</span> <span class='ocrx_word' id='word_1_852' title='bbox 3020 5484 3154 5551; x_wconf 90' lang='lat' dir='ltr'>post</span> <span class='ocrx_word' id='word_1_853' title='bbox 3183 5478 3342 5551; x_wconf 85' lang='lat' dir='ltr'>quod</span> <span class='ocrx_word' id='word_1_854' title='bbox 3369 5478 3604 5536; x_wconf 90' lang='lat' dir='ltr'>nullum</span> <span class='ocrx_word' id='word_1_855' title='bbox 3633 5476 3798 5535; x_wconf 90' lang='lat' dir='ltr'>aliud</span> 
     </span>
    </p>
   </div>
   <div class='ocr_carea' id='block_1_118' title="bbox 421 5623 2009 5699">
    <p class='ocr_par' dir='ltr' id='par_1_118' title="bbox 421 5623 2009 5699">
     <span class='ocr_line' id='line_1_118' title="bbox 421 5623 2009 5699; baseline -0.005 -12"><span class='ocrx_word' id='word_1_856' title='bbox 421 5632 467 5667; x_wconf 79' lang='grc'>¹³</span> <span class='ocrx_word' id='word_1_857' title='bbox 498 5632 715 5687; x_wconf 89' lang='lat' dir='ltr'>Thren.</span> <span class='ocrx_word' id='word_1_858' title='bbox 753 5644 831 5699; x_wconf 82' lang='grc' dir='ltr'>ιν,</span> <span class='ocrx_word' id='word_1_859' title='bbox 865 5630 953 5682; x_wconf 80' lang='lat'>20.</span> <span class='ocrx_word' id='word_1_860' title='bbox 986 5626 1031 5662; x_wconf 80' lang='grc'>¹³</span> <span class='ocrx_word' id='word_1_861' title='bbox 1064 5627 1198 5698; x_wconf 86' lang='lat' dir='ltr'>Sap.</span> <span class='ocrx_word' id='word_1_862' title='bbox 1231 5642 1291 5694; x_wconf 87' lang='grc' dir='ltr'>ιι,</span> <span class='ocrx_word' id='word_1_863' title='bbox 1328 5628 1394 5679; x_wconf 82' lang='lat' dir='ltr'>l2</span> <span class='ocrx_word' id='word_1_864' title='bbox 1423 5640 1594 5697; x_wconf 90' lang='lat' dir='ltr'>seqq.</span> <span class='ocrx_word' id='word_1_865' title='bbox 1638 5623 1818 5680; x_wconf 78' lang='lat' dir='ltr'>“Jer.</span> <span class='ocrx_word' id='word_1_866' title='bbox 1853 5642 1979 5697; x_wconf 80' lang='lat' dir='ltr'>xxv,</span> <span class='ocrx_word' id='word_1_867' title='bbox 2007 5638 2009 5653; x_wconf 60' lang='grc' dir='ltr'><strong><em>λ</em></strong></span> 
     </span>
    </p>
   </div>
   <div class='ocr_carea' id='block_1_119' title="bbox 2121 5623 3435 5699">
    <p class='ocr_par' dir='ltr' id='par_1_119' title="bbox 2121 5623 3435 5696">
     <span class='ocr_line' id='line_1_119' title="bbox 2121 5623 3435 5696; baseline -0.002 -13"><span class='ocrx_word' id='word_1_868' title='bbox 2121 5627 2336 5686; x_wconf 76' lang='lat' dir='ltr'>oassim.</span> <span class='ocrx_word' id='word_1_869' title='bbox 2372 5626 2418 5662; x_wconf 74' lang='lat'>‘5</span> <span class='ocrx_word' id='word_1_870' title='bbox 2448 5628 2565 5685; x_wconf 83' lang='lat' dir='ltr'>Jer.</span> <span class='ocrx_word' id='word_1_871' title='bbox 2591 5642 2722 5693; x_wconf 86' lang='lat' dir='ltr'>va,</span> <span class='ocrx_word' id='word_1_872' title='bbox 2754 5625 2799 5683; x_wconf 93' lang='grc' dir='ltr'><strong>Ι.</strong></span> <span class='ocrx_word' id='word_1_873' title='bbox 2825 5623 2869 5660; x_wconf 83' lang='grc'>¹⁶</span> <span class='ocrx_word' id='word_1_874' title='bbox 2909 5627 3101 5696; x_wconf 74' lang='lat' dir='ltr'>Aggze.</span> <span class='ocrx_word' id='word_1_875' title='bbox 3129 5640 3191 5692; x_wconf 85' lang='grc' dir='ltr'>ιι,</span> <span class='ocrx_word' id='word_1_876' title='bbox 3226 5625 3312 5693; x_wconf 79' lang='lat' dir='ltr'>tl,</span> <span class='ocrx_word' id='word_1_877' title='bbox 3348 5624 3435 5680; x_wconf 78' lang='lat' dir='ltr'>l2.</span> 
     </span>
    </p>
   </div>
   <div class='ocr_carea' id='block_1_120' title="bbox 600 5727 1371 5811">
    <p class='ocr_par' dir='ltr' id='par_1_120' title="bbox 600 5727 1371 5811">
     <span class='ocr_line' id='line_1_120' title="bbox 600 5727 1371 5811; baseline -0.012 1"><span class='ocrx_word' id='word_1_878' title='bbox 600 5751 872 5811; x_wconf 62' lang='lat' dir='ltr'>Pusam.</span> <span class='ocrx_word' id='word_1_879' title='bbox 921 5747 1031 5806; x_wconf 71' lang='lat' dir='ltr'>Gn.</span> <span class='ocrx_word' id='word_1_880' title='bbox 1072 5743 1288 5806; x_wconf 79' lang='lat' dir='ltr'>CXXI.</span> <span class='ocrx_word' id='word_1_881' title='bbox 1360 5727 1371 5732; x_wconf 62' lang='grc'><strong>’</strong></span> 
     </span>
    </p>
   </div>
   <div class='ocr_carea' id='block_1_121' title="bbox 3481 5743 3556 5799">
    <p class='ocr_par' dir='ltr' id='par_1_121' title="bbox 3481 5743 3556 5799">
     <span class='ocr_line' id='line_1_121' title="bbox 3481 5743 3556 5799; baseline 0 0"><span class='ocrx_word' id='word_1_882' title='bbox 3481 5743 3556 5799; x_wconf 77' lang='lat' dir='ltr'><strong>M</strong></span> 
     </span>
    </p>
   </div>
  </div>
