4154 6434
333 365 449 428 431

1691 351 2013 413 GEORGII
2057 350 2400 412 CEDRENI

3632 355 3750 416 432

328 506 428 555 tur
457 516 470 556 :
496 496 647 565 Dixi,
675 498 805 552 Jam
834 511 955 550 non
986 508 1225 565 pascam
1258 507 1358 546 eos
1377 488 1636 561 amplius
1660 503 1674 544 :
1700 488 1976 560 sedquod

2092 486 2373 562 γέννηκας,
2437 488 2539 543 οὐκ
2598 483 2804 567 ἔφριξεν
2882 489 2910 543 6
2989 487 3165 551 τάλας
3241 488 3332 543 καὶ
3389 488 3749 561 ἀπόπληκτος

330 589 601 655 moritur,
627 586 919 642 moriatur
947 599 1111 652 sane,
1132 588 1188 637 et
1207 585 1410 653 pereat
1442 579 1602 651 quod
1625 578 1807 650 periit
1825 578 1895 645 ³1,
1922 581 1982 631 et

327 685 561 734 caetera.
594 679 843 732 Devoret
870 674 1122 745 quisque
1145 687 1352 726 carnes
1383 669 1536 725 392
1579 667 1834 740 proximi
1864 666 1979 721 sui.

326 769 414 823 Ita
444 783 580 839 ergo
611 770 944 835 corruptus,
978 759 1459 832 turpissimisque
1478 755 1750 829 etimpiis
1765 754 1980 811 studiis

327 862 589 912 extreme
621 854 883 926 pollutus
909 868 944 907 a
966 868 1027 906 se
1060 851 1188 921 ipso
1220 854 1280 905 et
1308 850 1427 905 Deo
1450 848 1677 902 invisus
1710 844 1981 901 redditus

324 945 578 1018 populus
609 943 820 998 merito
845 947 903 995 et
907 941 930 1013 j
940 939 1139 995 ustissi
1151 955 1243 994 me
1265 937 1507 993 tandem
1521 936 1612 1007 abj
1624 940 1790 990 ectus
1802 938 1981 1003 atque

327 1035 597 1090 desertus
627 1036 735 1088 est.
760 1031 922 1086 Sicut
960 1045 1197 1084 rursum
1223 1026 1538 1083 Malachias
1567 1022 1984 1080 3*ait:Cecidit

324 1124 602 1194 Israelus,
645 1138 841 1193 neque
871 1120 1120 1192 posthac
1150 1123 1420 1191 resurget
1448 1139 1463 1185 ;
1498 1122 1557 1172 et
1585 1115 1767 1171 Isaias
1792 1130 1805 1169 :
1840 1112 1981 1178 Quis

330 1212 433 1268 tibi
464 1216 684 1284 parcet,
718 1210 956 1277 Israele,
981 1213 1081 1264 aut
1107 1208 1240 1279 quis
1272 1212 1328 1263 te
1360 1207 1421 1262 in
1450 1222 1658 1278 pacem
1679 1206 1930 1275 reponat
1956 1200 1984 1255 ?

327 1302 526 1373 inquit
558 1300 862 1357 Dominus.
894 1301 1069 1354 Retro
1099 1298 1312 1365 abibis,
1364 1313 1588 1368 egoque
1637 1310 1820 1350 manu
1849 1308 1983 1348 mea

318 1397 557 1449 extenta
584 1391 831 1464 perdam
862 1394 916 1443 te
945 1405 1012 1444 ac
1026 1387 1326 1460 dissipabo
1357 1391 1636 1456 te,neque
1652 1388 1707 1440 te
1729 1383 1980 1439 missum

317 1482 557 1538 faciam.
590 1483 737 1536 Ecce
771 1496 875 1552 ego
916 1496 1017 1535 vos
1042 1478 1324 1549 arripiam
1357 1493 1426 1532 ac
1455 1475 1846 1545 disrumpam,
1879 1488 1981 1527 ur-

320 1572 576 1641 bemque
608 1573 866 1625 vestram
897 1584 1076 1640 quam
1107 1566 1276 1622 vobis
1306 1565 1550 1632 dedi;et
1571 1577 1978 1634 exponamvos

321 1660 668 1733 ignominia:
700 1663 935 1714 aeternas
968 1674 1036 1713 ac
1065 1655 1385 1728 opprobrio
1409 1651 1978 1725 sempiterno,cujus

322 1749 614 1805 memoria
652 1763 964 1817 nunquam
994 1745 1308 1801 aboleatur
1337 1744 1403 1798 ³³.
1436 1743 1749 1799 Enimvero
1782 1745 1974 1796 extre-

320 1855 485 1895 mum
517 1838 668 1893 illud
698 1836 995 1893 excidium
1019 1836 1269 1907 ejusque
1302 1831 1602 1889 horrenda
1633 1831 1810 1899 mala,
1839 1845 1974 1885 cum
2003 1853 2053 1918 B

316 1945 568 2003 magnus
598 1927 699 1983 ille
726 1944 793 1982 os
822 1926 925 1982 Dei
958 1926 1303 1991 Moses,tum
1324 1929 1607 1996 posteum
1629 1919 1972 1977 Ezechielus

317 2038 384 2077 ac
403 2018 717 2094 )eremias,
753 2021 912 2072 vates
939 2015 1234 2082 divini,ita
1254 2014 1682 2087 praedixerunt,
1713 2016 1782 2066 ut
1799 2009 1972 2066 facile

320 2109 642 2167 admodum
667 2105 1329 2179 quilibet,quantumvis
1359 2102 1623 2171 rudis,ea
1652 2102 1722 2157 de
1736 2099 1974 2172 rejudi-

324 2199 483 2253 cium
510 2197 707 2253 facere
737 2195 943 2268 possit.
965 2195 1141 2250 Mosis
1160 2194 1289 2249 haec
1321 2199 1461 2249 sunt
1484 2190 1733 2248 verbain
1757 2189 1976 2261 repeti-

329 2288 486 2343 tione
516 2285 664 2359 legis
691 2285 988 2340 :Adducet
1003 2283 1290 2339 Dominus
1308 2287 1515 2339 contra
1537 2287 1592 2337 te
1614 2280 1891 2337 nationes
1903 2277 1975 2333 de

324 2376 672 2449 longinquo,
722 2375 795 2430 ab
864 2373 1144 2429 extremis
1191 2377 1364 2427 terras
1412 2371 1701 2443 partibus,
1751 2369 1978 2440 impetu

325 2459 1284 2536 aquilino,gentemimpudentem
1298 2458 1567 2514 facie.Ea
1590 2464 1645 2513 te
1686 2455 1747 2511 in
1779 2455 1973 2511 omni-

321 2555 434 2610 bus
452 2554 567 2608 tuis
587 2552 837 2608 urbibus
867 2549 1178 2606 obsidione
1200 2549 1458 2621 urgebit,
1483 2548 1672 2603 donec
1686 2545 1973 2617 dejician-

320 2647 418 2698 tur
449 2639 604 2697 muri
638 2641 721 2696 tui
754 2639 856 2695 alti
885 2644 1063 2709 atque
1096 2637 1293 2705 validi,
1326 2635 1544 2707 quibus
1587 2640 1650 2690 tu
1671 2633 1858 2689 fretus
1890 2650 1972 2688 es.

318 2730 621 2786 Vorabunt
658 2728 838 2785 foetus
870 2727 1091 2784 ventris
1122 2726 1207 2781 tui
1239 2742 1450 2782 carnes
1478 2724 1739 2779 ﬁliorum
1762 2727 1821 2778 et
1834 2721 1978 2777 ﬁlia-

313 2836 448 2877 rum
479 2824 745 2887 tuarum,
777 2821 846 2872 ut
894 2815 1048 2871 nihil
1105 2815 1177 2870 de
1218 2814 1384 2869 vobis
1415 2812 1692 2884 supersit,
1727 2827 1863 2868 cum
1918 2816 1977 2865 te

323 2909 740 2981 afﬂigetatque
754 2906 814 2960 in
829 2909 1123 2961 extremas
1139 2903 1443 2973 angustias
1456 2901 1975 2973 compellethostis

316 3014 428 3069 per
445 3012 653 3052 omnes
678 3001 807 3050 tuas
820 2994 1020 3049 urbes.
1052 2993 1282 3048 Tenera
1302 3008 1372 3049 ac
1389 2991 1644 3047 delicata
1658 2990 1874 3046 mulier
1903 2988 1976 3045 de

314 3086 481 3143 vobis
512 3087 719 3142 foetum
743 3086 831 3141 sui
864 3085 1044 3152 uteri,
1082 3101 1256 3139 suum
1288 3082 1478 3154 ipsius
1495 3081 1977 3154 partumocculte

319 3177 473 3234 893
497 3175 804 3232 comedet:
840 3179 1001 3230 tanta
1024 3173 1137 3229 erit
1168 3173 1436 3229 omnium
1479 3187 1682 3227 rerum
1726 3170 1979 3243 penuria

319 3220 472 3234 νενε-
498 3220 770 3232 ννυ-ινυνν
791 3220 804 3230 -
842 3220 1001 3230 ’ων-ηι-
1027 3220 1137 3229 ν--ν
1171 3220 1436 3229 ν--ο-----
1479 3220 1568 3227 -ν-
1586 3220 1682 3227 ν----
1726 3220 1908 3243 ι-ν-νη
1926 3220 1979 3231 -—_

319 3265 450 3321 istis
480 3266 544 3321 in
567 3263 1026 3321 calamitatibus.
1060 3261 1188 3317 Eris
1222 3265 1423 3317 autem
1454 3259 1748 3333 proverbii
1763 3260 1981 3327 loco,et
2008 3220 2053 3289 c

316 3355 521 3413 fabula
550 3356 707 3410 inter
737 3353 991 3426 p0pulos
1013 3368 1241 3418 omnes,
1274 3351 1348 3407 ad
1373 3365 1521 3422 quos
1543 3351 1697 3405 Deus
1721 3353 1775 3405 te
1807 3365 1981 3404 exsu-

315 3445 505 3500 latum
537 3444 756 3511 mittet,
788 3442 979 3497 donec
1016 3446 1071 3496 te
1102 3455 1346 3513 prorsus
1397 3438 1725 3495 exscindat.
1779 3439 1850 3492 Et
1879 3437 1981 3508 qui

318 3539 455 3590 ante
485 3549 738 3589 numero
773 3532 978 3588 stellas
1001 3532 1134 3588 coeli
1162 3530 1835 3602 aaquabatis,perexiguo
1867 3545 1985 3585 nu-

320 3638 483 3679 mero
515 3622 884 3694 supereritis.
919 3622 1053 3676 Haec
1110 3620 1275 3675 vobis
1329 3620 1619 3689 evenient,
1672 3619 1814 3690 quia
1860 3635 1982 3673 non

318 3710 602 3783 paruistis
621 3711 745 3765 voci
760 3709 995 3765 Domini
1014 3708 1118 3763 Dei
1151 3707 1350 3764 vestri.
1374 3709 1445 3763 Et
1473 3706 1979 3779 quemadmodum

319 3805 456 3857 ante
478 3799 701 3855 laatitiaa
735 3798 988 3855 Domino
1011 3796 1319 3865 fuistis,ita
1340 3814 1445 3852 vos
1477 3803 1603 3852 tum
1629 3796 1985 3869 pessumda-

318 3891 611 3961 bit,atque
647 3906 719 3945 ex
750 3889 909 3944 bona
934 3888 1045 3943 hac
1074 3894 1235 3943 terra
1262 3886 1528 3943 sublatos
1551 3886 1851 3959 disperget
1879 3903 1986 3959 per

324 3996 533 4035 omnes
562 3978 817 4051 populos
848 3978 920 4034 ab
951 3994 1072 4033 uno
1095 3977 1352 4032 termino
1384 3981 1558 4032 terrae
1591 3993 1781 4048 usque
1803 3976 1876 4032 ad
1895 3969 1985 4031 al-

333 4071 720 4137 terum.Quin
751 4077 809 4126 et
833 4069 991 4143 apud
1009 4070 1145 4125 illas
1161 4074 1369 4143 gentes
1395 4068 1624 4125 nullam
1657 4069 1984 4124 tibiconce-

323 4161 423 4218 det
452 4160 805 4234 requietem,
841 4176 1037 4232 neque
1072 4159 1332 4231 patietur
1386 4164 1443 4213 te
1474 4157 1785 4231 vestigium
1815 4158 1985 4231 pedis

324 4252 583 4308 ﬁrmare.
618 4250 791 4306 Dabit
825 4248 931 4304 tibi
965 4254 1116 4305 Deus
1166 4247 1246 4302 ibi
1307 4264 1410 4304 cor
1447 4253 1747 4318 maestum,
1780 4247 1985 4304 oculos

321 4341 670 4397 deﬁcientes
699 4340 1082 4411 animamque
1103 4338 1307 4394 dolore
1330 4337 1899 4395 tabescentem.Eris
1919 4338 1983 4395 in

317 4435 481 4486 metu
501 4430 629 4485 dies
650 4434 996 4500 noctesque.
1025 4428 1197 4483 Mane
1224 4445 1347 4499 prae
1369 4429 1581 4483 timore
1593 4427 1791 4483 cordis
1813 4433 1981 4499 opta-

314 4520 407 4575 bis
422 4535 756 4590 vesperam,
791 4523 849 4573 et
880 4518 1109 4588 vesperi
1142 4517 1498 4573 diluculum.
1533 4516 1822 4573 Ezechieli
1854 4517 1981 4574 haec

314 4589 852 4677 sintzltaloquitur
894 4606 1183 4662 Dominus
1229 4608 1542 4674 DeuszEn,
1564 4623 1597 4662 o
1627 4606 1976 4676 Jerusalem,
2010 4589 2055 4654 D

313 4712 418 4769 ego
453 4700 508 4750 te
528 4695 856 4766 aggrediar,
890 4695 1071 4767 inque
1103 4693 1302 4751 medio
1358 4695 1444 4750 tui
1476 4712 1679 4751 coram
1702 4696 1977 4769 gentibus

311 4791 368 4840 te
401 4783 834 4840 condemnabo.
858 4786 941 4839 Ea
970 4784 1032 4839 in
1062 4789 1119 4840 te
1153 4788 1420 4840 statuam
1453 4800 1585 4854 quae
1626 4800 1818 4855 neque
1842 4790 1979 4840 ante

311 4874 375 4929 in
407 4890 770 4945 quemquam
798 4873 975 4928 statui
999 4889 1194 4945 neque
1223 4871 1546 4945 postmodo
1572 4877 1827 4929 statuam
1852 4872 1977 4943 ;id-

313 4980 428 5036 que
455 4968 700 5037 propter
716 4980 1012 5019 summam
1044 4969 1160 5018 tuaa
1184 4962 1747 5034 impietatis.Patres
1770 4980 1803 5019 a
1824 4964 1977 5020 libe-

314 5055 396 5110 ris
429 5060 488 5110 et
512 5053 686 5110 liberi
708 5070 743 5109 a
766 5052 1116 5126 parentibus
1147 5052 1538 5108 comedentur
1565 5053 1631 5107 in
1656 5053 1853 5108 medio
1870 5053 1974 5110 tui.

315 5143 579 5201 Ulciscar
626 5149 703 5213 te,
756 5148 813 5199 et
872 5142 1224 5215 superstites
1276 5157 1485 5197 omnes
1543 5140 1881 5214 dispergam
1913 5143 1975 5198 in

312 5249 524 5289 omnes
548 5232 757 5289 mundi
786 5233 1011 5305 plagas,
1073 5232 1207 5287 ideo
1261 5230 1423 5301 quod
1477 5234 1695 5301 praater
1741 5231 1977 5302 reliqua

308 5323 528 5392 quibus
562 5339 655 5379 me
688 5319 1317 5391 oll‘endisti.templum
1349 5334 1585 5390 quoque
1622 5336 1824 5375 meum
1844 5321 1974 5392 pol-

308 5408 501 5467 luisti.
522 5413 727 5484 Itaque
756 5417 813 5467 te
837 5410 1125 5483 repellam
1158 5426 1194 5465 a
1222 5425 1340 5477 me,
1374 5424 1569 5479 neque
1595 5409 1840 5466 omnino
1858 5410 1971 5466 mi-

305 5500 551 5556 serebor
580 5502 688 5557 tui.
720 5501 1031 5567 Quadrans
1063 5499 1330 5572 tuipeste
1348 5497 1720 5569 absumetur,
1746 5505 1805 5556 et
1823 5516 1973 5572 qua-

2089 574 2498 651 ἀπαρνήσασθαι
2573 579 2667 632 τὸν
2754 580 3089 653 γεννήσαντα
3147 578 3311 633 αὐτὸν
3375 579 3505 634 Θεὸν
3572 584 3749 650 ζῶντα

2087 665 2176 719 καὶ
2207 665 2470 737 ἀληθινὸν
2522 666 2612 721 καὶ
2670 664 3022 731 ἐπιλαθέσθαι
3079 671 3178 722 τοῦ
3237 668 3528 747 τρέφοντος
3589 668 3748 724 αὐτὸν

2087 758 2242 809 Θεοῦ.
2278 755 2371 810 Διὸ
2402 752 2470 824 δὴ
2503 753 2699 812 λοιπὸν
2751 758 2826 821 ὡς
2874 755 3152 833 ἄχρηστον
3184 758 3565 832 προσώχθισεν
3598 758 3748 830 αὐτῷ

2087 844 2115 897 6
2156 843 2307 914 Θεὸς,
2345 845 2437 899 καὶ
2463 844 2779 924 ἀπεστράφη
2811 846 3119 917 παντελῶς,
3155 844 3243 902 διὰ
3290 851 3389 903 τοῦ
3446 848 3543 920 μὲν
3577 844 3744 904 Δαϐὶδ

2086 933 2329 1010 φάσκωψ
2381 933 2484 991 Καὶ
2543 934 2642 991 οὐκ
2671 933 2904 1005 ἤκουσεν
2962 936 2990 990 6
3044 935 3176 999 λαός
3237 957 3343 1009 μου
3399 943 3500 1006 τῆς
3558 940 3744 1015 φωνῆς

2091 1042 2217 1094 μου,
2245 1022 2334 1077 καὶ
2368 1023 2590 1096 Ἰσραὴλ
2622 1023 2682 1078 οὗ
2741 1024 3017 1100 προσέσχε
3076 1047 3193 1099 μοι,
3247 1025 3338 1080 καὶ
3398 1025 3747 1100 ἐξαπέστειλα

2089 1110 2282 1175 αὐτοὺς
2336 1113 2471 1169 κατὰ
2521 1114 2589 1168 τὰ
2646 1112 3055 1189 ἐπιτηδεύματα
3105 1121 3215 1172 τῶν
3266 1113 3505 1189 καρδιῶν
3563 1117 3742 1172 αὐτῶν

2087 1200 2429 1275 πορεύεσθαι.
2488 1202 2760 1266 Ὡσαύτως
2818 1203 2908 1260 καὶ
2967 1202 3056 1260 διὰ
3114 1206 3390 1280 Ζαχαρίου
3449 1205 3601 1282 φησί’
3638 1206 3745 1262 Καὶ

2087 1292 2263 1360 εἷπον,
2335 1291 2396 1346 οὐ
2473 1297 2732 1366 ποιμανῶ
2801 1294 3020 1365 αὐτοὺς,
3082 1293 3228 1349 ἀλλά
3281 1296 3343 1350 τὸ
3401 1294 3744 1365 ἀποθνῆσκον

2086 1378 2497 1449 ἀποθνησκέτω,
2529 1380 2618 1434 καὶ
2674 1381 2737 1435 τὸ
2794 1379 3178 1454 ἀπολλύμενον
3212 1380 3594 1456 ἀπολλυέσθω,
3651 1383 3742 1439 καὶ

2086 1468 2152 1523 τὰ
2184 1466 2371 1523 λοιπά.
2407 1466 2742 1534 Κατεσθιέτω
2773 1464 2997 1533 ἕκαστος
3056 1471 3152 1534 τὰς
3216 1471 3414 1547 σάρκας
3469 1477 3564 1527 τοῦ
3594 1471 3740 1542 πλη.

2087 1560 2202 1613 σίον
2250 1558 2438 1618 αὐτοῦ.
2509 1558 2614 1617 Καὶ
2673 1557 2817 1615 οὕτω
2883 1562 3113 1633 μισητὸν
3196 1561 3289 1616 καὶ
3348 1558 3740 1640 διεφθαρμένον

2084 1648 2173 1702 καὶ
2233 1648 2310 1713 εἲς
2366 1650 2502 1705 ἅπαν
2564 1644 2962 1726 ἐϐδελυγμένον
3024 1648 3114 1705 διὰ
3151 1655 3259 1706 τῶν
3308 1651 3613 1726 αἰσχίστων
3653 1652 3743 1707 καὶ

2085 1741 2391 1815 θεοστυγῶν
2425 1737 2878 1814 ἐπιτηδευμάτων
2938 1742 3125 1796 ἑαυτὸν
3179 1741 3464 1820 ἀποφήνας
3517 1741 3743 1804 εἰκότως

2084 1828 2141 1882 εὗ
2177 1825 2325 1901 μάλα
2357 1825 2582 1892 δικαίως
2617 1830 2693 1893 εἷς
2724 1829 2885 1894 τέλος
2914 1826 3233 1902 κατεϐλήθη
3265 1831 3359 1886 καὶ
3410 1831 3741 1912 ἀπελείφθη,

2082 1917 2263 1983 καθὼς
2340 1919 2505 1974 πάλιν
2596 1920 2623 1974 6
2680 1926 2825 1984 θεῖος
2885 1920 3181 1997 Μαλαχίας
3266 1922 3448 1999 φησίν·
3518 1925 3742 1978 Ἔπεσεν

2083 2006 2331 2081 Ἰσραὴλ,
2361 2010 2449 2065 καὶ
2495 2008 2557 2064 οὐ
2593 2010 2670 2082 μή
2713 2011 3013 2084 προσθήσει
3070 2015 3168 2066 τοῦ
3215 2012 3529 2082 ἀναστῆναι.
3591 2011 3744 2068 Οὖτω

2082 2095 2174 2151 καὶ
2206 2098 2234 2151 ὁ
2263 2097 2482 2159 Ἠσαίας
2514 2097 2724 2177 φάσκει·
2757 2098 2854 2162 Τίς
2917 2101 3156 2177 φείσεται
3215 2099 3302 2155 ἐπὶ
3336 2102 3442 2171 σοὶ,
3495 2098 3743 2176 Ἰσραὴλ,

2082 2183 2119 2256 ἤ
2166 2186 2249 2249 τίς
2307 2187 2614 2263 ἀνακάμψει
2674 2210 2731 2245 σε
2812 2190 2888 2252 εἷς
2973 2189 3244 2265 εἲρήνην;
3307 2190 3456 2268 λέγει
3514 2191 3741 2267 Κύριος.

2085 2275 2292 2334 Ὀπίσω
2349 2278 2614 2353 πορεύσῃ,
2686 2279 2776 2334 καὶ
2836 2279 3031 2334 ἐκτενῶ
3084 2281 3184 2350 τὴν
3241 2281 3402 2355 χεῖρά
3464 2302 3591 2353 μου,
3647 2273 3775 2336 καὶ’

2086 2362 2360 2443 διαφθερῶ
2392 2386 2471 2436 σε,
2511 2366 2601 2422 καὶ
2629 2364 2905 2442 διασπερῶ
2935 2389 3014 2439 σε,
3065 2369 3157 2424 καὶ
3211 2369 3393 2425 οὐκέτι
3446 2369 3632 2440 ἀνήσω
3667 2392 3744 2427 σε.

2086 2453 2191 2511 Kal
2223 2453 2338 2510 ίδοὸ
2398 2455 2504 2530 ἐγὼ
2555 2452 2820 2529 λαμϐάνω
2874 2458 2965 2513 καὶ
3025 2457 3207 2533 ῥάσσω
3267 2459 3406 2533 ὑμᾶς
3491 2459 3582 2515 καὶ
3649 2462 3750 2530 τήν

2086 2543 2248 2600 πόλιν
2304 2546 2372 2615 ἣν
2430 2541 2607 2600 ἔδωκα
2661 2546 2813 2619 ὑμῖν,
2873 2545 2964 2601 καὶ
3024 2543 3185 2602 δώσω
3258 2548 3388 2619 ὑμῖν
3440 2546 3752 2623 ὀνειδισμὸν

2086 2635 2307 2690 αἰώνιον
2341 2634 2431 2690 καὶ
2460 2635 2683 2710 ἀτιμίαν
2753 2635 2996 2704 αἰώνιον,
3031 2636 3154 2706 ἥτις
3221 2636 3322 2692 οὐκ
3370 2635 3749 2709 ἐπιλησθήσε-

2086 2744 2194 2782 ται.
2229 2726 2344 2793 Τῆς
2370 2725 2552 2779 τοίνυν
2584 2724 2829 2799 ἐσχάτης
2886 2724 3148 2787 ἁλώσεως
3188 2725 3391 2798 ταύτης
3429 2728 3521 2782 καὶ
3553 2727 3743 2783 τελευι

2085 2813 2239 2875 ταίας
2298 2814 2365 2868 τὰ
2423 2810 2568 2869 δεινὰ
2626 2815 2717 2869 καὶ
2775 2808 2982 2893 φοϐερὰ
3036 2812 3561 2891 προδιαγορεύοντες
3605 2816 3637 2872 6'
3689 2839 3747 2872 τε

2089 2901 2251 2977 μέγας
2281 2903 2371 2958 καὶ
2401 2904 2596 2979 θεορῥή
2608 2924 2723 2978 μων
2754 2902 2920 2960 πάλιν
2950 2906 3194 2974 Μωῦσῆς
3240 2906 3331 2960 καὶ
3391 2907 3445 2961 οἱ
3497 2907 3612 2981 μετ’
3643 2905 3743 2962 αὕη

2082 2992 2175 3047 τὸν
2230 2994 2488 3070 θεηγόροι
2541 2991 2804 3063 Ἰεζεκιήλ
2859 2994 2952 3048 καὶ
3008 2994 3299 3069 Ἱερεμίας,
3357 2993 3579 3071 εὐκρινῆ
3621 2995 3747 3052 λίαν

2084 3082 2175 3138 καὶ
2205 3080 2414 3163 σφόδρα
2446 3080 2592 3150 δῆλα
2645 3088 2763 3147 τοῖς
2813 3089 2943 3139 πᾶσι
2984 3084 3073 3139 καὶ
3131 3090 3248 3147 τοῖς
3305 3084 3435 3159 ἆγαν
3501 3082 3749 3150 ἰδιώταις

2090 3171 2224 3228 αὐτὰ
2254 3173 2571 3243 πεποίηται.
2621 3174 2685 3231 Ὀ
2747 3174 2841 3247 μὶν
2902 3172 3006 3249 γὰρ
3067 3180 3305 3244 Μωϋσῆς
3365 3174 3416 3229 ἐν
3449 3179 3529 3248 τῷ
3560 3184 3749 3233 Δευτε-

2091 3264 2337 3337 ρονομίῳ
2364 3261 2516 3339 φησί·
2551 3262 2653 3320 Καὶ
2684 3261 2864 3337 ἐπάξει
2912 3264 3111 3339 Κύριος
3157 3262 3285 3336 ἔθνη
3349 3266 3432 3340 [Ρ’
3488 3268 3616 3339 224]
3658 3264 3746 3321 ἐπὶ

2090 3352 2149 3407 σέ
2190 3352 2479 3428 μακρόθεν,
2538 3351 2634 3407 ἀπ’
2698 3351 2935 3431 ἐσχάτου
2990 3357 3092 3420 τῆς
3147 3361 3275 3429 γῆς,
3324 3355 3451 3409 ὡσεὶ
3512 3355 3745 3430 ὅρμημα

2089 3441 2270 3511 ἀετοῦ,
2301 3440 2391 3497 καὶ
2429 3435 2581 3504 ἔθνος
2621 3440 2833 3506 ἀναιδὲς
2888 3442 3189 3516 προσώπῳ,
3242 3442 3330 3498 καὶ
3386 3443 3631 3518 ἓκτρίψει
3689 3461 3749 3498 σε

2093 3530 2145 3586 ἐν
2176 3532 2373 3594 πάσαίς
2393 3537 2513 3595 ταῖς
2568 3529 2762 3587 πόλεσι
2816 3552 2934 3604 σου,
2992 3529 3097 3594 ἓως
3143 3531 3204 3587 ἂν
3257 3536 3620 3607 καθαιρεθῶσι
3677 3532 3746 3586 τὰ

2090 3619 2253 3694 τείχη
2279 3639 2375 3675 σου
2404 3620 2471 3675 τὰ
2503 3617 2691 3694 ὑψηλὰ
2727 3619 2817 3675 καὶ
2875 3621 3074 3697 ὀχυρὰ,
3132 3620 3184 3676 ἐν
3238 3623 3319 3683 οἷς
3375 3620 3438 3675 σὺ
3484 3620 3751 3685 πέποιθας

2093 3707 2177 3763 ἐπ’
2206 3709 2415 3772 αὐτοῖς.
2463 3709 2566 3766 Καὶ
2621 3708 2762 3787 φάγῃ
2821 3710 2890 3766 τὰ
2936 3708 3134 3786 ἔγγονα
3188 3713 3289 3781 τῆς
3345 3709 3565 3774 κοιλίας
3625 3732 3749 3781 σου,

2092 3799 2224 3874 κρέα
2252 3799 2383 3853 υἱῶν
2440 3798 2531 3854 καὶ
2580 3800 2884 3876 θυγατέρων
2936 3820 3053 3868 σου,
3114 3796 3204 3855 διὰ
3261 3802 3326 3856 τὸ
3386 3801 3462 3874 μή
3515 3798 3749 3856 καταλε-

2094 3887 2312 3966 λεῖφθαι
2344 3889 2471 3963 ὑμῖν
2507 3885 2675 3962 μηδὲν
2736 3888 2789 3944 ἐν
2846 3894 2916 3963 τῇ
2970 3890 3313 3968 στενοχωρίᾳ
3357 3890 3450 3945 καὶ
3485 3890 3690 3963 θλίψει,

2094 3977 2154 4034 ἄν
2183 3978 2353 4054 θλίψῃ
2385 4000 2442 4034 σε
2471 3980 2499 4034 ὁ
2530 3977 2730 4058 ἐχθρός
2764 4000 2860 4035 σου
2891 3978 2944 4035 ἐν
2978 3981 3172 4042 πάσαις
3230 3986 3349 4044 ταῖς
3399 3979 3596 4036 πόλεσί
3627 4000 3749 4036 σου.

2095 4067 2194 4124 Καὶ
2240 4070 2269 4138 δ
2301 4066 2488 4137 ἀπαλή
2521 4067 2572 4123 ἐν
2607 4068 2735 4142 ὑμῖν
2763 4068 2854 4124 καὶ
2911 4071 2945 4138 ἡ
3000 4069 3241 4147 τρυφερὰ
3270 4071 3406 4145 γυνή
3449 4069 3510 4124 τὸ
3543 4068 3754 4143 ἐξελθὸν

2092 4153 2184 4212 διὰ
2210 4162 2321 4214 τῶν
2356 4163 2549 4233 μηρῶν
2581 4157 2753 4226 αὐτῆς
2779 4156 2870 4212 καὶ
2908 4157 2972 4212 τὸ
3026 4155 3214 4213 τέκνον
3268 4160 3297 4212 6
3350 4156 3412 4213 ἄν
3470 4158 3598 4232 τέκῃ
3656 4179 3750 4214 κα-

2090 4246 2591 4323 ταφάγεταικρυφῆ
2625 4243 2716 4302 διὰ
2743 4248 2842 4316 τὴν
2872 4242 3075 4302 ἔνδειαν
3133 4245 3348 4302 πάντων
3399 4245 3451 4302 ἐν
3508 4251 3578 4321 τῇ
3626 4269 3741 4304 στε-

2092 4338 2345 4413 νοχωρίᾳ
2402 4335 2576 4412 ἐκείνῃ
2637 4337 2724 4392 καὶ
2786 4336 2989 4411 θλίψει.
3052 4335 3148 4392 Καὶ
3199 4334 3297 4412 ’έσῃ
3358 4335 3409 4391 έν
3466 4336 3747 4412 αἰνίγματι

2089 4427 2181 4482 καὶ
2239 4421 2531 4503 παραϐολῇ
2590 4425 2680 4481 καὶ
2747 4423 2799 4480 ἐν
2851 4423 3160 4501 διηγήματι
3191 4430 3320 4481 πᾶσι
3367 4432 3485 4487 τοῖς
3533 4423 3754 4496 ἔθνεσιν,

2091 4515 2168 4587 είς
2199 4516 2293 4577 οὓς
2326 4512 2384 4569 ἄν
2418 4516 2666 4591 ἀπαγαγῃ
2725 4521 2784 4570 σε
2842 4516 3065 4589 Κύριος,
3113 4513 3218 4579 ἕως
3278 4512 3337 4570 ἄν
3392 4514 3757 4591 ἐξολοθρεύσῃ

2089 4624 2166 4661 σε’
2207 4606 2298 4659 καὶ
2347 4605 2847 4681 καταλειφθήσεσθε
2901 4602 2952 4659 ἐν
3014 4605 3233 4681 ἀριθμῷ
3295 4607 3552 4681 βραχεῖς,
3642 4605 3757 4662 ἀνθ’

2089 4694 2166 4748 ὧν
2198 4692 2285 4749 ὅτι
2312 4693 2412 4762 ἦτε
2442 4693 2517 4754 ὡς
2545 4694 2614 4749 τὰ
2643 4694 2815 4770 ἄστρα
2839 4697 2942 4749 τοῦ
2974 4694 3205 4768 οὐρανοῦ
3244 4698 3325 4767 τῷ
3380 4693 3607 4765 πλήθει,
3662 4707 3755 4764 καὶ

2090 4785 2193 4841 οὐκ
2224 4782 2580 4853 εῗσηκούσατε
2608 4791 2710 4855 τῆς
2772 4792 2959 4861 φωνῆς
3013 4785 3219 4859 Κυρίου
3270 4787 3368 4838 τοῦ
3399 4787 3538 4838 Θεοῦ
3572 4784 3752 4857 ὑμῶν.

2089 4875 2193 4932 Καὶ
2223 4871 2370 4931 ἔσται
2411 4873 2469 4930 6'v
2518 4875 2721 4949 τρόπον
2775 4874 3046 4954 εὐφράνθη
3109 4875 3313 4947 Κύριος
3370 4870 3456 4947 ἐφ’
3484 4871 3634 4945 ὑμῖν,
3666 4871 3752 4942 ἐξ·
3832 4890 3837 4891 ⁷

2088 4964 2410 5036 ολοθρεῦσαι
2470 4964 2632 5036 ὑμᾶς,
2666 4964 2757 5018 καὶ
2816 4962 3172 5038 ἐξαρθήσεσθε
3222 4960 3328 5015 ἀπὸ
3384 4967 3486 5031 τῆς
3532 4959 3746 5035 ἀγαθῆς

2083 5059 2186 5127 γῆς
2216 5051 2450 5124 ἐκείνης,
2481 5053 2575 5107 καὶ
2634 5048 2915 5128 διασπερεῖ
2968 5071 3025 5106 σε
3076 5049 3270 5119 Κύριος
3313 5051 3341 5104 6
3371 5045 3502 5111 Θεός
3535 5069 3631 5104 σου
3665 5048 3748 5113 εἲς

2083 5142 2354 5199 πάντατὰ
2383 5139 2505 5213 ἔθνη
2566 5142 2657 5197 ἀπ’
2714 5143 2884 5217 ἄκρου
2940 5143 3043 5215 τῇς
3097 5143 3199 5214 γῇς
3257 5141 3347 5195 καὶ
3406 5135 3511 5202 ἕως
3572 5134 3744 5215 ἄκρου

2081 5240 2183 5302 τῆς
2210 5239 2337 5308 γῆς.
2399 5230 2576 5289 Ἀλλὰ
2631 5231 2724 5285 καὶ
2782 5230 2837 5286 ἐν
2907 5235 3024 5293 τοῖς
3084 5227 3286 5285 ἔθνεσιν
3340 5228 3567 5291 ἐκείνοις
3644 5227 3751 5282 οὐκ

2082 5321 2371 5377 ἀναπαύσει
2404 5341 2482 5392 σε,
2516 5317 2645 5375 οὐδέ
2678 5320 2753 5394 μὴ
2802 5319 3022 5397 γένηται
3080 5320 3265 5383 στάσις
3303 5323 3382 5392 τῷ
3450 5316 3598 5394 ἴχνει
3636 5321 3750 5372 τῶν

2081 5408 2265 5467 ποδῶν
2299 5432 2416 5469 σου.
2451 5410 2555 5468 Καὶ
2587 5407 2750 5465 δώσει
2782 5430 2868 5466 σοι
2926 5409 3133 5485 Κύριος
3193 5411 3222 5465 6
3279 5409 3417 5474 Θεὸς
3476 5404 3592 5464 ἐκεῖ
3618 5426 3755 5483 καρ-

2082 5498 2196 5558 δίαν
2219 5502 2531 5578 ἀθυμοῦσαν
2578 5498 2670 5556 καὶ
2727 5498 3086 5564 ἐκλείποντας
3136 5496 3457 5577 ὀφθαλμοὺς
3496 5498 3587 5554 καὶ
3643 5519 3755 5570 τη-

383 5698 424 5733 ³¹
454 5694 697 5754 Zachar.
726 5713 802 5766 ιι,
834 5700 887 5754 9.
914 5697 963 5733 ⁸³
990 5697 1138 5766 Imo,
1168 5699 1348 5752 Amos
1366 5713 1418 5763 v,
1450 5699 1499 5750 1.
1534 5693 1582 5732 ³³
1612 5696 1722 5752 Isa.
1757 5713 1885 5764 xm,
1920 5701 1953 5754 9
1993 5716 2161 5773 seqq.
