4154 6410
365 425 494 487 433

1509 430 2058 494 HISTORIARUM
2107 430 2663 493 COMPENDIUM.

3692 430 3813 493 434

371 559 617 634 κομένην
647 559 865 635 ψυχὴν,
915 559 1005 615 καὶ
1064 555 1357 636 φοϐηθήσῃ
1416 563 1627 637 ἡμέρας
1685 563 1776 618 καὶ
1832 563 2043 625 νυκτός.

2162 564 2345 620 drans
2375 566 2436 620 in
2469 563 2664 621 medio
2706 566 2790 620 tui
2825 565 2887 619 in
2936 569 3261 635 conspectu
3308 565 3463 621 894
3511 570 3611 620 tuo
3650 564 3807 621 fame

380 650 488 707 Καὶ
521 654 657 724 ερεῖς
685 648 751 704 τὸ
782 648 934 725 πρωί
974 648 1081 706 ἀπὸ
1135 654 1232 706 τοῦ
1262 646 1438 730 φόϐου
1493 658 1594 722 τῆς
1648 649 1873 728 καρδίας
1932 671 2048 707 σου·

382 742 510 800 Πῶς
542 738 602 794 ἃν
633 736 855 813 γένοιτο
889 739 1088 813 ὲσπέρα
1122 757 1136 808 ;
1168 738 1267 794 Καὶ
1323 740 1386 795 τὸ
1446 741 1676 816 ἑσπέρας
1732 741 1890 816 ἐρεῖς
1928 747 2052 805 Πῶς

375 828 444 883 ἂν
468 828 678 904 γένοιτο
735 829 800 884 τὸ
833 825 1021 904 πρωΐ;
1051 829 1112 886 Ὁ
1161 824 1220 884 δὲ
1275 850 1339 907 γε
1369 829 1383 852 ’
1412 830 1670 905 Ιεζεχιήλ
1728 825 1852 911 ἔφη·
1912 828 2054 887 Τάδε

374 917 532 992 λέγει
565 913 801 974 Ἀδωναΐ
841 916 1065 992 Κύριος.
1125 914 1267 973 Ἰδοὺ
1326 918 1438 995 ἐγὼ
1497 919 1575 975 ἐτὶ
1637 922 1718 989 σὲ,
1779 921 2049 996 Ἰερουσα-

378 1006 657 1078 λὴμ,καὶ
689 1006 915 1076 ποιήσω
945 1006 1000 1061 ἓν
1054 1006 1206 1079 μὲσῳ
1265 1027 1363 1061 σου
1418 1012 1594 1082 κρῖμα
1655 1007 1886 1064 ἐνώπιον
1943 1013 2052 1065 τῶν

376 1094 574 1163 ἐθνῶν,
612 1095 703 1149 καὶ
732 1095 955 1165 ποιήσω
996 1093 1048 1150 ἐν
1101 1095 1187 1149 σοὶ
1220 1094 1252 1150 ἃ
1283 1095 1348 1151 οὗ
1403 1096 1703 1168 πεποίηκα,
1751 1097 1843 1152 καὶ
1873 1095 1937 1153 οὓ
1972 1099 2049 1172 μή

375 1188 606 1258 ποιήσω
639 1185 808 1259 ὅμοια
869 1184 1066 1243 αὐτῶν.
1101 1188 1225 1244 "En
1282 1183 1374 1241 διὰ
1424 1186 1492 1243 τὰ
1551 1185 1906 1265 βδελυγματά
1954 1209 2050 1243 σου

376 1277 562 1333 πάντα
617 1272 708 1330 διὰ
744 1279 910 1330 τοῦτο
956 1272 1187 1349 πατέρες
1227 1277 1494 1356 φάγονται
1549 1279 1708 1333 τέκνα
1757 1278 1935 1334 αὐτῶν
1994 1277 2048 1334 ἐν

380 1366 540 1439 μέσῳ
570 1386 689 1435 σου,
719 1365 811 1419 καὶ
841 1363 1086 1440 πατέρας
1139 1364 1421 1445 φάγωνται
1470 1364 1630 1423 τέκνα
1688 1367 1890 1425 αὐτῶν.
1949 1369 2048 1423 Καὶ

376 1458 605 1526 ποιήσω
634 1453 689 1510 ὲν
720 1455 806 1509 σοὶ
862 1453 1125 1531 κρίματα,
1182 1455 1273 1511 καὶ
1332 1453 1611 1530 διασπερῶ
1667 1457 1874 1522 πάντας
1922 1457 2048 1521 τοὺς

376 1542 754 1605 καταλοίπους
786 1543 864 1606 εἰς
897 1543 1073 1600 πάντα
1121 1543 1348 1620 ἄνεμον,
1380 1546 1499 1610 ἀνθ’
1528 1548 1602 1602 ὧν
1631 1548 1700 1603 τὰ
1752 1547 1883 1625 ἅγιά
1941 1569 2046 1621 μου

375 1636 604 1707 ἐμίανας
662 1632 714 1689 ὲν
802 1638 935 1688 πᾶσι
1011 1638 1129 1697 τοῖς
1195 1636 1652 1711 προσοχθίσμασί
1710 1658 1829 1695 σου.
1884 1636 2046 1714 Κάγὼ

370 1721 676 1795 ἀπώσομαί
704 1742 789 1792 σε,
827 1722 921 1777 καὶ
952 1721 1015 1777 οὐ
1050 1725 1130 1797 μῆ
1159 1721 1373 1794 ἐλεήσω
1428 1745 1486 1780 σε
1540 1719 1644 1785 ἔτι,
1690 1725 1763 1783 Τὸ
1792 1721 2043 1800 τέταρτόν

376 1835 481 1869 σου
516 1812 569 1868 ἐν
601 1812 814 1886 Θανάτῳ
868 1810 1303 1886 ἀναλωθήσεται,
1362 1814 1454 1871 καὶ
1508 1816 1571 1871 τὸ
1632 1812 1889 1889 τέταρτόν
1950 1838 2046 1872 σου

2163 654 2427 726 peribit;
2489 654 2791 726 quadrans
2848 654 3074 709 circum
3133 659 3188 708 te
3245 653 3439 726 gladie
3508 653 3701 722 cadet,
3756 661 3813 709 et

2163 743 2555 815 quadrantem
2586 744 2648 798 in
2679 759 2889 799 omnes
2919 746 3213 798 terrarum
3265 742 3466 815 plagas
3498 742 3812 813 disjiciam.

2161 833 2325 889 Foris
2382 833 2605 888 bellum
2636 837 2695 887 et
2719 832 2955 905 gladius
3011 832 3284 900 vastabit,
3319 831 3482 887 intus
3536 831 3726 888 fames
3757 837 3817 887 et

2160 920 2344 995 pestis
2370 920 2599 993 perdet.
2625 921 2732 986 Qui
2777 936 2848 976 ea
2874 919 3125 993 fugient,
3159 920 3200 974 ii
3232 920 3445 992 captivi
3477 919 3771 976 ducentur
3800 936 3813 974 ε

2161 1011 2202 1065 ii
2234 1028 2384 1082 quos
2414 1028 2537 1067 non
2568 1011 2846 1067 absumet
2873 1010 3105 1083 gladius
3134 1011 3322 1066 fames
3354 1015 3411 1065 et
3441 1011 3724 1081 pestis,ut
3755 1011 3817 1066 in

2160 1101 2441 1157 omnibus
2472 1100 2819 1157 nationibus
2867 1117 2976 1156 sua
3004 1100 3209 1155 omnia
3254 1106 3498 1171 peccata
3545 1107 3812 1169 narrent,

2158 1191 2616 1264 intelligantque
2649 1207 2745 1245 me
2766 1206 2897 1246 esse
2918 1190 3238 1245 Dominum
3264 1190 3365 1260 qui
3384 1190 3817 1261 percutio.Pro-

2157 1286 2363 1353 pterea
2374 1281 2554 1336 etiam
2566 1279 2776 1335 beatus
2797 1281 3253 1352 Chrysostomus
3273 1278 3417 1333 dicit
3434 1281 3587 1334 :Non
3601 1295 3810 1334 omnes

2158 1370 2568 1425 internecione
2590 1369 2921 1437 abolet,sed
2943 1369 3233 1440 quosdam
3253 1367 3627 1440 dispergit.ld
3650 1368 3810 1423 enim

2157 1458 2393 1513 divinus
2424 1457 2676 1513 Davidus
2698 1457 2828 1529 jam
2858 1462 2999 1512 ante
3031 1458 3289 1512 innuens
3320 1456 3402 1511 ita
3440 1458 3627 1512 Deum
3659 1455 3813 1511 allo-

2157 1548 2397 1619 quitur:
2433 1549 2548 1602 Nos
2581 1546 2849 1603 interfice
2879 1563 2981 1602 eos
3013 1546 3324 1619 (nimirum
3347 1544 3813 1617 universos),sed

2157 1635 2445 1707 quosdam
2478 1651 2684 1691 eorum
2715 1636 2941 1707 dissipa
2962 1635 3192 1691 scilicet
3211 1635 3427 1690 virtute
3451 1634 3703 1691 tuaJam
3735 1634 3807 1688 de

2153 1725 2417 1781 secundo
2431 1724 2915 1780 adventuDomini
2928 1740 2997 1780 ac
3009 1725 3403 1795 patefactione
3416 1723 3809 1779 etJudworum

2154 1815 2311 1889 gravi
2336 1819 2397 1869 et
2414 1814 2735 1870 insanabili
2753 1813 3089 1869 calamitate
3104 1813 3416 1869 Zacharias
3438 1813 3807 1887 vatacinatus

378 1903 439 1960 ἐν
472 1902 633 1976 λιμῷ
683 1900 1157 1972 συντελεσθήσεται
1211 1902 1446 1959 ἐνώπιόν
1505 1925 1625 1975 σου,
1657 1903 1711 1960 ἐν
1748 1904 1896 1979 μέσῳ
1926 1926 2044 1979 σου,

2162 1904 2238 1959 ita
2262 1908 2353 1958 est
2375 1919 2389 1957 :
2411 1904 2575 1959 Tunc
2597 1902 2793 1957 veniet
2806 1901 3098 1957 Dominus
3113 1903 3269 1957 Deus
3297 1906 3808 1973 noster,magnus-

372 1994 475 2049 καὶ
536 1993 600 2048 τὸ
677 1991 936 2067 τέταρτόν
1019 2013 1114 2047 σου
1186 1992 1242 2049 ἐν
1298 1994 1503 2069 ῥομαίᾳ
1558 2002 1799 2053 πεσεῖται
1854 1996 2045 2070 κόχλῳ

374 2103 501 2150 σου,
536 2078 628 2134 καὶ
656 2086 721 2134 τὸ
746 2074 1001 2153 τέταρτόν
1032 2101 1130 2135 σου
1160 2080 1236 2143 εἰς
1292 2084 1467 2138 πάντα
1526 2082 1723 2157 ἄνεμον
1787 2081 2047 2160 διασκορ-

376 2176 519 2229 πιῶ.
565 2169 664 2224 Καὶ
695 2169 725 2223 6
784 2169 879 2242 μὶν
934 2168 1184 2244 πόλεμος
1233 2172 1325 2227 καὶ
1373 2174 1409 2242 ἡ
1470 2172 1715 2248 ῥομφαία
1770 2173 1983 2244 ἔξωθεν,
2016 2175 2044 2231 6

374 2256 437 2315 δί
469 2259 645 2331 λιμὸς
677 2259 771 2313 καὶ
802 2259 831 2313 6
863 2259 1087 2323 θάνατος
1130 2253 1330 2316 ἔσωθεν
1398 2261 1735 2338 όλοθρεύσει.
1768 2264 1836 2322 Οἱ
1895 2261 1954 2319 δὶ
1992 2263 2042 2334 ἐξ

370 2349 559 2405 αὐτῶν
630 2348 1039 2421 ἀνασωζόμενοι
1094 2347 1551 2421 ἀναλωθήσονται
1588 2395 1602 2411 .
1658 2353 1761 2409 Καὶ
1821 2350 2044 2408 ὑπολεί-

365 2443 553 2513 ψομαι
583 2435 636 2511 ἐξ
668 2435 847 2492 αὐτῶν
879 2436 940 2492 ἐκ
969 2437 1245 2515 ῥομφαίας
1276 2439 1368 2494 καὶ
1410 2440 1580 2513 λιμοῦ
1636 2442 1726 2497 καὶ
1787 2442 2043 2515 θανάτου,

365 2527 529 2591 ὅπως
553 2525 616 2581 ἂν
678 2522 1039 2601 ὲκδιηγῶνται
1087 2527 1183 2590 τάς
1238 2527 1469 2601 ἀνομίας
1525 2529 1702 2586 αὐτῶν
1754 2531 1930 2593 πάσας
1989 2530 2042 2586 ἐν

363 2623 490 2679 τοῖς
532 2613 733 2685 ἔθνεσι,
766 2615 860 2670 καὶ
890 2636 948 2690 γε
963 2616 1195 2672 ώσονται
1227 2618 1313 2673 ὅτι
1349 2616 1456 2694 ἐγὼ
1518 2619 1712 2695 Κύριος
1744 2620 1772 2674 6
1801 2619 2045 2676 τύπτων.

371 2707 475 2762 Δια
508 2703 577 2777 δὴ
638 2710 805 2761 τοῦτο
863 2726 999 2784 φησι
1054 2706 1145 2761 καὶ
1195 2707 1223 2763 6
1255 2706 1401 2783 ἱερὰς
1458 2710 1869 2784 Χρυσόστομος·
1931 2708 2047 2767 Οὐκ

375 2797 592 2871 ἀναιρεῖ
629 2796 832 2858 πάντας
890 2793 1084 2873 ἄρδην,
1142 2795 1290 2853 ἀλλὰ
1348 2798 1648 2873 σκορπίζει.
1708 2802 1886 2857 Τοῦτο
1941 2800 2044 2875 γὰρ

377 2884 856 2963 προῦπεμφαίνων
888 2886 917 2940 6
943 2886 1087 2950 Θεῖος
1141 2882 1310 2942 Δαϐἰδ
1340 2885 1495 2964 ἔλεγε
1545 2888 1682 2962 πρὸς
1737 2887 1924 2944 αὐτόν·
1952 2889 2043 2958 Μή

384 2973 711 3048 ἀποκτείνῃς
769 2973 1012 3044 αὐτοὺς,
1060 2971 1187 3043 ἤτοι
1243 2975 1470 3047 πάντας,
1530 2976 1678 3033 ἀλλά
1720 2975 2043 3051 διεσκόρπι-

394 3083 511 3127 σον,
550 3060 602 3132 ἒξ
658 3063 831 3119 αὐτῶν
893 3060 1188 3135 δήπουθεν,
1249 3066 1300 3121 ἐν
1348 3069 1419 3142 τῇ
1474 3063 1701 3140 δυνάμει
1762 3088 1879 3124 σου.
1916 3066 2045 3139 Περὶ

404 3147 466 3204 δέ
490 3170 555 3224 γε
608 3158 702 3220 τῆς
752 3150 1000 3227 δευτέρας
1070 3157 1169 3228 [Ρν
1217 3160 1343 3228 225]
1405 3156 1575 3212 αὐτοῦ
1632 3155 1896 3219 ἐλεύσεως
1953 3157 2044 3211 καὶ

396 3240 742 3316 φανέρώσεως
765 3242 855 3297 καὶ
890 3240 1112 3313 πολλῆς
1170 3244 1261 3299 καὶ
1319 3244 1751 3321 ἀπαραμυθήτου
1807 3245 2047 3320 θλίψεως

385 3328 568 3384 αὐτῶν
597 3329 712 3385 εἶπε
741 3333 1044 3409 Ζαχαγίας·
1077 3334 1215 3390 Τότε
1268 3334 1384 3405 ἥξει
1416 3336 1616 3410 Κύριος
1648 3335 1676 3390 ὁ
1698 3335 1827 3398 Θεὸς
1857 3337 2041 3408 ἡμῶν,

379 3420 472 3475 καί
504 3415 650 3474 ἔσται
693 3422 923 3484 χοπετὸς
995 3422 1162 3498 μὲγας
1223 3422 1276 3478 ἐν
1331 3424 1719 3500 Ἰερουσαλήμ.
1780 3427 2040 3500 Ὄψονται

377 3510 486 3583 γὰρ
520 3509 597 3571 εἰς
629 3509 689 3564 ’ὸν
743 3508 1107 3582 ἐξεκέντησαν.
1168 3511 1330 3570 Ἀλλ’
1385 3514 1466 3577 εἷς
1523 3515 1584 3570 ὃν
1644 3514 2040 3588 ἐξεκέντησανς

375 3598 444 3655 Τί
479 3594 539 3653 δὲ
558 3596 674 3654 ἐστι
703 3600 768 3654 τὸ
799 3598 877 3664 εἷς
904 3599 963 3655 ’ὸν
995 3621 1012 3670 ;
1046 3603 1286 3677 Σταυρὸς
1317 3603 1385 3672 ἧν
1427 3603 1502 3665 εἷς
1560 3605 1618 3659 ὃν
1676 3603 2043 3675 ἐξεκέντησαν.

384 3688 501 3764 Πρὸ
531 3688 638 3763 γὰρ
667 3695 769 3757 τῆς
798 3684 1033 3767 φοϐερᾶς
1082 3692 1381 3767 παρουσίας
1427 3699 1526 3749 τοῦ
1590 3695 1819 3769 Κυρίου,
1876 3692 2046 3749 καθά-

382 3798 486 3851 περ
550 3777 837 3853 βασιλικὸν
897 3786 1149 3853 σημεῖον,
1206 3783 1270 3836 τὸ
1327 3782 1617 3857 λεγόμενον
1675 3786 1857 3859 σίγνον
1911 3782 2049 3838 κατὰ

382 3870 580 3938 κοινὴν
610 3870 893 3940 συνήθειαν
948 3870 1241 3950 προτρέχει
1276 3878 1375 3941 τῆς
1431 3874 1667 3947 Χριστοῦ
1723 3872 2045 3947 παρουσίας,

386 3956 497 4011 ὑπὸ
534 3962 647 4011 τῶν
704 3955 960 4033 ἀγγέλων
1026 3956 1385 4032 δοξαζόμενον
1441 3962 1532 4016 καὶ
1583 3962 2050 4037 προευαγγελιζό-

389 4066 576 4119 μενον.
632 4046 732 4101 Καὶ
788 4048 1085 4123 φανήσεται
1124 4050 1154 4105 6
1185 4051 1416 4126 σταυρὸς
1474 4050 1583 4105 ἀπὸ
1635 4057 1738 4120 τῆς
1768 4059 1872 4127 γῆς
1904 4052 2047 4109 ἀπο-

384 4134 649 4210 κρύπτων
681 4135 770 4189 τὸν
800 4134 962 4205 ἥλιον
1020 4137 1112 4193 καὶ
1176 4133 1476 4213 ἀμϐλύνων
1530 4141 1630 4209 τήν
1681 4141 1940 4212 σελήνην,
1975 4143 2050 4205 ὥς

383 4245 559 4301 φησιν
618 4225 646 4279 6
698 4225 945 4299 Κόριος·
1006 4227 1144 4284 Τότε
1196 4230 1491 4307 φανήσεται
1547 4230 1611 4285 τὸ
1668 4235 1896 4303 σημεῖον
1955 4235 2052 4287 τοῦ

385 4315 521 4369 Υἱοῦ
546 4317 645 4368 τοῦ
685 4318 820 4369 Θεοῦ
870 4313 1031 4389 ἐντῷ
1062 4315 1296 4391 οὐρανῷ.
1360 4320 1463 4374 Καὶ
1512 4317 1602 4374 ’ίνα
1658 4319 1934 4395 πληρωθῇ
1990 4322 2052 4375 τὸ

389 4403 555 4480 ῥῆμα
614 4403 915 4479 Ζαχαρίου,
980 4407 1079 4475 τήν
1109 4405 1251 4478 λέξιν
1300 4406 1467 4477 αὐτὴν
1513 4410 1817 4486 μετήγαγεν
1866 4411 1893 4466 ὁ
1923 4412 2054 4484 Χρι-

385 4494 543 4563 στὸς,
572 4487 761 4548 λαϐὼν
793 4494 870 4557 εἱς
911 4493 1197 4569 ἀλήθειαν,
1230 4495 1431 4576 λέγων·
1465 4499 1606 4556 Τότε
1636 4498 1864 4573 ὄψονται
1896 4500 1971 4562 εἰς
1994 4500 2053 4556 ὅν

388 4581 763 4653 ἐξεκέντησαν.
793 4587 851 4642 ‘0
893 4581 950 4640 δέ
1006 4606 1068 4662 γε
1119 4587 1382 4661 Ἱερεμίας
1414 4586 1625 4660 ὁμοίως
1673 4587 1885 4668 φᾶσκεισ
1917 4587 2058 4646 Τάδε

2160 2009 2276 2064 que
2307 1993 2422 2048 erit
2445 1991 2702 2064 ejulatus
2722 1990 3431 2064 Hierosolymmﬁernent
3447 1990 3606 2045 enim
3629 2005 3809 2060 quem

2162 2088 2659 2155 compunxerunt.
2694 2082 2767 2136 At
2795 2096 2973 2151 quem
2999 2084 3430 2152 compexerunt
3449 2079 3477 2134 Ἰ
3506 2082 3659 2134 Crux
3697 2078 3812 2133 fuit

2161 2191 2342 2246 quam
2374 2173 3025 2246 compunxeruut.Nam
3055 2176 3193 2226 ante
3214 2169 3449 2226 Domini
3480 2168 3810 2225 terribilem

2161 2262 2823 2334 adventum,quomodo
2855 2262 3090 2335 signum
3120 2260 3387 2332 praeferri
3413 2260 3538 2315 reei
3567 2259 3808 2325 assolet,

2158 2354 2245 2413 ita
2273 2359 2416 2410 tunc
2448 2369 2685 2425 quoque
2716 2352 2951 2425 signum
2983 2351 3036 2407 ei
3069 2350 3449 2423 praecedet,et
3480 2350 3553 2405 ab
3583 2348 3811 2420 angelis

2160 2442 2581 2516 prmdicabitur
2592 2448 2769 2512 atque
2785 2441 3144 2497 laudabitur.
3161 2440 3656 2512 Apparebitenim
3670 2454 3813 2494 crux

2162 2547 2197 2586 a
2225 2536 2386 2585 terra
2414 2529 2602 2585 solem
2661 2528 2968 2584 occultans
2997 2532 3058 2581 et
3114 2526 3321 2582 lunam
3349 2526 3699 2597 obscurans,
3748 2531 3815 2580 ut

2164 2619 2449 2674 Dominus
2481 2618 2575 2673 his
2602 2618 2801 2673 verbis
2826 2616 3103 2689 praadixit
3134 2633 3148 2671 :
3181 2617 3343 2671 Tunc
3373 2616 3434 2669 in
3463 2615 3609 2671 caelo
3668 2631 3812 2670 con-

2162 2707 2447 2779 spicietur
2475 2707 2712 2778 signum
2742 2705 2875 2760 Filii
2906 2705 3227 2775 Dei.thue
3249 2703 3495 2759 verbum
3513 2703 3812 2759 Zacharias

2160 2795 2653 2869 impleatur,ipsis
2680 2794 2984 2850 vocabulis
3008 2794 3094 2849 eis
3126 2794 3416 2850 Dominus
3442 2809 3586 2849 usus
3617 2793 3810 2860 est,ad

2161 2885 2634 2942 confirmandam
2655 2885 2964 2940 veritatem
2985 2883 3192 2940 dicens
3216 2900 3231 2939 :
3254 2885 3325 2938 Et
3349 2883 3503 2939 895
3524 2881 3812 2938 videbunt

2160 2992 2339 3048 quem
2366 2974 3202 3048 compunxerint“.Similiter
3221 2978 3281 3027 et
3306 2973 3592 3029 Jeremias
3617 2970 3810 3042 loqui~

2158 3072 2261 3123 tur
2283 3083 2297 3121 :
2322 3066 2456 3121 Haac
2477 3065 2558 3119 ait
2579 3064 2867 3119 Dominus
2885 3065 3038 3119 Deus
3056 3061 3261 3120 lsraeli
3288 3078 3302 3116 :
3326 3063 3474 3117 Ecce
3510 3062 3807 3117 immitam

2160 3155 2300 3211 huic
2330 3154 2462 3210 loco
2492 3170 2588 3209 res
2617 3153 2916 3221 adversas,
2949 3152 3096 3208 adeo
3125 3157 3193 3206 ut
3220 3151 3564 3223 quicunque
3612 3150 3684 3204 de
3735 3151 3810 3205 iis

2160 3243 2640 3314 inaudierit,ejus
2670 3258 2846 3297 aures
2877 3242 3138 3297 tinniant
3158 3257 3171 3307 ;
3192 3240 3371 3311 idque
3395 3239 3697 3310 ideo,quia
3714 3253 3810 3294 me

2158 3334 2553 3391 deseruerunt
2581 3348 2650 3387 ac
2670 3330 2869 3387 locum
2891 3331 3050 3386 hunc
3076 3329 3545 3385 abalienarunt]
3554 3327 3809 3400 ugulabo

2159 3427 2435 3479 senatum
2485 3420 2651 3477 ludas
2684 3426 2741 3476 et
2790 3423 3063 3476 senatum
3113 3418 3459 3475 lsraelicum
3510 3418 3621 3474 hoc
3654 3418 3809 3486 loco,

2162 3518 2543 3583 sternamque
2570 3526 2671 3566 eos
2699 3510 2894 3583 gladio
2925 3515 3064 3566 ante
3094 3510 3293 3564 hostes
3324 3525 3483 3576 suos,
3518 3512 3576 3563 et
3634 3507 3806 3563 cadao

2161 3618 2300 3657 vera
2311 3602 2577 3673 ipsorum
2591 3600 2783 3656 aereis
2796 3599 3001 3655 avibus
3014 3602 3192 3670 atque
3206 3598 3588 3653 terrestribus
3599 3597 3808 3653 bestiis

2162 3690 2503 3748 devoranda
2529 3689 3119 3762 exponam.Efﬂciam
3150 3693 3218 3744 ut
3245 3687 3388 3743 urbs
3419 3688 3547 3743 haec
3578 3687 3812 3743 abolea-

2164 3788 2281 3850 tur,
2314 3781 2509 3852 sitque
2539 3779 2799 3836 ludibrio
2830 3780 2894 3834 in
2923 3783 3298 3851 perpetuum.
3348 3778 3696 3848 Quicunque
3742 3791 3811 3831 ea

2163 3869 2974 3943 prmteribuntpdtupescent
3002 3867 3381 3939 frontemque
3410 3866 3813 3939 corrugabunt

2168 3968 2226 4016 et
2254 3966 2432 4031 caput
2456 3959 2782 4014 movebunt
2810 3958 3101 4014 memoria
3141 3958 3495 4013 calamitatis
3553 3956 3815 4015 illorum.

2166 4051 2510 4122 Dispergam
2541 4066 2643 4105 eos
2663 4064 2866 4105 coram
2887 4048 3158 4103 hostibus
3188 4047 3311 4103 suis
3333 4048 3521 4103 instar
3541 4046 3696 4101 venti
3717 4050 3820 4101 aut

2167 4145 2347 4196 aastus
2377 4139 2569 4207 aeris;
2614 4142 2792 4209 atque
2839 4136 3112 4192 mactabo
3171 4137 3307 4191 illos
3366 4136 3567 4191 exitio.
3627 4134 3817 4190 Edent

2169 4246 2413 4285 suorum
2446 4228 2707 4283 ﬁliorum
2747 4227 3125 4297 ﬁliarumque
3174 4240 3404 4292 carnes,
3438 4241 3507 4279 ac
3558 4224 3815 4296 proximi

2169 4319 2424 4390 quisque
2467 4317 2559 4372 sui
2590 4321 2857 4387 tempore
2905 4313 3236 4369 obsidionis
3285 4329 3403 4383 qua
3440 4312 3514 4368 ab
3546 4311 3816 4367 hostibus

2171 4407 2635 4480 prementur.lta
2663 4409 2969 4460 conteram
2999 4403 3287 4475 populum
3308 4403 3467 4457 hunc
3486 4402 3817 4471 urbemque

2172 4498 2420 4564 hanc,ut
2448 4512 2547 4551 vas
2578 4499 2905 4551 testaceum
2933 4492 3284 4561 conteritur,
3319 4491 3478 4562 quod
3502 4491 3668 4547 refici
3698 4505 3821 4544 non

2173 4592 2386 4659 potest.
2423 4586 2538 4652 Sic,
2571 4584 2772 4655 inquit
2798 4583 3108 4647 Dominus,
3140 4597 3309 4653 agam
3339 4597 3475 4636 cum
3506 4579 3653 4636 urbe
3710 4579 3821 4636 hac

392 4671 547 4748 λέγει
600 4674 802 4748 Κύριος
836 4674 1027 4738 ὁΘεὸς
1085 4674 1331 4749 Ἰσραὴλο
1390 4673 1533 4733 Ἰδοὺ
1591 4676 1781 4755 ἐπάγω
1840 4677 1950 4753 ἐγὼ
1980 4679 2047 4733 ἒπ

2177 4683 2236 4731 et
2268 4677 2398 4748 ejus
2426 4673 2882 4741 habitatoribus,
2910 4678 2977 4727 ut
3001 4671 3146 4727 urbs
3174 4671 3302 4727 haec
3332 4670 3721 4726 exscindatur
3763 4675 3824 4724 et

392 4762 490 4826 θὸν
527 4762 696 4817 τὸπον
724 4761 918 4819 τοῦτον
951 4765 1109 4832 κακὰ,
1143 4763 1283 4821 ὥστε
1314 4767 1516 4821 παντὸς
1577 4768 1875 4830 ἀκούοντος
1930 4768 2047 4825 αὐτὶ

2175 4766 2431 4838 populus
2470 4764 2794 4835 dissipetur
2822 4779 2928 4834 per
2958 4761 3163 4817 omnia
3190 4762 3586 4833 regna.Erunt
3614 4775 3826 4831 oppro-

392 4851 608 4921 ἠχήσει
643 4851 924 4930 ἀμφότερα
955 4854 1023 4909 τὰ
1069 4854 1186 4909 ὦτα
1216 4854 1403 4925 αὐτοῦ,
1437 4856 1553 4912 ἀνθ’
1612 4858 1686 4911 ὧν
1717 4856 2047 4934 ἐγκατέλιπόε

2176 4856 2305 4911 brio
2325 4860 2385 4910 et
2402 4855 2533 4910 loco
2550 4851 3043 4925 adagii,omnium
3060 4850 3212 4906 odiis
3234 4855 3295 4906 et
3313 4848 3824 4905 exsecrationibus

2176 4947 2437 5015 obnoxii,
2474 4960 2834 5015 quocunque
2868 4943 3136 4999 locorum
3168 4957 3269 4997 eos
3301 4941 3600 5013 expellam
3650 4939 3715 4992 ³³.
3756 4939 3828 4992 Et

394 4961 464 5012 με
497 4939 591 4994 καὶ
622 4939 1092 5015 ἀπηλλοτρίωσαν
1124 4943 1218 4998 τὸν
1248 4944 1417 4999 τόπον
1477 4949 1693 5004 τοῦτον.
1747 4949 1849 5004 Καὶ
1886 4949 2067 5025 σφαξω

386 5032 497 5099 τήν
536 5029 746 5105 βουλὴν
780 5029 958 5086 Ἰούδα
1011 5031 1103 5087 καὶ
1159 5032 1261 5101 τὴν
1319 5033 1538 5103 Βουλήν
1601 5036 1823 5110 Ἰσραήλ
1880 5034 1931 5091 ἐν
1989 5038 2047 5109 τᾷ

2177 5032 2323 5105 quid
2351 5033 2445 5089 his
2504 5032 2721 5087 divinis
2752 5030 3131 5086 sermonibus
3161 5029 3425 5101 apertius
3475 5032 3669 5099 potest
3723 5030 3829 5078 aut

390 5120 556 5192 τόπῳ
594 5118 802 5192 τούτῳ,
857 5121 947 5174 καὶ
1005 5115 1303 5176 καταϐαλῶ
1361 5121 1556 5184 αὐτοὺς
1613 5122 1666 5179 ἐν
1718 5129 1787 5199 τῇ
1822 5124 2047 5200 μαχαίρ‹

2178 5140 2351 5179 verus
2383 5122 2564 5179 ﬁeri?
2620 5121 2877 5177 Proinde
2910 5127 2994 5190 tu,
3051 5119 3212 5175 fatue
3245 5125 3304 5174 et
3356 5115 3607 5173 rationis
3654 5114 3827 5184 inops

396 5208 654 5265 ἐναντίων
682 5213 791 5264 τῶν
826 5207 1043 5284 ἐχθρῶν
1073 5210 1271 5269 αὐτῶν.
1304 5211 1411 5268 Καὶ
1441 5209 1603 5267 δώσω
1658 5214 1787 5277 τοὺς
1843 5215 2047 5289 νεκροὺε

2178 5214 2404 5281 ιῐιιάωθ,
2431 5212 2587 5268 ³ου
2617 5211 2750 5266 vide
2779 5226 2857 5265 an
2910 5225 3030 5265 non
3063 5207 3274 5262 divinas
3306 5206 3433 5259 istas
3488 5200 3830 5273 predictio—

398 5299 586 5355 αὐτῶν
648 5298 726 5361 εἰς
785 5300 991 5373 βρῶσιν
1052 5304 1172 5362 τοῖς
1231 5306 1499 5363 πετεινοῖς
1555 5306 1653 5357 τοῦ
1719 5304 1946 5380 οὐρανοῦ
1980 5324 2045 5359 κα

2179 5319 2308 5369 nes,
2340 5301 2510 5357 nulla
2538 5318 2601 5356 re
2632 5300 2873 5365 omissa,
2909 5312 3119 5354 omnes
3165 5293 3420 5364 impletas
3464 5291 3585 5345 sint
3613 5289 3828 5343 vestris

392 5394 517 5452 τοῖς
551 5388 774 5464 θηρίοις
822 5393 925 5456 τῆς
981 5395 1106 5463 γῆς.
1169 5392 1268 5444 Καὶ
1325 5392 1469 5460 τάξω
1498 5391 1600 5461 τὴν
1658 5390 1820 5448 πόλιν
1868 5392 2047 5464 ταύτῃ·

2180 5390 2657 5456 calamitatibus;
2690 5394 2866 5459 atque
2898 5387 3046 5442 adeo
3077 5384 3256 5438 etiam
3288 5397 3358 5436 ea
3386 5395 3518 5451 quas
3555 5377 3827 5435 Christus

2182 5482 2508 5555 praedixit?
2539 5481 2686 5538 Nam
2718 5480 2766 5534 is
2789 5477 2862 5533 de
2891 5473 3301 5543 Hierosolyma
3330 5476 3391 5526 et
3416 5469 3640 5543 templo
3671 5468 3829 5540 quod

393 5480 474 5543 εἷς
509 5478 819 5554 ἀφανισμὸν
863 5476 955 5531 καὶ
1014 5477 1091 5540 εἰς
1154 5479 1417 5554 συριγμὸν
1476 5480 1720 5550 αἰώνιον,
1755 5480 1839 5536 ἵνα
1878 5482 2072 5545 πάντες

388 5570 443 5624 οἱ
508 5566 977 5641 διαπορευόμενοι
1035 5564 1106 5621 δι’
1163 5565 1334 5639 αὐτῆς
1388 5566 1737 5641 ἐκστήσονται
1793 5572 1883 5625 καὶ
1943 5592 2047 5626 σκυη

2181 5574 2245 5628 in
2280 5589 2349 5629 ea
2367 5566 2910 5642 fuit,pronuntiavit
2926 5561 3185 5634 lapidem
3207 5560 3390 5632 lapidi
3405 5560 3683 5631 junctum
3712 5575 3833 5615 non

466 5781 513 5817 ³³
544 5783 718 5839 Deut.
757 5793 955 5849 xxvm,
991 5780 1054 5830 15
1088 5792 1256 5849 seqq.
1287 5776 1335 5813 ³⁵
1361 5778 1577 5833 Jerem.
1611 5794 1736 5847 xxx,
1765 5780 1797 5833 3
1820 5795 1984 5850 seqq.
