4154 6448
321 436 441 499 435

1673 429 1996 493 GEORGII
2040 429 2387 495 CEDRENI

3625 439 3744 501 436

324 571 601 629 relictum
659 567 944 639 iri.quue
975 567 1060 624 ita
1114 566 1380 623 evenisse
1412 570 1476 619 tu
1507 564 1798 635 negabis?
1849 580 1970 621 non

2105 565 2411 641 lpwnoicwai
2466 568 2556 623 καὶ
2608 571 2873 640 κινήσωσι
2955 571 3051 633 τὰς
3131 571 3369 650 κεφαλὰς
3428 571 3604 628 αὑτῶν
3653 572 3741 629 ἐπὶ

325 667 490 733 puto.
523 660 844 728 Item,Ecce
875 658 1089 714 domus
1118 661 1309 710 vestra
1339 654 1575 711 deserta
1606 654 1873 711 manebit
1902 651 1967 708 3‘.

328 752 533 807 Nonne
586 748 819 804 deserta
876 747 1011 803 est?
1060 747 1129 803 Et
1178 745 1422 816 quidem
1464 760 1725 815 prorsus.
1788 746 1975 800 Erunt

330 855 632 906 mrumnaa,
661 837 867 908 quales
893 842 1031 892 ante
1061 852 1183 891 non
1212 834 1475 891 fuerunt.
1508 833 1689 891 Aisne
1720 849 1822 888 eas
1851 847 1972 889 non

328 928 558 985 fuisse?
586 929 732 998 Lege
764 925 1074 980 historiam
1104 924 1410 995 aJosepho
1443 923 1973 994 conscriptam,ho-

331 1019 489 1075 mine
519 1016 739 1081 Judeeo,
775 1013 881 1069 sed
912 1014 1175 1071 veritatis
1207 1014 1474 1071 studioso
1508 1029 1522 1069 :
1587 1029 1705 1069 non
1750 1011 1975 1083 poteris

328 1107 638 1178 respirare,
701 1109 928 1159 tantum
963 1104 1182 1161 auditis
1232 1104 1305 1161 iis
1337 1106 1469 1173 quas
1519 1102 1722 1159 miseri
1788 1101 1976 1157 ιιιιιιιιιὶ

327 1203 467 1251 tunc
499 1199 638 1250 sunt
682 1194 950 1264 perpessi
993 1192 1069 1249 ob
1118 1192 1393 1249 rabidum
1436 1191 1700 1246 furorem
1746 1206 1862 1262 quo
1913 1191 1975 1246 in

328 1286 625 1341 Christum
658 1284 1064 1340 desmvieraut.
1097 1282 1345 1354 Quippe,
1370 1297 1445 1337 ne
1479 1280 1611 1351 quis
1640 1279 1977 1337 Judmorum

328 1376 391 1430 in
422 1375 691 1442 dubium,
734 1373 877 1429 istas
910 1388 1005 1429 res
1036 1377 1419 1433 vocaret,non
1449 1369 1848 1441 alienigenam
1878 1369 1981 1425 ali-

332 1465 644 1535 quem,sed
671 1463 1020 1537 popularem
1046 1467 1107 1518 et
1133 1459 1403 1532 ejusdem
1435 1475 1569 1515 cum
1606 1458 1825 1515 Judssis
1848 1459 1982 1514 reli-

331 1554 523 1627 gionis
554 1554 803 1625 ejusque
836 1567 1215 1622 summopere
1242 1548 1574 1605 studiosum
1632 1546 1984 1603 subornavit

332 1643 677 1714 veritas,qui
709 1641 1081 1699 miserandas
1112 1641 1254 1696 istas
1288 1644 1685 1708 enarratuque
1703 1636 1982 1693 difﬁciles

335 1733 704 1789 calamitates
737 1731 953 1803 tragice
986 1730 1376 1786 describeret.
1419 1728 1671 1783 Tantum
1720 1726 1879 1782 enim
1910 1727 1983 1783 iis

337 1822 622 1878 divinitus
640 1819 934 1875 excidium
956 1823 1046 1875 est
1067 1817 1681 1886 intlictum,quantum
1704 1814 1775 1871 ab
1791 1815 1984 1871 homi-

2081 657 2259 725 πάσης
2291 661 2393 725 τῆς
2419 657 2643 731 πληγῆς
2674 659 2869 716 αὐτῶν.
2914 660 3016 716 Καὶ
3075 659 3151 721 ὡς
3214 658 3411 733 ἄνεμον
3469 661 3561 716 καὶ
3609 662 3741 717 καυ-

2083 764 2225 798 σωνα
2256 742 2529 818 δισσιτερῶ
2573 746 2771 813 αὐτοὺς
2817 749 2952 804 κατὰ
3009 751 3303 825 πρόσωπον
3362 753 3471 805 τῶν
3522 748 3739 829 ἐχθρῶν

2085 832 2278 903 αὐτῶν,
2308 832 2398 888 καὶ
2429 832 2588 909 δείξω
2613 837 2802 900 αὐτοῖς
2832 838 3044 912 ἡμέραν
3076 837 3370 901 ἀπωλείας.
3431 838 3533 895 Καὶ
3586 835 3744 894 ἓδον-

2082 941 2170 977 ται
2199 922 2294 984 τὰς
2329 923 2526 999 σάρκας
2553 930 2660 979 τῶν
2695 927 2825 981 υἱῶν
2861 926 3034 982 αὐτῶν
3089 927 3178 981 καὶ
3236 931 3345 982 τῶν
3406 929 3742 1005 θυγατέρων,

2083 1011 2172 1066 καὶ
2202 1008 2426 1076 ἕκαστος
2454 1015 2552 1075 τὰς
2583 1014 2783 1089 σάρκας
2837 1020 2933 1070 τοῦ
2989 1020 3225 1086 πλησίον
3282 1014 3449 1071 αυτοῦ
3480 1011 3656 1071 ἔδεται
3689 1017 3744 1072 ἐν

2083 1105 2152 1175 τῇ
2187 1107 2427 1178 περιοχῇ
2460 1104 2550 1159 καὶ
2584 1103 2633 1158 ἐν
2665 1108 2732 1178 τῇ
2792 1105 3092 1179 πολιορκίᾳ
3145 1105 3210 1181 ᾖν
3268 1103 3742 1180 πολιορκήσουσιν

2085 1189 2279 1252 αὐτοὺς
2312 1193 2365 1246 οἱ
2402 1191 2594 1266 ἐχθροὶ
2627 1193 2823 1249 αὐτῶν.
2862 1194 2956 1250 Καὶ
2983 1194 3261 1270 συντρίψω
3292 1196 3383 1249 τὸν
3433 1194 3563 1250 λαὸν
3611 1198 3740 1249 τοῦ·

2085 1300 2176 1335 τον
2208 1281 2298 1335 καί
2327 1281 2426 1350 τήν
2486 1282 2649 1337 πόλιν
2678 1284 2903 1353 ταϐτην,
2934 1284 3117 1347 καθὼς
3175 1279 3515 1358 συντρίϐεται
3574 1283 3742 1359 ἄγγος

2090 1366 2431 1441 ὀστρακινον,
2464 1370 2492 1423 '6
2526 1369 2588 1424 οὐ
2620 1366 2901 1441 δυνήσεται
2938 1370 3152 1440 ἰαθῆναι
3174 1364 3272 1426 ἔτι.
3307 1371 3469 1429 Οὕτω
3500 1374 3742 1443 ποιήσω,

2092 1455 2235 1533 λέγει
2271 1457 2484 1532 Κύριος,
2520 1463 2598 1531 τῷ
2645 1463 2800 1533 τόπῳ
2828 1461 3009 1532 τούτῳ
3067 1462 3158 1514 καὶ
3214 1466 3335 1523 τοῖς
3399 1461 3743 1516 κατοικοῦσιν

2091 1545 2143 1602 ἐν
2174 1546 2332 1622 αὐτῇ,
2362 1552 2460 1604 toﬁ
2494 1546 2717 1619 δοθῆναι
2746 1551 2844 1619 τὴν
2884 1548 3046 1605 πόλιν
3075 1550 3274 1621 ταύτην
3306 1551 3379 1613 ὡς
3411 1551 3510 1620 τήν
3562 1548 3750 1605 διαπί-

2093 1658 2346 1706 πτουσαν,
2378 1637 2469 1691 καὶ
2502 1634 2662 1692 δώσω
2694 1637 2862 1708 αὐτὴν
2920 1639 2995 1701 εἷς
3057 1637 3489 1716 διασκορπισμὸν
3547 1660 3747 1703 πασαις

2091 1731 2210 1787 ταῖς
2243 1724 2546 1800 βασιλείαις
2577 1734 2678 1796 τῆς
2707 1734 2831 1803 γῆς,
2879 1729 2970 1782 καὶ
3027 1725 3238 1783 ἔσονται
3298 1729 3375 1791 εἷς
3438 1726 3748 1803 ὀνειδισμὸν

2093 1815 2180 1870 καὶ
2216 1816 2290 1876 εἷς
2321 1810 2646 1890 παραϐολὴν
2678 1817 2766 1871 καὶ
2798 1817 2873 1879 εἷς
2909 1822 3068 1891 μῖσος
3113 1817 3203 1873 καὶ
3265 1819 3341 1880 εἰς
3397 1819 3630 1894 κατάραν
3691 1817 3743 1874 ὲν

340 1927 483 1965 num
516 1910 806 1966 memoria
830 1908 1065 1965 nullum
1097 1922 1362 1977 unquam
1394 1905 1716 1976 fuit.ldque
1750 1906 1983 1961 merito.

2105 1905 2254 1961 παντὶ
2281 1905 2438 1979 τόπῳ
2470 1906 2531 1959 οὗ
2560 1904 2647 1959 ἐὰν
2702 1905 2887 1976 ἐξώσω
2915 1906 3114 1970 αὐτοὺς
3145 1905 3275 1964 ἐκεῖ.
3309 1909 3374 1965 Τί
3406 1905 3498 1963 οὖν
3553 1905 3748 1963 λοιπὸν

340 2001 696 2072 Quantisper
724 1999 884 2055 enim
915 1999 976 2054 in
1008 2014 1324 2054 conservos
1356 2012 1494 2053 suos
1539 1995 1985 2066 delinquerunt.

342 2089 677 2146 condonata
704 2088 788 2145 eis
814 2087 992 2158 culpa
1019 2092 1112 2143 est
1142 2103 1155 2140 :
1189 2091 1254 2142 ut
1282 2102 1418 2141 vero
1449 2101 1830 2141 communem
1860 2101 1991 2140 om-

345 2180 512 2235 nium
548 2179 862 2233 Dominum
893 2176 1298 2247 impetierunt,
1334 2175 1462 2231 sine
1492 2174 1618 2231 ulla
1646 2175 1819 2231 venia
1849 2192 1990 2246 sup-

345 2268 525 2339 plicio
557 2266 778 2322 addicti
812 2271 972 2321 sunt.
994 2265 1055 2322 ld
1084 2270 1285 2320 autem
1311 2280 1346 2320 θ,
1373 2264 1604 2320 Christo
1636 2263 1780 2334 ipsis
1808 2264 1991 2320 fuisse

341 2358 577 2413 illatum
593 2355 888 2427 intelliges
912 2372 981 2409 ex
1004 2354 1509 2426 parabolaabipso
1534 2355 1855 2426 proposita:
1884 2356 1994 2410 Eos

344 2448 559 2517 inquit,
590 2446 690 2516 qui
725 2462 819 2501 me
850 2461 1021 2501 suum
1072 2460 1271 2517 regem
1314 2460 1443 2500 esse
1491 2444 1838 2514 noluerunt,
1882 2445 1993 2502 hoc

343 2535 631 2593 adductos
679 2532 1081 2591 interﬁcite".
1142 2536 1334 2603 Atque
1389 2533 1610 2589 idcirco
1668 2534 1742 2589 iis
1798 2533 1989 2589 dixit:

342 2625 653 2680 Adimetur
683 2624 847 2679 vobis
878 2639 1127 2695 regnum
1157 2623 1515 2693 dabiturque
1555 2623 1715 2695 genti
1766 2623 1994 2679 fructus

353 2730 493 2770 suos
523 2711 796 2768 reddenti
826 2709 894 2767 ³⁸.
949 2710 1165 2770 Urbem
1218 2726 1455 2783 quoque
1484 2712 1568 2768 ita
1614 2712 1944 2783 alloquitur
1978 2729 1991 2768 :

344 2804 600 2874 Tempus
632 2802 746 2859 erit
774 2818 909 2859 cum
943 2807 999 2857 te
1031 2802 1231 2859 hostes
1257 2802 1343 2858 tui
1374 2802 1528 2858 vallo
1560 2808 1619 2858 et
1646 2803 1794 2858 897
1831 2802 1994 2859 obsi-

347 2893 524 2953 dione
554 2893 797 2965 cingent
825 2899 885 2950 et
912 2893 1311 2964 undequaque
1337 2900 1632 2965 prement,
1652 2894 1993 2965 liberosque

352 2988 486 3039 tuos
519 2982 678 3039 intra
726 2987 783 3038 te
816 2981 942 3037 solo
989 2981 1238 3038 allident
1260 2982 1323 3033 ⁸⁸.
1375 2982 1703 3038 Incredulis
1756 2999 1994 3054 quoque

345 3070 565 3129 Iudaeis
577 3068 742 3127 dixit:
760 3072 905 3127 Ecce
920 3070 1282 3141 relinquitur
1294 3071 1508 3127 domus
1520 3075 1716 3127 vestra
1735 3071 1991 3127 deserta.

346 3158 412 3214 Id
437 3157 594 3230 quod
618 3159 794 3215 etiam
820 3158 1098 3214 Danielus
1116 3159 1393 3231 prmdixit
1418 3177 1429 3213 :
1458 3160 1919 3231 Urbem,inquit,
1936 3165 1996 3216 et

346 3247 536 3304 sedem
554 3264 782 3304 sacram
805 3248 1012 3320 perdet
1043 3265 1175 3304 cum
1208 3249 1478 3321 principe
1509 3255 1755 3306 venturo
1777 3249 1844 3306 4°.
1870 3250 1988 3306 Hoc

346 3342 454 3409 est,
477 3339 630 3393 Deus
660 3339 834 3393 Pater
862 3339 1063 3394 omnia
1089 3355 1220 3408 qum
1249 3338 1434 3393 Judaei
1465 3339 1780 3411 magniﬁca
1811 3345 1986 3409 atque

351 3427 639 3500 praeclara
670 3427 892 3483 habent
940 3433 1197 3493 evertet;
1249 3433 1306 3482 et
1335 3444 1471 3483 cum
1505 3444 1573 3484 eo
1620 3428 1805 3483 Filius
1834 3430 2002 3484 Chri-

360 3521 693 3584 stus,quem
724 3514 814 3568 illi
847 3514 1218 3571 Servatorem
1251 3515 1752 3586 liberatoremque
1795 3530 2005 3589 exspeo

353 3603 748 3659 ctabant.Non
776 3602 936 3658 enim
971 3602 1141 3673 dixit,
1174 3605 1569 3660 Exscindetur
1596 3605 1739 3660 urbs
1770 3612 1828 3662 et
1855 3611 2005 3662 tem-

352 3690 514 3762 plum
549 3707 685 3745 cum
715 3690 1162 3761 ductore,sicuti
1195 3692 1438 3761 quidam
1470 3694 1725 3750 absurde
1754 3694 2007 3765 Opinan-

365 3786 461 3836 tur
492 3797 504 3834 :
543 3780 647 3835 sed
677 3781 790 3836 hoc
852 3780 991 3848 vult,
1024 3781 1342 3839 Exscindet
1386 3785 1562 3839 Pater
1617 3784 1907 3856 templum
1940 3801 2006 3840 ac

358 3869 589 3936 urbem,
624 3884 747 3925 una
777 3872 1059 3939 operante
1092 3869 1377 3927 nimirum
1432 3888 1501 3926 eo
1534 3871 1776 3928 ductore
1828 3889 2006 3943 quem

361 3961 546 4016 Judaei
609 3960 968 4016 contumelis
1028 3963 1399 4030 affecerunt;
1457 3963 1528 4018 de
1588 3982 1704 4035 quo
1762 3966 2008 4023 ductore

355 4050 608 4108 Iacobus
632 4051 1078 4109 Bethlehemam
1102 4053 1345 4109 aﬂ‘atur:
1369 4056 1527 4110 Exte
1551 4056 1887 4128 egredietur
1908 4058 2010 4114 du-

356 4147 482 4196 ctor
502 4142 569 4206 Η,
603 4146 713 4197 etc.
747 4144 829 4195 Ac
862 4141 1170 4213 discipulis
1202 4160 1439 4214 quoque
1473 4145 1596 4200 suis
1633 4146 1899 4202 Christus
1928 4149 2008 4203 ita

356 4230 657 4287 mandavit
688 4247 699 4284 :
735 4232 879 4285 Cum
911 4230 1187 4289 videbitis
1213 4231 1685 4289 abominandum
1715 4237 2010 4291 vastitatis

356 4322 592 4393 signum
612 4327 769 4377 stare
802 4322 864 4379 in
896 4320 1024 4378 loco
1048 4324 1443 4379 sancto.Tunc
1465 4324 1515 4379 is
1538 4325 1639 4395 qui
1662 4324 1806 4398 legit
1826 4326 2011 4385 anim-

355 4409 644 4466 advertat.
678 4409 743 4463 Id
773 4426 916 4465 sane
964 4410 1276 4481 impletum
1309 4418 1413 4469 est.
1454 4413 1720 4469 Primum
1766 4414 2008 4484 quidem

362 4506 628 4571 tempore
681 4498 895 4555 excidii
946 4502 1248 4557 Romanus
1299 4503 1593 4557 exercitus
1637 4504 1909 4577 ingressu
1949 4506 2013 4561 in

363 4590 551 4647 eadem
582 4590 683 4645 Dei
719 4595 828 4656 est,
865 4606 999 4646 cum
1030 4590 1174 4647 urbs
1208 4598 1523 4662 caperetur
1554 4598 1614 4648 et
1643 4600 2011 4665 vastaretur;

2100 1998 2210 2051 τῶν
2251 1993 2407 2058 θείων
2464 1993 2726 2068 ῥημάτων
2782 1996 2993 2052 τούτων
3051 1997 3506 2074 ἐκφαντικώτερον
3537 1997 3572 2066 ἢ
3606 1996 3749 2068 ἀλη-

2102 2085 2350 2156 θέστερον
2383 2079 2582 2160 γένοιτ’
2611 2080 2671 2137 ἄν
2709 2102 2722 2153 ;
2753 2085 2890 2157 Ὅρα
2927 2085 3039 2152 οὗν,
3098 2085 3296 2157 ἀνόητε
3346 2086 3437 2141 καὶ
3495 2086 3748 2161 ἀλόγιστε

2102 2169 2350 2241 Ἰουδαῖε,
2392 2172 2437 2227 εἰ
2503 2173 2578 2245 μή
2634 2171 3026 2249 πεπλήρωνται
3084 2180 3253 2231 ταῦτα
3307 2176 3480 2231 πάντα
3537 2175 3745 2251 ἀπαρα·

2103 2260 2307 2324 λείπως
2362 2263 2501 2318 κατὰ
2553 2262 2650 2326 τὰς
2706 2264 2852 2338 ἱερὰς
2901 2262 3233 2341 προρρήσεις
3294 2264 3369 2327 είς
3429 2265 3587 2337 ὑμᾶς.
3652 2264 3749 2321 Καὶ

2109 2352 2293 2425 μέντοι
2350 2350 2437 2406 καὶ
2495 2352 2561 2407 τὰ
2619 2352 2723 2408 ὑπὸ
2794 2352 3028 2428 Χριστοῦ
3085 2353 3607 2428 προκατηγγελμένα
3664 2355 3752 2409 καὶ

2103 2438 2583 2514 προηπιιλημὲνα.
2617 2442 2764 2512 Φησὶ
2793 2443 2899 2517 γὰρ
2928 2442 3051 2519 περὶ
3090 2449 3189 2513 τῆς
3245 2441 3611 2518 Ἰερουσαλὴμ
3664 2442 3753 2499 καὶ

2105 2529 2201 2585 τοῦ
2225 2530 2278 2584 ἐν
2308 2528 2445 2603 αὐτῇ
2478 2531 2627 2587 ναοῦ.
2662 2530 2733 2585 Οὐ
2768 2533 2843 2604 μὴ
2882 2530 3037 2606 μείνῃ
3072 2530 3229 2594 λίθος
3252 2533 3344 2588 Eni
3377 2531 3556 2589 λίθου.
3614 2536 3756 2608 Ἄρα

2110 2620 2405 2693 μεμένηκεν
2442 2638 2455 2688 ;
2483 2617 2775 2692 Οὐδαμῶς.
2810 2620 2911 2678 Καὶ
2946 2619 3088 2678 Ἰδοὺ
3118 2622 3330 2702 ἀφίεται
3361 2624 3389 2677 6
3421 2623 3570 2685 οἷ’κος
3601 2624 3755 2696 ὐμῶν

2106 2706 2507 2783 ἔρημος.⁹Αρα
2536 2707 2634 2764 ουκ
2676 2712 3015 2784 ἡρήμωται;
3076 2712 3175 2768 Καὶ
3235 2710 3443 2789 σφόδρα
3497 2734 3586 2790 γε.
3654 2713 3753 2769 Καὶ

2107 2800 2297 2858 Ἔσται
2336 2798 2529 2876 φλῖψις
2588 2796 2675 2854 οἶα
2729 2798 2792 2854 οὐ
2841 2799 3080 2874 γέγονεν.
3139 2802 3279 2878 Ἀρα
3336 2800 3435 2856 οὐκ
3488 2800 3757 2877 ἐγένετο;

2109 2891 2190 2962 [Ρ.
2238 2892 2364 2961 226]
2403 2889 2703 2962 Ἀνάγνωθι
2755 2888 2855 2958 τήν
2916 2886 3157 2964 ἱστορίαν
3214 2892 3514 2961 Ἰωσήπου,
3564 2888 3762 2967 ἀνδρὸς

2110 2974 2374 3035 Ἰουδαίου
2404 2976 2493 3032 καὶ
2533 2975 2898 3054 φιλαλήθους·
2957 2978 3047 3034 καὶ
3105 2977 3232 3034 οὐδὲ
3286 2980 3605 3035 ἀναπνεῦσαι
3638 2979 3756 3035 λοι-

2109 3069 2208 3123 πὸν
2242 3063 2471 3142 δυνήσῃ,
2504 3066 2714 3122 ἀκούων
2751 3066 2912 3141 μόνον
2942 3066 3075 3138 ἅπερ
3106 3064 3304 3132 ἔπαθον
3336 3069 3389 3124 οἱ
3434 3067 3617 3134 ἄθλιοι
3655 3091 3757 3141 τη-

2110 3161 2330 3213 νικαῦτα
2388 3152 2643 3211 Ἰουδαῖοι
2675 3152 2764 3211 διαὶ
2809 3157 2908 3227 τὴν
2947 3158 3083 3212 κατὰ
3134 3161 3374 3233 Χριστοῦ
3420 3159 3612 3232 μανίαν
3667 3157 3757 3214 καὶ

2113 3246 2337 3304 λύσσαν.
2386 3247 2496 3303 Ἳνα
2544 3244 2648 3321 γὰρ
2710 3242 2907 3319 μηδεὶς
2961 3250 3069 3300 τῶν
3118 3243 3396 3303 Ἰουδαίων
3464 3248 3757 3322 ἀπιστήσῃ,

2103 3337 2211 3393 οὐκ
2238 3332 2557 3409 ἀλλόφυλον
2591 3354 2733 3403 τινα,
2756 3331 2879 3390 ἀλλ’
2908 3332 3193 3414 ὁμόφυλον
3214 3336 3305 3392 καὶ
3336 3335 3639 3410 ὁμόπιστον
3668 3335 3758 3390 καὶ

2111 3422 2366 3496 ζηλωτὴν
2404 3422 2793 3498 παρεσκεύασεν
2826 3425 2860 3492 ἡ
2911 3421 3144 3495 ἀλήθεια
3199 3426 3265 3481 τὰ
3324 3426 3527 3482 ἐλεεινά
3585 3423 3761 3481 ἐκεῖνα

2109 3514 2198 3570 καὶ
2259 3511 2596 3587 δυσεξήγητα
2645 3509 3061 3588 ἐκτραγῳδησαι
3118 3517 3288 3588 πάθη.
3333 3514 3599 3586 Τοιαύτην
3655 3515 3759 3591 γὰρ

2110 3602 2376 3674 θεήλατον
2408 3597 2708 3672 ὑπέστησαν
2734 3599 2945 3679 ἅλωφιν
2979 3602 3096 3659 οἳαν
3142 3602 3256 3660 οὐδ’
3284 3606 3311 3660 6
3363 3604 3582 3678 σύμπας
3650 3603 3766 3661 οἶδε

2111 3693 2335 3768 χρόνος,
2368 3690 2545 3770 ἆφόὗ
2566 3690 2785 3765 γέγονεν
2844 3688 2931 3743 ἐπὶ
2987 3699 3087 3761 τῆς
3139 3700 3244 3769 γῆς
3307 3692 3609 3769 ἅνθρωπος.
3660 3694 3766 3750 Καὶ

2113 3784 2356 3843 εἰκότως·
2396 3778 2499 3842 ἕως
2557 3779 2649 3852 μὶν
2693 3778 2795 3855 γὰρ
2854 3779 2930 3841 εἷς
2987 3779 3114 3845 τοὺς
3173 3780 3520 3855 ὁμοδούλους
3578 3782 3760 3857 ἡμάρ-

2108 3894 2266 3929 τανον
2298 3918 2313 3945 ,
2377 3869 2710 3948 συγγνώμης
2765 3865 3061 3943 ἐτύγχανον
3097 3913 3112 3937 ,
3168 3871 3330 3943 ἡνίκα
3413 3868 3471 3928 δὲ
3521 3871 3616 3946 ξείς
3672 3872 3764 3926 τὸν

2112 3965 2292 4019 καινὸν
2367 3966 2641 4037 Δεσπότην
2722 3965 3050 4041 ἐξήμαρτον,
3123 3963 3527 4042 ἀσυγγνώστως
3576 3958 3764 4016 ἐκολά-

2114 4066 2339 4126 σθησαν.
2398 4059 2519 4111 ’Ότι
2572 4054 2946 4132 δὲὸΧριστὸς
3007 4056 3194 4115 αὐτοῖς
3251 4054 3521 4125 πεποίηκε
3576 4054 3763 4123 ταῦτα,

2117 4150 2342 4200 ἀκουστιν
2377 4146 2539 4201 αξιτοῦ
2572 4144 2736 4200 πάλιν
2792 4146 2883 4201 καὶ
2942 4143 3034 4200 διὰ
3063 4138 3385 4219 παραϐολῆς
3446 4143 3765 4223 φάσκοντος

2115 4236 2252 4299 Τοὺς
2282 4232 2340 4289 δε
2373 4237 2447 4307 μή
2506 4235 2871 4311 βουληθέντας
2935 4255 3000 4308 με
3058 4233 3377 4310 βασιλεῦσαι
3428 4231 3510 4287 ἐπ’
3567 4230 3769 4293 αὐτοὺς

2118 4324 2337 4399 ἀγάγετε
2369 4321 2475 4380 ὧδε
2503 4325 2594 4379 καὶ
2637 4325 3027 4402 κατασφάξατε.
3079 4322 3172 4378 Διὸ
3225 4321 3312 4376 καὶ
3376 4321 3513 4396 πρὸς
3572 4319 3771 4382 αὐτοὺς

2118 4411 2320 4489 ἔλεγεν·
2394 4416 2717 4488 Ἀρθῆσεται
2804 4415 2889 4490 ἀφ’
2970 4412 3124 4486 ὑμῶν
3210 4413 3243 4481 ἡ
3335 4410 3609 4487 βασιλεία,
3680 4409 3771 4465 καὶ

2119 4501 2406 4573 δοθήσεται
2489 4496 2625 4566 ἔθνει
2702 4502 2920 4557 ποιοῦτι
3022 4500 3149 4562 τοὺς
3233 4501 3473 4575 καρποὺς
3580 4500 3770 4569 αὐτῆς.

2120 4593 2219 4650 Καὶ
2280 4593 2414 4667 πρὸς
2496 4592 2591 4665 μὲν
2672 4594 2771 4663 τὴν
2856 4592 3223 4667 Ἰερουσαλὴμ
3280 4590 3460 4670 φῃσῖν·
3520 4592 3775 4661 Ἥξουσιν

361 4685 538 4748 atque
568 4678 702 4734 ideo
735 4677 979 4748 quidam
1011 4678 1083 4733 de
1115 4696 1183 4735 eo
1227 4679 1463 4750 signum
1519 4683 1809 4738 vastitatis
1858 4684 1982 4740 acci

2122 4681 2206 4737 ἐπῖ
2251 4696 2307 4737 σε
2338 4680 2561 4756 ἡμέραι,
2618 4682 2706 4736 καὶ
2759 4677 3119 4755 περιϐαλοῦσί
3180 4699 3263 4734 σοι
3316 4681 3368 4735 οἱ
3428 4679 3615 4756 ἐχθροί
3677 4700 3773 4735 σου

360 4768 537 4839 piunt
562 4783 575 4820 :
600 4767 819 4837 quippe
843 4766 1064 4822 milites
1087 4767 1184 4823 isti
1208 4785 1345 4823 cum
1368 4770 1489 4825 sint
1508 4771 1740 4842 profani
1772 4788 1841 4829 ac
1880 4790 2008 4829 sce-

361 4856 518 4923 lesti,
551 4861 710 4911 recte
744 4857 804 4912 in
843 4856 1119 4913 vaticinio
1151 4856 1552 4914 abominabile
1584 4861 1872 4917 vastitatis
1929 4862 2009 4916 sic-

363 4962 545 5020 gnum
595 4944 894 5003 dicuntur.
955 4945 1176 5003 Deinde
1220 4952 1418 5018 potest
1466 4948 1651 5021 accipi
1702 4950 1774 5005 de
1815 4958 2008 5007 statua

356 5056 535 5112 quam
563 5039 674 5095 sibi
706 5038 1002 5095 Adrianus
1046 5040 1373 5112 imperator
1408 5043 1629 5112 posuit,
1679 5045 2008 5116 urbemque

352 5147 596 5203 prorsus
645 5130 988 5188 devastavit.
1024 5132 1250 5186 Rursus
1299 5132 1704 5189 Theodoretus
1752 5136 2008 5191 Danieli-

344 5237 481 5277 cum
493 5219 799 5276 oraculum
814 5237 1137 5291 exponens.
1151 5220 1565 5277 ~Abolebitur
1578 5223 1935 5280 sacriﬁcium
1954 5231 2013 5280 et

346 5309 555 5366 libatio
573 5309 767 5365 medio
783 5310 1224 5381 septimanae,et
1237 5311 1294 5365 in
1311 5311 1533 5382 templo
1546 5316 1842 5368 statuetur
1854 5315 2008 5370 398

348 5390 821 5456 adominaudum
854 5401 1147 5456 vastitatis
1179 5401 1439 5473 signum.
1474 5418 1540 5457 ac
1578 5402 1822 5459 vastitas
1875 5420 2013 5459 con-

355 5490 1019 5562 summabitlmagines,
1048 5491 1540 5562 inquitquaadam
1573 5491 1843 5561 Caesaris,
1876 5494 2009 5566 qui-

360 5574 470 5629 bus
500 5576 627 5647 lege
671 5578 868 5634 divina
911 5585 1037 5635 erat
1082 5580 1486 5647 interdictum,
1544 5582 1604 5636 in
1638 5582 1929 5654 templum
1979 5600 2012 5640 a

2118 4771 2354 4846 χάρακα,
2413 4772 2502 4826 καὶ
2556 4769 3031 4847 περικυκλώσουσί
3090 4791 3169 4839 σε,
3234 4771 3323 4824 καὶ
3388 4769 3661 4840 συνέξουσί
3720 4785 3775 4824 σε

2118 4856 2401 4927 πάντοθεν,
2429 4859 2518 4913 καὶ
2559 4856 2840 4936 ἐδαφιοῦσι
2886 4861 2952 4913 τὰ
2981 4859 3142 4914 τέκνα
3191 4877 3286 4912 σου
3347 4856 3398 4912 ἐν
3459 4858 3564 4913 σοί·
3635 4858 3774 4933 πρὸς

2120 4947 2176 5005 δὲ
2205 4950 2330 5011 τοὺς
2357 4955 2594 5013 απειοεῖς
2627 4947 2922 5010 Ἰουδαίους
2956 4948 3141 5025 ἐπάγει
3174 4946 3375 5023 λέγων’
3422 4945 3566 5004 Ἰδοῦ
3621 4946 3775 5022 ἀφίε-

2116 5060 2202 5095 ται
2241 5041 2267 5095 ὁ
2317 5042 2471 5102 οἶκος
2522 5040 2675 5114 ὑμῶν
2733 5036 2965 5113 ἔρημος.
3014 5038 3186 5112 Ὅπερ
3246 5038 3335 5092 οὖν
3396 5037 3488 5093 καὶ
3545 5038 3573 5091 ὁ
3632 5038 3774 5093 θεῖος

2119 5129 2324 5199 Δανιήλ
2354 5126 2652 5203 προδηλῶν
2680 5127 2848 5201 λέγει·
2896 5128 2986 5182 Καὶ
3023 5127 3121 5195 τήν
3175 5126 3335 5180 πόλιν
3393 5126 3482 5180 καὶ
3535 5124 3596 5178 τὸ
3623 5117 3775 5196 ἅγιον

2120 5217 2356 5290 διαθερεῖ
2394 5220 2485 5274 σὺν
2533 5223 2612 5288 τῷ
2650 5219 2942 5291 ἡγουμένῳ
2999 5222 3079 5289 τῷ
3129 5215 3442 5291 ἐρχομένῳ,
3504 5213 3775 5268 τουτέστιν

2121 5310 2148 5364 ὁ
2199 5311 2326 5369 Θεὸς
2357 5309 2445 5363 καὶ
2517 5308 2704 5382 Ηαι-ἦρ
2761 5306 2977 5361 πάντων
3033 5303 3313 5362 Ἰουδαίων
3357 5306 3422 5358 τα
3472 5302 3644 5375 σεμνᾶ
3688 5300 3781 5357 καὶ

2121 5393 2458 5474 περίϐλεπτα
2504 5396 2801 5469 ἀνατρέψει.
2865 5390 3043 5451 Ἀλλὰ
3104 5394 3194 5448 καὶ
3229 5395 3256 5448 ὁ
3288 5394 3412 5453 Υἱὸς
3461 5392 3487 5447 6
3524 5391 3780 5466 Χριστὸς,

2122 5491 2148 5544 ὁ
2181 5491 2303 5564 παρ’
2339 5487 2513 5543 αὐτῶν
2548 5488 2621 5547 ὡς
2646 5486 2931 5560 λυτρωτής
2990 5482 3453 5559 προσδοκώμενος
3512 5483 3600 5537 καὶ
3660 5489 3783 5538 Σω-

2118 5581 2242 5655 τήρ.
2279 5578 2355 5636 0'3
2384 5578 2488 5652 γὰρ
2545 5578 2685 5630 sine:
2748 5577 3178 5655 Διαφθαρήσεται
3210 5575 3245 5643 ἡ
3278 5572 3441 5635 πόλις
3470 5572 3561 5629 καὶ
3593 5574 3621 5630 6
3652 5574 3782 5637 ναὸς

439 5777 486 5812 ³⁸
517 5776 717 5831 itatth.
752 5795 910 5844 xxm,
970 5782 1057 5834 38.
1091 5780 1136 5815 37
1200 5787 1329 5841 Luc.
1365 5803 1483 5853 xu,
1517 5788 1603 5844 27.
1664 5788 1713 5823 33
1754 5788 1956 5843 Matth.
1991 5806 1995 5841 ;

2129 5790 2232 5847 43..
2279 5784 2328 5822 ³ο
2356 5785 2491 5842 Luc.
2522 5802 2637 5850 xrx,
2694 5785 2787 5841 43.
2821 5782 2868 5819 ⁴⁰
2896 5788 3039 5845 Dan.
3106 5804 3181 5857 ix,
3216 5790 3305 5845 26.
3355 5786 3401 5825 ιι
3431 5790 3604 5848 Mich.
3639 5804 3691 5856 v,
3724 5789 3775 5842 2.
