4154 6444
400 435 524 493 441

1515 423 2074 489 HISTORIARUM
2120 424 2665 492 GOMPENDIUM.

3718 435 3837 497 442

405 567 585 632 αὐτῆς
643 560 970 624 ἀκούσαντες
1017 567 1119 631 τῆς
1187 559 1446 636 ὁράσεως,
1504 562 1535 616 ἃ
1603 558 1691 615 διὰ
1747 552 2057 632 παραϐολῆς

2184 561 2463 635 ambages
2494 565 2736 619 nomine
2770 564 2972 620 arietis
3007 564 3250 620 Darium
3282 581 3481 638 regem
3518 568 3836 624 Persarum

414 658 547 730 ὑμῖν
575 656 607 709 ὁ
637 655 933 731 προφήτης
962 652 1275 728 ἀνήγγειλε.
1310 656 1474 730 Κριὸν
1515 654 1608 728 μὲν
1634 650 1796 708 καλεῖ
1822 650 1913 705 τὸν
1960 653 2068 703 τῶν

420 748 640 819 Περσῶν
675 740 905 819 βασιλέα
935 747 1178 815 Δαρεῖον,
1209 745 1411 818 τράγον
1445 740 1502 798 δὲ
1530 744 1621 799 τὸν
1654 746 1761 797 τῶν
1786 737 2073 810 Ἑλλήνων

378 820 800 906 νἈλέξανδρον,
854 830 1080 907 βασιλέα
1135 837 1244 887 τῶν
1299 829 1646 888 Μακεδόνων.
1705 829 1952 903 Τέσσαρα
2001 825 2067 898 δὴ

413 923 617 997 κέρατα
650 919 794 995 λέγει
833 918 962 982 τοὺς
1023 919 1139 993 μετ’
1190 912 1392 975 ἐκεῖνον
1447 921 1789 989 ἀναστάντας,
1849 917 1939 993 ἀφ’
1994 916 2068 970 ὧν

412 1012 637 1086 ὕστερον
696 1011 858 1085 γέρας
914 1009 1072 1072 αὐτὸς
1129 1010 1158 1063 ὁ
1224 1010 1518 1086 Ἀντίοχος
1557 1005 1679 1066 ἔφυ.
1740 1008 1885 1076 Φησί
1940 1006 2067 1082 γάρ·

412 1099 577 1159 Εἶδον
614 1099 665 1155 ἐν
708 1100 967 1175 ὁράματι,
998 1098 1087 1153 καὶ
1120 1095 1240 1153 ΐδοὺ
1270 1100 1426 1175 κριὸς
1475 1099 1742 1169 έστηκὼς,
1786 1097 1877 1152 καὶ
1922 1095 2070 1168 αὖτῷ

408 1193 614 1265 κέρατα
664 1188 873 1263 ὑψηλὰ,
929 1188 1020 1244 καί
1075 1190 1139 1243 τὸ
1196 1182 1249 1243 ἕν
1304 1188 1644 1263 ὑψηλότερον
1702 1191 1801 1242 τοῦ
1858 1187 2067 1262 ἐτέρου.

411 1279 520 1336 Καὶ
562 1278 626 1332 τὸ
690 1275 902 1351 ὑψηλὸν
963 1271 1237 1332 ἀνέϐαινεν
1291 1276 1374 1333 ἐπ’
1432 1276 1699 1353 ἐσχάνων.
1761 1276 1866 1331 Καὶ
1924 1271 2067 1330 εἶδον

409 1368 508 1422 τὸν
561 1365 716 1441 κριὸν
767 1367 1115 1439 κερατίζοννα
1171 1366 1309 1420 κατά
1393 1365 1662 1430 θάλασσαν
1717 1364 1808 1419 καὶ
1869 1361 2071 1438 βοῤῥᾶν

405 1455 502 1511 καὶ
533 1454 714 1525 νότον,
745 1452 837 1508 καὶ
869 1453 937 1508 τά
980 1452 1145 1529 θηρία
1191 1452 1367 1508 πάντα
1424 1452 1486 1509 οὗ
1545 1455 1801 1524 στήσεται
1842 1451 2071 1506 ἐνώπιον

412 1546 602 1611 αὐτοῦ,
658 1541 749 1598 καὶ
809 1542 910 1597 οὐκ
965 1542 1032 1612 ἦν
1089 1543 1117 1596 ὁ
1172 1541 1556 1617 ἐξαιρούμενος
1610 1542 1670 1597 ἐκ
1723 1540 1911 1617 χειρὸς
1968 1540 2069 1596 αὐ-

417 1637 539 1689 τοῦ.
568 1633 668 1689 Καὶ
708 1630 931 1703 ἐποίησε
985 1632 1123 1687 κατὰ
1175 1632 1239 1686 τὸ
1296 1630 1513 1704 θέλημα
1568 1631 1738 1686 αὐτοῦ
1794 1630 1883 1684 καὶ
1945 1629 2067 1703 έμε-

415 1727 683 1803 γαλῦνθη.
715 1728 828 1795 Τήν
882 1724 1112 1800 δύναμιν
1170 1726 1322 1802 λέγει
1360 1728 1459 1796 τὴν
1509 1727 1797 1801 Περσικὴν,
1828 1722 1864 1795 ἤ
1896 1729 2065 1779 πᾶσαν

413 1814 691 1892 ἐπέδραμε
718 1819 819 1887 τὴν
857 1823 984 1891 γῆν.
1016 1816 1152 1873 Εἶτα
1207 1815 1332 1890 περὶ
1387 1821 1483 1871 ττῦ
1541 1811 1852 1876 Μακεδόνος
1912 1810 2070 1870 Ἀλε-

2176 655 2361 721 notat,
2411 651 2561 709 hirci
2633 655 2970 710 Graecorum
3043 653 3551 727 Macedonumque
3638 673 3835 728 regem

2174 740 2596 806 Alexandrum.
2641 747 2675 799 4
2706 760 2999 800 cornuum
3050 760 3216 815 reges
3271 745 3371 816 qui
3425 745 3477 799 ei
3533 763 3839 803 successe-

2173 837 2351 899 runt;
2384 832 2459 887 de
2490 833 2706 904 quibus
2738 840 3034 905 posterius
3060 849 3247 888 cornu
3280 840 3524 889 enatum
3571 841 3679 902 est,
3713 840 3836 890 An-

2175 920 2408 976 tiochus
2438 922 2743 977 nimirum.
2782 922 2970 978 Verba
2998 923 3129 994 ejus
3161 929 3300 977 sunt
3329 941 3340 977 :
3380 923 3505 978 Vidi
3554 925 3836 980 divinitus

2174 1016 2559 1081 apparentem
2590 1013 2900 1067 visionem.
2937 1013 3081 1067 Ecce
3132 1012 3326 1068 stabat
3356 1014 3509 1068 aries
3551 1014 3833 1069 cornibus

2175 1098 2367 1168 elatis,
2401 1117 2656 1170 quorum
2687 1119 2872 1157 unum
2904 1107 3030 1157 erat
3075 1102 3262 1158 altero
3299 1102 3634 1171 sublimius,
3679 1105 3832 1159 402

2174 1187 2353 1259 idque
2386 1191 2711 1261 posteriore
2742 1191 2871 1246 loco
2902 1191 3200 1264 surgebat.
3238 1191 3485 1263 Vidique
3521 1210 3653 1246 eum
3704 1210 3837 1248 cor-

2176 1277 2354 1333 nibus
2380 1278 2564 1335 ictum
2598 1280 2874 1336 edentem
2923 1280 3203 1336 adversus
3248 1297 3434 1350 mare,
3485 1282 3832 1352 aquilonem

2176 1372 2233 1422 et
2289 1373 2596 1435 austrum;
2646 1387 2841 1442 neque
2896 1369 3089 1425 ullum
3136 1370 3357 1426 animal
3406 1376 3638 1442 poterat
3694 1378 3831 1427 ante

2174 1473 2311 1511 eum
2335 1456 2678 1527 subsistere,
2713 1475 2907 1531 neque
2942 1464 3069 1515 erat
3110 1461 3211 1531 qui
3242 1460 3314 1514 ab
3349 1476 3415 1516 eo
3466 1459 3830 1516 defenderet.

2174 1548 2378 1617 Itaque
2406 1565 2511 1603 suo
2542 1548 2832 1605 arbitratu
2863 1550 3077 1622 agebat
3105 1567 3173 1606 ac
3222 1551 3573 1623 magnificus
3605 1557 3732 1607 erat
3764 1550 3831 1609 4³.

2176 1637 2276 1690 His
2332 1635 2526 1692 verbis
2583 1639 2939 1709 exprimitur
2987 1656 3238 1712 regnum
3288 1640 3611 1710 Persicum,
3664 1641 3833 1712 cujus

2173 1727 2440 1797 potentia
2466 1727 2672 1782 orbem
2719 1733 3011 1783 terrarum
3060 1736 3373 1801 pervagata
3413 1736 3521 1785 est.
3558 1730 3699 1786 Inde
3744 1731 3833 1786 lo-

2175 1815 2378 1886 quitur
2408 1815 2480 1870 de
2508 1816 2844 1871 Alexandro
2888 1816 3207 1873 Macedone
3235 1836 3248 1885 ;
3284 1820 3429 1873 Ecce
3474 1825 3673 1874 autem
3705 1819 3831 1874 hir-

366 1902 646 1979 ἐάνδρου
693 1902 1087 1979 διαλεγόμενός
1114 1925 1267 1984 φησι·
1310 1905 1413 1962 Καὶ
1476 1902 1593 1960 ἷδοὺ
1645 1903 1845 1980 τράγος
1895 1901 2057 1977 αῗγῶν

2176 1920 2278 1959 cus
2309 1905 2590 1976 caprinus
2624 1905 2935 1978 ingruebat
2966 1923 3001 1962 a
3028 1912 3193 1978 parte
3222 1923 3340 1978 qua
3369 1908 3557 1979 spirat
3574 1908 3827 1976 Africus,

398 1996 620 2070 ἤρχετο
670 1993 779 2049 ἀπὸ
838 1988 1008 2056 Λιϐὸς
1065 1994 1163 2049 καὶ
1220 1994 1306 2048 ἐπὶ
1365 1994 1659 2069 πρόσωπον
1710 1993 1890 2063 πάσης
1960 1998 2061 2062 τῆς

396 2091 533 2160 γῆς,
561 2087 655 2138 καὶ
687 2082 786 2138 οὐκ
812 2084 882 2153 ἦν
912 2082 1220 2158 ἁπτόμενος
1247 2091 1347 2153 τῆς
1404 2091 1527 2159 γῆς.
1588 2083 1686 2138 Καὶ
1744 2087 1823 2156 τῷ
1872 2082 2063 2159 ’τράγῳ

399 2171 598 2244 ἐκείνῳ
652 2172 812 2248 κέρας
868 2174 1155 2248 ὲθεωρεϊτο
1212 2174 1311 2228 ἀνὰ
1373 2173 1534 2246 μέσον
1589 2178 1698 2228 τῶν
1758 2171 2060 2249 ὀφθαλμῶν

398 2263 596 2318 αὐτοῦ.
632 2264 767 2319 Εἶτα
797 2260 975 2339 λέγων
1007 2263 1107 2332 τὴν
1141 2264 1278 2337 πρὸς
1325 2268 1549 2338 Δαρεῖον
1598 2257 1921 2339 προσϐολήν
1969 2262 2062 2316 καὶ

398 2347 703 2425 συμϐολήν
787 2353 956 2408 αὐτοῦ
1012 2352 1310 2429 γενομένην
1367 2354 1457 2408 καὶ
1514 2355 1613 2423 τήν
1670 2353 1807 2408 κατὰ
1860 2351 2059 2426 κράτος

395 2441 590 2513 νίκην,
622 2440 820 2509 Ἦλθε,
852 2440 1041 2515 φησίν,
1069 2443 1098 2496 ὁ
1128 2442 1330 2519 τράγος
1377 2439 1482 2505 ἕως
1512 2447 1610 2498 τοῦ
1663 2446 1821 2518 κριοῦ
1867 2446 1966 2496 τοῦ
1997 2441 2062 2496 τά

398 2532 607 2605 κέρατα
640 2528 890 2606 ἔχοντος,
921 2530 1011 2586 καὶ
1036 2532 1311 2606 ἠγριώθη,
1345 2530 1435 2586 καὶ
1494 2529 1683 2587 ἔπαισε
1738 2532 1829 2586 τὸν
1884 2530 2060 2605 κριὸν,

396 2620 496 2675 καὶ
528 2620 846 2695 συνέτριψεν
876 2619 1157 2699 ἀμφότερα
1184 2620 1250 2674 τὰ
1282 2620 1481 2696 κέρατα
1511 2619 1695 2689 αὐτοῦ,
1727 2620 1818 2674 καὶ
1859 2619 1963 2674 οὐκ
1991 2619 2057 2687 ἦν

400 2710 432 2763 ὁ
464 2708 848 2785 ἐξαιρούμενος
878 2708 938 2764 ἐκ
968 2710 1154 2783 χειρὸς
1183 2709 1369 2766 αὐτοῦ.
1419 2711 1643 2766 Ἔπειτα
1694 2706 2059 2784 διηγούμενος

399 2800 503 2868 τήν
564 2796 924 2873 Ἀλεξάνδρου
981 2797 1239 2868 τελευτὴν
1312 2799 1403 2854 καὶ
1458 2801 1557 2869 τὴν
1621 2804 1729 2854 τῶν
1786 2799 2056 2874 τεσσάρων

403 2888 678 2964 βασιλέων
714 2885 1010 2967 διαδοχὴν,
1064 2887 1249 2965 ἐπάγει
1302 2888 1498 2965 λέγων.
1534 2890 1638 2946 Καὶ
1667 2888 1720 2944 ἐν
1774 2893 1853 2960 τῷ
1901 2889 2060 2963 ἱσχῦ-

402 2998 499 3031 σαι
524 2977 688 3033 αὐτὸν
721 2973 1039 3052 συντετρίϐη
1087 2979 1150 3034 τὸ
1197 2981 1357 3050 κέρας
1402 2978 1464 3034 τὸ
1526 2978 1688 3054 μέγα,
1746 2978 1835 3033 καὶ
1892 2973 2054 3049 ἀνέϐη

409 3068 612 3139 κέρατα
664 3067 890 3143 τέσσαρα
949 3068 1294 3133 ὑποκάτωθεν
1351 3070 1538 3138 αὐτοῦ,
1609 3071 1688 3131 εἷς
1760 3070 1886 3127 τοὺς
1943 3071 2061 3124 τέσ-

421 3173 586 3229 σαρας
638 3155 856 3230 ἀνέμους
912 3162 1010 3212 τοῦ
1063 3157 1320 3234 οὐρανοῦ.
1375 3161 1648 3215 Ἐντεῦθεν
1710 3155 1908 3213 λοιπὸν
1968 3157 2054 3212 ἐπὶ

415 3246 518 3313 τὴν
546 3244 823 3321 Ἀντιόχου
881 3244 1161 3322 βασιλείαν
1218 3245 1418 3317 ἐλθὼν,
1474 3247 1564 3303 καὶ
1607 3245 1812 3309 δεικνὺς
1865 3248 1949 3302 ’ὁτι
2006 3247 2055 3318 ἐξ
2088 3290 2130 3354 C

415 3333 427 3354 ι
480 3334 493 3354 Ψ
522 3353 527 3354 ,
586 3331 601 3354 ’
673 3333 685 3351 '
883 3340 912 3351 ω
1136 3336 1150 3354 Ι
1329 3335 1342 3354 9
1418 3336 1432 3354 \
1572 3335 1613 3354 I‘
1859 3336 1869 3354 1
1952 3343 1993 3354 ασ-
2038 3337 2052 3354 \

2038 3337 2052 3355 \

408 3333 530 3395 ἐνὸς
579 3331 786 3389 ἐκείνων
844 3340 953 3390 τῶν
994 3336 1265 3411 τεσσάρων
1324 3335 1455 3407 ἐστὶ,
1515 3335 1681 3393 πάλιν
1738 3336 1888 3415 φησί’
1949 3337 2054 3392 Καὶ

398 3420 623 3496 ἐξῆλθεν
663 3422 725 3479 ἐκ
751 3429 850 3479 τοῦ
880 3422 992 3486 ἐνὸς
1027 3425 1272 3500 ἰσχυρὸν,
1330 3426 1420 3480 καὶ
1462 3424 1808 3504 έμεγαλόνθη
1869 3447 2061 3502 περισ-

396 3519 510 3576 σῶς
565 3516 704 3590 πρὸς
761 3515 918 3571 νότον
959 3516 1225 3591 καὶπρὸς
1283 3516 1575 3588 ἀνατολήν.
1632 3518 1729 3572 Καὶ
1768 3517 2055 3590 σημαίνων

394 3603 614 3671 δτιτὴν
661 3601 972 3674 Ἰουδαῖκήν
1034 3605 1320 3660 πολιτείαν
1375 3605 1613 3677 καθελεῖ,
1678 3607 1886 3685 φάσκει·
1950 3607 2056 3663 Καὶ

394 3692 469 3747 δι’
523 3693 686 3747 αὐτὸν
751 3692 909 3748 θυσία
965 3693 1243 3770 ἐταράχθη
1303 3695 1729 3770 παραπτώματι,
1791 3698 1878 3752 καὶ
1940 3695 2055 3774 ἐγε-

392 3783 535 3852 νήθη
594 3782 685 3837 καὶ
741 3780 1107 3853 κατευωδώθη
1166 3783 1317 3842 αὐτό.
1392 3785 1490 3839 Καὶ
1564 3786 1626 3840 τὸ
1711 3783 1864 3861 ἅγιον
1922 3786 2055 3861 ἐρη-

397 3872 739 3944 μωθήσεται,
771 3874 858 3927 καὶ
903 3875 1183 3949 γενήσεται
1232 3874 1354 3949 περὶ
1406 3875 1505 3943 τήν
1559 3875 1742 3929 θυσίαν
1793 3876 2050 3951 ἁμαρτία,

387 3963 501 4016 Τοῦ
528 3960 631 4035 γάρ
672 3962 871 4036 βωμοῦ
899 3963 1313 4036 καθαιρεθέντος
1380 3962 1471 4018 καὶ
1509 3966 1618 4017 τῶν
1666 3963 1832 4038 ἁγίων
1882 3984 2049 4020 κατα-

384 4051 735 4120 πατηθέντων
767 4048 1002 4106 εἴδωλον
1023 4044 1243 4122 ἔστησεν
1275 4046 1446 4122 ἔνδον,
1492 4052 1582 4106 καὶ
1638 4051 1822 4106 θυσίαν
1874 4053 2052 4109 ἐπετέ-

393 4137 483 4194 λει
513 4144 630 4201 τοῖς
690 4136 912 4214 δαίμοσι
970 4141 1327 4217 παρανόμως.
1388 4142 1547 4206 Ὅθεν
1603 4143 1789 4221 φησίν·
1840 4141 2044 4221 Ἐῤῥφη

389 4230 574 4304 χαμαὶ
608 4233 643 4299 ἡ
673 4226 1013 4301 δικαιοσύνη,
1045 4229 1134 4285 καὶ
1164 4228 1409 4302 ἒποίησε,
1437 4232 1527 4286 καὶ
1578 4228 1862 4304 εὖωδώθη.
1915 4234 2048 4290 Εἶτα

385 4318 562 4375 πάλιν
624 4320 685 4375 ἐκ
744 4317 998 4396 δευτέρου
1046 4322 1147 4391 τήν
1198 4321 1368 4390 αὐτὴν
1428 4321 1709 4397 βασιλείαν
1755 4325 2045 4401 Ἀντιόχου

390 4411 724 4487 Ἐπιφανοῦς
759 4409 934 4487 λέγων
965 4413 1055 4467 καὶ
1081 4413 1182 4481 τήν
1214 4410 1611 4491 αἰχμαλωσίαν
1641 4414 1731 4469 καὶ
1761 4415 1859 4484 τὴν
1892 4414 2043 4470 ἄλω-

384 4521 474 4555 σιν
505 4500 598 4555 καὶ
629 4502 729 4569 τήν
762 4499 1044 4575 ἐρήμωσιν
1072 4506 1172 4557 τοῦ
1210 4502 1382 4577 ἱεροῦ,
1437 4502 1762 4579 προστίθησι
1815 4505 1904 4558 καὶ
1953 4506 2042 4560 τὸν

383 4590 619 4666 χρόνον.

2175 2010 2353 2064 super
2406 1994 2748 2049 universam
2807 2000 3047 2064 terram,
3109 2012 3302 2066 neque
3356 2001 3554 2051 tamen
3610 2002 3829 2052 terram

2174 2083 2540 2156 attingebat;
2592 2084 3187 2155 conspiciebaturque
3236 2085 3393 2141 inter
3451 2084 3655 2139 oculos
3700 2087 3828 2157 ejus

2173 2190 2359 2227 cornu
2391 2178 2648 2231 exstans.
2683 2176 2895 2230 Postea
2934 2174 3278 2230 conﬂictum
3311 2174 3440 2246 ejus
3491 2186 3625 2229 cum
3654 2174 3827 2230 Dario

2174 2279 2243 2318 ac
2298 2264 2605 2319 victoriam
2660 2264 2732 2319 de
2790 2281 2860 2319 eo
2919 2264 3302 2319 describens:
3365 2264 3555 2330 Venit,
3616 2263 3828 2335 inquit,

2173 2352 2372 2407 hircus
2400 2352 2508 2408 iste
2536 2370 2724 2424 usque
2777 2353 2851 2408 ad
2883 2358 3198 2409 cornutum
3243 2354 3417 2408 illum
3450 2354 3720 2421 arietem,
3774 2360 3832 2408 et

2174 2442 2451 2498 efferatus
2500 2460 2635 2498 eum
2698 2444 3010 2514 percussit,
3061 2444 3354 2514 amboque
3415 2443 3543 2515 ejus
3606 2460 3828 2499 cornua

2173 2532 2465 2599 contrivit,
2499 2549 2691 2603 neque
2724 2539 2850 2588 erat
2902 2533 3004 2603 qui
3038 2533 3152 2587 vim
3203 2534 3333 2604 ejus
3383 2533 3456 2588 ab
3487 2534 3670 2590 ariete
3722 2533 3827 2589 de-

2171 2621 2458 2675 fenderet.
2492 2621 2634 2675 Inde
2668 2621 2990 2676 Alexandri
3036 2622 3259 2676 exitum
3310 2622 3638 2693 depingens
3671 2639 3825 2693 qua-

2173 2715 2424 2780 tuorque
2472 2726 2678 2783 regum
2727 2711 3184 2780 successionem,
3235 2712 3360 2765 haec
3407 2711 3628 2765 infert:
3679 2712 3822 2766 Cum

2170 2804 2369 2854 autem
2401 2799 2603 2855 hircus
2650 2816 2926 2872 magnam
2975 2805 3132 2855 esset
3177 2800 3505 2872 potentiam
3545 2799 3818 2871 adeptus,

2169 2904 2447 2960 magnum
2490 2906 2674 2944 cornu
2722 2889 2850 2960 ejus
2896 2890 3208 2961 frangitur,
3258 2895 3435 2959 atque
3478 2888 3633 2943 infra
3672 2888 3817 2943 illud

2170 2983 2492 3049 erumpunt
2520 2978 2636 3033 alia
2666 2984 2921 3049 quatuor
2950 2994 3176 3033 cornua
3204 2978 3533 3050 spectantia
3565 2977 3638 3033 ad
3674 2994 3817 3048 qua-

2170 3073 2304 3122 tuor
2353 3067 2553 3140 plagas
2601 3068 2830 3123 mundi.
2892 3070 3073 3122 Porro
3122 3067 3197 3122 ad
3245 3068 3521 3122 Antiochi
3570 3084 3821 3139 regnum

2169 3157 2541 3227 perveniens,
2577 3156 2867 3227 illumque
2918 3162 3259 3213 monstrans
3291 3174 3361 3211 ex
3393 3173 3512 3210 uno
3554 3157 3822 3211 illorum-

2171 3263 2283 3316 que
2333 3252 2588 3317 quatuor
2634 3262 2924 3301 cornuum
2975 3245 3291 3313 exstitisse,
3344 3262 3583 3300 rursum
3635 3244 3820 3301 dicit:

2172 3338 2241 3389 Et
2269 3336 2412 3390 exiit
2442 3336 2513 3392 de
2545 3352 2663 3390 uno
2694 3335 2930 3390 illorum
2959 3352 3144 3390 cornu
3184 3334 3462 3399 validum,
3495 3335 3823 3405 ingensque

2172 3428 2391 3483 factum
2424 3432 2512 3483 est
2542 3445 2745 3483 versus
2775 3427 3088 3482 meridiem
3137 3433 3195 3481 et
3243 3431 3459 3482 ortum.
3493 3427 3637 3480 Tum
3671 3424 3825 3479 indi-

2172 3534 2311 3571 cans
2342 3516 2415 3571 ab
2449 3534 2516 3571 eo
2545 3516 2848 3571 Judaicam
2884 3533 3010 3570 rem
3060 3514 3360 3587 publicam
3394 3512 3683 3569 abolitum
3724 3512 3819 3581 iri,

2169 3606 2371 3661 addit:
2406 3606 2511 3661 Ille
2533 3610 2776 3678 peccato
2826 3605 3183 3660 sacrificium
3234 3603 3629 3674 conturbabit,
3677 3620 3819 3658 con-

2170 3701 2377 3767 traque
2410 3695 2469 3749 id
2502 3712 2624 3750 rem
2655 3712 2936 3767 prospere
2967 3695 3169 3767 gessit,
3203 3712 3270 3749 ac
3301 3694 3587 3765 templum
3624 3699 3815 3747 vasta-

2168 3785 2347 3851 bitur,
2380 3790 2439 3842 et
2467 3786 2596 3842 loco
2628 3787 2783 3841 408
2816 3785 3093 3841 sacriﬁcxi
3124 3784 3238 3840 erit
3256 3784 3544 3856 flagitium
3575 3784 3638 3818 ⁸⁸·
3670 3784 3816 3838 Nam

2169 3875 2493 3930 Antiochus
2549 3875 2720 3930 altari
2780 3874 3059 3930 subverso
3111 3875 3414 3944 sacrisque
3456 3872 3818 3929 conculcatis

2166 3966 2227 4019 in
2268 3966 2490 4036 templo
2540 3965 2927 4020 simulacrum
2971 3964 3197 4032 statuit,
3248 3980 3317 4019 ac
3366 3968 3572 4018 contra
3623 3962 3815 4032 legem

2165 4054 2535 4109 daemonibus
2566 4054 2937 4110 sacriﬁcavit.
2975 4053 3108 4108 Ideo
3140 4060 3301 4108 vates
3334 4051 3513 4106 dicit:
3550 4053 3617 4104 Et
3648 4049 3814 4105 humi

2162 4149 2459 4215 prostrata
2497 4149 2588 4199 est
2609 4142 2862 4215 justitia,
2915 4147 3241 4212 contraque
3290 4141 3451 4196 illam
3486 4157 3611 4195 rem
3642 4157 3815 4211 pros-

2161 4249 2301 4304 pere
2325 4233 2527 4305 gessit.
2580 4234 2834 4287 Rursum
2864 4230 3077 4286 deinde
3109 4230 3304 4302 ipsum
3353 4229 3502 4283 illud
3533 4228 3813 4283 Antiochi

2160 4322 2481 4393 Epiphanis
2510 4337 2759 4393 regnum
2797 4320 3257 4391 Judaeorumque
3287 4318 3517 4374 cladem
3552 4322 3609 4373 et
3651 4317 3813 4371 exci-

2160 4411 2325 4467 dium
2357 4417 2536 4484 atque
2584 4411 2971 4467 vastationem
3008 4410 3210 4481 templi
3260 4410 3545 4474 referens,
3582 4414 3814 4479 tempus

2159 4503 2338 4558 etiam
2369 4506 2819 4557 commemorat.

463 4676 796 4754 ’Λρξᾶμενος
828 4681 933 4755 γάρ
963 4679 1071 4735 ἀπὸ
1099 4687 1199 4750 τῆς
1226 4679 1588 4755 Ἀλεξάνδρου
1621 4682 1925 4754 βασιλείας,
1947 4684 2042 4739 αὗ-

2224 4684 2370 4738 Nam
2394 4700 2623 4752 rursus,
2649 4682 2818 4737 initio
2842 4681 3027 4753 petito
3047 4680 3119 4736 ab
3136 4680 3457 4736 Alexandri
3475 4697 3677 4753 regno,
3703 4678 3811 4738 sub

382 4770 475 4830 θες
504 4769 641 4843 πρὸς
670 4773 750 4841 τῷ
778 4768 924 4825 τέλει
952 4774 1051 4825 τοῦ
1087 4764 1313 4845 βιϐλίου
1366 4772 1454 4825 καὶ
1502 4771 1570 4827 τά
1626 4772 1821 4844 μεταξὺ
1872 4774 2046 4828 πάντα

384 4856 801 4934 διηγησάμενος
838 4857 938 4913 ὅσα
968 4859 1019 4913 οἱ
1050 4857 1386 4932 Πτολεμαῖοι
1419 4860 1508 4915 καὶ
1543 4863 1593 4916 οἱ
1625 4859 1888 4917 Σέλευκοι
1928 4863 2051 4938 συρ-

383 4947 645 5022 ῥαγέντες
674 4945 952 5018 ἀλλήλοις
1011 4947 1274 5019 ἐποίησαν
1332 4949 1421 5004 καὶ
1473 4950 1524 5004 οἱ
1584 4953 1879 5026 στρατηγοὶ
1919 4956 2049 5009 τού-

378 5058 493 5092 των
526 5035 865 5112 εἰργάσαντο,
892 5036 1021 5101 τοὺς
1050 5034 1272 5109 δόλους,
1306 5041 1388 5112 [Ρ.
1423 5042 1551 5113 230]
1583 5040 1680 5103 τάς
1727 5040 1899 5109 νίκας,
1950 5044 2045 5107 τὰς

382 5127 694 5201 στρατείας,
727 5128 825 5189 τὰς
868 5128 1076 5200 μάχας,
1135 5127 1232 5189 τὰς
1288 5127 1624 5204 ναυμαχίας,
1661 5131 1760 5193 τὰς
1800 5137 2046 5206 πεζομα-

385 5219 541 5294 χίας,
576 5217 786 5291 προϊὼν
819 5216 895 5278 εἰς
920 5219 1210 5293 Ἀντίοχον
1233 5217 1460 5290 τελευτᾷ
1507 5218 1698 5289 πάλιν,
1749 5221 1841 5276 καὶ
1887 5224 2040 5297 φησί’

382 5304 691 5381 Βραχίονες
717 5304 767 5378 ἐξ
822 5305 994 5361 αὐτοῦ
1051 5308 1362 5377 στήσονται,
1420 5308 1510 5362 καὶ
1570 5303 1951 5384 βεϐηλώσουσι
1979 5313 2041 5368 τὸ

379 5393 656 5469 ἁγίασμα,
674 5392 766 5447 καὶ
798 5393 1198 5465 μεταστήσουσι
1219 5392 1313 5448 τὸν
1336 5390 1742 5470 ἐνδελεχισμὸν,
1760 5397 1855 5459 τὰς
1875 5400 2004 5469 συνῆ
2022 5430 2039 5441 ο

373 5496 494 5547 θεις
526 5480 702 5558 λέγων
736 5480 924 5546 θυσίας
950 5483 1042 5537 καὶ
1081 5484 1474 5558 καθημερινὰς,
1526 5485 1629 5543 Καὶ
1663 5483 1928 5542 δώσουσιν
1961 5490 2038 5552 εἰς

364 5573 538 5628 αὐτὸν
575 5569 889 5648 βδέλυγμα,
918 5570 1007 5626 καὶ
1039 5572 1169 5634 τοὺς
1200 5572 1541 5646 ἀνομοῦντας
1574 5571 1842 5647 διαθήκην
1890 5581 2035 5650 (του.

449 5783 496 5818 ⁴⁸
526 5783 676 5839 Dan.
711 5796 834 5836 vm.
912 5779 962 5814 ⁴⁶
992 5781 1136 5836 Dan.
1173 5796 1254 5848 ιι,
1286 5781 1374 5836 31.

2158 4775 2340 4830 finem
2371 4773 2526 4841 libri,
2561 4788 2747 4844 eaque
2779 4771 2982 4827 omnia
3004 4776 3350 4842 persecutus
3381 4772 3650 4826 oratione
3681 4788 3811 4842 qua:

2155 4863 2228 4918 ab
2261 4881 2331 4918 eo
2375 4862 2678 4918 Ptolemaei
2728 4867 2787 4916 et
2833 4861 3064 4917 Seleuci
3112 4860 3412 4917 intestinis
3463 4860 3635 4917 bellis
3669 4878 3809 4917 con-

2154 4953 2340 5025 gressi
2370 4952 2622 5008 invicem
2654 4951 2867 5007 facturi
2918 4956 3117 5007 essent
3143 4968 3470 5022 eorumque
3512 4951 3810 5021 ductores,

2154 5042 2343 5108 dolos,
2368 5041 2662 5110 victorias,
2687 5041 3118 5113 expeditiones,
3143 5042 3378 5097 navalia
3402 5046 3461 5095 et
3484 5042 3809 5110 terrestria,

2152 5133 2378 5205 praelia,
2423 5148 2773 5204 progressus
2794 5131 2868 5186 ad
2902 5130 3176 5186 Antiochi
3225 5146 3414 5201 usque
3446 5145 3698 5200 regnum
3729 5130 3814 5184 ita

2151 5222 2487 5278 concludit:
2507 5221 2825 5277 Etbrachis
2849 5238 2920 5276 ex
2935 5238 3002 5276 eo
3017 5221 3468 5288 exsistent,quae
3485 5217 3808 5272 sacrarium

2149 5312 2570 5385 profanabunt,
2605 5313 2822 5385 etjuge
2866 5309 3227 5366 saceiﬁcium
3267 5305 3590 5362 abolebunt
3633 5310 3811 5376 atque

2149 5403 2439 5474 polluent,
2472 5406 2532 5456 et
2557 5419 2658 5456 eos
2688 5402 2789 5471 qui
2819 5402 3241 5454 testamentum
3282 5394 3506 5449 violant
3535 5396 3670 5464 (hoc
3696 5401 3808 5463 est,

2144 5492 2379 5548 Iudaeos
2410 5507 2445 5546 a
2476 5490 2603 5563 lege
2634 5489 3002 5554 deficientes)
3032 5483 3329 5539 abducent
3356 5482 3418 5537 in
3450 5482 3807 5540 lubricitati-

2143 5582 2253 5639 bus
2277 5583 2400 5638 suis
2423 5586 2601 5652 atque
2624 5580 3023 5642 transferent;
3049 5576 3471 5648 superabitque
3491 5594 3591 5631 eos
3624 5590 3810 5649 popu'
