  <div class='ocr_page' id='page_1' title='image "/cluster/home/n/w/nwhite01/storage/ocr_20150623/121:no.1/coo.31924054870260/232.png"; bbox 0 0 4154 6436; ppageno 0'>
   <div class='ocr_carea' id='block_1_1' title="bbox 358 466 484 529">
    <p class='ocr_par' dir='ltr' id='par_1_1' title="bbox 358 466 484 529">
     <span class='ocr_line' id='line_1_1' title="bbox 358 466 484 529; baseline -0.008 0"><span class='ocrx_word' id='word_1_1' title='bbox 358 466 484 529; x_wconf 72' lang='grc'>445</span> 
     </span>
    </p>
   </div>
   <div class='ocr_carea' id='block_1_2' title="bbox 1514 458 2661 527">
    <p class='ocr_par' dir='ltr' id='par_1_2' title="bbox 1514 458 2661 527">
     <span class='ocr_line' id='line_1_2' title="bbox 1514 458 2661 527; baseline 0.002 -3"><span class='ocrx_word' id='word_1_2' title='bbox 1514 458 2057 526; x_wconf 76' lang='lat' dir='ltr'>HISTOlllAliUM</span> <span class='ocrx_word' id='word_1_3' title='bbox 2101 460 2661 527; x_wconf 74' lang='lat' dir='ltr'>COMPENDIUM.</span> 
     </span>
    </p>
   </div>
   <div class='ocr_carea' id='block_1_3' title="bbox 3680 468 3798 530">
    <p class='ocr_par' dir='ltr' id='par_1_3' title="bbox 3680 468 3798 530">
     <span class='ocr_line' id='line_1_3' title="bbox 3680 468 3798 530; baseline 0.025 -3"><span class='ocrx_word' id='word_1_4' title='bbox 3680 468 3798 530; x_wconf 69' lang='grc'>446</span> 
     </span>
    </p>
   </div>
   <div class='ocr_carea' id='block_1_4' title="bbox 357 591 2015 675">
    <p class='ocr_par' dir='ltr' id='par_1_4' title="bbox 357 591 2015 675">
     <span class='ocr_line' id='line_1_4' title="bbox 357 591 2015 675; baseline -0.003 -20"><span class='ocrx_word' id='word_1_5' title='bbox 357 598 739 675; x_wconf 80' lang='grc' dir='ltr'>ἆνομήσουσιν</span> <span class='ocrx_word' id='word_1_6' title='bbox 797 591 1021 668; x_wconf 75' lang='grc' dir='ltr'>ἄνομοι,</span> <span class='ocrx_word' id='word_1_7' title='bbox 1080 592 1168 651; x_wconf 81' lang='grc' dir='ltr'>καὶ</span> <span class='ocrx_word' id='word_1_8' title='bbox 1228 593 1289 650; x_wconf 77' lang='grc' dir='ltr'>οὐ</span> <span class='ocrx_word' id='word_1_9' title='bbox 1343 592 1632 667; x_wconf 72' lang='grc' dir='ltr'>συνήσουσι</span> <span class='ocrx_word' id='word_1_10' title='bbox 1678 592 1870 660; x_wconf 79' lang='grc' dir='ltr'>πάντες</span> <span class='ocrx_word' id='word_1_11' title='bbox 1900 594 2015 651; x_wconf 79' lang='grc' dir='ltr'>ἀσε-</span> 
     </span>
    </p>
   </div>
   <div class='ocr_carea' id='block_1_5' title="bbox 2126 591 3793 675">
    <p class='ocr_par' dir='ltr' id='par_1_5' title="bbox 2144 592 3793 673">
     <span class='ocr_line' id='line_1_5' title="bbox 2144 592 3793 673; baseline 0.002 -20"><span class='ocrx_word' id='word_1_12' title='bbox 2144 612 2309 653; x_wconf 87' lang='lat' dir='ltr'>cram</span> <span class='ocrx_word' id='word_1_13' title='bbox 2340 592 2559 656; x_wconf 81' lang='lat' dir='ltr'>facere.</span> <span class='ocrx_word' id='word_1_14' title='bbox 2590 599 2675 653; x_wconf 83' lang='lat' dir='ltr'>Ab</span> <span class='ocrx_word' id='word_1_15' title='bbox 2707 598 2837 671; x_wconf 83' lang='lat' dir='ltr'>ejus</span> <span class='ocrx_word' id='word_1_16' title='bbox 2883 613 3020 673; x_wconf 85' lang='lat' dir='ltr'>ergo</span> <span class='ocrx_word' id='word_1_17' title='bbox 3065 596 3414 667; x_wconf 74' lang='lat' dir='ltr'>mutatione,</span> <span class='ocrx_word' id='word_1_18' title='bbox 3447 596 3558 654; x_wconf 83' lang='lat' dir='ltr'>hoc</span> <span class='ocrx_word' id='word_1_19' title='bbox 3607 606 3697 656; x_wconf 88' lang='lat' dir='ltr'>est</span> <span class='ocrx_word' id='word_1_20' title='bbox 3720 598 3793 656; x_wconf 90' lang='lat' dir='ltr'>ab</span> 
     </span>
    </p>
   </div>
   <div class='ocr_carea' id='block_1_6' title="bbox 363 687 2026 764">
    <p class='ocr_par' dir='ltr' id='par_1_6' title="bbox 363 687 2026 764">
     <span class='ocr_line' id='line_1_6' title="bbox 363 687 2026 764; baseline -0.002 -17"><span class='ocrx_word' id='word_1_21' title='bbox 363 687 505 762; x_wconf 74' lang='grc' dir='ltr'>ϐεῖς,</span> <span class='ocrx_word' id='word_1_22' title='bbox 535 688 622 747; x_wconf 82' lang='grc' dir='ltr'>καὶ</span> <span class='ocrx_word' id='word_1_23' title='bbox 656 689 932 762; x_wconf 80' lang='grc' dir='ltr'>νοήμονες</span> <span class='ocrx_word' id='word_1_24' title='bbox 980 687 1292 758; x_wconf 83' lang='grc' dir='ltr'>νοήσουσιν.</span> <span class='ocrx_word' id='word_1_25' title='bbox 1349 687 1479 743; x_wconf 75' lang='grc' dir='ltr'>Εἶτα</span> <span class='ocrx_word' id='word_1_26' title='bbox 1525 687 1616 742; x_wconf 88' lang='grc' dir='ltr'>τὸν</span> <span class='ocrx_word' id='word_1_27' title='bbox 1667 688 1856 764; x_wconf 88' lang='grc' dir='ltr'>καιρὸν</span> <span class='ocrx_word' id='word_1_28' title='bbox 1885 708 2026 762; x_wconf 83' lang='grc' dir='ltr'>προ-</span> 
     </span>
    </p>
   </div>
   <div class='ocr_carea' id='block_1_7' title="bbox 360 773 2026 858">
    <p class='ocr_par' dir='ltr' id='par_1_7' title="bbox 360 773 2026 858">
     <span class='ocr_line' id='line_1_7' title="bbox 360 773 2026 858; baseline -0.002 -22"><span class='ocrx_word' id='word_1_29' title='bbox 360 780 543 856; x_wconf 80' lang='grc' dir='ltr'>λέγων</span> <span class='ocrx_word' id='word_1_30' title='bbox 575 778 703 833; x_wconf 84' lang='grc' dir='ltr'>’ὁσον</span> <span class='ocrx_word' id='word_1_31' title='bbox 743 774 940 853; x_wconf 87' lang='grc' dir='ltr'>μέλλει</span> <span class='ocrx_word' id='word_1_32' title='bbox 995 773 1248 853; x_wconf 82' lang='grc' dir='ltr'>κατέχειν</span> <span class='ocrx_word' id='word_1_33' title='bbox 1303 775 1497 839; x_wconf 68' lang='grc' dir='ltr'>αὖτοὺς</span> <span class='ocrx_word' id='word_1_34' title='bbox 1536 777 1603 833; x_wconf 84' lang='grc' dir='ltr'>τὰ</span> <span class='ocrx_word' id='word_1_35' title='bbox 1633 773 1800 846; x_wconf 77' lang='grc' dir='ltr'>δεινὰ,</span> <span class='ocrx_word' id='word_1_36' title='bbox 1835 774 2026 858; x_wconf 73' lang='grc' dir='ltr'>φησίν·</span> 
     </span>
    </p>
   </div>
   <div class='ocr_carea' id='block_1_8' title="bbox 366 863 2030 943">
    <p class='ocr_par' dir='ltr' id='par_1_8' title="bbox 366 863 2030 943">
     <span class='ocr_line' id='line_1_8' title="bbox 366 863 2030 943; baseline -0.004 -16"><span class='ocrx_word' id='word_1_37' title='bbox 366 870 513 928; x_wconf 82' lang='grc' dir='ltr'>Ἀπὸ</span> <span class='ocrx_word' id='word_1_38' title='bbox 567 871 764 941; x_wconf 79' lang='grc' dir='ltr'>καιροῦ</span> <span class='ocrx_word' id='word_1_39' title='bbox 820 864 1217 943; x_wconf 77' lang='grc' dir='ltr'>παραλλάξεως</span> <span class='ocrx_word' id='word_1_40' title='bbox 1275 863 1692 942; x_wconf 76' lang='grc' dir='ltr'>ἐνδελεχισμοῦο</span> <span class='ocrx_word' id='word_1_41' title='bbox 1745 864 2030 943; x_wconf 75' lang='grc' dir='ltr'>ἐνδελεχι-</span> 
     </span>
    </p>
   </div>
   <div class='ocr_carea' id='block_1_9' title="bbox 367 952 2022 1034">
    <p class='ocr_par' dir='ltr' id='par_1_9' title="bbox 367 952 2022 1034">
     <span class='ocr_line' id='line_1_9' title="bbox 367 952 2022 1034; baseline -0.002 -20"><span class='ocrx_word' id='word_1_42' title='bbox 367 960 515 1034; x_wconf 82' lang='grc' dir='ltr'>σμὸς</span> <span class='ocrx_word' id='word_1_43' title='bbox 547 955 606 1014; x_wconf 73' lang='grc' dir='ltr'>δὶ</span> <span class='ocrx_word' id='word_1_44' title='bbox 646 955 897 1013; x_wconf 75' lang='grc' dir='ltr'>ἐκαλεῖτο</span> <span class='ocrx_word' id='word_1_45' title='bbox 954 956 990 1028; x_wconf 77' lang='grc' dir='ltr'><strong>ἡ</strong></span> <span class='ocrx_word' id='word_1_46' title='bbox 1046 956 1385 1031; x_wconf 85' lang='grc' dir='ltr'>καθημερινή</span> <span class='ocrx_word' id='word_1_47' title='bbox 1441 953 1617 1009; x_wconf 83' lang='grc' dir='ltr'>θυσία·</span> <span class='ocrx_word' id='word_1_48' title='bbox 1650 955 1710 1011; x_wconf 85' lang='grc' dir='ltr'>τὸ</span> <span class='ocrx_word' id='word_1_49' title='bbox 1740 954 1843 1031; x_wconf 76' lang='grc' dir='ltr'>γὰρ</span> <span class='ocrx_word' id='word_1_50' title='bbox 1875 952 2022 1011; x_wconf 77' lang='grc' dir='ltr'>ἐνδεο</span> 
     </span>
    </p>
   </div>
   <div class='ocr_carea' id='block_1_10' title="bbox 363 1042 2026 1122">
    <p class='ocr_par' dir='ltr' id='par_1_10' title="bbox 363 1042 2026 1122">
     <span class='ocr_line' id='line_1_10' title="bbox 363 1042 2026 1122; baseline -0.003 -19"><span class='ocrx_word' id='word_1_51' title='bbox 363 1048 533 1122; x_wconf 75' lang='grc' dir='ltr'>Λεχὶς</span> <span class='ocrx_word' id='word_1_52' title='bbox 588 1046 651 1100; x_wconf 83' lang='grc' dir='ltr'>τὸ</span> <span class='ocrx_word' id='word_1_53' title='bbox 711 1045 912 1100; x_wconf 85' lang='grc' dir='ltr'>πυκνὸν</span> <span class='ocrx_word' id='word_1_54' title='bbox 966 1042 1055 1100; x_wconf 78' lang='grc' dir='ltr'>καὶ</span> <span class='ocrx_word' id='word_1_55' title='bbox 1116 1043 1337 1120; x_wconf 84' lang='grc' dir='ltr'>συνεχές</span> <span class='ocrx_word' id='word_1_56' title='bbox 1391 1044 1552 1102; x_wconf 76' lang='grc' dir='ltr'>ἐστιν.</span> <span class='ocrx_word' id='word_1_57' title='bbox 1603 1044 1767 1107; x_wconf 79' lang='grc' dir='ltr'>’Έοος</span> <span class='ocrx_word' id='word_1_58' title='bbox 1822 1043 1925 1119; x_wconf 71' lang='grc' dir='ltr'>γὰρ</span> <span class='ocrx_word' id='word_1_59' title='bbox 1957 1043 2026 1112; x_wconf 78' lang='grc' dir='ltr'>ἦν</span> 
     </span>
    </p>
   </div>
   <div class='ocr_carea' id='block_1_11' title="bbox 358 1130 2024 1209">
    <p class='ocr_par' dir='ltr' id='par_1_11' title="bbox 358 1130 2024 1209">
     <span class='ocr_line' id='line_1_11' title="bbox 358 1130 2024 1209; baseline -0.004 -16"><span class='ocrx_word' id='word_1_60' title='bbox 358 1142 482 1198; x_wconf 77' lang='grc' dir='ltr'>τοῖς</span> <span class='ocrx_word' id='word_1_61' title='bbox 512 1130 803 1195; x_wconf 82' lang='grc' dir='ltr'>Ἰουδαίοις</span> <span class='ocrx_word' id='word_1_62' title='bbox 830 1132 921 1189; x_wconf 85' lang='grc' dir='ltr'>καὶ</span> <span class='ocrx_word' id='word_1_63' title='bbox 980 1132 1031 1189; x_wconf 84' lang='grc' dir='ltr'>ἐν</span> <span class='ocrx_word' id='word_1_64' title='bbox 1091 1134 1239 1209; x_wconf 72' lang='grc' dir='ltr'>πρωῒ</span> <span class='ocrx_word' id='word_1_65' title='bbox 1294 1134 1383 1186; x_wconf 76' lang='grc' dir='ltr'>καὶ</span> <span class='ocrx_word' id='word_1_66' title='bbox 1438 1131 1491 1187; x_wconf 80' lang='grc' dir='ltr'>ἐν</span> <span class='ocrx_word' id='word_1_67' title='bbox 1552 1133 1751 1208; x_wconf 76' lang='grc' dir='ltr'>ἑσπέρᾳ</span> <span class='ocrx_word' id='word_1_68' title='bbox 1789 1132 1879 1187; x_wconf 78' lang='grc' dir='ltr'>καὶ</span> <span class='ocrx_word' id='word_1_69' title='bbox 1910 1133 2024 1187; x_wconf 80' lang='grc' dir='ltr'>καθ’</span> 
     </span>
    </p>
   </div>
   <div class='ocr_carea' id='block_1_12' title="bbox 354 1219 2024 1301">
    <p class='ocr_par' dir='ltr' id='par_1_12' title="bbox 354 1219 2024 1301">
     <span class='ocr_line' id='line_1_12' title="bbox 354 1219 2024 1301; baseline -0.003 -20"><span class='ocrx_word' id='word_1_70' title='bbox 354 1225 594 1296; x_wconf 69' lang='grc' dir='ltr'>ἑκάστην</span> <span class='ocrx_word' id='word_1_71' title='bbox 649 1222 861 1301; x_wconf 75' lang='grc' dir='ltr'>ἡμέραν</span> <span class='ocrx_word' id='word_1_72' title='bbox 924 1221 1002 1297; x_wconf 79' lang='grc' dir='ltr'>τῷ</span> <span class='ocrx_word' id='word_1_73' title='bbox 1059 1226 1175 1296; x_wconf 82' lang='grc' dir='ltr'>Θεῷ</span> <span class='ocrx_word' id='word_1_74' title='bbox 1247 1221 1409 1289; x_wconf 73' lang='grc' dir='ltr'>θῦειν,</span> <span class='ocrx_word' id='word_1_75' title='bbox 1471 1221 1560 1276; x_wconf 81' lang='grc' dir='ltr'>καὶ</span> <span class='ocrx_word' id='word_1_76' title='bbox 1620 1219 1711 1277; x_wconf 68' lang='grc' dir='ltr'>διὰ</span> <span class='ocrx_word' id='word_1_77' title='bbox 1763 1222 1929 1279; x_wconf 65' lang='grc' dir='ltr'>τοῦτο</span> <span class='ocrx_word' id='word_1_78' title='bbox 1989 1224 2024 1291; x_wconf 74' lang='grc' dir='ltr'>ἡ</span> 
     </span>
    </p>
   </div>
   <div class='ocr_carea' id='block_1_13' title="bbox 356 1307 2028 1389">
    <p class='ocr_par' dir='ltr' id='par_1_13' title="bbox 356 1307 2028 1389">
     <span class='ocr_line' id='line_1_13' title="bbox 356 1307 2028 1389; baseline -0.002 -19"><span class='ocrx_word' id='word_1_79' title='bbox 356 1314 518 1371; x_wconf 75' lang='grc' dir='ltr'>θυσία</span> <span class='ocrx_word' id='word_1_80' title='bbox 571 1312 746 1384; x_wconf 75' lang='grc' dir='ltr'>ἐκείνη</span> <span class='ocrx_word' id='word_1_81' title='bbox 809 1310 1202 1389; x_wconf 79' lang='grc' dir='ltr'>ἔνδελεχισμὸς</span> <span class='ocrx_word' id='word_1_82' title='bbox 1259 1307 1497 1384; x_wconf 77' lang='grc' dir='ltr'>ἐλέγετο·</span> <span class='ocrx_word' id='word_1_83' title='bbox 1535 1309 1896 1382; x_wconf 76' lang='grc' dir='ltr'>Καὶῆλλαξε,</span> <span class='ocrx_word' id='word_1_84' title='bbox 1930 1310 2028 1367; x_wconf 76' lang='grc' dir='ltr'>Διὰ</span> 
     </span>
    </p>
   </div>
   <div class='ocr_carea' id='block_1_14' title="bbox 354 1396 2026 1480">
    <p class='ocr_par' dir='ltr' id='par_1_14' title="bbox 354 1396 2026 1480">
     <span class='ocr_line' id='line_1_14' title="bbox 354 1396 2026 1480; baseline -0.003 -21"><span class='ocrx_word' id='word_1_85' title='bbox 354 1405 525 1460; x_wconf 69' lang='grc' dir='ltr'>τοῦτό</span> <span class='ocrx_word' id='word_1_86' title='bbox 558 1424 723 1480; x_wconf 74' lang='grc' dir='ltr'>φησιν</span> <span class='ocrx_word' id='word_1_87' title='bbox 755 1402 783 1457; x_wconf 85' lang='grc' dir='ltr'><strong>ὁ</strong></span> <span class='ocrx_word' id='word_1_88' title='bbox 814 1398 1044 1479; x_wconf 78' lang='grc' dir='ltr'>ἄγγελος</span> <span class='ocrx_word' id='word_1_89' title='bbox 1102 1401 1184 1455; x_wconf 78' lang='grc' dir='ltr'>ὃτι</span> <span class='ocrx_word' id='word_1_90' title='bbox 1244 1399 1352 1455; x_wconf 83' lang='grc' dir='ltr'>ἀπὸ</span> <span class='ocrx_word' id='word_1_91' title='bbox 1391 1405 1584 1476; x_wconf 73' lang='grc' dir='ltr'>καιροῦ</span> <span class='ocrx_word' id='word_1_92' title='bbox 1614 1406 1716 1470; x_wconf 81' lang='grc' dir='ltr'>τῆς</span> <span class='ocrx_word' id='word_1_93' title='bbox 1747 1396 2026 1470; x_wconf 74' lang='grc' dir='ltr'>ἀλλάξεως</span> 
     </span>
    </p>
   </div>
   <div class='ocr_carea' id='block_1_15' title="bbox 353 1488 2027 1572">
    <p class='ocr_par' dir='ltr' id='par_1_15' title="bbox 353 1488 2027 1572">
     <span class='ocr_line' id='line_1_15' title="bbox 353 1488 2027 1572; baseline -0.002 -24"><span class='ocrx_word' id='word_1_94' title='bbox 353 1492 457 1549; x_wconf 73' lang='grc' dir='ltr'>τοῦ</span> <span class='ocrx_word' id='word_1_95' title='bbox 513 1489 930 1572; x_wconf 74' lang='grc' dir='ltr'>ένδελεχισμοῦ,</span> <span class='ocrx_word' id='word_1_96' title='bbox 1006 1489 1279 1545; x_wconf 74' lang='grc' dir='ltr'>τουτέστιν</span> <span class='ocrx_word' id='word_1_97' title='bbox 1355 1490 1460 1548; x_wconf 80' lang='grc' dir='ltr'>ἀπὸ</span> <span class='ocrx_word' id='word_1_98' title='bbox 1516 1497 1617 1559; x_wconf 76' lang='grc' dir='ltr'>τῆς</span> <span class='ocrx_word' id='word_1_99' title='bbox 1676 1488 2027 1554; x_wconf 71' lang='grc' dir='ltr'>καταλύσεως</span> 
     </span>
    </p>
   </div>
   <div class='ocr_carea' id='block_1_16' title="bbox 357 1572 2025 1658">
    <p class='ocr_par' dir='ltr' id='par_1_16' title="bbox 357 1572 2025 1658">
     <span class='ocr_line' id='line_1_16' title="bbox 357 1572 2025 1658; baseline -0.002 -21"><span class='ocrx_word' id='word_1_100' title='bbox 357 1588 466 1652; x_wconf 78' lang='grc' dir='ltr'>τῆς</span> <span class='ocrx_word' id='word_1_101' title='bbox 496 1580 697 1648; x_wconf 80' lang='grc' dir='ltr'>θυσίας,</span> <span class='ocrx_word' id='word_1_102' title='bbox 732 1581 837 1636; x_wconf 72' lang='grc' dir='ltr'>εἶσὶ</span> <span class='ocrx_word' id='word_1_103' title='bbox 886 1577 944 1635; x_wconf 78' lang='grc' dir='ltr'>δὲ</span> <span class='ocrx_word' id='word_1_104' title='bbox 988 1575 1191 1653; x_wconf 78' lang='grc' dir='ltr'>ἡμέραι</span> <span class='ocrx_word' id='word_1_105' title='bbox 1241 1579 1378 1658; x_wconf 58' lang='lat' dir='ltr'>uel“,</span> <span class='ocrx_word' id='word_1_106' title='bbox 1431 1579 1561 1655; x_wconf 79' lang='grc' dir='ltr'>ὅπερ</span> <span class='ocrx_word' id='word_1_107' title='bbox 1596 1578 1737 1635; x_wconf 80' lang='grc' dir='ltr'>ἐστὶν</span> <span class='ocrx_word' id='word_1_108' title='bbox 1774 1572 1866 1651; x_wconf 74' lang='grc' dir='ltr'>ἔτη</span> <span class='ocrx_word' id='word_1_109' title='bbox 1900 1578 2025 1655; x_wconf 84' lang='grc' dir='ltr'>τρία</span> 
     </span>
    </p>
   </div>
   <div class='ocr_carea' id='block_1_17' title="bbox 364 1664 2021 1744">
    <p class='ocr_par' dir='ltr' id='par_1_17' title="bbox 364 1664 2021 1744">
     <span class='ocr_line' id='line_1_17' title="bbox 364 1664 2021 1744; baseline -0.001 -20"><span class='ocrx_word' id='word_1_110' title='bbox 364 1670 562 1744; x_wconf 72' lang='grc' dir='ltr'>ἥμισυ.</span> <span class='ocrx_word' id='word_1_111' title='bbox 598 1672 729 1727; x_wconf 77' lang='grc' dir='ltr'>Εἶτα</span> <span class='ocrx_word' id='word_1_112' title='bbox 760 1664 951 1739; x_wconf 76' lang='grc' dir='ltr'>δηλῶν</span> <span class='ocrx_word' id='word_1_113' title='bbox 1002 1668 1085 1723; x_wconf 73' lang='grc' dir='ltr'>ὅτι</span> <span class='ocrx_word' id='word_1_114' title='bbox 1134 1669 1223 1725; x_wconf 81' lang='grc' dir='ltr'>καὶ</span> <span class='ocrx_word' id='word_1_115' title='bbox 1275 1666 1430 1732; x_wconf 66' lang='grc' dir='ltr'>λύσις</span> <span class='ocrx_word' id='word_1_116' title='bbox 1464 1672 1570 1724; x_wconf 74' lang='grc' dir='ltr'>τῶν</span> <span class='ocrx_word' id='word_1_117' title='bbox 1597 1671 1779 1724; x_wconf 73' lang='grc' dir='ltr'>κακῶν</span> <span class='ocrx_word' id='word_1_118' title='bbox 1811 1666 2021 1723; x_wconf 63' lang='grc' dir='ltr'>τούτων</span> 
     </span>
    </p>
   </div>
   <div class='ocr_carea' id='block_1_18' title="bbox 364 1754 2022 1837">
    <p class='ocr_par' dir='ltr' id='par_1_18' title="bbox 364 1754 2022 1837">
     <span class='ocr_line' id='line_1_18' title="bbox 364 1754 2022 1837; baseline -0.003 -20"><span class='ocrx_word' id='word_1_119' title='bbox 364 1754 519 1817; x_wconf 78' lang='grc' dir='ltr'>ἔσται</span> <span class='ocrx_word' id='word_1_120' title='bbox 547 1762 633 1816; x_wconf 83' lang='grc' dir='ltr'>καὶ</span> <span class='ocrx_word' id='word_1_121' title='bbox 666 1756 993 1835; x_wconf 70' lang='grc' dir='ltr'>ἀπαλλαγή,</span> <span class='ocrx_word' id='word_1_122' title='bbox 1045 1756 1302 1837; x_wconf 70' lang='grc' dir='ltr'>ἐπήγαγε</span> <span class='ocrx_word' id='word_1_123' title='bbox 1359 1758 1634 1835; x_wconf 76' lang='grc' dir='ltr'>Μακάριος</span> <span class='ocrx_word' id='word_1_124' title='bbox 1668 1756 1696 1814; x_wconf 87' lang='grc' dir='ltr'><strong>ὁ</strong></span> <span class='ocrx_word' id='word_1_125' title='bbox 1730 1756 2022 1833; x_wconf 81' lang='grc' dir='ltr'>ὑπομείνας</span> 
     </span>
    </p>
   </div>
   <div class='ocr_carea' id='block_1_19' title="bbox 354 1842 2020 1927">
    <p class='ocr_par' dir='ltr' id='par_1_19' title="bbox 354 1842 2020 1927">
     <span class='ocr_line' id='line_1_19' title="bbox 354 1842 2020 1927; baseline -0.009 -13"><span class='ocrx_word' id='word_1_126' title='bbox 354 1849 455 1904; x_wconf 66' lang='grc' dir='ltr'>καὶ</span> <span class='ocrx_word' id='word_1_127' title='bbox 490 1850 695 1927; x_wconf 68' lang='grc' dir='ltr'>φθάσας</span> <span class='ocrx_word' id='word_1_128' title='bbox 744 1847 820 1910; x_wconf 77' lang='grc' dir='ltr'>εἷς</span> <span class='ocrx_word' id='word_1_129' title='bbox 873 1850 1083 1923; x_wconf 69' lang='grc' dir='ltr'>ἡμέρας</span> <span class='ocrx_word' id='word_1_130' title='bbox 1143 1843 1307 1914; x_wconf 70' lang='grc' dir='ltr'>ατλέ,</span> <span class='ocrx_word' id='word_1_131' title='bbox 1366 1852 1485 1909; x_wconf 85' lang='grc' dir='ltr'>ταῖς</span> <span class='ocrx_word' id='word_1_132' title='bbox 1518 1845 1636 1901; x_wconf 70' lang='grc' dir='ltr'>ατλ¹</span> <span class='ocrx_word' id='word_1_133' title='bbox 1668 1848 1748 1920; x_wconf 82' lang='grc' dir='ltr'>με’</span> <span class='ocrx_word' id='word_1_134' title='bbox 1780 1842 2020 1921; x_wconf 78' lang='grc' dir='ltr'>προθεῖς,</span> 
     </span>
    </p>
   </div>
   <div class='ocr_carea' id='block_1_20' title="bbox 2142 684 3792 761">
    <p class='ocr_par' dir='ltr' id='par_1_20' title="bbox 2142 684 3792 761">
     <span class='ocr_line' id='line_1_20' title="bbox 2142 684 3792 761; baseline 0.003 -19"><span class='ocrx_word' id='word_1_135' title='bbox 2142 687 2270 761; x_wconf 87' lang='lat' dir='ltr'><strong>ejus</strong></span> <span class='ocrx_word' id='word_1_136' title='bbox 2291 684 2634 756; x_wconf 79' lang='lat' dir='ltr'>abolitione,</span> <span class='ocrx_word' id='word_1_137' title='bbox 2662 684 2789 743; x_wconf 91' lang='lat' dir='ltr'>dies</span> <span class='ocrx_word' id='word_1_138' title='bbox 2816 694 2960 744; x_wconf 88' lang='lat' dir='ltr'>eunt</span> <span class='ocrx_word' id='word_1_139' title='bbox 2983 688 3142 756; x_wconf 78' lang='grc'>1290,</span> <span class='ocrx_word' id='word_1_140' title='bbox 3179 684 3465 743; x_wconf 80' lang='lat' dir='ltr'>nimirum</span> <span class='ocrx_word' id='word_1_141' title='bbox 3509 689 3648 743; x_wconf 89' lang='lat' dir='ltr'>anni</span> <span class='ocrx_word' id='word_1_142' title='bbox 3681 692 3709 744; x_wconf 87' lang='lat'>3</span> <span class='ocrx_word' id='word_1_143' title='bbox 3743 707 3792 748; x_wconf 91' lang='lat' dir='ltr'>s.</span> 
     </span>
    </p>
   </div>
   <div class='ocr_carea' id='block_1_21' title="bbox 2142 775 3796 845">
    <p class='ocr_par' dir='ltr' id='par_1_21' title="bbox 2142 775 3796 845">
     <span class='ocr_line' id='line_1_21' title="bbox 2142 775 3796 845; baseline 0.002 -13"><span class='ocrx_word' id='word_1_144' title='bbox 2142 775 2366 835; x_wconf 81' lang='lat' dir='ltr'>Deinde</span> <span class='ocrx_word' id='word_1_145' title='bbox 2390 778 2684 845; x_wconf 82' lang='lat' dir='ltr'>malorum</span> <span class='ocrx_word' id='word_1_146' title='bbox 2714 777 2961 833; x_wconf 86' lang='lat' dir='ltr'>istorum</span> <span class='ocrx_word' id='word_1_147' title='bbox 2987 778 3167 833; x_wconf 81' lang='lat' dir='ltr'>tinem</span> <span class='ocrx_word' id='word_1_148' title='bbox 3194 777 3320 834; x_wconf 86' lang='lat' dir='ltr'>fore</span> <span class='ocrx_word' id='word_1_149' title='bbox 3343 777 3555 834; x_wconf 81' lang='lat' dir='ltr'>infert:</span> <span class='ocrx_word' id='word_1_150' title='bbox 3583 777 3796 835; x_wconf 89' lang='lat' dir='ltr'>Beatus</span> 
     </span>
    </p>
   </div>
   <div class='ocr_carea' id='block_1_22' title="bbox 2141 864 3797 941">
    <p class='ocr_par' dir='ltr' id='par_1_22' title="bbox 2141 864 3797 941">
     <span class='ocr_line' id='line_1_22' title="bbox 2141 864 3797 941; baseline 0.002 -19"><span class='ocrx_word' id='word_1_151' title='bbox 2141 868 2237 939; x_wconf 87' lang='lat' dir='ltr'>qui</span> <span class='ocrx_word' id='word_1_152' title='bbox 2266 868 2489 939; x_wconf 80' lang='lat' dir='ltr'>perfert</span> <span class='ocrx_word' id='word_1_153' title='bbox 2509 871 2567 924; x_wconf 89' lang='lat' dir='ltr'>et</span> <span class='ocrx_word' id='word_1_154' title='bbox 2586 864 3042 941; x_wconf 87' lang='lat' dir='ltr'>sustinetusque</span> <span class='ocrx_word' id='word_1_155' title='bbox 3068 868 3222 925; x_wconf 74' lang='lat'>406</span> <span class='ocrx_word' id='word_1_156' title='bbox 3253 866 3326 924; x_wconf 87' lang='lat' dir='ltr'>ad</span> <span class='ocrx_word' id='word_1_157' title='bbox 3350 867 3477 923; x_wconf 83' lang='lat' dir='ltr'>dies</span> <span class='ocrx_word' id='word_1_158' title='bbox 3506 870 3662 935; x_wconf 80' lang='lat' dir='ltr'>i335,</span> <span class='ocrx_word' id='word_1_159' title='bbox 3697 869 3797 925; x_wconf 89' lang='lat' dir='ltr'>ad-</span> 
     </span>
    </p>
   </div>
   <div class='ocr_carea' id='block_1_23' title="bbox 2138 952 3793 1030">
    <p class='ocr_par' dir='ltr' id='par_1_23' title="bbox 2138 952 3793 1030">
     <span class='ocr_line' id='line_1_23' title="bbox 2138 952 3793 1030; baseline 0.002 -19"><span class='ocrx_word' id='word_1_160' title='bbox 2138 954 2286 1011; x_wconf 86' lang='lat' dir='ltr'>dens</span> <span class='ocrx_word' id='word_1_161' title='bbox 2318 952 2617 1030; x_wconf 80' lang='lat' dir='ltr'>prioribus</span> <span class='ocrx_word' id='word_1_162' title='bbox 2636 952 2761 1012; x_wconf 87' lang='lat' dir='ltr'>dies</span> <span class='ocrx_word' id='word_1_163' title='bbox 2793 958 2858 1013; x_wconf 71' lang='grc'>45</span> <span class='ocrx_word' id='word_1_164' title='bbox 2886 972 3055 1013; x_wconf 88' lang='lat' dir='ltr'>:nam</span> <span class='ocrx_word' id='word_1_165' title='bbox 3090 974 3294 1014; x_wconf 85' lang='lat' dir='ltr'>mense</span> <span class='ocrx_word' id='word_1_166' title='bbox 3314 961 3436 1012; x_wconf 88' lang='lat' dir='ltr'>toto</span> <span class='ocrx_word' id='word_1_167' title='bbox 3469 956 3793 1014; x_wconf 88' lang='lat' dir='ltr'>etdimidio</span> 
     </span>
    </p>
   </div>
   <div class='ocr_carea' id='block_1_24' title="bbox 2140 1042 3797 1119">
    <p class='ocr_par' dir='ltr' id='par_1_24' title="bbox 2140 1042 3797 1119">
     <span class='ocr_line' id='line_1_24' title="bbox 2140 1042 3797 1119; baseline 0.002 -20"><span class='ocrx_word' id='word_1_168' title='bbox 2140 1048 2343 1100; x_wconf 83' lang='lat' dir='ltr'>exacto</span> <span class='ocrx_word' id='word_1_169' title='bbox 2403 1063 2598 1119; x_wconf 77' lang='lat' dir='ltr'>pugna</span> <span class='ocrx_word' id='word_1_170' title='bbox 2664 1051 2753 1102; x_wconf 90' lang='lat' dir='ltr'>est</span> <span class='ocrx_word' id='word_1_171' title='bbox 2801 1046 3121 1102; x_wconf 87' lang='lat' dir='ltr'>commissa</span> <span class='ocrx_word' id='word_1_172' title='bbox 3179 1044 3488 1118; x_wconf 88' lang='lat' dir='ltr'>solidaque</span> <span class='ocrx_word' id='word_1_173' title='bbox 3552 1042 3797 1103; x_wconf 82' lang='lat' dir='ltr'>victoria</span> 
     </span>
    </p>
   </div>
   <div class='ocr_carea' id='block_1_25' title="bbox 2138 1132 3789 1207">
    <p class='ocr_par' dir='ltr' id='par_1_25' title="bbox 2138 1132 3789 1207">
     <span class='ocr_line' id='line_1_25' title="bbox 2138 1132 3789 1207; baseline 0.002 -19"><span class='ocrx_word' id='word_1_174' title='bbox 2138 1138 2307 1207; x_wconf 85' lang='lat' dir='ltr'>parta</span> <span class='ocrx_word' id='word_1_175' title='bbox 2357 1138 2417 1189; x_wconf 90' lang='lat' dir='ltr'>et</span> <span class='ocrx_word' id='word_1_176' title='bbox 2461 1135 2739 1190; x_wconf 90' lang='lat' dir='ltr'>omnibus</span> <span class='ocrx_word' id='word_1_177' title='bbox 2787 1135 2960 1190; x_wconf 88' lang='lat' dir='ltr'>malis</span> <span class='ocrx_word' id='word_1_178' title='bbox 3014 1151 3254 1207; x_wconf 85' lang='lat' dir='ltr'>prorsus</span> <span class='ocrx_word' id='word_1_179' title='bbox 3297 1132 3531 1191; x_wconf 76' lang='lat' dir='ltr'>liberati</span> <span class='ocrx_word' id='word_1_180' title='bbox 3579 1135 3789 1191; x_wconf 82' lang='lat' dir='ltr'>Judaei.</span> 
     </span>
    </p>
   </div>
   <div class='ocr_carea' id='block_1_26' title="bbox 2139 1224 3784 1300">
    <p class='ocr_par' dir='ltr' id='par_1_26' title="bbox 2139 1224 3784 1300">
     <span class='ocr_line' id='line_1_26' title="bbox 2139 1224 3784 1300; baseline 0.001 -21"><span class='ocrx_word' id='word_1_181' title='bbox 2139 1224 2349 1282; x_wconf 85' lang='lat' dir='ltr'>Dicens</span> <span class='ocrx_word' id='word_1_182' title='bbox 2365 1224 2546 1294; x_wconf 90' lang='lat' dir='ltr'>enim,</span> <span class='ocrx_word' id='word_1_183' title='bbox 2562 1227 2773 1282; x_wconf 87' lang='lat' dir='ltr'>Beatus</span> <span class='ocrx_word' id='word_1_184' title='bbox 2788 1227 2885 1299; x_wconf 89' lang='lat' dir='ltr'>qui</span> <span class='ocrx_word' id='word_1_185' title='bbox 2907 1226 3125 1300; x_wconf 85' lang='lat' dir='ltr'>perfert</span> <span class='ocrx_word' id='word_1_186' title='bbox 3141 1232 3197 1283; x_wconf 90' lang='lat' dir='ltr'>et</span> <span class='ocrx_word' id='word_1_187' title='bbox 3214 1224 3468 1283; x_wconf 86' lang='lat' dir='ltr'>sustinet</span> <span class='ocrx_word' id='word_1_188' title='bbox 3483 1227 3609 1283; x_wconf 90' lang='lat' dir='ltr'>dies</span> <span class='ocrx_word' id='word_1_189' title='bbox 3630 1229 3784 1297; x_wconf 82' lang='lat' dir='ltr'>i335,</span> 
     </span>
    </p>
   </div>
   <div class='ocr_carea' id='block_1_27' title="bbox 2137 1310 3790 1389">
    <p class='ocr_par' dir='ltr' id='par_1_27' title="bbox 2137 1310 3790 1389">
     <span class='ocr_line' id='line_1_27' title="bbox 2137 1310 3790 1389; baseline 0.001 -21"><span class='ocrx_word' id='word_1_190' title='bbox 2137 1310 2552 1370; x_wconf 78' lang='lat' dir='ltr'>liberationem</span> <span class='ocrx_word' id='word_1_191' title='bbox 2577 1332 2610 1370; x_wconf 90' lang='lat' dir='ltr'>a</span> <span class='ocrx_word' id='word_1_192' title='bbox 2633 1314 2805 1371; x_wconf 85' lang='lat' dir='ltr'>malis</span> <span class='ocrx_word' id='word_1_193' title='bbox 2827 1317 3164 1371; x_wconf 84' lang='lat' dir='ltr'>declaravit.</span> <span class='ocrx_word' id='word_1_194' title='bbox 3200 1319 3397 1387; x_wconf 86' lang='lat' dir='ltr'>Neque</span> <span class='ocrx_word' id='word_1_195' title='bbox 3432 1316 3790 1389; x_wconf 81' lang='lat' dir='ltr'>simpliciter</span> 
     </span>
    </p>
   </div>
   <div class='ocr_carea' id='block_1_28' title="bbox 2137 1404 3794 1479">
    <p class='ocr_par' dir='ltr' id='par_1_28' title="bbox 2137 1404 3794 1479">
     <span class='ocr_line' id='line_1_28' title="bbox 2137 1404 3794 1479; baseline 0.002 -21"><span class='ocrx_word' id='word_1_196' title='bbox 2137 1418 2272 1459; x_wconf 89' lang='lat' dir='ltr'>eum</span> <span class='ocrx_word' id='word_1_197' title='bbox 2308 1410 2472 1460; x_wconf 86' lang='lat' dir='ltr'>vocat</span> <span class='ocrx_word' id='word_1_198' title='bbox 2502 1404 2738 1461; x_wconf 88' lang='lat' dir='ltr'>beatum</span> <span class='ocrx_word' id='word_1_199' title='bbox 2768 1406 2867 1479; x_wconf 88' lang='lat' dir='ltr'>qui</span> <span class='ocrx_word' id='word_1_200' title='bbox 2900 1404 2972 1462; x_wconf 88' lang='lat' dir='ltr'>ad</span> <span class='ocrx_word' id='word_1_201' title='bbox 2997 1420 3131 1462; x_wconf 90' lang='lat' dir='ltr'>eum</span> <span class='ocrx_word' id='word_1_202' title='bbox 3154 1422 3343 1477; x_wconf 84' lang='lat' dir='ltr'>usque</span> <span class='ocrx_word' id='word_1_203' title='bbox 3362 1404 3516 1461; x_wconf 90' lang='lat' dir='ltr'>diem</span> <span class='ocrx_word' id='word_1_204' title='bbox 3543 1406 3794 1479; x_wconf 82' lang='lat' dir='ltr'>pertige-</span> 
     </span>
    </p>
   </div>
   <div class='ocr_carea' id='block_1_29' title="bbox 2135 1490 3793 1567">
    <p class='ocr_par' dir='ltr' id='par_1_29' title="bbox 2135 1490 3793 1567">
     <span class='ocr_line' id='line_1_29' title="bbox 2135 1490 3793 1567; baseline 0.002 -21"><span class='ocrx_word' id='word_1_205' title='bbox 2135 1490 2231 1547; x_wconf 90' lang='lat' dir='ltr'>rit.</span> <span class='ocrx_word' id='word_1_206' title='bbox 2267 1492 2411 1548; x_wconf 88' lang='lat' dir='ltr'>Nam</span> <span class='ocrx_word' id='word_1_207' title='bbox 2442 1492 2615 1549; x_wconf 88' lang='lat' dir='ltr'>multi</span> <span class='ocrx_word' id='word_1_208' title='bbox 2645 1495 2824 1549; x_wconf 85' lang='lat' dir='ltr'>etiam</span> <span class='ocrx_word' id='word_1_209' title='bbox 2856 1493 3026 1567; x_wconf 89' lang='lat' dir='ltr'>impii</span> <span class='ocrx_word' id='word_1_210' title='bbox 3074 1495 3464 1551; x_wconf 80' lang='lat' dir='ltr'>mutationem</span> <span class='ocrx_word' id='word_1_211' title='bbox 3509 1496 3684 1550; x_wconf 86' lang='lat' dir='ltr'>istam</span> <span class='ocrx_word' id='word_1_212' title='bbox 3713 1494 3793 1549; x_wconf 88' lang='lat' dir='ltr'>vi-</span> 
     </span>
    </p>
   </div>
   <div class='ocr_carea' id='block_1_30' title="bbox 2135 1577 3792 1655">
    <p class='ocr_par' dir='ltr' id='par_1_30' title="bbox 2135 1577 3792 1655">
     <span class='ocr_line' id='line_1_30' title="bbox 2135 1577 3792 1655; baseline 0.002 -20"><span class='ocrx_word' id='word_1_213' title='bbox 2135 1577 2351 1636; x_wconf 82' lang='lat' dir='ltr'>derunt</span> <span class='ocrx_word' id='word_1_214' title='bbox 2377 1596 2390 1649; x_wconf 75' lang='grc' dir='ltr'>ς</span> <span class='ocrx_word' id='word_1_215' title='bbox 2423 1598 2616 1655; x_wconf 89' lang='lat' dir='ltr'>neque</span> <span class='ocrx_word' id='word_1_216' title='bbox 2643 1589 2838 1639; x_wconf 85' lang='lat' dir='ltr'>tamen</span> <span class='ocrx_word' id='word_1_217' title='bbox 2866 1600 2965 1639; x_wconf 87' lang='lat' dir='ltr'>eos</span> <span class='ocrx_word' id='word_1_218' title='bbox 2986 1584 3191 1640; x_wconf 86' lang='lat' dir='ltr'>felices</span> <span class='ocrx_word' id='word_1_219' title='bbox 3209 1584 3374 1654; x_wconf 89' lang='lat' dir='ltr'>dicit,</span> <span class='ocrx_word' id='word_1_220' title='bbox 3408 1583 3512 1640; x_wconf 90' lang='lat' dir='ltr'>sed</span> <span class='ocrx_word' id='word_1_221' title='bbox 3537 1601 3637 1640; x_wconf 91' lang='lat' dir='ltr'>eos</span> <span class='ocrx_word' id='word_1_222' title='bbox 3657 1590 3792 1640; x_wconf 81' lang='lat' dir='ltr'>tan-</span> 
     </span>
    </p>
   </div>
   <div class='ocr_carea' id='block_1_31' title="bbox 2135 1670 3790 1745">
    <p class='ocr_par' dir='ltr' id='par_1_31' title="bbox 2135 1670 3790 1745">
     <span class='ocr_line' id='line_1_31' title="bbox 2135 1670 3790 1745; baseline 0.002 -20"><span class='ocrx_word' id='word_1_223' title='bbox 2135 1676 2260 1726; x_wconf 92' lang='lat' dir='ltr'>tum</span> <span class='ocrx_word' id='word_1_224' title='bbox 2289 1670 2389 1741; x_wconf 90' lang='lat' dir='ltr'>qui</span> <span class='ocrx_word' id='word_1_225' title='bbox 2421 1671 2483 1727; x_wconf 91' lang='lat' dir='ltr'>in</span> <span class='ocrx_word' id='word_1_226' title='bbox 2505 1673 2636 1727; x_wconf 83' lang='lat' dir='ltr'>istis</span> <span class='ocrx_word' id='word_1_227' title='bbox 2666 1670 3107 1729; x_wconf 81' lang='lat' dir='ltr'>calamitatibus</span> <span class='ocrx_word' id='word_1_228' title='bbox 3132 1674 3422 1745; x_wconf 87' lang='lat' dir='ltr'>patientia</span> <span class='ocrx_word' id='word_1_229' title='bbox 3464 1673 3556 1729; x_wconf 88' lang='lat' dir='ltr'>usi</span> <span class='ocrx_word' id='word_1_230' title='bbox 3599 1672 3790 1745; x_wconf 78' lang='lat' dir='ltr'>pieta-</span> 
     </span>
    </p>
   </div>
   <div class='ocr_carea' id='block_1_32' title="bbox 2137 1760 3789 1835">
    <p class='ocr_par' dir='ltr' id='par_1_32' title="bbox 2137 1760 3789 1835">
     <span class='ocr_line' id='line_1_32' title="bbox 2137 1760 3789 1835; baseline 0.002 -21"><span class='ocrx_word' id='word_1_231' title='bbox 2137 1765 2254 1815; x_wconf 87' lang='lat' dir='ltr'>tem</span> <span class='ocrx_word' id='word_1_232' title='bbox 2285 1774 2406 1816; x_wconf 89' lang='lat' dir='ltr'>non</span> <span class='ocrx_word' id='word_1_233' title='bbox 2436 1760 2850 1835; x_wconf 86' lang='lat' dir='ltr'>prodiderunt,</span> <span class='ocrx_word' id='word_1_234' title='bbox 2895 1767 3073 1833; x_wconf 87' lang='lat' dir='ltr'>atque</span> <span class='ocrx_word' id='word_1_235' title='bbox 3114 1767 3256 1817; x_wconf 89' lang='lat' dir='ltr'>tunc</span> <span class='ocrx_word' id='word_1_236' title='bbox 3305 1761 3592 1817; x_wconf 86' lang='lat' dir='ltr'>sublevati</span> <span class='ocrx_word' id='word_1_237' title='bbox 3626 1767 3789 1819; x_wconf 90' lang='lat' dir='ltr'>sunt.</span> 
     </span>
    </p>
   </div>
   <div class='ocr_carea' id='block_1_33' title="bbox 2135 1846 3363 1924">
    <p class='ocr_par' dir='ltr' id='par_1_33' title="bbox 2135 1846 3363 1924">
     <span class='ocr_line' id='line_1_33' title="bbox 2135 1846 3363 1924; baseline 0.002 -21"><span class='ocrx_word' id='word_1_238' title='bbox 2135 1846 2313 1904; x_wconf 85' lang='lat' dir='ltr'>Hisne</span> <span class='ocrx_word' id='word_1_239' title='bbox 2343 1848 2571 1922; x_wconf 87' lang='lat' dir='ltr'>aliquid</span> <span class='ocrx_word' id='word_1_240' title='bbox 2604 1850 2933 1907; x_wconf 88' lang='lat' dir='ltr'>evidentius</span> <span class='ocrx_word' id='word_1_241' title='bbox 2965 1850 3083 1906; x_wconf 89' lang='lat' dir='ltr'>dici</span> <span class='ocrx_word' id='word_1_242' title='bbox 3116 1851 3363 1924; x_wconf 87' lang='lat' dir='ltr'>potest?</span> 
     </span>
    </p>
   </div>
   <div class='ocr_carea' id='block_1_34' title="bbox 360 1928 3786 2012">
    <p class='ocr_par' dir='ltr' id='par_1_34' title="bbox 360 1928 3786 2012">
     <span class='ocr_line' id='line_1_34' title="bbox 360 1928 3786 2012; baseline -0 -21"><span class='ocrx_word' id='word_1_243' title='bbox 360 1933 559 2007; x_wconf 75' lang='grc' dir='ltr'>ἐπειδὴ</span> <span class='ocrx_word' id='word_1_244' title='bbox 590 1937 641 1991; x_wconf 85' lang='grc' dir='ltr'>έν</span> <span class='ocrx_word' id='word_1_245' title='bbox 678 1935 808 2011; x_wconf 77' lang='grc' dir='ltr'>μηνέ</span> <span class='ocrx_word' id='word_1_246' title='bbox 840 1942 929 1990; x_wconf 76' lang='grc' dir='ltr'>καὶ</span> <span class='ocrx_word' id='word_1_247' title='bbox 960 1934 1137 2009; x_wconf 70' lang='grc' dir='ltr'>μισυ</span> <span class='ocrx_word' id='word_1_248' title='bbox 1174 1936 1345 2008; x_wconf 71' lang='grc' dir='ltr'>μηνὸς</span> <span class='ocrx_word' id='word_1_249' title='bbox 1376 1937 1474 2005; x_wconf 72' lang='grc' dir='ltr'>τὴν</span> <span class='ocrx_word' id='word_1_250' title='bbox 1508 1929 1797 2010; x_wconf 72' lang='grc' dir='ltr'>συμϐολὴν</span> <span class='ocrx_word' id='word_1_251' title='bbox 1831 1928 2023 2007; x_wconf 80' lang='grc' dir='ltr'>συνέϐη</span> <span class='ocrx_word' id='word_1_252' title='bbox 2055 1936 2320 2010; x_wconf 83' lang='grc' dir='ltr'>γενέσθαι,</span> <span class='ocrx_word' id='word_1_253' title='bbox 2355 1932 2406 1991; x_wconf 78' lang='grc' dir='ltr'>ἐν</span> <span class='ocrx_word' id='word_1_254' title='bbox 2505 1934 2697 2012; x_wconf 77' lang='grc' dir='ltr'>γέγονε</span> <span class='ocrx_word' id='word_1_255' title='bbox 2724 1936 2935 2012; x_wconf 64' lang='grc' dir='ltr'>καθαρὰ</span> <span class='ocrx_word' id='word_1_256' title='bbox 2964 1939 2998 2006; x_wconf 78' lang='grc' dir='ltr'>ἡ</span> <span class='ocrx_word' id='word_1_257' title='bbox 3029 1936 3149 2007; x_wconf 77' lang='grc' dir='ltr'>νῖκη</span> <span class='ocrx_word' id='word_1_258' title='bbox 3183 1937 3273 1991; x_wconf 69' lang='grc' dir='ltr'>καὶ</span> <span class='ocrx_word' id='word_1_259' title='bbox 3305 1938 3339 2006; x_wconf 75' lang='grc' dir='ltr'>ἡ</span> <span class='ocrx_word' id='word_1_260' title='bbox 3373 1934 3645 2006; x_wconf 70' lang='grc' dir='ltr'>παντελὴς</span> <span class='ocrx_word' id='word_1_261' title='bbox 3676 1941 3786 1991; x_wconf 77' lang='grc' dir='ltr'>τῶν</span> 
     </span>
    </p>
   </div>
   <div class='ocr_carea' id='block_1_35' title="bbox 354 2021 3786 2107">
    <p class='ocr_par' dir='ltr' id='par_1_35' title="bbox 354 2021 3786 2107">
     <span class='ocr_line' id='line_1_35' title="bbox 354 2021 3786 2107; baseline -0.001 -25"><span class='ocrx_word' id='word_1_262' title='bbox 354 2027 722 2100; x_wconf 73' lang='grc' dir='ltr'>ἐπικειμένων</span> <span class='ocrx_word' id='word_1_263' title='bbox 754 2028 934 2080; x_wconf 79' lang='grc' dir='ltr'>κακῶν</span> <span class='ocrx_word' id='word_1_264' title='bbox 963 2022 1282 2103; x_wconf 73' lang='grc' dir='ltr'>ἀπαλλαγή.</span> <span class='ocrx_word' id='word_1_265' title='bbox 1315 2022 1500 2081; x_wconf 57' lang='lat' dir='ltr'>Einth</span> <span class='ocrx_word' id='word_1_266' title='bbox 1537 2023 1665 2101; x_wconf 77' lang='grc' dir='ltr'>γὰρ,</span> <span class='ocrx_word' id='word_1_267' title='bbox 1700 2024 1975 2101; x_wconf 68' lang='grc' dir='ltr'>Μακάριος</span> <span class='ocrx_word' id='word_1_268' title='bbox 2007 2025 2035 2080; x_wconf 98' lang='lat'>6</span> <span class='ocrx_word' id='word_1_269' title='bbox 2067 2024 2366 2097; x_wconf 70' lang='grc' dir='ltr'>ὑπομείνας</span> <span class='ocrx_word' id='word_1_270' title='bbox 2392 2024 2481 2081; x_wconf 73' lang='grc' dir='ltr'>καὶ</span> <span class='ocrx_word' id='word_1_271' title='bbox 2514 2026 2717 2107; x_wconf 70' lang='grc' dir='ltr'>φθάσας</span> <span class='ocrx_word' id='word_1_272' title='bbox 2752 2025 2829 2088; x_wconf 79' lang='grc' dir='ltr'>εἷς</span> <span class='ocrx_word' id='word_1_273' title='bbox 2860 2024 3075 2101; x_wconf 78' lang='grc' dir='ltr'>ἡμέρας</span> <span class='ocrx_word' id='word_1_274' title='bbox 3127 2023 3289 2099; x_wconf 79' lang='grc' dir='ltr'>ατλε’,</span> <span class='ocrx_word' id='word_1_275' title='bbox 3321 2027 3420 2093; x_wconf 71' lang='grc' dir='ltr'>τήν</span> <span class='ocrx_word' id='word_1_276' title='bbox 3456 2021 3786 2102; x_wconf 71' lang='grc' dir='ltr'>ἀπαλλαγὴν</span> 
     </span>
    </p>
   </div>
   <div class='ocr_carea' id='block_1_36' title="bbox 353 2108 3791 2195">
    <p class='ocr_par' dir='ltr' id='par_1_36' title="bbox 353 2108 3791 2195">
     <span class='ocr_line' id='line_1_36' title="bbox 353 2108 3791 2195; baseline -0.001 -24"><span class='ocrx_word' id='word_1_277' title='bbox 353 2113 632 2185; x_wconf 76' lang='grc' dir='ltr'>ἐδήλωσε.</span> <span class='ocrx_word' id='word_1_278' title='bbox 669 2114 768 2169; x_wconf 82' lang='grc' dir='ltr'>Καὶ</span> <span class='ocrx_word' id='word_1_279' title='bbox 809 2113 923 2190; x_wconf 79' lang='grc' dir='ltr'>οὐχ</span> <span class='ocrx_word' id='word_1_280' title='bbox 946 2110 1137 2178; x_wconf 76' lang='grc' dir='ltr'>ἁπλῶς</span> <span class='ocrx_word' id='word_1_281' title='bbox 1178 2114 1339 2169; x_wconf 76' lang='grc' dir='ltr'>εἶπεν·</span> <span class='ocrx_word' id='word_1_282' title='bbox 1374 2113 1434 2172; x_wconf 77' lang='grc' dir='ltr'><em>Ὀ</em></span> <span class='ocrx_word' id='word_1_283' title='bbox 1465 2114 1689 2195; x_wconf 74' lang='grc' dir='ltr'>φθάσας.</span> <span class='ocrx_word' id='word_1_284' title='bbox 1735 2110 1964 2184; x_wconf 72' lang='grc' dir='ltr'>Ἐπειδὴ</span> <span class='ocrx_word' id='word_1_285' title='bbox 2010 2114 2111 2190; x_wconf 70' lang='grc' dir='ltr'>γὰρ</span> <span class='ocrx_word' id='word_1_286' title='bbox 2152 2111 2361 2169; x_wconf 74' lang='grc' dir='ltr'>πολλοὶ</span> <span class='ocrx_word' id='word_1_287' title='bbox 2405 2119 2512 2169; x_wconf 75' lang='grc' dir='ltr'>τῶν</span> <span class='ocrx_word' id='word_1_288' title='bbox 2567 2108 2950 2185; x_wconf 60' lang='grc' dir='ltr'>ἀσεϐησάντων</span> <span class='ocrx_word' id='word_1_289' title='bbox 2995 2113 3137 2169; x_wconf 75' lang='grc' dir='ltr'>εἶδον</span> <span class='ocrx_word' id='word_1_290' title='bbox 3171 2113 3270 2183; x_wconf 74' lang='grc' dir='ltr'>τὴν</span> <span class='ocrx_word' id='word_1_291' title='bbox 3317 2109 3652 2188; x_wconf 69' lang='grc' dir='ltr'>μεταϐολὴν,</span> <span class='ocrx_word' id='word_1_292' title='bbox 3686 2113 3791 2169; x_wconf 79' lang='grc' dir='ltr'>οὐκ</span> 
     </span>
    </p>
   </div>
   <div class='ocr_carea' id='block_1_37' title="bbox 354 2196 3786 2278">
    <p class='ocr_par' dir='ltr' id='par_1_37' title="bbox 354 2196 3786 2278">
     <span class='ocr_line' id='line_1_37' title="bbox 354 2196 3786 2278; baseline -0.002 -17"><span class='ocrx_word' id='word_1_293' title='bbox 354 2204 603 2267; x_wconf 76' lang='grc' dir='ltr'>ἐκείνους</span> <span class='ocrx_word' id='word_1_294' title='bbox 637 2203 947 2278; x_wconf 75' lang='grc' dir='ltr'>μακαρίζει,</span> <span class='ocrx_word' id='word_1_295' title='bbox 980 2201 1125 2259; x_wconf 78' lang='grc' dir='ltr'>ἀλλὰ</span> <span class='ocrx_word' id='word_1_296' title='bbox 1153 2200 1279 2266; x_wconf 69' lang='grc' dir='ltr'>τοὺς</span> <span class='ocrx_word' id='word_1_297' title='bbox 1308 2203 1363 2257; x_wconf 82' lang='grc' dir='ltr'>ἐν</span> <span class='ocrx_word' id='word_1_298' title='bbox 1390 2207 1508 2265; x_wconf 84' lang='grc' dir='ltr'>τοῖς</span> <span class='ocrx_word' id='word_1_299' title='bbox 1535 2205 1745 2278; x_wconf 79' lang='grc' dir='ltr'>καιροῖς</span> <span class='ocrx_word' id='word_1_300' title='bbox 1774 2205 1881 2256; x_wconf 80' lang='grc' dir='ltr'>τῶν</span> <span class='ocrx_word' id='word_1_301' title='bbox 1922 2206 2104 2257; x_wconf 85' lang='grc' dir='ltr'>κακῶν</span> <span class='ocrx_word' id='word_1_302' title='bbox 2137 2202 2534 2277; x_wconf 74' lang='grc' dir='ltr'>ὑπομείναντας</span> <span class='ocrx_word' id='word_1_303' title='bbox 2564 2201 2654 2258; x_wconf 76' lang='grc' dir='ltr'>καὶ</span> <span class='ocrx_word' id='word_1_304' title='bbox 2690 2203 2764 2275; x_wconf 73' lang='grc' dir='ltr'>μὴ</span> <span class='ocrx_word' id='word_1_305' title='bbox 2800 2200 3100 2278; x_wconf 78' lang='grc' dir='ltr'>προδόντας</span> <span class='ocrx_word' id='word_1_306' title='bbox 3128 2203 3228 2274; x_wconf 73' lang='grc' dir='ltr'>τὴν</span> <span class='ocrx_word' id='word_1_307' title='bbox 3259 2196 3531 2257; x_wconf 79' lang='grc' dir='ltr'>εὐσέϐειαν</span> <span class='ocrx_word' id='word_1_308' title='bbox 3561 2200 3651 2257; x_wconf 75' lang='grc' dir='ltr'>καὶ</span> <span class='ocrx_word' id='word_1_309' title='bbox 3684 2207 3786 2271; x_wconf 77' lang='grc' dir='ltr'>τῆς</span> 
     </span>
    </p>
   </div>
   <div class='ocr_carea' id='block_1_38' title="bbox 1538 2289 1557 2323">
    <p class='ocr_par' dir='ltr' id='par_1_38' title="bbox 1538 2289 1557 2323">
     <span class='ocr_line' id='line_1_38' title="bbox 1538 2289 1557 2323; baseline 0 0"><span class='ocrx_word' id='word_1_310' title='bbox 1538 2289 1557 2323; x_wconf 76' lang='grc' dir='ltr'>ι</span> 
     </span>
    </p>
   </div>
   <div class='ocr_carea' id='block_1_39' title="bbox 354 2286 2105 2368">
    <p class='ocr_par' dir='ltr' id='par_1_39' title="bbox 354 2286 2105 2368">
     <span class='ocr_line' id='line_1_39' title="bbox 354 2286 2105 2368; baseline -0.002 -19"><span class='ocrx_word' id='word_1_311' title='bbox 354 2295 590 2355; x_wconf 76' lang='grc' dir='ltr'>ἀνέσεως</span> <span class='ocrx_word' id='word_1_312' title='bbox 620 2293 912 2368; x_wconf 76' lang='grc' dir='ltr'>τυχόντας.</span> <span class='ocrx_word' id='word_1_313' title='bbox 942 2292 1082 2368; x_wconf 75' lang='grc' dir='ltr'>Ἀρά</span> <span class='ocrx_word' id='word_1_314' title='bbox 1105 2314 1157 2349; x_wconf 91' lang='grc' dir='ltr'>τι</span> <span class='ocrx_word' id='word_1_315' title='bbox 1185 2291 1394 2348; x_wconf 76' lang='grc' dir='ltr'>τούτων</span> <span class='ocrx_word' id='word_1_316' title='bbox 1426 2289 1748 2367; x_wconf 74' lang='grc' dir='ltr'>σαφέστερον</span> <span class='ocrx_word' id='word_1_317' title='bbox 1775 2286 1973 2368; x_wconf 78' lang='grc' dir='ltr'>γένοιτ’</span> <span class='ocrx_word' id='word_1_318' title='bbox 2004 2291 2066 2346; x_wconf 83' lang='grc' dir='ltr'>’ἀν</span> <span class='ocrx_word' id='word_1_319' title='bbox 2091 2311 2105 2361; x_wconf 89' lang='lat'><strong>;</strong></span> 
     </span>
    </p>
   </div>
   <div class='ocr_carea' id='block_1_40' title="bbox 424 2376 2096 2459">
    <p class='ocr_par' dir='ltr' id='par_1_40' title="bbox 424 2376 2096 2459">
     <span class='ocr_line' id='line_1_40' title="bbox 424 2376 2096 2459; baseline -0.004 -21"><span class='ocrx_word' id='word_1_320' title='bbox 424 2386 569 2459; x_wconf 74' lang='grc' dir='ltr'>’Ὦρα</span> <span class='ocrx_word' id='word_1_321' title='bbox 602 2379 670 2452; x_wconf 75' lang='grc' dir='ltr'>δὴ</span> <span class='ocrx_word' id='word_1_322' title='bbox 705 2382 899 2440; x_wconf 81' lang='grc' dir='ltr'>λοιπὸν</span> <span class='ocrx_word' id='word_1_323' title='bbox 949 2376 1036 2437; x_wconf 76' lang='grc' dir='ltr'>ἐπὶ</span> <span class='ocrx_word' id='word_1_324' title='bbox 1094 2381 1156 2437; x_wconf 84' lang='grc' dir='ltr'>τὸ</span> <span class='ocrx_word' id='word_1_325' title='bbox 1216 2382 1556 2455; x_wconf 67' lang='grc' dir='ltr'>ζητούμενον</span> <span class='ocrx_word' id='word_1_326' title='bbox 1597 2381 1769 2438; x_wconf 78' lang='grc' dir='ltr'>ἐλθεῖν</span> <span class='ocrx_word' id='word_1_327' title='bbox 1802 2379 1891 2436; x_wconf 77' lang='grc' dir='ltr'>καὶ</span> <span class='ocrx_word' id='word_1_328' title='bbox 1922 2380 2021 2449; x_wconf 74' lang='grc' dir='ltr'>τήν</span> <span class='ocrx_word' id='word_1_329' title='bbox 2055 2386 2096 2449; x_wconf 72' lang='grc' dir='ltr'>Β</span> 
     </span>
    </p>
   </div>
   <div class='ocr_carea' id='block_1_41' title="bbox 350 2466 2017 2548">
    <p class='ocr_par' dir='ltr' id='par_1_41' title="bbox 350 2466 2017 2548">
     <span class='ocr_line' id='line_1_41' title="bbox 350 2466 2017 2548; baseline -0.003 -19"><span class='ocrx_word' id='word_1_330' title='bbox 350 2476 644 2548; x_wconf 76' lang='grc' dir='ltr'>παροῦσαν</span> <span class='ocrx_word' id='word_1_331' title='bbox 700 2469 1088 2546; x_wconf 75' lang='grc' dir='ltr'>αἷχμαλωσίαν</span> <span class='ocrx_word' id='word_1_332' title='bbox 1148 2470 1238 2525; x_wconf 79' lang='grc' dir='ltr'>καὶ</span> <span class='ocrx_word' id='word_1_333' title='bbox 1318 2467 1596 2541; x_wconf 77' lang='grc' dir='ltr'>δουλείαν,</span> <span class='ocrx_word' id='word_1_334' title='bbox 1655 2467 1725 2526; x_wconf 83' lang='grc' dir='ltr'>δι’</span> <span class='ocrx_word' id='word_1_335' title='bbox 1806 2468 1873 2539; x_wconf 72' lang='grc' dir='ltr'>ἦν</span> <span class='ocrx_word' id='word_1_336' title='bbox 1930 2466 2017 2524; x_wconf 72' lang='grc' dir='ltr'>καὶ</span> 
     </span>
    </p>
   </div>
   <div class='ocr_carea' id='block_1_42' title="bbox 349 2558 2022 2635">
    <p class='ocr_par' dir='ltr' id='par_1_42' title="bbox 349 2558 2022 2635">
     <span class='ocr_line' id='line_1_42' title="bbox 349 2558 2022 2635; baseline -0.004 -16"><span class='ocrx_word' id='word_1_337' title='bbox 349 2560 535 2619; x_wconf 68' lang='grc' dir='ltr'>πάντα</span> <span class='ocrx_word' id='word_1_338' title='bbox 593 2563 961 2635; x_wconf 77' lang='grc' dir='ltr'>κεκινήκαμεν</span> <span class='ocrx_word' id='word_1_339' title='bbox 1016 2564 1204 2617; x_wconf 73' lang='grc' dir='ltr'>ταῦτα.</span> <span class='ocrx_word' id='word_1_340' title='bbox 1268 2562 1394 2618; x_wconf 80' lang='grc' dir='ltr'>’Ότι</span> <span class='ocrx_word' id='word_1_341' title='bbox 1454 2560 1548 2634; x_wconf 72' lang='grc' dir='ltr'>μὲν</span> <span class='ocrx_word' id='word_1_342' title='bbox 1608 2558 1698 2617; x_wconf 73' lang='grc' dir='ltr'>οὖν</span> <span class='ocrx_word' id='word_1_343' title='bbox 1755 2561 1811 2616; x_wconf 70' lang='grc' dir='ltr'>αἱ</span> <span class='ocrx_word' id='word_1_344' title='bbox 1876 2563 2022 2635; x_wconf 79' lang='grc' dir='ltr'>τρεῖς</span> 
     </span>
    </p>
   </div>
   <div class='ocr_carea' id='block_1_43' title="bbox 352 2644 2022 2729">
    <p class='ocr_par' dir='ltr' id='par_1_43' title="bbox 352 2644 2022 2729">
     <span class='ocr_line' id='line_1_43' title="bbox 352 2644 2022 2729; baseline -0.004 -21"><span class='ocrx_word' id='word_1_345' title='bbox 352 2650 924 2729; x_wconf 70' lang='grc' dir='ltr'>προανηγορεόθησαν</span> <span class='ocrx_word' id='word_1_346' title='bbox 963 2646 1369 2727; x_wconf 79' lang='grc' dir='ltr'>αἰχμαλωσίαι,</span> <span class='ocrx_word' id='word_1_347' title='bbox 1425 2652 1459 2720; x_wconf 82' lang='grc' dir='ltr'>ἡ</span> <span class='ocrx_word' id='word_1_348' title='bbox 1523 2649 1616 2724; x_wconf 75' lang='grc' dir='ltr'>μὲν</span> <span class='ocrx_word' id='word_1_349' title='bbox 1664 2644 1757 2721; x_wconf 77' lang='grc' dir='ltr'>ἔτη</span> <span class='ocrx_word' id='word_1_350' title='bbox 1817 2644 2022 2724; x_wconf 80' lang='grc' dir='ltr'>ἔχουσα</span> 
     </span>
    </p>
   </div>
   <div class='ocr_carea' id='block_1_44' title="bbox 356 2737 2017 2815">
    <p class='ocr_par' dir='ltr' id='par_1_44' title="bbox 356 2737 2017 2815">
     <span class='ocr_line' id='line_1_44' title="bbox 356 2737 2017 2815; baseline -0.003 -18"><span class='ocrx_word' id='word_1_351' title='bbox 356 2743 425 2815; x_wconf 78' lang='lat' dir='ltr'>u‘,</span> <span class='ocrx_word' id='word_1_352' title='bbox 457 2744 493 2812; x_wconf 76' lang='grc' dir='ltr'>ἡ</span> <span class='ocrx_word' id='word_1_353' title='bbox 530 2740 587 2797; x_wconf 69' lang='grc' dir='ltr'>δὲ</span> <span class='ocrx_word' id='word_1_354' title='bbox 616 2742 682 2800; x_wconf 77' lang='grc' dir='ltr'>ο“.</span> <span class='ocrx_word' id='word_1_355' title='bbox 716 2743 752 2811; x_wconf 82' lang='grc' dir='ltr'>ἡ</span> <span class='ocrx_word' id='word_1_356' title='bbox 787 2737 844 2795; x_wconf 74' lang='grc' dir='ltr'>δὲ</span> <span class='ocrx_word' id='word_1_357' title='bbox 896 2739 1021 2814; x_wconf 77' lang='grc' dir='ltr'>τρία</span> <span class='ocrx_word' id='word_1_358' title='bbox 1074 2738 1266 2813; x_wconf 76' lang='grc' dir='ltr'>ἣμισυ,</span> <span class='ocrx_word' id='word_1_359' title='bbox 1325 2739 1528 2803; x_wconf 74' lang='grc' dir='ltr'>ἱκανῶς</span> <span class='ocrx_word' id='word_1_360' title='bbox 1585 2740 1827 2795; x_wconf 70' lang='grc' dir='ltr'>ἐντεῦθεν</span> <span class='ocrx_word' id='word_1_361' title='bbox 1856 2738 2017 2812; x_wconf 76' lang='grc' dir='ltr'>ἡμῖν,</span> 
     </span>
    </p>
   </div>
   <div class='ocr_carea' id='block_1_45' title="bbox 358 2822 2018 2903">
    <p class='ocr_par' dir='ltr' id='par_1_45' title="bbox 358 2822 2018 2903">
     <span class='ocr_line' id='line_1_45' title="bbox 358 2822 2018 2903; baseline -0.001 -18"><span class='ocrx_word' id='word_1_362' title='bbox 358 2832 436 2893; x_wconf 84' lang='grc' dir='ltr'>ὡς</span> <span class='ocrx_word' id='word_1_363' title='bbox 470 2830 591 2885; x_wconf 81' lang='grc' dir='ltr'>οἷόν</span> <span class='ocrx_word' id='word_1_364' title='bbox 635 2850 718 2900; x_wconf 77' lang='grc' dir='ltr'>τε,</span> <span class='ocrx_word' id='word_1_365' title='bbox 769 2824 1170 2886; x_wconf 81' lang='grc' dir='ltr'>ἀποδέδεικται.</span> <span class='ocrx_word' id='word_1_366' title='bbox 1227 2822 1367 2900; x_wconf 79' lang='grc' dir='ltr'>Φέρε</span> <span class='ocrx_word' id='word_1_367' title='bbox 1424 2826 1491 2899; x_wconf 82' lang='grc' dir='ltr'>δὴ</span> <span class='ocrx_word' id='word_1_368' title='bbox 1547 2824 1743 2885; x_wconf 79' lang='grc' dir='ltr'>λοιπὸν</span> <span class='ocrx_word' id='word_1_369' title='bbox 1773 2827 1863 2884; x_wconf 80' lang='grc' dir='ltr'>καὶ</span> <span class='ocrx_word' id='word_1_370' title='bbox 1894 2831 2018 2903; x_wconf 80' lang='grc' dir='ltr'>περὶ</span> 
     </span>
    </p>
   </div>
   <div class='ocr_carea' id='block_1_46' title="bbox 355 2914 2018 2998">
    <p class='ocr_par' dir='ltr' id='par_1_46' title="bbox 355 2914 2018 2998">
     <span class='ocr_line' id='line_1_46' title="bbox 355 2914 2018 2998; baseline -0.001 -22"><span class='ocrx_word' id='word_1_371' title='bbox 355 2919 565 2991; x_wconf 67' lang='grc' dir='ltr'>ταύτης</span> <span class='ocrx_word' id='word_1_372' title='bbox 595 2916 858 2992; x_wconf 67' lang='grc' dir='ltr'>εἴπωμεν.</span> <span class='ocrx_word' id='word_1_373' title='bbox 911 2918 1034 2975; x_wconf 65' lang='lat' dir='ltr'>“Ott</span> <span class='ocrx_word' id='word_1_374' title='bbox 1065 2919 1171 2996; x_wconf 72' lang='grc' dir='ltr'>γὰρ</span> <span class='ocrx_word' id='word_1_375' title='bbox 1226 2917 1317 2973; x_wconf 80' lang='grc' dir='ltr'>καὶ</span> <span class='ocrx_word' id='word_1_376' title='bbox 1373 2918 1498 2995; x_wconf 82' lang='grc' dir='ltr'>περὶ</span> <span class='ocrx_word' id='word_1_377' title='bbox 1528 2922 1628 2987; x_wconf 81' lang='grc' dir='ltr'>τῆς</span> <span class='ocrx_word' id='word_1_378' title='bbox 1659 2914 1897 2998; x_wconf 75' lang='grc' dir='ltr'>ἐσχάτης</span> <span class='ocrx_word' id='word_1_379' title='bbox 1929 2941 2018 2974; x_wconf 84' lang='grc' dir='ltr'>τε·-</span> 
     </span>
    </p>
   </div>
   <div class='ocr_carea' id='block_1_47' title="bbox 360 3002 2014 3088">
    <p class='ocr_par' dir='ltr' id='par_1_47' title="bbox 360 3002 2014 3088">
     <span class='ocr_line' id='line_1_47' title="bbox 360 3002 2014 3088; baseline 0 -24"><span class='ocrx_word' id='word_1_380' title='bbox 360 3009 569 3084; x_wconf 77' lang='grc' dir='ltr'>τάρτης</span> <span class='ocrx_word' id='word_1_381' title='bbox 622 3008 711 3062; x_wconf 79' lang='grc' dir='ltr'>καὶ</span> <span class='ocrx_word' id='word_1_382' title='bbox 764 3004 1077 3070; x_wconf 81' lang='grc' dir='ltr'>τελευταίας</span> <span class='ocrx_word' id='word_1_383' title='bbox 1133 3002 1582 3088; x_wconf 71' lang='grc' dir='ltr'>προανεφώνησεν</span> <span class='ocrx_word' id='word_1_384' title='bbox 1639 3008 1666 3063; x_wconf 90' lang='lat'>6</span> <span class='ocrx_word' id='word_1_385' title='bbox 1724 3009 2014 3088; x_wconf 71' lang='grc' dir='ltr'>προφήτης</span> 
     </span>
    </p>
   </div>
   <div class='ocr_carea' id='block_1_48' title="bbox 372 3095 2016 3174">
    <p class='ocr_par' dir='ltr' id='par_1_48' title="bbox 372 3095 2016 3174">
     <span class='ocr_line' id='line_1_48' title="bbox 372 3095 2016 3174; baseline 0.001 -22"><span class='ocrx_word' id='word_1_386' title='bbox 372 3098 556 3165; x_wconf 53' lang='grc' dir='ltr'>οἶτος,</span> <span class='ocrx_word' id='word_1_387' title='bbox 602 3096 748 3153; x_wconf 76' lang='grc' dir='ltr'>αὐτὸν</span> <span class='ocrx_word' id='word_1_388' title='bbox 799 3097 1099 3174; x_wconf 81' lang='grc' dir='ltr'>παρέξομεν</span> <span class='ocrx_word' id='word_1_389' title='bbox 1160 3095 1251 3152; x_wconf 86' lang='grc' dir='ltr'>τὸν</span> <span class='ocrx_word' id='word_1_390' title='bbox 1305 3097 1571 3168; x_wconf 85' lang='grc' dir='ltr'>Ἰώσηπον</span> <span class='ocrx_word' id='word_1_391' title='bbox 1627 3097 1892 3173; x_wconf 78' lang='grc' dir='ltr'>μάρτυρα,</span> <span class='ocrx_word' id='word_1_392' title='bbox 1924 3100 2016 3153; x_wconf 83' lang='grc' dir='ltr'>τὸν</span> 
     </span>
    </p>
   </div>
   <div class='ocr_carea' id='block_1_49' title="bbox 377 3182 2013 3266">
    <p class='ocr_par' dir='ltr' id='par_1_49' title="bbox 377 3182 2013 3266">
     <span class='ocr_line' id='line_1_49' title="bbox 377 3182 2013 3266; baseline 0 -24"><span class='ocrx_word' id='word_1_393' title='bbox 377 3185 451 3242; x_wconf 80' lang='grc' dir='ltr'>τΞι</span> <span class='ocrx_word' id='word_1_394' title='bbox 475 3185 680 3241; x_wconf 74' lang='grc' dir='ltr'>έκείνων</span> <span class='ocrx_word' id='word_1_395' title='bbox 709 3189 1023 3266; x_wconf 69' lang='grc' dir='ltr'>φρονοῦντα.</span> <span class='ocrx_word' id='word_1_396' title='bbox 1085 3184 1311 3255; x_wconf 79' lang='grc' dir='ltr'>Ἐπειδὴ</span> <span class='ocrx_word' id='word_1_397' title='bbox 1364 3185 1467 3261; x_wconf 82' lang='grc' dir='ltr'>γὰρ</span> <span class='ocrx_word' id='word_1_398' title='bbox 1518 3186 1636 3242; x_wconf 76' lang='grc' dir='ltr'>εἶπε</span> <span class='ocrx_word' id='word_1_399' title='bbox 1666 3182 1732 3242; x_wconf 77' lang='grc' dir='ltr'>τὰ</span> <span class='ocrx_word' id='word_1_400' title='bbox 1761 3185 1884 3261; x_wconf 82' lang='grc' dir='ltr'>περῖ</span> <span class='ocrx_word' id='word_1_401' title='bbox 1915 3186 2013 3257; x_wconf 69' lang='grc' dir='ltr'>τῆς</span> 
     </span>
    </p>
   </div>
   <div class='ocr_carea' id='block_1_50' title="bbox 366 3273 2014 3356">
    <p class='ocr_par' dir='ltr' id='par_1_50' title="bbox 366 3273 2014 3356">
     <span class='ocr_line' id='line_1_50' title="bbox 366 3273 2014 3356; baseline 0.001 -25"><span class='ocrx_word' id='word_1_402' title='bbox 366 3274 661 3351; x_wconf 70' lang='grc' dir='ltr'>Ἀντιόχου</span> <span class='ocrx_word' id='word_1_403' title='bbox 715 3273 1105 3355; x_wconf 74' lang='grc' dir='ltr'>αῗχμυλωσίας</span> <span class='ocrx_word' id='word_1_404' title='bbox 1163 3274 1253 3331; x_wconf 82' lang='grc' dir='ltr'>καὶ</span> <span class='ocrx_word' id='word_1_405' title='bbox 1315 3276 1562 3352; x_wconf 76' lang='grc' dir='ltr'>μάρτυρα</span> <span class='ocrx_word' id='word_1_406' title='bbox 1600 3277 1690 3331; x_wconf 84' lang='grc' dir='ltr'>τὸν</span> <span class='ocrx_word' id='word_1_407' title='bbox 1723 3278 2014 3356; x_wconf 57' lang='grc' dir='ltr'>προρήτγρι</span> 
     </span>
    </p>
   </div>
   <div class='ocr_carea' id='block_1_51' title="bbox 356 3363 2009 3443">
    <p class='ocr_par' dir='ltr' id='par_1_51' title="bbox 356 3363 2009 3443">
     <span class='ocr_line' id='line_1_51' title="bbox 356 3363 2009 3443; baseline 0.001 -24"><span class='ocrx_word' id='word_1_408' title='bbox 356 3365 691 3442; x_wconf 71' lang='grc' dir='ltr'>παρήγαγεν,</span> <span class='ocrx_word' id='word_1_409' title='bbox 754 3363 942 3440; x_wconf 76' lang='grc' dir='ltr'>ἐπάγει</span> <span class='ocrx_word' id='word_1_410' title='bbox 1000 3364 1090 3420; x_wconf 80' lang='grc' dir='ltr'>καὶ</span> <span class='ocrx_word' id='word_1_411' title='bbox 1147 3363 1272 3438; x_wconf 80' lang='grc' dir='ltr'>περὶ</span> <span class='ocrx_word' id='word_1_412' title='bbox 1328 3364 1552 3436; x_wconf 69' lang='grc' dir='ltr'>ταῦτης,</span> <span class='ocrx_word' id='word_1_413' title='bbox 1592 3364 1678 3420; x_wconf 86' lang='grc' dir='ltr'>καί</span> <span class='ocrx_word' id='word_1_414' title='bbox 1713 3386 1865 3443; x_wconf 68' lang='grc' dir='ltr'>φησι·</span> <span class='ocrx_word' id='word_1_415' title='bbox 1902 3366 2009 3425; x_wconf 81' lang='grc' dir='ltr'>Τὸν</span> 
     </span>
    </p>
   </div>
   <div class='ocr_carea' id='block_1_52' title="bbox 351 3447 2013 3531">
    <p class='ocr_par' dir='ltr' id='par_1_52' title="bbox 351 3447 2013 3531">
     <span class='ocr_line' id='line_1_52' title="bbox 351 3447 2013 3531; baseline 0.001 -22"><span class='ocrx_word' id='word_1_416' title='bbox 351 3453 518 3510; x_wconf 76' lang='grc' dir='ltr'>αὐτόν</span> <span class='ocrx_word' id='word_1_417' title='bbox 549 3450 611 3531; x_wconf 76' lang='grc' dir='ltr'>γέ</span> <span class='ocrx_word' id='word_1_418' title='bbox 640 3475 723 3510; x_wconf 82' lang='grc' dir='ltr'>τοι</span> <span class='ocrx_word' id='word_1_419' title='bbox 755 3452 958 3531; x_wconf 76' lang='grc' dir='ltr'>τρόπον</span> <span class='ocrx_word' id='word_1_420' title='bbox 1019 3447 1227 3525; x_wconf 78' lang='grc' dir='ltr'>Δανιὴλ</span> <span class='ocrx_word' id='word_1_421' title='bbox 1275 3452 1363 3529; x_wconf 72' lang='grc' dir='ltr'>καὶ</span> <span class='ocrx_word' id='word_1_422' title='bbox 1412 3454 1535 3530; x_wconf 78' lang='grc' dir='ltr'>περὶ</span> <span class='ocrx_word' id='word_1_423' title='bbox 1591 3462 1694 3525; x_wconf 83' lang='grc' dir='ltr'>τῆς</span> <span class='ocrx_word' id='word_1_424' title='bbox 1726 3454 2013 3531; x_wconf 82' lang='grc' dir='ltr'>Ῥωμαίων</span> 
     </span>
    </p>
   </div>
   <div class='ocr_carea' id='block_1_53' title="bbox 350 3540 2009 3622">
    <p class='ocr_par' dir='ltr' id='par_1_53' title="bbox 350 3540 2009 3622">
     <span class='ocr_line' id='line_1_53' title="bbox 350 3540 2009 3622; baseline 0.001 -23"><span class='ocrx_word' id='word_1_425' title='bbox 350 3545 657 3621; x_wconf 70' lang='grc' dir='ltr'>ἡγεμονίας</span> <span class='ocrx_word' id='word_1_426' title='bbox 688 3544 972 3622; x_wconf 78' lang='grc' dir='ltr'>ἀνέγραψε,</span> <span class='ocrx_word' id='word_1_427' title='bbox 1005 3543 1093 3599; x_wconf 80' lang='grc' dir='ltr'>καὶ</span> <span class='ocrx_word' id='word_1_428' title='bbox 1159 3540 1236 3598; x_wconf 56' lang='grc' dir='ltr'>ὅτι</span> <span class='ocrx_word' id='word_1_429' title='bbox 1302 3541 1391 3600; x_wconf 71' lang='grc' dir='ltr'>ὑπ’</span> <span class='ocrx_word' id='word_1_430' title='bbox 1440 3543 1615 3600; x_wconf 79' lang='grc' dir='ltr'>αὐτῶν</span> <span class='ocrx_word' id='word_1_431' title='bbox 1649 3543 2009 3620; x_wconf 74' lang='grc' dir='ltr'>ἐρημωθήσε-</span> 
     </span>
    </p>
   </div>
   <div class='ocr_carea' id='block_1_54' title="bbox 354 3631 2007 3710">
    <p class='ocr_par' dir='ltr' id='par_1_54' title="bbox 354 3631 2007 3710">
     <span class='ocr_line' id='line_1_54' title="bbox 354 3631 2007 3710; baseline 0.002 -21"><span class='ocrx_word' id='word_1_432' title='bbox 354 3655 468 3703; x_wconf 81' lang='grc' dir='ltr'>ται,</span> <span class='ocrx_word' id='word_1_433' title='bbox 536 3633 604 3690; x_wconf 70' lang='grc' dir='ltr'>τὰ</span> <span class='ocrx_word' id='word_1_434' title='bbox 668 3631 1021 3710; x_wconf 85' lang='grc' dir='ltr'>Ἱεροσόλυμα</span> <span class='ocrx_word' id='word_1_435' title='bbox 1091 3632 1180 3689; x_wconf 78' lang='grc' dir='ltr'>καὶ</span> <span class='ocrx_word' id='word_1_436' title='bbox 1248 3633 1277 3688; x_wconf 85' lang='lat'>6</span> <span class='ocrx_word' id='word_1_437' title='bbox 1352 3633 1481 3695; x_wconf 79' lang='grc' dir='ltr'>ναὸς</span> <span class='ocrx_word' id='word_1_438' title='bbox 1554 3634 2007 3707; x_wconf 69' lang='grc' dir='ltr'>καταλυθήσεται.</span> 
     </span>
    </p>
   </div>
   <div class='ocr_carea' id='block_1_55' title="bbox 346 3720 2083 3827">
    <p class='ocr_par' dir='ltr' id='par_1_55' title="bbox 346 3720 2083 3827">
     <span class='ocr_line' id='line_1_55' title="bbox 346 3720 2083 3827; baseline -0.001 -46"><span class='ocrx_word' id='word_1_439' title='bbox 346 3725 425 3781; x_wconf 70' lang='grc' dir='ltr'>Σὺ</span> <span class='ocrx_word' id='word_1_440' title='bbox 483 3720 542 3780; x_wconf 74' lang='grc' dir='ltr'>δὲ</span> <span class='ocrx_word' id='word_1_441' title='bbox 594 3746 688 3798; x_wconf 89' lang='grc' dir='ltr'>μοι</span> <span class='ocrx_word' id='word_1_442' title='bbox 749 3722 935 3780; x_wconf 85' lang='grc' dir='ltr'>σκόπει</span> <span class='ocrx_word' id='word_1_443' title='bbox 990 3724 1053 3779; x_wconf 83' lang='grc' dir='ltr'>τὸ</span> <span class='ocrx_word' id='word_1_444' title='bbox 1110 3720 1416 3804; x_wconf 72' lang='grc' dir='ltr'>φιλάληοες</span> <span class='ocrx_word' id='word_1_445' title='bbox 1463 3726 1561 3780; x_wconf 69' lang='grc' dir='ltr'>τοῦ</span> <span class='ocrx_word' id='word_1_446' title='bbox 1612 3722 1829 3798; x_wconf 81' lang='grc' dir='ltr'>ἀνδρὸς,</span> <span class='ocrx_word' id='word_1_447' title='bbox 1871 3722 1930 3787; x_wconf 78' lang='grc' dir='ltr'>ὅς</span> <span class='ocrx_word' id='word_1_448' title='bbox 1962 3724 2008 3780; x_wconf 76' lang='grc' dir='ltr'>εἰ</span> <span class='ocrx_word' id='word_1_449' title='bbox 2042 3763 2083 3827; x_wconf 76' lang='lat' dir='ltr'><strong>C</strong></span> 
     </span>
    </p>
   </div>
   <div class='ocr_carea' id='block_1_56' title="bbox 345 3808 2004 3890">
    <p class='ocr_par' dir='ltr' id='par_1_56' title="bbox 345 3808 2004 3890">
     <span class='ocr_line' id='line_1_56' title="bbox 345 3808 2004 3890; baseline -0.001 -20"><span class='ocrx_word' id='word_1_450' title='bbox 345 3815 439 3871; x_wconf 80' lang='grc' dir='ltr'>καὶ</span> <span class='ocrx_word' id='word_1_451' title='bbox 496 3813 759 3877; x_wconf 76' lang='grc' dir='ltr'>Ἰουδαῖος</span> <span class='ocrx_word' id='word_1_452' title='bbox 819 3813 906 3885; x_wconf 82' lang='grc' dir='ltr'>ἦν,</span> <span class='ocrx_word' id='word_1_453' title='bbox 965 3808 1093 3870; x_wconf 79' lang='grc' dir='ltr'>ἀλλ’</span> <span class='ocrx_word' id='word_1_454' title='bbox 1150 3810 1249 3870; x_wconf 75' lang='grc' dir='ltr'>οὐκ</span> <span class='ocrx_word' id='word_1_455' title='bbox 1305 3810 1568 3890; x_wconf 75' lang='grc' dir='ltr'>ἠνέσχετο</span> <span class='ocrx_word' id='word_1_456' title='bbox 1630 3810 1874 3884; x_wconf 80' lang='grc' dir='ltr'>ζηλῶσαι</span> <span class='ocrx_word' id='word_1_457' title='bbox 1907 3814 2004 3884; x_wconf 68' lang='grc' dir='ltr'>τήν</span> 
     </span>
    </p>
   </div>
   <div class='ocr_carea' id='block_1_57' title="bbox 341 3898 2005 3983">
    <p class='ocr_par' dir='ltr' id='par_1_57' title="bbox 341 3898 2005 3983">
     <span class='ocr_line' id='line_1_57' title="bbox 341 3898 2005 3983; baseline 0 -23"><span class='ocrx_word' id='word_1_458' title='bbox 341 3901 654 3974; x_wconf 75' lang='grc' dir='ltr'>Ἰουδαῖκὴν</span> <span class='ocrx_word' id='word_1_459' title='bbox 709 3898 1043 3983; x_wconf 79' lang='grc' dir='ltr'>φιλονεικίαν</span> <span class='ocrx_word' id='word_1_460' title='bbox 1097 3924 1157 3959; x_wconf 88' lang='grc' dir='ltr'>τε</span> <span class='ocrx_word' id='word_1_461' title='bbox 1224 3903 1313 3960; x_wconf 84' lang='grc' dir='ltr'>καὶ</span> <span class='ocrx_word' id='word_1_462' title='bbox 1374 3899 1760 3981; x_wconf 80' lang='grc' dir='ltr'>ψευδηγορίαν.</span> <span class='ocrx_word' id='word_1_463' title='bbox 1823 3903 2005 3960; x_wconf 69' lang='grc' dir='ltr'>Εἰπὼν</span> 
     </span>
    </p>
   </div>
   <div class='ocr_carea' id='block_1_58' title="bbox 343 3992 2008 4073">
    <p class='ocr_par' dir='ltr' id='par_1_58' title="bbox 343 3992 2008 4073">
     <span class='ocr_line' id='line_1_58' title="bbox 343 3992 2008 4073; baseline 0.001 -24"><span class='ocrx_word' id='word_1_464' title='bbox 343 3995 453 4073; x_wconf 75' lang='grc' dir='ltr'>γὰρ</span> <span class='ocrx_word' id='word_1_465' title='bbox 515 3994 599 4050; x_wconf 80' lang='grc' dir='ltr'>ὅτι</span> <span class='ocrx_word' id='word_1_466' title='bbox 658 3993 1086 4071; x_wconf 79' lang='grc' dir='ltr'>ἐρημωηήσεται</span> <span class='ocrx_word' id='word_1_467' title='bbox 1141 3992 1208 4050; x_wconf 68' lang='grc' dir='ltr'>τὰ</span> <span class='ocrx_word' id='word_1_468' title='bbox 1265 3993 1622 4071; x_wconf 80' lang='grc' dir='ltr'>Ἰεροσόλυμα</span> <span class='ocrx_word' id='word_1_469' title='bbox 1671 3993 1762 4049; x_wconf 80' lang='grc' dir='ltr'>καὶ</span> <span class='ocrx_word' id='word_1_470' title='bbox 1813 3996 1840 4049; x_wconf 85' lang='grc' dir='ltr'>ὁ</span> <span class='ocrx_word' id='word_1_471' title='bbox 1881 3994 2008 4058; x_wconf 87' lang='grc' dir='ltr'>ναὸς</span> 
     </span>
    </p>
   </div>
   <div class='ocr_carea' id='block_1_59' title="bbox 343 4081 2006 4161">
    <p class='ocr_par' dir='ltr' id='par_1_59' title="bbox 343 4081 2006 4161">
     <span class='ocr_line' id='line_1_59' title="bbox 343 4081 2006 4161; baseline -0.001 -21"><span class='ocrx_word' id='word_1_472' title='bbox 343 4082 806 4156; x_wconf 76' lang='grc' dir='ltr'>καταλυθήσεται,</span> <span class='ocrx_word' id='word_1_473' title='bbox 867 4084 949 4161; x_wconf 91' lang='grc' dir='ltr'>[Ρ.</span> <span class='ocrx_word' id='word_1_474' title='bbox 999 4086 1127 4158; x_wconf 82' lang='lat'>232]</span> <span class='ocrx_word' id='word_1_475' title='bbox 1191 4081 1438 4161; x_wconf 75' lang='grc' dir='ltr'>ἔγραψεν,</span> <span class='ocrx_word' id='word_1_476' title='bbox 1499 4082 1580 4140; x_wconf 81' lang='grc' dir='ltr'>ὅτι</span> <span class='ocrx_word' id='word_1_477' title='bbox 1641 4081 1700 4139; x_wconf 73' lang='grc' dir='ltr'>δὲ</span> <span class='ocrx_word' id='word_1_478' title='bbox 1756 4083 2006 4154; x_wconf 80' lang='grc' dir='ltr'>στήσεταί</span> 
     </span>
    </p>
   </div>
   <div class='ocr_carea' id='block_1_60' title="bbox 343 4168 2005 4249">
    <p class='ocr_par' dir='ltr' id='par_1_60' title="bbox 343 4168 2005 4249">
     <span class='ocr_line' id='line_1_60' title="bbox 343 4168 2005 4249; baseline 0.001 -22"><span class='ocrx_word' id='word_1_479' title='bbox 343 4194 457 4227; x_wconf 76' lang='grc' dir='ltr'>που</span> <span class='ocrx_word' id='word_1_480' title='bbox 506 4171 576 4227; x_wconf 77' lang='grc' dir='ltr'>τὰ</span> <span class='ocrx_word' id='word_1_481' title='bbox 630 4171 731 4238; x_wconf 69' lang='grc' dir='ltr'>τῆς</span> <span class='ocrx_word' id='word_1_482' title='bbox 787 4169 1121 4248; x_wconf 79' lang='grc' dir='ltr'>ἐρημώσεως</span> <span class='ocrx_word' id='word_1_483' title='bbox 1180 4168 1358 4230; x_wconf 67' lang='grc' dir='ltr'>οὐκέτι</span> <span class='ocrx_word' id='word_1_484' title='bbox 1420 4173 1776 4249; x_wconf 70' lang='grc' dir='ltr'>προσέθηκεν,</span> <span class='ocrx_word' id='word_1_485' title='bbox 1817 4170 2005 4243; x_wconf 69' lang='grc' dir='ltr'>ἐπειδὴ</span> 
     </span>
    </p>
   </div>
   <div class='ocr_carea' id='block_1_61' title="bbox 350 4260 2008 4340">
    <p class='ocr_par' dir='ltr' id='par_1_61' title="bbox 350 4260 2008 4340">
     <span class='ocr_line' id='line_1_61' title="bbox 350 4260 2008 4340; baseline 0 -23"><span class='ocrx_word' id='word_1_486' title='bbox 350 4260 497 4335; x_wconf 69' lang='grc' dir='ltr'>μηδὲ</span> <span class='ocrx_word' id='word_1_487' title='bbox 519 4261 612 4317; x_wconf 86' lang='grc' dir='ltr'>τὸν</span> <span class='ocrx_word' id='word_1_488' title='bbox 661 4263 952 4340; x_wconf 72' lang='grc' dir='ltr'>προφήτην</span> <span class='ocrx_word' id='word_1_489' title='bbox 1002 4260 1124 4338; x_wconf 72' lang='grc' dir='ltr'>εὗρε</span> <span class='ocrx_word' id='word_1_490' title='bbox 1174 4261 1420 4318; x_wconf 76' lang='grc' dir='ltr'>τοιοῦτόν</span> <span class='ocrx_word' id='word_1_491' title='bbox 1455 4283 1507 4317; x_wconf 83' lang='grc' dir='ltr'>τι</span> <span class='ocrx_word' id='word_1_492' title='bbox 1542 4263 1862 4337; x_wconf 84' lang='grc' dir='ltr'>προσθέντα.</span> <span class='ocrx_word' id='word_1_493' title='bbox 1897 4264 2008 4318; x_wconf 72' lang='grc' dir='ltr'>Ποῦ</span> 
     </span>
    </p>
   </div>
   <div class='ocr_carea' id='block_1_62' title="bbox 342 4346 2006 4427">
    <p class='ocr_par' dir='ltr' id='par_1_62' title="bbox 342 4346 2006 4427">
     <span class='ocr_line' id='line_1_62' title="bbox 342 4346 2006 4427; baseline -0.001 -20"><span class='ocrx_word' id='word_1_494' title='bbox 342 4350 534 4407; x_wconf 87' lang='grc' dir='ltr'>τοίνυν</span> <span class='ocrx_word' id='word_1_495' title='bbox 566 4346 681 4405; x_wconf 80' lang='grc' dir='ltr'>εἶπε</span> <span class='ocrx_word' id='word_1_496' title='bbox 712 4348 918 4419; x_wconf 84' lang='grc' dir='ltr'>Δανιήλ</span> <span class='ocrx_word' id='word_1_497' title='bbox 967 4349 1049 4406; x_wconf 82' lang='grc' dir='ltr'>ὅτι</span> <span class='ocrx_word' id='word_1_498' title='bbox 1084 4349 1111 4405; x_wconf 94' lang='lat'>6</span> <span class='ocrx_word' id='word_1_499' title='bbox 1140 4351 1268 4414; x_wconf 79' lang='grc' dir='ltr'>ναὸς</span> <span class='ocrx_word' id='word_1_500' title='bbox 1320 4349 1740 4427; x_wconf 79' lang='grc' dir='ltr'>ἐρημωθήσεται</span> <span class='ocrx_word' id='word_1_501' title='bbox 1767 4369 1781 4421; x_wconf 87' lang='grc'>;</span> <span class='ocrx_word' id='word_1_502' title='bbox 1808 4352 2006 4408; x_wconf 79' lang='grc' dir='ltr'>’Ἀκου-</span> 
     </span>
    </p>
   </div>
   <div class='ocr_carea' id='block_1_63' title="bbox 342 4435 2004 4517">
    <p class='ocr_par' dir='ltr' id='par_1_63' title="bbox 342 4435 2004 4517">
     <span class='ocr_line' id='line_1_63' title="bbox 342 4435 2004 4517; baseline -0.001 -22"><span class='ocrx_word' id='word_1_503' title='bbox 342 4461 459 4497; x_wconf 88' lang='grc' dir='ltr'>σον.</span> <span class='ocrx_word' id='word_1_504' title='bbox 522 4437 744 4509; x_wconf 78' lang='grc' dir='ltr'>Ἐπειδὴ</span> <span class='ocrx_word' id='word_1_505' title='bbox 805 4436 909 4517; x_wconf 78' lang='grc' dir='ltr'>γὰρ</span> <span class='ocrx_word' id='word_1_506' title='bbox 976 4439 1075 4509; x_wconf 76' lang='grc' dir='ltr'>τὴν</span> <span class='ocrx_word' id='word_1_507' title='bbox 1159 4441 1472 4515; x_wconf 76' lang='grc' dir='ltr'>προσευχήν</span> <span class='ocrx_word' id='word_1_508' title='bbox 1534 4435 1738 4512; x_wconf 77' lang='grc' dir='ltr'>ἐκείνην</span> <span class='ocrx_word' id='word_1_509' title='bbox 1798 4440 1897 4512; x_wconf 78' lang='grc' dir='ltr'>τήν</span> <span class='ocrx_word' id='word_1_510' title='bbox 1954 4438 2004 4496; x_wconf 77' lang='grc' dir='ltr'>ἐν</span> 
     </span>
    </p>
   </div>
   <div class='ocr_carea' id='block_1_64' title="bbox 344 4525 2007 4605">
    <p class='ocr_par' dir='ltr' id='par_1_64' title="bbox 344 4525 2007 4605">
     <span class='ocr_line' id='line_1_64' title="bbox 344 4525 2007 4605; baseline 0.001 -21"><span class='ocrx_word' id='word_1_511' title='bbox 344 4551 533 4604; x_wconf 82' lang='grc' dir='ltr'>σακκῳ</span> <span class='ocrx_word' id='word_1_512' title='bbox 588 4529 680 4584; x_wconf 81' lang='grc' dir='ltr'>καὶ</span> <span class='ocrx_word' id='word_1_513' title='bbox 739 4526 928 4602; x_wconf 80' lang='grc' dir='ltr'>σποδῷ</span> <span class='ocrx_word' id='word_1_514' title='bbox 980 4527 1302 4600; x_wconf 72' lang='grc' dir='ltr'>ἐποιήσατο,</span> <span class='ocrx_word' id='word_1_515' title='bbox 1361 4528 1500 4599; x_wconf 78' lang='grc' dir='ltr'>ἦλθε</span> <span class='ocrx_word' id='word_1_516' title='bbox 1564 4525 1811 4605; x_wconf 76' lang='grc' dir='ltr'>Γαϐριὴλ</span> <span class='ocrx_word' id='word_1_517' title='bbox 1871 4532 2007 4605; x_wconf 73' lang='grc' dir='ltr'>πρὸς</span> 
     </span>
    </p>
   </div>
   <div class='ocr_carea' id='block_1_65' title="bbox 347 4611 2010 4692">
    <p class='ocr_par' dir='ltr' id='par_1_65' title="bbox 347 4611 2010 4692">
     <span class='ocr_line' id='line_1_65' title="bbox 347 4611 2010 4692; baseline 0.001 -18"><span class='ocrx_word' id='word_1_518' title='bbox 347 4618 538 4687; x_wconf 72' lang='grc' dir='ltr'>αὖτὸν,</span> <span class='ocrx_word' id='word_1_519' title='bbox 607 4617 692 4674; x_wconf 82' lang='grc' dir='ltr'>καί</span> <span class='ocrx_word' id='word_1_520' title='bbox 780 4636 966 4692; x_wconf 76' lang='grc' dir='ltr'>φησιν·</span> <span class='ocrx_word' id='word_1_521' title='bbox 1027 4611 1442 4691; x_wconf 73' lang='grc' dir='ltr'>Ἐϐδομήκοντα</span> <span class='ocrx_word' id='word_1_522' title='bbox 1526 4614 1826 4691; x_wconf 70' lang='grc' dir='ltr'>ἑϐδομάδες</span> <span class='ocrx_word' id='word_1_523' title='bbox 1886 4638 2010 4677; x_wconf 89' lang='grc' dir='ltr'>συν-</span> 
     </span>
    </p>
   </div>
   <div class='ocr_carea' id='block_1_66' title="bbox 351 4702 2006 4781">
    <p class='ocr_par' dir='ltr' id='par_1_66' title="bbox 351 4702 2006 4781">
     <span class='ocr_line' id='line_1_66' title="bbox 351 4702 2006 4781; baseline 0 -18"><span class='ocrx_word' id='word_1_524' title='bbox 351 4709 672 4781; x_wconf 73' lang='grc' dir='ltr'>ετμήθησαν</span> <span class='ocrx_word' id='word_1_525' title='bbox 706 4702 794 4762; x_wconf 76' lang='grc' dir='ltr'>ἐπὶ</span> <span class='ocrx_word' id='word_1_526' title='bbox 847 4706 937 4762; x_wconf 84' lang='grc' dir='ltr'>τὸν</span> <span class='ocrx_word' id='word_1_527' title='bbox 983 4706 1116 4763; x_wconf 84' lang='grc' dir='ltr'>λαόν</span> <span class='ocrx_word' id='word_1_528' title='bbox 1168 4728 1263 4761; x_wconf 90' lang='grc' dir='ltr'>σου</span> <span class='ocrx_word' id='word_1_529' title='bbox 1319 4707 1412 4764; x_wconf 83' lang='grc' dir='ltr'>καὶ</span> <span class='ocrx_word' id='word_1_530' title='bbox 1471 4706 1558 4762; x_wconf 78' lang='grc' dir='ltr'>ἐπὶ</span> <span class='ocrx_word' id='word_1_531' title='bbox 1588 4708 1686 4778; x_wconf 73' lang='grc' dir='ltr'>τὴν</span> <span class='ocrx_word' id='word_1_532' title='bbox 1715 4708 1879 4765; x_wconf 84' lang='grc' dir='ltr'>πόλιν</span> <span class='ocrx_word' id='word_1_533' title='bbox 1907 4706 2006 4781; x_wconf 69' lang='grc' dir='ltr'>τὴν</span> 
     </span>
    </p>
   </div>
   <div class='ocr_carea' id='block_1_67' title="bbox 349 4792 2009 4878">
    <p class='ocr_par' dir='ltr' id='par_1_67' title="bbox 349 4792 2009 4878">
     <span class='ocr_line' id='line_1_67' title="bbox 349 4792 2009 4878; baseline 0 -25"><span class='ocrx_word' id='word_1_534' title='bbox 349 4797 530 4872; x_wconf 80' lang='grc' dir='ltr'>ἁγίαν.</span> <span class='ocrx_word' id='word_1_535' title='bbox 591 4792 730 4854; x_wconf 71' lang='grc' dir='ltr'>Ἰδοὺ</span> <span class='ocrx_word' id='word_1_536' title='bbox 788 4795 879 4851; x_wconf 83' lang='grc' dir='ltr'>καὶ</span> <span class='ocrx_word' id='word_1_537' title='bbox 959 4795 1188 4852; x_wconf 76' lang='grc' dir='ltr'>ἐνταῦθα</span> <span class='ocrx_word' id='word_1_538' title='bbox 1262 4797 1465 4878; x_wconf 81' lang='grc' dir='ltr'>χρόνος</span> <span class='ocrx_word' id='word_1_539' title='bbox 1517 4796 1730 4874; x_wconf 82' lang='grc' dir='ltr'>ε”ρηται</span> <span class='ocrx_word' id='word_1_540' title='bbox 1791 4797 1852 4853; x_wconf 70' lang='grc' dir='ltr'>οὗ</span> <span class='ocrx_word' id='word_1_541' title='bbox 1909 4804 2009 4868; x_wconf 75' lang='grc' dir='ltr'>τῆς</span> 
     </span>
    </p>
   </div>
   <div class='ocr_carea' id='block_1_68' title="bbox 345 4880 2011 4967">
    <p class='ocr_par' dir='ltr' id='par_1_68' title="bbox 345 4880 2011 4967">
     <span class='ocr_line' id='line_1_68' title="bbox 345 4880 2011 4967; baseline 0.001 -25"><span class='ocrx_word' id='word_1_542' title='bbox 345 4884 759 4963; x_wconf 73' lang='grc' dir='ltr'>αἰχμαλωσίας,</span> <span class='ocrx_word' id='word_1_543' title='bbox 793 4882 936 4941; x_wconf 70' lang='grc' dir='ltr'>ἀλλὰ</span> <span class='ocrx_word' id='word_1_544' title='bbox 973 4889 1091 4959; x_wconf 81' lang='grc' dir='ltr'>μεθ’</span> <span class='ocrx_word' id='word_1_545' title='bbox 1120 4884 1244 4941; x_wconf 78' lang='grc' dir='ltr'>ὅσον</span> <span class='ocrx_word' id='word_1_546' title='bbox 1274 4885 1475 4967; x_wconf 62' lang='grc' dir='ltr'>χρόνον</span> <span class='ocrx_word' id='word_1_547' title='bbox 1509 4880 1739 4959; x_wconf 80' lang='grc' dir='ltr'>ἔμελλεν</span> <span class='ocrx_word' id='word_1_548' title='bbox 1771 4891 1805 4959; x_wconf 80' lang='grc' dir='ltr'><strong>ἡ</strong></span> <span class='ocrx_word' id='word_1_549' title='bbox 1836 4888 2011 4965; x_wconf 80' lang='grc' dir='ltr'>αἰχμ-</span> 
     </span>
    </p>
   </div>
   <div class='ocr_carea' id='block_1_69' title="bbox 339 4972 2004 5056">
    <p class='ocr_par' dir='ltr' id='par_1_69' title="bbox 339 4972 2004 5056">
     <span class='ocr_line' id='line_1_69' title="bbox 339 4972 2004 5056; baseline 0.001 -24"><span class='ocrx_word' id='word_1_550' title='bbox 339 4976 563 5032; x_wconf 83' lang='grc' dir='ltr'>αλωσία</span> <span class='ocrx_word' id='word_1_551' title='bbox 594 4972 1016 5047; x_wconf 82' lang='grc' dir='ltr'>ἀπαντήσεσθαι.</span> <span class='ocrx_word' id='word_1_552' title='bbox 1052 4976 1182 5031; x_wconf 78' lang='grc' dir='ltr'>Εἶτα</span> <span class='ocrx_word' id='word_1_553' title='bbox 1211 4975 1377 5031; x_wconf 75' lang='grc' dir='ltr'>πάλιν</span> <span class='ocrx_word' id='word_1_554' title='bbox 1403 4976 1568 5056; x_wconf 70' lang='grc' dir='ltr'>φησὶν</span> <span class='ocrx_word' id='word_1_555' title='bbox 1600 4972 2004 5056; x_wconf 57' lang='grc' dir='ltr'>ἀκριϐέστερον</span> 
     </span>
    </p>
   </div>
   <div class='ocr_carea' id='block_1_70' title="bbox 337 5062 2001 5145">
    <p class='ocr_par' dir='ltr' id='par_1_70' title="bbox 337 5062 2001 5145">
     <span class='ocr_line' id='line_1_70' title="bbox 337 5062 2001 5145; baseline 0.004 -24"><span class='ocrx_word' id='word_1_556' title='bbox 337 5067 447 5126; x_wconf 79' lang='grc' dir='ltr'>Καὶ</span> <span class='ocrx_word' id='word_1_557' title='bbox 479 5066 661 5145; x_wconf 75' lang='grc' dir='ltr'>γνώσῃ</span> <span class='ocrx_word' id='word_1_558' title='bbox 701 5062 792 5122; x_wconf 80' lang='grc' dir='ltr'>καὶ</span> <span class='ocrx_word' id='word_1_559' title='bbox 824 5067 1075 5137; x_wconf 82' lang='grc' dir='ltr'>συνήσεις</span> <span class='ocrx_word' id='word_1_560' title='bbox 1107 5062 1214 5122; x_wconf 79' lang='grc' dir='ltr'>ἀπὸ</span> <span class='ocrx_word' id='word_1_561' title='bbox 1271 5064 1457 5137; x_wconf 71' lang='grc' dir='ltr'>ἐξόδου</span> <span class='ocrx_word' id='word_1_562' title='bbox 1506 5067 1687 5142; x_wconf 85' lang='grc' dir='ltr'>λόγων</span> <span class='ocrx_word' id='word_1_563' title='bbox 1728 5074 1826 5125; x_wconf 63' lang='grc' dir='ltr'>τοῦ</span> <span class='ocrx_word' id='word_1_564' title='bbox 1865 5064 2001 5127; x_wconf 74' lang='grc' dir='ltr'>ἀπο-</span> 
     </span>
    </p>
   </div>
   <div class='ocr_carea' id='block_1_71' title="bbox 2200 2383 3788 2457">
    <p class='ocr_par' dir='ltr' id='par_1_71' title="bbox 2200 2383 3788 2457">
     <span class='ocr_line' id='line_1_71' title="bbox 2200 2383 3788 2457; baseline -0.001 -19"><span class='ocrx_word' id='word_1_565' title='bbox 2200 2383 2454 2455; x_wconf 89' lang='lat' dir='ltr'>Tempus</span> <span class='ocrx_word' id='word_1_566' title='bbox 2484 2398 2622 2457; x_wconf 84' lang='lat' dir='ltr'>ergo</span> <span class='ocrx_word' id='word_1_567' title='bbox 2654 2388 2744 2440; x_wconf 91' lang='lat' dir='ltr'>est</span> <span class='ocrx_word' id='word_1_568' title='bbox 2792 2389 2857 2439; x_wconf 90' lang='lat' dir='ltr'>ut</span> <span class='ocrx_word' id='word_1_569' title='bbox 2886 2383 2960 2440; x_wconf 89' lang='lat' dir='ltr'>ad</span> <span class='ocrx_word' id='word_1_570' title='bbox 3007 2385 3348 2439; x_wconf 87' lang='lat' dir='ltr'>restitutum</span> <span class='ocrx_word' id='word_1_571' title='bbox 3399 2386 3788 2450; x_wconf 76' lang='lat' dir='ltr'>revertamur,</span> 
     </span>
    </p>
   </div>
   <div class='ocr_carea' id='block_1_72' title="bbox 2133 2468 3793 2546">
    <p class='ocr_par' dir='ltr' id='par_1_72' title="bbox 2133 2468 3793 2546">
     <span class='ocr_line' id='line_1_72' title="bbox 2133 2468 3793 2546; baseline -0.002 -17"><span class='ocrx_word' id='word_1_572' title='bbox 2133 2473 2303 2546; x_wconf 81' lang='lat' dir='ltr'>cujus</span> <span class='ocrx_word' id='word_1_573' title='bbox 2335 2474 2523 2545; x_wconf 80' lang='lat' dir='ltr'>gratia</span> <span class='ocrx_word' id='word_1_574' title='bbox 2552 2468 2678 2529; x_wconf 63' lang='lat' dir='ltr'>haec</span> <span class='ocrx_word' id='word_1_575' title='bbox 2709 2471 3088 2541; x_wconf 80' lang='lat' dir='ltr'>adduximus,</span> <span class='ocrx_word' id='word_1_576' title='bbox 3123 2478 3182 2528; x_wconf 92' lang='lat' dir='ltr'>et</span> <span class='ocrx_word' id='word_1_577' title='bbox 3211 2470 3283 2527; x_wconf 91' lang='lat' dir='ltr'>de</span> <span class='ocrx_word' id='word_1_578' title='bbox 3316 2472 3526 2527; x_wconf 90' lang='lat' dir='ltr'>ultimo</span> <span class='ocrx_word' id='word_1_579' title='bbox 3565 2471 3793 2527; x_wconf 63' lang='lat' dir='ltr'>Iudaeo-</span> 
     </span>
    </p>
   </div>
   <div class='ocr_carea' id='block_1_73' title="bbox 2132 2564 3797 2638">
    <p class='ocr_par' dir='ltr' id='par_1_73' title="bbox 2132 2564 3797 2638">
     <span class='ocr_line' id='line_1_73' title="bbox 2132 2564 3797 2638; baseline -0.001 -18"><span class='ocrx_word' id='word_1_580' title='bbox 2132 2579 2263 2620; x_wconf 88' lang='lat' dir='ltr'>rum</span> <span class='ocrx_word' id='word_1_581' title='bbox 2286 2564 2495 2620; x_wconf 85' lang='lat' dir='ltr'>exsilio</span> <span class='ocrx_word' id='word_1_582' title='bbox 2520 2566 2807 2638; x_wconf 82' lang='lat' dir='ltr'>dicamus.</span> <span class='ocrx_word' id='word_1_583' title='bbox 2833 2565 2985 2620; x_wconf 87' lang='lat' dir='ltr'>Satis</span> <span class='ocrx_word' id='word_1_584' title='bbox 3008 2566 3167 2620; x_wconf 90' lang='lat' dir='ltr'>enim</span> <span class='ocrx_word' id='word_1_585' title='bbox 3199 2565 3512 2636; x_wconf 86' lang='lat' dir='ltr'>perspicue</span> <span class='ocrx_word' id='word_1_586' title='bbox 3545 2564 3797 2619; x_wconf 86' lang='lat' dir='ltr'>demon-</span> 
     </span>
    </p>
   </div>
   <div class='ocr_carea' id='block_1_74' title="bbox 2130 2653 3791 2725">
    <p class='ocr_par' dir='ltr' id='par_1_74' title="bbox 2130 2653 3791 2725">
     <span class='ocr_line' id='line_1_74' title="bbox 2130 2653 3791 2725; baseline -0.001 -17"><span class='ocrx_word' id='word_1_587' title='bbox 2130 2654 2446 2709; x_wconf 82' lang='lat' dir='ltr'>stravimus</span> <span class='ocrx_word' id='word_1_588' title='bbox 2474 2653 2651 2709; x_wconf 82' lang='lat' dir='ltr'>trlum</span> <span class='ocrx_word' id='word_1_589' title='bbox 2678 2654 2942 2725; x_wconf 88' lang='lat' dir='ltr'>priorum</span> <span class='ocrx_word' id='word_1_590' title='bbox 2968 2653 3375 2709; x_wconf 82' lang='lat' dir='ltr'>calamitatum</span> <span class='ocrx_word' id='word_1_591' title='bbox 3402 2658 3668 2722; x_wconf 88' lang='lat' dir='ltr'>tempora</span> <span class='ocrx_word' id='word_1_592' title='bbox 3698 2670 3791 2707; x_wconf 81' lang='lat' dir='ltr'>ex-</span> 
     </span>
    </p>
   </div>
   <div class='ocr_carea' id='block_1_75' title="bbox 2131 2743 3784 2828">
    <p class='ocr_par' dir='ltr' id='par_1_75' title="bbox 2131 2743 3784 2828">
     <span class='ocr_line' id='line_1_75' title="bbox 2131 2743 3784 2828; baseline -0.002 -29"><span class='ocrx_word' id='word_1_593' title='bbox 2131 2758 2332 2817; x_wconf 77' lang='lat' dir='ltr'>preSse</span> <span class='ocrx_word' id='word_1_594' title='bbox 2364 2744 2646 2819; x_wconf 84' lang='lat' dir='ltr'>praedicta</span> <span class='ocrx_word' id='word_1_595' title='bbox 2665 2743 2868 2814; x_wconf 87' lang='lat' dir='ltr'>fuisse,</span> <span class='ocrx_word' id='word_1_596' title='bbox 2905 2758 3198 2800; x_wconf 90' lang='lat' dir='ltr'>annorum</span> <span class='ocrx_word' id='word_1_597' title='bbox 3219 2744 3344 2810; x_wconf 75' lang='grc'>400,</span> <span class='ocrx_word' id='word_1_598' title='bbox 3373 2756 3667 2799; x_wconf 89' lang='lat' dir='ltr'>annorum</span> <span class='ocrx_word' id='word_1_599' title='bbox 3695 2744 3784 2828; x_wconf 57' lang='lat'>70,</span> 
     </span>
    </p>
   </div>
   <div class='ocr_carea' id='block_1_76' title="bbox 2129 2832 3784 2906">
    <p class='ocr_par' dir='ltr' id='par_1_76' title="bbox 2129 2832 3784 2906">
     <span class='ocr_line' id='line_1_76' title="bbox 2129 2832 3784 2906; baseline -0.002 -17"><span class='ocrx_word' id='word_1_600' title='bbox 2129 2848 2421 2890; x_wconf 87' lang='lat' dir='ltr'>annorum</span> <span class='ocrx_word' id='word_1_601' title='bbox 2451 2832 2484 2888; x_wconf 91' lang='lat'>3</span> <span class='ocrx_word' id='word_1_602' title='bbox 2515 2850 2561 2888; x_wconf 90' lang='lat' dir='ltr'>s.</span> <span class='ocrx_word' id='word_1_603' title='bbox 2597 2834 2874 2889; x_wconf 85' lang='lat' dir='ltr'>Dicamus</span> <span class='ocrx_word' id='word_1_604' title='bbox 2902 2849 3037 2906; x_wconf 75' lang='lat' dir='ltr'>ergo</span> <span class='ocrx_word' id='word_1_605' title='bbox 3059 2833 3239 2889; x_wconf 89' lang='lat' dir='ltr'>etiam</span> <span class='ocrx_word' id='word_1_606' title='bbox 3271 2832 3343 2888; x_wconf 90' lang='lat' dir='ltr'>de</span> <span class='ocrx_word' id='word_1_607' title='bbox 3375 2835 3618 2904; x_wconf 88' lang='lat' dir='ltr'>quarta:</span> <span class='ocrx_word' id='word_1_608' title='bbox 3642 2844 3784 2887; x_wconf 89' lang='lat' dir='ltr'>nam</span> 
     </span>
    </p>
   </div>
   <div class='ocr_carea' id='block_1_77' title="bbox 2128 2918 3787 2995">
    <p class='ocr_par' dir='ltr' id='par_1_77' title="bbox 2128 2918 3787 2995">
     <span class='ocr_line' id='line_1_77' title="bbox 2128 2918 3787 2995; baseline -0.002 -16"><span class='ocrx_word' id='word_1_609' title='bbox 2128 2921 2199 2979; x_wconf 90' lang='lat' dir='ltr'>de</span> <span class='ocrx_word' id='word_1_610' title='bbox 2229 2922 2338 2978; x_wconf 90' lang='lat' dir='ltr'>hac</span> <span class='ocrx_word' id='word_1_611' title='bbox 2357 2925 2535 2978; x_wconf 89' lang='lat' dir='ltr'>etiam</span> <span class='ocrx_word' id='word_1_612' title='bbox 2560 2929 2771 2995; x_wconf 89' lang='lat' dir='ltr'>quarta</span> <span class='ocrx_word' id='word_1_613' title='bbox 2792 2928 2970 2995; x_wconf 82' lang='lat' dir='ltr'>atque</span> <span class='ocrx_word' id='word_1_614' title='bbox 3011 2927 3312 2995; x_wconf 89' lang='lat' dir='ltr'>postrema</span> <span class='ocrx_word' id='word_1_615' title='bbox 3342 2918 3654 2977; x_wconf 88' lang='lat' dir='ltr'>Danielum</span> <span class='ocrx_word' id='word_1_616' title='bbox 3685 2936 3787 2976; x_wconf 88' lang='lat' dir='ltr'>va-</span> 
     </span>
    </p>
   </div>
   <div class='ocr_carea' id='block_1_78' title="bbox 2127 3007 3782 3084">
    <p class='ocr_par' dir='ltr' id='par_1_78' title="bbox 2127 3007 3782 3084">
     <span class='ocr_line' id='line_1_78' title="bbox 2127 3007 3782 3084; baseline -0.002 -16"><span class='ocrx_word' id='word_1_617' title='bbox 2127 3008 2456 3083; x_wconf 89' lang='lat' dir='ltr'>ticinatum,</span> <span class='ocrx_word' id='word_1_618' title='bbox 2505 3008 2591 3068; x_wconf 88' lang='lat' dir='ltr'>vel</span> <span class='ocrx_word' id='word_1_619' title='bbox 2639 3010 2983 3084; x_wconf 77' lang='lat' dir='ltr'>Joseplium,</span> <span class='ocrx_word' id='word_1_620' title='bbox 3047 3011 3349 3067; x_wconf 85' lang='lat' dir='ltr'>hominem</span> <span class='ocrx_word' id='word_1_621' title='bbox 3403 3009 3474 3066; x_wconf 88' lang='lat' dir='ltr'>ab</span> <span class='ocrx_word' id='word_1_622' title='bbox 3516 3007 3782 3082; x_wconf 90' lang='lat' dir='ltr'>ipsorum</span> 
     </span>
    </p>
   </div>
   <div class='ocr_carea' id='block_1_79' title="bbox 2125 3097 3782 3174">
    <p class='ocr_par' dir='ltr' id='par_1_79' title="bbox 2125 3097 3782 3174">
     <span class='ocr_line' id='line_1_79' title="bbox 2125 3097 3782 3174; baseline -0.002 -17"><span class='ocrx_word' id='word_1_623' title='bbox 2125 3100 2413 3174; x_wconf 88' lang='lat' dir='ltr'>partibus,</span> <span class='ocrx_word' id='word_1_624' title='bbox 2446 3107 2657 3157; x_wconf 90' lang='lat' dir='ltr'>testem</span> <span class='ocrx_word' id='word_1_625' title='bbox 2690 3103 2872 3158; x_wconf 88' lang='lat' dir='ltr'>citare</span> <span class='ocrx_word' id='word_1_626' title='bbox 2895 3102 3052 3157; x_wconf 89' lang='lat' dir='ltr'>licet.</span> <span class='ocrx_word' id='word_1_627' title='bbox 3086 3103 3233 3157; x_wconf 90' lang='lat' dir='ltr'>Cum</span> <span class='ocrx_word' id='word_1_628' title='bbox 3263 3101 3423 3156; x_wconf 88' lang='lat' dir='ltr'>enim</span> <span class='ocrx_word' id='word_1_629' title='bbox 3447 3098 3518 3155; x_wconf 90' lang='lat' dir='ltr'>de</span> <span class='ocrx_word' id='word_1_630' title='bbox 3548 3097 3782 3155; x_wconf 88' lang='lat' dir='ltr'>excidio</span> 
     </span>
    </p>
   </div>
   <div class='ocr_carea' id='block_1_80' title="bbox 2124 3188 3785 3247">
    <p class='ocr_par' dir='ltr' id='par_1_80' title="bbox 2124 3188 3785 3247">
     <span class='ocr_line' id='line_1_80' title="bbox 2124 3188 3785 3247; baseline -0.002 -1"><span class='ocrx_word' id='word_1_631' title='bbox 2124 3188 2470 3247; x_wconf 85' lang='lat' dir='ltr'>Antiochlco</span> <span class='ocrx_word' id='word_1_632' title='bbox 2499 3190 2732 3247; x_wconf 88' lang='lat' dir='ltr'>locutus</span> <span class='ocrx_word' id='word_1_633' title='bbox 2763 3188 2992 3245; x_wconf 87' lang='lat' dir='ltr'>Danieli</span> <span class='ocrx_word' id='word_1_634' title='bbox 3040 3190 3381 3244; x_wconf 86' lang='lat' dir='ltr'>testimonio</span> <span class='ocrx_word' id='word_1_635' title='bbox 3434 3203 3542 3244; x_wconf 89' lang='lat' dir='ltr'>sua</span> <span class='ocrx_word' id='word_1_636' title='bbox 3571 3188 3785 3243; x_wconf 89' lang='lat' dir='ltr'>confir-</span> 
     </span>
    </p>
   </div>
   <div class='ocr_carea' id='block_1_81' title="bbox 2124 3272 3781 3353">
    <p class='ocr_par' dir='ltr' id='par_1_81' title="bbox 2124 3272 3781 3353">
     <span class='ocr_line' id='line_1_81' title="bbox 2124 3272 3781 3353; baseline -0.002 -18"><span class='ocrx_word' id='word_1_637' title='bbox 2124 3284 2367 3349; x_wconf 89' lang='lat' dir='ltr'>masset,</span> <span class='ocrx_word' id='word_1_638' title='bbox 2391 3278 2463 3335; x_wconf 92' lang='lat' dir='ltr'>de</span> <span class='ocrx_word' id='word_1_639' title='bbox 2486 3284 2695 3353; x_wconf 87' lang='lat' dir='ltr'>quarto</span> <span class='ocrx_word' id='word_1_640' title='bbox 2719 3279 2804 3335; x_wconf 91' lang='lat' dir='ltr'>sic</span> <span class='ocrx_word' id='word_1_641' title='bbox 2821 3278 3032 3335; x_wconf 69' lang='lat' dir='ltr'>infert:</span> <span class='ocrx_word' id='word_1_642' title='bbox 3057 3278 3279 3334; x_wconf 91' lang='lat' dir='ltr'>Eodem</span> <span class='ocrx_word' id='word_1_643' title='bbox 3303 3272 3478 3333; x_wconf 89' lang='lat' dir='ltr'>modo</span> <span class='ocrx_word' id='word_1_644' title='bbox 3498 3276 3781 3333; x_wconf 84' lang='lat' dir='ltr'>Danielus</span> 
     </span>
    </p>
   </div>
   <div class='ocr_carea' id='block_1_82' title="bbox 2124 3363 3779 3441">
    <p class='ocr_par' dir='ltr' id='par_1_82' title="bbox 2124 3363 3779 3441">
     <span class='ocr_line' id='line_1_82' title="bbox 2124 3363 3779 3441; baseline -0.002 -16"><span class='ocrx_word' id='word_1_645' title='bbox 2124 3368 2303 3425; x_wconf 88' lang='lat' dir='ltr'>etiam</span> <span class='ocrx_word' id='word_1_646' title='bbox 2330 3368 2400 3424; x_wconf 90' lang='lat' dir='ltr'>de</span> <span class='ocrx_word' id='word_1_647' title='bbox 2433 3372 2836 3429; x_wconf 82' lang='lat' dir='ltr'>Romanorum</span> <span class='ocrx_word' id='word_1_648' title='bbox 2862 3366 3110 3441; x_wconf 90' lang='lat' dir='ltr'>imperio</span> <span class='ocrx_word' id='word_1_649' title='bbox 3136 3367 3486 3423; x_wconf 87' lang='lat' dir='ltr'>vaticinatus</span> <span class='ocrx_word' id='word_1_650' title='bbox 3508 3371 3616 3435; x_wconf 88' lang='lat' dir='ltr'>est,</span> <span class='ocrx_word' id='word_1_651' title='bbox 3650 3363 3779 3421; x_wconf 84' lang='lat' dir='ltr'>Hie-</span> 
     </span>
    </p>
   </div>
   <div class='ocr_carea' id='block_1_83' title="bbox 2121 3454 3775 3532">
    <p class='ocr_par' dir='ltr' id='par_1_83' title="bbox 2121 3454 3775 3532">
     <span class='ocr_line' id='line_1_83' title="bbox 2121 3454 3775 3532; baseline -0.002 -17"><span class='ocrx_word' id='word_1_652' title='bbox 2121 3459 2481 3532; x_wconf 87' lang='lat' dir='ltr'>rosolymam</span> <span class='ocrx_word' id='word_1_653' title='bbox 2496 3458 2570 3515; x_wconf 90' lang='lat' dir='ltr'>ab</span> <span class='ocrx_word' id='word_1_654' title='bbox 2586 3456 2657 3515; x_wconf 89' lang='lat' dir='ltr'>iis</span> <span class='ocrx_word' id='word_1_655' title='bbox 2670 3463 2957 3515; x_wconf 85' lang='lat' dir='ltr'>vastatum</span> <span class='ocrx_word' id='word_1_656' title='bbox 2974 3458 3382 3530; x_wconf 88' lang='lat' dir='ltr'>templumque</span> <span class='ocrx_word' id='word_1_657' title='bbox 3397 3470 3664 3511; x_wconf 83' lang='lat' dir='ltr'>aversum</span> <span class='ocrx_word' id='word_1_658' title='bbox 3679 3454 3775 3511; x_wconf 89' lang='lat' dir='ltr'>iri.</span> 
     </span>
    </p>
   </div>
   <div class='ocr_carea' id='block_1_84' title="bbox 2122 3542 3771 3611">
    <p class='ocr_par' dir='ltr' id='par_1_84' title="bbox 2122 3542 3771 3611">
     <span class='ocr_line' id='line_1_84' title="bbox 2122 3542 3771 3611; baseline -0.002 -7"><span class='ocrx_word' id='word_1_659' title='bbox 2122 3546 2357 3604; x_wconf 84' lang='lat' dir='ltr'>Acmihi</span> <span class='ocrx_word' id='word_1_660' title='bbox 2378 3546 2639 3603; x_wconf 87' lang='lat' dir='ltr'>veritatis</span> <span class='ocrx_word' id='word_1_661' title='bbox 2662 3548 2923 3604; x_wconf 91' lang='lat' dir='ltr'>studium</span> <span class='ocrx_word' id='word_1_662' title='bbox 2948 3548 3008 3603; x_wconf 88' lang='lat' dir='ltr'>in</span> <span class='ocrx_word' id='word_1_663' title='bbox 3028 3563 3096 3603; x_wconf 89' lang='lat' dir='ltr'>eo</span> <span class='ocrx_word' id='word_1_664' title='bbox 3119 3547 3240 3602; x_wconf 89' lang='lat' dir='ltr'>viro</span> <span class='ocrx_word' id='word_1_665' title='bbox 3263 3542 3596 3611; x_wconf 88' lang='lat' dir='ltr'>considera,</span> <span class='ocrx_word' id='word_1_666' title='bbox 3622 3544 3771 3600; x_wconf 75' lang='lat'>401</span> 
     </span>
    </p>
   </div>
   <div class='ocr_carea' id='block_1_85' title="bbox 2123 3631 3775 3708">
    <p class='ocr_par' dir='ltr' id='par_1_85' title="bbox 2123 3631 3775 3708">
     <span class='ocr_line' id='line_1_85' title="bbox 2123 3631 3775 3708; baseline -0.003 -18"><span class='ocrx_word' id='word_1_667' title='bbox 2123 3635 2222 3708; x_wconf 88' lang='lat' dir='ltr'>qui</span> <span class='ocrx_word' id='word_1_668' title='bbox 2256 3635 2490 3690; x_wconf 85' lang='lat' dir='ltr'>tametsi</span> <span class='ocrx_word' id='word_1_669' title='bbox 2519 3635 2757 3690; x_wconf 69' lang='lat' dir='ltr'>Judaaus</span> <span class='ocrx_word' id='word_1_670' title='bbox 2788 3638 2932 3701; x_wconf 87' lang='lat' dir='ltr'>erat,</span> <span class='ocrx_word' id='word_1_671' title='bbox 2956 3632 3260 3689; x_wconf 87' lang='lat' dir='ltr'>Judalcam</span> <span class='ocrx_word' id='word_1_672' title='bbox 3303 3638 3499 3687; x_wconf 87' lang='lat' dir='ltr'>tamen</span> <span class='ocrx_word' id='word_1_673' title='bbox 3532 3631 3775 3686; x_wconf 87' lang='lat' dir='ltr'>conten-</span> 
     </span>
    </p>
   </div>
   <div class='ocr_carea' id='block_1_86' title="bbox 2123 3719 3776 3780">
    <p class='ocr_par' dir='ltr' id='par_1_86' title="bbox 2123 3719 3776 3780">
     <span class='ocr_line' id='line_1_86' title="bbox 2123 3719 3776 3780; baseline -0.003 -1"><span class='ocrx_word' id='word_1_674' title='bbox 2123 3720 2298 3780; x_wconf 89' lang='lat' dir='ltr'>dendi</span> <span class='ocrx_word' id='word_1_675' title='bbox 2329 3732 2387 3779; x_wconf 91' lang='lat' dir='ltr'>et</span> <span class='ocrx_word' id='word_1_676' title='bbox 2414 3724 2744 3779; x_wconf 83' lang='lat' dir='ltr'>mentiendi</span> <span class='ocrx_word' id='word_1_677' title='bbox 2774 3720 3079 3780; x_wconf 88' lang='lat' dir='ltr'>libidinem</span> <span class='ocrx_word' id='word_1_678' title='bbox 3125 3722 3339 3778; x_wconf 81' lang='lat' dir='ltr'>imitati</span> <span class='ocrx_word' id='word_1_679' title='bbox 3388 3719 3599 3776; x_wconf 87' lang='lat' dir='ltr'>noluit.</span> <span class='ocrx_word' id='word_1_680' title='bbox 3631 3720 3776 3775; x_wconf 91' lang='lat' dir='ltr'>Cum</span> 
     </span>
    </p>
   </div>
   <div class='ocr_carea' id='block_1_87' title="bbox 2121 3810 3777 3886">
    <p class='ocr_par' dir='ltr' id='par_1_87' title="bbox 2121 3810 3777 3886">
     <span class='ocr_line' id='line_1_87' title="bbox 2121 3810 3777 3886; baseline -0.002 -16"><span class='ocrx_word' id='word_1_681' title='bbox 2121 3815 2278 3870; x_wconf 91' lang='lat' dir='ltr'>enim</span> <span class='ocrx_word' id='word_1_682' title='bbox 2312 3814 2610 3870; x_wconf 71' lang='lat' dir='ltr'>eXcidium</span> <span class='ocrx_word' id='word_1_683' title='bbox 2643 3811 2808 3870; x_wconf 87' lang='lat' dir='ltr'>urbis</span> <span class='ocrx_word' id='word_1_684' title='bbox 2841 3819 2898 3870; x_wconf 89' lang='lat' dir='ltr'>et</span> <span class='ocrx_word' id='word_1_685' title='bbox 2920 3813 3125 3886; x_wconf 89' lang='lat' dir='ltr'>templi</span> <span class='ocrx_word' id='word_1_686' title='bbox 3149 3812 3504 3885; x_wconf 81' lang='lat' dir='ltr'>scripsisset,</span> <span class='ocrx_word' id='word_1_687' title='bbox 3529 3824 3649 3867; x_wconf 91' lang='lat' dir='ltr'>non</span> <span class='ocrx_word' id='word_1_688' title='bbox 3673 3810 3777 3867; x_wconf 87' lang='lat' dir='ltr'>ad-</span> 
     </span>
    </p>
   </div>
   <div class='ocr_carea' id='block_1_88' title="bbox 2118 3900 3782 3975">
    <p class='ocr_par' dir='ltr' id='par_1_88' title="bbox 2118 3900 3782 3975">
     <span class='ocr_line' id='line_1_88' title="bbox 2118 3900 3782 3975; baseline -0.002 -17"><span class='ocrx_word' id='word_1_689' title='bbox 2118 3904 2206 3959; x_wconf 86' lang='lat' dir='ltr'>dit</span> <span class='ocrx_word' id='word_1_690' title='bbox 2235 3900 2472 3975; x_wconf 79' lang='lat' dir='ltr'>quando</span> <span class='ocrx_word' id='word_1_691' title='bbox 2506 3903 2557 3959; x_wconf 90' lang='lat' dir='ltr'>ei</span> <span class='ocrx_word' id='word_1_692' title='bbox 2592 3902 2914 3959; x_wconf 86' lang='lat' dir='ltr'>calamitati</span> <span class='ocrx_word' id='word_1_693' title='bbox 2948 3900 3085 3958; x_wconf 81' lang='lat' dir='ltr'>finis</span> <span class='ocrx_word' id='word_1_694' title='bbox 3115 3902 3193 3959; x_wconf 90' lang='lat' dir='ltr'>sit</span> <span class='ocrx_word' id='word_1_695' title='bbox 3232 3902 3487 3967; x_wconf 82' lang='lat' dir='ltr'>futurus,</span> <span class='ocrx_word' id='word_1_696' title='bbox 3520 3902 3660 3971; x_wconf 87' lang='lat' dir='ltr'>quia</span> <span class='ocrx_word' id='word_1_697' title='bbox 3691 3901 3782 3973; x_wconf 89' lang='lat' dir='ltr'>ip-</span> 
     </span>
    </p>
   </div>
   <div class='ocr_carea' id='block_1_89' title="bbox 2120 3987 3772 4064">
    <p class='ocr_par' dir='ltr' id='par_1_89' title="bbox 2120 3987 3772 4064">
     <span class='ocr_line' id='line_1_89' title="bbox 2120 3987 3772 4064; baseline -0.001 -17"><span class='ocrx_word' id='word_1_698' title='bbox 2120 4008 2250 4047; x_wconf 90' lang='lat' dir='ltr'>sum</span> <span class='ocrx_word' id='word_1_699' title='bbox 2298 4004 2535 4064; x_wconf 86' lang='lat' dir='ltr'>quoque</span> <span class='ocrx_word' id='word_1_700' title='bbox 2592 3990 2941 4048; x_wconf 87' lang='lat' dir='ltr'>vatemnihil</span> <span class='ocrx_word' id='word_1_701' title='bbox 2989 3990 3107 4047; x_wconf 87' lang='lat' dir='ltr'>tale</span> <span class='ocrx_word' id='word_1_702' title='bbox 3165 3988 3465 4047; x_wconf 85' lang='lat' dir='ltr'>addidisse</span> <span class='ocrx_word' id='word_1_703' title='bbox 3516 3987 3772 4045; x_wconf 82' lang='lat' dir='ltr'>videbat.</span> 
     </span>
    </p>
   </div>
   <div class='ocr_carea' id='block_1_90' title="bbox 2119 4078 3774 4151">
    <p class='ocr_par' dir='ltr' id='par_1_90' title="bbox 2119 4078 3774 4151">
     <span class='ocr_line' id='line_1_90' title="bbox 2119 4078 3774 4151; baseline -0.004 -14"><span class='ocrx_word' id='word_1_704' title='bbox 2119 4078 2269 4137; x_wconf 83' lang='lat' dir='ltr'>Audi</span> <span class='ocrx_word' id='word_1_705' title='bbox 2302 4097 2441 4136; x_wconf 86' lang='lat' dir='ltr'>vero</span> <span class='ocrx_word' id='word_1_706' title='bbox 2471 4078 2573 4136; x_wconf 89' lang='lat' dir='ltr'>ubi</span> <span class='ocrx_word' id='word_1_707' title='bbox 2609 4080 2889 4137; x_wconf 85' lang='lat' dir='ltr'>Danielus</span> <span class='ocrx_word' id='word_1_708' title='bbox 2939 4081 3325 4136; x_wconf 83' lang='lat' dir='ltr'>vastationem</span> <span class='ocrx_word' id='word_1_709' title='bbox 3370 4078 3571 4151; x_wconf 84' lang='lat' dir='ltr'>templi</span> <span class='ocrx_word' id='word_1_710' title='bbox 3622 4096 3774 4151; x_wconf 75' lang='lat' dir='ltr'>prm-</span> 
     </span>
    </p>
   </div>
   <div class='ocr_carea' id='block_1_91' title="bbox 2118 4168 3773 4241">
    <p class='ocr_par' dir='ltr' id='par_1_91' title="bbox 2118 4168 3773 4241">
     <span class='ocr_line' id='line_1_91' title="bbox 2118 4168 3773 4241; baseline -0.002 -15"><span class='ocrx_word' id='word_1_711' title='bbox 2118 4168 2353 4226; x_wconf 82' lang='lat' dir='ltr'>dixerit.</span> <span class='ocrx_word' id='word_1_712' title='bbox 2386 4170 2708 4241; x_wconf 87' lang='lat' dir='ltr'>Postquam</span> <span class='ocrx_word' id='word_1_713' title='bbox 2731 4185 2898 4226; x_wconf 88' lang='lat' dir='ltr'>sacro</span> <span class='ocrx_word' id='word_1_714' title='bbox 2919 4171 3165 4225; x_wconf 87' lang='lat' dir='ltr'>indutus</span> <span class='ocrx_word' id='word_1_715' title='bbox 3190 4176 3248 4224; x_wconf 92' lang='lat' dir='ltr'>et</span> <span class='ocrx_word' id='word_1_716' title='bbox 3270 4170 3471 4224; x_wconf 87' lang='lat' dir='ltr'>cinere</span> <span class='ocrx_word' id='word_1_717' title='bbox 3496 4183 3773 4241; x_wconf 85' lang='lat' dir='ltr'>consper-</span> 
     </span>
    </p>
   </div>
   <div class='ocr_carea' id='block_1_92' title="bbox 2100 4256 3772 4331">
    <p class='ocr_par' dir='ltr' id='par_1_92' title="bbox 2100 4256 3772 4331">
     <span class='ocr_line' id='line_1_92' title="bbox 2100 4256 3772 4331; baseline -0.002 -14"><span class='ocrx_word' id='word_1_718' title='bbox 2100 4272 2219 4317; x_wconf 83' lang='lat' dir='ltr'>’sus</span> <span class='ocrx_word' id='word_1_719' title='bbox 2250 4258 2436 4316; x_wconf 90' lang='lat' dir='ltr'>Deum</span> <span class='ocrx_word' id='word_1_720' title='bbox 2467 4260 2818 4331; x_wconf 87' lang='lat' dir='ltr'>deprecatus</span> <span class='ocrx_word' id='word_1_721' title='bbox 2850 4259 2983 4328; x_wconf 88' lang='lat' dir='ltr'>fuit,</span> <span class='ocrx_word' id='word_1_722' title='bbox 3019 4260 3175 4314; x_wconf 88' lang='lat' dir='ltr'>venit</span> <span class='ocrx_word' id='word_1_723' title='bbox 3204 4259 3276 4315; x_wconf 88' lang='lat' dir='ltr'>ad</span> <span class='ocrx_word' id='word_1_724' title='bbox 3309 4272 3441 4313; x_wconf 86' lang='lat' dir='ltr'>eum</span> <span class='ocrx_word' id='word_1_725' title='bbox 3465 4256 3772 4313; x_wconf 83' lang='lat' dir='ltr'>Gabrielus</span> 
     </span>
    </p>
   </div>
   <div class='ocr_carea' id='block_1_93' title="bbox 2119 4346 3774 4421">
    <p class='ocr_par' dir='ltr' id='par_1_93' title="bbox 2119 4346 3774 4421">
     <span class='ocr_line' id='line_1_93' title="bbox 2119 4346 3774 4421; baseline -0.004 -15"><span class='ocrx_word' id='word_1_726' title='bbox 2119 4366 2187 4406; x_wconf 90' lang='lat' dir='ltr'>ac</span> <span class='ocrx_word' id='word_1_727' title='bbox 2207 4350 2477 4406; x_wconf 79' lang='lat' dir='ltr'>dicit270</span> <span class='ocrx_word' id='word_1_728' title='bbox 2519 4348 2867 4421; x_wconf 67' lang='lat' dir='ltr'>septimanae</span> <span class='ocrx_word' id='word_1_729' title='bbox 2907 4346 3265 4405; x_wconf 79' lang='lat' dir='ltr'>decidantur</span> <span class='ocrx_word' id='word_1_730' title='bbox 3296 4346 3514 4421; x_wconf 80' lang='lat' dir='ltr'>populo</span> <span class='ocrx_word' id='word_1_731' title='bbox 3546 4354 3665 4415; x_wconf 87' lang='lat' dir='ltr'>tuo,</span> <span class='ocrx_word' id='word_1_732' title='bbox 3715 4349 3774 4400; x_wconf 87' lang='lat' dir='ltr'>et</span> 
     </span>
    </p>
   </div>
   <div class='ocr_carea' id='block_1_94' title="bbox 2118 4433 3770 4508">
    <p class='ocr_par' dir='ltr' id='par_1_94' title="bbox 2118 4433 3770 4508">
     <span class='ocr_line' id='line_1_94' title="bbox 2118 4433 3770 4508; baseline -0.004 -15"><span class='ocrx_word' id='word_1_733' title='bbox 2118 4433 2251 4494; x_wconf 87' lang='lat' dir='ltr'>urbi</span> <span class='ocrx_word' id='word_1_734' title='bbox 2283 4441 2523 4494; x_wconf 60' lang='lat' dir='ltr'>sanctas.</span> <span class='ocrx_word' id='word_1_735' title='bbox 2555 4435 2701 4491; x_wconf 87' lang='lat' dir='ltr'>Ecce</span> <span class='ocrx_word' id='word_1_736' title='bbox 2736 4440 2969 4508; x_wconf 82' lang='lat' dir='ltr'>tempus</span> <span class='ocrx_word' id='word_1_737' title='bbox 3001 4450 3118 4506; x_wconf 88' lang='lat' dir='ltr'>quo</span> <span class='ocrx_word' id='word_1_738' title='bbox 3149 4451 3269 4490; x_wconf 90' lang='lat' dir='ltr'>non</span> <span class='ocrx_word' id='word_1_739' title='bbox 3298 4434 3483 4506; x_wconf 74' lang='lat' dir='ltr'>ipsius</span> <span class='ocrx_word' id='word_1_740' title='bbox 3516 4433 3770 4487; x_wconf 87' lang='lat' dir='ltr'>calumi-</span> 
     </span>
    </p>
   </div>
   <div class='ocr_carea' id='block_1_95' title="bbox 2120 4523 3769 4597">
    <p class='ocr_par' dir='ltr' id='par_1_95' title="bbox 2120 4523 3769 4597">
     <span class='ocr_line' id='line_1_95' title="bbox 2120 4523 3769 4597; baseline -0.002 -14"><span class='ocrx_word' id='word_1_741' title='bbox 2120 4528 2256 4583; x_wconf 87' lang='lat' dir='ltr'>tatis</span> <span class='ocrx_word' id='word_1_742' title='bbox 2288 4542 2476 4594; x_wconf 87' lang='lat' dir='ltr'>mora,</span> <span class='ocrx_word' id='word_1_743' title='bbox 2511 4526 2614 4581; x_wconf 90' lang='lat' dir='ltr'>sed</span> <span class='ocrx_word' id='word_1_744' title='bbox 2645 4523 2883 4597; x_wconf 88' lang='lat' dir='ltr'>quando</span> <span class='ocrx_word' id='word_1_745' title='bbox 2908 4530 3062 4581; x_wconf 87' lang='lat' dir='ltr'>esset</span> <span class='ocrx_word' id='word_1_746' title='bbox 3092 4525 3295 4580; x_wconf 83' lang='lat' dir='ltr'>futura</span> <span class='ocrx_word' id='word_1_747' title='bbox 3314 4538 3383 4579; x_wconf 85' lang='lat' dir='ltr'>ea</span> <span class='ocrx_word' id='word_1_748' title='bbox 3405 4523 3769 4596; x_wconf 79' lang='lat' dir='ltr'>designatur.</span> 
     </span>
    </p>
   </div>
   <div class='ocr_carea' id='block_1_96' title="bbox 2119 4612 3771 4689">
    <p class='ocr_par' dir='ltr' id='par_1_96' title="bbox 2119 4612 3771 4689">
     <span class='ocr_line' id='line_1_96' title="bbox 2119 4612 3771 4689; baseline -0.003 -17"><span class='ocrx_word' id='word_1_749' title='bbox 2119 4618 2249 4672; x_wconf 83' lang='lat' dir='ltr'>Mox</span> <span class='ocrx_word' id='word_1_750' title='bbox 2279 4614 2615 4689; x_wconf 81' lang='lat' dir='ltr'>expressius</span> <span class='ocrx_word' id='word_1_751' title='bbox 2638 4615 2751 4671; x_wconf 88' lang='lat' dir='ltr'>ait:</span> <span class='ocrx_word' id='word_1_752' title='bbox 2777 4616 3107 4687; x_wconf 75' lang='lat' dir='ltr'>Cognosces</span> <span class='ocrx_word' id='word_1_753' title='bbox 3142 4621 3319 4686; x_wconf 86' lang='lat' dir='ltr'>atque</span> <span class='ocrx_word' id='word_1_754' title='bbox 3348 4614 3664 4685; x_wconf 76' lang='lat' dir='ltr'>intelliges,</span> <span class='ocrx_word' id='word_1_755' title='bbox 3698 4612 3771 4667; x_wconf 89' lang='lat' dir='ltr'>ab</span> 
     </span>
    </p>
   </div>
   <div class='ocr_carea' id='block_1_97' title="bbox 2120 4703 3777 4773">
    <p class='ocr_par' dir='ltr' id='par_1_97' title="bbox 2120 4703 3777 4773">
     <span class='ocr_line' id='line_1_97' title="bbox 2120 4703 3777 4773; baseline -0.002 -11"><span class='ocrx_word' id='word_1_756' title='bbox 2120 4706 2279 4762; x_wconf 83' lang='lat' dir='ltr'>exitu</span> <span class='ocrx_word' id='word_1_757' title='bbox 2311 4704 2623 4773; x_wconf 89' lang='lat' dir='ltr'>sermonis,</span> <span class='ocrx_word' id='word_1_758' title='bbox 2657 4722 2792 4761; x_wconf 91' lang='lat' dir='ltr'>cum</span> <span class='ocrx_word' id='word_1_759' title='bbox 2820 4705 3124 4760; x_wconf 88' lang='lat' dir='ltr'>decretum</span> <span class='ocrx_word' id='word_1_760' title='bbox 3161 4704 3261 4759; x_wconf 85' lang='lat' dir='ltr'>fiet</span> <span class='ocrx_word' id='word_1_761' title='bbox 3281 4704 3353 4759; x_wconf 88' lang='lat' dir='ltr'>de</span> <span class='ocrx_word' id='word_1_762' title='bbox 3384 4703 3777 4758; x_wconf 86' lang='lat' dir='ltr'>instauranda</span> 
     </span>
    </p>
   </div>
   <div class='ocr_carea' id='block_1_98' title="bbox 2122 4793 3775 4869">
    <p class='ocr_par' dir='ltr' id='par_1_98' title="bbox 2122 4793 3775 4869">
     <span class='ocr_line' id='line_1_98' title="bbox 2122 4793 3775 4869; baseline -0.003 -17"><span class='ocrx_word' id='word_1_763' title='bbox 2122 4794 2546 4869; x_wconf 83' lang='lat' dir='ltr'>Hierosolyma,</span> <span class='ocrx_word' id='word_1_764' title='bbox 2607 4808 2796 4866; x_wconf 81' lang='lat' dir='ltr'>usque</span> <span class='ocrx_word' id='word_1_765' title='bbox 2854 4794 2929 4851; x_wconf 89' lang='lat' dir='ltr'>ad</span> <span class='ocrx_word' id='word_1_766' title='bbox 2986 4794 3302 4866; x_wconf 88' lang='lat' dir='ltr'>imperium</span> <span class='ocrx_word' id='word_1_767' title='bbox 3353 4793 3538 4861; x_wconf 79' lang='lat' dir='ltr'>uncti,</span> <span class='ocrx_word' id='word_1_768' title='bbox 3598 4796 3775 4848; x_wconf 88' lang='lat' dir='ltr'>erunt</span> 
     </span>
    </p>
   </div>
   <div class='ocr_carea' id='block_1_99' title="bbox 2120 4884 3773 4960">
    <p class='ocr_par' dir='ltr' id='par_1_99' title="bbox 2120 4884 3773 4960">
     <span class='ocr_line' id='line_1_99' title="bbox 2120 4884 3773 4960; baseline -0.004 -17"><span class='ocrx_word' id='word_1_769' title='bbox 2120 4889 2467 4960; x_wconf 67' lang='lat' dir='ltr'>septimanae</span> <span class='ocrx_word' id='word_1_770' title='bbox 2498 4889 2529 4941; x_wconf 88' lang='grc'>’7</span> <span class='ocrx_word' id='word_1_771' title='bbox 2562 4889 2620 4941; x_wconf 90' lang='lat' dir='ltr'>et</span> <span class='ocrx_word' id='word_1_772' title='bbox 2645 4888 2994 4959; x_wconf 65' lang='lat' dir='ltr'>septimanae</span> <span class='ocrx_word' id='word_1_773' title='bbox 3024 4888 3112 4943; x_wconf 83' lang='lat'>62.</span> <span class='ocrx_word' id='word_1_774' title='bbox 3150 4888 3339 4958; x_wconf 82' lang='lat' dir='ltr'>Atque</span> <span class='ocrx_word' id='word_1_775' title='bbox 3371 4885 3466 4939; x_wconf 87' lang='lat' dir='ltr'>hic</span> <span class='ocrx_word' id='word_1_776' title='bbox 3500 4884 3644 4938; x_wconf 82' lang='lat' dir='ltr'>mihi</span> <span class='ocrx_word' id='word_1_777' title='bbox 3681 4884 3773 4938; x_wconf 87' lang='lat' dir='ltr'>di-</span> 
     </span>
    </p>
   </div>
   <div class='ocr_carea' id='block_1_100' title="bbox 2118 4972 3772 5050">
    <p class='ocr_par' dir='ltr' id='par_1_100' title="bbox 2118 4972 3772 5050">
     <span class='ocr_line' id='line_1_100' title="bbox 2118 4972 3772 5050; baseline -0.004 -18"><span class='ocrx_word' id='word_1_778' title='bbox 2118 4977 2368 5050; x_wconf 77' lang='lat' dir='ltr'>ligenter</span> <span class='ocrx_word' id='word_1_779' title='bbox 2396 4974 2660 5032; x_wconf 86' lang='lat' dir='ltr'>animum</span> <span class='ocrx_word' id='word_1_780' title='bbox 2711 4976 2987 5031; x_wconf 85' lang='lat' dir='ltr'>adverte:</span> <span class='ocrx_word' id='word_1_781' title='bbox 3040 4974 3135 5031; x_wconf 88' lang='lat' dir='ltr'>hic</span> <span class='ocrx_word' id='word_1_782' title='bbox 3181 4976 3341 5031; x_wconf 83' lang='lat' dir='ltr'>enim</span> <span class='ocrx_word' id='word_1_783' title='bbox 3375 4980 3463 5029; x_wconf 88' lang='lat' dir='ltr'>est</span> <span class='ocrx_word' id='word_1_784' title='bbox 3512 4974 3569 5029; x_wconf 91' lang='lat' dir='ltr'>id</span> <span class='ocrx_word' id='word_1_785' title='bbox 3612 4972 3772 5044; x_wconf 85' lang='lat' dir='ltr'>quod</span> 
     </span>
    </p>
   </div>
   <div class='ocr_carea' id='block_1_101' title="bbox 2120 5062 3772 5139">
    <p class='ocr_par' dir='ltr' id='par_1_101' title="bbox 2120 5062 3772 5139">
     <span class='ocr_line' id='line_1_101' title="bbox 2120 5062 3772 5139; baseline -0.005 -17"><span class='ocrx_word' id='word_1_786' title='bbox 2120 5062 2423 5139; x_wconf 67' lang='lat' dir='ltr'>qtlaaritur.</span> <span class='ocrx_word' id='word_1_787' title='bbox 2461 5062 2817 5137; x_wconf 69' lang='lat' dir='ltr'>Septimanaa</span> <span class='ocrx_word' id='word_1_788' title='bbox 2846 5066 2877 5120; x_wconf 80' lang='lat'><strong>7</strong></span> <span class='ocrx_word' id='word_1_789' title='bbox 2911 5068 2969 5121; x_wconf 88' lang='lat' dir='ltr'>et</span> <span class='ocrx_word' id='word_1_790' title='bbox 2998 5065 3130 5121; x_wconf 77' lang='lat' dir='ltr'>alim</span> <span class='ocrx_word' id='word_1_791' title='bbox 3162 5064 3230 5119; x_wconf 78' lang='lat'>62</span> <span class='ocrx_word' id='word_1_792' title='bbox 3261 5078 3449 5121; x_wconf 86' lang='lat' dir='ltr'>annos</span> <span class='ocrx_word' id='word_1_793' title='bbox 3497 5062 3772 5131; x_wconf 70' lang='lat' dir='ltr'>redigunt</span> 
     </span>
    </p>
   </div>
   <div class='ocr_carea' id='block_1_102' title="bbox 336 5135 2015 5231">
    <p class='ocr_par' dir='ltr' id='par_1_102' title="bbox 336 5150 1998 5231">
     <span class='ocr_line' id='line_1_102' title="bbox 336 5150 1998 5231; baseline 0.001 -19"><span class='ocrx_word' id='word_1_794' title='bbox 336 5156 593 5231; x_wconf 74' lang='grc' dir='ltr'>κριθῆναι</span> <span class='ocrx_word' id='word_1_795' title='bbox 624 5152 713 5210; x_wconf 79' lang='grc' dir='ltr'>καὶ</span> <span class='ocrx_word' id='word_1_796' title='bbox 762 5155 861 5209; x_wconf 68' lang='grc' dir='ltr'>τοῦ</span> <span class='ocrx_word' id='word_1_797' title='bbox 910 5150 1278 5226; x_wconf 75' lang='grc' dir='ltr'>οἰκοδομῆσαι</span> <span class='ocrx_word' id='word_1_798' title='bbox 1321 5153 1708 5230; x_wconf 67' lang='grc' dir='ltr'>Ἰερουσαλήμ,</span> <span class='ocrx_word' id='word_1_799' title='bbox 1741 5154 1842 5219; x_wconf 72' lang='grc' dir='ltr'>ἕως</span> <span class='ocrx_word' id='word_1_800' title='bbox 1868 5159 1998 5231; x_wconf 78' lang='grc' dir='ltr'>Χρι-</span> 
     </span>
    </p>
   </div>
   <div class='ocr_carea' id='block_1_103' title="bbox 2126 5135 3768 5231">
    <p class='ocr_par' dir='ltr' id='par_1_103' title="bbox 2126 5150 3768 5223">
     <span class='ocr_line' id='line_1_103' title="bbox 2126 5150 3768 5223; baseline -0.005 -12"><span class='ocrx_word' id='word_1_801' title='bbox 2126 5157 2251 5211; x_wconf 81' lang='lat' dir='ltr'>l83:</span> <span class='ocrx_word' id='word_1_802' title='bbox 2289 5170 2408 5210; x_wconf 91' lang='lat' dir='ltr'>non</span> <span class='ocrx_word' id='word_1_803' title='bbox 2441 5156 2600 5211; x_wconf 91' lang='lat' dir='ltr'>enim</span> <span class='ocrx_word' id='word_1_804' title='bbox 2634 5154 2888 5223; x_wconf 88' lang='lat' dir='ltr'>dierum,</span> <span class='ocrx_word' id='word_1_805' title='bbox 2923 5171 3042 5210; x_wconf 92' lang='lat' dir='ltr'>non</span> <span class='ocrx_word' id='word_1_806' title='bbox 3084 5155 3401 5218; x_wconf 88' lang='lat' dir='ltr'>mensium,</span> <span class='ocrx_word' id='word_1_807' title='bbox 3434 5150 3537 5207; x_wconf 91' lang='lat' dir='ltr'>sed</span> <span class='ocrx_word' id='word_1_808' title='bbox 3581 5165 3768 5205; x_wconf 88' lang='lat' dir='ltr'>anno-</span> 
     </span>
    </p>
   </div>
   <div class='ocr_carea' id='block_1_104' title="bbox 342 5238 1999 5322">
    <p class='ocr_par' dir='ltr' id='par_1_104' title="bbox 342 5238 1999 5322">
     <span class='ocr_line' id='line_1_104' title="bbox 342 5238 1999 5322; baseline 0.004 -24"><span class='ocrx_word' id='word_1_809' title='bbox 342 5249 477 5301; x_wconf 67' lang='grc' dir='ltr'>ο»τοῦ</span> <span class='ocrx_word' id='word_1_810' title='bbox 534 5245 872 5320; x_wconf 78' lang='grc' dir='ltr'>ἡγουμένου,</span> <span class='ocrx_word' id='word_1_811' title='bbox 930 5238 1240 5317; x_wconf 74' lang='grc' dir='ltr'>ἑϐδομάδας</span> <span class='ocrx_word' id='word_1_812' title='bbox 1300 5249 1342 5315; x_wconf 80' lang='grc' dir='ltr'>ζ’</span> <span class='ocrx_word' id='word_1_813' title='bbox 1400 5246 1489 5299; x_wconf 77' lang='grc' dir='ltr'>καὶ</span> <span class='ocrx_word' id='word_1_814' title='bbox 1543 5239 1852 5318; x_wconf 73' lang='grc' dir='ltr'>ἑϐδομάδας</span> 
     </span>
    </p>
   </div>
   <div class='ocr_carea' id='block_1_105' title="bbox 342 5328 2004 5410">
    <p class='ocr_par' dir='ltr' id='par_1_105' title="bbox 342 5328 2004 5410">
     <span class='ocr_line' id='line_1_105' title="bbox 342 5328 2004 5410; baseline 0 -18"><span class='ocrx_word' id='word_1_815' title='bbox 342 5334 609 5397; x_wconf 69' lang='grc' dir='ltr'>Ἐνταῦοὶ</span> <span class='ocrx_word' id='word_1_816' title='bbox 643 5354 738 5407; x_wconf 84' lang='grc' dir='ltr'>μοι</span> <span class='ocrx_word' id='word_1_817' title='bbox 768 5336 1047 5408; x_wconf 79' lang='grc' dir='ltr'>νουνεχῶς</span> <span class='ocrx_word' id='word_1_818' title='bbox 1081 5333 1338 5408; x_wconf 81' lang='grc' dir='ltr'>πρόσεχε·</span> <span class='ocrx_word' id='word_1_819' title='bbox 1380 5330 1443 5389; x_wconf 87' lang='grc' dir='ltr'>τὸ</span> <span class='ocrx_word' id='word_1_820' title='bbox 1502 5328 1607 5410; x_wconf 71' lang='grc' dir='ltr'>γὰρ</span> <span class='ocrx_word' id='word_1_821' title='bbox 1644 5336 1745 5389; x_wconf 80' lang='grc' dir='ltr'>πᾶν</span> <span class='ocrx_word' id='word_1_822' title='bbox 1777 5332 2004 5392; x_wconf 77' lang='grc' dir='ltr'><strong>ἐνταῦθά</strong></span> 
     </span>
    </p>
   </div>
   <div class='ocr_carea' id='block_1_106' title="bbox 339 5416 1998 5503">
    <p class='ocr_par' dir='ltr' id='par_1_106' title="bbox 339 5416 1998 5503">
     <span class='ocr_line' id='line_1_106' title="bbox 339 5416 1998 5503; baseline -0.001 -23"><span class='ocrx_word' id='word_1_823' title='bbox 339 5425 454 5481; x_wconf 79' lang='grc' dir='ltr'>ἐστι</span> <span class='ocrx_word' id='word_1_824' title='bbox 479 5427 540 5479; x_wconf 79' lang='grc' dir='ltr'>τὸ</span> <span class='ocrx_word' id='word_1_825' title='bbox 570 5421 928 5497; x_wconf 70' lang='grc' dir='ltr'>ζ-ητοῦμενον.</span> <span class='ocrx_word' id='word_1_826' title='bbox 951 5416 1288 5495; x_wconf 74' lang='grc' dir='ltr'>Ἐϐδομσὶδες</span> <span class='ocrx_word' id='word_1_827' title='bbox 1312 5420 1403 5477; x_wconf 73' lang='grc' dir='ltr'>οὖν</span> <span class='ocrx_word' id='word_1_828' title='bbox 1494 5423 1585 5477; x_wconf 82' lang='grc' dir='ltr'>καὶ</span> <span class='ocrx_word' id='word_1_829' title='bbox 1607 5418 1906 5495; x_wconf 65' lang='grc' dir='ltr'>ἐὸδομιὶδες</span> 
     </span>
    </p>
   </div>
   <div class='ocr_carea' id='block_1_107' title="bbox 333 5505 2040 5591">
    <p class='ocr_par' dir='ltr' id='par_1_107' title="bbox 333 5505 2040 5591">
     <span class='ocr_line' id='line_1_107' title="bbox 333 5505 2040 5591; baseline 0 -22"><span class='ocrx_word' id='word_1_830' title='bbox 333 5519 456 5591; x_wconf 85' lang='grc' dir='ltr'>υπγ⁹</span> <span class='ocrx_word' id='word_1_831' title='bbox 487 5506 580 5582; x_wconf 79' lang='grc' dir='ltr'>ἔτη</span> <span class='ocrx_word' id='word_1_832' title='bbox 614 5509 772 5567; x_wconf 81' lang='grc' dir='ltr'>εἰσίν.</span> <span class='ocrx_word' id='word_1_833' title='bbox 809 5505 1152 5583; x_wconf 72' lang='grc' dir='ltr'>Ἐὅόομάὂας</span> <span class='ocrx_word' id='word_1_834' title='bbox 1201 5510 1307 5585; x_wconf 76' lang='grc' dir='ltr'>γὰρ</span> <span class='ocrx_word' id='word_1_835' title='bbox 1353 5511 1462 5589; x_wconf 79' lang='grc' dir='ltr'>οὐχ</span> <span class='ocrx_word' id='word_1_836' title='bbox 1517 5513 1743 5586; x_wconf 75' lang='grc' dir='ltr'>ἡμερῶν</span> <span class='ocrx_word' id='word_1_837' title='bbox 1775 5511 2003 5579; x_wconf 74' lang='grc' dir='ltr'>ἐνταῦθα</span> <span class='ocrx_word' id='word_1_838' title='bbox 2032 5536 2040 5545; x_wconf 68' lang='grc' dir='ltr'><strong><em>σ</em></strong></span> 
     </span>
    </p>
   </div>
   <div class='ocr_carea' id='block_1_108' title="bbox 335 5593 2002 5679">
    <p class='ocr_par' dir='ltr' id='par_1_108' title="bbox 335 5593 2002 5679">
     <span class='ocr_line' id='line_1_108' title="bbox 335 5593 2002 5679; baseline 0.001 -21"><span class='ocrx_word' id='word_1_839' title='bbox 335 5600 507 5679; x_wconf 85' lang='grc' dir='ltr'>λέγει,</span> <span class='ocrx_word' id='word_1_840' title='bbox 535 5600 660 5657; x_wconf 74' lang='grc' dir='ltr'>οὐδὲ</span> <span class='ocrx_word' id='word_1_841' title='bbox 695 5601 908 5674; x_wconf 76' lang='grc' dir='ltr'>μηνῶν,</span> <span class='ocrx_word' id='word_1_842' title='bbox 943 5596 1068 5653; x_wconf 83' lang='grc' dir='ltr'>ἀλλ’</span> <span class='ocrx_word' id='word_1_843' title='bbox 1100 5593 1408 5674; x_wconf 74' lang='grc' dir='ltr'>ἑϐδομάδας</span> <span class='ocrx_word' id='word_1_844' title='bbox 1458 5600 1739 5658; x_wconf 82' lang='grc' dir='ltr'>ἐνιαυτῶν.</span> <span class='ocrx_word' id='word_1_845' title='bbox 1779 5598 1912 5660; x_wconf 81' lang='grc' dir='ltr'>Ἀπὸ</span> <span class='ocrx_word' id='word_1_846' title='bbox 1945 5599 2002 5659; x_wconf 64' lang='grc' dir='ltr'>δὲ</span> 
     </span>
    </p>
   </div>
   <div class='ocr_carea' id='block_1_109' title="bbox 338 5685 2004 5770">
    <p class='ocr_par' dir='ltr' id='par_1_109' title="bbox 338 5685 2004 5770">
     <span class='ocr_line' id='line_1_109' title="bbox 338 5685 2004 5770; baseline -0.007 -21"><span class='ocrx_word' id='word_1_847' title='bbox 338 5690 521 5768; x_wconf 67' lang='grc' dir='ltr'>Κύρου</span> <span class='ocrx_word' id='word_1_848' title='bbox 549 5692 638 5747; x_wconf 78' lang='grc' dir='ltr'>ἐπὶ</span> <span class='ocrx_word' id='word_1_849' title='bbox 673 5685 972 5762; x_wconf 78' lang='grc' dir='ltr'>Ἀντίοχον</span> <span class='ocrx_word' id='word_1_850' title='bbox 1002 5689 1093 5743; x_wconf 84' lang='grc' dir='ltr'>τὸν</span> <span class='ocrx_word' id='word_1_851' title='bbox 1127 5690 1427 5767; x_wconf 72' lang='grc' dir='ltr'>Ἐπιφανῆς</span> <span class='ocrx_word' id='word_1_852' title='bbox 1455 5690 1545 5745; x_wconf 78' lang='grc' dir='ltr'>καὶ</span> <span class='ocrx_word' id='word_1_853' title='bbox 1576 5693 1676 5761; x_wconf 73' lang='grc' dir='ltr'>τὴν</span> <span class='ocrx_word' id='word_1_854' title='bbox 1711 5688 2004 5770; x_wconf 78' lang='grc' dir='ltr'>αἰχμαλω-</span> 
     </span>
    </p>
   </div>
   <div class='ocr_carea' id='block_1_110' title="bbox 338 5775 1999 5856">
    <p class='ocr_par' dir='ltr' id='par_1_110' title="bbox 338 5775 1999 5856">
     <span class='ocr_line' id='line_1_110' title="bbox 338 5775 1999 5856; baseline -0.001 -18"><span class='ocrx_word' id='word_1_855' title='bbox 338 5783 457 5839; x_wconf 89' lang='grc' dir='ltr'>σίαν</span> <span class='ocrx_word' id='word_1_856' title='bbox 504 5782 715 5851; x_wconf 80' lang='grc' dir='ltr'>ἐκείνην</span> <span class='ocrx_word' id='word_1_857' title='bbox 790 5775 885 5848; x_wconf 81' lang='grc' dir='ltr'>ἔτη</span> <span class='ocrx_word' id='word_1_858' title='bbox 957 5775 1057 5832; x_wconf 74' lang='grc' dir='ltr'>εἰσὶ</span> <span class='ocrx_word' id='word_1_859' title='bbox 1134 5775 1269 5856; x_wconf 65' lang='grc' dir='ltr'>τιιδκ</span> <span class='ocrx_word' id='word_1_860' title='bbox 1334 5780 1465 5837; x_wconf 74' lang='grc' dir='ltr'>Εἶτα</span> <span class='ocrx_word' id='word_1_861' title='bbox 1534 5776 1802 5837; x_wconf 72' lang='grc' dir='ltr'>διδάσκων</span> <span class='ocrx_word' id='word_1_862' title='bbox 1851 5780 1999 5855; x_wconf 71' lang='grc' dir='ltr'>ἡμᾶς</span> 
     </span>
    </p>
   </div>
   <div class='ocr_carea' id='block_1_111' title="bbox 2110 5241 3767 5316">
    <p class='ocr_par' dir='ltr' id='par_1_111' title="bbox 2110 5241 3767 5316">
     <span class='ocr_line' id='line_1_111' title="bbox 2110 5241 3767 5316; baseline -0.004 -16"><span class='ocrx_word' id='word_1_863' title='bbox 2110 5260 2242 5300; x_wconf 84' lang='lat' dir='ltr'>rum</span> <span class='ocrx_word' id='word_1_864' title='bbox 2273 5245 2622 5316; x_wconf 60' lang='lat' dir='ltr'>septimanae</span> <span class='ocrx_word' id='word_1_865' title='bbox 2670 5241 3106 5316; x_wconf 80' lang='lat' dir='ltr'>intelliguntur.</span> <span class='ocrx_word' id='word_1_866' title='bbox 3152 5244 3277 5296; x_wconf 84' lang='lat' dir='ltr'>Jam</span> <span class='ocrx_word' id='word_1_867' title='bbox 3325 5260 3359 5297; x_wconf 92' lang='lat' dir='ltr'>a</span> <span class='ocrx_word' id='word_1_868' title='bbox 3407 5243 3553 5312; x_wconf 82' lang='lat' dir='ltr'>Cyro</span> <span class='ocrx_word' id='word_1_869' title='bbox 3576 5252 3767 5309; x_wconf 87' lang='lat' dir='ltr'>usque</span> 
     </span>
    </p>
   </div>
   <div class='ocr_carea' id='block_1_112' title="bbox 2110 5328 3767 5406">
    <p class='ocr_par' dir='ltr' id='par_1_112' title="bbox 2110 5328 3767 5406">
     <span class='ocr_line' id='line_1_112' title="bbox 2110 5328 3767 5406; baseline -0.005 -15"><span class='ocrx_word' id='word_1_870' title='bbox 2110 5332 2186 5391; x_wconf 84' lang='lat' dir='ltr'>ad</span> <span class='ocrx_word' id='word_1_871' title='bbox 2217 5335 2574 5391; x_wconf 80' lang='lat' dir='ltr'>Antiochum</span> <span class='ocrx_word' id='word_1_872' title='bbox 2610 5328 2975 5406; x_wconf 80' lang='lat' dir='ltr'>Epiphanem</span> <span class='ocrx_word' id='word_1_873' title='bbox 3010 5339 3067 5387; x_wconf 87' lang='lat' dir='ltr'>et</span> <span class='ocrx_word' id='word_1_874' title='bbox 3088 5332 3296 5386; x_wconf 84' lang='lat' dir='ltr'>urbem</span> <span class='ocrx_word' id='word_1_875' title='bbox 3321 5332 3393 5387; x_wconf 89' lang='lat' dir='ltr'>ab</span> <span class='ocrx_word' id='word_1_876' title='bbox 3417 5348 3486 5387; x_wconf 90' lang='lat' dir='ltr'>eo</span> <span class='ocrx_word' id='word_1_877' title='bbox 3512 5333 3767 5401; x_wconf 85' lang='lat' dir='ltr'>captam,</span> 
     </span>
    </p>
   </div>
   <div class='ocr_carea' id='block_1_113' title="bbox 2109 5418 3773 5493">
    <p class='ocr_par' dir='ltr' id='par_1_113' title="bbox 2109 5418 3773 5493">
     <span class='ocr_line' id='line_1_113' title="bbox 2109 5418 3773 5493; baseline -0.004 -14"><span class='ocrx_word' id='word_1_878' title='bbox 2109 5424 2252 5479; x_wconf 89' lang='lat' dir='ltr'>anni</span> <span class='ocrx_word' id='word_1_879' title='bbox 2286 5428 2425 5478; x_wconf 88' lang='lat' dir='ltr'>sunt</span> <span class='ocrx_word' id='word_1_880' title='bbox 2454 5423 2576 5479; x_wconf 69' lang='grc'><strong>394.</strong></span> <span class='ocrx_word' id='word_1_881' title='bbox 2617 5424 2795 5478; x_wconf 83' lang='lat' dir='ltr'>Docet</span> <span class='ocrx_word' id='word_1_882' title='bbox 2823 5437 2995 5493; x_wconf 80' lang='lat' dir='ltr'>porro</span> <span class='ocrx_word' id='word_1_883' title='bbox 3028 5435 3158 5483; x_wconf 86' lang='lat' dir='ltr'>nos,</span> <span class='ocrx_word' id='word_1_884' title='bbox 3194 5436 3229 5474; x_wconf 88' lang='lat' dir='ltr'>a</span> <span class='ocrx_word' id='word_1_885' title='bbox 3260 5435 3376 5490; x_wconf 91' lang='lat' dir='ltr'>quo</span> <span class='ocrx_word' id='word_1_886' title='bbox 3424 5420 3599 5474; x_wconf 86' lang='lat' dir='ltr'>initio</span> <span class='ocrx_word' id='word_1_887' title='bbox 3631 5418 3773 5474; x_wconf 84' lang='lat' dir='ltr'>anni</span> 
     </span>
    </p>
   </div>
   <div class='ocr_carea' id='block_1_114' title="bbox 2110 5509 3771 5582">
    <p class='ocr_par' dir='ltr' id='par_1_114' title="bbox 2110 5509 3771 5582">
     <span class='ocr_line' id='line_1_114' title="bbox 2110 5509 3771 5582; baseline -0.002 -12"><span class='ocrx_word' id='word_1_888' title='bbox 2110 5521 2251 5571; x_wconf 84' lang='lat' dir='ltr'>sunt</span> <span class='ocrx_word' id='word_1_889' title='bbox 2271 5514 2663 5571; x_wconf 85' lang='lat' dir='ltr'>numerandi:</span> <span class='ocrx_word' id='word_1_890' title='bbox 2696 5529 2816 5567; x_wconf 90' lang='lat' dir='ltr'>non</span> <span class='ocrx_word' id='word_1_891' title='bbox 2839 5529 2872 5567; x_wconf 91' lang='lat' dir='ltr'>a</span> <span class='ocrx_word' id='word_1_892' title='bbox 2901 5509 2996 5566; x_wconf 91' lang='lat' dir='ltr'>die</span> <span class='ocrx_word' id='word_1_893' title='bbox 3028 5509 3273 5578; x_wconf 88' lang='lat' dir='ltr'>reditus,</span> <span class='ocrx_word' id='word_1_894' title='bbox 3308 5509 3412 5565; x_wconf 88' lang='lat' dir='ltr'>sed</span> <span class='ocrx_word' id='word_1_895' title='bbox 3444 5510 3771 5582; x_wconf 88' lang='lat' dir='ltr'>apublica-</span> 
     </span>
    </p>
   </div>
   <div class='ocr_carea' id='block_1_115' title="bbox 2110 5596 3771 5675">
    <p class='ocr_par' dir='ltr' id='par_1_115' title="bbox 2110 5596 3771 5675">
     <span class='ocr_line' id='line_1_115' title="bbox 2110 5596 3771 5675; baseline 0 -16"><span class='ocrx_word' id='word_1_896' title='bbox 2110 5602 2272 5661; x_wconf 87' lang='lat' dir='ltr'>tione</span> <span class='ocrx_word' id='word_1_897' title='bbox 2292 5600 2513 5660; x_wconf 87' lang='lat' dir='ltr'>decreti</span> <span class='ocrx_word' id='word_1_898' title='bbox 2553 5603 2627 5658; x_wconf 88' lang='lat' dir='ltr'>de</span> <span class='ocrx_word' id='word_1_899' title='bbox 2649 5598 3038 5658; x_wconf 85' lang='lat' dir='ltr'>instauranda</span> <span class='ocrx_word' id='word_1_900' title='bbox 3054 5596 3221 5656; x_wconf 88' lang='lat' dir='ltr'>urbe.</span> <span class='ocrx_word' id='word_1_901' title='bbox 3240 5602 3418 5671; x_wconf 80' lang='lat' dir='ltr'>Atqui</span> <span class='ocrx_word' id='word_1_902' title='bbox 3453 5618 3572 5657; x_wconf 89' lang='lat' dir='ltr'>non</span> <span class='ocrx_word' id='word_1_903' title='bbox 3595 5605 3771 5675; x_wconf 87' lang='lat' dir='ltr'>Cyro,</span> 
     </span>
    </p>
   </div>
   <div class='ocr_carea' id='block_1_116' title="bbox 2110 5690 3773 5764">
    <p class='ocr_par' dir='ltr' id='par_1_116' title="bbox 2110 5690 3773 5764">
     <span class='ocr_line' id='line_1_116' title="bbox 2110 5690 3773 5764; baseline -0.001 -16"><span class='ocrx_word' id='word_1_904' title='bbox 2110 5693 2213 5749; x_wconf 88' lang='lat' dir='ltr'>sed</span> <span class='ocrx_word' id='word_1_905' title='bbox 2246 5698 2567 5750; x_wconf 83' lang='lat' dir='ltr'>Artaxerxe</span> <span class='ocrx_word' id='word_1_906' title='bbox 2600 5691 2841 5746; x_wconf 89' lang='lat' dir='ltr'>demum</span> <span class='ocrx_word' id='word_1_907' title='bbox 2874 5690 3235 5764; x_wconf 81' lang='lat' dir='ltr'>Longimano</span> <span class='ocrx_word' id='word_1_908' title='bbox 3269 5695 3554 5763; x_wconf 81' lang='lat' dir='ltr'>regnante</span> <span class='ocrx_word' id='word_1_909' title='bbox 3580 5709 3651 5748; x_wconf 87' lang='lat' dir='ltr'>ea</span> <span class='ocrx_word' id='word_1_910' title='bbox 3683 5698 3773 5747; x_wconf 88' lang='lat' dir='ltr'>est</span> 
     </span>
    </p>
   </div>
   <div class='ocr_carea' id='block_1_117' title="bbox 2110 5777 3771 5852">
    <p class='ocr_par' dir='ltr' id='par_1_117' title="bbox 2110 5777 3771 5852">
     <span class='ocr_line' id='line_1_117' title="bbox 2110 5777 3771 5852; baseline -0.002 -12"><span class='ocrx_word' id='word_1_911' title='bbox 2110 5783 2347 5840; x_wconf 82' lang='lat' dir='ltr'>refecta.</span> <span class='ocrx_word' id='word_1_912' title='bbox 2383 5784 2526 5837; x_wconf 80' lang='lat' dir='ltr'>Nam</span> <span class='ocrx_word' id='word_1_913' title='bbox 2557 5796 2587 5835; x_wconf 85' lang='lat' dir='ltr'>a</span> <span class='ocrx_word' id='word_1_914' title='bbox 2620 5777 2815 5835; x_wconf 88' lang='lat' dir='ltr'>reditu</span> <span class='ocrx_word' id='word_1_915' title='bbox 2843 5779 3179 5836; x_wconf 64' lang='lat' dir='ltr'>Iudaeorum</span> <span class='ocrx_word' id='word_1_916' title='bbox 3216 5779 3557 5852; x_wconf 88' lang='lat' dir='ltr'>supervenit</span> <span class='ocrx_word' id='word_1_917' title='bbox 3596 5780 3771 5836; x_wconf 63' lang='grc' dir='ltr'>(Σοω-</span> 
     </span>
    </p>
   </div>
  </div>
