4154 6416
349 400 477 457 467

1720 400 2041 462 GEORGII
2087 400 2431 464 CEDRENI

3666 413 3786 472 448

343 528 539 600 byses,
560 528 776 584 deinde
793 530 974 603 Magi,
998 536 1133 603 post
1148 548 1246 587 eos
1267 532 1474 587 Darius
1510 533 1815 604 Hystaspis
1838 532 2015 600 filius,

2133 531 2295 596 πόθεν
2326 533 2578 608 ἀριθμεῖν
2639 531 2740 604 δεῖ,
2799 536 2882 588 ὃτι
2942 533 3044 589 οὐκ
3097 535 3204 590 ἀπὸ
3255 543 3357 606 τῆς
3422 538 3630 612 ⁸ἡμέρας
3689 546 3789 609 τῆς

347 619 487 673 indo
510 619 901 675 XerxesDarii
943 620 1102 676 filius
1126 627 1183 676 et
1220 620 1823 691 Artabanus,tandcm
1857 621 2010 678 408

351 711 704 764 Artaxerxes
727 711 1129 783 Longimanus
1160 728 1340 783 regno
1374 712 1616 767 Persico
1651 717 1738 766 est
1768 713 2012 784 potitus.

358 799 496 870 Ejus
520 799 682 871 regni
707 815 866 853 anno
890 800 1170 855 vicesimo
1193 801 1466 856 Neemias
1488 802 1788 872 profectus
1806 801 2014 856 urbem

355 888 651 958 reparavit
678 907 692 955 ;
716 887 873 957 quod
893 887 1108 945 Esdras
1133 889 1308 944 nobis
1327 895 1603 945 accurate
1625 896 1843 945 narrat.
1874 890 2015 945 Inde

353 979 398 1033 si
424 994 809 1032 numeremus
842 994 1029 1032 annos
1049 980 1176 1047 483,
1199 996 1446 1050 prorsus
1471 980 1545 1036 ad
1568 979 1864 1034 excidium
1888 980 2017 1051 ejus

351 1066 780 1138 pertingemus.
817 1067 979 1121 Sicut
1010 1085 1251 1123 rursum
1284 1069 1377 1123 his
1409 1069 1602 1124 verbis
1634 1073 1890 1124 testatua
1921 1070 2014 1123 Jo-

360 1158 613 1228 sephus:
649 1157 809 1213 urbis
835 1163 1037 1214 autem
1069 1164 1127 1213 et
1158 1160 1366 1231 templi
1391 1160 1779 1215 vastationem
1812 1175 2018 1215 secun'

357 1245 497 1300 dum
532 1247 900 1302 Danielicum
950 1249 1260 1303 oraculum
1310 1251 1546 1305 evenire
1596 1250 1841 1322 contigit
1882 1256 2017 1305 ante

354 1354 547 1409 annos
568 1340 691 1393 408.
718 1340 1063 1411 Propterea,
1086 1341 1303 1412 inquit,
1330 1341 1723 1397 mdiﬁcabitur
1745 1341 1941 1413 platea
1961 1346 2019 1396 et

356 1444 583 1483 murus.
609 1428 754 1482 Cum
778 1445 915 1500 ergo
954 1429 1174 1485 refecta
1192 1430 1533 1485 fueriturbs
1582 1447 1870 1501 suamque
1901 1430 2015 1485 for.

358 1533 518 1572 mam
541 1519 858 1590 receperit,
893 1525 1032 1574 tunc
1065 1521 1261 1592 incipe
1293 1537 1610 1576 numerare
1640 1522 1710 1574 7O
1742 1520 2018 1591 septima-

358 1624 504 1676 nas;
542 1607 757 1678 quibus
791 1609 997 1679 finitis,
1030 1609 1327 1664 delebitur
1343 1610 1545 1665 unctio
1569 1608 2013 1681 etcessabitju-

357 1696 602 1766 dicium,
635 1698 722 1752 uti
743 1697 911 1768 prius
934 1698 1215 1753 diximus.
1239 1699 1546 1753 Enimvero
1568 1705 1701 1769 post
1719 1698 2016 1753 excidium

358 1785 545 1854 urbis,
580 1786 737 1855 quod
768 1786 1129 1857 Vespasiano
1164 1792 1222 1841 et
1251 1788 1374 1842 Tito
1403 1786 1836 1859 imperantibus
1880 1787 2011 1856 fuit,

2124 619 2416 690 ἐπτνόδου,
2449 622 2575 679 ἀλλ’
2627 623 2733 678 ἀπὸ
2788 622 2976 697 ἐξόδου
3034 622 3218 699 λόγων
3276 630 3373 680 τοῦ
3426 626 3790 700 ἀποκριθῆναι

2123 711 2211 764 καὶ
2267 715 2365 766 τοῦ
2397 710 2766 784 οἰκοδομῆσαι
2823 712 3211 789 Ἰερουσαλήμ.
3247 715 3365 771 Οὐκ
3416 714 3501 770 ἐπὶ
3536 715 3695 791 Κύρῳ
3729 715 3786 773 δὲ

2125 796 2488 872 ᾠκοδομήθη,
2522 800 2650 857 ἀλλ’
2679 801 2767 856 ἐπὶ
2810 806 2908 856 τοῦ
2958 803 3308 879 Ἀρταξέρξου
3340 809 3437 859 τοῦ
3480 806 3785 881 μακρόχει-

2127 906 2240 961 ρος·
2302 889 2454 944 Μετά
2507 889 2610 966 γὰρ
2665 891 2764 957 τὴν
2826 887 3055 945 καθοδον
3128 890 3402 961 ἐπανῆλθε
3460 890 3782 967 Καμϐύσης,

2126 977 2243 1030 εἶτα
2274 976 2324 1030 οἱ
2360 976 2564 1052 Μάγοι,
2623 979 2710 1032 καὶ
2773 980 2886 1050 μετ’
2941 979 3178 1042 ἐκείνους
3210 987 3433 1056 Δαρεῖος
3462 982 3783 1052 Ὑστάσπου),

2129 1065 2248 1136 μεθ’
2315 1064 2371 1120 δν
2439 1067 2649 1142 ’Ξέρξης
2718 1069 2746 1122 6
2816 1070 3040 1141 Δαρείου
3107 1071 3198 1123 καὶ
3258 1067 3786 1142 Ἀρταϐάνης.Εἶτα

2129 1154 2483 1230 Ἀρταξέρξης
2516 1158 2543 1211 ὁ
2589 1158 2914 1234 Μακρόχειρ
2972 1154 3288 1214 ἐϐασίλευσε
3343 1168 3442 1230 τῆς
3500 1160 3783 1237 Περσίδος·

2129 1244 2183 1299 ἐν
2211 1248 2290 1316 τῷ
2320 1246 2366 1299 κ’
2414 1241 2522 1301 ἔτει
2558 1253 2657 1316 τῆς
2714 1247 2992 1321 βασιλείας
3042 1247 3207 1303 αὐτοῦ
3256 1250 3492 1323 Νεεμίας
3543 1250 3786 1316 ἀνελθὼν

2127 1339 2226 1407 τὴν
2256 1336 2422 1392 πόλιν
2456 1338 2761 1409 ἀνέστησεν,
2820 1340 2953 1412 ἅπερ
2989 1343 3016 1395 ὁ
3068 1339 3302 1417 ’Έσδρας
3359 1338 3600 1417 ἀκριὲὦς
3648 1348 3784 1417 ἡμῖν

2128 1423 2448 1497 διηγήσατο.
2504 1429 2605 1484 Ἀν
2672 1429 2852 1483 τοίνυν
2931 1429 3169 1484 ἐντεῦθεν
3217 1433 3536 1506 τετρακόσια
3587 1430 3785 1508 ὀγδοή-

2125 1535 2289 1570 κοντα
2318 1516 2440 1592 τρία
2472 1518 2655 1589 Οῶμεν
2714 1511 2833 1588 ἔτη,
2868 1518 3072 1590 ἥξομεν
3126 1516 3334 1582 πέντως
3373 1519 3463 1576 ἐπὶ
3491 1523 3591 1591 τὴν
3619 1542 3782 1577 κατα-

2127 1607 2335 1684 σκαφὴν
2390 1605 2618 1675 ταύτης,
2680 1607 2755 1670 ὡς
2810 1606 2904 1661 καὶ
2958 1608 3226 1679 Ἰώσηπος
3301 1608 3459 1673 αὖθις
3517 1616 3789 1686 μαρτυρεῖ

2126 1691 2326 1768 λέγων·
2362 1694 2477 1761 Τὴν
2542 1691 2597 1748 δὲ
2648 1701 2748 1764 τῆς
2804 1694 3025 1760 πόλεως
3073 1698 3164 1751 καὶ
3216 1702 3314 1752 τοῦ
3343 1701 3474 1753 ναοῦ
3506 1698 3785 1774 ἐρήμωσιν

2126 1779 2323 1851 συνέϐη
2382 1784 2623 1858 γενέσθαι
2682 1785 2819 1838 κατᾶ
2880 1785 2979 1853 τὴν
3040 1785 3247 1857 Δανιήλ
3291 1786 3784 1863 προφητείαν,πρὸ

355 1874 617 1930 Adriano
630 1875 1174 1945 imperanteJudzei
1189 1875 1423 1931 collecti
1444 1876 1609 1931 irrite
1626 1881 1831 1931 contra
1843 1876 2013 1931 Deum

2127 1873 2169 1925 u‘
2193 1871 2283 1927 καὶ
2318 1873 2368 1942 η’
2399 1873 2699 1948 γενομένην
2752 1874 2906 1930 ἐτῶν.
2962 1876 3059 1930 Διὰ
3104 1877 3266 1931 τοῦτό
3316 1895 3501 1948 φησιν·
3554 1874 3782 1932 Οἰκοδο-

357 1969 571 2019 conatu
603 1964 863 2037 aggressi
898 1970 1038 2019 sunt
1066 1981 1193 2020 rem
1226 1965 1529 2037 publicam
1560 1966 1875 2037 pristinam
1920 1965 2011 2019 in-

355 2060 642 2109 staurare.
678 2053 788 2109 Sed
817 2054 1114 2110 Adrianus
1149 2072 1251 2110 eos
1274 2055 1456 2111 armis
1489 2055 1737 2116 demuit.
1771 2054 2012 2110 urbem~

356 2161 473 2214 que
499 2143 770 2198 funditus
802 2145 1031 2211 evertit,
1066 2149 1124 2200 et
1155 2144 1440 2215 reliquias
1473 2146 1600 2216 ejus
1632 2161 1841 2200 omnes
1872 2144 2015 2199 abo-

356 2232 536 2298 levit;
589 2232 885 2303 aliamque
937 2233 1074 2289 inde
1109 2233 1187 2288 ibi
1238 2234 1446 2289 urbem
1497 2234 1760 2288 condens
1809 2233 1881 2288 de
1912 2249 2017 2288 suo

361 2321 604 2376 nomine
626 2321 831 2375 zEliam
855 2322 1021 2378 dixit.
1047 2324 1251 2393 Itaque
1275 2323 1542 2378 Christus
1573 2328 1706 2395 post
1742 2323 2016 2378 Antiochi

360 2416 631 2482 tempora
654 2411 950 2466 exhibitus
973 2417 1031 2466 et
1053 2412 1319 2468 futurum
1342 2413 1635 2468 excidium
1665 2411 2016 2484 praecidens,

361 2500 807 2571 ostendensque
830 2502 901 2556 de
917 2519 984 2557 eo
1004 2503 1319 2557 Danielum
1335 2519 1465 2557 esse
1480 2503 1886 2568 vaticinatum,
1907 2502 2014 2557 ait:

363 2591 510 2645 Cum
544 2590 816 2646 videbitis
849 2591 1320 2646 abominandum
1351 2592 1637 2647 vastitatis
1662 2591 1917 2663 signum,
1947 2591 2019 2645 de

361 2697 478 2751 quo
514 2681 795 2736 Danielus
829 2687 989 2736 vates
1022 2681 1256 2736 locutus
1289 2687 1397 2749 est,
1433 2687 1586 2737 stare
1619 2681 1680 2735 in
1710 2681 1838 2736 loco
1883 2697 2017 2736 san-

361 2775 476 2838 cto,
520 2770 621 2840 qui
652 2770 817 2841 legit,
849 2771 1116 2825 animum
1148 2771 1431 2827 advertat.
1463 2771 1610 2835 Quia
1639 2771 1801 2825 enim
1842 2786 2017 2825 omne

352 2859 755 2923 ‘simulacrum
786 2865 847 2913 et
876 2859 1102 2931 efﬁgies
1135 2860 1394 2915 humana
1425 2861 1692 2915 aJudaeis
1720 2859 2021 2915 abomina-

361 2948 444 3002 tio
479 2948 718 3016 dicitur,
752 2966 859 3019 per
908 2948 1185 3021 ambages
1234 2949 1399 3005 illam
1431 2954 1685 3005 statuam
1736 2950 2016 3017 innuens,

361 3037 544 3092 simul
576 3042 633 3091 et
659 3038 901 3108 quando
939 3043 996 3092 et
1025 3055 1059 3094 a
1089 3056 1207 3110 quo
1239 3039 1379 3093 urbs
1414 3045 1571 3094 esset
1616 3037 2021 3094 exscindenda

358 3126 512 3180 409
534 3126 899 3181 monstravit.
926 3128 1115 3197 Atque
1135 3127 1192 3181 id
1216 3127 1287 3182 de
1312 3127 1595 3182 Romanis
1619 3144 1746 3183 esse
1769 3128 2014 3195 dictum,

355 3214 534 3269 etiam
555 3214 796 3285 Josephi
841 3215 1179 3269 testimonio
1214 3216 1721 3280 docuimus.Quid
1762 3234 1897 3290 ergo
1917 3220 2014 3273 Ju-

350 3303 494 3358 daais
517 3308 786 3374 superest
801 3303 960 3375 quod
984 3304 1227 3359 dicant?
1248 3303 1485 3375 quando
1509 3311 1669 3360 vates
1709 3306 2012 3362 calamita-

358 3398 481 3448 tum
507 3393 687 3448 simul
709 3398 982 3465 tempora
994 3392 1387 3465 praedicentes
1410 3394 1860 3467 definita,hujus
1883 3398 2014 3451 nul-

350 3483 482 3537 lum
506 3483 833 3538 terminum
857 3485 1429 3551 constituerunt,sed
1455 3490 1662 3540 contra
1678 3486 2015 3542 vastitatem

353 3589 487 3627 eam
518 3588 705 3643 usque
739 3572 812 3627 ad
842 3574 1023 3628 finem
1052 3573 1259 3628 mundi
1293 3571 1641 3629 duraturam
1673 3577 2018 3646 pronuntia-

351 3668 582 3717 verunt.
610 3662 878 3732 Satisque
898 3667 988 3717 est
1017 3680 1050 3717 a
1071 3663 1246 3719 nobis
1265 3663 1764 3733 demonstratum,
1799 3665 1846 3718 si
1892 3666 2017 3736 qui-

350 3750 489 3805 dem
520 3751 656 3805 finis
689 3756 847 3805 esset
875 3750 1111 3806 futurus
1142 3753 1282 3807 huic
1331 3751 1541 3806 ultimo
1589 3752 1822 3823 exsilio,
1855 3761 2015 3809 vates

353 3839 584 3894 divinos
604 3857 739 3895 eum
753 3840 933 3896 fuisse
951 3842 1342 3912 praedicturos
1364 3846 1423 3896 et
1439 3857 1818 3913 nequaquam
1833 3842 2015 3897 silen-

352 3929 435 3985 tio
459 3930 886 4001 praeterituros.
910 3931 1137 4002 Quippe
1160 3931 1500 4002 superiores
1518 3931 1790 3986 miserias
1808 3949 2016 3987 omnes

352 4038 489 4077 cum
504 4023 586 4079 ita
601 4022 984 4094 prmdixerint
997 4028 1063 4078 ut
1078 4023 1256 4079 simul
1272 4024 1526 4095 spatium
1544 4024 1704 4095 quod
1718 4024 2017 4080 duratura

352 4117 552 4167 essent
567 4112 1231 4184 definirent,modosque
1246 4118 1305 4167 et
1321 4118 1585 4184 tempora
1599 4114 2014 4186 exprimerent,

356 4202 526 4257 sicuti
565 4221 636 4259 ex
668 4203 968 4276 Scriptura
1015 4204 1351 4267 docuimus,
1401 4204 1538 4259 huic
1569 4204 1796 4259 ultimas
1837 4221 2015 4259 nemo

354 4308 560 4348 eorum
612 4299 847 4366 tempus
893 4294 1222 4350 constituit.
1252 4293 1317 4347 Id
1352 4294 1593 4364 quidem
1642 4294 1808 4349 urbis
1842 4299 1900 4348 et
1929 4293 2014 4348 rei

354 4383 608 4453 publicaa
640 4383 766 4439 fore
798 4383 1121 4452 excidium,
1152 4383 1352 4438 addito
1377 4389 1522 4453 quot
1551 4400 1743 4439 annos
1756 4388 1892 4454 post
1922 4399 2016 4437 re-

357 4472 548 4527 ditum
580 4471 875 4543 Babylone
899 4472 960 4527 id
983 4478 1332 4527 eventurum
1354 4477 1530 4538 esset,
1554 4472 1909 4527 vaticinatus
1931 4476 2020 4527 est

358 4562 640 4616 Danielus
672 4580 684 4617 :
718 4563 898 4616 ﬁnem
949 4566 1146 4617 autem
1204 4561 1335 4615 istis
1367 4561 1539 4616 malis
1590 4561 1851 4632 aliquem
1891 4560 2016 4615 fore

356 4666 553 4719 neque
575 4650 674 4705 ille
686 4668 881 4722 neque
901 4652 1222 4722 quisquam
1246 4650 1489 4704 omnino
1514 4656 1712 4705 vatum
1726 4650 2015 4722 praedixit:

2134 4637 2415 4718 ἔσιγησαν,
2479 4645 2679 4708 ἱκανῶς
2755 4642 3127 4720 ἀπεδείξαμεν,

355 4739 499 4807 imo,
556 4739 643 4793 uti
704 4740 987 4807 diximus,
1041 4740 1407 4795 contrarium
1463 4740 2019 4813 pronuntiaverunt,

354 4844 544 4899 usque
574 4828 650 4883 ad
683 4828 864 4884 ﬁnem
897 4828 1110 4883 mundi
1144 4829 1205 4882 in
1230 4828 1358 4882 istis
1381 4828 1642 4884 miseriis
1666 4829 1898 4885 futuros
1926 4831 2021 4883 Ju-

356 4918 536 4974 daeos.
570 4920 751 4989 quue
783 4918 1106 4974 admodum
1138 4923 1605 4974 consentaneum
1637 4919 1782 4986 fuit;
1817 4925 1874 4975 et
1893 4924 2021 4974 tan"

354 5014 477 5063 tum
511 5009 583 5064 ab
614 5008 718 5063 illo
752 5009 984 5064 excidio
1020 5008 1306 5079 temporis
1338 5008 1606 5080 elapsum
1639 5009 1712 5064 iis
1744 5010 2014 5065 testimo-

351 5099 519 5153 nium
552 5098 846 5171 perhibet,
881 5115 996 5170 quo
1030 5103 1153 5153 toto
1176 5115 1250 5153 ne
1301 5098 1612 5170 vestigium
1661 5099 1903 5170 quidem
1934 5098 2020 5152 ul.

352 5189 473 5243 lum
495 5195 598 5244 aut
618 5188 982 5260 principium
1015 5188 1185 5242 bona)
1211 5188 1560 5243 mutationis
1582 5204 1711 5243 sese
1734 5187 2012 5242 ostendit.

351 5278 419 5332 Et
445 5278 689 5348 quidem
718 5278 905 5333 Judaei
927 5295 1083 5349 saape
1108 5277 1303 5333 conati
1328 5277 1620 5349 templum
1638 5277 1882 5332 reficere
1906 5277 2015 5330 sub

352 5368 633 5436 Adriano,
685 5368 1074 5423 Constantino
1116 5373 1173 5422 et
1221 5367 1478 5435 Iuliano,
1530 5365 1811 5437 prohibiti
1855 5371 2013 5440 sunt,

352 5456 611 5523 primum
634 5457 924 5528 quidema
949 5456 1263 5523 militibus,
1280 5455 1389 5511 sub
1408 5454 1645 5509 Iuliano
1668 5460 1868 5510 autem
1891 5453 2011 5528 igni

354 5559 427 5594 ex
458 5543 866 5603 fundamentis
897 5549 1249 5616 erummnte
1288 5560 1616 5614 eorumque
1649 5545 2017 5616 intempesti-

338 5647 495 5685 wum
526 5639 703 5704 atque
722 5634 972 5704 impium
1003 5639 1282 5688 conatum
1301 5637 1625 5687 avertente.
1653 5633 1858 5689 Dicant
1881 5650 2013 5688 vero

356 5719 527 5773 nobis
559 5722 843 5792 quidnam
864 5739 1055 5777 causae
1083 5721 1238 5776 410
1264 5721 1361 5787 sit,
1405 5721 1565 5792 quod
1597 5726 1655 5777 et
1681 5721 1739 5776 in
1772 5724 2013 5795 :Egypto

2130 1962 2435 2035 μηθήσεται
2497 1961 2730 2017 πλατεῖα
2808 1965 2898 2019 καὶ
2979 1966 3316 2041 περίτειχος.
3380 1962 3631 2022 Ἐπειδὰν
3696 1968 3784 2021 οὖν

2129 2051 2332 2125 ἀναστῇ
2365 2050 2456 2105 καὶ
2507 2052 2570 2106 τὸ
2619 2050 2825 2108 οῗκεῖον
2878 2049 3135 2130 ἀπολάϐῃ
3189 2062 3406 2133 σχῆμα,
3462 2057 3551 2110 ἀπ’
3580 2058 3787 2111 ἒκείνου

2125 2140 2223 2202 τὰς
2271 2146 2316 2194 ο¹
2370 2136 2678 2215 ἑϐδομάδας
2709 2142 2948 2216 ἀρίθμει.
3002 2144 3153 2200 Μετὰ
3214 2140 3269 2199 δὲ
3324 2145 3421 2208 τὰς
3477 2141 3784 2218 ἑϐδομάδας

2129 2227 2643 2305 ἐξολοθρευθήσεται
2700 2230 2937 2307 χρίσμα,
2997 2234 3085 2288 καὶ
3147 2239 3319 2308 κρῖμα
3372 2233 3471 2289 οὐκ
3527 2229 3675 2289 ἔσται
3728 2235 3779 2289 έν

2129 2317 2292 2391 αὐτῷ,
2325 2319 2507 2384 καθὼς
2544 2322 2887 2396 προείρηται.
2939 2321 3094 2379 Μετᾶ
3151 2323 3256 2399 γὰρ
3310 2323 3411 2391 τὴν
3443 2323 3780 2380 Οὐεσπασια-

2127 2413 2220 2463 νοῦ
2278 2409 2366 2463 καὶ
2427 2407 2594 2466 Τίτου
2652 2412 2949 2485 γενομένην
3010 2411 3291 2484 ἐρήμωσιν
3351 2411 3439 2467 ἐπὶ
3487 2409 3781 2490 Ἀδριανοῦ

2129 2497 2411 2559 συστάντες
2441 2497 2494 2551 οἱ
2526 2493 2779 2554 Ἰουδαῖοι
2838 2496 3168 2569 ἐσπούδαζον
3226 2499 3312 2554 ἐπὶ
3368 2501 3468 2570 τὴν
3524 2502 3785 2576 προτέραν

2128 2583 2411 2641 πολιτείαν
2443 2584 2753 2643 ἐπανελθεῖν
2807 2589 2860 2643 oi
2916 2587 3138 2663 μάταιοι
3196 2591 3617 2665 θεομαχοῦντες.
3652 2593 3777 2647 Χει-

2131 2677 2446 2751 ρωσάμενος
2473 2673 2538 2746 δὴ
2574 2675 2766 2739 αὐτοὺς
2798 2679 2825 2732 6
2860 2676 3116 2752 βασιλεὺς
3156 2679 3246 2733 καὶ
3277 2679 3376 2748 τὴν
3410 2678 3572 2735 πόλιν
3604 2682 3776 2735 πᾶσαν

2128 2762 2500 2840 καταστρέψας
2542 2766 2649 2821 -καὶ
2706 2767 2772 2821 τὰ
2832 2765 3062 2842 λείψανα
3116 2767 3379 2845 ἀφανίσας
3437 2770 3630 2841 πάντα,
3688 2769 3781 2824 καὶ

2133 2855 2267 2928 μετᾶ
2317 2858 2483 2910 ταῦτα
2541 2854 2709 2926 αὐτὴν
2767 2856 3068 2932 ἀνεγείρας,
3134 2855 3330 2913 Αἰλίαν
3389 2857 3555 2928 αὐτὴν
3607 2878 3777 2933 προσ-

2130 2942 2396 3017 ηγόρευσε
2452 2945 2589 3000 κατὰ
2639 2946 2738 3012 τὴν
2793 2944 2962 3000 αὐτοῦ
3018 2944 3349 3019 ἐπωνυμίαν.
3384 2948 3538 3004 Ὅθεν
3582 2949 3610 3002 6
3650 2950 3785 3017 Χρι-

2130 3032 2252 3095 στὸς
2312 3035 2445 3107 μετᾶ
2504 3033 2796 3110 Ἀντίοχον
2850 3036 2940 3091 τὸν
3000 3036 3272 3112 Ἐπιφανῆ
3327 3037 3786 3113 παραγενόμενος,

2126 3123 2217 3177 καὶ
2247 3128 2655 3199 προαναφωνῶν
2710 3125 2810 3193 τὴν
2867 3123 3176 3199 μέλλουσαν
3237 3120 3444 3182 ἔσεσθαι
3484 3125 3788 3202 αἰχμαλω-

2129 3210 2268 3283 σίαν,
2298 3214 2385 3267 καὶ
2422 3209 2631 3274 δεικνὺς
2671 3214 2754 3268 ὅτι
2815 3215 2842 3269 6
2898 3214 3101 3283 Δανιὴλ
3158 3214 3282 3290 περὶ
3336 3215 3504 3286 αὐτῆς
3534 3221 3785 3291 προεῖπε,

2127 3300 2309 3379 φησίν·
2341 3302 2507 3357 ⁶Ὸταν
2568 3304 2649 3377 [Ρ.
2680 3305 2806 3377 233]
2867 3301 3021 3374 ἴδητε
3073 3305 3135 3360 τὸ
3186 3303 3473 3381 βδέλυγμα
3509 3312 3608 3374 τῆς
3646 3304 3782 3381 ἐρη-

2129 3388 2377 3463 μώσεως,
2410 3392 2472 3446 τὸ
2531 3389 2691 3466 ῥηθὲν
2762 3390 2851 3447 διὰ
2911 3394 3118 3464 Δανιὴλ
3177 3397 3485 3472 προφήτου,
3526 3394 3694 3457 ἑστὼς
3727 3393 3781 3448 ἐν

2123 3481 2280 3553 τόπῳ
2347 3480 2507 3557 ἁγίῳ,
2572 3483 2600 3536 ὁ
2668 3482 3046 3558 ἀναγινώσκων
3110 3484 3323 3542 νοείτω.
3396 3479 3620 3552 Ἐπειδὴ
3678 3484 3781 3559 γὰρ

2127 3569 2263 3623 ἅπαν
2298 3567 2530 3624 ε’ἰδωλον
2561 3569 2651 3625 καὶ
2682 3574 2786 3626 πᾶν
2839 3570 3135 3645 ἐκτύπωμα
3176 3572 3461 3647 ἀνθρώπου
3497 3568 3783 3648 βδέλυγμα

2126 3657 2272 3733 παρᾶ
2297 3664 2412 3721 τοῖς
2446 3656 2729 3722 Ἰουδαίοις
2785 3659 3056 3728 ἐκαλεῖτο,
3123 3658 3546 3739 αἰνιγματωδῶς
3578 3660 3778 3737 ἐμφαί-

2124 3768 2231 3802 νων
2284 3749 2374 3803 τὸν
2405 3746 2697 3825 ἀνδριάντα
2735 3749 2962 3819 ἐκεῖνον,
3023 3750 3169 3823 ὀμοῦ
3230 3752 3320 3806 καὶ
3382 3751 3513 3806 πότε
3542 3753 3633 3807 καὶ
3686 3753 3790 3807 ὑπὸ

2122 3836 2268 3900 τίνος
2328 3835 2475 3893 ἔσται
2543 3842 2577 3909 ἡ
2639 3838 2999 3915 αἰχμαλωσία
3056 3839 3521 3916 προανήγγειλεν.
3580 3839 3786 3897 Ὃτιδὲ

2125 3930 2247 4003 περὶ
2307 3934 2417 3984 τῶν
2483 3930 2772 4004 Ῥωμαίων
2830 3929 3044 4003 εἴρηται
3099 3936 3287 4001 ταῦτα,
3347 3934 3436 3986 καὶ
3511 3933 3782 4001 Ἰώσηπος

2130 4024 2410 4093 μαρτυρεῖ,
2443 4020 2621 4082 καθὼς
2651 4019 2985 4098 προέφημεν.
3044 4020 3136 4082 Τίς
3197 4019 3289 4075 οὖν
3338 4022 3524 4084 αὐτοῖς
3557 4021 3781 4077 ὑπολεί-

2125 4127 2284 4162 πεται
2317 4106 2513 4164 λοιπὸν
2571 4108 2777 4184 λόγοςς
2841 4110 3004 4165 Ὅταν
3052 4109 3147 4172 τὰς
3188 4109 3282 4183 μὲν
3312 4109 3705 4185 αἰχμαλωσίας
3734 4110 3785 4166 οἰ

2125 4204 2403 4275 προφῆται
2459 4199 2757 4277 φαίνωνται
2816 4198 2951 4271 μετᾶ
3004 4196 3374 4274 διωρισμένων
3430 4201 3649 4274 χρόνων
3710 4200 3786 4254 εἲ-

2126 4287 2338 4354 πόντες,
2368 4286 2535 4361 ταύτῃ
2574 4285 2631 4343 δὲ
2679 4288 2883 4362 μηδένα
2922 4289 3123 4365 χρόνον
3155 4289 3449 4364 ὁρίσαντες,
3484 4288 3629 4344 ἀλλά
3657 4290 3781 4345 τού-

2126 4375 2338 4431 ναντίον
2390 4376 2632 4439 εἰπόντες
2685 4377 2769 4433 ὅτι
2821 4377 2988 4457 μέχρι
3043 4376 3352 4440 συντελείας
3400 4372 3549 4434 ἔσται
3586 4379 3619 4447 ἡ
3654 4376 3784 4453 ἔρή-

2130 4487 2327 4539 μωσις.
2361 4468 2485 4524 ’Ὁτι
2523 4468 2615 4540 μὲν
2646 4466 2691 4521 εἰ
2733 4466 2898 4530 τέλος
2955 4470 2989 4537 ὴ
3052 4473 3298 4540 παροῦσα
3329 4464 3534 4543 ἔμελλε
3564 4465 3791 4524 δουλεία

2130 4556 2423 4628 λήψεσθαι,
2457 4555 2543 4610 καὶ
2578 4560 2741 4611 τοῦτο
2773 4557 2833 4611 ἃν
2868 4562 3133 4631 προεῖπον
3165 4559 3216 4612 οἱ
3258 4555 3663 4635 προφῆταικαί
3694 4558 3795 4614 οὐκ

3213 4648 3309 4709 τὰς
3395 4646 3791 4723 αἶχμαλωσίας

2421 4733 2557 4806 μετὰ
2631 4732 2992 4811 προρρήσεως
3078 4732 3343 4808 δείξαντες
3416 4734 3799 4811 ἐπενεχθείσας

2130 4824 2341 4884 αὐτοῖς·
2385 4821 2614 4894 ἑκάστης
2664 4824 2765 4899 γὰρ
2813 4826 3019 4879 τούτων
3076 4825 3168 4880 καὶ
3225 4826 3463 4901 τρόπους
3516 4826 3607 4880 καὶ
3660 4825 3793 4899 χρό-

2129 4931 2259 4973 νους
2317 4913 2908 4991 προανακηρυχθέντας
2991 4912 3080 4969 διὰ
3162 4920 3272 4970 τῶν
3353 4916 3510 4979 θείων
3568 4918 3801 4989 Γραφῶν

2129 4997 2506 5075 ἀπεδείξαμεν.
2562 5004 2644 5078 Τῇ
2697 5003 2948 5078 παρούσῃ
3001 5000 3058 5058 δὲ
3106 5002 3283 5066 οὐδεὶς
3314 5006 3604 5079 προφήτης
3635 5000 3801 5089 ὥρισε

2132 5091 2357 5168 χρόνον,
2411 5090 2540 5147 ἀλλ’
2599 5092 2682 5148 ὅτι
2746 5094 2840 5165 μὲν
2897 5093 3013 5162 ἣξει
3050 5094 3141 5147 καὶ
3199 5092 3475 5167 ἐρημώσει
3507 5093 3675 5146 πάντα
3707 5093 3796 5146 καί

2130 5183 2466 5252 μεταστήσει
2519 5183 2618 5251 τὴν
2676 5179 2985 5249 πολιτείαν,
3044 5180 3132 5235 καὶ
3195 5181 3330 5255 μετὰ
3387 5182 3552 5235 πόσον
3596 5169 3802 5256 χρόνον

2123 5276 2225 5339 τῆς
2285 5268 2344 5323 ἐκ
2400 5264 2733 5332 Βαϐυλῶνος
2793 5267 3059 5324 ἐπανόδου
3121 5265 3480 5343 συμϐήσεται,
3530 5270 3790 5345 προεῖπεν

2132 5359 2159 5413 6
2193 5356 2427 5427 Δανιὴλ,
2461 5359 2549 5413 ὅτι
2580 5356 2637 5413 δὲ
2670 5357 2830 5420 τέλος
2860 5356 2965 5429 ἕξει
3013 5360 3102 5415 καὶ
3158 5358 3408 5428 στήσεταί
3436 5380 3542 5414 που
3572 5361 3639 5413 τά
3666 5361 3804 5415 κατὰ

2138 5452 2327 5517 ταῦτα,
2363 5445 2486 5502 οὔτ’
2519 5448 2722 5510 ἐκεῖνος
2749 5445 3024 5519 ἐδήλωσεν
3057 5445 3166 5504 οὔτ’
3194 5446 3367 5508 ἄλλος
3386 5469 3468 5509 τις
3492 5452 3805 5528 προφήτης,

2138 5534 2286 5592 ἀλλά
2318 5536 2408 5591 καὶ
2441 5537 2788 5606 τούναντίον,
2848 5537 2923 5600 ὡς
2982 5536 3220 5612 εἷ’ρηται,
3279 5542 3544 5610 προεῖπον
3588 5541 3671 5594 ὅτι
3701 5539 3806 5603 ἓως

2132 4732 2339 4795 ἀπάσας

2132 5626 2443 5689 συντελείας
2505 5626 2711 5700 καθέξει
2773 5627 2968 5690 αὐτοὺς
3009 5630 3042 5698 ἡ
3103 5624 3453 5703 ταλαιπωρία
3499 5628 3658 5699 αὕτη.
3703 5633 3801 5685 Καὶ

2127 5715 2282 5791 μάλα
2341 5718 2590 5781 εἰκότως·
2645 5718 2737 5772 καὶ
2792 5718 2892 5794 γὰρ
2947 5722 3208 5795 μαρτυριῖ
3262 5722 3381 5781 τοῖς
3433 5717 3804 5795 εἰρημένοιςὸ
