4154 6424
262 382 275 385 “
330 376 457 434 449

1472 359 2014 424 HlSTORlARUM
2059 362 2618 431 COMPENDIUM.

3647 362 3775 437 450

331 511 600 567 τοσοῦτος
641 501 1032 580 διαγενόμενος
1081 494 1285 576 χρόνος
1340 496 1429 552 καὶ
1488 497 1613 554 οὒτε
1664 496 1826 572 ’ἴχνος
1885 494 2007 552 οὒτε

2134 506 2349 557 autum
2382 508 2614 577 tempus
2639 505 2701 561 in
2736 505 2966 579 magnis
2998 507 3257 565 miseriis
3302 517 3558 568 versatos
3616 517 3771 571 Deus

338 596 644 675 προοίμιον
704 597 965 668 χρηστῆς
1056 584 1369 662 μεταϐολῆς
1444 583 1836 661 ἐνδειξάμενος,
1919 587 2010 641 καὶ

340 693 514 743 ταῦτα
580 680 859 745 πολλάκις
944 676 1411 758 ἐπιχειρησάντων
1474 675 1647 731 αὐτῶν
1717 678 2011 746 ἀναστῆσαι

343 778 440 832 τὸν
473 774 619 842 ναὸν,
650 770 740 826 ἐπὶ
791 766 1085 844 Ἀδριανοῦ
1137 768 1224 821 καὶ
1286 763 1693 821 Κωνσταντίνου
1744 765 1834 820 καί
1875 766 2014 823 Ἰου-

346 861 685 934 λιανοῦ,καί
736 856 1187 922 διακωλυθέντων
1245 859 1463 931 πρῶτον
1524 855 1618 929 μὲν
1686 854 1792 909 ὕπὸ
1851 875 2012 931 στρα-

348 959 590 1022 τιωτῶν,
622 952 846 1025 ὕστερον
894 946 954 1004 δὲ
1006 945 1094 1003 ἐπὶ
1148 950 1246 1002 τοῦ
1302 941 1618 1022 παραϐἄτου
1679 946 1850 1020 πυρὸς
1902 950 2011 1001 τῶν

354 1043 637 1120 θεμελίων
667 1037 1080 1110 ἐκπηδήσαντος
1110 1036 1204 1091 καὶ
1250 1034 1622 1111 κατασχόντος
1673 1035 1865 1097 αὐτοὺς
1912 1039 2015 1101 τῆς

350 1135 588 1212 ἀκαίρου
632 1129 971 1213 φιλονεικίας
1017 1149 1074 1183 τε
1119 1126 1211 1183 καὶ
1267 1121 1644 1202 παραϐάσεως.
1684 1128 1843 1191 ’Όθεν
1889 1126 2013 1182 τοί-

351 1249 448 1282 νυν
488 1222 800 1302 λεγέτωσαν
852 1222 1014 1295 ἡμῖν,
1074 1217 1223 1280 τίνος
1279 1215 1432 1273 ’ἑνεκα
1489 1215 1542 1273 ἐν
1599 1215 1864 1292 Αἰγύπτῳ
1921 1217 2016 1290 μὲν

347 1318 618 1372 τοσοῦτον
676 1309 1054 1387 διατρίψαντες
1115 1306 1315 1384 χρόνον
1394 1305 1447 1360 έν
1503 1304 1777 1381 κακουχίᾳ
1828 1305 2018 1370 ἐλέους

348 1402 570 1483 ἔτυχον,
602 1402 694 1458 καὶ
725 1401 802 1464 εἰς
837 1395 1139 1459 Βαϐυλῶνα
1170 1397 1337 1454 πάλιν
1361 1397 1748 1476 ἀπενεχθέντες
1780 1396 2019 1467 ἐπανῆλ-

352 1473 565 1555 θον’.εἰς
610 1493 677 1547 τὰ
730 1488 866 1561 ἴδια,
919 1488 1012 1544 καὶ
1071 1488 1163 1544 ὑπ’
1221 1487 1516 1562 Ἀντιόχου
1581 1490 1818 1543 τοσαῦτα
1875 1488 2018 1542 κακά

361 1585 621 1645 παθόντες
648 1581 804 1643 αὖθις
836 1580 974 1656 πρὸς
1000 1579 1062 1634 τὸ
1100 1577 1364 1652 πρότερον
1418 1574 1730 1647 ἐπανῆλθον
1779 1575 2015 1650 ἀξίωμα,

361 1680 464 1730 νῦν
494 1670 547 1728 δὲ
578 1669 729 1727 οὐδὲν
773 1672 1027 1726 τοιοῦτον
1074 1667 1387 1745 γεγένηται,
1446 1666 1594 1723 ἀλλά
1644 1667 2013 1723 πεντακοσίων

360 1763 522 1831 ἐτῶν,
553 1766 644 1817 νῦν
677 1758 735 1816 δὲ
763 1758 970 1835 χιλίων
1017 1755 1067 1830 ἒξ
1126 1755 1330 1812 ἐκείνου
1383 1753 1710 1812 διελθόντων
1764 1752 1890 1811 οὐδὲ
1931 1753 2018 1810 αἶ’-

2120 590 2438 648 miseratus
2466 599 2579 661 est,
2616 595 2677 650 in
2711 595 3075 667 Babylonem
3107 598 3317 669 captivi
3351 599 3588 656 abducti
3636 604 3773 660 inde

2121 679 2182 734 in
2213 682 2465 751 patriam
2498 683 2731 739 reducti
2766 689 2922 752 sunt,
2958 690 3018 740 et
3050 690 3137 741 tot
3160 687 3336 743 malis
3374 687 3446 743 ab
3479 691 3771 748 Antiocho

2122 770 2317 825 affecti
2346 777 2547 827 tamen
2578 773 2889 845 pristinam
2921 783 3355 847 recuperarunt
3402 778 3776 851 dignitatem,

2122 875 2285 915 nunc
2309 867 2509 918 autem
2540 862 2660 918 tale
2691 863 2844 919 nihil
2877 865 2961 934 ﬁt,
2996 864 3100 919 sed
3128 867 3257 933 500,
3292 868 3411 922 imo
3459 872 3598 924 1000
3648 870 3774 941 jam

2123 950 2348 1005 exactis
2378 950 2451 1006 ab
2483 952 2712 1007 excidio
2735 954 2908 1009 annis
2941 971 3013 1009 ne
3046 956 3304 1026 speciem
3323 957 3565 1029 quidem
3588 960 3773 1016 ullam

2123 1038 2391 1109 priorum
2413 1043 2812 1097 mutationum
2830 1042 3097 1099 videmus
3111 1044 3139 1099 ?
3157 1046 3322 1110 Quod
3344 1047 3393 1101 si
3416 1054 3657 1119 peccata
3671 1068 3778 1107 sua

2124 1134 2464 1194 causentur,
2487 1130 2806 1201 dicantque
2838 1132 2971 1187 ideo
3006 1133 3116 1187 sibi
3148 1135 3401 1205 patriam
3432 1154 3552 1193 non
3584 1140 3775 1207 reddi,

2126 1216 2269 1287 quia
2298 1216 2533 1273 delictis
2563 1219 2685 1274 suis
2717 1222 2900 1275 Deum
2934 1222 3313 1292 offenderint,
3368 1225 3525 1281 haud
3556 1227 3660 1282 abs
3714 1246 3775 1283 re

2125 1304 2306 1359 fuerit
2330 1305 2414 1361 ita
2444 1322 2543 1362 eos
2564 1324 2772 1379 rogare
2801 1324 2813 1361 :
2844 1311 3095 1380 Propter
3118 1316 3360 1381 peccata
3390 1320 3646 1379 vestra,o
3675 1319 3776 1371 Ju-

2127 1392 2262 1459 daei,
2296 1398 2458 1449 tanto
2491 1400 2758 1468 tempore
2788 1396 3197 1469 Hierosolyma
3227 1405 3488 1456 extorres
3521 1403 3731 1475 degitis
3752 1406 3780 1460 ’ἶ

2127 1482 2277 1548 Quid
2307 1484 2419 1539 hoc
2450 1486 2581 1539 novi
2614 1492 2674 1541 et
2702 1486 2956 1542 inauditi
2991 1493 3079 1544 est
3108 1488 3136 1543 ?
3168 1490 3395 1546 scilicet
3445 1494 3777 1565 antiquitus

2121 1571 2282 1643 juste
2313 1573 2538 1629 vixistis
2574 1580 2632 1629 et
2667 1568 2848 1631 officii
2898 1578 3160 1634 rationes
3211 1580 3507 1651 tenuistis,
3557 1601 3624 1639 ac
3656 1602 3778 1640 non

2118 1661 2246 1733 jam
2276 1662 2415 1718 inde
2445 1662 2517 1718 ab
2567 1664 2739 1719 initio
2772 1666 3087 1722 innumera
3130 1668 3290 1724 inter
3336 1671 3550 1728 delicta
3599 1674 3777 1729 vitam

2127 1751 2377 1824 egistis?
2406 1769 2605 1808 nonne
2636 1770 2772 1809 cum
2805 1760 2863 1809 et
2892 1771 3055 1812 mare
3090 1758 3283 1813 scindi
3315 1766 3374 1814 et
3408 1778 3549 1817 saxa
3582 1763 3780 1835 rumpi

356 1872 536 1929 νιγμα
566 1848 828 1920 τοιαύνης
890 1840 1209 1920 μδταϐολῆς
1257 1846 1473 1919 ὁρῶμεν
1524 1846 1849 1937 φαινόμενον
1893 1846 2016 1898 οἷον

2134 1846 2331 1913 totque
2363 1843 2483 1898 alia
2503 1843 2791 1900 miracula
2812 1844 3109 1901 vidissetis
3131 1847 3192 1902 in
3219 1849 3558 1917 solitudine,
3582 1858 3782 1909 tamen

354 1944 422 1999 τὸ
456 1940 745 2016 πρότερον.
776 1936 844 1994 Εἰ
876 1933 935 1991 δὲ
962 1935 1056 1998 τάς
1086 1936 1356 2010 ἁμαρτίας
1386 1934 1564 1991 αὐτῶν
1624 1929 2016 2011 προϐάλοιντο,

361 2032 457 2088 καί
483 2029 712 2095 εἴποιεν,
747 2027 899 2084 Ἐπεὶ
932 2026 1252 2100 ἡμάρτομεν
1283 2028 1362 2097 τῷ
1391 2027 1527 2096 Θεῷ,
1586 2021 1676 2078 διὰ
1710 2026 1871 2079 τοῦτο
1922 2022 2022 2078 οὐκ

360 2114 841 2191 ἀπολαμϐάνομεν
868 2117 970 2185 τήν
1003 2113 1204 2170 οἰκείαν
1234 2114 1440 2190 χώραν,
1475 2111 1641 2168 πάλιν
1673 2110 1718 2167 δ’
1760 2110 1819 2168 ἄν
1873 2112 2019 2168 εἰκό-

355 2233 473 2273 τως
501 2208 702 2270 αύτοὺς
758 2206 1049 2282 ἐρήσομαι*
1111 2204 1209 2259 Διά
1263 2205 1359 2265 τὰς
1412 2202 1677 2278 ἁμαρτίας
1740 2203 1914 2276 ὑμῶν,
1974 2204 2019 2256 ὦ

353 2296 646 2365 Ἰουδαῖοι,
704 2289 806 2367 ἔξω
866 2301 966 2364 τῆς
1023 2292 1389 2370 Ἰερουσαλὴμ
1456 2287 1759 2366 διατρίϐετε
1816 2293 2017 2367 χρόνον

347 2392 617 2446 τοσοῦτον
644 2406 659 2456 ;
691 2386 790 2440 Καὶ
828 2384 966 2441 τίτὸ
995 2387 1178 2439 καινὸν
1225 2380 1315 2438 καί
1364 2386 1450 2454 [Ρ.
1502 2382 1630 2457 234]
1677 2379 2017 2457 παράδοξον;

359 2480 461 2548 1m,
495 2477 598 2553 γὰρ
628 2480 721 2529 νῦν
755 2472 809 2529 ἒν
861 2472 1154 2550 ἀμαρτίαις
1207 2474 1333 2542 ζῆτε
1381 2471 1567 2544 μόνον,
1622 2473 1767 2545 παρὰ
1813 2467 1870 2525 δὲ
1919 2471 2018 2539 τὴν

359 2567 549 2643 ἀρχὴν
583 2564 635 2621 έν
666 2561 989 2637 δικαιοσύνῃ
1016 2562 1107 2617 καὶ
1144 2561 1562 2637 κατορθώμασιν
1594 2579 1606 2629 ;
1658 2561 1767 2615 Οὐκ
1815 2558 2017 2625 ἀνωθεν

350 2657 447 2712 καὶ
477 2656 527 2729 ἐξ
560 2654 745 2730 ἀρχῆς
777 2651 1208 2728 συνανετράφητε
1261 2651 1625 2725 παρανομίαις
1654 2669 1667 2719 ;
1718 2650 1864 2725 Οὐχί
1917 2657 2018 2717 τῆς

364 2744 645 2815 θαλάσσης
680 2740 1018 2820 σχιζομένης
1075 2740 1164 2795 καί
1224 2744 1332 2796 τῶν
1391 2744 1602 2816 πετρῶν
1664 2739 2017 2816 ῥηγνυμένων

363 2836 460 2891 καί
491 2833 768 2889 τοσούτων
802 2833 1093 2904 θαυμάτων
1125 2827 1429 2908 γινομένων
1488 2829 1612 2903 περί
1657 2835 1758 2898 τῆς
1807 2827 2019 2904 ἐρήμου

371 2924 815 3001 προσεκυνήσατε
849 2921 1050 2996 μόσχῳ
1079 2939 1092 2989 ;
1122 2920 1201 2978 Οὐ
1231 2919 1324 2975 τὸν
1374 2916 1603 2975 Μωϋσέα
1653 2916 1828 2980 λίθοις
1882 2916 2022 2994 βάλ-

374 3012 572 3074 λοντες
600 3011 688 3067 καὶ
718 3009 923 3086 ἑτέροις
956 3008 1171 3083 μυρίοις
1199 3009 1426 3085 τρόποις
1475 3006 1683 3063 ἀνελεῖν
1733 3005 2022 3084 ἒπεχειρτς-

387 3123 514 3157 σατε
541 3099 823 3167 πολλάκις,
866 3100 954 3154 καὶ
1013 3099 1107 3154 τὸν
1166 3098 1294 3155 Θεὸν
1356 3096 1725 3174 παρωργίζετε
1768 3095 2023 3173 βλασφη-

2131 1930 2385 1986 vitulum
2399 1931 2987 1989 adoravistis?Nonne
3002 1934 3202 1991 Mosen
3217 1937 3515 2009 lapidibus
3531 1940 3782 1996 obruere

2129 2019 2454 2091 multisque
2488 2020 2619 2075 aliis
2652 2020 2844 2076 modis
2874 2022 3211 2080 interficere
3241 2043 3650 2098 saepenumero
3681 2047 3785 2103 agi-

2129 2109 2315 2182 gressi
2346 2109 2536 2165 estis?
2565 2111 2770 2166 Nonne
2802 2112 2986 2166 Deum
3019 2111 3219 2185 impiis
3250 2115 3422 2172 dictis
3455 2117 3732 2174 irritastis
3757 2119 3785 2175 ?

2129 2201 2334 2254 Nonne
2368 2198 2759 2271 Beelphehori
2791 2200 3008 2257 initiati
3040 2202 3185 2258 estis
3206 2203 3234 2259 ?
3263 2207 3468 2261 Nonne
3529 2206 3682 2263 ﬁlios
3724 2213 3785 2263 et

2130 2288 2285 2345 filias
2298 2295 2523 2345 vestras
2537 2289 2909 2347 daamonibus
2924 2290 3310 2349 immolastis?
3326 2296 3531 2352 Nonne
3551 2297 3783 2354 alienos

2131 2379 2275 2436 deos
2294 2380 2564 2436 coluistis
2584 2381 2612 2435 ?
2642 2382 2846 2437 Nonne
2870 2399 3046 2439 omne
3067 2383 3426 2458 flagitiorum
3457 2405 3524 2444 ac
3542 2389 3786 2445 malitia)

2133 2487 2320 2544 genus
2340 2471 2696 2526 exarcuistis
2722 2471 2749 2526 ?
2768 2472 2875 2537 Qui
2910 2473 2975 2527 fit
2995 2491 3131 2545 ergo
3159 2476 3317 2546 quod
3341 2482 3480 2533 tunc
3511 2480 3667 2535 Deus
3688 2497 3789 2535 vos

2131 2576 2253 2616 non
2286 2566 2377 2615 est
2405 2561 2839 2627 aversatus,sed
2865 2568 2999 2633 post
3029 2563 3404 2623 infanticidia
3434 2574 3789 2640 vestra,post

2131 2649 2350 2720 impios
2381 2649 2753 2705 deastrorum
2786 2651 3146 2723 cultus,post
3175 2658 3504 2712 extremam
3537 2657 3791 2730 ingrati-

2134 2737 2403 2793 tudinem
2435 2754 2570 2793 cum
2601 2743 2761 2793 vates
2791 2740 2956 2795 vobis
2986 2741 3152 2796 misit
3180 2743 3400 2815 varios,
3450 2749 3598 2801 4H
3660 2751 3783 2802 tum

2132 2829 2421 2885 miracula
2449 2833 2507 2885 et
2562 2830 2831 2902 prodigia
2860 2831 3146 2888 inusitata
3200 2836 3429 2891 edidit?
3468 2839 3583 2893 Cur
3642 2839 3787 2894 olim

2130 2922 2296 2974 tanta
2317 2918 2622 2990 impietate
2642 2919 2909 2975 obstricti
2937 2925 2995 2975 et
3011 2927 3095 2976 tot
3114 2922 3353 2996 ﬂagitiis
3378 2942 3445 2981 ac
3463 2926 3787 2983 sceleribus

2133 3008 2395 3080 cooperti
2422 3009 2609 3063 Deum
2641 3008 2723 3063 ita
2754 3008 3109 3066 benevolum
3140 3015 3463 3085 propitium
3496 3022 3670 3087 atque
3706 3021 3792 3073 tu-

2136 3104 2325 3153 torem
2351 3097 2665 3167 habuistis,
2725 3115 2883 3155 nunc
2915 3106 3116 3157 autem
3149 3120 3345 3175 neque
3404 3105 3588 3178 impio
3621 3107 3787 3163 cultu

386 3195 649 3265 μοῦντες;
698 3191 772 3247 Οὐ
807 3194 888 3261 τῷ
955 3186 1279 3267 Βεελφεγὼρ
1337 3185 1697 3259 έτελέσθητε;
1753 3188 1833 3245 Οὐ
1889 3187 2015 3249 τοὺς

413 3280 487 3293 ..
568 3278 579 3293 .
648 3284 671 3293 -
834 3278 848 3293 .
943 3279 956 3293 ι
1053 3279 1077 3293 ..
1230 3280 1240 3293 .
1390 3275 1473 3293 η,
1724 3281 1748 3293 ..
1819 3275 1843 3293 κ

2134 3203 2329 3258 neque
2351 3186 2669 3242 infantium
2687 3188 2846 3243 crede
2871 3191 3324 3249 eumirritantes
3347 3194 3409 3249 in
3434 3196 3712 3251 servitute
3729 3200 3788 3251 et

373 3280 535 3344 eleb;
564 3278 708 3353 ὑμῶν
763 3278 852 3334 καὶ
903 3279 999 3340 τὰς
1052 3279 1346 3355 θυγατέρας
1387 3275 1607 3333 ἐθύσατε
1659 3281 1775 3341 τοῖς
1817 3275 2015 3351 δαιμο-

365 3368 511 3432 νίοις
540 3368 629 3424 καί
676 3369 801 3431 τοὺς
861 3367 1189 3443 ἀλλοτρίους
1249 3366 1403 3430 θεοὺς
1460 3365 1884 3442 ἐθεραπεύσατες
1938 3368 2019 3424 Οὐ

363 3464 473 3516 πᾶν
528 3456 672 3519 εἶδος
738 3459 1007 3532 ἁμαρτίας
1063 3456 1154 3512 καὶ
1210 3456 1403 3519 κακίας
1458 3454 1837 3527 έπεδείξασθε;
1899 3460 2021 3518 Πῶς

363 3548 465 3604 οὗν
504 3549 644 3621 ὑμᾶς
689 3547 793 3603 οὐκ
832 3547 1145 3626 ἀπεστράφη
1204 3546 1329 3602 τότε
1386 3547 1414 3601 ὁ
1476 3547 1628 3617 Θεὸς,
1685 3545 1830 3601 ἀλλὰ
1887 3544 2024 3619 μετᾶ

357 3640 459 3701 τάς
491 3636 878 3700 παιδοκτονίας
927 3636 1018 3692 καὶ
1072 3637 1169 3699 τὰς
1220 3633 1672 3712 εἰδωλολατρίας,
1736 3636 1870 3709 μετὰ
1921 3637 2022 3704 τὴν

361 3727 590 3797 πολλὴν
623 3726 1042 3803 ἀγνωμοσύνην,
1065 3725 1154 3781 καὶ
1180 3727 1467 3804 προφήτας
1498 3725 1674 3803 ἀφῆκε
1730 3727 1858 3797 παρ’
1893 3726 2021 3798 ὑμῖν

361 3821 510 3874 εἶναι
573 3815 890 3894 διαφόρους,
948 3815 1039 3871 καὶ
1095 3819 1299 3888 σημεῖα
1358 3814 1671 3891 εἰργάζοντο
1727 3814 1815 3869 καὶ
1895 3814 2024 3869 θαύ-

368 3928 516 3982 ματα
548 3903 865 3981 παράδοξα;
921 3904 1077 3968 Τίνος
1136 3906 1228 3960 οὗν
1283 3901 1459 3960 ἕνεκεν
1518 3902 1691 3959 πάλαι
1753 3904 1850 3979 μὲν
1905 3905 2025 3958 ἀσεο

362 3992 599 4059 ϐοὖντες
662 3995 755 4050 καὶ
815 3995 984 4070 μυρία
1032 3992 1491 4071 διαπραττόμενοι
1553 3990 1701 4048 δεινά
1754 3993 2025 4064 τοσαύτης

369 4085 593 4147 εὐνοίας
625 4083 977 4155 ἀπηλαύσατε
1006 4084 1152 4157 παρὰ
1209 4087 1344 4139 Θεοῦ
1400 4082 1492 4138 καί
1559 4081 1888 4158 προστασίας
1936 4081 2027 4136 καὶ

362 4176 737 4253 προμηθείας,
777 4180 865 4231 νῦν
898 4173 956 4230 δὲ
986 4173 1113 4231 οὔτε
1154 4171 1688 4248 εἰδωλολατροῦντες
1746 4171 1870 4230 οὔτε
1902 4194 2029 4228 παι-

368 4263 752 4327 δοκτονοῦντες
819 4263 871 4320 έν
932 4263 1296 4344 αἰχμαλωσίᾳ
1347 4263 1697 4337 ταλαιπωρίᾳ
1758 4259 2026 4339 διάγετε;

365 4357 461 4425 Μὴ
496 4355 602 4430 γὰρ
628 4354 812 4430 ἕτερος
869 4354 935 4425 ἦν
978 4354 1109 4417 Θεὸς
1159 4354 1282 4409 τότε
1336 4354 1426 4409 καὶ
1482 4348 1671 4431 ἕτερος
1726 4357 1852 4421 νῦν;
1914 4353 2032 4409 Οὐκ

368 4444 539 4507 αὐτὸς
570 4444 682 4500 ἐστι
711 4442 802 4500 καί
828 4445 856 4498 ὁ
889 4441 1066 4499 ἐκεῖνα
1096 4442 1404 4518 οἰκονομῶν
1436 4443 1719 4499 καὶταῦτα
1746 4446 1835 4496 νῦν
1862 4439 2028 4517 ἐργα-

370 4533 646 4608 ζόμενος;
682 4534 779 4588 Διά
808 4533 883 4603 τί,
913 4553 1003 4588 ττε
1037 4531 1209 4607 μείζω
1261 4533 1357 4606 μὲν
1416 4533 1481 4602 ἦν
1530 4532 1597 4587 τὰ
1636 4531 2027 4606 ἁμαρτήματα,

2130 3278 2391 3334 miseriis
2413 3277 2591 3333 vitam
2611 3277 2821 3351 degitis
2842 3280 2870 3334 ?
2891 3281 3010 3335 Nisi
3036 3281 3305 3339 fortassis
3332 3285 3485 3341 alius
3512 3303 3671 3342 nunc
3696 3292 3786 3342 est

2131 3383 2309 3439 quam
2342 3366 2644 3438 quondam
2675 3369 2851 3436 Deus,
2884 3385 3081 3440 neque
3112 3370 3267 3427 idem
3303 3378 3360 3428 et
3391 3374 3493 3430 illa
3547 3380 3605 3429 et
3655 3375 3783 3431 haec

2132 3461 2515 3535 egit.Alioqui
2545 3479 2652 3517 cur
2681 3479 2781 3517 vos
2808 3468 2973 3519 tanto
2995 3465 3058 3520 in
3092 3466 3282 3537 pretio
3309 3468 3782 3539 habuisset,cum

2132 3550 2401 3623 graviora
2426 3551 2879 3608 committeretis
2906 3561 3334 3624 peccata,nunc
3358 3574 3493 3613 vero
3517 3576 3652 3614 cum
3676 3559 3787 3613 mi-

2133 3656 2247 3695 nus
2278 3638 2895 3711 delinquitis,omnino
2921 3650 3224 3700 aversatus
3256 3646 3509 3702 infinita:
3543 3647 3792 3721 ignomi-

2134 3729 2247 3784 nia:
2280 3730 2652 3801 exponeret?
2685 3735 2759 3785 At
2786 3731 2947 3787 enim
2970 3733 3135 3789 vobis
3166 3735 3500 3792 tacentibus
3531 3737 3618 3793 vel
3640 3737 3792 3810 lapi-

2137 3818 2239 3873 des
2267 3818 2770 3875 vociferabuntur.
2805 3822 2885 3875 Ex
2914 3838 3031 3891 quo
3066 3824 3227 3879 enim
3258 3841 3474 3881 manus
3533 3826 3786 3882 Domino

2136 3907 2447 3977 intulistis,
2480 3925 2656 3979 porro
2698 3926 2890 3979 neque
2923 3914 3212 3968 correctio
3243 3914 3410 3970 vobis
3439 3915 3674 3987 reliqua
3705 3920 3795 3971 est

2138 4013 2331 4068 neque
2354 3998 2523 4053 venia
2540 4014 2735 4068 neque
2754 3996 3086 4055 defensioni
3104 4001 3270 4058 locus
3288 4006 3545 4059 est.Nam
3562 4005 3796 4075 priores

2139 4091 2345 4141 vestrae
2378 4085 2613 4157 injurim
2642 4086 2702 4140 in
2746 4103 2943 4143 servos
2976 4095 3145 4145 erant
3172 4092 3452 4163 profectae
3512 4109 3546 4148 a
3578 4093 3744 4149 vobis
3783 4110 3798 4150 :

2139 4174 2370 4230 Christo
2393 4178 2593 4230 autem
2626 4191 2732 4246 per
2761 4175 3056 4233 insaniam
3081 4179 3349 4236 necando
3372 4182 3575 4252 priora
3600 4188 3800 4239 vestra

2141 4265 2368 4321 scelera
2396 4264 2531 4320 novi
2562 4265 2970 4337 magnitudine
2999 4268 3496 4326 oblitterastis.Ea
3518 4272 3588 4327 de
3614 4289 3796 4329 causa

2139 4371 2302 4411 nunc
2327 4354 2692 4427 gravioribus
2721 4354 3032 4427 suppliciis
3063 4358 3473 4415 afﬁcimini.Et
3494 4366 3693 4417 tamen
3718 4380 3797 4418 ne

2141 4445 2226 4501 sic
2256 4445 2498 4516 quidem
2528 4445 2822 4518 majorum
2857 4451 3191 4504 vestrorum
3225 4450 3576 4507 vaecordiam
3609 4456 3788 4523 atque

2141 4534 2370 4590 rabiem
2431 4533 2750 4606 deponitis,
2830 4536 3154 4593 stiamnum
3208 4539 3506 4595 Christum
3593 4541 3794 4614 impo-

370 4602 568 4690 4101113
601 4618 731 4692 δύξα
774 4602 902 4696 ὑμῖν
940 4623 1005 4690 ἦν
1038 4602 1210 4697 ’παρά
1262 4602 1422 4693 Θεοῦ,
1483 4619 1573 4676 ὅτε
1640 4602 1700 4675 δέ
1755 4602 2023 4674 ⁷ἐλάττονα

2136 4627 2356 4679 storem
2388 4602 2567 4694 atque
2622 4622 2770 4697 legis
2801 4624 3145 4682 violatorem
3207 4628 3541 4700 appellatis.
3579 4602 3700 4695 Qui.
3752 4628 3800 4685 si

371 4709 770 4786 πλημμελεῖτε
827 4715 943 4784 νῦν,
1009 4709 1296 4773 παντελῶς
1365 4710 1506 4785 ὑμᾶς
1580 4710 1894 4787 ἀπεστράφη
1942 4706 2033 4764 καὶ

369 4799 570 4875 ἀτιμίᾳ
623 4797 933 4876 παρέδωκεν
986 4799 1314 4875 ἀπεράντως
1376 4797 1553 4854 ’Λλλά
1589 4796 1687 4853 κᾶν
1739 4798 1896 4872 ὑμεῖς
1951 4818 2036 4851 σι-

369 4893 610 4967 γήσητε,
670 4890 722 4945 οἰ
792 4888 937 4945 λίθοι
982 4890 1347 4966 κεκράξονται.
1435 4884 1660 4957 Ἐπειδὴ
1741 4888 1844 4964 γὰρ
1899 4885 2037 4943 κατά

368 4984 473 5037 τοῦ
508 4977 780 5034 Δεσπότου
810 4978 907 5041 τὰς
975 4984 1167 5055 χεῖρας
1219 4977 1533 5049 ἒξετείνατε,
1591 4974 1681 5032 διὰ
1718 4981 1881 5032 τοῦτο
1937 4977 2037 5032 οὐκ

373 5067 528 5126 ἔσται
580 5068 708 5142 ὕμῖν
767 5066 1058 5145 διόρθωσις
1117 5065 1242 5124 οὐδὲ
1299 5066 1601 5146 συγγνώμη
1664 5067 1857 5123 λοιπὸν
1911 5064 2037 5122 οὐδὲ

375 5157 676 5231 ἀπολογία.
710 5159 845 5213 Τότε
879 5157 974 5231 μὲν
1005 5159 1111 5236 γὰρ
1170 5157 1246 5221 εἰς
1295 5155 1530 5221 δούλους
1577 5158 1644 5228 ἦν
1691 5157 1759 5213 τά
1806 5157 2036 5230 τολμώ-

381 5270 540 5322 μενα,
571 5252 664 5303 νῦν
724 5244 781 5303 δὲ
845 5247 1014 5302 πάντα
1071 5246 1250 5303 ἐκεῖνα
1301 5245 1369 5303 τὰ
1424 5247 1634 5304 παλαιὰ
1683 5251 1868 5325 σαφῶς
1933 5247 2035 5302 ἀπ-

377 5338 649 5415 εκρύψατε
680 5335 771 5393 διὰ
798 5343 900 5408 τῆς
958 5337 1036 5402 εἰς
1074 5337 1167 5393 τὸν
1222 5336 1403 5393 κοινὸν
1465 5335 1740 5409 Δεσπότην
1798 5337 2039 5412 Χριστὸν

383 5428 598 5501 μανίας.
632 5430 790 5484 Ὅθεν
823 5427 914 5482 καὶ
950 5428 1218 5501 μειζόνως
1260 5425 1575 5498 κολάζεσθε,
1635 5426 1727 5482 καὶ
1780 5423 1892 5482 οὐδ’
1947 5424 2038 5481 οὕς

378 5540 489 5582 τως
546 5518 820 5596 ἀπέχεσθε
875 5522 978 5587 τῆς
1033 5523 1303 5591 πατρικῆς
1371 5512 1773 5592 ἔμϐροντησίας
1838 5536 1896 5572 τε
1950 5514 2041 5570 καὶ

382 5608 615 5680 λύσσης,
650 5605 859 5665 πλάνον
894 5605 1052 5662 αὺτὸν
1112 5604 1202 5661 καί
1249 5604 1569 5681 παράνομον
1613 5602 2039 5691 ἀποκαλοῦντες.

381 5696 449 5758 Εἰ
465 5703 598 5778 γοῦν
627 5692 847 5760 πλάνος
881 5695 950 5766 ἦν
980 5696 1009 5751 ὁ
1036 5690 1290 5773 Χριστὸς,
1340 5690 1417 5760 ὥς
1468 5715 1618 5774 φατε,
1669 5693 1759 5751 καί
1803 5693 2043 5769 παράνο-

2143 4713 2279 4768 talis
2311 4711 2521 4768 fuisset
2550 4712 2789 4783 qualem
2822 4731 2923 4769 vos
2954 4714 3174 4784 dicitis,
3208 4724 3452 4790 propter
3481 4736 3692 4775 necem
3747 4721 3800 4776 ei

2144 4802 2373 4858 illatam
2403 4801 2510 4858 bos
2542 4802 2756 4874 majori
2792 4804 2969 4859 etiam
3012 4822 3189 4878 quam
3223 4813 3360 4863 ante
3391 4808 3455 4863 in
3487 4809 3798 4865 existima-

2145 4892 2308 4947 tione
2342 4906 2470 4946 esse
2502 4891 2911 4947 conveniebat.
2943 4893 2999 4948 Si
3034 4895 3194 4951 enim
3211 4897 3469 4952 Phinees
3500 4915 3621 4954 uno
3653 4898 3802 4971 legis

2145 4980 2452 5036 violatiore
2486 4980 2780 5037 trucidato
2813 4982 2967 5038 iram
2998 4985 3125 5053 Dei,
3160 5002 3291 5058 quas
3342 4992 3551 5042 contra
3610 4991 3802 5043 totum

2147 5074 2450 5127 exarserat
2478 5069 2786 5141 populum,
2824 5072 3077 5144 placavit
3106 5076 3321 5147 (stabat
3351 5075 3621 5141 enim,ait
3652 5076 3803 5130 Scri-

2146 5166 2340 5233 ptura,
2357 5156 2701 5227 Phinees,et
2725 5160 2999 5232 placabat
3022 5165 3230 5235 Deum,
3254 5183 3321 5221 ac
3343 5164 3520 5220 desiit
3547 5163 3803 5233 occidio,

2150 5265 2336 5320 eaque
2368 5265 2462 5303 res
2496 5248 2582 5303 illi
2608 5250 2863 5320 justitiae
2898 5250 3027 5307 loco
3060 5253 3352 5324 imputata
3393 5255 3526 5326 est),
3577 5259 3802 5324 quanto

2149 5338 2337 5411 magis
2367 5336 2672 5393 vobiscum
2703 5339 2783 5394 ita
2815 5340 2905 5411 agi
2940 5340 3163 5407 debuit,
3198 5342 3245 5396 si
3271 5343 3513 5414 quidem
3545 5341 3594 5398 is
3625 5360 3805 5415 quem

2150 5430 2213 5485 in
2246 5445 2481 5485 crucem
2506 5429 2661 5485 4112
2696 5429 2897 5501 egistis
2927 5429 3073 5503 legis
3105 5436 3229 5488 erat
3254 5432 3575 5489 violatior?
3604 5435 3807 5491 Audes

2152 5522 2352 5574 tamen
2380 5517 2574 5573 adhuc
2606 5533 2871 5588 quaerere
2897 5518 3055 5574 unde
3086 5525 3317 5575 constet
3347 5521 3533 5576 Deum
3557 5538 3658 5578 vos
3681 5540 3811 5579 om-

2150 5608 2298 5664 nino
2330 5603 2608 5673 aversari,
2647 5620 2781 5661 cum
2814 5604 3054 5679 quidem
3086 5624 3183 5663 res
3214 5608 3344 5680 ipsa
3372 5608 3678 5681 clamet,et
3707 5628 3809 5669 vo-

2156 5714 2288 5756 cem
2318 5695 2461 5753 tuba
2485 5693 2804 5752 clariorem
2839 5695 2977 5754 edat
3006 5695 3170 5754 urbis
3228 5695 3546 5765 excidium,
3600 5700 3813 5773 templi
