4154 6438
357 344 434 403 ιδ
452 339 485 403 1
1687 332 2000 397 GEORGII
2045 335 2397 397 CEDRENI
3670 341 3793 403 452

360 469 636 539 vastatio,
672 474 733 528 et
761 469 995 543 reliqua
1025 469 1245 525 omnia.
1290 467 1378 526 Ab
1428 466 1796 535 hominibus,
1829 466 1993 522 aiunt

2141 484 2263 537 μσς,
2325 463 2498 543 ἐχρῆν
2562 463 2777 539 μᾶλλον
2846 463 2990 536 huic
3048 462 3431 538 εὐδοκιμῆσαι,
3491 467 3575 521 ὅτι
3633 466 3793 523 αὐτὸν

362 574 483 614 non
518 576 553 615 a
582 560 701 616 Deo
734 558 847 616 ista
878 542 989 614 sibi
1020 558 1179 616 mala
1210 555 1744 628 imposita.Quodsi
1778 572 1899 612 non
1932 555 1993 612 ir:

2131 553 2498 609 ἀπεκτείνατε.
2538 553 2600 611 Εἰ
2644 553 2747 630 γὰρ
2810 553 2998 615 Φινεὲς
3057 550 3152 609 ἕνα
3198 555 3319 608 τινὰ
3370 560 3794 631 παρανομοῦντα

361 647 488 718 Dei,
526 648 630 704 sed
654 648 927 703 homines
949 647 1160 704 horum
1188 651 1386 703 essent
1408 645 1700 702 malorum
1719 650 1993 701 auctores

2130 639 2336 697 ἀνελὼν
2366 641 2679 717 ὀλόκληρον
2738 645 2836 713 τὴν
2887 642 3025 698 κατὰ
3063 647 3160 698 τοῦ
3199 639 3385 705 ἔθνους
3446 643 3616 720 ὀργῆν
3667 665 3791 700 κατ

361 736 567 808 utique
600 737 893 793 excidium
927 753 995 791 ea
1018 736 1468 806 finisset,neque
1494 733 1652 790 ultra
1674 733 1993 807 ignominia

2128 730 2353 785 έπαυσεν
2383 725 2528 803 (ἔστη
2559 733 2665 807 γὰρ
2695 733 2880 793 Φινεὲς
2938 732 3027 787 καὶ
3091 730 3399 803 ἐξιλάσατο,
3450 733 3535 787 καὶ
3597 732 3790 789 ἐκόπα-

360 831 538 896 atque
572 824 826 881 miseriae
858 830 1097 880 ventum
1130 830 1302 879 esset.

2128 838 2214 871 σεν
2247 820 2279 885 ἡ
2315 820 2559 892 θραῦσις,
2600 820 2691 874 καὶ
2741 818 3003 896 ἐλογίσθη
3061 820 3209 892 αὐτῷ
3268 819 3343 884 είς
3391 815 3786 897 δικαιοσύνην),

355 910 555 985 πολλῷ
600 910 811 986 μᾶλλον
873 909 949 990 ἐφ’
1011 912 1161 983 ὑμῶν
1223 907 1331 966 ἔδει
1384 916 1547 967 τοῦτο
1586 910 1854 986 γενέσθαι,
1903 905 1955 961 εἶ’
1992 927 2053 982 γε
2106 906 2420 980 παράνομος
2476 910 2542 974 ἦν
2594 906 2622 964 6
2680 908 2767 984 ὑφ’
2837 909 2984 980 ὑμῶν
3044 909 3395 980 σταυρωθείς.
3458 908 3560 965 Καὶ
3618 910 3780 975 πόθεν

355 998 551 1071 δῆλον,
582 1002 766 1079 φησίν,
801 1000 882 1055 ὅτι
913 999 1099 1056 τέλεον
1150 1000 1466 1078 ἀπεστράφη
1530 999 1669 1073 ὑμᾶς
1702 998 1728 1052 6
1760 996 1928 1064 Θεόςς
1989 997 2113 1053 Τῶν
2175 995 2518 1070 πραγμάτων
2575 996 2750 1051 αὐτῶν
2815 997 3070 1072 βοώντων
3116 997 3205 1052 καὶ
3270 994 3573 1073 σάλπιγγος
3637 996 3778 1072 λαμ-

351 1090 616 1163 προτέραν
676 1089 933 1167 ἀφιέντων
995 1090 1183 1165 φωνὴν
1240 1087 1329 1143 δια
1383 1096 1482 1159 τῆς
1538 1092 1919 1163 καταστροφῆς
1977 1091 2077 1153 τῆς
2132 1083 2371 1153 πόλεως,
2433 1080 2524 1138 διὰ
2580 1092 2681 1155 τῆς
2768 1084 3106 1160 ἐρημώσεως
3158 1091 3254 1140 τοῦ
3311 1092 3462 1156 ναοῦ,
3525 1083 3613 1141 ’διά
3669 1091 3777 1143 τῶν

350 1176 535 1233 ἄλλων
570 1179 845 1234 ἁπάντων.
880 1177 1039 1235 Ἀλλ’
1088 1177 1386 1254 άνθρευποι,
1449 1181 1533 1252 [Ρ.
1590 1180 1715 1252 235]
1777 1174 1963 1254 φησίν,
2022 1171 2314 1246 ἐπήγαγον,
2375 1168 2484 1248 οὺχ
2516 1173 2544 1227 ὁ
2576 1174 2726 1237 Θεός.
2781 1174 2844 1229 Εἰ
2897 1179 3025 1247 γοῦν
3086 1172 3389 1249 ἀνθρώπων
3430 1173 3559 1252 ἔργα
3616 1181 3782 1231 ταῦτα

345 1268 433 1323 καὶ
470 1266 728 1343 οὖχὶτῆς
763 1268 929 1343 ὀιγῆς
960 1265 1057 1324 to;
1117 1272 1273 1335 Θεοῦ,
1334 1261 1442 1322 ἔδει
1506 1266 1671 1343 μέχρι
1726 1273 1825 1336 τῆς
1866 1261 2125 1323 ἁλώσεως
2180 1261 2245 1316 τά
2306 1260 2539 1337 ὑμέτερα
2610 1269 2797 1333 στῆναι
2851 1263 2939 1318 καὶ
2998 1265 3074 1338 μὴ
3135 1263 3435 1341 περαιτέρω
3489 1262 3775 1341 προελθεῖν

351 1357 478 1429 ὑμῖν
507 1357 606 1425 τήν
637 1356 856 1429 ἀτιμίαν
893 1359 986 1413 καὶ
1019 1359 1281 1415 κάκωσιν.

421 1450 639 1505 Verum
673 1455 798 1504 esto
831 1449 914 1504 ita
945 1450 1028 1505 uti
1061 1448 1281 1515 dicitis,
1315 1466 1383 1504 ac
1412 1465 1637 1515 muros,
1680 1447 1890 1502 urbem
1948 1450 2005 1501 et

347 1537 535 1594 altare
568 1537 897 1608 dejecerint
926 1538 1202 1594 homines
1236 1554 1415 1605 ,num
1440 1544 1497 1593 et
1517 1537 1792 1592 homines
1816 1536 2002 1592 homi-

346 1644 494 1683 num
525 1626 577 1679 vi
613 1626 866 1682 existere
902 1626 1334 1683 cessaverunt?
1362 1643 1505 1681 num
1564 1625 1835 1681 homines
1867 1641 2002 1697 grav

353 1716 500 1771 tiam
527 1714 778 1785 Spiritus
800 1716 1038 1787 aliaque
1072 1717 1229 1788 apud
1261 1733 1357 1770 vos
1390 1714 1707 1787 magnifica
1738 1714 2005 1770 aboleve-

2186 1439 2339 1509 Πλὴν
2373 1434 2510 1496 ἔστω
2540 1441 2677 1496 κατᾶ
2705 1442 2797 1496 τὸν
2832 1440 3090 1517 ὑμέτερον
3129 1441 3313 1517 λόγον,
3362 1441 3445 1500 ὅτι
3492 1445 3559 1499 τὰ
3609 1443 3770 1521 τείχη

2113 1523 2477 1604 κατέστρεψαν
2509 1530 2780 1606 ἂνθρωποι
2837 1531 2928 1587 καὶ
2986 1534 3087 1601 την
3146 1532 3314 1588 πόλιν
3375 1532 3634 1599 καθεῖλον
3684 1548 3775 1602 καὶ

2113 1618 2203 1673 τὸν
2239 1618 2427 1693 βωμὸν
2471 1615 2811 1697 ἀνέστρεψαν·
2862 1623 2936 1694 μὴ
2990 1621 3079 1675 καὶ
3136 1619 3265 1685 τοὺς
3316 1622 3639 1699 ἀνθρώπους
3690 1620 3782 1678 62v-

2115 1708 2329 1782 θρωποι
2381 1711 2742 1766 κατὲπαυσαψ
2819 1711 2896 1785 μή
2984 1713 3073 1767 καὶ
3132 1714 3231 1783 τήν
3294 1718 3392 1767 τοῦ
3451 1715 3771 1787 Πνεύματος

348 1804 534 1860 runt?
590 1804 771 1875 Cujus
831 1806 1067 1877 generis
1115 1812 1223 1872 est,
1272 1805 1431 1877 quod
1482 1822 1640 1861 nunc
1689 1821 1907 1875 neque,
1942 1795 1993 1859 ul

2121 1798 2282 1872 χάριν
2314 1799 2403 1854 καὶ
2430 1796 2611 1856 τᾶλλα
2634 1800 2700 1855 τὸ.
2734 1801 2902 1874 σεμνᾶ
2929 1801 2995 1856 τὰ
3026 1808 3150 1873 παρ’
3185 1803 3310 1876 ὑμῖν
3347 1801 3479 1858 αὐτὰ
3537 1801 3773 1858 κατέλυ-

351 1893 674 1966 quondam,
708 1912 815 1950 vox
842 1911 876 1950 a
904 1894 1315 1967 prepitiatorio
1348 1896 1613 1961 effertur,
1646 1911 1839 1966 neque
1894 1910 2002 1948 sua

351 1983 619 2038 unctioni
653 1988 884 2039 constat
914 1983 1461 2056 efﬁcacitas,ueque
1493 1984 1645 2055 lapis
1676 1981 2002 2039 sacerdotis

350 2069 541 2127 deret.
575 2073 719 2127 Nam
749 2071 994 2128 Judaica
1026 2072 1229 2144 religia
1259 2090 1365 2130 sua
1396 2073 1692 2146 principia
1732 2089 1850 2128 non
1882 2087 2003 2127 om-

346 2156 448 2212 nia
480 2157 551 2213 de
585 2158 763 2214 rebus
810 2158 1190 2215 terrestribus
1237 2159 1512 2225 habebat,
1567 2160 1669 2215 sed
1716 2158 2002 2231 pleraque

350 2251 409 2301 et
440 2246 741 2318 praecipua
764 2247 996 2303 cmlitus
1020 2264 1032 2301 :
1053 2248 1309 2321 exempli
1332 2248 1831 2317 causa,sacriﬁcia
1850 2249 2001 2303 Deus

349 2336 837 2409 praescripserat;
872 2344 1047 2409 atque
1079 2355 1177 2394 are
1212 2338 1475 2412 quidem,
1510 2339 1691 2413 ligna,
1727 2339 1913 2394 culter
1946 2342 2005 2392 et

356 2426 633 2482 sacerdos
663 2432 899 2483 terrena
930 2434 1119 2495 erant,
1154 2428 1306 2502 ignis
1337 2435 1536 2486 autem
1586 2429 1687 2501 qui
1719 2429 1782 2484 in
1826 2427 2001 2500 adyto

346 2531 591 2571 arsurus
626 2520 683 2570 et
714 2516 1072 2572 sacriﬁcium
1107 2524 1569 2590 consumpturus
1601 2523 1745 2586 erat,
1772 2516 2002 2573 ccelitus

352 2603 610 2659 habebat
651 2609 844 2661 ortum
882 2621 895 2661 :
948 2623 1066 2661 non
1098 2605 1261 2663 enim
1306 2608 1482 2664 homo
1533 2606 1731 2680 ignem
1776 2606 1999 2678 templo

342 2693 659 2757 inferebat,
694 2693 798 2749 sed
857 2695 1100 2753 flamma
1133 2695 1204 2751 de
1261 2696 1409 2753 ccelo
1462 2696 1581 2753 lata
1636 2696 1999 2753 sacrificium

343 2780 711 2854 perficiebat.
741 2784 887 2839 Item
938 2784 985 2839 si
1028 2802 1146 2856 qua
1190 2785 1263 2841 de
1292 2801 1357 2842 re
1405 2786 1689 2842 certiores
1721 2786 1850 2842 ﬁeri
1900 2802 1999 2841 cu-

342 2878 581 2945 perent,
616 2870 775 2927 inter
832 2873 1201 2931 Cherubinos
1260 2880 1318 2930 et
1374 2876 1849 2947 propitiatiorum
1897 2892 2004 2931 vox

362 2958 636 3032 quaedam
673 2958 961 3017 edebatur
986 2962 1184 3018 futura
1214 2964 1793 3035 prazdicensEodem
1824 2964 2002 3021 modo

342 3047 414 3106 de
447 3048 651 3121 lapide
685 3051 786 3122 qui
820 3068 999 3122 supra
1024 3058 1232 3125 pectus
1264 3053 1586 3109 sacerdotis
1617 3054 1997 3127 summipen-

2115 1906 2232 1953 σαν,
2266 1889 2384 1943 οἷον
2415 1887 2478 1943 τὸ
2510 1892 2665 1966 ιρωνή
2705 1890 2764 1944 ἐκ
2809 1895 2907 1946 τοῦ
2960 1888 3289 1963 ἱλαστηρίου
3341 1891 3614 1966 φέρεσθαι,
3667 1893 3768 1960 τήν

2112 1968 2199 2028 ἐπὶ
2258 1980 2338 2047 τῷ
2394 1975 2665 2053 χρίσμασι
2715 1979 3006 2056 γενομένην
3041 1974 3325 2056 ἒνέργειαν,
3383 1982 3481 2051 τήν
3533 1977 3620 2035 ἐπὶ
3677 1981 3769 2035 τὸν

2113 2058 2267 2118 λίθον
2328 2070 2425 2121 τοῦ
2484 2066 2674 2140 ίερὲως
2735 2065 2981 2139 δήλωσιν
3019 2087 3031 2138 ;
3075 2068 3172 2123 Καὶ
3232 2068 3334 2147 γὰρ
3392 2072 3427 2140 ἡ
3493 2066 3767 2139 Ἰουδαϊκὴ

2112 2149 2366 2208 πολιτεία
2400 2156 2531 2230 οὐχὶ
2561 2158 2802 2221 κάτωθεν
2838 2156 2958 2233 εἶχε
2987 2157 3081 2218 τὰς
3112 2157 3289 2233 ἀρχᾶς
3350 2158 3578 2229 ἁπάσας,
3631 2156 3776 2215 ἀλλὰ

2112 2241 2207 2304 τὰς
2240 2242 2468 2307 πλείους
2497 2246 2587 2299 καὶ
2622 2244 2949 2320 σεμνοτέρας
2992 2247 3194 2310 ἄνωθεν
3238 2246 3298 2301 ἐκ
3347 2253 3454 2302 τῶν
3508 2246 3771 2318 οὐρανῶν.

2113 2330 2243 2388 Οὶόν
2275 2353 2329 2386 τι
2362 2330 2525 2408 λέγω·
2561 2335 2754 2397 Θυσίας
2786 2333 3031 2408 γίνεσθαι
3062 2338 3452 2412 συγχωρήσας,
3487 2337 3514 2390 6
3542 2336 3635 2410 μὲν
3660 2336 3769 2413 βω-

2117 2419 2217 2492 μὸς
2245 2421 2310 2492 ἦν
2343 2422 2492 2477 κάτω
2531 2418 2621 2477 καὶ
2650 2423 2717 2478 τὰ
2747 2422 2883 2497 ξύλα
2911 2423 3001 2478 καὶ
3042 2427 3076 2493 ἠ
3113 2424 3364 2501 μάχαιρα
3392 2424 3482 2481 καὶ
3512 2426 3540 2479 ὁ
3571 2425 3770 2501 ἱερεὺς,

2109 2509 2172 2563 τὸ
2204 2507 2261 2565 δὲ
2291 2516 2395 2586 πῦρ
2430 2510 2493 2567 τὸ
2527 2509 2733 2586 μὲλλον
2767 2511 2818 2568 ἐν
2860 2519 2977 2578 τοῖς
2998 2510 3217 2575 ἀδύτοις
3246 2521 3365 2578 τοῖς
3393 2512 3617 2578 ἐκείνοις
3641 2515 3771 2571 ίὲναι

2114 2600 2205 2653 καί
2248 2595 2483 2671 δαπανᾷν
2525 2602 2620 2664 τὰς
2674 2600 2859 2665 θυσίας
2919 2597 3122 2657 ἄνωθεν
3190 2606 3291 2674 τήν
3360 2602 3543 2680 ἀρχὴν
3602 2603 3767 2683 εἶχεν·

2116 2685 2297 2763 οὐγὰρ
2357 2686 2643 2761 ἅνθρωπος
2708 2688 2784 2754 εἷς
2840 2692 2933 2747 τὸν
2991 2691 3119 2747 ναὸν
3179 2690 3367 2769 εῗσῆγε
3424 2696 3553 2762 πῦρ,
3622 2690 3769 2749 ἀλλᾶ

2112 2775 2249 2855 φλὸξ
2308 2774 2507 2834 ἄνωθεν
2571 2784 2959 2855 κατενεχθεῖσα
3023 2782 3124 2852 τήν
3180 2778 3268 2836 ἐπὶ
3325 2788 3428 2852 τῆς
3488 2778 3767 2845 διακονίας

2112 2862 2359 2943 ἐπλήρου
2393 2868 2603 2927 ουσίαν.
2639 2866 2811 2925 Πάλιν
2845 2866 2899 2923 εἶ’
2920 2890 3055 2925 ποτε
3086 2864 3193 2924 ἔδει
3224 2891 3277 2925 τι
3314 2871 3528 2944 μαθεῖν,
3572 2870 3768 2943 ἁναμέ-

2111 2977 2203 3010 σον
2257 2958 2365 3010 τῶν
2427 2950 2713 3033 Χερουϐὶμ
2769 2957 2863 3012 καὶ
2919 2962 3021 3013 τοῦ
3088 2956 3420 3031 ἱλαστηρίου
3479 2961 3631 3039 φωνή
3690 2980 3770 3020 τις

2114 3043 2332 3125 ἐιρὲρετο
2373 3045 2464 3101 καὶ
2522 3046 2590 3102 τά
2650 3044 2925 3123 μέλλοντα
2965 3044 3286 3127 προέλεγεν.
3357 3048 3630 3109 Ὡσαύτως
3683 3047 3770 3103 ἐπὶ

348 3138 548 3208 debat,
575 3136 769 3213 fulgor
797 3140 994 3197 exibat
1026 3141 1126 3213 qui
1157 3142 1355 3198 futura
1381 3142 1721 3217 detegeret;
1754 3143 1911 3201 unde
1944 3145 1993 3200 ei

2106 3132 2198 3187 τὸν
2243 3129 2395 3198 λίθον
2425 3133 2515 3188 τὸν
2572 3128 2659 3189 ἕπὶ
2689 3139 2786 3189 τοῦ
2827 3137 3059 3207 στήθους
3118 3141 3217 3193 τοῦ
3264 3137 3587 3214 ἀρχιερέως,
3626 3136 3761 3212 ὅπερ

338 3246 559 3287 nomen
578 3233 730 3287 4R3
756 3232 1188 3304 patefactionis.
1230 3236 1497 3307 Itemque
1529 3235 1575 3292 si
1601 3238 1733 3308 quis
1756 3236 1998 3310 inunge-

340 3320 720 3393 retur,gratia
738 3321 990 3392 Spiritus
1019 3322 1080 3380 in
1105 3341 1239 3379 eum
1276 3323 1581 3381 insiliebat
1598 3330 1657 3380 et
1681 3324 1879 3381 oleum
1902 3340 1995 3380 re-

338 3406 596 3466 siliebat.
635 3410 832 3482 lisque
889 3412 1069 3468 rebus
1101 3418 1259 3469 vates
1314 3420 1486 3469 erant
1525 3414 1887 3483 administri,
1931 3431 1997 3470 ac

344 3513 501 3569 smpe
533 3496 755 3555 nebula
786 3506 845 3554 et
892 3499 1090 3557 fumus
1141 3502 1382 3573 adytum
1416 3507 1869 3575 occupaverunt.
1914 3500 1995 3559 Ne

348 3586 529 3659 igitur
561 3603 666 3658 pro
699 3586 1069 3661 impudentia
1100 3594 1311 3659 vestra,
1345 3592 1716 3649 calamitates
1774 3597 1995 3649 vestras

346 3674 694 3731 hominibus
725 3683 997 3749 acceptas
1036 3677 1292 3748 ferretis,
1344 3698 1461 3737 non
1494 3681 1660 3737 urbis
1710 3681 1886 3737 modo
1937 3686 1994 3737 et

340 3762 547 3837 tempii
583 3765 878 3821 excidium
914 3766 1041 3823 fieri
1061 3766 1216 3826 Deus
1247 3769 1649 3843 permisit,sed
1682 3775 1740 3825 et
1768 3787 1868 3827 eas
1898 3788 1993 3827 res

341 3871 594 3928 quarum
626 3855 700 3911 de
733 3856 876 3913 cmlo
912 3859 1207 3932 principia
1238 3866 1410 3917 erant
1437 3878 1467 3916 e
1499 3861 1696 3919 medio
1729 3861 1987 3919 sustulit.

338 3944 453 3999 Cur
483 3944 639 4000 enim
674 3963 832 4002 nunc
866 3954 924 4003 et
953 3948 1261 4021 prophetis
1304 3955 1364 4005 et
1394 3949 1674 4006 omnibus
1723 3951 1852 4007 istis
1897 3949 1988 4006 di-

337 4032 494 4088 vinis
528 4032 707 4089 rebus
738 4032 1184 4092 destituimini?
1230 4038 1438 4094 Nonne
1469 4036 1531 4095 in
1579 4045 1861 4112 promptu
1900 4044 1991 4096 est

337 4119 398 4175 id
432 4120 582 4190 fieri,
617 4123 756 4196 quia
785 4124 940 4180 Deus
973 4143 1074 4182 vos
1106 4132 1410 4183 aversatur
1430 4128 1458 4183 ‘2
1490 4127 1674 4196 Unde,
1717 4126 1888 4197 dicis,
1925 4129 1987 4185 id

330 4206 579 4283 liquet?
634 4212 774 4270 Inde
833 4214 991 4287 quod
1045 4214 1348 4289 quondam
1421 4216 1744 4275 admodum
1816 4218 1984 4293 impii

332 4299 533 4356 fuistis
561 4318 573 4356 :
607 4318 768 4359 nunc
802 4309 1001 4363 autem
1029 4311 1163 4379 post
1193 4304 1352 4362 cruci
1386 4304 1626 4364 aiiixum
1660 4307 1980 4373 Christum,

332 4407 469 4445 cum
502 4389 824 4447 videamini
874 4393 1096 4450 rectius
1126 4394 1339 4466 vivere,
1397 4395 1693 4470 graviores
1723 4394 1983 4471 penditis

2113 3212 2341 3277 ἐκάλουν
2377 3219 2642 3294 δήλωσιν,
2672 3221 2875 3301 ἐγίνετό
2897 3246 2981 3289 τις
3022 3212 3324 3302 ἔλλαμψις,
3363 3212 3465 3282 καὶ
3531 3226 3597 3281 τὰ
3632 3224 3767 3297 μέλ-

2111 3310 2277 3367 λοντα
2335 3312 2763 3389 προεσήμαινεν.
2822 3312 3068 3388 Ὁμοίως
3134 3315 3299 3386 ἡνίκα
3359 3315 3603 3391 χρίεσθαι
3658 3310 3764 3369 ἔδει

2104 3400 2246 3474 τινὰ,
2333 3399 2647 3477 Πνεῦματος
2734 3400 2998 3482 ἐφίπτατο
3077 3405 3241 3481 χάρις
3318 3404 3408 3459 καὶ
3460 3405 3521 3458 τί,
3580 3398 3763 3458 ἔλαιον

2108 3487 2368 3561 ἀνεπήδα.
2429 3490 2528 3546 Καὶ
2595 3498 2875 3568 προφῆται
2936 3491 3227 3564 διηκόνουν
3287 3498 3406 3555 τοῖς
3470 3492 3756 3570 πράγμασι

2104 3577 2345 3652 τούτοις,
2378 3581 2466 3636 καὶ
2497 3579 2696 3662 νεφέλη
2739 3580 3013 3646 πολλάκις
3066 3582 3155 3639 καὶ
3213 3582 3414 3646 καπνὸς
3471 3583 3538 3640 τὰ
3594 3578 3762 3636 ἄδυτα

2104 3666 2536 3744 κατελάμϐανεν.
2596 3672 2713 3729 ’Ἰνα
2775 3671 2951 3727 τοίνυν
3014 3674 3092 3748 μὴ
3151 3672 3555 3750 ἀναισχυνθήτε
3615 3668 3760 3748 μηδὲ

2102 3757 2412 3835 ἀνθρώποις
2444 3757 2742 3837 λογίζησθε
2771 3761 2870 3830 τήν
2899 3760 3177 3838 ἐρήμωσιν
3223 3762 3426 3836 αὐτῶν,
3476 3763 3605 3840 οὐχί
3648 3767 3751 3837 τήν

2101 3848 2266 3904 πόλιν
2299 3849 2472 3925 μόνην
2506 3850 2681 3929 ἀφῆκε
2711 3852 2890 3907 πεσεῖν
2924 3852 3013 3906 καὶ
3046 3851 3136 3907 τὸν
3186 3852 3311 3907 ναὸν
3365 3851 3748 3927 ἐρημωθῆναι,

2099 3937 2248 3995 ἀλλὰ
2277 3939 2367 3994 καὶ
2402 3940 2467 3994 τά
2497 3939 2795 4017 πράγματα
2827 3937 3019 4013 ἐκεῖνα,
3054 3939 3189 4016 ἅπερ
3246 3939 3306 3996 ἐκ
3354 3945 3464 3997 τῶν
3506 3941 3747 4018 οὐρανῶν

2096 4028 2192 4095 τὰς
2226 4026 2401 4111 ἀρχὰς
2457 4032 2624 4107 εἶχεν,
2686 4028 2931 4087 ἐκποδὼν
2975 4032 3214 4109 γενέσθαι
3262 4032 3551 4105 πεποίηκε.
3599 4033 3754 4097 Τίνος

2097 4118 2194 4174 οὖν
2222 4118 2402 4174 ’ἐνεκεν
2434 4119 2537 4174 οὐκ
2565 4118 2720 4199 ἔχετε
2748 4124 2835 4174 νῦν
2868 4121 3154 4198 προφήτας
3205 4117 3330 4177 οὖδὲ
3380 4141 3432 4178 τι
3489 4127 3597 4179 τῶν
3641 4123 3756 4179 λοι-

2144 4212 2171 4225 ~
2246 4206 2283 4240 ι.
2311 4231 2327 4239 ⁸
2564 4230 2577 4238 ⁸
2709 4228 2721 4239 θ
2752 4223 2756 4227 .
2808 4208 2875 4242 χ’.
2987 4207 3045 4227 νὴ
3261 4209 3271 4227 9
3424 4214 3454 4227 ε.
3612 4216 3636 4229 ν
3731 4214 3744 4231 \

2095 4231 2211 4263 πων
2247 4208 2466 4265 εκείνων
2526 4207 2721 4279 θείων,
2782 4216 2897 4266 (ιυκ
2956 4209 3189 4281 ευοηλον
3240 4212 3323 4268 ὅτι
3361 4232 3458 4267 του
3504 4219 3639 4268 Θεου
3687 4235 3754 4269 τα

2092 4300 2210 4356 κκθ⁹
2243 4298 2382 4372 ὑμᾶς
2429 4295 2912 4376 ἀποστραφέντος;
2970 4297 3073 4358 Καὶ
3134 4301 3320 4374 πόθεν,
3380 4300 3532 4381 φησὶ,
3582 4307 3748 4358 τοῦτο

2095 4384 2266 4458 δῆλον
2298 4407 2311 4457 ;
2347 4387 2473 4465 Ἀφ’
2514 4388 2588 4441 ὧν
2640 4389 2745 4462 πρὸ
2801 4386 2997 4446 τούτου
3057 4390 3152 4464 μὲν
3208 4386 3526 4452 ἀσεϐοῦντες
3589 4389 3748 4467 ἐτυγ-

332 4494 558 4549 pcenas,
593 4478 864 4552 nihilque
912 4483 1181 4554 priorum
1230 4485 1523 4541 bonorum
1572 4482 1735 4541 vobis
1766 4484 1932 4543 adest
1966 4502 1980 4555 ;

2106 4477 2292 4553 χάνετε
2322 4476 2559 4543 πάντως,
2603 4478 2694 4531 νῦν
2756 4474 2814 4532 δὲ
2870 4474 3153 4543 δοκοῦντες
3211 4477 3603 4554 ἐπιεικέστερον
3653 4484 3750 4556 ζῇν

330 4583 526 4640 neque
582 4585 720 4623 vero
781 4585 1043 4643 unquam
1107 4566 1317 4645 aderit,
1362 4568 1867 4646 quemadmodum
1899 4572 1984 4635 di-

326 4658 479 4713 vinas
511 4657 929 4732 praedictiones
978 4665 1293 4737 perspicue
1344 4665 1683 4723 ostendunt.
1722 4666 1989 4725 Vultisne

330 4751 395 4801 ut
426 4747 629 4820 plures
660 4747 840 4806 etiam
873 4757 1033 4808 vates
1076 4759 1281 4811 contra
1311 4772 1412 4813 vos
1444 4753 1518 4811 ad
1566 4753 1854 4812 auxilium
1887 4754 1987 4812 ad-

328 4853 639 4907 vocemus,
672 4839 773 4912 qui
830 4839 1047 4900 diserte
1086 4843 1479 4916 pronuntient
1509 4844 1692 4901 finem
1743 4860 1873 4900 esse
1902 4861 1990 4901 re-

327 4941 461 4980 rum
495 4931 852 5000 vestrarum,
885 4937 1121 4991 nostras
1152 4950 1246 4988 res
1303 4930 1627 4997 llorituras,
1662 4950 1729 4989 ac
1762 4951 1870 5005 per
1901 4939 1986 4990 to-

335 5018 459 5071 tum
493 5017 701 5071 orbem
733 5025 1130 5093 propagatum
1162 5020 1232 5077 iri
1263 5021 1648 5094 pra-conium,
1682 5021 1988 5096 aliumque

327 5104 706 5165 sacriﬁcandi
736 5107 982 5166 modum
1016 5108 1674 5179 instituendum,vestro
1705 5108 1941 5171 sublato
1961 5113 1989 5167 ‘?

327 5193 479 5249 Sane
514 5212 634 5251 non
668 5194 996 5270 producam
1052 5204 1266 5255 testem
1298 5198 1512 5256 Isaiam
1543 5205 1646 5257 aut
1670 5201 1986 5259 Jeremiam

326 5287 429 5337 aut
458 5283 608 5341 alios
644 5286 744 5358 qui
768 5293 905 5343 ante
928 5286 1382 5361 {Babylonicum
1416 5288 1691 5347 vixerunt
1719 5288 1983 5360 exilium,

327 5388 402 5428 ne
438 5387 509 5427 ea
540 5371 794 5446 impleta
822 5375 1010 5434 fuisse
1061 5375 1274 5435 dicatis
1305 5394 1435 5450 qum
1467 5378 1556 5434 illi
1586 5379 1744 5439 mala
1775 5380 1985 5438 minati

323 5462 463 5515 sunt
496 5476 508 5516 :
548 5460 651 5518 sed
683 5461 1054 5534 Malachiam,
1089 5467 1189 5543 qui
1222 5472 1357 5540 post
1401 5471 1661 5527 vestrum
1694 5485 1766 5526 ex
1796 5470 1984 5547 Baby-

322 5550 462 5613 lone
512 5552 769 5619 reditum
828 5565 886 5621 et
916 5559 1080 5619 urbis
1138 5560 1636 5627 instaurationem
1684 5561 1989 5625 evidenter

322 5636 396 5697 de
428 5642 650 5701 vestris
690 5646 867 5705 rebus
918 5653 1008 5707 est
1036 5646 1413 5710 vaticinatus.
1446 5651 1501 5711 Is
1546 5666 1681 5727 ergo
1726 5667 1864 5717 cum
1892 5651 1986 5713 Ju-

2103 4565 2242 4642 μετᾶ
2275 4564 2368 4621 τὸν
2429 4566 2656 4640 σταυρὸν
2719 4566 2941 4641 μείζονα
2981 4570 3254 4646 τιμωρίαν
3315 4568 3613 4645 ὑπομένετε
3660 4571 3753 4627 καὶ

2100 4650 2318 4718 οὐδενὸς
2354 4653 2658 4711 ἀπολαύετε
2697 4660 2805 4712 τῶν
2854 4656 3153 4733 προτέρων,
3208 4656 3330 4714 οὔτε
3375 4660 3485 4733 μὴν
3531 4658 3753 4733 ἀπολή-

2101 4747 2283 4821 ψεσθε,
2325 4743 2501 4807 καθὼς
2534 4745 2589 4799 αἱ
2621 4744 2758 4801 θεῖαι
2787 4746 3117 4822 προρρήσεις
3167 4746 3410 4826 ἐναργῶς
3462 4746 3750 4818 δηλοῦσιν.

2099 4833 2166 4892 Εἰ
2199 4833 2264 4904 δὴ
2301 4832 2588 4913 βούλεσθε,
2636 4836 2725 4892 καὶ
2775 4836 2988 4913 ἑτέρους
3038 4840 3325 4917 προφήτας
3377 4838 3750 4917 ἐφοπλίσομεν

2099 4922 2366 5002 λέγοντας
2399 4929 2643 5002 φανερῶς
2674 4925 2758 4980 ’ὁτι
2788 4924 2856 4981 τὰ
2917 4928 3009 5000 μὲν
3061 4927 3295 5003 ῧμέτερα
3360 4926 3520 4992 τέλος
3565 4926 3749 5001 λήψε-

2099 5036 2210 5088 ται,
2243 5012 2308 5069 τὰ
2336 5009 2393 5067 δὲ
2427 5014 2669 5092 ἡμέτερα
2726 5012 2965 5086 ἀνθήσει,
3024 5017 3116 5071 καὶ
3170 5021 3458 5093 πανταχοῦ
3515 5023 3615 5084 τῆς
3671 5015 3755 5070 οἱ-

2097 5104 2375 5177 κουμένης
2402 5100 2752 5175 ἐκταθήσετάι
2793 5104 2857 5160 τὸ
2912 5107 3197 5182 κήρυγμα,
3250 5106 3339 5162 καὶ
3398 5103 3584 5167 θυσίας
3637 5102 3755 5159 ἓ,τέ-

2099 5216 2198 5273 ρας
2226 5195 2726 5271 προσενεχθήσεται
2758 5195 2983 5271 τρόπος,
3045 5196 3265 5251 ἐκείνων
3301 5202 3409 5252 τῶν
3455 5196 3583 5271 παρ’
3624 5193 3753 5267 ὑμῖν

2097 5281 2528 5339 καταλυθεισῶν.
2561 5278 2702 5340 Οὐδὲ
2727 5284 2829 5358 γὰρ
2860 5284 3078 5341 Ἠσαίαν
3133 5289 3368 5363 παράγω
3421 5281 3557 5351 τέως
3612 5283 3753 5360 μάρ-

2096 5393 2231 5449 τυρα
2259 5368 2383 5427 οὔτε
2416 5370 2679 5447 ’ίερεμίαν
2714 5371 2838 5427 οὔτε
2864 5374 2990 5438 τοὺς
3021 5372 3230 5439 ἄλλους
3271 5374 3379 5449 πρὸ
3424 5376 3525 5439 τῆς
3575 5371 3751 5448 αἷχμ-

2096 5460 2361 5534 αλωσίας,
2392 5459 2483 5516 ἳνα
2516 5460 2596 5534 μή
2654 5457 2857 5543 λέγητε
2914 5465 2997 5520 ὅτι
3050 5465 3117 5519 τὰ
3172 5461 3319 5522 δεινὰ
3363 5462 3536 5519 ἐκεῖνα
3568 5462 3600 5518 ἇί
3630 5456 3747 5517 ἕλες-

2096 5575 2198 5631 γον
2232 5550 2327 5631 [Ρ.
2373 5548 2501 5633 236]
2561 5549 2684 5627 περὶ
2735 5554 2833 5621 τῆς
2892 5550 3302 5631 αίχμαλώσεως
3356 5547 3539 5629 ἐξέϐη,
3603 5549 3753 5608 ἀλλὰ

2097 5638 2401 5719 Μαλαχίαν
2434 5638 2525 5695 τὸν
2564 5638 2701 5715 μετᾶ
2736 5639 2837 5710 τήν
2863 5639 2923 5698 ἔκ
2976 5633 3305 5704 Βαϐυλῶνος
3349 5637 3612 5700 ἰπάνοδον
3661 5639 3753 5699 καί
