4154 6422
335 374 454 435 455

1677 349 1988 412 GEORGII
2035 349 2378 413 CEDRENI

3636 346 3755 406 456

338 507 619 564 Insanitis
651 498 1029 560 sacriﬁcandi
1081 494 1272 553 studio
1328 493 1356 548 ‘I
1412 490 1551 545 Mihi
1609 505 1745 561 ergo
1794 488 1991 560 potius

2115 480 2278 551 Βῆλον
2318 482 2579 549 ἐντεῦθεν.
2615 484 2765 554 Μετὰ
2819 483 2919 559 γὰρ
2980 484 3079 553 τήν
3132 484 3374 558 μυσαρὰν
3432 482 3632 555 ἑορτὴν
3687 482 3753 552 ἣν

340 596 689 653 sacriﬁcate.
750 594 950 661 Neque
1002 594 1200 643 tamen
1258 583 1612 637 immensam
1645 579 1799 634 416
1831 577 1993 633 vobis

344 683 718 742 sacriﬁcandi
776 678 1078 735 licentiam
1154 670 1446 746 permisit,
1514 668 1619 725 sed
1676 667 1996 723 scitissima

342 776 435 830 via
465 779 643 845 atque
674 770 902 825 ratione
933 784 1034 821 vos
1065 761 1473 819 revocavit.Ac
1491 755 1993 829 quemadmodum

340 864 444 918 ille
471 861 735 917 medicus
768 854 1081 928 cupiditati
1115 850 1454 924 aagrotantis
1502 847 1819 919 indulgens
1866 849 2001 917 post

346 954 558 1028 poculo
581 952 755 1006 domo
788 947 968 1002 allato
1001 945 1054 1000 ei
1086 941 1407 1016 persuadet
1463 941 1549 995 uti
1604 955 1727 994 non
1774 936 1889 992 alio
1930 950 2001 989 ex

343 1027 478 1102 vase
511 1041 784 1114 frigidam
818 1037 1069 1102 biberet,
1104 1050 1290 1105 eoque
1318 1035 1565 1104 parente
1609 1028 1840 1085 occulte
1871 1027 2001 1096 ejus

343 1130 736 1189 familiaribus
794 1126 1109 1181 mandaret
1154 1128 1222 1178 ut
1276 1121 1719 1191 confringerent
1762 1117 1998 1177 vitrum,

344 1225 542 1293 itaque
577 1219 678 1273 ille
711 1234 834 1273 non
867 1213 1351 1270 animadvertens
1374 1216 1432 1265 et
1460 1210 1635 1264 tacite
1668 1206 1740 1262 ab
1772 1222 1879 1260 sua
1899 1220 1998 1259 cu-

343 1292 592 1384 piditate
615 1307 1017 1363 abduceretur
1050 1321 1063 1357 :
1098 1303 1183 1358 sic
1235 1304 1388 1357 Deus
1437 1314 1672 1370 quoque
1714 1292 2005 1350 sacriﬁcia

346 1383 639 1474 permisit,
676 1414 746 1452 ea
777 1396 905 1468 lege
934 1400 999 1449 ut
1027 1410 1148 1448 non
1171 1390 1309 1447 alibi
1344 1395 1637 1444 terrarum
1670 1400 1848 1456 quam
1868 1383 2004 1437 Hie-

346 1472 665 1561 rosolymis
698 1485 1087 1542 ﬁerent.Hinc
1125 1481 1378 1538 Davidus
1409 1480 1489 1534 ait
1521 1495 1534 1534 :
1569 1479 1612 1533 Ο
1642 1478 1881 1542 Deus,te
1903 1472 2006 1543 hy-

346 1598 525 1638 mnus
558 1579 620 1633 in
652 1577 826 1632 Sione
851 1575 1025 1630 decet
1056 1573 1286 1642 tibique
1315 1575 1450 1625 vota
1480 1568 1784 1623 solventur
1804 1563 2005 1619 Hiero-

347 1669 595 1741 solymis
624 1665 691 1721 ⁵ο.
729 1665 954 1720 Deinde
988 1679 1120 1717 cum
1171 1659 1520 1730 aliquandiu
1569 1655 2007 1712 sacriﬁcassent

344 1758 553 1826 Judazi,
597 1755 798 1811 urbem
854 1769 984 1809 eam
1026 1751 1254 1817 evertit,
1289 1763 1509 1819 eosque
1589 1746 1719 1818 ejus
1776 1741 2004 1799 excidio

341 1848 534 1917 urbis,
569 1844 754 1901 veluti
787 1843 1055 1899 medicus
1112 1841 1261 1895 vitro
1315 1834 1763 1908 confringendo,
1824 1833 2003 1888 etiam
2033 1868 2079 1933 B

342 1937 619 1994 nolentes
652 1952 685 1990 a
718 1931 1027 1989 sacriﬁciis
1073 1929 1338 1985 retraxit.
1372 1926 1520 1992 Quia
1576 1925 1740 1980 enim
1796 1927 2000 1993 aperte

344 2026 694 2101 eosjubenti
746 2024 1022 2081 desinere
1056 2019 1429 2078 sacriﬁcandi
1460 2034 1687 2073 morem
1730 2017 1847 2070 Deo
1879 2030 2000 2069 non

346 2124 518 2175 erant
539 2118 712 2173 facile
744 2113 1232 2186 obtemperaturi,
1264 2111 1379 2166 loci
1425 2106 1867 2164 necessitudine
1897 2103 2003 2159 ob-

346 2207 565 2275 stricti,
601 2206 737 2261 ideo
762 2221 861 2259 eos
912 2203 1143 2259 occulte
1191 2201 1263 2256 ab
1305 2217 1375 2256 ea
1403 2198 1661 2254 vaesania
1688 2194 2000 2251 revocavit.

344 2301 694 2370 Comparem
727 2312 862 2367 ergo
893 2295 1080 2349 Deum
1112 2291 1367 2359 medico,
1400 2289 1609 2345 urbem
1641 2286 1875 2359 poculo,
1902 2286 2003 2340 Ju-

344 2387 541 2442 daeum
599 2384 890 2456 populum
956 2398 1264 2437 morosum
1349 2384 1527 2449 atque
1592 2373 2005 2432 refractarium

348 2474 682 2548 aegrotanti,
732 2471 958 2543 frigidae
1016 2470 1183 2542 potui
1241 2465 1614 2524 sacriﬁcandi
1678 2464 2001 2519 licentiam.

346 2566 497 2620 Nam
525 2563 639 2617 nisi
672 2563 825 2616 Deus
863 2561 975 2615 hoc
1005 2561 1203 2631 ipsum
1234 2556 1608 2613 machinatus
1642 2558 1817 2623 esset,
1875 2569 2008 2623 quas

358 2669 543 2709 causa
572 2656 699 2707 erat
736 2667 841 2706 cur
868 2653 1101 2705 tantum
1133 2646 1489 2703 sacriﬁcium
1518 2643 1696 2699 unico
1732 2642 1864 2697 loco
1903 2641 2011 2696 cir-

353 2743 808 2807 cumscriberet,
842 2740 942 2812 qui
965 2739 1186 2810 ubique
1214 2752 1479 2809 praesens
1509 2734 1677 2790 adest
1722 2738 1779 2788 et
1808 2731 2011 2787 omnia

358 2832 754 2904 replet?Cur
808 2830 1033 2886 cultum
1091 2828 1153 2882 in
1210 2826 1589 2891 sacriﬁcium,
1650 2821 2010 2879 sacriﬁcium

361 2923 425 2976 in
450 2921 670 2988 locum,
702 2920 902 2975 locum
924 2918 984 2972 in
1017 2921 1244 2973 certum
1292 2920 1546 2986 tempus,
1579 2918 1757 2985 atque
1803 2913 1917 2967 hoc
1948 2911 2009 2965 in

354 3009 597 3065 unicam
628 3008 840 3064 urbem
872 3006 1206 3073 includens,
1231 3020 1361 3060 eam
1389 3002 1603 3059 deinde
1623 3002 1834 3057 urbem
1848 3016 2011 3055 ever-

351 3099 564 3154 tisset?
591 3097 778 3169 quue
810 3096 1066 3152 maxime
1122 3093 1396 3150 mirabile
1457 3098 1547 3149 est
1595 3097 1654 3147 et
1705 3089 2009 3147 communi

350 3187 617 3260 opinioni
650 3187 983 3251 adversum,
1013 3186 1160 3240 417
1199 3183 1356 3254 quod
1387 3187 1509 3237 toto
1541 3181 1683 3237 orbe
1715 3185 2009 3235 terrarum

2103 568 2424 628 ἐπετέλεσαν
2474 580 2592 637 τοῖς
2651 572 2960 649 δαιμονίοις
3026 573 3568 652 μοσχοποιήσαντες,
3634 565 3757 625 τὸτε

2102 662 2198 723 τας
2227 660 2415 725 θυσίας
2446 662 2728 741 ἐπέτρεψε,
2764 663 3066 738 μονονουχὶ
3120 660 3312 737 λέγων·
3367 660 3638 718 Μαίνεσθε
3664 658 3756 714 καὶ

2110 749 2374 822 βούλεσθε
2404 751 2547 815 θύειν
2575 772 2589 822 ;
2617 753 2825 810 Οὐκοῦν
2859 750 2984 825 ἐμοὶ
3026 750 3196 806 θύετε.
3261 747 3420 804 Ἀλλ’
3479 750 3633 822 ’ὅμως
3664 748 3757 803 καὶ

2103 842 2266 891 τοῦτο
2302 838 2594 916 ἐπιτρέψας
2627 842 2691 897 οὐ
2728 841 2894 919 μέχρι
2922 839 3118 902 τέλους
3177 839 3407 917 ἀφῆκεν,
3468 837 3611 893 ἀλλὰ
3668 834 3758 892 δια

2108 927 2428 1005 σοφωτάτης
2492 928 2725 1003 μεθόδου
2791 929 2958 986 πάλιν
3017 929 3271 1005 ένήγαγε.
3332 928 3432 982 Καὶ
3488 924 3669 1000 ὥσπερ
3728 927 3758 981 6

2110 1015 2293 1092 ἰατρὸς
2321 1016 2522 1082 ἐκεῖνος
2552 1022 2922 1099 συγχωρήσας
2952 1024 3021 1094 τῇ
3080 1017 3339 1091 ἐπιθυμίᾳ
3374 1021 3471 1073 τοῦ
3527 1016 3762 1088 κάμνον-

2108 1127 2224 1178 τος,
2271 1106 2388 1162 εἶτα
2442 1107 2649 1186 φιάλην
2707 1107 2914 1164 οἴκοθεν
2966 1107 3200 1181 κομίσας
3285 1104 3529 1162 κελεύσει
3585 1106 3756 1179 ταύτῃ

2114 1196 2254 1269 μόνῃ
2289 1199 2388 1265 τῆς
2420 1198 2801 1272 ψυχροποσίας
2836 1192 3187 1272 μεταλαϐεῖν,
3219 1195 3309 1250 καὶ
3367 1200 3465 1250 τοῦ
3524 1193 3763 1265 κάμνον-

2107 1305 2202 1347 τος
2232 1284 2538 1347 πεισθέντος
2570 1286 2745 1363 λάθρα
2772 1292 2890 1350 τοῖς
2947 1282 3282 1357 ἐπιτηδείοις
3341 1283 3607 1353 ἐπιτάξειε
3638 1304 3759 1338 συν-

2107 1377 2298 1449 τρῖψαι
2355 1376 2453 1445 τήν
2513 1375 2716 1454 φιάλην
2794 1378 2988 1449 αὐτὴν,
3071 1374 3167 1430 ’ίνα
3248 1360 3761 1437 λανθανόντωςκαὶ

2110 1462 2435 1528 ἀνυπόπτως
2508 1465 2672 1520 αὐτὸν
2727 1465 2974 1540 ἀπαγάγῃ
3033 1471 3135 1534 τῆς
3222 1463 3515 1536 ἐπιθυμίας
3573 1462 3760 1531 αὐτῆς⁸

2113 1551 2255 1607 οὕτω
2285 1555 2373 1608 καὶ
2406 1555 2434 1608 ὁ
2476 1554 2604 1616 Θεὸς
2657 1552 2903 1625 ἐποίησεο
2965 1553 3108 1608 θύειν
3162 1552 3476 1628 ἐπιτρέψας,
3508 1548 3561 1606 ἐν
3586 1548 3763 1605 οὐδενὶ

2109 1641 2264 1715 τόπῳ
2293 1649 2395 1712 τῆς
2427 1642 2747 1713 οἷκουπένης
2779 1641 2925 1698 εἷάσε
2954 1646 3119 1699 τοῦτο
3145 1643 3409 1718 γενέσθαι,
3443 1638 3571 1696 ἀλλ’
3619 1640 3654 1709 ἢ
3708 1638 3761 1694 έν

2110 1737 2229 1795 τοῖς
2262 1730 2665 1807 Ἰεροσολύμοις
2722 1734 2811 1788 καὶ
2875 1737 3065 1806 μόνον,
3122 1731 3243 1787 ὅθεν
3303 1730 3466 1809 φησὶν
3510 1726 3760 1786 ὁΔαὸίδ·

2115 1823 2213 1876 Σοὶ
2247 1821 2441 1895 πρέπει
2471 1819 2642 1895 ὕμνος
2672 1824 2697 1878 6
2731 1823 2860 1885 Θεὸς
2895 1823 2945 1877 ἐν
2983 1823 3148 1892 Σιὼν,
3204 1822 3296 1877 καὶ
3353 1820 3440 1875 σοὶ
3486 1816 3765 1889 ἀποδοθή-

2112 1932 2257 1966 σεται
2314 1910 2453 1986 εὖχὴ
2512 1910 2566 1967 ἐν
2626 1909 3013 1987 Ἰερουσαλήμ.
3073 1911 3206 1967 Εἶτα
3284 1906 3471 1979 ἐπειδὴ
3532 1909 3766 1987 χρόνους

2110 2000 2259 2062 τινας
2290 1994 2503 2071 ἔθυσαν,
2545 2001 2766 2065 καθεῖλε
2821 2002 2922 2071 τὴν
2981 1998 3170 2056 πόλιν.
3238 2001 3441 2075 Ὥσπερ
3498 1999 3526 2053 6
3583 1997 3766 2070 Ιἰατρὸς

2113 2087 2201 2143 διὰ
2256 2096 2357 2159 τῆς
2407 2095 2505 2145 τοῦ
2560 2090 2784 2154 σκεύους
2839 2083 3156 2164 συντριϐῆς,
3212 2086 3385 2149 οὕτως
3440 2086 3599 2141 καὶὸ
3639 2087 3769 2150 Θεὸς

2114 2176 2202 2234 διὰ
2231 2186 2331 2249 τῆς
2360 2184 2742 2256 καταστροφῆς
2795 2182 2896 2244 τῆς
2952 2176 3172 2241 πόλεως
3227 2177 3318 2232 καὶ
3376 2176 3607 2237 ἃκοντας
3669 2175 3770 2230 αὐ-

2111 2267 2239 2329 τοὺς
2271 2269 2521 2345 ἀπήγαγε
2568 2273 2664 2324 τοῦ
2722 2268 3066 2343 πράγματος.
3137 2264 3289 2324 Ἐπεὶ
3344 2266 3446 2342 γὰρ
3504 2264 3550 2320 εἰ
3608 2285 3767 2341 φανε-

2119 2361 2227 2431 ρῶς
2257 2357 2419 2412 εἶπεψ
2456 2357 2782 2428 Ἀπόστητε,
2835 2356 2935 2412 οὐκ
2985 2355 3046 2411 ἄν
3077 2351 3378 2429 ἠνέσχοντο
3414 2350 3637 2428 ῥᾳδίως,
3680 2350 3769 2407 διὰ

2116 2452 2215 2516 τῆς
2266 2446 2405 2501 κατὰ
2456 2446 2549 2501 τὸν
2607 2448 2778 2501 τόπον
2842 2446 3080 2518 ἀνάγκης
3141 2444 3518 2505 λανθανόντως
3574 2440 3769 2503 αὐτοὺς

2118 2535 2371 2610 ἀπήγαγε
2400 2542 2502 2605 τῆς
2530 2536 2653 2610 περὶ
2682 2534 2743 2589 τὸ
2791 2540 3017 2611 πρᾶγμα
3078 2532 3288 2607 μανίάς.
3353 2537 3533 2587 Ἔστω
3586 2530 3766 2586 τοίνυν

2119 2625 2147 2680 6
2176 2625 2270 2698 μὲν
2304 2624 2488 2701 ἰατρὸς
2528 2625 2732 2693 ὁΘεὸς,
2764 2625 2799 2693 ἡ
2859 2621 2917 2679 δὲ
2971 2621 3145 2698 φιάλη
3204 2624 3238 2691 ἡ
3300 2621 3486 2691 πόλις,
3521 2622 3549 2676 ὁ
3590 2618 3648 2676 δὲ
3676 2641 3767 2675 νο-

2118 2720 2223 2769 σῶν
2254 2716 2282 2769 ὁ
2314 2712 2637 2790 δυσάρεστος
2667 2711 2847 2785 δῆμος
2873 2717 2980 2768 τῶν
3034 2708 3336 2780 Ἰουδαίων,
3396 2713 3431 2781 ἡ
3483 2714 3771 2785 ψυχροπο-

2118 2805 2204 2860 σία
2232 2810 2267 2875 ἡ
2299 2805 2405 2860 τῶν
2436 2805 2635 2859 θυσιῶν
2666 2802 2937 2879 ἐπιτροπή
2968 2804 3057 2858 καὶ
3091 2800 3323 2873 ἐξουσία.
3382 2802 3448 2858 Εἰ
3514 2802 3619 2876 γὰρ
3691 2801 3767 2873 μή

2116 2900 2280 2951 τοῦτο
2310 2888 2582 2964 ἠϐούλετο
2614 2894 3030 2964 κατασκευάσαι,
3064 2892 3209 2953 τίνος
3270 2887 3446 2945 ἕνεκεν
3486 2889 3562 2953 εἷς
3598 2887 3766 2944 τόπον

2118 2981 2212 3039 ἕνα
2297 2981 2602 3038 συνέκλεισε
2655 2985 2754 3053 τήν
2806 2982 3064 3052 τοιαύτην
3121 2980 3303 3036 θυσίαν
3387 2981 3415 3035 6
3481 2982 3769 3057 πανταχοῦ

2120 3072 2308 3148 παρὼν
2349 3072 2438 3129 καὶ
2469 3072 2536 3127 τὰ
2563 3072 2735 3128 πάντα
2766 3070 2996 3144 πληρῶν
3034 3089 3047 3141 ;
3081 3069 3238 3132 Τίνος
3297 3071 3462 3149 χάριν
3515 3069 3614 3138 τήν
3675 3068 3769 3140 μὲν

2123 3163 2378 3239 λατρείαν
2409 3160 2484 3224 εἰς
2518 3161 2727 3231 θυσίας,
2758 3161 2852 3225 τὰς
2884 3158 2941 3215 δέ
2972 3159 3156 3225 θυσίας
3210 3159 3287 3220 εἰς
3342 3158 3532 3223 τόπον,
3561 3158 3653 3212 τὸν
3716 3155 3774 3212 δε

345 3275 563 3331 Judaeis
594 3291 901 3338 concesso,
964 3272 1064 3327 ubi
1116 3272 1450 3327 sacriﬁcare
1480 3286 1603 3326 non
1660 3269 1819 3335 licet,
1880 3267 2006 3323 sola

2115 3253 2280 3308 τόπον
2352 3250 2428 3312 εἷς
2509 3251 2717 3325 καιρὸν,
2766 3250 2857 3305 τὸν
2947 3246 3003 3305 δὲ
3073 3249 3261 3324 καιρὸν
3342 3246 3418 3310 εἷς
3485 3245 3610 3319 μίαν
3669 3246 3772 3300 πό-

345 3365 755 3437 Hierosolyma
782 3369 945 3420 vasta
973 3362 1318 3433 incultaque
1341 3362 1565 3434 jacent,
1599 3360 1661 3414 in
1709 3374 1827 3429 qua
1857 3357 2003 3412 urbe

344 3456 473 3511 sola
533 3455 869 3511 sacriﬁcare
916 3453 1079 3525 leges
1138 3451 1433 3506 sinebant.
1469 3451 1550 3504 De
1595 3447 1812 3520 quibus
1860 3463 2004 3501 sane

348 3545 528 3599 etiam
560 3543 796 3598 divinus
830 3559 1025 3597 sermo
1058 3542 1118 3596 in
1157 3539 1499 3612 apostolicis
1555 3534 2006 3592 Constitutioni-

350 3635 464 3690 bus
498 3634 581 3688 ita
605 3633 909 3703 loquitur:
950 3633 1077 3686 Jam
1109 3631 1338 3685 Christo
1397 3629 1458 3684 in
1511 3644 1689 3683 carne
1745 3642 1871 3681 rem
1905 3640 2007 3696 ge-

347 3728 517 3780 rente
550 3723 856 3779 evidenter
888 3723 1042 3777 Deus
1070 3720 1408 3776 Judaaorum
1432 3717 1661 3789 respuit
1690 3716 2003 3785 sacriﬁcia,

347 3831 486 3869 cum
520 3813 561 3867 ii
590 3819 708 3869 tam
741 3828 895 3883 saepe
928 3817 1135 3867 contra
1164 3824 1299 3865 eum
1323 3810 2004 3880 peccassent,putarent-

352 3920 465 3974 que
499 3920 561 3958 se
590 3902 917 3967 sacriﬁciis,
950 3916 1071 3956 non
1104 3897 1517 3970 resipiscentia
1540 3898 1725 3951 Deum
1769 3896 2004 3967 placare

346 4009 545 4065 posse.
580 3994 666 4048 Ita
688 3991 851 4047 enim
865 3992 1020 4045 Deus
1046 4005 1152 4061 per
1170 4004 1306 4043 suos
1328 3990 1488 4042 vates
1510 3984 1689 4041 dicit:
1713 3987 2004 4050 Quorsum

347 4080 495 4136 mihi
527 4081 665 4135 thus
725 4096 794 4134 ex
828 4077 981 4134 Saba
1011 4076 1259 4142 offertis,
1320 4081 1377 4129 et
1433 4074 1879 4130 cinnamomum
1938 4090 2007 4129 ex

352 4169 679 4242 longinqua
714 4173 871 4224 terra
913 4168 952 4202 ⁵³
988 4166 1017 4222 ?
1054 4166 1247 4222 solida
1300 4170 1494 4220 vestra
1540 4164 1833 4220 sacriﬁcia
1884 4180 2006 4218 non

351 4265 493 4317 sunt
520 4260 665 4315 mihi
698 4264 964 4331 accepta,
997 4262 1055 4313 et
1083 4256 1335 4312 victimae
1392 4272 1487 4311 me
1536 4272 1659 4311 non
1711 4254 2010 4310 delectant

349 4355 577 4405 vestrae.
611 4348 933 4404 Conducite
967 4347 1027 4402 in
1057 4363 1243 4402 unum
1294 4345 1587 4402 sacriﬁcia
1641 4350 1697 4399 et
1739 4343 2007 4399 victimas

351 4444 598 4506 vestras,
630 4444 808 4508 atque
841 4436 996 4491 edite
1048 4452 1294 4490 carnes:
1354 4451 1475 4490 non
1534 4433 1693 4489 enim
1752 4432 2008 4505 praecepi

350 4526 516 4581 vobis
550 4523 878 4595 quidquam
910 4524 981 4579 de
1014 4523 1318 4578 sacriﬁciis
1347 4522 1555 4578 solidis
1587 4525 1645 4576 et
1676 4521 1844 4576 fertis
1874 4537 2009 4575 cum

2116 3357 2203 3397 Λιν
2264 3341 2574 3417 συναγαγὼν
2652 3338 2819 3409 αὐτὴν
2907 3337 3075 3394 πάλιν
3156 3334 3363 3407 ἐκείνην
3445 3333 3773 3406 κατέστρεψε

2114 3434 2213 3501 τήν
2298 3430 2461 3487 πόλιν
2528 3449 2544 3500 ;
2623 3428 2727 3486 Καὶ
2793 3428 2857 3484 τὸ
2916 3426 2983 3498 δὴ
3065 3426 3374 3501 θαυμαστὸν
3432 3425 3523 3479 καὶ
3601 3422 3772 3490 παρά-

2116 3518 2293 3593 δοξον,
2351 3518 2432 3574 ὅτι
2492 3523 2636 3573 πᾶσα
2697 3519 2791 3591 μέν
2853 3519 2888 3587 ἡ
2949 3515 3244 3590 οἷ’κουμένη
3300 3519 3416 3574 τοῖς
3483 3507 3773 3575 Ἰουδαίοις

2114 3609 2341 3679 ἀνεῖτάι,
2373 3601 2494 3662 ἔνθα
2524 3606 2623 3662 οὐκ
2651 3600 2819 3677 ἔξεστι
2877 3607 3045 3660 θύειν·
3110 3603 3247 3678 μόνη
3307 3599 3365 3657 δὲ
3414 3603 3451 3670 ἡ
3499 3601 3769 3674 Ἰερουσα-

2118 3699 2262 3768 λὴμ,
2295 3696 2346 3752 ἐν
2441 3696 2533 3752 καὶ
2568 3696 2733 3771 μόνον
2768 3694 2914 3769 ἐξῆν,
2946 3690 3145 3756 ἄϐατος
3173 3691 3262 3748 καί
3287 3690 3496 3768 ἕρημος
3552 3686 3771 3766 γέγονε.

2118 3787 2247 3863 Περὶ
2305 3788 2378 3842 ὧν
2434 3785 2616 3859 μέντοι
2690 3786 2786 3841 κᾶν
2849 3791 2968 3846 ταῖς
3037 3780 3450 3845 ἆποστολικαῖς.
3483 3779 3772 3850 Διατάξεσί

2116 3899 2278 3957 φησιν
2312 3878 2340 3931 ὁ
2372 3879 2514 3938 θεῖος
2549 3875 2735 3952 λόγος’
2762 3872 2907 3945 ’Ήδη
2941 3871 2998 3928 δὲ
3051 3873 3142 3927 καὶ
3196 3871 3303 3948 πρὸ
3361 3873 3459 3940 τῆς
3517 3868 3772 3943 ἐνσάρκου

2116 3965 2435 4041 οἰκονομίας
2469 3965 2764 4040 ἐναργῶςὸ
2798 3962 2928 4025 Θεὸς
2990 3960 3047 4016 εὗ
3110 3958 3259 4033 μάλα
3316 3962 3610 4036 παρῃτεῖτο
3674 3957 3772 4017 τὰς

2114 4061 2221 4112 τῶν
2282 4053 2569 4112 Ἰουδαίων
2660 4052 2868 4121 θυσίας,
2927 4048 3406 4125 ἐξαμαρτανόντων
3467 4046 3545 4109 εἷς
3615 4044 3775 4100 αὐτὸν

2116 4143 2410 4217 πολλάκις,
2462 4145 2551 4199 καὶ
2614 4142 2880 4217 οἰομένων
2949 4137 3039 4195 διὰ
3107 4138 3313 4208 θυσίας,
3372 4134 3500 4192 ἀλλ’
3558 4135 3619 4191 ού
3688 4133 3776 4190 διὰ

2121 4235 2431 4309 μετανοίας,
2517 4235 2676 4290 αὐτὸν
2752 4232 3198 4306 ἐξευμενίζεσθαι.
3254 4229 3338 4303 [Ρ.
3419 4229 3546 4299 238]
3630 4224 3775 4309 φησὶ

2119 4327 2224 4402 γὰρ
2255 4322 2345 4379 ’διὰ
2382 4329 2490 4380 τῶν
2550 4327 2873 4402 προφητῶν·
2917 4323 3035 4380 Ἲνα
3071 4320 3125 4376 τί
3198 4338 3291 4393 μοι
3331 4316 3519 4394 φέρετε
3555 4308 3778 4368 λίϐανον

2120 4399 2363 4470 έκγΣαϐἇ
2392 4413 2483 4468 καὶ
2513 4399 2872 4486 κιννάμωμον
2904 4411 2965 4466 ἐκ
3013 4416 3115 4486 γῆς
3175 4407 3438 4481 μακροθεν
3477 4422 3490 4472 ;
3535 4404 3618 4460 Τὰ
3647 4399 3770 4455 ὀλο-

2119 4503 2451 4576 καυτώματα
2512 4500 2663 4575 ὑμῶν
2739 4499 2843 4555 οὐκ
2900 4493 3011 4553 ἔστι
3073 4494 3253 4564 δεκτὰ,
3334 4491 3424 4547 καὶ
3483 4491 3538 4545 αἱ
3597 4489 3776 4554 θυσίαι

349 4631 453 4669 vos
478 4630 552 4669 ex
582 4615 825 4685 Egypto
876 4611 1212 4668 educerem.
1257 4613 1547 4677 Quorsum
1608 4610 1755 4665 mihi
1813 4609 2006 4665 multi-

2125 4593 2276 4667 ὑμῶν
2308 4591 2417 4667 οὐχ
2442 4588 2646 4661 ἤδυνάν
2710 4606 2823 4663 μοι·
2891 4587 3003 4656 καὶ,
3045 4584 3385 4659 Συναγάγετε
3419 4580 3487 4636 τὰ
3543 4579 3780 4636 ὁλοκαυ-

2183 4682 2194 4689 .
2396 4681 2410 4689 .
2474 4684 2502 4689 _.
2688 4681 2699 4689 ι
2774 4682 2800 4689 ..
2873 4680 2893 4689 Α
2999 4682 3027 4689 .-
3125 4673 3150 4689 l'
3208 4678 3236 4689 Α.
3404 4671 3419 4689 \
3522 4669 3532 4687 Ι
3756 4669 3768 4685 ‘

354 4704 497 4758 tudo
558 4704 985 4759 sacriﬁciorum
1043 4703 1071 4757 ‘I
1130 4704 1301 4758 Satur
1351 4719 1483 4758 sum
1571 4700 2016 4757 immolatorum

356 4793 611 4848 arietum
631 4793 899 4865 ;adipem
932 4808 1218 4864 agnorum
1242 4808 1309 4846 ac
1333 4790 1684 4863 sanguinem
1708 4795 2017 4845 taurorum

360 4882 783 4954 hircorumque
813 4882 994 4938 nolo:
1028 4898 1148 4936 non
1200 4880 1453 4936 veniatis
1508 4878 1570 4933 in
1628 4883 2013 4951 conspectum

362 4989 590 5029 meum.
634 4972 777 5038 Quis
835 4972 994 5027 enim
1046 4972 1171 5025 bene
1229 4969 1302 5024 de
1351 4968 1562 5024 vestris
1597 4968 1873 5023 manibus
1922 4984 2017 5022 ex-

351 5064 479 5137 egit
501 5063 721 5118 ?Porro
765 5061 985 5116 atrium
1026 5076 1226 5115 meum
1258 5074 1379 5113 non
1411 5057 1736 5113 calcabitis.
1772 5058 2015 5115 Frustra

357 5152 507 5208 mihi
537 5152 795 5207 similam
810 5148 1058 5215 offertis,
1085 5148 1400 5204 abominor
1416 5146 2017 5218 sufﬁtum,novilunia

354 5248 555 5299 vestra
596 5248 652 5297 et
674 5240 923 5297 sabbata
953 5245 1012 5295 et
1040 5238 1257 5294 festum
1290 5238 1448 5293 diem
1485 5254 1604 5292 non
1653 5239 1777 5293 fero
1814 5256 1826 5294 :
1851 5239 2015 5311 jeju-

353 5331 543 5401 nium,
578 5331 755 5385 ferias
795 5334 854 5386 et
895 5328 1306 5384 solemnitates
1361 5332 1587 5382 vestras
1644 5326 1771 5383 odit
1816 5329 2017 5384 anima

354 5435 527 5475 mea:
566 5419 809 5475 satietas
857 5418 1036 5473 vestri
1099 5433 1192 5472 me
1251 5416 1426 5488 cepit.
1487 5417 1655 5482 Item,
1716 5418 1933 5473 Amove
1983 5435 2017 5474 a

357 5524 452 5563 me
480 5509 738 5564 sonitum
771 5509 1138 5564 canticorum
1163 5512 1513 5576 vestrorum,
1540 5506 1834 5577 psalmum
1853 5526 2016 5581 orga-

433 5695 483 5732 ¹⁰
510 5696 670 5753 Psal.
698 5712 854 5764 wa,
885 5698 938 5750 2.
973 5696 1017 5732 ⁵⁸
1052 5697 1165 5752 Jer.
1201 5713 1273 5763 v1,
1310 5697 1399 5752 29.

2127 4682 2358 4755 τώματα
2390 4681 2544 4754 ὑμῶν
2576 4681 2710 4753 μετὰ
2736 4682 2843 4735 τῶν
2869 4680 3069 4732 θυσιῶν
3124 4673 3298 4749 ὕμῶν,
3332 4671 3421 4726 καὶ
3465 4669 3660 4748 φάγετε
3715 4669 3782 4724 τὰ

2126 4771 2279 4846 κρέα,
2313 4770 2397 4825 ὅτι
2438 4769 2537 4826 οὐκ
2566 4766 2922 4842 ἐνετειλάμην
2959 4767 3112 4839 ὑμῖν,
3154 4764 3318 4834 ἡνίκα
3350 4761 3610 4837 ἐξήγαγον
3641 4759 3782 4832 ὑμᾶς

2127 4860 2187 4915 ἐκ
2213 4866 2320 4935 γῆς
2352 4859 2650 4935 Αἰγύπτου,
2678 4859 2802 4933 περὶ
2870 4854 3067 4912 θυσιῶν
3128 4851 3219 4909 καὶ
3279 4848 3778 4935 ὁλοκαυτωμάτων,

2123 4932 2248 5017 Καὶ,
2281 4947 2343 5004 Τί
2388 4932 2482 5021 μοι
2513 4947 2726 5019 πλῆθος
2756 4932 2864 5003 τῶν
2904 4947 3104 5001 θυσιῶν
3135 4937 3289 5014 ὕμῶν
3325 4961 3341 5009 ;
3376 4937 3606 5012 Πλήρης
3665 4932 3781 5004 εἰμὶ

2124 5039 2609 5114 ὁλοκαυτωμάτων
2665 5043 2861 5114 κριῶν,
2927 5035 3018 5092 καὶ
3077 5031 3237 5107 στέαρ
3298 5028 3473 5105 ἀρνῶν
3531 5026 3621 5081 καὶ
3687 5024 3779 5078 αἷ-

2128 5149 2204 5201 μα
2283 5108 2497 5205 ταύρων
2585 5108 2712 5185 καί.
2759 5126 2977 5203 τράγων
3030 5121 3091 5178 οὐ
3165 5119 3470 5199 βούλομαι,
3545 5108 3659 5169 οὐδ’

2122 5199 2360 5294 ἔρχησθε
2390 5199 2629 5293 δφθῆναί
2659 5199 2934 5291 μοιλΤίίς
2994 5213 3096 5292 γὰρ
3156 5211 3443 5282 ἐξεζήτησε
3489 5207 3659 5294 ταῦτα
3723 5199 3785 5255 ἐκ

2124 5312 2330 5386 χειρῶν
2363 5309 2515 5383 ὑμῶν
2546 5328 2560 5379 ;
2597 5312 2791 5363 Πατεῖν
2819 5306 2920 5375 τὴν
2950 5303 3127 5373 αὐλήν
3166 5320 3270 5375 μου
3331 5295 3392 5352 ού
3443 5292 3783 5368 προσθήσετε

2124 5381 2354 5461 έτιξΤὰς
2386 5381 2682 5473 νεομηνίας
2723 5398 2875 5471 ὑμῶν
2929 5393 3021 5451 καὶ
3072 5391 3140 5447 τὰ
3191 5383 3433 5443 σάϐϐατα
3489 5381 3581 5439 καὶ
3648 5381 3785 5455 ἠμέ-

2127 5514 2223 5568 ραν
2297 5471 2546 5565 μεγάλην
2606 5488 2705 5543 οὐκ
2760 5486 3056 5566 ἀνέχομαι.
3116 5476 3385 5550 Νηστείαν
3445 5473 3537 5530 καὶ
3597 5471 3787 5548 ἀργίαν
