4154 6436
274 443 400 502 457

1439 445 1983 508 HISTORIARUM
2030 448 2568 510 GOMPENDIUM

3601 455 3724 513 458

268 574 369 629 καὶ
405 573 502 636 τὰς
535 573 726 649 ἑορτὰς
763 576 921 648 ὑμῶν
949 581 1099 649 μισεῖ
1146 579 1182 647 ἡ
1243 579 1397 656 ψυχή
1462 599 1588 651 μου.
1623 577 1950 657 Ἐγενήθητὲ

2074 600 2279 638 norum
2312 588 2548 639 tuorum
2571 581 2706 638 nolo
2737 583 2944 638 audire
2965 582 3036 637 ⁵³.
3070 584 3218 638 Item
3245 600 3256 637 :
3280 586 3410 640 Non
3432 588 3724 659 accipiam

276 685 379 737 μοι
417 663 495 727 εἲς
524 661 891 737 πλησμονήν.
925 664 1030 721 Καὶ
1089 667 1433 737 Ἀπόστησον
1487 669 1577 723 ἀπ’
1632 666 1770 741 ἐμοῦ
1810 671 1953 747 ἦχον

272 750 441 825 ᾠδῶν
475 774 591 822 σου,
624 757 716 808 καί
778 754 1012 828 ψαλμοῦ
1068 756 1315 834 ὁργάνων
1345 778 1442 812 σου
1487 756 1586 812 οὐκ
1610 758 1943 831 ἀκούσομαι.

275 841 385 896 Κῶ
445 841 514 900 U"
553 838 637 896 διζ
817 842 833 861 ’
970 847 997 859 ’³
1066 842 1091 881 τ’
1423 846 1450 901 ό
1756 846 1828 902 ’δ“
1893 846 1934 901 ἐ“

374 885 411 911 .,
496 866 522 896 ο
589 863 781 915 ε,ομαι
814 863 876 898 εκ
903 864 1000 898 του
1031 864 1189 899 ο.κου
1240 867 1335 900 σου
1379 868 1419 919 μ
1456 865 1650 922 σχους,
1711 869 1776 902 ου
1817 868 1840 902 ε
1925 869 1956 902 κ.

270 935 391 986 τῶν
417 930 689 1004 ποιμνίων
720 952 818 986 σου
866 930 1166 1009 χιμάρους.
1205 936 1350 1008 Ἐμὴ
1408 936 1512 1015 γάρ
1570 934 1712 991 ἐστιν
1770 939 1805 1005 ἡ
1867 937 1950 991 οἱ·

272 1020 520 1094 κουμένη
551 1023 639 1076 καὶ
675 1023 738 1077 τὸ
768 1020 1054 1098 πλήρωμα
1084 1021 1272 1094 αὒτῆς.
1324 1026 1413 1095 Μὴ
1477 1026 1742 1103 φάγωμαι
1785 1026 1951 1100 κρὲα-

271 1132 342 1166 τκ
370 1110 610 1186 ταύρων,
642 1110 678 1180 ἢ
736 1114 876 1184 αἷμα
932 1112 1156 1187 τράγων
1204 1112 1462 1187 πίωμαι;
1498 1118 1664 1169 Θῦσον
1696 1118 1775 1186 τῷ
1834 1119 1951 1187 Θεῷ

278 1201 472 1264 θυσίαν
502 1198 777 1262 αἰνέσεως.
815 1201 934 1268 Καὶ,
967 1200 1136 1256 Θυσία
1191 1206 1271 1275 τῷ
1333 1207 1450 1274 Θεῷ
1499 1208 1711 1276 πνεῦμα
1771 1224 1950 1258 συντε-

277 1288 608 1364 τριμμένον.
645 1290 746 1345 Καὶ
781 1288 974 1353 ἁπλῶς
1008 1290 1058 1346 ἐν
1091 1290 1287 1354 πάσαις
1320 1297 1441 1355 ταῖς
1475 1298 1709 1369 Γραφαῖς
1740 1293 1951 1365 ὁμοίως

276 1380 376 1441 τὰς
406 1380 596 1440 θυσίας
636 1377 980 1434 ἀπαναίνεται
1041 1377 1130 1435 διὰ
1188 1381 1250 1436 τὸ
1306 1379 1689 1455 ἐξαμαρτάνειν
1751 1382 1948 1445 αὐτοὺς

280 1468 361 1530 εἷς
390 1468 551 1523 αὐτὸν
584 1468 637 1541 ἐξ
668 1468 838 1541 ἄκρας
864 1468 1052 1531 κακίας
1082 1480 1141 1525 τε
1197 1470 1287 1525 καὶ
1346 1472 1621 1534 ἀπειθείας
1652 1473 1744 1527 καὶ
1774 1472 1949 1544 σκλη-

288 1554 600 1631 ροκαρδίας.
688 1556 878 1611 Θυσίαι
944 1557 1046 1631 γὰρ
1132 1554 1343 1615 ἀσεϐῶν
1395 1559 1682 1637 βΛέλυγμα
1740 1561 1944 1635 Κυρίῳ*

288 1649 385 1704 καὶ
416 1648 516 1723 γὰρ
545 1648 881 1721 παρανόμως
932 1650 1330 1729 προσφέρουσιν
1388 1652 1578 1723 αὐτὰς,
1635 1653 1725 1707 καὶ
1767 1651 1946 1716 θυσίαι

285 1737 469 1792 αὐτῶν
536 1737 610 1791 ὡς
668 1735 833 1811 ἄρτος
888 1739 1114 1802 πένθους
1199 1740 1409 1811 αὐτοῖς,
1469 1741 1560 1797 καὶ
1642 1743 1837 1804 πάντες
1889 1743 1945 1796 οἱ

281 1827 555 1888 ἐσθίοντες
612 1826 783 1890 αὐτὰς
846 1827 1305 1899 μολυνθήσονται.
1395 1831 1490 1886 Διὸ
1548 1828 1613 1901 δὴ
1689 1832 1779 1886 καὶ
1865 1835 1946 1904 τῷ

2065 672 2139 727 de
2166 672 2343 727 domo
2377 678 2477 728 tua
2502 673 2741 741 vitulos,
2771 672 2925 728 418
2959 689 3154 744 neque
3182 673 3388 729 boados
3438 690 3508 729 ex
3534 678 3722 732 caulis

2068 761 2208 816 tuis.
2245 764 2371 817 Mea
2402 762 2561 816 enim
2593 766 2683 816 est
2713 766 2891 830 terra,
2926 767 2984 816 et
3014 762 3305 834 quidquid
3324 780 3454 819 eam
3490 764 3719 836 implet.

2066 850 2217 905 Num
2247 866 2353 922 ego
2386 856 2696 906 taurorum
2726 868 2903 907 carne
2944 868 3149 908 vescar
3206 858 3310 908 aut
3366 854 3724 924 sanguinem

2068 938 2373 995 hircorum
2404 939 2605 995 bibam
2636 941 2664 994 ‘2
2693 942 2854 996 Oﬁ'er
2893 942 3144 997 Domino
3196 942 3560 998 sacriﬁcium
3600 942 3727 999 lau-

2066 1026 2176 1083 dis.
2214 1031 2303 1097 Et,
2364 1029 2734 1084 Sacriﬁcium
2794 1029 2914 1084 Deo
2969 1035 3279 1102 acceptum
3336 1036 3424 1086 est
3480 1031 3726 1102 spiritus

2064 1118 2354 1172 contritus
2384 1117 2450 1172 ⁵³.
2486 1119 2551 1173 In
2585 1134 2838 1188 summa,
2870 1119 3093 1190 passim
3124 1119 3186 1174 in
3237 1120 3541 1191 Scriptura
3571 1121 3727 1175 Deus

2063 1206 2358 1262 sacriﬁcia
2382 1206 2631 1278 respuit,
2666 1207 2824 1277 quod
2852 1207 3037 1262 Judaei
3071 1208 3351 1263 adversus
3371 1208 3567 1280 ipsum
3587 1225 3727 1280 pec—

2061 1302 2267 1351 carent
2284 1312 2521 1351 summa
2536 1295 3168 1363 malitia,contumacia
3188 1302 3364 1367 atque
3377 1297 3724 1369 pertinacia.

2059 1386 2286 1457 Quippe
2321 1385 2642 1457 impiorum
2678 1386 2969 1441 sacriﬁcia
2986 1387 3140 1441 Deus
3155 1386 3535 1442 abominatur
3558 1403 3727 1442 :nam

2060 1475 2243 1544 impie
2266 1491 2336 1529 ea
2365 1474 2644 1535 oﬁ‘erunt.
2681 1480 2937 1545 suntque
2975 1476 3088 1547 ipsi
3122 1481 3407 1547 tanquam
3440 1475 3611 1547 panis
3643 1475 3730 1530 lu~

2059 1569 2226 1630 ctus;
2290 1568 2349 1618 et
2406 1563 2746 1635 quicunque
2801 1564 2872 1619 de
2928 1564 3002 1619 iis
3069 1565 3276 1631 edunt,
3356 1565 3722 1621 contamina-

2059 1651 2304 1707 buntur.
2344 1653 2545 1722 [taque
2603 1652 2782 1707 etiam
2838 1652 3013 1707 Saulo
3045 1654 3353 1709 Samuelus
3401 1654 3549 1709 dixit
3583 1654 3719 1709 obe-

2063 1741 2353 1796 dientiam
2379 1740 2674 1795 sacriﬁcio
2697 1746 2876 1812 atque
2925 1741 3087 1813 adipi
3136 1743 3391 1798 arietino
3419 1749 3731 1815 praastare,

2056 1835 2243 1902 atque
2276 1831 2450 1885 aDeo
2473 1830 2547 1885 iis
2567 1828 2833 1900 praferri
2876 1830 2938 1884 “.
2987 1831 3096 1895 Qui
3147 1848 3283 1903 ergo
3336 1837 3472 1887 ante
3502 1832 3719 1888 adven-

285 1914 473 1972 Σαοὺλ
508 1916 537 1970 6
569 1918 713 1979 θεῖος
756 1916 1029 1990 Σαμουὴλ
1086 1912 1289 1995 ἔλεγεν·
1353 1921 1523 1989 Ἀκοή
1578 1920 1756 1997 ἀγαθὴ
1813 1922 1945 1995 ὑπὲρ

2074 1936 2181 1975 .um
2241 1935 2437 1975 summ
2521 1935 2624 1973 cor
2695 1934 2912 1990 purum
2968 1923 3027 1973 et
3092 1920 3353 1975 animam
3413 1921 3732 1977 contritam

288 2007 478 2071 θυσίαν
534 2007 624 2062 καὶ
682 2007 937 2083 ἀκρόαμα
992 2008 1124 2083 ὑπὲρ
1184 2008 1344 2085 στέαρ
1401 2015 1592 2086 κριῶν.
1651 2008 1791 2067 Ἰδοὺ
1843 2012 1948 2086 γὰρ

284 2096 435 2152 θέλει
496 2095 699 2168 Κύριος
782 2096 967 2152 θυσίαν
1023 2097 1097 2160 ὡς
1152 2098 1215 2153 τὸ
1269 2098 1566 2155 εἰσακούειν
1638 2100 1824 2156 αὐτοῦ.
1888 2100 1949 2157 Εἰ

283 2185 468 2241 τοίνυν
518 2186 610 2240 καὶ
665 2186 774 2261 πρὸ
824 2191 925 2255 τῆς
978 2189 1278 2263 παρουσίας
1351 2188 1515 2244 αύτοῦ
1581 2189 1715 2264 ὒπὶρ
1766 2190 1949 2254 θυσίαν

287 2272 518 2349 καρδίαν
566 2274 804 2350 καθαράν
887 2275 1135 2345 ἐπεζήτει
1187 2276 1278 2331 καὶ
1332 2282 1549 2352 πνεῦμα
1630 2298 1950 2355 συντετριμ-

294 2363 481 2438 μένον,
515 2360 719 2435 πολλῷ
755 2361 968 2436 μᾶλλον
1022 2362 1196 2429 ἐλθὼν
1252 2362 1448 2422 ἔπαυσε
1501 2368 1599 2431 τὰς
1658 2366 1727 2423 δι’
1786 2368 1951 2442 αἱμά-

283 2476 392 2508 των
425 2451 639 2520 θυσίας,
673 2449 803 2507 οὔδε
832 2450 1003 2507 πάλαι
1037 2450 1300 2527 δεόμενος
1358 2455 1557 2527 αὐτῶν,
1599 2457 1674 2519 ὡς
1715 2454 1952 2532 εἴρηται,

289 2542 442 2600 ἀλλά
470 2543 518 2597 εἰ
544 2540 867 2618 βουληθῶσι
924 2550 1256 2621 συγχωρῶν,
1306 2546 1397 2600 καὶ
1457 2546 1503 2601 εἰ
1562 2548 1668 2602 ἀπὸ
1724 2546 1952 2622 γνώμης

289 2634 460 2707 ὀρθῆς
519 2632 931 2706 προσοίσουσιν.
1010 2634 1073 2690 Εἰ
1128 2635 1272 2699 θύειν
1347 2634 1653 2711 ἐπιθυμεῖς,
1714 2635 1775 2692 ού
1834 2634 1953 2692 δεο-

299 2721 445 2795 μένῳ
479 2741 576 2795 μοι
606 2721 720 2780 θύε.
748 2720 946 2779 Ὁπότε
977 2719 1035 2777 δὲ
1052 2722 1251 2779 τούτου
1304 2724 1620 2798 ἀμνήμονες
1679 2725 1951 2803 ἐγένοντο,

294 2813 385 2866 καὶ
426 2812 638 2887 μόσχον
672 2810 791 2866 ἀντὶ
836 2815 970 2866 Θεοῦ
1026 2813 1145 2877 θεὸν
1200 2811 1619 2886 ἐπεκαλέσαντο,
1653 2815 1743 2871 καὶ
1775 2814 1954 2888 τούτῳ

293 2902 401 2968 τήν
455 2900 627 2955 αἰτίαν
675 2906 776 2969 τῆς
833 2899 886 2972 ἐξ
936 2900 1220 2978 Αἰγύπτου
1276 2903 1500 2978 πορείας
1558 2903 1952 2982 ἐπεγράψαντο,

308 2989 579 3064 λέγοντες·
609 2988 774 3047 Οὗτοι
808 2990 862 3044 οἱ
893 2992 1004 3045 θεοί
1037 3012 1154 3063 σου,
1200 2992 1448 3067 Ἰσραὴλ,
1504 2994 1556 3048 οἱ
1610 2993 1954 3069 ἐξαγαγόντες

306 3100 368 3133 σε
402 3078 465 3133 ἐκ
516 3086 614 3153 γῆς
668 3078 967 3156 Αἰγύπτου·
1026 3081 1117 3137 καὶ
1174 3081 1616 3158 ἀπαρνησάμενοι
1674 3085 1803 3139 Θεὸν
1861 3085 1952 3140 τὸν

316 3163 411 3219 διὰ
463 3170 727 3230 Minucio):
794 3166 1220 3243 ἐπισκεψάμενον
1280 3171 1476 3235 αὐτοὺς
1536 3171 1588 3228 ἐν
1641 3177 1710 3247 τῇ
1771 3172 1955 3247 θλίψει

307 3253 513 3325 αὐτῶν,
547 3256 634 3311 τὸν
658 3256 719 3311 τά
748 3263 954 3332 σημεῖα
982 3259 1107 3333 περὶ
1138 3260 1327 3338 χειρὸς
1382 3261 1472 3316 καὶ
1532 3258 1736 3336 ῥάϐδου
1791 3283 1953 3334 ποιη-

296 3346 562 3419 σάμενον,
643 3347 733 3402 τὸν
832 3347 1165 3423 Αἰγυπτίους
1247 3347 1579 3425 δεκαπλήγῳ
1632 3352 1957 3430 πατάξαντα,

292 3434 393 3490 τὸν
432 3436 532 3505 τήν
589 3437 855 3512 Ἐρυθρὰν
887 3437 1158 3502 θάλασσαν
1215 3439 1292 3502 εἰς
1351 3438 1638 3516 διαιρέσεις
1712 3438 1963 3498 διελόντα

286 3525 385 3580 καὶ
417 3521 749 3602 διαγαγόντα
780 3525 983 3590 αὐτοὺς
1034 3527 1087 3583 ἐν
1143 3528 1290 3602 μέσῳ
1336 3534 1434 3585 τοῦ
1488 3528 1682 3592 ὕδατος
1741 3531 1815 3594 ὡς
1875 3529 1964 3586 διὰ

296 3617 491 3689 ξηρᾶς,
549 3615 644 3669 τὸν
719 3614 849 3678 τοὺς
933 3615 1168 3696 ἐχθροὺς
1225 3620 1408 3675 αὐτῶν
1498 3621 1811 3696 βυθίσαντα,
1876 3622 1968 3676 τὸν

298 3704 520 3781 Μεῤῥάν
573 3707 673 3775 τὴν
749 3709 936 3781 πηγὴν
991 3709 1092 3777 τήν
1176 3710 1374 3783 πικράν
1433 3709 1795 3786 γλυκάναντα,
1872 3713 1964 3768 τὸν

300 3795 363 3849 ἐκ
404 3794 626 3869 ’πέτρας
678 3795 990 3870 ἀκροτόμου
1059 3794 1207 3873 ὕδωρ
1293 3798 1369 3861 εἰς
1453 3797 1784 3875 πλησμονήν
1844 3803 1969 3857 ἀνα-

306 3879 613 3952 ϐλύσαντα,
643 3883 738 3939 τὸν
782 3883 968 3957 στύλῳ
1023 3888 1115 3960 [Ρ,
1171 3890 1300 3962 239]
1351 3887 1587 3963 νεφέλης
1635 3889 1726 3944 καὶ
1784 3889 1971 3963 στόλῳ

297 3973 476 4046 πυρὸς
534 3974 831 4042 σκιάζοντα
887 3975 1086 4037 αὐτοὺς
1144 3974 1233 4032 διὰ
1305 3977 1515 4040 θάλπος
1570 3977 1823 4052 ἄμετρον,
1868 3967 1972 4034 καὶ

285 4061 609 4135 φωτίζοντα
666 4060 756 4116 καὶ
806 4058 1110 4139 ὁδηγοῦντα
1164 4064 1296 4128 τοὺς
1380 4067 1482 4121 οὐκ
1560 4065 1775 4129 εἰδότας
1833 4067 1973 4123 ὅπου

2060 2008 2354 2065 sacriﬁcio
2392 2008 2625 2079 potiora
2671 2008 2899 2076 habuit,
2930 2008 2980 2062 is
3030 2008 3236 2079 utique
3293 2015 3608 2081 postquam
3665 2011 3729 2066 in

2062 2116 2307 2156 carnem
2340 2099 2519 2168 venit,
2548 2099 2737 2154 multo
2778 2099 2967 2171 magis
3019 2099 3402 2171 sanguinaria
3439 2101 3555 2155 ista
3585 2101 3727 2157 abo-

2062 2189 2206 2246 levit
2234 2188 2549 2256 sacriﬁcia,
2583 2205 2715 2258 quae
2770 2205 2846 2244 ne
2879 2188 3109 2260 pridem
3143 2189 3385 2260 quidem
3438 2191 3725 2261 requisie-

2062 2284 2184 2347 rat,
2218 2278 2323 2334 sed
2382 2277 2718 2333 sacriﬁcare
2750 2278 3130 2349 cupientibus
3152 2278 3405 2335 liberam
3438 2296 3565 2334 rem
3596 2297 3729 2351 per-

2063 2368 2326 2433 miserat,
2354 2367 2531 2422 modo
2564 2383 2633 2422 ea
2662 2367 2839 2422 corde
2860 2371 3022 2423 recto
3053 2368 3352 2423 offerrent.
3382 2367 3521 2425 Ideo
3544 2368 3718 2429 dicit:

2063 2458 2121 2513 Si
2154 2458 2492 2513 sacriﬁcare
2514 2456 2703 2527 cupis,
2732 2457 2880 2511 mihi
2912 2472 3031 2511 non
3069 2458 3399 2528 requirenti
3431 2458 3720 2513 sacriﬁca.

2065 2548 2212 2602 Cum
2236 2562 2378 2601 vero
2411 2547 2512 2601 Dei
2546 2545 2721 2616 obliti
2747 2546 2879 2617 ejus
2933 2545 3066 2600 loco
3116 2547 3365 2601 vitulum
3422 2548 3729 2603 invocave-

2064 2642 2232 2703 runt,
2262 2636 2450 2705 eique
2496 2634 2836 2689 reditumex
2855 2636 3097 2706 Egypto
3114 2641 3428 2706 acceptum
3461 2636 3730 2691 tulerunt

2069 2727 2374 2781 dicentes:
2406 2730 2555 2779 Ecce
2587 2723 2669 2778 dii
2723 2723 2828 2791 tui,
2868 2724 3103 2792 lsraele,
3139 2726 3240 2795 qui
3276 2729 3331 2779 te
3385 2742 3455 2780 ex
3484 2727 3728 2797 Egypto

2068 2817 2426 2883 eduxerunt,
2449 2814 2775 2869 difﬁtentes
2808 2814 3016 2880 Deum,
3054 2814 3153 2884 qui
3186 2831 3287 2868 eos
3336 2814 3588 2870 afﬂictos
3619 2816 3734 2869 Mo-

2067 2907 2151 2962 sis
2175 2922 2359 2977 opera
2387 2903 2742 2969 sublevarat,
2778 2904 2878 2973 qui
2912 2919 3095 2958 manu
3131 2908 3189 2959 et
3217 2904 3379 2976 virga
3408 2903 3585 2959 Mosis
3617 2903 3737 2958 mi-

2070 2996 2275 3051 racula
2315 2993 2603 3057 ediderat,
2666 2993 2767 3063 qui
2817 2993 3101 3064 Egyptiis
3160 2993 3590 3065 decemplicem
3613 3010 3733 3064 pm-

2066 3102 2205 3140 nam
2230 3083 2550 3151 inﬂixerat,
2575 3082 2675 3152 qui
2700 3081 2965 3136 Rubrum
2991 3098 3154 3136 mare
3186 3083 3246 3136 in
3276 3084 3584 3154 portiones
3615 3082 3729 3137 dis-

2067 3174 2295 3230 ciderat
2319 3173 2600 3244 ipsosque
2633 3187 2740 3241 per
2766 3170 2994 3225 medias
3023 3170 3070 3205 ⁶⁵
3098 3188 3285 3242 aquas
3316 3177 3382 3226 ut
3436 3173 3587 3227 419
3624 3188 3731 3243 per

2069 3266 2476 3320 continentem
2508 3261 2981 3330 traduxerat,qui
3005 3262 3206 3316 hostes
3227 3279 3434 3316 eorum
3453 3262 3729 3316 submer-

2074 3359 2251 3418 serat,
2278 3352 2378 3424 qui
2411 3352 2637 3406 fontem
2671 3352 2873 3404 Merrae
2907 3349 2979 3404 de
3010 3365 3212 3405 amaro
3235 3349 3471 3406 dulcem
3490 3350 3729 3422 redege-

2070 3449 2182 3509 rat,
2207 3441 2306 3513 qui
2338 3441 2410 3497 de
2432 3439 2742 3496 cacumine
2776 3438 2901 3495 saxi
2934 3438 3051 3494 icto
3098 3456 3313 3510 aquam
3354 3438 3589 3495 abunde
3623 3438 3733 3493 eli-

2074 3536 2298 3599 cuerat,
2341 3530 2441 3601 qui
2500 3528 2781 3584 columna
2833 3528 3011 3584 nubis
3070 3545 3173 3584 eos
3221 3528 3586 3584 obumbrans
3638 3530 3733 3583 ni-

2075 3622 2264 3677 m'ium
2289 3620 2446 3675 aeris
2467 3624 2677 3674 aestum
2709 3618 3030 3683 avertebat,
3064 3618 3165 3689 qui
3206 3618 3505 3673 columma
3564 3618 3739 3690 ignea

2077 3708 2443 3783 praelucebat
2466 3724 2572 3779 per
2610 3707 2886 3778 viamque
2908 3724 3008 3762 eos
3038 3706 3301 3778 ignotam
3327 3706 3601 3777 ducebat,
3635 3707 3738 3777 qui

2081 3801 2167 3856 eis
2190 3799 2424 3855 caelitus
2458 3813 2677 3852 manna
2706 3796 3036 3868 praabebat,
3068 3797 3169 3867 qui
3209 3813 3246 3851 a
3291 3797 3441 3853 mari
3475 3797 3739 3852 coturni-

2079 3890 2249 3947 cibus
2286 3888 2488 3944 missis
2515 3904 2696 3943 carne
2757 3903 2858 3942 eos
2908 3887 3233 3953 saturabat,
3273 3888 3376 3958 qui
3427 3888 3489 3943 in
3539 3893 3741 3942 mente

2083 3981 2275 4051 legem
2306 3978 2452 4049 ipsis
2475 3976 2744 4042 dederat,
2776 3976 2875 4047 qui
2912 3994 3012 4031 eos
3044 3976 3349 4032 auditione
3376 3994 3497 4032 suas
3524 3976 3738 4032 divinae

2086 4084 2159 4123 ex
2191 4065 2513 4121 tonitribus
2538 4063 2697 4119 vocis
2728 4064 3002 4135 dignatus
3033 4065 3244 4120 fuerat.

297 4152 640 4223 πορευθῶσι,
666 4150 758 4205 τὸν
793 4151 843 4220 ἐξ
878 4153 1114 4227 οὐρανοῦ
1149 4152 1630 4227 μαννοδοτήσαντα
1658 4156 1847 4220 αὐτοῖς
1877 4158 1968 4212 καὶ
2000 4157 2059 4213 ἐκ
2088 4152 2366 4223 θαλάσσης
2390 4148 2841 4226 κρεωδοτήσαντα
2890 4150 3328 4225 ὀρτυγομήτραν,
3385 4154 3476 4208 τὸν
3523 4152 3576 4208 ἐν
3634 4158 3741 4226 τῷ,

309 4239 432 4313 ὄρει
476 4241 922 4312 νομοθετήσαντα
941 4241 1153 4313 αὐτοῖς,
1185 4244 1247 4298 οὗ
1275 4252 1379 4315 τῆς
1407 4244 1553 4308 θείας
1584 4247 1674 4301 καὶ
1707 4246 2095 4323 βροντοφώνου
2127 4249 2310 4321 φωνῆς
2345 4241 2658 4311 ἠξιώθησαν
2691 4239 2939 4296 ἀκοῦσαι.

380 4334 588 4387 Τοῦτον
620 4329 1026 4406 ἀπηρνήσαντο,
1060 4334 1304 4399 εἰπόντες
1332 4341 1414 4409 τῷ
1461 4337 1699 4413 Ἀαρών·
1737 4338 1974 4409 Ποίησον

304 4424 451 4493 ἡμῖν
484 4420 636 4482 θεοὺς
663 4419 718 4475 οἳ
744 4422 1214 4497 προπορεύσονται
1243 4426 1424 4498 ἡμῶν.
1459 4424 1562 4482 Καὶ
1591 4426 1977 4501 ἐμοσχοποίη-

312 4529 412 4563 σαν
450 4508 754 4582 χωνευτὸν.
809 4510 901 4564 καὶ
952 4509 1143 4567 ἔθυσαν
1214 4517 1295 4585 τῷ
1352 4511 1588 4588 εἰδώλῳ.
1680 4516 1975 4572 Κάντεῦθεν

314 4596 419 4654 οὖν
452 4599 726 4673 ὀργισθεὶς
780 4600 809 4654 6
870 4601 1226 4676 μακρόθυμος
1283 4604 1435 4676 Θεὸς,
1495 4599 1587 4659 ἀτε
1635 4602 1701 4674 δὴ
1788 4605 1981 4681 ἀχαρι-

309 4689 541 4759 στηθείς
575 4689 664 4743 ὑπ’
696 4689 901 4759 αὐτῶν,
940 4685 1129 4763 ἔδησεν
1190 4692 1389 4755 αὐτοὺς
1448 4690 1672 4768 δεσμοῖς
1731 4692 1974 4763 ἀλύτοις,

312 4772 537 4832 στιϐάσι
571 4782 877 4853 φορτισμοῦ
906 4782 992 4836 καὶ
1027 4780 1365 4857 σκληρότητι
1396 4781 1614 4839 κλοιοῦ·
1646 4784 1738 4839 καὶ
1794 4784 1976 4840 οὐκέτι

312 4867 493 4934 εἶπεν,
527 4867 653 4922 Ἐὰν
683 4870 953 4942 ποιήσῃς,
981 4871 1059 4934 ὡς
1084 4870 1194 4946 πρὸ
1219 4877 1321 4941 τῆς
1357 4871 1726 4950 μοσχοποιίας
1740 4870 1974 4947 εἷ’ρηκεν·

313 4953 491 5023 ἀλλὰ,
526 4954 764 5026 Ποίησον
797 4959 1199 5034 θυσιαστήριον,
1251 4961 1342 5019 καὶ
1390 4961 1482 5016 θύε
1512 4959 1800 5033 διηνεκῶς’
1860 4961 1978 5018 ἐπι-

315 5043 559 5117 λήσμων
611 5044 716 5122 γὰρ
778 5046 1043 5122 ὑπάρχεις
1101 5047 1192 5104 καὶ
1242 5050 1565 5125 ἀχάριστος,
1603 5048 1701 5107 ’ίνα
1731 5054 1979 5126 συνεχῶς

313 5130 708 5207 ἐπιμιμνήσκῃ
747 5153 871 5207 μου.
909 5136 1058 5192 Ἐπεὶ
1090 5136 1181 5192 οὗν
1238 5139 1310 5210 τῇ
1339 5137 1552 5210 ἐξουσίᾳ
1581 5144 1763 5204 κακῶς
1814 5138 1981 5215 ἐχρή-

318 5243 484 5278 σαντο
515 5223 570 5278 οἱ
621 5222 854 5287 τάλανες
888 5226 979 5280 καὶ
1035 5227 1379 5303 ἀγνώμονες,
1447 5229 1690 5304 ἀνάγκην
1750 5228 1982 5300 ἐπέθηκε

311 5309 517 5366 λοιπὸν
551 5311 696 5377 θύειν
748 5313 840 5369 καὶ
902 5316 1214 5392 βρωμάτων
1281 5317 1582 5395 ἀπέχεσθαί
1641 5339 1832 5390 τινων,
1888 5319 1978 5374 καὶ

317 5402 480 5469 ζώων
541 5398 810 5480 διαφορὰς
865 5408 1119 5480 καθαρῶν
1173 5406 1263 5461 καὶ
1315 5407 1633 5481 ἀκαθάρτων
1690 5404 1979 5478 διέστειλε,

310 5487 491 5543 καίτοι
549 5491 755 5553 παντὸς
841 5491 984 5561 ζώου
1059 5494 1296 5567 καθαροῦ
1359 5495 1746 5570 τυγχάνοντος·
1807 5493 1983 5550 πάντα

309 5576 416 5653 γάρ
446 5576 547 5633 ὅσα
573 5577 833 5652 ἐποίησεν
863 5582 890 5635 6
918 5581 1046 5644 Θεός
1073 5582 1214 5638 καλᾶ
1244 5581 1387 5640 λίαν.
1439 5586 1542 5640 Καὶ
1580 5583 1644 5655 δή
1703 5586 1791 5640 καὶ
1853 5585 1985 5659 ἀφο-

2157 4337 2320 4391 Hunc
2353 4334 2440 4388 illi
2463 4332 3440 4405 difﬁdentes,Aaronemjusserunt
3470 4334 3739 4390 sibideos

2087 4425 2363 4482 fabricari
2383 4421 2830 4494 itinerisﬂuces,
2856 4423 3105 4493 fusoque
3138 4423 3321 4478 vitulo
3368 4424 3740 4480 sacriﬁcave-

2086 4520 2247 4570 runt.
2299 4516 2380 4568 Ea
2409 4513 2674 4584 ipsorum
2725 4511 3154 4583 ingratitudine
3186 4514 3338 4568 Deus
3381 4514 3492 4582 ira,
3553 4530 3745 4585 quan-

2092 4603 2304 4661 tumvis
2362 4602 2436 4658 ad
2483 4619 2613 4659 eam
2662 4602 2880 4670 lentus,
2933 4602 3171 4670 exarsit,
3232 4620 3452 4675 eosque
3492 4604 3747 4660 vinculis

2089 4692 2514 4751 insolubilibus
2543 4693 2762 4765 ligavit,
2796 4692 3079 4748 oneribus
3134 4694 3408 4765 gravibus
3466 4699 3527 4749 et
3580 4693 3748 4751 duris

2087 4802 2324 4859 pressos
2346 4782 2783 4856 compedibus:
2838 4798 3055 4853 neque,
3108 4789 3176 4839 ut
3223 4790 3359 4840 ante
3411 4785 3748 4842 confectum

2086 4869 2639 4943 vitulum,permisit
2667 4869 2740 4924 iis
2753 4870 3223 4940 sacriﬁcare,sed
3239 4872 3553 4944 imperavit
3570 4874 3655 4929 uti
3669 4872 3751 4927 al-

2089 4962 2201 5017 tari
2233 4959 2472 5015 condito
2503 4958 2880 5014 continenter
2895 4960 3319 5031 sacriﬁcarent,
3350 4961 3745 5032 hominesque

2090 5047 2362 5105 obliviosi
2395 5047 2663 5118 alioquin
2685 5052 2744 5101 et
2765 5047 3005 5120 ingrati,
3039 5050 3122 5106 ita
3142 5051 3245 5106 Dei
3276 5054 3564 5123 perpetuo
3586 5049 3747 5103 cole-

2088 5142 2224 5194 rent
2236 5136 2585 5193 memoriam
2596 5179 2608 5192 .
2641 5136 2934 5200 Quoniam
2949 5138 3130 5210 igitur
3144 5138 3350 5194 miseri
3363 5137 3743 5207 obnoxiaque

2090 5226 2324 5299 praediti
2359 5226 2560 5281 animo
2598 5223 2785 5280 Judaai
2823 5225 3069 5282 licentia
3115 5243 3223 5282 sua
3270 5225 3427 5280 male
3458 5224 3549 5281 usi
3580 5227 3741 5293 sunt,

2090 5316 2510 5373 necessitatem
2540 5313 2625 5369 eis
2660 5313 2873 5370 exinde
2906 5315 3189 5387 imposuit
3244 5314 3532 5370 Dominus
3561 5313 3745 5369 sacri-

2092 5405 2309 5461 ﬁcandi
2334 5410 2392 5460 et
2429 5404 2577 5460 cibis
2600 5402 2956 5475 quibusdam
2998 5402 3360 5468 abstinendi,
3393 5402 3751 5460 discrimen-

2093 5513 2208 5568 que
2221 5495 2584 5552 mundorum
2609 5499 2667 5549 et
2686 5493 3130 5548 immundorum
3154 5493 3505 5549 animalium
3520 5494 3749 5564 statuit,

2094 5602 2440 5658 quanquam
2490 5581 2691 5640 omnia
2746 5581 3031 5639 animalia
3075 5582 3301 5638 munda
3331 5583 3498 5639 sint:
3547 5582 3751 5641 omnia

385 5724 431 5760 ⁵³
458 5727 622 5784 Psal.
657 5743 806 5796 xux,
845 5730 929 5781 l7.
961 5726 1008 5762 ⁵³
1039 5727 1194 5785 Psal.
1218 5745 1271 5798 L,
1307 5732 1390 5783 19.
1424 5729 1470 5764 ⁵⁴
1495 5731 1519 5784 Ι
1541 5732 1678 5801 Reg.
1714 5746 1804 5796 xv,
1835 5733 1924 5785 22.
1958 5732 1961 5762 ³

2074 5729 2216 5786 ηχοά.
2248 5745 2456 5797 xxxm,
2493 5730 2543 5783 4.

590 5843 873 5906 Parnm.
922 5846 1033 5907 Gn.
1083 5846 1292 5908 CXXI.

3506 5844 3581 5903 15
