4154 6480
375 446 496 507 459

367 669 574 740 junxit
606 671 784 725 etiam
818 670 1105 741 quasdam
1167 666 1591 739 separationes,
1626 665 2030 737 purgationes,

374 757 1188 824 ablutiones,decimationes,
1217 756 1600 810 castimoniae
1615 754 1915 823 feriasque
1932 769 2030 807 va~

372 847 711 918 rias,pmnis
731 848 913 902 etiam
939 847 1172 902 sancite
1188 845 1410 909 omnia,
1435 842 1702 916 utpressi
1720 860 1787 898 ac
1800 857 2033 912 compe-

374 936 548 990 dibus
566 937 721 991 ΔΜ)
744 936 970 990 astricti
1004 949 1267 990 errorem
1290 934 1362 989 de
1382 934 1588 989 multis
1626 932 1742 988 diis
1756 932 2027 987 vitarent.

372 1024 465 1078 Sic
489 1041 624 1095 ergo
650 1024 805 1078 Deus
829 1040 929 1080 eos
962 1023 1038 1078 ob
1051 1023 1236 1079 animi
1262 1023 1730 1078 obstinationem
1745 1020 2026 1086 devinxit,

367 1120 433 1168 ut
454 1112 782 1177 sacriﬁciis,
814 1113 1003 1180 feriis,
1035 1113 1427 1182 castimoniis,
1461 1112 1714 1182 aliisque
1737 1111 1795 1165 id
1841 1126 2029 1181 genus

365 1202 735 1257 creremoniis
766 1201 1152 1257 observandis
1176 1203 1276 1258 Dei
1306 1202 1660 1257 memoriam
1674 1200 2026 1266 retinerent,

364 1292 465 1363 qui
495 1292 701 1347 omnia
730 1292 845 1348 ista
874 1292 1259 1364 praacepisset
1289 1299 1466 1362 atque
1524 1290 1755 1363 legibus
1798 1289 1992 1344 deseri
2012 1319 2026 1329 -

364 1382 599 1450 psisset.
624 1382 719 1437 illi
751 1385 952 1438 tamen
1010 1384 1394 1455 perversitate
1448 1396 1682 1437 morum
1733 1385 1792 1436 et
1841 1379 2025 1435 animi

366 1471 797 1543 ingratitudine
839 1473 1060 1544 eajam
1093 1473 1231 1528 inde
1290 1486 1325 1528 a
1367 1471 1659 1543 principio
1713 1470 1787 1525 ad
1842 1470 2024 1524 ﬁnem

362 1577 554 1633 usque
585 1563 848 1630 fuerunt,
902 1568 967 1617 ut
998 1562 1325 1618 identidem
1374 1562 1477 1618 Dei
1509 1560 2021 1624 obliviscerentur,

365 1653 789 1724 deviantesque
846 1669 881 1709 a
935 1658 1096 1709 recto
1153 1653 1450 1710 Creatoris
1502 1653 1632 1708 loco
1689 1657 2025 1707 creaturam

363 1744 704 1798 adorarent.
738 1747 942 1814 Itaque
966 1743 1408 1813 aliasvitulum,
1460 1743 1547 1797 uti
1581 1742 1863 1810 diximus,
1887 1756 2023 1797 con-

363 1833 606 1902 ﬂarunt,
632 1832 782 1888 alias
800 1832 1183 1905 Beelphegori
1210 1833 1642 1905 supplicarunt,
1666 1832 1813 1887 alias
1836 1830 2018 1895 Baali,

1738 438 2056 501 GEORGII
2101 438 2450 503 GEDRENI

377 579 539 635 enim
571 596 703 650 quas
760 580 916 635 Deus
974 584 1293 638 creaverat.
1323 576 1488 632 valde
1510 575 1668 631 bona
1699 578 1886 629 erant.
1937 574 1993 627 In

2104 572 2371 645 ,ρισμοὺς
2428 575 2743 648 προσέταξε,
2799 577 2888 632 καὶ
2945 577 3341 653 καθαρισμοὺς,
3422 585 3510 638 καὶ

3680 459 3802 519 460

3645 606 3802 644 απτιο

2147 588 2371 645 ρισμους
2428 588 2743 648 προσεταξε,
2799 588 2888 632 καὶ
2945 588 3341 653 καθαρισμοὺς,
3422 588 3510 638 καὶ
3609 588 3801 660 βαπτι-

2147 662 2341 735 σμοὺς,
2373 666 2463 720 καί
2496 663 2881 741 δεκατισμοὺς,
2909 670 2998 723 καὶ
3036 670 3249 745 ἁγνείας
3307 674 3397 727 καὶ
3459 675 3653 751 ἀργίας
3687 677 3801 735 δια-

2143 752 2367 829 φόρους,
2400 755 2475 808 ὠν
2506 758 2872 830 παρακούοντι
2917 760 3188 833 τιμωρίαν
3238 761 3497 834 ὡρίσατο,
3555 766 3644 821 ’ἱνα
3675 789 3798 823 πιε-

2143 841 2365 913 ζόμενοι
2395 843 2484 897 καὶ
2514 845 2617 900 ὑπὸ
2647 847 2743 901 τοῦ
2772 845 2966 903 κλοιοῦ
2996 848 3305 928 ἀγχόμενοι
3362 860 3463 922 τῆς
3523 853 3796 920 πολυθέου

2139 927 2356 1001 πλανης
2388 932 2779 1005 ἐκστήσωνται.
2805 936 3014 993 Οὐκοῦν
3070 927 3160 995 διὰ
3211 943 3310 1009 τήν
3352 940 3792 1021 σκληροκαρδίαν

2140 1017 2312 1076 αὐτῶν
2347 1020 2603 1094 ἐπέδησεν
2633 1023 2851 1091 αὖτοὺς,
2884 1028 3033 1089 ὅπως
3093 1025 3184 1083 διά
3230 1034 3328 1085 τοῦ
3357 1017 3523 1103 Θύειν,
3573 1017 3661 1090 καὶ
3694 1036 3795 1112 ἀρ-

2136 1116 2273 1185 γεῖν,
2332 1112 2424 1166 καὶ
2479 1113 2804 1187 ἁγνίζεσθαι,
2856 1116 2945 1170 καὶ
3002 1120 3069 1172 τὰ
3124 1118 3307 1175 τοιάδε
3363 1128 3791 1199 παρατηρεῖσθαι

2140 1197 2213 1261 είς
2266 1194 2475 1257 ἔννοιαν
2533 1201 2801 1283 ἕρχωνται
2851 1211 2988 1261 Θεοῦ
3046 1212 3143 1264 τοῦ
3190 1214 3357 1266 ταῦτα
3403 1209 3792 1288 διαταξαμένου

2136 1289 2324 1351 αὐτοῖς
2380 1290 2471 1345 καὶ
2519 1296 3007 1366 νομοθετήσαντος,
3067 1296 3185 1372 οἶγε
3241 1300 3527 1376 μοχθηρίᾳ
3585 1304 3791 1377 τρόπου

2134 1377 2224 1431 καὶ
2257 1379 2484 1454 γνώμης
2515 1382 2838 1458 ἀγνώμονος
2870 1385 2934 1440 οὐ
2971 1382 3327 1460 διελίμπανον
3355 1388 3555 1445 ἄνωθεν
3588 1392 3679 1446 καὶ
3738 1392 3787 1463 ἐξ

2134 1466 2316 1542 ἀρχῆς
2348 1469 2515 1545 μέχρι
2555 1471 2746 1535 τέλους
2813 1472 3294 1549 ἐπιλανθανόμενοι
3346 1483 3448 1534 τοῦ
3504 1485 3659 1552 Θεοῦ,
3701 1482 3793 1538 καὶ

2134 1558 2611 1633 παρατρεπόμενοι
2658 1562 3019 1636 προσεκύνουν
3075 1566 3192 1621 ἀντὶ
3249 1572 3345 1622 τοῦ
3405 1569 3632 1626 Κτίστου
3688 1573 3789 1642 τήν

2132 1646 2328 1718 κτίσιν,
2357 1648 2445 1703 καὶ
2477 1651 2609 1705 ποτε
2641 1653 2754 1724 μὲν,
2814 1655 2889 1716 ὡς
2950 1672 3185 1730 ειρηται,
3244 1662 3785 1732 μοσχοποιήσαντες,

2132 1735 2265 1789 ποτὲ
2297 1732 2356 1790 δὲ
2401 1742 2480 1809 τῷ
2538 1738 2860 1818 Βεελφεγὼρ
2917 1747 3413 1818 προσκυνήσαντες,
3468 1748 3674 1808 ἄλλοτε
3732 1751 3791 1808 δὲ

2130 1828 2215 1918 τῷ
2237 1824 2404 1918 Bia},
2438 1827 2638 1918 καὶτῷ
2668 1831 2896 1903 Χαμὼς,
2932 1832 3021 1887 καί
3077 1839 3145 1908 τῇ
3201 1833 3440 1909 Σιδωνίᾳ
3497 1840 3786 1918 Ἀσταίρτῃ,

360 1923 683 1989 Chamoso,
719 1921 976 1979 Sidonias
1026 1926 1297 1992 Astartes,
1357 1924 1646 1992 Molocho,
1685 1923 1834 1978 alias
1887 1922 1993 1977 soli

2129 1913 2221 2009 xui
2252 1915 2331 1986 τῷ
2364 1916 2649 2009 Μολχὼμ,
2681 1919 2769 2009 καὶ
2800 1923 2934 1977 ποτὲ
2960 1927 3040 1995 τῷ
3072 1923 3244 1998 ἡλίῳ,
3284 1927 3375 1982 καὶ
3428 1932 3496 2003 τῇ
3554 1913 3811 2007 σεξλ-ξηρῇ(

356 2013 514 2068 Ιιιηω
546 2019 605 2067 et
634 2012 991 2084 stellisque)
1025 2014 1176 2069 Deus
1208 2029 1327 2069 non
1351 2018 1416 2067 ut
1439 2012 1797 2079 colerentur,
1822 2011 1926 2067 sed
1958 2015 2024 2067 ut

360 2103 564 2158 lumen
600 2100 938 2174 praeberent
957 2102 1304 2158 hominibus
1333 2107 1633 2158 creaverat
1655 2101 1835 2168 ;alias
1848 2101 2024 2156 bruta

359 2193 690 2248 animantia
711 2192 874 2247 cultu
896 2193 999 2247 Dei
1030 2192 1379 2264 affecerunt,
1403 2199 1469 2247 ut
1498 2193 1560 2246 in
1590 2193 1833 2262 Egypto
1864 2191 2018 2261 Apin

363 2282 575 2337 bovem
602 2282 912 2336 ethircum
944 2281 1334 2349 Mendesium,
1389 2281 1534 2336 alias
1593 2285 1903 2353 argenteos
1962 2284 2021 2335 et

361 2386 576 2427 aureos
606 2371 839 2439 deos,ut
861 2371 923 2425 in
950 2370 1326 2445 Judzea.Eam
1347 2370 1422 2426 ob
1452 2387 1579 2426 rem
1608 2370 1921 2442 perspicue
1942 2369 2017 2424 iis

358 2464 513 2518 Dens
544 2474 680 2518 voce
711 2463 858 2518 vatis
887 2463 980 2517 sui
1021 2463 1106 2518 ita
1136 2463 1398 2518 minatur
1448 2478 1460 2518 :
1520 2464 1817 2517 Parumne
1902 2463 2015 2517 hoc

349 2552 566 2606 Judmm
597 2551 840 2607 familias
870 2551 1122 2618 videtur,
1159 2551 1319 2621 quod
1377 2554 1498 2606 tam
1556 2550 1747 2605 multa
1788 2550 2013 2605 abomi-

345 2640 542 2696 nanda
570 2641 842 2696 fecerunt
873 2645 1216 2711 terramque
1255 2640 1580 2711 impietatis
1608 2640 2007 2711 repleverunt,

348 2738 414 2786 ut
442 2742 536 2787 me
569 2729 931 2785 irritarent?
977 2731 1182 2783 Merito
1214 2730 1393 2801 igitur
1439 2730 1620 2784 excisi
1670 2736 1826 2795 sunt,
1870 2744 2006 2785 cum

351 2822 452 2877 Dei
475 2821 625 2876 iram
665 2824 1055 2891 provocarent
1085 2833 1437 2890 sacramque
1469 2826 1685 2875 terram
1729 2820 1801 2874 ab
1832 2819 2003 2875 initio

346 2910 690 2982 polluerunt
728 2908 1060 2963 identidem
1103 2908 1179 2962 ad
1215 2924 1403 2979 usque
1443 2914 1811 2980 postremum
1852 2910 2003 2966 illud

341 3012 519 3055 suum
550 2999 661 3055 sub
699 2999 1058 3070 Vespasiano
1084 3005 1141 3052 et
1169 2998 1295 3053 Tito
1314 2999 1781 3055 excidium.Cum
1814 3001 1996 3079 enim,

335 3090 534 3161 inquit
553 3088 982 3155 Theodoretus,
1013 3087 1227 3143 diversi
1251 3088 1659 3161 Hierosolyma
1699 3090 2000 3161 cepissent

332 3185 510 3251 atque
523 3180 1227 3251 destruxissent,semper
1240 3195 1308 3235 ea
1318 3180 1607 3250 pristimm
1621 3181 1999 3253 dignitatiest

328 3278 506 3342 atque
534 3269 743 3325 formae
776 3269 1067 3334 restituta,
1104 3268 1343 3340 dempto
1402 3274 1705 3341 postremo
1736 3270 1989 3326 excidio.
2023 3312 2066 3378 Ο

328 3361 562 3415 Primus
610 3357 1070 3429 Thelaphalasar
1116 3359 1407 3429 majorem
1457 3358 1667 3413 decem
1729 3359 1991 3415 tribuum

324 3454 554 3521 partem
576 3447 865 3518 captivam
899 3448 1051 3503 421
1086 3446 1351 3502 abduxit.
1384 3448 1690 3502 Secundus
1721 3448 1991 3504 Salama-

324 3554 504 3593 nasar
525 3537 851 3593 Samariam
887 3541 944 3590 et
971 3537 1426 3608 circumpositas
1457 3537 1635 3592 urbes
1669 3536 1902 3609 subegit
1932 3541 1991 3593 et

326 3628 557 3682 incolas
587 3626 649 3681 in
685 3626 1030 3681 servitutem
1078 3625 1294 3698 abegit.
1345 3626 1577 3681 Tertius
1646 3626 1988 3682 Senacheri-

320 3732 455 3772 mus
481 3717 746 3787 reliquas
775 3715 993 3770 ludam
1022 3714 1202 3769 urbes
1231 3715 1610 3786 oppugnavit,
1644 3715 1984 3787 multosque

322 3807 602 3863 servitum
636 3806 697 3861 in
729 3821 901 3860 suum
928 3816 1179 3875 regnum
1211 3804 1395 3859 misit.
1434 3804 1650 3859 Verum
1708 3806 1986 3861 Hieroso-

318 3895 542 3965 lymam
566 3908 805 3966 quoque
835 3893 1101 3961 adortus,
1127 3908 1195 3947 ac
1223 3892 1475 3963 superbe
1491 3899 1549 3946 et
1572 3893 1754 3964 impie
1777 3900 1982 3950 contra

317 3986 502 4040 Deum
563 3986 775 4049 elatus,
821 3985 1018 4054 justas
1074 3997 1196 4036 sues
1274 3981 1474 4053 impiae
1541 3982 1977 4039 maledicentia;

318 4091 524 4145 pmnas
558 4074 743 4142 dedit,
778 4072 1041 4127 exercitu
1064 4071 1346 4126 divinitus
1377 4087 1528 4126 caeso
1560 4078 1799 4128 coactus
1839 4084 1974 4128 enm

314 4164 604 4220 dedecore
634 4162 1010 4219 obsidionem
1045 4161 1268 4216 solvere
1300 4161 1663 4232 domumque
1698 4178 1973 4219 reversus

317 4269 354 4308 a
386 4254 523 4309 ﬁliis
547 4254 670 4309 suis
702 4259 794 4308 est
817 4250 1186 4307 interfectus.
1210 4253 1351 4306 Post
1397 4252 1557 4306 hunc
1576 4251 1973 4309 Nabuchodo-

309 4344 821 4411 nosor,Joachimo
841 4342 1010 4398 Josim
1027 4342 1153 4397 ﬁlio
1166 4342 1410 4396 tertium
1424 4356 1647 4396 annum
1660 4350 1965 4415 regnante,

307 4434 509 4505 copias
561 4434 624 4487 in
681 4433 945 4487 Judmam
1002 4430 1291 4496 adduxit;
1356 4430 1682 4502 multisque
1736 4434 1863 4488 auri
1909 4440 1966 4490 et

305 4522 535 4596 argenti
569 4522 812 4579 talentis
838 4520 1119 4591 acceptis,
1170 4518 1378 4574 multis
1437 4520 1537 4589 qui
1595 4521 1739 4593 regii
1796 4528 1966 4577 erant

303 4612 609 4682 sanguinis
640 4611 885 4682 captivis
913 4604 1206 4673 abductis,
1227 4608 1425 4664 ablata
1456 4609 1633 4664 etiam
1653 4626 1958 4667 sacrorum

2131 2001 2221 2057 καὶ
2282 2010 2396 2066 τοῖς
2453 2004 2672 2082 ἄστροις
2727 2005 2759 2063 ἅ
2815 2011 2843 2065 6
2882 2010 3014 2074 Θεὸς
3072 2011 3147 2075 εἰς
3228 2020 3418 2094 φαῦσιν
3473 2001 3787 2092 ἀνθρώποις

2130 2090 2376 2164 ἐποίησε,
2406 2094 2495 2151 καὶ
2528 2095 2628 2153 οὐκ
2684 2098 2759 2160 εἰς
2816 2102 3206 2175 προσκύνησιν·
3260 2107 3392 2161 ποτὲ
3439 2104 3497 2162 δὶ
3535 2108 3623 2165 καὶ
3657 2108 3787 2167 ἄλο-

2127 2202 2209 2273 γαΔ
2227 2187 2342 2252 ζῶα
2370 2183 2590 2256 ἐτίμων,
2625 2186 2698 2250 ὡς
2756 2190 2880 2263 παρ’
2934 2191 3260 2265 Αἰγυπτίοις
3298 2195 3389 2249 τὸν
3436 2197 3599 2252 Ἀπιν
3654 2200 3782 2273 βοῦν

2125 2270 2337 2329 καὶτὸν
2369 2272 2670 2346 Μενδήσιον
2727 2277 2947 2353 τράγον,
3004 2281 3097 2337 καὶ
3154 2282 3310 2347 θεοὺς
3368 2270 3783 2361 ἀργυροῦς-καὶ

2127 2368 2387 2438 χρυσοῦς,
2429 2365 2504 2429 ὡς
2563 2365 2616 2422 ἐν
2673 2372 2741 2440 τῇ
2785 2367 3042 2442 Ἰουδαίᾳ.
3093 2372 3271 2448 Ταύτῃ
3332 2396 3418 2430 τοι
3477 2375 3780 2451 προδήλως

2124 2451 2367 2509 ἀπειλῶν
2397 2456 2586 2521 αὐτοῖς
2617 2458 2644 2511 6
2675 2458 2802 2521 Θεὸς
2835 2455 2993 2537 ἔλεγε
3024 2459 3114 2517 διὰ
3169 2468 3267 2518 τοῦ
3317 2468 3631 2542 προφήτου.
3692 2470 3780 2537 Μὴ

2125 2544 2317 2617 μικρὸν
2345 2549 2506 2600 τοῦτο
2535 2551 2615 2619 τῷ
2638 2546 2775 2621 οἶ¹κῳ
2801 2547 3002 2618 Ἰούδα,
3064 2557 3239 2607 ποιεῖν
3297 2553 3362 2609 τὰ
3422 2552 3777 2631 βδελύγματα

2120 2632 2345 2690 ταῦταὸἱ
2400 2632 2711 2707 ἐποίησαν;
2765 2639 2886 2695 Ὃτι
2927 2633 3171 2710 ἔπλησαν
3225 2643 3325 2711 τήν
3380 2652 3485 2719 γῆν
3545 2645 3779 2719 ἀνομίας

2115 2726 2212 2776 τοῦ
2242 2723 2571 2801 παροργίσαι
2633 2742 2720 2798 με.
2782 2728 2876 2782 Διὸ
2914 2727 3096 2784 τοίνυν
3154 2730 3383 2794 εἰκότως
3435 2732 3774 2811 ἐξωλοθρεύ-

2116 2821 2283 2900 βησαν
2314 2812 2389 2874 ὡς
2418 2813 2510 2869 τὸν
2544 2814 2671 2871 Θεὸν
2704 2818 3124 2893 παροργίζοντες
3182 2819 3271 2876 καί
3333 2823 3435 2893 τήν
3483 2825 3638 2900 ἁγίαν
3664 2832 3765 2898 γῆν

2114 2897 2321 2972 ἐκείνην
2354 2904 2798 2977 καταμιαίνοντες
2857 2907 2949 2962 ἀπ’
3003 2908 3184 2984 ἀρχῆς
3242 2903 3345 2975 ἕως
3393 2919 3495 2982 τῆς
3525 2897 3768 2992 ἐσχάτης

2110 2991 2201 3045 καὶ
2258 2990 2575 3059 τελευταίας
2630 2994 2833 3067 ταύτης
2890 2995 3151 3061 ἁλώσεως
3207 2999 3295 3056 ἐπὶ
3353 2990 3760 3060 Οὐεσπασιανοῦ

2106 3081 2198 3135 καὶ
2250 3080 2437 3138 Τίτου.
2472 3084 2575 3140 Καὶ
2612 3085 2713 3160 γάρ
2772 3083 3047 3163 διαφόρων
3101 3090 3303 3161 ταύτην
3350 3092 3440 3147 καὶ
3499 3091 3760 3149 καθελόν-

2104 3191 2235 3242 των,
2270 3173 2395 3251 φησί
2427 3177 2515 3244 [Ρ.
2565 3177 2694 3249 240]
2750 3174 3124 3253 Θεοδώρητος,
3182 3180 3347 3237 πάλιν
3399 3183 3474 3246 εἰς
3528 3185 3592 3240 τὸ
3651 3186 3757 3261 ἀρ-

2106 3265 2265 3335 χαῖον
2308 3262 2745 3335 ἀποκατέστησαν
2805 3266 3020 3342 ἀξίωμά
3074 3291 3134 3326 τε
3190 3272 3278 3327 καί
3336 3275 3549 3347 σχῆμα·
3606 3272 3756 3331 ἀλλά

2100 3353 2188 3404 νῦν
2259 3350 2471 3439 οὐκέτι,
2525 3358 2749 3428 Πρῶτος
2818 3357 2915 3430 μὲν
2973 3358 3074 3433 γὰρ
3151 3359 3544 3439 Θελαφάλασαρ
3593 3361 3752 3438 δορυ-

2101 3439 2316 3497 ἀλωτον
2343 3438 2507 3498 ἔλαϐε
2529 3448 2639 3499 τῶν
2670 3442 2797 3501 δέκα
2826 3446 3013 3526 φυλῶν
3058 3449 3121 3504 τὸ
3186 3438 3466 3505 πλεῖστον·
3502 3448 3751 3528 δεύτερος

2101 3525 2593 3608 δὲ’Σαλαμανασάρ
2620 3536 2721 3603 τήν
2769 3525 3072 3613 Σαμάρειαν
3129 3537 3220 3593 καὶ
3276 3539 3374 3603 τάς
3429 3540 3552 3615 περί
3590 3525 3757 3613 αὒτήν

2099 3615 2520 3695 ἐξηνδραπόδισε
2602 3621 2812 3685 πόλεις’
2895 3625 3079 3700 τρίτος
3159 3623 3214 3680 δὲ
3297 3627 3325 3682 ὁ
3399 3631 3756 3706 Σεναχηρεὶμ

2093 3706 2188 3769 τὰς
2250 3709 2344 3781 μὲν
2425 3706 2601 3773 ἄλλας
2667 3715 2767 3777 τῆς
2846 3711 3113 3772 Ἰουδαίας
3192 3714 3562 3792 ἐπολιόρκησε
3644 3721 3753 3776 πό-

2095 3793 2231 3865 λεις,
2305 3798 2390 3853 καὶ
2450 3797 2697 3862 πολλοὺς
2783 3802 3080 3875 μετῴκισεν
3158 3803 3587 3879 αἰχμαλώτους,
3646 3806 3752 3863 ἐπι-

2093 3885 2415 3959 στρατεύσας
2502 3884 2560 3943 δι
2614 3894 2733 3952 τοῖς
2789 3890 3204 3965 Ἰεροσολύμοις
3289 3893 3634 3964 ἀλαζονικῶς
3690 3917 3748 3952 τε

2089 3973 2178 4028 καὶ
2200 3972 2483 4039 δυσσεϐῶς
2514 3977 2805 4052 ἐκομίσατο
2838 3977 3063 4042 δικαίως
3093 3988 3194 4050 τῆς
3255 3981 3613 4061 βλασφημίας
3669 3986 3736 4042 τὰ

2086 4059 2360 4140 ἐπίχειρα·
2410 4065 2663 4138 θεηλᾶτῳ
2711 4066 2906 4143 πληγῇ
2966 4070 3065 4139 τήν
3121 4072 3376 4147 στρατιὰν
3417 4059 3733 4144 ἀπολέσας,

2084 4155 2172 4209 καὶ
2203 4157 2318 4227 μετ’
2350 4156 2618 4227 αἰσχύνης
2647 4157 2948 4230 ἀναζεύξας,
2980 4159 3084 4216 ὑπὸ
3142 4167 3251 4217 τῶν
3315 4160 3470 4219 ἰδίων
3527 4166 3730 4221 τέκνων

2082 4242 2400 4329 ἀναιρεῖται.
2434 4246 2584 4301 Μετὰ
2641 4243 2699 4302 δὲ
2753 4252 2942 4303 τοῦτον
3004 4244 3500 4329 Ναϐουχοδονόσορ
3545 4252 3598 4307 ἐν
3654 4244 3733 4325 τῷ

2077 4335 2247 4406 τρίτῳ
2276 4327 2382 4389 ἔτει
2411 4342 2509 4405 τῆς
2545 4335 2824 4411 βασιλείας
2869 4339 3125 4413 ’[ωακείμ
3179 4327 3277 4395 τοῦ
3331 4341 3449 4397 υἱοῦ
3519 4342 3732 4397 Ἰωσίου

2081 4423 2214 4495 μετά
2268 4421 2550 4497 δυνάμεως
2613 4425 2689 4488 εἰς
2745 4428 2844 4496 τήν
2891 4425 3151 4484 Ἰουδαίαν
3211 4428 3559 4508 ἀφικόμενος,
3642 4431 3733 4486 καὶ

2074 4508 2261 4567 πολλά
2290 4510 2532 4570 τάλαντα
2564 4514 2791 4589 χρυσίου
2840 4516 2927 4571 καὶ
2961 4517 3197 4594 ἀργύρου
3257 4514 3443 4574 λαϐὼν
3503 4518 3594 4575 καὶ
3674 4519 3734 4576 ἐκ

2072 4604 2167 4655 τοῦ
2203 4600 2490 4676 βασιλικοῦ
2513 4607 2701 4679 γένους
2741 4605 3140 4681 αἰχμαλώτους
3198 4606 3453 4672 πολλοὺς
3511 4609 3602 4666 καὶ
3638 4607 3729 4684 μὲ-

299 4676 574 4755 vasorum
592 4676 758 4770 parte
788 4698 1187 4769 impositoque
1226 4696 1446 4751 tributo
1485 4696 1729 4753 domum
1762 4700 1958 4755 rediit.

2104 4711 2161 4753 ος
2204 4690 2263 4748 ἐκ
2316 4698 2424 4751 τῶν
2478 4695 2637 4770 ἱερῶν
2698 4702 2925 4767 σκευῶν,
2987 4698 3284 4775 ὁπὲστρεψε
3343 4698 3552 4774 δασμὸν
3604 4704 3729 4758 ἐπι-

298 4788 483 4843 Paulo
510 4793 647 4859 post
673 4786 974 4842 Joaohimo
1008 4786 1297 4841 tributum
1349 4800 1471 4841 non
1530 4787 1795 4843 solvente
1846 4790 1960 4845 Na-

298 4878 762 4933 buchodonosor
779 4890 938 4932 anno
963 4877 1127 4949 regni
1149 4876 1279 4949 ejus
1300 4874 1735 4945 undecimo,sui
1758 4882 1957 4934 autem

298 4973 522 5036 octavo,
556 4978 793 5023 rursum
848 4966 1257 5037 Hierosolyma
1301 4967 1686 5038 oppugnavit.
1716 4969 1959 5024 Joachi-

296 5072 580 5132 mumque
614 5065 891 5117 necatum
922 5059 995 5114 de
1035 5070 1205 5113 muro
1264 5056 1475 5128 projici
1511 5061 1571 5112 et
1604 5056 1953 5127 aliquandiu

292 5151 671 5207 inhumatum
695 5149 953 5220 relinqui
982 5147 1328 5218 imperavit;
1352 5143 1427 5200 de
1451 5158 1568 5215 quo
1590 5150 1648 5200 et
1666 5148 1952 5204 Ieremia:

289 5241 434 5296 dicit
461 5241 546 5297 ἐς
581 5241 716 5297 Haec
749 5239 1101 5312 pronuntiat
1120 5235 1408 5291 Dominus
1428 5230 1503 5289 de
1531 5235 1837 5291 Joachimo
1852 5240 1950 5294 Jo-

288 5333 389 5386 sim
422 5332 577 5406 regis
599 5331 760 5386 Iudae
794 5330 916 5386 ﬁlio
942 5331 1071 5384 :Vaa
1094 5328 1150 5383 ei
1172 5327 1294 5381 viro
1323 5338 1336 5380 τ
1371 5326 1526 5380 inter
1545 5324 1947 5397 plangendum

283 5432 463 5492 super
495 5436 562 5475 eo
620 5436 743 5475 non
797 5420 1021 5488 dicent,
1076 5418 1218 5483 Heu,
1279 5414 1485 5479 frater,
1544 5427 1739 5484 neque
1790 5416 1949 5473 inter

279 5506 623 5565 deﬂendam
650 5504 1026 5578 dicent,Heu,
1052 5507 1313 5572 domine,
1346 5509 1407 5559 et
1433 5503 1804 5570 Heu,frater:
1838 5508 1943 5564 sed

272 5597 425 5665 asini
456 5598 763 5669 sepultura
787 5599 840 5653 ei
874 5598 1235 5667 obtinget,ac
1264 5594 1631 5664 putrefactus
1664 5597 1937 5669 projicie-

344 5750 393 5786 ⁵⁸
421 5750 641 5806 Jerem.
672 5768 807 5822 χχιι,
843 5753 928 5818 18,
965 5751 1048 5804 19.

2073 4780 2201 4845 θείς.
2263 4783 2364 4838 Καὶ
2426 4786 2540 4858 μετ’
2582 4784 2768 4862 ὀλίγον
2819 4788 3022 4866 χρόνον
3078 4789 3106 4843 6
3167 4790 3263 4861 μὶν
3323 4791 3580 4865 Ἰωακεὶμ
3634 4793 3730 4847 τὸν

2069 4869 2238 4948 φόρον
2269 4869 2552 4942 ἠθέτησεν,
2607 4875 2636 4931 ὁ
2691 4872 2748 4929 δὲ
2804 4870 3297 4952 Ναϐουχοδονόσορ
3347 4876 3427 4952 τῷ
3457 4875 3724 4951 ἑνδεκάτῳ

2068 4956 2174 5014 ἔτει
2230 4962 2328 5029 τῆς
2391 4962 2586 5020 τούτου
2651 4962 2954 5039 βασιλείας,
3015 4963 3194 5039 ὀγδόῳ
3246 4964 3305 5023 δὲ
3359 4975 3461 5037 τῆς
3518 4966 3722 5029 οἰκείας

2066 5050 2393 5123 ἡγεμονίας,
2450 5053 2616 5111 πάλιν
2702 5054 3043 5129 ἐκστρατεύει
3099 5061 3217 5119 τοῖς
3282 5055 3716 5130 Ἱεροσολύμοις,

2063 5139 2152 5194 καὶ
2207 5142 2300 5197 τὸν
2381 5144 2478 5216 μὲν
2537 5144 2797 5219 Ἰωακείμ
2853 5145 3062 5202 ἀνελὼν
3113 5146 3203 5201 καὶ
3263 5147 3369 5202 ἀπὸ
3423 5148 3522 5201 τοῦ
3601 5146 3717 5200 τείσει

2062 5251 2199 5307 χους
2259 5229 2478 5309 ῥιφῆναι
2537 5231 2798 5297 κελεύσας
2865 5233 3066 5311 ἄταφον
3151 5235 3241 5291 ἐπί
3317 5255 3432 5290 τινα
3516 5234 3724 5313 χρόνον

2058 5322 2340 5391 κατέλιπε,
2398 5324 2522 5397 περί
2578 5321 2640 5379 οὗ
2721 5324 2811 5381 καὶ
2868 5327 3135 5401 Ἱερεμίας
3190 5326 3343 5405 φησί·
3380 5321 3515 5379 Τάδε
3571 5321 3720 5399 λέγει

2056 5413 2263 5489 Κύριος
2291 5412 2379 5468 ἐπὶ
2426 5413 2683 5486 Ἰωακεὶμ
2737 5414 2853 5470 υἱὸν
2916 5415 3130 5471 Ἰωσίου
3188 5414 3465 5491 βασιλέως
3516 5412 3715 5469 Ἰούδα·

2056 5503 2193 5562 Οὐαὶ
2217 5503 2305 5558 ἐπὶ
2334 5501 2426 5558 τὸν
2460 5499 2626 5579 ἄνδρα
2654 5508 2846 5560 τοῦτον
2879 5506 2892 5562 l
2924 5507 3004 5563 υύ
3040 5508 3116 5579 μὴ
3148 5505 3413 5579 κόψονται
3442 5502 3627 5574 αὐτὸν,
3649 5503 3717 5559 Ὦ

2052 5592 2255 5673 ἀδελφὶ
2286 5592 2399 5650 οὐδ’
2434 5591 2496 5649 οὺ
2532 5594 2608 5667 μή
2664 5593 2989 5653 κλαύσονται
3050 5596 3236 5666 αὐτὸν,
3285 5594 3479 5670 Οῗμοι,
3537 5594 3716 5672 κύριε,
