4154 6414
321 399 442 462 461

1477 398 2017 462 HISTORIARUM
2063 398 2387 461 COMPEN
2399 400 2588 461 DlUM
2604 444 2619 458 .

3638 407 3755 469 463

321 535 418 590 καὶ
450 533 641 607 Οἲμοι,
672 530 897 610 ἀδελφέ’
930 531 1078 589 ἀλλὰ
1107 535 1283 609 ταφὴν
1353 532 1478 590 ὄνου
1533 534 1854 611 ταφήσεται,
1891 533 1982 589 καὶ

2104 537 2200 587 tur
2230 538 2393 591 trans
2434 552 2638 591 muros
2687 534 3275 607 Hierosolymitanos.
3318 541 3598 596 Proceres
3628 560 3755 598 om-

323 623 737 701 συμψηφισθεὶς
769 623 1055 701 ῥιφήσεται
1100 621 1349 679 ἐπέκεινα
1402 630 1503 694 τῆς
1559 622 1742 696 πύλης
1791 624 1990 698 Ἰερου-

322 711 539 785 σαλήμο
569 709 700 773 τοὺς
728 707 788 766 δέ
815 709 873 765 ἐν
901 711 1048 767 τέλει
1080 711 1281 776 πάντας
1334 712 1734 788 αἰχμαλώτους
1785 706 1992 792 λαϐὼν,

323 800 420 857 καὶ
464 805 580 862 τοῖς
645 798 1023 880 ὑπολειφθεῖσι
1083 804 1480 880 χειροτονήσας
1542 799 1768 878 βασιλέα
1814 801 1988 875 Ἰεχοε

320 888 447 947 νίαν
504 891 620 945 υἱὸν
679 889 1002 964 Ἐλιακεὶμ,
1058 891 1265 969 ἀπῆρεν
1335 892 1415 956 εἰς
1471 886 1801 949 Βαϐυλῶνα.
1859 891 1993 947 Εἶτα

323 981 421 1035 καὶ
483 984 676 1036 τοῦτον
739 981 923 1054 μαθὼν
982 981 1344 1038 στασιάσαντα
1435 982 1572 1055 μετᾶ
1628 987 1800 1054 μῆνας
1848 984 1994 1055 τρεῖς

323 1068 501 1125 πάλιν
556 1066 803 1148 ἔρχεται,
861 1068 972 1125 καὶ·
1018 1074 1213 1126 τοῦτον
1267 1067 1505 1142 πεδήσας
1576 1071 1711 1145 μετᾶ
1766 1067 1991 1125 πολλῶν

325 1157 610 1234 νεωτέρων
663 1156 1005 1234 δοριάλωτον
1060 1156 1204 1233 ἄγει,
1260 1160 1601 1230 καταστήσας
1656 1158 1770 1215 ἀντ’
1826 1153 1992 1213 αύτοῦ

326 1246 642 1323 βασιλεύειν
699 1252 808 1304 τῶν
873 1247 1194 1304 ὑπολοίπων
1284 1246 1540 1304 Σεδεκίαν
1613 1244 1992 1327 πατράδελφον

326 1338 521 1406 αὐτοῦ,
552 1337 741 1412 ὅρκοις
770 1337 910 1395 κατά
946 1341 1044 1392 τοῦ
1073 1342 1208 1395 Θεοῦ
1234 1337 1361 1413 περὶ
1413 1342 1511 1393 τοῦ
1562 1339 1637 1410 μή
1688 1337 1990 1407 ἀποστῆναι

326 1423 781 1499 καταδεσμήσας.
843 1424 1026 1483 Ἀλλὰ
1063 1426 1153 1483 καὶ
1210 1425 1408 1482 τούτου
1472 1421 1818 1502 παραϐάντος
1865 1424 1992 1487 τοὺς

328 1515 531 1590 ὅρκους
556 1516 648 1571 καὶ
682 1518 826 1590 μήτε
866 1517 960 1571 τὸν
1018 1514 1225 1590 δασμὸν
1282 1514 1581 1572 ἀποδοῦναι
1640 1512 1991 1588 θελήσαντος,

342 1608 485 1680 μήτε
514 1606 617 1679 μὴν
649 1602 864 1662 εὔνοιαν
894 1606 1254 1683 φυλάξαντος,
1285 1605 1413 1663 ἀλλ’
1446 1605 1771 1682 Αἰγυπτίοις
1819 1626 1991 1680 προσ-

327 1697 616 1773 φυγόντος,
660 1694 817 1761 αὖθις
872 1695 1220 1772 παρεγένετο,
1282 1696 1374 1752 καὶ
1437 1696 1529 1753 τὸν
1592 1699 1686 1771 μὲν
1739 1692 1989 1752 Σεδεκίαν

320 1787 740 1861 χειρωσάμενος
770 1786 861 1841 καὶ
894 1783 1270 1864 ἐκτυφλώσας,
1309 1786 1401 1842 καὶ
1437 1784 1540 1856 τήν
1570 1782 1734 1841 πόλιν
1794 1784 1987 1841 αῧταν-

323 1873 456 1951 δρον
491 1874 762 1950 εἰληφὼς,
789 1875 857 1931 τά
884 1896 943 1932 τε
975 1874 1251 1951 βασίλεια,
1280 1877 1370 1932 καὶ
1399 1877 1491 1932 τὸν
1524 1877 1666 1932 θεῖον
1698 1877 1843 1946 ναὸν,
1896 1873 1988 1930 καὶ
2023 1913 2069 1982 Β

368 1969 400 1979 ..
538 1964 552 1982 ς
705 1967 718 1982 ,
889 1964 904 1982 .
954 1964 966 1982 .
1143 1966 1157 1982 .
1289 1965 1311 1982 ε
1351 1967 1363 1982 .
1566 1968 1579 1982 ς
1659 1967 1673 1982 ,
1927 1964 1942 1982 κ

322 1969 504 2020 πᾶσαν
533 1964 822 2041 ἐμπρήσας
855 1964 1053 2035 οἰκίαν,
1104 1965 1503 2044 αἰχμαλώτους
1561 1967 1816 2043 ἂπήγαγε
1860 1964 1988 2028 τοῦς

328 2052 695 2118 διασωθίντας
726 2054 786 2112 ἐκ
812 2059 911 2110 τοῦ
936 2055 1107 2129 λιμοῦ
1161 2056 1255 2111 καὶ
1308 2059 1406 2112 τοῦ
1456 2054 1729 2131 πολέμου,
1777 2052 1868 2110 καὶ
1923 2054 1991 2110 τὰ

335 2142 664 2224 διαφέροντα
689 2144 853 2217 σκεύη
883 2149 982 2202 τοῦ
1028 2149 1157 2202 ναοῦ
1204 2145 1436 2221 Κυρίου.
1490 2148 1569 2205 Τὸ
1616 2144 1832 2216 πλῆθος
1879 2146 1992 2200 τοί-

331 2256 430 2291 νυν
475 2239 587 2289 τῶν
645 2239 941 2312 συμφορῶν
988 2234 1163 2291 αὐτῶν
1243 2235 1337 2292 καὶ
1396 2234 1565 2306 Ἰωήλ
1623 2232 1988 2310 διηγούμενος

331 2325 560 2399 πρῶτον
597 2324 693 2399 μὶν
742 2321 1126 2390 ἐπελεύσεσθαι
1182 2324 1406 2399 κάμπην
1464 2323 1634 2400 λέγει,
1680 2325 1749 2380 τὰ
1795 2321 1853 2380 δὲ
1901 2323 1993 2379 ὑπ’

325 2412 509 2483 αὐτῆς
553 2414 632 2486 μή
681 2410 1027 2477 ἀναλωθέντα
1086 2414 1188 2470 ὑπὸ
1238 2411 1463 2490 ἆκρίδος
1517 2412 1987 2485 ἀναλωθήσεσθαι,

323 2502 432 2558 ὅσα
462 2500 527 2557 δὲ
552 2503 760 2573 ταύτην
795 2500 1158 2580 διαφεύξεται,
1200 2500 1524 2573 δαπανήσειν
1572 2502 1665 2559 τὸν
1722 2503 1986 2580 βροῦχον,

329 2589 567 2669 ἔσχατον
598 2590 657 2648 δὲ
684 2594 786 2663 τὴν
818 2587 1072 2666 ἐρυσίϐην
1101 2591 1431 2672 ἐπαχθεῖσαν
1486 2591 1657 2667 μηδὶν
1705 2590 1989 2657 παντελῶς

322 2681 677 2758 καταλείψειν
705 2677 1022 2753 ἀλώϐητον.
1057 2683 1203 2754 Φησὶ
1230 2683 1351 2759 γάρ·
1402 2684 1480 2741 Τὰ
1535 2681 1845 2740 κατάλοιποι
1885 2689 1985 2752 τῆς

325 2769 552 2848 ἀκρίδας
582 2774 672 2847 [Ρ.
705 2774 835 2845 2’11]
864 2771 1227 2850 καταφάγεται
1261 2774 1290 2828 ὁ
1322 2774 1596 2848 βροῦχος,
1625 2772 1717 2827 καὶ
1744 2774 1814 2828 τὰ
1842 2770 1987 2842 ἑξῆς.

332 2867 525 2922 Ταῦτα
554 2866 658 2941 γὰρ
695 2868 975 2939 τροπικῶς
1030 2863 1106 2926 εἰς
1163 2863 1254 2919 τὸν
1327 2864 1607 2939 Ἀσσύριον
1668 2864 1757 2919 καὶ
1810 2856 1984 2918 Βαϐυ-

329 2953 540 3009 λώνιον
564 2950 891 3026 ὖκληπτὲον,
930 2952 1157 3027 κάμπην
1192 2953 1289 3027 μὲν
1319 2952 1413 3008 τὸν
1444 2949 1839 3032 Θελαφάλασαρ
1863 2952 1983 3007 ὀνο-

339 3041 632 3113 μάζοντας,
661 3039 854 3118 ἀκρίδα
913 3038 971 3096 δὶ
1005 3042 1099 3097 τὸν
1169 3040 1587 3117 Σαλαμανασᾶρ,
1639 3043 1880 3117 βροῦχον
1929 3038 1988 3096 δὲ

344 3130 443 3184 τὸν
470 3132 831 3206 Σεναχηρεῖμ,
888 3126 1147 3206 ἐρυσίϐην
1205 3129 1263 3187 δὲ
1311 3133 1402 3188 τὸν
1464 3127 1986 3211 Ναϐουχοδονόσορ,

341 3216 654 3272 τελευταῖον
694 3217 1178 3295 ἐπιστρατεύσαντα
1240 3219 1332 3275 καὶ
1374 3221 1476 3290 τὴν
1523 3217 1790 3277 Ἰουδαίαν
1843 3218 1987 3295 δῃώ-

334 3326 503 3361 σαντα
547 3305 634 3361 καί
688 3306 817 3370 τοὺς
854 3308 947 3363 τὸν
1011 3308 1239 3372 θάνατον
1291 3304 1647 3386 διαφυγόντας
1685 3307 1983 3383 αἷχμαλω-
2016 3288 2061 3354 C

324 3395 571 3466 τίσαντα,
600 3398 785 3463 καθὼς
823 3398 1061 3475 ε’ἰρηται.
1132 3399 1457 3465 Πλειστάκις
1512 3400 1606 3475 μὲν
1666 3400 1758 3455 οὖν
1817 3397 1985 3455 πάλιν

330 3481 679 3560 συμὸέόηκεν
710 3487 919 3544 ἁλῶναι
946 3490 1048 3560 τήν
1102 3486 1395 3561 Ἰουδαίαν,
1453 3487 1530 3554 ὥς
1581 3511 1715 3570 φησι
1754 3489 1923 3547 πάλιν
1956 3489 1984 3545 ὁ

324 3574 507 3652 μέγας
539 3574 837 3652 Κύριλλος,
871 3578 977 3635 ὑπό
1006 3600 1067 3635 τε
1115 3579 1437 3656 Ἀσσυρίων,
1491 3579 1581 3635 καὶ
1639 3577 1984 3655 Αἰγυπτίων,

322 3664 525 3739 Σύρων
559 3686 620 3721 τε
672 3666 765 3722 καὶ
816 3662 1144 3739 Μωαϐιτῶν,
1200 3666 1526 3743 Ἰδουμαίων
1586 3667 1678 3724 καὶ
1737 3672 1846 3724 τῶν
1901 3665 1986 3723 λε-

2103 640 2210 678 nes
2264 623 2525 695 captivos
2576 618 2844 690 adduxit,
2896 623 3339 699 constitutoque
3396 626 3475 682 ibi
3533 630 3756 686 relictis

2102 712 2530 787 regeJechonia
2552 711 2861 768 Eliachimi
2880 712 3025 784 ﬁlio,
3042 713 3404 786 Babylonem
3430 734 3491 772 se
3512 719 3755 791 recepit.

2103 804 2245 858 Post
2271 808 2391 858 tres
2423 820 2660 860 menses
2690 803 2849 861 hunc
2881 823 3115 878 quoque
3148 807 3301 864 422
3363 806 3758 865 defectionem

2105 893 2302 948 moliri
2351 894 2617 951 sentiens
2676 894 2873 964 rediit,
2933 912 3188 968 cumque
3246 894 3307 951 in
3367 897 3759 971 compedibus

2103 1000 2239 1038 cum
2280 985 2486 1040 multis
2531 985 2856 1057 juvenibus
2911 987 3204 1059 captivum
3255 986 3525 1060 abduxit,
3577 1006 3760 1063 regno

2103 1072 2405 1129 Sedechiaa
2437 1074 2565 1146 ejus
2596 1080 2807 1146 patruo
2840 1074 3076 1144 tradito,
3129 1094 3264 1132 cum
3311 1076 3361 1132 is
3411 1096 3521 1150 per
3575 1078 3762 1134 Deum

2093 1159 2359 1232 jurasset
2390 1178 2451 1216 se
2486 1162 2662 1218 fidem
2694 1167 3085 1222 servaturum.
3119 1164 3231 1220 Sed
3262 1168 3321 1220 et
3348 1165 3459 1221 hoc
3511 1165 3761 1238 perjurii

2101 1266 2230 1305 sese
2262 1250 2562 1323 obligante
2594 1268 2662 1308 ac
2691 1269 2886 1324 neque
2917 1251 3242 1309 amicitiam
3271 1258 3541 1311 servante
3568 1262 3624 1311 et
3657 1256 3762 1311 tri-

2102 1339 2313 1396 butum
2355 1340 2689 1414 abnegante
2740 1347 2799 1398 et
2856 1341 2931 1398 ad
2989 1343 3289 1415 zEgyptios
3356 1344 3757 1417 confugiente,

2104 1428 2300 1485 denuo
2331 1429 2744 1502 Hierosolyma
2787 1428 3043 1488 advenit.
3098 1429 3186 1487 lbi
3235 1430 3534 1489 Sedechiaa
3586 1439 3757 1507 capto

2100 1517 2303 1574 oculos
2336 1518 2489 1574 eruit
2503 1533 2519 1588 ε
2543 1519 2810 1591 urbeque
2832 1526 2889 1577 et
2911 1515 3255 1577 hominibus
3276 1522 3499 1595 potitus
3511 1524 3730 1596 regiam
3745 1566 3758 1593 ,

2099 1606 2289 1662 eadem
2320 1607 2425 1662 Dei
2459 1624 2787 1680 omnesque
2818 1608 3026 1667 domos
3080 1608 3373 1681 incendit,
3425 1617 3482 1668 et
3540 1612 3696 1684 quod
3727 1632 3762 1670 a

2097 1695 2255 1753 fame
2287 1700 2347 1752 et
2375 1696 2536 1753 bello
2576 1692 2887 1754 hominum
2940 1704 3068 1756 erat
3122 1698 3444 1772 reliquum,
3499 1702 3760 1775 captivos

2101 1785 2403 1857 simulque
2434 1786 2734 1859 praecipua
2792 1786 2996 1860 templi
3053 1805 3191 1846 vasa
3248 1789 3512 1848 abduxit.
3558 1791 3758 1848 Joelus

2099 1892 2241 1931 sane
2266 1875 2715 1933 multitudinem
2734 1877 3138 1933 calamitatum
3154 1895 3440 1936 enarrans
3466 1881 3659 1952 primo
3677 1882 3760 1938 ait

2099 1982 2340 2022 crucam
2370 1971 2717 2036 venturam;
2754 1968 2914 2039 quod
2962 1985 3032 2025 ea
3058 1986 3180 2025 non
3230 1968 3653 2043 absumpserit,
3694 1970 3756 2027 id

2096 2057 2393 2113 locustam
2423 2056 2793 2129 perdituram
2818 2072 2832 2125 ;
2868 2056 2915 2113 si
2949 2054 3092 2131 quid
3116 2075 3183 2114 ea
3204 2058 3502 2132 reliquum
3522 2061 3750 2130 fecerit,

2097 2143 2394 2201 bruchum
2407 2150 2635 2201 vastatu
2643 2163 2771 2203 rum
2788 2164 2804 2213 ς
2828 2143 2903 2202 ad
2916 2151 3248 2203 extremum
3264 2152 3754 2221 superventuram

2096 2233 2460 2307 rubiginem,
2487 2250 2739 2307 eamque
2761 2233 2913 2291 nihil
2936 2235 3179 2293 omnino
3202 2238 3500 2311 integrum
3518 2236 3759 2294 relictu-

2096 2324 2353 2382 ram.Sic
2366 2324 2527 2381 enim
2539 2325 2651 2380 ait:
2677 2324 2935 2383 Residua
2949 2343 3141 2383 erucas
3165 2326 3425 2383 comedit
3440 2325 3669 2385 locusta
3691 2326 3758 2393 ⁵⁷,

2099 2417 2158 2468 et
2191 2431 2323 2485 quas
2382 2420 2735 2485 sequuntur.
2800 2415 2935 2470 Haec
2992 2416 3238 2471 mutatis
3292 2414 3638 2473 nominibus
3688 2417 3759 2473 de

2096 2504 2345 2575 Assyrio
2378 2508 2436 2559 et
2483 2501 2843 2577 Babylonico
2888 2521 3070 2576 regno
3136 2508 3279 2562 sunt
3320 2505 3757 2579 intelligenda:

2095 2608 2274 2649 eruca
2305 2594 2465 2648 enim
2493 2592 3055 2664 Thelaphalasarem
3078 2599 3264 2660 notat,
3288 2593 3518 2651 locusta
3539 2594 3762 2653 Salma.

2094 2698 2393 2749 nasarem,
2442 2681 2706 2738 bruchus
2754 2681 3242 2751 Senacharibum,
3306 2682 3516 2758 rubigo
3556 2684 3758 2741 Nabu-

2095 2771 2597 2840 chodonosorem,
2634 2772 2735 2843 qui
2767 2770 2982 2829 ultimo
3046 2771 3311 2828 Iudaeam
3361 2772 3759 2847 depopulatus

2096 2866 2206 2929 est,
2240 2879 2459 2933 eosque
2492 2862 2594 2934 qui
2621 2868 2875 2918 mortem
2934 2869 3241 2920 evaserant
3294 2863 3356 2921 in
3410 2864 3755 2922 servitutem

2096 2950 2313 3023 abegit,
2348 2951 2503 3006 sicut
2532 2950 2808 3007 diximus.
2845 2952 3114 3025 Persaepe
3148 2952 3349 3025 igitur,
3382 2959 3448 3009 ut
3504 2971 3757 3028 magnus

2097 3039 2182 3101 ait
2210 3039 2487 3111 Cyrillus,
2530 3039 2732 3096 Iudaea
2786 3040 2859 3095 ab
2917 3040 3189 3097 hostibus
3240 3047 3330 3097 est
3387 3048 3632 3112 vastata,
3680 3045 3754 3101 ab

2095 3129 2373 3201 Assyriis,
2406 3129 2481 3186 ab
2509 3130 2790 3203 zEgyptis,
2823 3131 2977 3187 423
3008 3148 3045 3186 a
3073 3128 3254 3203 Syris,
3278 3148 3313 3187 a
3354 3132 3648 3205 Moabitis,
3681 3133 3753 3190 ab

2094 3219 2396 3289 ldumaiis,
2419 3236 2453 3275 a
2478 3219 2786 3286 Philistiis,
2819 3221 2919 3291 qui
2945 3227 3083 3276 sunt
3112 3220 3660 3280 Palaestini.Verum
3683 3242 3753 3281 ea

2098 3308 2382 3365 mediocri
2408 3314 2686 3381 percepto
2711 3307 2949 3378 damno,
2975 3314 3032 3364 et
3053 3325 3175 3364 non
3195 3312 3427 3382 magnis
3446 3313 3749 3369 interdum

2097 3400 2311 3457 allecta
2337 3398 2801 3467 calamitatibus,
2844 3416 3083 3456 rursum
3140 3399 3394 3457 liberata
3445 3403 3575 3470 fuit,
3630 3404 3749 3459 Deo

2096 3494 2332 3547 tantum
2374 3488 2701 3562 castigante
2755 3506 2823 3545 ac
2871 3505 3111 3545 rursum
3170 3494 3401 3546 tutante
3442 3492 3750 3564 populum.

2097 3580 2263 3635 Nunc
2294 3584 2517 3647 autem,
2566 3582 2882 3651 postquam
2931 3578 3195 3634 Christus
3239 3579 3353 3637 fuit
3410 3582 3751 3651 cruciﬁxus,

2096 3668 2372 3724 funditus
2399 3685 2469 3724 ea
2497 3667 2747 3725 interiit.

320 3754 580 3828 γομένων
638 3754 992 3831 Φυλιστιεὶμ,
1047 3757 1295 3814 τουτέστι
1362 3756 1776 3830 Παλαιστηνῶνο
1829 3754 1957 3813 ἀλλ’
2019 3754 2190 3833 ὀλίγα
2248 3758 2517 3811 παθοῦσαν
2572 3756 2665 3811 καὶ
2717 3755 3052 3832 συμμέτροις
3110 3751 3216 3813 ἔσθ’
3276 3758 3366 3815 ’ὀτε
3422 3763 3750 3834 περιπεσοῦ-

321 3863 421 3900 σαν
496 3851 809 3926 συμφοραῖς
866 3846 1032 3903 πάλιν
1092 3847 1313 3919 ἀνῆκεν,
1373 3845 1748 3922 ἂπαμύναντος
1801 3850 1934 3903 Θεοῦ
1984 3849 2082 3902 τοῦ
2139 3845 2231 3901 καὶ
2288 3842 2700 3911 παιδεύσαντος.
2778 3842 3072 3904 ’Δπόλωλε
3130 3842 3187 3903 δὲ
3251 3851 3343 3903 νῦν
3428 3846 3753 3925 ὁλοσχερῶς

320 3934 461 4008 μετὰ
490 3936 592 4005 τὴν
624 3939 722 3991 τοῦ
754 3942 957 4011 Κυριου
984 3937 1313 4014 σταύρωσιν.

394 4025 607 4101 “arma?
669 4024 853 4081 τοίνυν
911 4027 950 4095 ἡ
1010 4026 1105 4100 μὶν
1162 4031 1271 4083 τῶν
1356 4026 1660 4103 ’Δσσυρίων
1737 4023 1993 4103 βασιλεία

321 4111 610 4186 κατελύθη
673 4115 778 4171 ὑπὸ
839 4111 1233 4188 Βαϐυλῶνίων,
1266 4119 1305 4187 ἡ
1364 4113 1421 4172 δὲ
1464 4112 1832 4174 Βαϐυλῶνίων
1887 4116 1992 4171 ὑπὸ

330 4207 642 4278 Ιῑερσῶν,ἡ
673 4202 733 4260 δὲ
789 4210 1013 4280 Περσῶν
1070 4205 1175 4262 ὑπὸ
1232 4204 1581 4278 Μακεδόνων,
1614 4208 1650 4277 ἢ
1693 4202 1751 4262 δὲ
1808 4207 1991 4263 Μακε-

329 4290 513 4351 δόνων
571 4295 675 4350 ὑπὸ
728 4295 1042 4369 Ῥωμαίων,
1102 4295 1276 4358 οὕτως
1306 4297 1481 4366 ἡτῶν
1536 4293 1829 4370 Ῥωμαίων
1889 4296 1993 4351 ὑπὸ

321 4387 429 4439 τοῦ
460 4383 850 4460 ’Λντιχρίστου
895 4383 1326 4458 καταλυθήσεται
1378 4385 1471 4441 καὶ
1500 4388 1534 4456 ἡ
1567 4389 1665 4440 τοῦ
1709 4383 1992 4464 Ἀντιχρί-

333 4493 473 4528 στου
502 4472 609 4529 ὑπὸ
646 4477 896 4550 Χριστοῦ
936 4471 1385 4553 διαφθαρήσεται.
1434 4476 1533 4530 Διὰ
1592 4475 1688 4549 μὲν
1744 4474 1837 4529 οὗν
1884 4479 1991 4529 τῶν

322 4563 615 4639 τεσσάρων
658 4563 875 4638 ἀνεμων
938 4566 1034 4628 τὰς
1099 4562 1339 4640 μεγάλας
1393 4565 1653 4641 τέσσαρας
1713 4562 1997 4639 βασιλείας

324 4654 358 4709 ὁ
423 4673 598 4731 μεγας
661 4652 902 4711 διδάσκει
987 4654 1289 4732 Ζαχαρίας,
1365 4655 1467 4725 τὴν
1515 4651 1829 4726 Χαλδαίων,
1893 4656 1995 4724 τὴν

327 4748 575 4818 Περσῶν,
614 4745 706 4799 καί
734 4746 834 4814 τὴν
863 4743 1215 4816 Μακεδόνων,
1261 4745 1352 4801 καὶ
1400 4745 1499 4814 τήν
1551 4744 1867 4819 Ῥωμαίων.
1915 4744 1997 4800 Τὰ

2173 4024 2688 4090 Quemadmodum
2717 4042 2853 4098 ergo
2885 4027 3263 4099 Assyriorum
3295 4044 3542 4100 regnum
3576 4044 3610 4083 a
3640 4027 3756 4085 Ba-

2099 4114 2401 4186 bylonico,
2451 4114 2564 4170 hoc
2612 4130 2648 4169 a
2702 4115 2962 4182 Persico,
3024 4115 3203 4187 idque
3261 4134 3297 4172 a
3353 4117 3756 4184 Macedonico,

2101 4220 2461 4275 rursumque
2506 4204 2617 4259 hoc
2671 4221 2709 4261 a
2763 4207 3029 4260 Romano
3080 4209 3171 4261 est
3221 4205 3507 4275 deletum,
3558 4207 3641 4263 ita
3697 4214 3758 4263 et

2104 4295 2437 4350 Romanum
2466 4292 2787 4364 imperium
2826 4292 2899 4348 ab
2930 4292 3296 4350 Antichristo
3346 4298 3663 4362 evertetur,
3697 4301 3757 4350 et

2104 4383 2456 4440 Antichristi
2487 4400 2522 4438 a
2547 4382 2801 4439 Christo.
2832 4380 3084 4440 Proinde
3118 4401 3225 4456 per
3254 4390 3510 4456 quatuor
3552 4391 3755 4442 ventos

2103 4477 2419 4534 Zacharias
2447 4480 2702 4547 quatuor
2731 4492 2947 4550 magna
2974 4493 3157 4550 regna
3204 4477 3532 4552 designavit
3578 4478 3755 4535 Chal-

2105 4566 2366 4637 daicum,
2386 4565 3165 4635 Persicum,Macedonicum
3188 4572 3247 4624 et
3264 4570 3752 4625 Romanum.Duo

2105 4659 2343 4712 montes
2370 4653 2522 4710 duas
2550 4653 2713 4710 orbis
2737 4659 3035 4712 terrarum
3084 4663 3286 4729 partes
3328 4657 3597 4715 indicant
3629 4676 3644 4715 ε
3706 4659 3754 4715 is

2108 4745 2269 4801 enim
2298 4742 2360 4799 in
2391 4743 2541 4801 duas
2567 4748 2769 4815 partes
2807 4745 3121 4815 scinditur,
3180 4746 3382 4803 Asiam
3432 4765 3648 4821 nempe
3698 4752 3758 4803 et

747 4796 827 4814 ,Ἰν
863 4796 1215 4816 -ΨΝΠἯἽ
1412 4796 1492 4814 -.Γ
1569 4796 1867 4819 -ητπηη
1924 4796 1989 4800 -η

324 4831 385 4888 δέ
410 4796 515 4888 Ιδύο
545 4831 649 4908 ὄρη
681 4835 751 4890 τὰ
778 4833 877 4890 δύο
899 4833 1146 4908 κλίματα
1174 4841 1276 4905 τῆς
1311 4831 1645 4909 οἳκουμένης
1685 4832 1868 4915 φησίν·
1911 4831 1987 4889 εἷς

2100 4796 2418 4906 Esaia;
2440 4796 2667 4890 ξιξεἱῖ
2682 4796 2936 4905 aliis;
2947 4796 3091 4907 ἑᾷιῖἷ
3107 4796 3754 4895 annuntiat;

318 4918 423 4975 δύο
456 4920 560 4998 γὰρ
585 4921 865 4996 τέμνεται,
897 4922 975 4987 ε’ἰς
1004 4921 1057 4980 ἔε
1088 4923 1276 4983 Ἀσίαν
1309 4922 1398 4979 καὶ
1448 4923 1749 4998 Εὐρώπην.
1797 4922 1902 4981 Καὶ
1932 4923 1987 4978 οὶ

326 5010 429 5084 μὲν
464 4998 856 5087 πυρῥοὶῖπποι
898 5012 965 5069 τὸ
1025 5014 1312 5091 μιαιφόνον
1365 5017 1477 5069 τῶν
1535 5009 1826 5070 Χαλδαίων
1885 5033 1990 5083 ση-

330 5100 640 5173 μαίνουσιν,
700 5102 757 5157 οἱ
808 5099 869 5158 δὲ
936 5102 1162 5177 μὲλανες
1218 5103 1311 5160 τὸν
1405 5101 1764 5178 ὶπενεχθὲντα
1842 5101 1990 5177 παρὰ

326 5193 552 5265 Περσῶν
601 5191 695 5247 καὶ
753 5189 962 5264 Μήδων
1016 5198 1136 5256 τοῖς
1193 5189 1570 5255 Βαϐυλωνίοις
1629 5190 1879 5265 θάνατον,
1934 5191 1987 5246 οἱ

325 5275 387 5335 Si
444 5278 634 5337 λευκοὶ
694 5282 761 5338 τὸ
820 5282 987 5362 σαφὶς
1036 5289 1137 5352 τῆς
1198 5279 1365 5354 δόξης
1437 5285 1549 5339 τῶν
1632 5278 1981 5340 Μακεδόνων·

319 5369 389 5424 ού
435 5368 539 5446 γὰρ
602 5368 787 5447 ὥσπερ
844 5371 903 5426 αἰη
954 5368 1124 5427 ἄλλαι
1178 5368 1481 5446 βασιλεῖαι,
1538 5370 1637 5427 καὶ
1687 5371 1869 5430 αὗται.
1923 5370 1988 5425 0i.

321 5454 384 5512 δὲ
415 5459 581 5535 ψαροὶ
620 5460 713 5515 καὶ
771 5457 1019 5515 ποικίλοι
1075 5459 1140 5515 τὸ
1202 5458 1433 5538 ἰσχυρὸν
1486 5459 1578 5516 καὶ
1628 5455 1845 5515 εὔτονον
1882 5464 1984 5529 τῆς

317 5547 621 5623 Ῥωμαίων
652 5547 935 5627 βασιλείας
967 5545 1256 5620 δηλοῦσιν.
1302 5546 1535 5619 Ἐπειδή
1583 5547 1642 5605 δὲ
1686 5568 1985 5625 κατεστρομ

314 5643 555 5694 τεόοντο
580 5638 770 5711 Μῆδοι
799 5639 890 5695 καὶ
922 5636 1121 5715 Πέρσαι
1166 5639 1306 5695 κατᾶ
1352 5633 1742 5713 Βαϐυλωνίων,
1788 5644 1982 5695 τοῦτου

392 5762 443 5801 ⁸⁷
466 5764 612 5827 Joel.
645 5786 689 5839 ι,
726 5770 777 5822 4.

2098 4926 2256 4982 cidia
2283 4929 2518 4992 notant,
2547 4924 2701 4996 nigri
2752 4942 2965 4982 necem
3011 4927 3086 4982 iis
3136 4945 3171 4983 a
3216 4929 3416 4985 Persis
3464 4934 3524 4985 et
3568 4928 3752 4985 Medis

2096 5014 2349 5082 illatam,
2380 5012 2503 5068 albi
2534 5011 2832 5070 illustrem
2863 5016 3253 5073 Macedonum
3303 5017 3555 5089 gloriam
3606 5016 3753 5087 (non

2097 5103 2257 5159 enim
2283 5101 2477 5158 simile
2500 5101 2617 5157 fuit
2633 5107 2988 5162 ceterorum
3006 5122 3329 5180 regnorum
3358 5105 3421 5162 id
3454 5104 3752 5177 regnum),

2094 5190 2377 5264 variegati
2394 5189 2577 5248 robur
2598 5193 2851 5249 Romani
2881 5196 3073 5267 regni.
3102 5195 3393 5260 Quoniam
3420 5209 3552 5249 vero
3598 5192 3753 5248 Medi

2097 5287 2156 5338 et
2179 5282 2372 5347 Persae
2432 5280 2875 5353 expeditionem
2929 5284 2991 5339 in
3048 5283 3401 5356 Babylonios
3460 5283 3750 5351 fecerunt,

2097 5386 2171 5427 ea
2195 5374 2437 5443 propter
2461 5369 2555 5425 ire,
2577 5369 2879 5439 dicuntur,
2915 5376 2979 5427 et
3025 5372 3269 5442 quidem
3305 5371 3484 5427 etiam
3514 5371 3751 5443 placare

2095 5460 2201 5517 Dei
2221 5459 2395 5518 iram.
2409 5458 2558 5525 Quia
2576 5460 2741 5516 enim
2764 5455 3070 5533 Babylonii
3090 5459 3495 5533 populumDei
3522 5460 3752 5517 duriter

2096 5553 2447 5615 tractarunt,
2470 5546 2603 5604 ideo
2624 5548 2689 5604 in
2727 5566 2940 5606 manus
2968 5549 3099 5622 Cyri
3130 5551 3327 5606 Persa:
3352 5549 3551 5606 traditi
3585 5551 3748 5609 sunt.

2096 5639 2266 5708 Quod
2293 5642 2494 5695 autem
2526 5638 2650 5693 albi
2681 5638 2817 5711 equi
2850 5640 3007 5698 424
3035 5640 3236 5712 nigros
3266 5657 3304 5697 a
3332 5645 3495 5711 tergo
3540 5639 3749 5696 subse-
