4154 6456
355 433 473 495 463

1719 429 2035 492 GEORGII
2079 429 2421 489 CEDRENI

3660 427 3781 487 464

353 571 639 636 quuntur,
665 566 725 621 id
758 565 1019 621 ostendit
1048 563 1398 620 Macedonas
1426 564 1739 618 Persarum
1760 580 1969 635 regnuI

2082 618 2091 629 _
2125 558 2287 638 χάριν
2319 557 2681 635 πορευόμενοι
2711 558 2801 613 καὶ
2834 555 2899 626 δὴ
2932 555 3021 611 καὶ
3050 557 3351 612 ἀναπαῦσαι
3392 552 3646 630 λέγονται
3678 558 3776 611 τόν

352 671 663 710 eversuros
694 656 899 711 fuisse.
957 659 1027 709 Et
1076 654 1232 725 quod
1280 652 1560 723 variegati
1617 653 1691 707 ad
1741 658 2007 708 austrum

350 745 593 811 vadunt,
630 762 697 800 eo
721 748 1123 801 Romanorum
1151 748 1360 797 contra
1390 742 1799 813 Hierosolyma
1830 758 2004 813 expe-

350 833 497 888 ditio
521 833 941 897 adumbratur;
966 831 1038 887 ad
1072 836 1339 886 austrum
1364 831 1522 885 enim
1557 831 1698 885 urbs
1729 832 1843 885 sita
1872 831 2003 885 fuit.

350 923 517 989 Quod
549 929 766 978 terram
790 921 1083 992 jubentur
1111 919 1385 986 circuire,
1410 919 1585 975 docet
1606 935 1640 974 a
1659 920 1778 974 Deo
1804 919 2006 973 omnia

348 1029 530 1085 regna
561 1011 863 1066 constitui.

2122 648 2293 721 θυμὸν
2323 649 2547 722 Κυρίου·
2580 645 2767 717 ἐπειδὴ
2802 646 2903 722 γὰρ
2938 644 3170 719 σκληροὶ
3203 645 3454 720 γεγόνασι
3511 645 3648 699 κατὰ
3678 649 3775 700 τοῦ

2117 735 2255 791 λαοῦ
2285 742 2383 792 τοῦ
2430 742 2584 806 Θεοῦ,
2645 733 2734 790 διὰ
2789 740 2950 789 τοῦτο
3009 731 3384 809 παρεδόθησαν
3446 733 3522 796 εἰς
3580 739 3772 810 χεῖρας

2116 826 2293 902 Κύρου
2324 830 2421 880 τοῦ
2452 827 2681 900 Πέρσου.
2720 824 2792 880 To‘
2834 822 2892 878 δὲ
2930 824 3020 878 καὶ
3076 822 3207 885 τοὺς
3266 822 3497 887 λευκοὺς
3541 822 3769 893 ’ἱππους,

2112 914 2358 970 τουτέστι
2388 913 2516 978 τοὺς
2570 911 2908 982 Μακεδόναν,
2969 912 3293 976 κατόπισθεν
3343 916 3452 967 τῶν
3518 911 3770 985 μελάνων

2113 1003 2435 1079 πορεύεσθαι
2469 1003 2721 1076 σημαίνει
2755 1003 2829 1063 ὡς
2877 1001 2969 1057 καὶ
3026 1003 3078 1057 οἳ
3127 998 3437 1064 Μακεδόνες
3483 1002 3583 1070 τήν
3633 1008 3773 1077 Περ-

343 1104 450 1153 σῶν
484 1096 759 1175 βασιλείαν
790 1097 1175 1172 χειρώσονται.
1204 1097 1277 1153 Τὸ
1309 1094 1367 1152 δε
1394 1095 1521 1160 τοὺς
1564 1097 1771 1173 ψαροὺς
1815 1096 1903 1151 ἐπὶ
1951 1095 2104 1151 νότον
2166 1088 2418 1169 ἔρχεσθαι
2478 1090 2646 1162 δηλοῖ
2698 1093 2774 1156 ὡς
2820 1086 3056 1165 ἔμελλον
3120 1092 3394 1165 Ῥωμαῖοι
3454 1092 3766 1167 στρατεύειν

339 1186 475 1242 κατά
527 1188 627 1254 τῆς
680 1185 1067 1261 Ἰερουσαλήμ·
1127 1184 1179 1239 ἐν
1239 1184 1343 1263 γὰρ
1396 1190 1477 1258 τῷ
1532 1187 1678 1257 νότῳ
1733 1190 1908 1240 κεῖται
1964 1186 1999 1254 ἡ
2060 1180 2244 1243 πόλις“
2322 1183 2383 1236 τὸ
2450 1178 2507 1236 δὲ
2592 1178 3035 1256 προσταχθέντας
3117 1179 3314 1243 αὐτοὺς
3405 1176 3758 1253 περιοδεῦσαι

341 1276 439 1343 τήν
472 1282 572 1350 γῆν
608 1272 848 1330 διδάσκει
880 1274 1047 1330 πάλιν
1078 1275 1153 1337 ὡς
1185 1272 1273 1329 διὰ
1301 1279 1400 1329 τοῦ
1431 1279 1565 1330 Θεοῦ
1596 1279 1741 1330 πᾶσα
1770 1272 2024 1349 βασιλεία
2056 1271 2389 1327 συνίσταται.

410 1366 494 1421 Ab
526 1366 752 1421 Adamo
812 1383 1003 1437 usque
1064 1367 1139 1421 ad
1192 1371 1525 1421 extremum
1573 1365 1993 1437 Hierosolyma;

342 1456 639 1512 excidium
674 1461 1072 1528 supputantur
1103 1472 1398 1511 annorum
1430 1455 1693 1526 quinque
1716 1455 1908 1510 millia
1936 1459 1993 1509 et

341 1546 582 1601 ducenti
613 1546 921 1617 sexaginta
951 1544 1090 1610 duo,
1124 1561 1159 1599 a
1185 1544 1377 1616 prima
1408 1543 1616 1615 templi
1656 1543 1992 1599 Solomonis

339 1640 400 1690 et
425 1635 593 1691 urbis
624 1635 1020 1690 aediﬁcatione
1053 1634 1194 1689 anni
1230 1635 1387 1703 1088,
1439 1634 1510 1688 ab
1554 1633 1991 1689 instauratione

337 1728 441 1779 596
473 1725 636 1789 anni,
671 1724 743 1779 ab
776 1724 1217 1797 Oppugnatione
1246 1723 1524 1778 Antiochi
1554 1724 1676 1791 248,
1710 1739 1744 1779 a
1773 1722 1989 1778 Christi

337 1816 398 1869 in
429 1815 641 1871 caelum
683 1832 935 1871 ascensu
980 1830 1169 1885 usque
1220 1813 1293 1869 ad
1326 1812 1622 1869 excidium
1666 1812 1833 1868 urbis
1879 1813 1988 1868 sub

336 1905 461 1959 Tito
493 1905 631 1960 anni
663 1907 754 1959 42.

405 1995 597 2050 Tertio
631 2012 786 2050 anno
820 1994 930 2049 Titi
964 1995 1302 2066 Vespasiani
1346 1994 1475 2062 ﬁlii,
1530 1993 1775 2049 Besbius
1814 2009 1987 2047 mons

332 2083 396 2137 in
422 2101 639 2140 occasu
668 2101 703 2140 a
733 2084 951 2139 vertice
1010 2101 1242 2139 summo
1289 2089 1501 2155 ruptus
1550 2087 1785 2138 tantum
1833 2082 1987 2154 ignis

332 2172 573 2242 efﬂavit,
633 2178 700 2229 ut
780 2190 848 2227 eo
917 2172 1076 2244 regio
1134 2173 1433 2244 urbesque
1493 2171 1987 2244 circumjacentes

327 2261 593 2317 incensas
623 2261 865 2317 fuerint.
900 2262 1066 2326 Quod
1097 2277 1233 2318 cum
1265 2261 1555 2317 vidissent
1577 2261 1783 2331 Graeci,
1819 2261 1989 2316 vehe-

326 2358 562 2407 menter
591 2350 888 2418 admirati,
934 2350 1225 2421 quosdam
1256 2350 1728 2405 Christianorum
1761 2350 1987 2420 prima-

325 2440 449 2495 rios
470 2441 914 2512 interrogamnt
952 2456 1212 2510 quonam
1231 2439 1407 2495 modo
1439 2445 1617 2510 atque
1649 2439 1807 2494 unde
1831 2438 1984 2511 ignis

329 2545 399 2584 ex
429 2530 839 2601 penetralibus
872 2534 1044 2585 terrea
1079 2529 1393 2600 erupisset.
1427 2528 1495 2583 Hi
1545 2527 1985 2599 responderunt

328 2634 465 2673 eum
484 2619 1000 2675 admonendorum
1031 2618 1460 2690 resipiscentiaa
1492 2634 1668 2673 causa
1708 2622 1984 2689 peccato-

325 2724 458 2763 rum
483 2707 707 2764 editum
730 2708 913 2764 fuisse
935 2724 1002 2763 ex
1020 2708 1451 2781 gehenna,quas
1474 2707 1709 2763 diabolo
1729 2707 1979 2778 ejusque

324 2796 553 2868 angelis
570 2802 628 2852 et
659 2797 938 2852 omnibus
967 2795 1381 2869 peccatoribus
1412 2801 1620 2867 parata
1651 2801 1761 2851 est.
1794 2795 1979 2867 quue

322 2885 707 2941 manifestum
731 2901 858 2942 esse
889 2886 1065 2941 etiam
1090 2903 1159 2941 ex
1181 2885 1273 2940 his
1293 2902 1423 2957 quaa
1444 2885 1975 2957 celebrisipsorum

320 2975 527 3029 doctor
555 2975 719 3030 Plato
754 2976 815 3029 in
843 2976 1116 3031 Phaedone
1156 2975 1227 3031 de
1286 2975 1622 3030 animarum
1667 2974 1977 3029 ordinibus

318 3069 495 3135 atque
522 3068 679 3120 statu
711 3070 937 3134 narrat,
966 3065 1254 3120 nimirum
1306 3081 1406 3120 eos
1455 3065 1555 3136 qui
1606 3063 1758 3119 male
1798 3064 1979 3119 vixis-

319 3158 469 3220 sent,
502 3153 563 3208 in
587 3154 799 3225 Cocyto
824 3154 1018 3227 igneo,
1054 3153 1478 3226 Phlegethonte
1501 3160 1561 3208 et
1580 3155 1819 3209 Tartaro
1844 3169 1978 3224 sup-

2175 1360 2417 1416 Γίνονται
2453 1361 2543 1415 οὖν
2570 1360 2676 1414 ἀπὸ
2714 1363 2811 1415 τοῦ
2844 1356 3029 1433 Ἀδὰμ
3055 1355 3160 1421 ἓως
3187 1366 3287 1428 τῆς
3317 1357 3559 1433 ἐσχάτης
3610 1358 3766 1415 ἀλώ-

2103 1470 2239 1511 σεως
2269 1449 2639 1525 Ἰερουσαλὴμ
2667 1446 2759 1520 ἔτη
2794 1449 2975 1523 ,εσξβ’,
3009 1450 3114 1503 ἀπὸ
3151 1445 3207 1503 δὲ
3248 1455 3348 1518 τῆς
3388 1449 3619 1523 πρώτης
3671 1450 3762 1503 οἱ-

2099 1537 2350 1613 κοδομῆς
2374 1545 2470 1595 τοῦ
2505 1540 2929 1613 Σολομωντείςυ
2961 1543 3093 1593 ναοῦ
3125 1538 3214 1593 καὶ
3246 1545 3346 1607 τῆς
3396 1537 3614 1603 πόλεως
3664 1533 3757 1610 ἔτη

2101 1632 2267 1701 ἀπη“,
2300 1632 2405 1687 ἀπὸ
2437 1628 2496 1686 δὲ
2524 1637 2625 1701 τῆς
2655 1628 2904 1707 δευτέρας
2937 1627 3240 1703 οἰκοδομῆς
3273 1624 3366 1700 ἔτη
3401 1630 3548 1707 φιβ’,
3573 1629 3680 1685 ἀπὸ
3701 1629 3762 1686 δὲ

2096 1726 2196 1790 τῆς
2226 1721 2363 1775 κατὰ
2396 1721 2689 1797 Ἀντίοχον
2719 1718 3055 1795 πολιορκίας
3087 1719 3237 1792 σμη“,
3274 1718 3380 1774 ἀπὸ
3408 1716 3465 1774 δὲ
3492 1726 3592 1789 τῆς
3625 1720 3759 1775 ἀνα-

2099 1807 2324 1883 λήψεως
2353 1812 2588 1885 Χριστοῦ
2615 1809 2722 1872 ἕως
2753 1816 2853 1879 τῆς
2889 1810 2992 1865 ὑπὸ
3022 1808 3180 1864 Τίτου
3214 1807 3478 1872 ἁλώσεως
3510 1807 3603 1879 ἔτη
3641 1811 3754 1885 μβ’.

2169 1992 2251 2062 [Ρ.
2282 1991 2411 2063 242]
2444 1992 2540 2063 Τῷ
2569 1989 2738 2065 τρίτῳ
2768 1986 2874 2044 ἔτει
2930 1994 3033 2057 τῆς
3081 1984 3366 2063 βασιλείας
3417 1986 3583 2044 Τίτού
3630 1990 3752 2042 υἱοῦ

2093 2078 2497 2135 Οὐεσπασιανοῦ
2555 2079 2619 2134 τὸ
2677 2075 2906 2137 Βέσϐιον
2968 2078 3098 2153 ὅρος
3154 2077 3207 2132 ἐν
3283 2081 3353 2151 τῇ
3413 2075 3561 2133 δύσει
3614 2081 3753 2134 κατά

2092 2174 2338 2247 καρυφῆς
2398 2168 2556 2243 ῥαγέν
2613 2166 2905 2245 ἐξεφύσησε
2964 2170 3071 2240 πῦρ
3145 2169 3404 2221 τοσοῦτον
3459 2166 3537 2227 ὡς
3590 2187 3753 2222 κατα-

2093 2256 2283 2332 φλέεαι
2339 2258 2441 2325 τήν
2500 2255 2904 2331 παρακειμένην
2961 2256 3150 2331 χώραν
3229 2254 3320 2311 καὶ
3377 2255 3472 2316 τὰς
3532 2255 3748 2319 πόλεις.

2089 2348 2261 2421 ’Ὀπερ
2325 2347 2650 2420 θεασάμενοι
2711 2346 2764 2400 οἱ
2818 2342 3117 2415 Ἕλληνες,
3176 2344 3269 2399 καὶ
3351 2342 3558 2421 σφόδρα
3611 2347 3749 2401 κατά

2089 2435 2406 2510 πλαγέντες,
2440 2436 2674 2511 ἠρώτων
2731 2436 2879 2497 τινάς
2938 2438 3048 2489 τῶν
3105 2431 3425 2508 ἐλλογίμων
3486 2435 3748 2508 Χριστια-

2087 2531 2197 2581 νῶν
2227 2529 2345 2588 πῶς
2377 2525 2467 2580 καὶ
2526 2525 2685 2580 πόθεν
2740 2523 2935 2595 ἐξῆλθε
2969 2523 3033 2578 τὸ
3091 2528 3197 2597 πῦρ
3255 2522 3313 2578 ἐκ
3368 2529 3477 2578 τῶν
3541 2546 3749 2603 μυχαι-

2088 2616 2266 2671 τάτων
2297 2619 2398 2681 τῆς
2426 2622 2551 2692 γῆς.
2580 2617 2648 2672 Οἱ
2688 2612 2746 2669 δέ
2792 2634 2971 2692 φασιν*
3026 2615 3122 2670 Ἐκ
3165 2620 3265 2683 τῆς
3323 2612 3739 2687 ἡτοίμασμὲνης

2085 2710 2164 2777 τῷ
2195 2700 2443 2778 διαϐόλῳ
2472 2706 2710 2767 καὶτοῖς
2763 2700 3023 2781 ἀγγέλοις
3075 2702 3263 2773 αὐτοῦ,
3312 2703 3401 2757 καὶ
3450 2709 3580 2758 πᾶσι
3625 2709 3741 2765 τοῖς

2088 2794 2441 2872 ἁμαρτωλοῖς
2497 2794 2587 2851 καὶ
2645 2789 2888 2850 ἀσεϐἐσιν
2974 2794 3304 2867 ἀνθρώποις,
3384 2795 3604 2869 γεέννης
3659 2795 3748 2849 ἀν-

2086 2881 2248 2954 εδόθη
2281 2884 2419 2956 πρὸς
2455 2884 2835 2962 σωφρονισμὸν
2894 2883 2986 2937 καὶ
3044 2881 3337 2957 ἐπίγνωσιν
3388 2886 3496 2937 τῶν
3557 2884 3741 2957 ἁμαρ-

2081 2974 2370 3030 τανόντων.
2423 2974 2528 3030 Καὶ
2570 2966 2741 3044 δῆλον
2783 2972 2831 3043 ἐξ
2882 2974 2957 3027 ὢν
3009 2972 3099 3027 καὶ
3147 2973 3175 3026 ὁ
3207 2966 3538 3046 περιϐόητος
3581 2972 3734 3045 ὑμῶν

2084 3059 2412 3126 διδάσκαλος
2442 3060 2673 3118 Πλάτων
2704 3057 2830 3133 ἔφη,
2888 3060 3306 3137 διεξερχόμενος
3363 3060 3416 3115 ἐν
3464 3065 3545 3133 τῷ
3599 3060 3736 3116 Φαί-

2083 3149 2212 3207 δωνι
2243 3153 2366 3227 περὶ
2395 3157 2507 3208 τῶν
2539 3150 2750 3222 λήξεων
2778 3151 2870 3207 καὶ
2901 3148 3352 3225 ἀποπληρώσεων
3380 3151 3488 3206 τῶν
3511 3153 3731 3225 ψυχῶν,

313 3241 511 3314 pliciis
542 3244 690 3299 425
728 3242 906 3314 afﬁci,
941 3258 1073 3313 qua;
1106 3241 1226 3297 sint
1277 3243 1341 3296 in
1390 3242 1718 3298 visceribus
1771 3246 1964 3298 terras.

2082 3241 2165 3297 ὅτι
2196 3242 2248 3296 οἳ
2278 3245 2458 3304 κακῶς
2494 3236 2822 3316 βεϐιωκότες
2876 3238 3202 3310 κολάζονται
3249 3238 3303 3293 ἐν
3349 3243 3428 3311 τῷ
3486 3241 3734 3311 Κωκυτῷ

308 3332 501 3401 Atque
530 3331 657 3386 haec
691 3331 937 3402 quidem
984 3331 1083 3388 isti
1146 3337 1289 3386 tunc
1331 3331 1546 3386 ercis
1596 3330 1685 3385 rei
1725 3346 1965 3386 causam

306 3420 754 3475 sciscitantibus
785 3419 1244 3491 responderunt.
1280 3420 1494 3475 Beatus
1526 3423 1727 3474 autem
1775 3419 1970 3475 Patri-

311 3509 439 3564 cius
499 3511 700 3565 Prusaa
761 3509 1077 3580 episcopus
1135 3514 1194 3564 et
1249 3514 1492 3580 martyr,
1543 3508 1966 3580 aproconsule

301 3597 509 3669 judice
541 3613 740 3652 coram
763 3599 1040 3654 universo
1064 3597 1281 3669 populo
1302 3614 1543 3654 causam
1572 3598 1962 3668 thermarum,

310 3687 372 3741 id
432 3692 541 3753 est,
613 3702 904 3758 aquarum
963 3705 1093 3758 qua:
1134 3704 1242 3743 sua
1298 3693 1508 3759 sponte
1551 3687 1757 3743 calida;
1810 3694 1967 3743 terra

313 3781 661 3847 erumpunt,
694 3777 1089 3849 interrogatus
1120 3777 1202 3832 ita
1239 3777 1587 3849 respondit:
1633 3778 1778 3832 Cum
1809 3778 1965 3833 Deus

310 3864 510 3938 ignem
533 3872 592 3921 et
621 3881 838 3936 aquam
872 3882 942 3921 ex
974 3866 1162 3921 nihilo
1185 3866 1574 3933 condidisset,
1602 3866 1763 3922 verbi
1792 3868 1880 3923 sui
1911 3868 1963 3921 vi

308 3972 380 4011 ex
410 3954 544 4027 igne
578 3955 796 4024 lucem,
830 3955 1017 4011 solem
1050 3961 1109 4012 et
1136 3956 1400 4027 reliquas
1424 3954 1625 4012 stellas
1653 3956 1813 4023 fecit,
1831 3957 1964 4027 jus-

307 4041 502 4114 sitque
534 4060 604 4100 ea
632 4044 748 4100 diei
775 4045 1058 4116 noctique
1111 4045 1317 4100 lumen
1371 4045 1657 4117 praabere.
1711 4048 1963 4102 Tantum

304 4132 524 4202 quippe
556 4132 609 4187 ei
643 4137 733 4187 est
762 4134 1072 4205 potestatis
1103 4139 1391 4204 quantum
1410 4133 1749 4191 voluntatis.
1778 4136 1959 4189 Porro

302 4238 373 4276 ex
404 4238 560 4292 aqua
617 4224 1060 4279 ﬁrmamentum
1107 4223 1238 4277 ειειί
1279 4224 1576 4296 compegit
1620 4228 1960 4295 terramque

300 4326 480 4382 supra
509 4327 694 4382 aquas
726 4312 973 4376 statuit;
1010 4312 1323 4382 eﬂ‘ecitque
1356 4312 1417 4366 in
1450 4311 1542 4367 his
1592 4313 1793 4367 omnia
1824 4313 1956 4367 efﬁ-

299 4403 546 4458 cacitate
579 4401 759 4455 futuri
821 4400 1190 4471 providente,
1249 4407 1314 4455 ut
1366 4401 1568 4465 homo,
1614 4418 1791 4473 quem
1834 4407 1958 4457 erat

297 4489 683 4558 formaturus,
717 4488 885 4543 nulla
945 4489 1067 4543 suis
1125 4489 1582 4545 necessitatibus
1629 4492 1957 4563 usibusque

303 4578 617 4633 commoda
644 4595 706 4633 re
729 4578 1173 4633 destitueretur.
1209 4580 1462 4634 Rursum
1495 4579 1555 4634 in
1580 4580 1672 4635 his
1691 4580 1807 4636 duo
1834 4582 1960 4636 loca

296 4666 566 4722 condidit
581 4668 1224 4738 sempiterna,quorum
1243 4667 1495 4723 alterum
1511 4668 1644 4723 luce
1661 4669 1954 4725 illustrem

294 4756 553 4811 inﬁnitis
583 4755 757 4811 bonis
788 4757 1054 4828 replevit,
1089 4757 1343 4812 alterum
1376 4757 1639 4812 tenebris
1689 4758 1947 4813 obsitum

292 4846 500 4901 aaterni
542 4846 696 4916 ignis
737 4846 1045 4917 suppliciis
1077 4846 1418 4912 destinavit,
1460 4850 1525 4899 ut
1570 4845 1671 4916 qui
1715 4847 1767 4901 ei
1819 4864 1946 4904 sese

290 4934 648 5007 probassent
688 4951 883 5005 neque
921 4952 957 4991 a
984 4934 1219 4991 diabolo
1260 4950 1322 4989 se
1371 4935 1435 4989 in
1482 4935 1757 4991 fraudem
1802 4937 1945 4993 illici

289 5024 587 5094 sivissent,
622 5024 662 5080 ii
717 5025 855 5080 vitas
906 5025 1166 5080 restituti
1218 5023 1400 5093 inque
1458 5022 1656 5078 locum
1702 5025 1852 5081 lucis
1891 5032 1950 5082 et

286 5113 580 5171 bonorum
633 5115 920 5170 refertum
979 5113 1204 5184 recepti
1259 5117 1549 5168 aeternum
1621 5129 1757 5168 cum
1815 5116 1944 5187 ipso

283 5209 540 5277 regnent
561 5220 575 5271 ;
603 5203 704 5274 qui
728 5219 863 5258 vero
890 5203 1087 5274 ipsum
1108 5202 1449 5256 irritassent
1468 5203 1771 5258 communi
1789 5205 1946 5261 hosti

285 5294 577 5363 obsecuti,
635 5309 768 5348 cum
826 5292 940 5347 hoc
985 5292 1048 5345 in
1104 5289 1479 5346 tenebricoso
1536 5291 1650 5347 isto
1708 5309 1944 5351 carcere

285 5383 419 5438 sine
455 5383 574 5439 ﬁne
609 5382 904 5453 supplicia
934 5381 1169 5436 luentes
1201 5378 1453 5451 plorent.
1499 5381 1757 5437 Proinde
1807 5400 1940 5441 cum

282 5486 500 5541 aquam
532 5472 605 5527 ab
638 5471 790 5543 igne,
825 5472 979 5525 sicut
1011 5474 1070 5525 et
1100 5470 1376 5525 tenebras
1402 5486 1435 5525 a
1461 5469 1941 5545 luce,divisisset,

280 5577 349 5617 ea
380 5579 487 5633 per
517 5578 756 5618 omnem
784 5579 953 5618 suam
986 5566 1324 5617 creaturam
1370 5561 1620 5618 minutis
1674 5565 1942 5636 partibus

276 5650 606 5706 distribuit.
664 5651 868 5722 Itaque
925 5656 986 5705 et
1044 5668 1200 5723 aqua
1258 5667 1437 5723 supra
1496 5653 1941 5711 ﬁrmamentum

277 5739 436 5796 426
468 5744 559 5795 est
596 5739 819 5806 aether;
852 5743 912 5796 et
942 5744 1035 5795 est
1062 5740 1215 5813 ignis
1244 5746 1421 5812 atque
1453 5758 1608 5814 aqua
1638 5744 1796 5801 infra
1822 5750 1940 5802 ter-

2079 3334 2169 3389 καὶ
2226 3334 2277 3388 ἐν
2336 3338 2417 3407 τῷ
2474 3333 2937 3412 Πυριφλεγέθοντι
3011 3332 3101 3387 καὶ
3182 3330 3234 3387 ἐν
3312 3335 3391 3402 τῷ
3446 3331 3729 3405 Ταρτάρῳ,

2080 3422 2235 3478 ἅτινά
2291 3423 2396 3478 εἶσι
2447 3422 2500 3478 ἐν
2556 3423 2637 3496 τῷ
2705 3424 2856 3498 βάθει
2903 3429 3004 3492 τῆς
3057 3428 3180 3496 γῆς.
3252 3420 3349 3474 Καὶ
3406 3422 3575 3474 ταῦτα
3629 3420 3728 3492 μὶν

2080 3512 2275 3567 ἐκεῖνοι
2305 3513 2445 3588 πρὸς
2482 3513 2610 3575 τοὺς
2660 3514 2778 3568 κατ’
2832 3511 3008 3567 ἐκεῖνο
3080 3512 3278 3584 καιροῦ
3337 3505 3732 3582 διαποροῦντας

2077 3600 2377 3671 Ἕλληνας.
2430 3602 2492 3659 Ὀ
2544 3599 2601 3656 δὲ
2651 3607 2793 3666 θεῖος
2850 3599 3145 3676 Ηατρίκοις
3190 3597 3281 3652 καὶ
3321 3604 3423 3667 τῆς
3482 3597 3734 3671 Προύσης

2079 3689 2373 3753 ἐπίσκοπος
2420 3691 2512 3747 καὶ
2576 3691 2782 3767 μάρτυς
2838 3691 2972 3767 πρὸς
3031 3690 3123 3744 τὸν
3176 3686 3432 3758 δικαστὴν
3488 3687 3733 3752 ἀνθύπα-

2074 3801 2187 3851 τον,
2228 3780 2521 3856 ἐρωτηθεὶς
2548 3779 2636 3836 ἐπὶ
2670 3779 2811 3836 λαοῦ
2862 3781 2948 3835 καὶ
2997 3777 3183 3852 δήμου
3231 3777 3353 3853 περὶ
3406 3780 3513 3831 τῶν
3564 3776 3722 3833 αὐτο·

2076 3874 2223 3950 φυῶν
2275 3871 2439 3925 πόθεν
2488 3871 2789 3945 ἐξέρχεται,
2841 3869 3014 3930 οὕτως
3071 3867 3364 3941 ἀπεκρίθη·
3424 3867 3486 3923 'O
3538 3865 3724 3927 κτίσας

2075 3960 2205 4024 Θεὸς
2237 3964 2343 4035 πῦρ
2375 3959 2465 4015 καὶ
2525 3956 2673 4035 ὓδωρ
2733 3959 2783 4032 ἐξ
2843 3958 2943 4013 οὐκ
3011 3952 3178 4012 ὄντων
3240 3956 3466 4029 οὐσιῶν,
3526 3956 3615 4010 καὶ
3669 3955 3728 4010 ἐκ

2077 4049 2171 4121 μὲν
2203 4052 2300 4104 τοῦ
2331 4048 2502 4125 πυρὸς
2534 4052 2652 4122 φῶς
2675 4046 2765 4103 καί
2799 4046 2961 4116 ἣλιον
2994 4046 3085 4101 καὶ
3115 4046 3245 4107 τοὺς
3278 4042 3512 4105 λοιπυὺς
3568 4043 3723 4099 ἀστὲο

2073 4158 2168 4214 ρας
2227 4139 2628 4198 κατασκευάσας
2690 4137 2866 4214 λόγῳ,
2921 4134 3242 4213 προσέταξεν
3325 4137 3512 4196 αὐτοῖς
3580 4135 3726 4207 ἡμὲ-

2073 4246 2167 4301 ραν
2199 4228 2291 4282 καὶ
2322 4227 2486 4282 νύκτα
2518 4225 2831 4306 δᾳδουχεῖν·
2882 4226 3118 4297 τοσαύτη
3171 4226 3276 4302 γὰρ
3325 4224 3490 4279 αὐτοῦ
3547 4226 3582 4292 ἡ
3632 4220 3723 4277 δύο

2069 4336 2231 4389 ναμις
2265 4314 2391 4371 ὅσον
2452 4317 2542 4371 καὶ
2594 4317 2656 4370 τὸ
2698 4313 2934 4389 θέλημα.
2994 4316 3092 4372 Ἐκ
3148 4312 3207 4368 δὶ
3256 4316 3353 4367 τοῦ
3411 4310 3610 4374 ὕδατος
3659 4312 3722 4366 τὸ

2072 4405 2352 4480 στερέωμα
2408 4409 2505 4460 τοῦ
2564 4405 2800 4479 ούρανοῦ
2853 4405 3159 4478 συμπήξας.
3226 4401 3315 4456 καὶ
3381 4407 3484 4474 γῆν
3540 4397 3719 4454 ἐπάνω

2066 4499 2177 4549 τῶν
2221 4492 2431 4550 ὑδάτων
2490 4493 2739 4569 ἐδράσας,
2780 4493 3005 4564 ἐποίησε
3061 4494 3128 4548 τὰ
3184 4491 3239 4547 ἐν
3297 4491 3487 4551 αὐτοῖς
3545 4489 3720 4543 πάντα

2066 4588 2457 4659 προγνωστικῇ
2528 4584 2792 4662 ἐνεργείᾳ,
2847 4583 2940 4640 ’ίνα
2997 4585 3025 4638 ὁ
3088 4582 3308 4655 μέλλων
3365 4580 3493 4655 παρ’
3551 4579 3717 4635 αὐτοῦ

2066 4673 2472 4745 πλασθήσεσθαι
2538 4672 2825 4750 ἄνθρωπος
2904 4672 3138 4747 μηδενὸς
3219 4677 3327 4727 τῶν
3400 4672 3716 4747 ἀναγκαίων

2055 4764 2147 4819 καὶ
2189 4764 2575 4843 συμφερόντων
2638 4763 2715 4829 εἷς
2775 4772 2974 4841 χρῆσιν
3032 4759 3279 4819 ἐνδεῖται.
3343 4764 3432 4819 Ἐν
3479 4764 3561 4824 οἶς
3621 4758 3717 4814 δύο

2054 4853 2258 4914 τόπους
2291 4852 2609 4927 εὐτρεπίσας
2648 4853 2815 4909 πάλιν
2863 4850 3093 4922 ἀϊδίους,
3149 4853 3240 4907 τὸν
3279 4852 3372 4925 μὲν
3430 4851 3571 4928 φωτὶ
3617 4869 3718 4903 κα-

2056 4940 2437 5016 ταλάμπεσθαι
2475 4944 2566 4997 καὶ
2608 4941 2920 5018 ἀπεράντων
2975 4942 3192 5014 ἀγαθῶν
3247 4938 3504 5014 ἔμπλεων
3555 4958 3713 4993 κατε-

2058 5032 2302 5102 σκεύασε,
2332 5032 2424 5088 τὸν
2454 5031 2512 5088 δὲ
2542 5034 2772 5095 σκότους
2799 5033 2892 5088 καὶ
2922 5030 3294 5107 κολαστηρίου
3345 5030 3519 5105 πυρὸς
3572 5027 3715 5081 alw-

2054 5119 2175 5176 νίου
2213 5121 2535 5193 πεποίηκεν,
2579 5121 2730 5186 ὅπως
2783 5122 2835 5176 οἱ
2907 5121 3001 5194 μὶν
3063 5120 3513 5196 εὐαρεστήσαντες
3561 5112 3711 5184 αὐτῷ

2052 5210 2146 5266 καὶ
2200 5210 2339 5286 πρὸς
2388 5212 2488 5281 τὴν
2557 5215 2655 5266 τοῦ
2742 5205 3009 5265 διαϐόλου
3072 5211 3147 5284 μὴ
3217 5205 3710 5275 κατολισθήσαντες

2053 5299 2267 5371 ἀπάτην
2308 5301 2401 5355 τὸν
2446 5305 2558 5355 τῶν
2593 5301 2901 5379 φωσφόρων
2958 5299 3175 5376 ἀγαθῶν
3238 5297 3371 5371 μετὰ
3428 5296 3527 5363 τήν
3568 5291 3714 5379 γάνα-

2055 5410 2238 5444 στασιν
2277 5384 2651 5452 ἀπολαϐόντες
2719 5378 2887 5445 τόπον
2946 5388 3185 5451 αἰωνίως
3242 5385 3390 5457 αὐτῷ
3439 5378 3710 5457 συμϐασι-

2055 5477 2346 5547 λεύσωσιν,
2381 5480 2433 5534 οἱ
2491 5476 2548 5534 δὶ
2603 5478 3032 5555 παροργίσαντες
3084 5477 3244 5533 αὐτὸν
3297 5472 3507 5544 καὶτῷ
3542 5474 3709 5542 κοινῷ

2054 5566 2237 5643 ἐχθρῷ
2277 5567 2812 5639 ἐξακολουθήσαντες
2845 5568 2940 5623 σὺν
2971 5566 3118 5637 αὐτῷ
3147 5563 3237 5619 καὶ
3289 5562 3382 5617 τὸν
3425 5567 3536 5617 τῶν
3587 5580 3713 5615 σκοο

2049 5659 2385 5736 τεινοφόρων
2418 5657 2803 5737 κολαστηρίων
2839 5656 3211 5735 ἀπειληφότες
3250 5658 3436 5730 χῶρον
3486 5651 3715 5708 ἀτελευ-

2049 5749 2231 5819 τήτως
2276 5748 2688 5809 ἀποκλαύσωσι.
2749 5745 3102 5826 Διαχωρίσας
3153 5743 3210 5802 δὲ
3246 5745 3310 5801 τὸ
3362 5747 3469 5819 πῦρ
3510 5742 3600 5798 καὶ
3648 5741 3712 5796 τὸ
