4154 6428
351 379 473 440 465

1498 378 2034 440 HISTORIARUM
2082 375 2637 439 COMPENDIUM.

3674 377 3800 439 466

352 511 501 587 ὕδωρ
541 510 725 587 ὥσπερ
756 511 820 566 τὸ
878 516 995 590 φῶς
1053 511 1143 567 καὶ
1200 513 1262 567 τὸ
1320 510 1533 579 σκότος,
1592 509 1997 585 κατεκερμάτισε

2133 527 2280 566 ram.
2314 513 2384 564 Et
2412 526 2568 580 aqua
2598 510 2839 581 quidem
2874 507 3148 580 superior
3197 507 3257 562 in
3302 525 3489 564 unum
3542 510 3797 567 collecta

350 599 521 657 ταῦτα
577 602 720 656 κατά
798 601 983 671 πάσης
1034 600 1198 656 αὐτοῦ
1273 607 1373 669 τῆς
1417 600 1667 669 κτίσεως,
1723 600 1814 654 καὶ
1876 593 2017 654 ἔστιν

355 690 502 767 ὕδωρ
539 692 798 765 ὑπερατω
825 694 926 746 τοῦ
975 690 1374 765 στερεώματος,
1406 689 1438 744 ὅ
1482 689 1626 744 ἐστιν
1689 690 1876 764 αἰθήρ,
1930 689 2017 744 καὶ

354 778 496 837 ἔστιν
529 778 678 854 ὕδωρ
710 780 943 852 καὶπῦρ
1008 780 1263 835 ὑποκάτω
1318 787 1421 850 τῆς
1468 786 1590 854 γῆς.
1650 779 1748 833 Καὶ
1805 779 1867 834 τὸ
1925 779 2018 852 μὲν

351 872 536 926 ἐπάνω
567 877 671 941 τῆς
709 876 817 945 γῆς
852 867 1002 943 ὕδωρ
1042 870 1309 944 συναχθὲν
1370 869 1443 933 εἷς
1501 869 1826 943 συναγωγὴν
1887 866 2016 941 μίαν

349 960 599 1025 θάλασσα
622 959 1068 1034 προσηγορεύθη,
1099 959 1163 1013 τὸ
1196 956 1253 1013 δὲ
1286 958 1538 1014 ὑποκάτω
1569 964 1671 1026 τῆς
1724 964 1825 1033 γῆς
1879 958 2013 1010 ἀπο-

346 1056 540 1125 μεῖναν
572 1044 808 1112 ἄϐυσσος
856 1047 1085 1117 ἐκλήθη,
1138 1047 1188 1118 ἐξ
1238 1048 1300 1102 οὗ
1360 1048 1599 1119 καθάπερ
1650 1045 1878 1126 σιφωνές
1932 1067 2010 1100 τι-

334 1162 423 1202 νες
456 1140 879 1211 ἀναπέμπονται
909 1138 1043 1212 πρὸς
1073 1139 1216 1206 ζωὴν
1263 1138 1426 1209 ἡμῶν
1481 1138 1568 1192 καὶ
1630 1139 1826 1198 παντὸς
1871 1136 2012 1204 ζώου

334 1231 390 1284 αἱ
424 1230 627 1304 πηγαί.
662 1227 753 1305 ἀφ’
784 1227 847 1281 οὗ
879 1228 967 1282 καὶ
1003 1224 1068 1282 τὰ
1098 1227 1271 1298 θερμά
1298 1225 1606 1299 ἀνάγονται.
1663 1225 1763 1281 Καὶ
1819 1226 1885 1279 τὰ
1916 1225 2008 1297 μὲν

334 1317 683 1393 πορρωτέρω
711 1320 809 1370 τοῦ
833 1337 980 1371 κατω
1008 1316 1182 1391 πυρὸς
1214 1320 1296 1390 [Ρ.
1330 1320 1455 1392 243]
1485 1315 1760 1391 ἀπέχοντα
1781 1313 2013 1389 προνοίᾳ

337 1411 478 1463 Θεοῦ
509 1404 858 1462 ἀναδίδονται
892 1404 1229 1484 ψυχρότερα,
1261 1405 1328 1460 τὰ
1359 1401 1417 1459 δὲ
1466 1403 1705 1475 πλησίον
1764 1407 1860 1459 τοῦ
1914 1425 2012 1458 πυ-

2136 617 2300 655 mare
2332 600 2590 655 dicitur:
2630 617 2761 671 quas
2813 604 3012 654 autem
3073 597 3229 652 infra
3279 604 3501 653 terram
3551 600 3794 667 residet,

2134 689 2385 762 abyssus
2415 688 2783 755 nominatur,
2846 688 3005 743 unde
3053 686 3234 741 veluti
3296 686 3489 741 tubuli
3551 688 3794 757 quidam

2131 780 2486 835 emittuntur
2514 778 2733 845 fontes,
2770 778 2845 833 ad
2884 779 3016 833 vita
3047 782 3268 832 nostras
3330 782 3389 831 et
3443 777 3795 833 animalium

2130 868 2397 923 omnium
2427 884 2611 933 usus;
2645 873 2822 938 atque
2852 866 3117 921 indidem
3152 866 3331 921 etiam
3363 865 3572 921 calidae
3621 865 3793 920 ebul-

2128 958 2302 1012 liunt.
2346 958 2492 1012 Nam
2528 974 2680 1029 quas,
2740 957 2840 1011 Dei
2874 956 3246 1027 providentia
3303 956 3389 1009 sic
3448 955 3788 1027 ordinante,

2127 1047 2363 1118 longius
2394 1046 2465 1100 ab
2498 1050 2630 1117 igne
2655 1045 2934 1100 inferiore
2957 1046 3172 1100 absunt
3194 1062 3381 1115 aquai-
3412 1063 3494 1099 vae
3518 1044 3793 1116 frigidm"

2125 1152 2222 1190 res
2254 1136 2547 1200 eduntur;
2582 1153 2713 1205 quaa
2755 1135 2875 1206 igni
2906 1135 3210 1205 pr0piores
3239 1140 3395 1202 sunt,
3428 1134 3500 1188 ab
3532 1150 3599 1188 eo
3630 1134 3789 1188 calo-

2125 1243 2251 1282 rem
2276 1228 2619 1299 concipiunt
2651 1233 2709 1283 et
2737 1226 3061 1282 admodum
3092 1226 3332 1281 fervidae
3365 1242 3600 1281 sursum
3635 1227 3787 1280 effe-

2122 1324 2370 1385 runtur;
2407 1334 2540 1388 qua;
2572 1322 2913 1372 autemnon
2938 1334 3119 1388 prope
3152 1316 3348 1387 ignem
3377 1322 3534 1383 sunt,
3570 1315 3786 1387 tepidae

2127 1412 2366 1462 exeunt.

340 1497 438 1571 ρὸς
464 1495 663 1551 ἐκεῖθεν
696 1494 1074 1570 ἐκπυρΟύμενα
1104 1493 1288 1564 ζέοντα
1320 1493 1439 1549 λίαν
1470 1493 1849 1572 ἀναφέρονται,
1883 1492 1981 1548 ὅσα
2012 1491 2070 1548 δὲ
2100 1495 2163 1549 οὐ
2193 1492 2339 1549 πολὺ
2370 1492 2759 1564 πλησιάζουσι,
2793 1492 3001 1568 χλιαρὰ
3042 1489 3407 1549 ἀναδίδονται.

423 1587 526 1642 Καὶ
557 1586 618 1640 τὸ
672 1588 770 1658 μὶν
833 1584 1091 1639 ὑποκάτω
1145 1591 1247 1653 τῆς
1305 1589 1409 1661 γῆς
1466 1588 1575 1659 πῦρ
1637 1583 2007 1653 κολαστήριόν

346 1676 465 1730 ἐστι
496 1673 763 1749 δαιμόνων
821 1674 912 1729 καὶ
969 1672 1314 1748 ἁμαρτωλῶν
1374 1673 1697 1747 ἀνθρώπων,
1727 1672 1791 1726 τὸ
1823 1669 1882 1727 δὲ
1910 1691 2009 1726 κα-

334 1766 573 1820 τωτάτω
603 1762 777 1840 ὓδωρ,
827 1763 1170 1838 ψυχρότερον
1201 1763 1259 1818 ὃν
1318 1762 1409 1819 καὶ
1469 1762 1546 1827 εἷς
1601 1761 1822 1837 βώλους
1874 1782 2008 1835 κρυ-

331 1852 582 1908 στέλλου
626 1853 894 1926 πεπηγὸς,
955 1852 985 1907 ’ὁ
1043 1850 1134 1907 καὶ
1194 1849 1474 1926 Τάρταρος
1535 1848 1773 1927 λέγεται,
1838 1850 2005 1926 βασα-

2191 1587 2384 1656 Atque
2415 1584 2568 1656 ignis
2592 1584 2830 1656 quidem
2865 1584 2966 1655 qui
2990 1583 3145 1639 infra
3176 1588 3395 1638 terram
3420 1588 3530 1649 est,
3563 1582 3786 1638 daemo-

2118 1690 2264 1729 num
2295 1679 2354 1728 et
2382 1679 2766 1745 peccatorum
2798 1673 3115 1727 hominum
3159 1672 3453 1745 supplicio
3514 1672 3780 1727 inservit.

2116 1765 2285 1834 Aqua
2315 1762 2496 1817 etiam
2527 1763 2646 1816 imo
2668 1762 2825 1817 infra
2839 1767 3063 1816 terram
3092 1761 3246 1827 loco,
3288 1762 3370 1816 ita
3399 1760 3613 1834 frigida
3636 1766 3702 1815 ut
3722 1760 3784 1815 in

2115 1851 2319 1924 glebas
2343 1851 2553 1924 glaciei
2577 1850 2869 1924 congelat,
2895 1851 2995 1921 qui
3021 1855 3081 1905 et
3098 1852 3375 1905 Tartarus
3393 1849 3631 1916 dicitur,
3656 1848 3785 1919 ipsa

325 1942 623 2015 νιστήριόν
672 1940 821 1997 ἐστιν
851 1940 1112 2003 ὡσαύτως
1164 1941 1257 1994 καὶ
1314 1944 1477 1994 τοῦτο
1536 1943 1642 1994 τῶν
1695 1940 1773 2013 μὴ
1835 1937 1997 2016 φυλα-

2117 1941 2294 1996 etiam
2323 1940 2466 1996 facit
2494 1940 2570 1996 ad
2619 1939 2975 1995 cruciandos
3007 1955 3109 1993 eos
3167 1938 3269 2010 qui
3330 1938 3430 1991 Dei
3486 1917 3784 2008 praecepta

336 2035 547 2104 ξαντων
578 2028 673 2093 τὰς
702 2027 927 2091 ἐντολὰς
980 2033 1077 2085 τοῦ
1130 2027 1355 2103 Κυρίου.
1413 2029 1533 2085 Ὃτι
1592 2025 1649 2083 δὲ
1697 2032 1805 2102 πῦρ
1864 2027 2004 2082 ἐστιν

326 2120 599 2175 ὑποκάτω
627 2125 729 2188 τῆς
761 2125 888 2191 γῆς,
933 2116 1166 2182 πειθέτω
1201 2138 1259 2172 σε
1313 2117 1375 2172 τὸ
1426 2115 1479 2171 έν
1540 2115 1771 2189 Σικελίᾳ
1823 2117 1915 2171 καὶ
1952 2115 2005 2170 ἐν

324 2208 506 2280 Λυκίᾳ
563 2212 857 2285 προφανῶς
935 2204 1333 2279 ἀναδιδόμενον
1402 2207 1495 2261 καὶ
1556 2204 1739 2279 μέντοι
1806 2206 1898 2261 καὶ
1949 2204 2001 2261 ἐν

326 2297 532 2360 ἄλλοις
593 2295 885 2372 διαφόροις
970 2296 1163 2355 τόποις
1232 2295 1440 2371 ὁμοίως
1500 2292 1999 2373 παραδεικνόμενον

328 2393 467 2462 πῦρ,
527 2386 607 2448 εἰς
677 2387 779 2456 τήν
833 2380 1069 2463 φοϐερὰν
1146 2384 1335 2461 γένναν
1420 2383 1722 2461 προδήλως
1798 2385 2004 2450 πάντας

328 2482 627 2533 κατακαῖον
659 2477 776 2530 ὅσοι
824 2474 891 2530 τὰ
942 2478 1038 2530 τοῦ
1096 2476 1266 2549 πυρὸς
1314 2468 1446 2549 ἔργα
1499 2475 1834 2550 πεπράχασι.
1870 2475 1995 2548 Περὶ

332 2566 397 2621 οῦ
449 2565 543 2621 καὶ
604 2565 632 2620 ό
697 2564 861 2641 μέγας
920 2569 1157 2634 Μωϋσης
1215 2562 1277 2618 ἐκ
1336 2563 1636 2636 προσώπου
1706 2568 1804 2619 τοῦ
1861 2568 1996 2618 Θεοῦ

332 2676 501 2732 φησιν
535 2653 645 2721 ὅτι,
677 2653 792 2728 Πῦρ
822 2650 1135 2708 ἐκκέκαυται
1165 2650 1226 2706 ἐκ
1251 2655 1349 2707 τοῦ
1392 2655 1567 2724 θυμοῦ
1630 2672 1757 2724 μου,
1789 2653 1997 2722 καυθή-

330 2763 482 2797 σεται
559 2741 664 2802 ’ἐως
705 2736 841 2811 ᾆδου
864 2740 1179 2795 κατωτάτου
1208 2739 1569 2817 καταφάγεται
1624 2742 1724 2814 γῆν
1781 2739 1872 2793 καὶ
1928 2740 1994 2794 τὰ

327 2833 650 2906 γεννήματα
697 2827 889 2899 αὐτῆς,
930 2826 1110 2904 φλέξει
1166 2826 1394 2902 θεμέλια
1447 2826 1632 2903 ὀρέων.
1693 2827 1880 2890 Οὕτως
1934 2824 1993 2883 δὲ

326 2923 422 2976 καὶ
451 2921 671 2981 ⁹Ησαῖας
732 2915 1035 2995 διαρρήδην
1095 2917 1413 2995 προφαίνων
1461 2922 1578 2979 τοῖς
1638 2915 1992 2993 ἁμαρτωλοῖς

329 3014 435 3079 τὴν
494 3009 761 3082 έσομένηα
841 3009 934 3064 καὶ
999 3010 1414 3083 ἡτοιμασμένην
1495 3008 1681 3071 αὐτοῖς
1739 3006 1828 3064 διὰ
1889 3013 1987 3065 τοῦ

340 3096 600 3154 ἀσϐέστου
641 3099 807 3174 πυρὸς
840 3098 1065 3155 κόλασιν
1120 3093 1304 3170 ἐκϐοῷ
1363 3098 1458 3162 Τίς
1515 3096 1810 3174 ἀναγγελεῖ
1856 3098 1983 3171 ὑμῖν

344 3188 433 3243 ὅτι
460 3192 566 3263 πῦρ
592 3188 806 3260 καίεται,
838 3187 931 3243 καὶ
978 3189 1065 3251 τίς
1123 3187 1425 3266 ἀπαγγελεῖ
1482 3188 1608 3261 ὑμῖν
1666 3189 1759 3244 τὸν
1815 3183 1981 3243 τόπον

2119 2030 2505 2085 violaverunt.
2565 2031 2708 2084 Esse
2766 2033 2965 2084 autem
3023 2027 3219 2098 ignem
3277 2026 3482 2081 subter
3536 2030 3780 2091 terram,

2117 2119 2478 2191 persuadere
2503 2117 2612 2173 tibi
2672 2116 2850 2173 debet
2881 2117 3037 2189 ignis
3077 2116 3178 2187 qui
3237 2115 3301 2169 in
3350 2113 3569 2180 Sicilia,
3605 2113 3782 2185 Lycia

2115 2208 2370 2280 aliisque
2416 2208 2564 2263 locis
2623 2206 2939 2263 manifesto
2971 2205 3267 2276 erumpit;
3331 2220 3446 2275 quo
3492 2202 3779 2258 nimirum

2115 2301 2609 2371 praamonstratur
2625 2297 2687 2351 in
2701 2294 3004 2351 horrenda
3028 2294 3306 2367 gehenna
3326 2308 3534 2348 omnes
3555 2292 3649 2347 uri
3671 2291 3775 2362 qui

2113 2388 2313 2461 ignem
2344 2386 2466 2442 suis
2522 2387 2695 2442 factis
2740 2389 3108 2441 meruerunt.
3145 2385 3226 2439 De
3259 2384 3370 2440 hoc
3402 2385 3535 2454 igne
3596 2384 3777 2439 etiam

2114 2494 2362 2549 magnus
2384 2476 2482 2532 ille
2515 2477 2703 2532 Moses
2728 2476 2790 2531 in
2812 2492 3070 2547 persona
3094 2475 3195 2529 Dei
3227 2473 3522 2544 loquitur:
3548 2475 3779 2529 Exarsit

2110 2567 2261 2640 ignis
2292 2583 2386 2621 me
2410 2565 2900 2634 excandescente,
2925 2564 3095 2635 cujus
3119 2563 3463 2618 incendium
3481 2563 3780 2635 pertinget

2109 2672 2300 2726 usque
2330 2672 2404 2728 ap
2436 2655 2679 2710 infirma
2708 2654 3061 2721 inferorum,
3105 2657 3417 2707 consumet
3465 2656 3685 2706 terram
3717 2657 3777 2706 et

2107 2744 2237 2815 ejus
2266 2748 2607 2816 proventus,
2634 2741 3356 2797 comburetfundamenta
3384 2740 3680 2795 montium
3703 2740 3768 2795 ⁸³.

2107 2834 2202 2889 Sic
2232 2833 2412 2888 etiam
2466 2833 2649 2888 Isaias
2703 2832 3019 2899 exclamat,
3082 2828 3495 2902 peccatoribus
3551 2828 3772 2884 diserte

2106 2922 2438 2995 praedicens
2465 2920 2968 2994 inexstingnibilis
2998 2919 3152 2991 ignis
3174 2930 3378 2990 pmnas
3405 2917 3771 2989 jampridem

2105 3029 2208 3068 eos
2238 3012 2558 3067 manentis.
2594 3010 2734 3077 Quis
2777 3011 2993 3081 inquit,
3026 3008 3192 3064 vobis
3223 3007 3527 3063 nuntiabit
3571 3008 3769 3081 ignem

2094 3086 2224 3174 jam
2249 3101 2496 3157 ardere?
2511 3100 2650 3166 Quis
2668 3100 2835 3156 vobis
2862 3099 3059 3155 locum
3082 3102 3372 3153 aeternum
3391 3097 3771 3153 demonstra-

2100 3191 2186 3246 bit
2208 3191 2236 3245 ‘l
2265 3189 2583 3246 Ambulate
2614 3190 2678 3244 in
2725 3189 2950 3245 lumine
2992 3188 3146 3261 ignis
3202 3187 3405 3252 vestri,
3433 3191 3493 3241 et
3520 3186 3768 3242 ﬂamma

334 3278 436 3332 τὸν
480 3275 693 3332 αἰώνιον
727 3297 742 3346 ;
775 3277 1078 3353 Ηορεύεσθε
1101 3281 1182 3350 τῷ
1241 3278 1381 3356 φωτὶ
1428 3282 1525 3333 τοῦ
1583 3279 1756 3353 πυρὸς
1812 3277 1987 3350 ὑμῶν,

2110 3297 2285 3351 quam
2315 3278 2692 3350 concepistis.
2721 3278 2868 3333 421
2904 3277 2975 3332 Et
3005 3275 3258 3331 exibunt
3306 3275 3430 3341 alii,
3484 3290 3553 3331 ac
3602 3275 3768 3331 vide-

331 3367 429 3423 καὶ
486 3371 555 3442 τῇ
595 3365 759 3446 φλογὶ
918 3366 1251 3438 ὲξεκαῦσατε.
1312 3369 1416 3424 Καὶ
1475 3366 1841 3437 ἐξελεύσονται
1900 3368 1991 3422 καὶ

331 3452 565 3530 ὄψονται
593 3457 660 3511 τὰ
687 3452 844 3511 κῶλα
872 3459 979 3511 τῶν
1013 3456 1312 3532 ἀνθρὼπων
1365 3460 1474 3511 τῶν
1526 3450 1990 3533 παραϐεϐηκότων

329 3545 386 3601 ἐν
420 3544 573 3619 ἐμοὶ,
606 3544 757 3623 λέγει
789 3545 1007 3620 Κύριος.
1040 3546 1102 3603 Ὀ
1153 3544 1256 3623 γὰρ
1316 3545 1536 3618 σκώληξ
1586 3545 1762 3601 αὐτῶν
1816 3546 1881 3601 οὐ
1908 3567 1993 3600 τε·

331 3633 614 3705 λευτήσει,
676 3635 769 3689 καὶ
826 3635 889 3689 τὸ
943 3638 1050 3710 πῦρ
1110 3634 1291 3689 αὐτῶν
1349 3635 1413 3689 οὐ
1466 3629 1843 3705 σϐεσθήσεται,
1901 3634 1993 3689 καὶ

324 3721 546 3779 ἔσονται
580 3722 658 3785 εἷς
690 3718 876 3796 ὅρασιν
903 3724 1048 3798 πάσῃ
1092 3723 1270 3798 σαρκί.
1333 3722 1438 3779 Καὶ
1494 3720 1559 3793 δή
1616 3723 1705 3778 καὶ
1739 3725 1766 3778 ὁ
1797 3723 1992 3799 θεηγό-

322 3834 424 3887 ρος
454 3808 848 3889 Χρυσὸστομός
879 3831 1063 3892 φησιν’
1121 3813 1262 3886 ’Ὸρα
1326 3808 1629 3884 παράδοξον
1687 3812 1839 3873 αὗθις
1889 3810 1994 3867 ἔτε-

321 3923 444 3976 ρον,
480 3902 728 3964 ἐναντίας
761 3902 944 3982 φύσεις
1005 3901 1310 3963 συνιούσας.
1362 3897 1501 3958 Οὔτε
1558 3900 1663 3976 γέιρ
1712 3901 1991 3975 ἀστραπῆς

319 4014 373 4047 τι
406 3988 822 4067 πυρωδέστερον
855 3987 977 4046 οὔτε
1006 3987 1202 4054 ὕδατος
1260 3991 1628 4066 ψυχρότερον,
1664 3990 1790 4045 ἀλλ’
1839 3993 1994 4062 ὅμως

319 4080 736 4155 ἀναμίγνυται,
794 4082 885 4136 καί
981 4081 1046 4135 οὖ
1128 4085 1419 4156 συγχεῖται
1478 4077 1603 4135 οὐδὲ
1657 4081 1993 4153 κεράννυται,

318 4169 477 4225 ἀλλά
504 4170 633 4230 τοὺς
674 4168 905 4233 οἰκείους
953 4168 1176 4225 ’ἑκαστον
1233 4166 1486 4242 διατηρεῖ
1541 4168 1722 4242 ὅρους.
1778 4170 1855 4226 Τό
1888 4175 1993 4246 πῦρ

324 4258 378 4312 ἐν
423 4261 506 4330 τῷ
536 4256 692 4312 ὕδατι
724 4258 814 4312 καὶ
845 4257 908 4312 τὸ
938 4255 1085 4332 ὕδωρ
1117 4255 1169 4311 ἐν
1225 4260 1306 4330 τῷ
1337 4258 1490 4331 πυρὶ,
1520 4257 1612 4312 καὶ
1675 4253 1798 4312 οὔτε
1827 4262 1994 4314 τοῦτο

318 4345 550 4419 ἐξήρανε
592 4344 765 4401 έκεῖνο
824 4345 946 4401 οὕτε
995 4344 1168 4401 ἐκεῖνο
1213 4341 1501 4401 κατέσϐεσε
1554 4350 1736 4402 τοῦτο.
1803 4349 1994 4433 Καίτοι

318 4437 579 4513 ἀστραπὴ
612 4440 709 4490 τοῦ
750 4434 986 4506 ἡλιακοῦ
1017 4435 1189 4510 πυρὸς
1214 4435 1464 4511 ὀξύτερον
1521 4437 1609 4490 καὶ
1671 4437 1990 4516 φανότερον.

316 4528 432 4584 Καὶ
472 4530 838 4602 μαρτυροῦσιν
871 4526 926 4580 αἱ
985 4521 1142 4599 ὄψεις
1201 4526 1259 4580 αἱ
1312 4531 1435 4587 ταῖς
1491 4525 1670 4581 ἀκτῖσι
1732 4525 1997 4599 διηνεκῶς

2099 3369 2254 3425 bunt
2287 3368 2558 3424 membra
2605 3367 2920 3423 hominum
2979 3380 3184 3420 eorum
3245 3364 3347 3435 qui
3407 3368 3616 3419 contra
3668 3381 3763 3419 me

2099 3460 2510 3531 deliquerunt,
2547 3457 2687 3530 quia
2726 3457 2945 3512 vermis
2977 3470 3185 3511 eorum
3217 3470 3338 3509 non
3372 3454 3662 3509 morietur
3703 3460 3764 3510 et

2101 3549 2255 3623 ignis
2284 3566 2405 3603 non
2436 3548 2868 3620 exstinguetur,
2902 3545 3279 3616 ostentuique
3312 3549 3489 3599 erunt
3526 3544 3761 3599 omibus

2100 3638 2444 3694 hominibus
2464 3637 2555 3694 ὃν.
2580 3636 2693 3691 Sed
2719 3641 2778 3692 et
2798 3635 2995 3690 divino
3017 3633 3302 3706 praeditus
3323 3633 3560 3704 eloquio
3587 3632 3764 3705 Chry-

2101 3734 2398 3784 sostomus
2416 3728 2561 3782 dicit
2585 3744 2597 3781 :
2619 3729 2873 3783 Rursum
2904 3725 3052 3780 mihi
3074 3723 3237 3779 aliud
3259 3722 3606 3779 admirabile
3628 3739 3763 3777 con-

2102 3818 2319 3873 sidera.
2377 3816 2857 3889 Congrediuntur
2911 3814 3043 3869 dum
3109 3818 3338 3869 natura:
3397 3813 3757 3869 contrariae:

2103 3905 2249 3978 quid
2279 3907 2439 3961 enim
2463 3907 2540 3959 sit
2566 3910 2668 3960 aut
2698 3904 2930 3978 fulgure
2956 3903 3144 3976 magis
3174 3903 3415 3975 igneum
3448 3906 3551 3957 aut
3578 3917 3762 3971 aqua-

2100 3997 2350 4068 frigidus
2368 3997 2396 4051 ‘l
2419 3998 2640 4050 Tamen
2672 3995 2754 4049 ita
2777 3999 2994 4049 coeunt
3013 3999 3285 4063 utneque
3318 3992 3763 4047 confundantur

2102 4105 2295 4158 neque
2356 4090 2800 4157 temperentur:
2849 4083 2953 4139 sed
2986 4089 3043 4138 et
3081 4098 3238 4154 aqua
3262 4083 3325 4136 in
3356 4083 3490 4153 igne
3519 4086 3577 4136 et
3608 4082 3760 4154 ignis

2104 4180 2165 4233 in
2199 4193 2354 4247 aqua
2385 4191 2521 4230 suas
2551 4180 2872 4245 utrumque
2905 4177 3103 4228 servat
3127 4171 3558 4243 proprietates:
3618 4186 3758 4226 nam

2103 4283 2295 4338 neque
2328 4282 2544 4337 aquam
2576 4263 2731 4336 ignis
2791 4262 3067 4327 exsiccat,
3123 4276 3316 4331 neque
3350 4260 3546 4332 ignem
3605 4276 3759 4329 aqua

2104 4355 2442 4427 exstinguit.
2470 4356 2538 4409 Et
2562 4369 2704 4409 sane
2721 4352 2920 4424 fulgur
2949 4351 3129 4406 etiam
3152 4349 3331 4405 solari
3363 4349 3498 4421 igne
3525 4349 3757 4403 acutius

2105 4452 2193 4501 est
2225 4451 2283 4500 et
2311 4445 2584 4510 lucidus;
2610 4442 2768 4513 quod
2791 4445 3087 4497 testantur
3116 4439 3296 4506 oculi,
3329 4438 3428 4509 qui
3462 4453 3595 4493 cum
3627 4454 3758 4508 per-

2104 4540 2281 4608 petuo
2312 4534 2495 4589 radiis
2528 4532 2821 4589 solaribus
2850 4530 3247 4594 illustrentur,
3277 4527 3528 4600 fulguris
3558 4525 3759 4598 splen-

312 4614 841 4688 καταλαμπόμεναι,
896 4612 1110 4683 ἐκείνης
1186 4610 1243 4668 δὲ
1286 4616 1385 4685 τὴν
1439 4616 1609 4692 φορὰν
1671 4614 1799 4672 οὐδὲ
1854 4618 1990 4694 πρὸς

2110 4626 2310 4680 dorem
2342 4641 2416 4678 ne
2440 4623 2647 4694 exiguo
2680 4620 2921 4691 quidem
2958 4623 3224 4689 tempore
3269 4622 3523 4688 possunt
3576 4616 3750 4671 ferre.

320 4705 510 4781 βραχὺ
571 4701 860 4776 δυνάμεναι
937 4701 1167 4776 ἐνεγκεῖν
1203 4748 1216 4760 .
1273 4701 1375 4757 ’Καὶ
1439 4705 1467 4758 ὁ
1529 4703 1622 4777 μὲν
1676 4704 1840 4775 ἣλιος
1902 4703 1991 4761 διὰ

323 4796 513 4862 πάσης
546 4791 754 4866 ἡμέρας
786 4789 1061 4867 διατρέχει
1103 4791 1194 4846 τὸν
1256 4792 1479 4867 οὐρανὸν
1507 4793 1646 4862 αὐτή
1696 4792 1752 4848 δὲ
1802 4797 1858 4850 ἓν
1894 4800 1993 4868 μιᾷ

313 4887 523 4958 καιροῦ
566 4882 709 4957 ῥοπῇ
745 4883 839 4951 τήν
894 4880 1223 4951 οἰκουμένην
1285 4882 1525 4945 ἅπασανς
1578 4882 1653 4945 ὡς
1712 4884 1803 4939 καὶ
1861 4891 1988 4960 Χρι-

317 4975 451 5035 στὸς
516 4976 780 5047 μαρτυρεῖ
819 4969 1251 5046 λέγων·Ὧσπερ
1311 4989 1345 5041 η
1405 4970 1652 5047 ἀστραπὴ
1714 4974 1989 5049 ἐξέρχεται

314 5065 366 5138 ἐξ
404 5063 690 5118 ἀνατολῶν
724 5059 1083 5140 καὶφαίνεται
1143 5055 1248 5126 ἕως
1313 5060 1551 5136 δυσμῶν.
1610 5066 1745 5121 Εἶτά
1803 5082 1987 5143 φησιν’

311 5155 376 5212 Ὁ
404 5151 618 5226 ἐξάγων
652 5146 885 5225 ἀνέμους
920 5148 979 5206 ἐκ
1040 5151 1327 5226 Θησαυρῶν
1379 5152 1579 5209 αὐτῶν.
1637 5154 1784 5225 Αὕτη
1818 5153 1986 5210 παλιν

310 5246 471 5317 ἑτέρα
563 5240 743 5320 φῦσις,
801 5239 864 5293 οὐ
938 5239 1132 5313 μικρὰν
1203 5242 1341 5313 ἡμῖν
1401 5239 1718 5319 παρέγουσα
1774 5244 1984 5318 χρείαν,

309 5332 468 5389 ἀλλὰ
495 5330 770 5399 τοσαύτην
804 5329 942 5384 ὥστε
978 5329 1056 5391 εἰς
1086 5327 1148 5383 τὸ
1180 5327 1324 5385 πολὺ
1367 5337 1469 5399 τῆς
1498 5338 1648 5400 υωῆς
1697 5333 1830 5404 ἡμῖν
1892 5355 1983 5388 συν

305 5423 516 5491 τελεῖν,
608 5417 929 5491 κεκμηκότα
995 5419 1322 5481 ἀνακτᾶσθαι
1373 5419 1440 5473 τὰ
1500 5419 1746 5494 σώματα.
1807 5425 1985 5478 Τοῦτο

304 5516 416 5593 γὰρ
452 5512 609 5591 ἔργον
639 5510 878 5582 ἀνέμων,
931 5506 1299 5584 ἀναρριπίζειν
1356 5511 1447 5564 τὸν
1504 5507 1654 5583 ἀέρα,
1715 5508 1851 5567 ὥστε
1905 5514 1981 5585 μὴ

383 5671 431 5707 ⁸³
459 5672 629 5727 Deut.
665 5681 854 5735 xxxn,
887 5667 956 5718 22
1028 5664 1099 5698 ὃν
1130 5665 1239 5719 Isa.
1273 5678 1422 5717 an.

2102 4718 2172 4770 Et
2229 4714 2318 4769 sol
2374 4720 2564 4769 totum
2624 4711 2785 4766 diem
2858 4707 3222 4782 permeando
3280 4706 3426 4762 ccelo
3488 4706 3755 4777 insumit,

2102 4805 2301 4877 fulgur
2320 4821 2439 4858 uno
2474 4806 2774 4857 momento
2803 4805 2989 4855 totum
3021 4798 3226 4854 orbem
3276 4796 3561 4869 pervadit,
3597 4795 3757 4867 quod

2102 4900 2160 4949 et
2190 4894 2457 4949 Christus
2476 4889 3040 4960 testatur,inquiens
3066 4906 3077 4943 :
3105 4887 3286 4943 Sicuti
3308 4886 3507 4959 fulgur
3527 4886 3598 4940 ab
3623 4891 3755 4941 ortu

2101 4983 2220 5037 exit
2251 4986 2306 5035 et
2337 4997 2524 5051 usque
2555 4980 2629 5034 ad
2660 4995 2936 5035 occasum
2978 4977 3229 5032 videtur.
3291 4973 3513 5030 Deinde
3542 4972 3707 5028 addit
3736 4989 3749 5026 :

2099 5070 2206 5135 Qui
2239 5076 2445 5123 ventos
2479 5068 2677 5123 educit
2717 5085 2787 5123 ex
2819 5083 3024 5124 eorum
3074 5065 3388 5121 thesauris.
3425 5064 3561 5127 Quae
3618 5078 3753 5115 rur-

2099 5176 2229 5214 sum
2258 5157 2375 5213 alia
2407 5165 2495 5213 est
2524 5163 2756 5225 natura,
2791 5174 2911 5212 non
2944 5171 3163 5228 parvan
3210 5154 3380 5209 nobis
3431 5152 3750 5207 utilitatem

2097 5250 2435 5317 conferens,
2459 5248 2562 5303 sed
2580 5252 2809 5303 tantam
2832 5252 2897 5301 ut
2926 5245 2999 5299 ad
3025 5245 3344 5315 plurimam
3367 5243 3496 5295 vitae
3517 5244 3749 5310 partem

2097 5338 2597 5406 nobisconducat,
2631 5337 2704 5393 ad
2736 5332 3125 5390 reficiendum
3183 5331 3423 5402 fatigata
3479 5345 3746 5400 corpora.

2096 5429 2421 5482 Ventorum
2454 5428 2613 5481 enim
2645 5424 2907 5480 officium
2935 5427 3026 5476 est
3081 5435 3279 5475 aerem
3338 5417 3616 5487 excitare,
3671 5436 3746 5476 ne

2098 5522 2261 5571 motu
2345 5532 2552 5570 carens
2620 5514 2823 5568 vitium
2900 5510 3111 5581 capiat,
3174 5509 3433 5579 itemque
3490 5525 3747 5581 coquere
