4154 6480
381 448 499 510 463

1745 446 2060 509 GEORGII
2103 446 2445 506 CEDBENI

3685 444 3806 503 464

379 586 666 651 quuntur,
692 581 752 637 id
784 582 1046 637 ostendit
1073 580 1423 636 Macedonas
1451 580 1765 634 Persarum
1786 596 1994 652 regum

2107 633 2115 645 _
2151 574 2312 653 χάριν
2344 573 2707 651 πορευόμενοι
2737 573 2827 629 καὶ
2859 571 2924 643 δὴ
2958 572 3047 628 καὶ
3075 573 3376 628 ἀναπαῦσαι
3417 568 3672 646 λέγονται
3704 574 3800 627 τόν

378 686 689 726 eversuros
720 671 925 726 fuisse.
982 676 1053 725 Et
1102 670 1257 741 quod
1306 669 1583 740 variegati
1643 669 1716 724 ad
1766 675 2031 724 austrum

376 760 619 828 vadunt,
655 777 723 815 eo
748 763 1150 816 Romanorum
1177 763 1385 814 contra
1416 759 1824 830 Hierosolyma
1855 775 2029 830 expe-

377 848 523 903 ditio
546 849 967 913 adumbratur;
992 847 1064 903 ad
1098 852 1365 902 austrum
1389 847 1547 902 enim
1581 847 1724 902 urbs
1754 848 1868 902 sita
1896 846 2028 901 fuit.

376 938 543 1003 Quod
576 944 792 993 terram
817 937 1109 1009 jubentur
1137 936 1411 1003 circuire,
1436 936 1611 991 docet
1631 952 1665 991 a
1684 937 1803 991 Deo
1828 935 2032 989 omnia

373 1044 556 1100 regna
586 1026 889 1082 constitui.

2147 664 2318 736 θυμὸν
2348 665 2572 739 Κυρίου·
2606 661 2794 733 ἐπειδὴ
2828 662 2929 739 γὰρ
2964 660 3195 736 σκληροὶ
3228 661 3480 737 γεγόνασι
3536 661 3673 716 κατὰ
3703 665 3800 716 τοῦ

2143 751 2281 808 λαοῦ
2309 758 2408 808 τοῦ
2456 758 2610 823 Θεοῦ,
2671 750 2760 807 διά
2815 757 2976 807 τοῦτο
3034 748 3409 826 παρεδόθησαν
3471 750 3547 812 είς
3605 756 3797 826 χεῖρας

2142 842 2319 918 Κύρου
2349 846 2447 897 τοῦ
2478 844 2708 917 Πέρσου.
2745 841 2818 897 Τὸ
2860 839 2918 895 δὲ
2955 841 3046 895 καὶ
3102 839 3232 902 τοὺς
3290 838 3522 904 λευκοὺς
3567 838 3795 909 ’ἰππους,

2137 930 2384 987 τουτέστι
2414 929 2542 994 τοὺς
2596 928 2934 1000 Μακεδόναν,
2996 929 3318 993 κατόπισθεν
3368 932 3477 983 τῶν
3543 927 3796 1001 μελάνων

2139 1019 2461 1095 πορεύεσθαι
2494 1019 2747 1093 σημαίνει
2781 1020 2854 1080 ὡς
2903 1019 2995 1074 καὶ
3052 1020 3104 1074 οἱ
3154 1015 3462 1080 Μακεδόνες
3509 1018 3609 1087 τήν
3659 1024 3798 1093 Περ-

368 1119 476 1168 σῶν
510 1112 785 1189 βασιλείαν
816 1112 1200 1188 χειρώσονται.
1230 1114 1303 1169 Τὸ
1335 1110 1393 1168 δε
1420 1112 1546 1177 τοὺς
1590 1112 1796 1189 ψαροὺς
1840 1113 1929 1167 ἐπὶ
1976 1112 2130 1167 νότον
2192 1105 2444 1186 ἔρχεσθαι
2504 1107 2673 1179 δηλοῖ
2724 1110 2800 1173 ὡς
2846 1103 3082 1182 ἔμελλον
3146 1109 3419 1182 Ῥωμαῖοι
3480 1109 3792 1184 στρατεύειν

366 1201 501 1256 κατὰ
553 1203 653 1271 τῆς
706 1201 1093 1277 Ἰερουσαλήμ
1153 1201 1205 1255 ἐν
1265 1201 1369 1279 γὰρ
1422 1205 1503 1274 τῷ
1558 1203 1704 1274 νότῳ
1759 1206 1935 1257 κεῖται
1989 1202 2025 1270 ἡ
2086 1198 2269 1259 πόλις*
2348 1198 2409 1253 τὸ
2476 1195 2533 1252 δὲ
2617 1195 3061 1273 προσταχθέντας
3142 1196 3340 1259 αὐτοὺς
3430 1192 3784 1270 περιοδεῦσαι

366 1291 465 1359 τήν
497 1297 598 1365 γῆν
634 1288 874 1346 διδάσκει
906 1290 1073 1347 πάλιν
1104 1291 1178 1353 ὡς
1211 1287 1299 1345 διὰ
1327 1295 1426 1345 τοῦ
1457 1295 1592 1346 Θεοῦ
1622 1296 1767 1346 πᾶσα
1798 1288 2051 1365 βασιλεία
2083 1287 2415 1344 συνίσταται.

436 1382 520 1436 Ab
551 1382 778 1437 Adamo
838 1398 1029 1453 usque
1090 1382 1165 1437 ad
1218 1387 1552 1437 extremum
1601 1382 2019 1454 Hierosolymae

367 1470 665 1527 excidium
699 1476 1098 1543 supputantur
1128 1487 1424 1527 annorum
1456 1472 1720 1542 quinque
1744 1471 1935 1526 millia
1964 1475 2020 1525 et

366 1560 608 1615 ducenti
638 1561 946 1632 sexaginta
976 1560 1115 1625 duo,
1149 1576 1185 1615 a
1211 1560 1403 1632 prima
1435 1559 1642 1631 templi
1683 1558 2018 1615 Solomonis

365 1655 425 1705 et
451 1650 618 1706 urbis
649 1650 1045 1705 aediﬁcatione
1078 1650 1220 1705 anni
1256 1651 1413 1720 1088,
1465 1649 1536 1704 ab
1581 1649 2017 1704 instauratione

363 1742 467 1794 596
498 1740 662 1804 anni,
696 1740 768 1794 ab
801 1738 1243 1812 oppugnatione
1272 1739 1550 1794 Antiochi
1579 1740 1702 1807 248,
1735 1755 1770 1794 a
1799 1738 2016 1794 Christi

364 1830 422 1884 in
455 1830 665 1885 caelum
709 1847 961 1885 ascensu
1006 1844 1195 1900 usque
1245 1829 1319 1884 ad
1351 1828 1647 1885 excidium
1691 1828 1859 1884 urbis
1904 1829 2013 1884 sub

361 1919 486 1973 Tito
518 1920 657 1974 anni
690 1923 780 1974 42.

431 2010 623 2065 Tertio
656 2027 812 2065 anno
845 2009 956 2064 Titi
990 2010 1329 2082 Vespasiani
1371 2009 1500 2077 filii,
1556 2008 1800 2064 Besbius
1838 2024 2012 2063 mons

358 2097 421 2152 in
447 2115 664 2155 occasu
694 2116 728 2154 a
758 2099 976 2154 vertice
1035 2116 1268 2155 summo
1315 2104 1527 2171 ruptus
1575 2103 1811 2153 tantum
1858 2097 2013 2170 ignis

358 2187 599 2257 efﬂavit,
658 2193 726 2243 ut
805 2204 873 2242 eo
942 2187 1102 2259 regio
1161 2187 1459 2259 urbesque
1520 2186 2013 2258 circumjacentes

353 2274 618 2331 incensas
648 2275 891 2331 fuerint.
926 2275 1093 2340 Quod
1124 2292 1260 2332 cum
1292 2276 1581 2331 vidissent
1603 2276 1810 2345 Graeci,
1845 2276 2015 2331 vehe-

352 2371 587 2420 menter
616 2365 915 2433 admirati,
961 2364 1251 2435 quosdam
1283 2364 1755 2420 Christianorum
1787 2364 2013 2435 prima-

351 2454 474 2509 rios
495 2454 941 2526 interrogarunt
979 2470 1239 2524 quonam
1256 2454 1433 2509 modo
1465 2459 1643 2524 atque
1676 2453 1834 2508 unde
1857 2453 2010 2526 ignis

354 2559 425 2598 ex
455 2544 865 2614 penetralibus
899 2548 1070 2598 terra:
1105 2544 1419 2615 erupisset.
1453 2542 1521 2597 Hi
1571 2542 2011 2613 responderunt

354 2647 489 2687 eum
510 2632 1026 2688 admonendorum
1057 2632 1486 2703 resipiscentim
1518 2648 1695 2688 causa
1734 2637 2009 2703 peccato-

350 2737 483 2776 rum
508 2721 733 2777 editum
754 2721 939 2777 fuisse
960 2737 1029 2777 ex
1045 2722 1477 2794 gehenna,quee
1499 2720 1734 2777 diabolo
1754 2722 2004 2793 ejusque

349 2809 577 2881 angelis
595 2816 653 2866 et
684 2810 963 2866 omnibus
993 2810 1406 2882 peccatoribus
1438 2815 1644 2882 parata
1676 2816 1786 2866 est.
1818 2810 2004 2881 quue

347 2898 732 2953 manifestum
756 2915 884 2955 esse
914 2900 1092 2955 etiam
1115 2917 1185 2954 ex
1206 2900 1299 2954 his
1317 2916 1449 2970 quas
1469 2900 2000 2972 celebrisipsorum

344 2987 552 3042 doctor
579 2989 745 3043 Plato
779 2989 840 3042 in
870 2989 1142 3044 Phaedone
1182 2988 1252 3044 de
1311 2989 1646 3045 animarum
1692 2989 2001 3045 ordinibus

342 3082 520 3147 atque
548 3081 704 3133 statu
736 3084 962 3147 narrat,
992 3078 1279 3134 nimirum
1331 3096 1431 3134 eos
1479 3079 1579 3150 qui
1630 3079 1783 3135 male
1823 3079 2003 3134 vixis-

344 3170 495 3233 sent,
527 3166 588 3220 in
612 3166 825 3237 Cocyto
849 3168 1042 3240 igneo,
1078 3167 1502 3240 Phlegethonte
1525 3173 1586 3223 et
1605 3170 1843 3224 Tartaro
1868 3184 2003 3239 sup-

338 3253 536 3326 pliciis
567 3256 715 3312 425
752 3256 931 3328 affici,
965 3271 1098 3327 qum
1130 3255 1250 3311 sint
1302 3256 1365 3311 in
1414 3256 1742 3312 visceribus
1796 3262 1989 3313 terras.

332 3345 526 3414 Atque
555 3344 682 3399 haec
715 3345 961 3415 quidem
1008 3345 1106 3401 isti
1171 3350 1314 3400 tunc
1356 3344 1570 3400 Graecis
1621 3345 1709 3399 rei
1749 3361 1989 3401 causam

330 3432 777 3488 sciscitantibus
809 3432 1268 3506 responderunt.
1305 3434 1518 3488 Beatus
1550 3438 1750 3488 autem
1800 3433 1994 3488 Patri—

335 3522 463 3577 cius
522 3523 724 3578 Prusze
785 3523 1101 3594 episcopus
1158 3528 1218 3579 et
1272 3528 1516 3593 martyr,
1567 3522 1990 3595 aproconsule

324 3609 533 3681 judice
564 3627 763 3665 coram
787 3613 1063 3667 universo
1087 3612 1305 3683 populo
1324 3628 1567 3669 causam
1594 3612 1987 3683 thermarum,

334 3699 396 3753 id
457 3705 564 3766 est,
637 3716 927 3771 aquarum
986 3718 1117 3771 quas
1156 3718 1265 3756 sua
1323 3707 1532 3773 sponte
1575 3701 1782 3757 calidae
1834 3708 1991 3757 terra

336 3794 684 3861 erumpunt,
716 3790 1113 3862 interrogatus
1144 3791 1226 3846 ita
1263 3790 1611 3863 respondit:
1657 3791 1803 3846 Cum
1833 3792 1989 3847 Deus

334 3877 534 3950 ignem
557 3885 615 3934 et
644 3894 861 3950 aquam
895 3896 966 3935 ex
997 3879 1187 3935 nihilo
1209 3879 1598 3946 condidisset,
1626 3880 1788 3936 verbi
1816 3882 1904 3936 sui
1935 3882 1988 3936 vi

332 3985 403 4023 ex
434 3967 568 4040 igne
601 3968 819 4037 lucem,
854 3969 1042 4025 solem
1074 3974 1133 4025 et
1159 3969 1424 4039 reliquas
1448 3968 1649 4026 stellas
1679 3969 1838 4036 fecit,
1855 3972 1987 4042 jus-

331 4055 526 4127 sitque
558 4073 628 4113 ea
656 4057 770 4113 diei
800 4058 1082 4129 noctique
1136 4058 1342 4113 lumen
1396 4059 1682 4130 praabere.
1735 4061 1986 4116 Tantum

328 4145 548 4215 quippe
580 4146 633 4200 ei
667 4150 757 4200 est
786 4147 1098 4218 potestatis
1128 4151 1415 4217 quantum
1435 4147 1773 4205 voluntatis.
1802 4149 1983 4203 Porro

326 4250 398 4288 ex
429 4252 585 4305 aqua
640 4237 1085 4291 ﬁrmamentum
1133 4235 1263 4291 coeli
1304 4238 1600 4309 compegit
1645 4242 1983 4309 terramque

324 4339 505 4394 supra
533 4340 719 4394 aquas
752 4325 998 4389 statuit;
1035 4324 1347 4395 effecitque
1380 4325 1441 4380 in
1474 4326 1566 4381 his
1616 4327 1817 4381 omnia
1847 4328 1979 4381 efﬁ-

323 4414 571 4470 cacitate
603 4413 784 4468 futuri
845 4413 1214 4484 providente,
1272 4420 1338 4469 ut
1390 4415 1592 4479 homo,
1637 4432 1815 4486 quem
1858 4421 1983 4472 erat

320 4501 707 4570 formaturus,
741 4501 909 4557 nulla
968 4502 1090 4558 suis
1149 4503 1606 4559 necessitatibus
1653 4506 1981 4577 usibusque

326 4591 641 4646 commoda
668 4608 729 4646 re
753 4591 1196 4647 destitueretur.
1231 4595 1486 4648 Rursum
1518 4593 1579 4648 in
1603 4594 1697 4649 his
1714 4595 1830 4650 duo
1857 4596 1983 4651 loca

319 4679 589 4735 condidit
604 4681 1248 4752 sempiterna,quorum
1266 4681 1518 4737 alterum
1534 4682 1668 4737 luce
1684 4683 1977 4740 illustrem

317 4769 575 4824 inﬁnitis
606 4769 780 4824 bonis
811 4771 1077 4841 replevit,
1112 4770 1366 4826 alterum
1399 4771 1663 4826 tenebris
1712 4773 1971 4828 obsitum

315 4860 523 4914 aeterni
565 4859 718 4930 ignis
760 4859 1069 4930 suppliciis
1100 4859 1444 4925 destinavit,
1483 4865 1549 4914 ut
1593 4860 1693 4931 qui
1739 4862 1791 4916 ei
1843 4879 1969 4919 sese

314 4948 672 5020 probassent
712 4964 907 5018 neque
945 4965 980 5004 a
1008 4947 1242 5004 diabolo
1284 4965 1346 5003 se
1395 4949 1458 5004 in
1504 4949 1779 5007 fraudem
1826 4952 1969 5008 illici

312 5038 611 5107 sivissent,
646 5037 686 5093 ii
741 5038 879 5093 vitae
930 5039 1191 5092 restituti
1241 5038 1423 5108 inque
1481 5037 1678 5094 locum
1725 5040 1874 5096 lucis
1914 5047 1973 5097 et

309 5127 604 5184 bonorum
657 5128 944 5183 refertum
1002 5127 1227 5198 recepti
1282 5132 1571 5183 aeternum
1645 5144 1779 5183 cum
1838 5130 1968 5201 ipso

306 5222 598 5291 regnent;
627 5216 727 5288 qui
752 5233 887 5271 vero
914 5216 1111 5287 ipsum
1132 5216 1472 5271 irritassent
1491 5218 1795 5272 communi
1812 5219 1969 5275 hosti

308 5308 600 5377 obsecuti,
657 5322 791 5362 cum
849 5306 963 5361 hoc
1007 5306 1071 5359 in
1129 5304 1502 5360 tenebricoso
1559 5306 1674 5361 isto
1730 5323 1967 5366 carcere

307 5396 442 5452 sine
476 5398 596 5453 ﬁne
631 5396 926 5468 supplicia
957 5395 1193 5451 luentes
1224 5394 1476 5466 plorent.
1523 5396 1780 5453 Proinde
1829 5416 1963 5456 cum

305 5499 523 5554 aquam
554 5486 627 5541 ab
658 5486 813 5557 igne,
847 5486 1001 5540 sicut
1033 5488 1092 5540 et
1123 5485 1398 5540 tenebras
1424 5501 1459 5539 a
1484 5484 1963 5561 luce,divisisset,

304 5589 373 5628 ea
404 5591 510 5644 per
540 5593 779 5632 omnem
806 5593 975 5633 suam
1008 5582 1346 5632 creaturam
1392 5576 1643 5633 minutis
1696 5581 1964 5651 partibus

301 5660 629 5718 distribuit.
686 5666 890 5735 Itaque
948 5670 1009 5720 et
1065 5682 1223 5737 aqua
1279 5682 1459 5737 supra
1517 5668 1964 5727 ﬁrmamentum

301 5749 459 5806 420
492 5756 583 5806 est
620 5752 841 5819 mther;
875 5757 933 5809 et
965 5759 1057 5809 est
1085 5754 1238 5826 ignis
1267 5760 1443 5826 atque
1475 5773 1630 5829 aqua
1662 5759 1818 5815 infra
1846 5764 1962 5816 ter-

2201 1377 2443 1432 Γίνονται
2479 1377 2568 1431 οῦν
2596 1376 2701 1431 ἀπὸ
2740 1380 2837 1431 τοῦ
2869 1373 3054 1448 Ἀδὰμ
3080 1372 3186 1437 ἕως
3213 1382 3312 1445 τῆς
3342 1374 3585 1449 ἐσχάτης
3637 1375 3791 1431 ἀλώ-

2129 1486 2265 1527 σεως
2296 1465 2664 1542 Ἰερουσαλὴμ
2693 1462 2785 1537 ἔτη
2820 1466 3001 1540 ,εσξβ’,
3034 1466 3140 1520 ἀπὸ
3177 1462 3233 1519 δὲ
3273 1472 3374 1534 τῆς
3415 1466 3645 1539 πρώτης
3696 1466 3789 1520 οἱ-

2126 1553 2377 1630 κοδομῆς
2400 1561 2496 1612 τοῦ
2531 1556 2955 1628 Σολομωντείςυ
2987 1559 3119 1610 ναοῦ
3150 1554 3241 1610 καὶ
3272 1562 3372 1624 τῆς
3422 1553 3641 1619 πόλεως
3690 1550 3783 1627 ἔτη

2128 1648 2292 1717 ἀπη“,
2327 1648 2432 1703 ἀπὸ
2464 1645 2522 1702 δὲ
2550 1653 2651 1718 τῆς
2682 1645 2931 1723 δευτέρας
2963 1643 3267 1719 οἰκοδομῆς
3298 1640 3392 1718 ἔτη
3427 1646 3574 1724 φης’,
3599 1646 3707 1702 ἀπὸ
3727 1645 3788 1702 δὲ

2122 1742 2223 1805 τῆς
2252 1736 2389 1791 κατά
2423 1738 2715 1813 Ἀντίοχον
2746 1735 3081 1812 πολιορκίας
3113 1736 3263 1808 σμη“,
3299 1736 3405 1790 ἀπὸ
3434 1733 3491 1790 δὲ
3517 1742 3617 1805 τῆς
3650 1737 3785 1792 ἀνα·-

2125 1822 2349 1899 λήψεως
2379 1828 2614 1900 Χριστοῦ
2641 1824 2748 1888 ἓως
2778 1832 2879 1896 τῆς
2915 1826 3019 1881 ὑπὸ
3048 1825 3207 1881 Τίτου
3240 1823 3504 1888 ἁλώσεως
3536 1824 3629 1896 ἔτη
3666 1827 3781 1901 μβ’.

2195 2007 2276 2078 [Ρ.
2307 2007 2438 2079 242]
2469 2008 2566 2079 Τῷ
2595 2005 2764 2081 τρίτῳ
2794 2003 2900 2060 ἔτει
2957 2011 3059 2073 τῆς
3107 2001 3392 2079 βασιλείας
3443 2002 3609 2061 Τίτού
3657 2006 3777 2059 υἱοῦ

2119 2094 2523 2151 Οὐεσπασιανοῦ
2581 2095 2645 2151 τὸ
2703 2091 2932 2152 Βέσϐιον
2993 2094 3123 2170 ὅρος
3180 2093 3233 2148 ἐν
3309 2097 3378 2168 τῇ
3439 2091 3587 2149 δύσει
3640 2097 3779 2150 κατά

2118 2189 2364 2263 καρυφῆς
2423 2184 2581 2259 ῥαγέν
2639 2183 2930 2261 ἐξεφύσησε
2990 2186 3097 2257 πῦρ
3170 2185 3429 2237 τοσοῦτον
3485 2182 3563 2243 ὡς
3615 2204 3779 2238 κατα-

2119 2272 2309 2347 φλέξαι
2365 2273 2466 2341 τήν
2525 2271 2929 2347 παρακειμένην
2986 2272 3176 2346 χώραν
3255 2270 3346 2326 καὶ
3403 2271 3499 2332 τὰς
3558 2271 3774 2335 πόλεις.

2114 2364 2287 2436 Ὅπερ
2351 2362 2676 2435 θεασάμενοι
2737 2362 2790 2416 οἱ
2844 2358 3142 2431 Ἕλληνες,
3201 2360 3295 2415 καὶ
3376 2358 3584 2437 σφόδρα
3636 2363 3774 2417 κατά

2115 2450 2432 2526 πλαγέντες,
2467 2452 2700 2526 ἠρώτων
2757 2452 2904 2513 τινάς
2964 2454 3074 2504 τῶν
3131 2448 3450 2524 ἐλλογίμων
3511 2451 3774 2524 Χριστια-

2113 2546 2223 2596 νῶν
2253 2545 2370 2604 πῶς
2403 2541 2494 2595 καὶ
2552 2541 2711 2596 πόθεν
2766 2539 2961 2610 ἐξῆλθε
2996 2540 3059 2594 τὸ
3116 2544 3223 2614 πῦρ
3280 2539 3339 2594 ἐκ
3394 2545 3503 2594 τῶν
3567 2562 3775 2620 μυχαι-

2114 2632 2292 2686 τάτων
2323 2634 2424 2696 τῆς
2452 2637 2576 2708 γῆς,
2606 2632 2674 2687 Οἱ
2715 2628 2772 2685 δέ
2818 2650 2997 2708 φασιν·
3052 2630 3147 2686 Ἐκ
3191 2636 3291 2699 τῆς
3348 2628 3765 2703 ἠτοίμασμένης

2111 2725 2190 2793 τῷ
2220 2715 2469 2794 διαϐόλῳ
2498 2722 2736 2783 καὶτοῖς
2788 2717 3048 2797 ἀγγέλοις
3100 2718 3288 2789 αὐτοῦ,
3337 2719 3427 2773 καὶ
3474 2725 3606 2775 πᾶσι
3651 2726 3767 2781 τοῖς

2113 2809 2467 2887 ἁμαρτωλοῖς
2522 2810 2612 2866 καὶ
2671 2805 2913 2866 ἀσεϐέσιν
2999 2810 3329 2883 ἀνθρώποις,
3410 2811 3629 2886 γεέννης
3684 2811 3772 2866 ἀν-

2111 2897 2273 2970 εδόθη
2306 2899 2445 2972 πρὸς
2480 2901 2860 2978 σωφρονισμὸν
2918 2898 3011 2954 καὶ
3069 2898 3362 2973 ἐπίγνωσιν
3414 2903 3522 2953 τῶν
3582 2900 3767 2973 ἁμαρ-

2106 2989 2394 3046 τανόντων.
2449 2989 2553 3045 Καὶ
2595 2986 2765 3060 δῆλον
2808 2988 2856 3059 ἐξ
2907 2989 2981 3043 ὧν
3033 2988 3124 3043 καὶ
3172 2990 3200 3042 ὁ
3231 2982 3563 3063 περιϐόητος
3606 2989 3759 3062 ὑμῶν

2108 3074 2437 3141 διδάσκαλος
2466 3076 2699 3134 Πλάτων
2729 3072 2855 3149 ἔφη,
2914 3075 3332 3154 διεξερχόμενος
3388 3077 3441 3131 ἐν
3489 3082 3571 3150 τῷ
3624 3077 3761 3133 Φαί-

2108 3164 2237 3222 δωνι
2267 3168 2392 3242 περὶ
2420 3172 2532 3223 τῶν
2563 3165 2775 3238 λήξεων
2803 3167 2894 3223 καὶ
2926 3165 3377 3241 ἀποπληρώσεων
3404 3167 3513 3223 τῶν
3535 3170 3756 3242 ψυχῶν,

2105 3256 2190 3312 ὅτι
2221 3257 2273 3312 οἱ
2302 3261 2482 3319 κακῶς
2519 3252 2846 3332 βεϐιωκότες
2901 3254 3227 3326 κολάζονται
3274 3255 3327 3310 ἐν
3374 3259 3453 3328 τῷ
3512 3258 3760 3328 Κωκυτῷ

2104 3349 2193 3404 καὶ
2250 3348 2302 3403 ἐν
2360 3353 2442 3422 τῷ
2498 3348 2961 3428 Πυριφλεγέθοντι
3036 3348 3126 3403 καὶ
3207 3347 3258 3402 ἐν
3336 3352 3416 3419 τῷ
3472 3348 3755 3421 Ταρτάρῳ,

2104 3438 2260 3493 ἅτινά
2315 3438 2420 3493 εἰσι
2471 3437 2525 3493 ἐν
2580 3438 2662 3512 τῷ
2730 3440 2880 3513 βάθει
2927 3444 3028 3508 τῆς
3081 3444 3205 3512 γῆς.
3277 3436 3374 3491 Καὶ
3430 3439 3600 3491 ταῦτα
3655 3437 3753 3510 μὲν

2104 3527 2300 3582 ἐκεῖνοι
2330 3528 2470 3603 πρὸς
2506 3528 2634 3589 τοὺς
2684 3530 2802 3584 κατ’
2856 3527 3032 3583 ἐκεῖνο
3104 3528 3302 3601 καιροῦ
3361 3522 3756 3599 διαποροῦντας

2101 3615 2402 3687 Ἕλληνας.
2455 3617 2517 3673 Ὀ
2568 3613 2625 3671 δὲ
2675 3622 2818 3681 θεῖος
2875 3615 3169 3692 Ιῐατρίκοις
3214 3613 3448 3682 καὶτῆς
3506 3612 3756 3687 Προύσης

2103 3704 2398 3768 ἐπίσκοπος
2445 3706 2537 3762 καὶ
2600 3707 2805 3782 μάρτυς
2863 3707 2996 3783 πρὸς
3056 3706 3147 3760 τὸν
3200 3701 3457 3774 δικαστὴν
3512 3702 3755 3767 ἀνθύπα-

2099 3815 2211 3865 τον,
2252 3794 2545 3870 ἐρωτηθεὶς
2572 3794 2661 3852 ἐπὶ
2694 3794 2835 3851 λαοῦ
2885 3796 2972 3851 καὶ
3021 3792 3207 3867 δήμου
3255 3793 3378 3868 περὶ
3429 3796 3537 3847 τῶν
3588 3792 3745 3849 αὐτο-

2100 3889 2247 3964 φυῶν
2299 3886 2463 3940 πόθεν
2512 3886 2812 3961 ἐξέρχεται,
2865 3884 3038 3946 οὕτως
3095 3883 3388 3958 ἀπεκρίθη·
3449 3883 3510 3939 Ὁ
3562 3881 3748 3945 κτίσας

2099 3975 2229 4039 Θεὸς
2260 3979 2367 4050 πῦρ
2399 3974 2489 4030 καὶ
2549 3971 2697 4050 ὓδωρ
2756 3974 2807 4047 ἐξ
2867 3973 2967 4028 οὐκ
3035 3968 3203 4028 ὄντων
3264 3972 3490 4044 οὐσιῶν,
3550 3972 3639 4026 καί
3693 3972 3753 4027 ἐκ

2100 4063 2195 4136 μὲν
2226 4067 2324 4118 τοῦ
2354 4063 2526 4140 πυρὸς
2558 4067 2675 4137 φῶς
2699 4061 2789 4118 καί
2823 4061 2985 4132 ἣλιον
3018 4061 3109 4116 καὶ
3139 4062 3269 4124 τοὺς
3302 4059 3535 4122 λοιπυὺς
3592 4060 3747 4116 ἀστέ·

2097 4172 2191 4228 ρας
2251 4155 2652 4213 κατασκευάσας
2714 4151 2890 4229 λόγῳ,
2944 4150 3266 4229 προσέταξεν
3348 4153 3537 4213 αὐτοῖς
3604 4153 3750 4224 ἡμέ-

2096 4261 2191 4316 ραν
2223 4242 2315 4296 καὶ
2345 4241 2510 4297 νύκτα
2542 4239 2855 4322 δᾳδουχεῖν·
2905 4242 3141 4312 τοσαύτη
3194 4241 3299 4317 γὰρ
3348 4240 3515 4295 αὐτοῦ
3571 4242 3606 4309 ἡ
3657 4237 3748 4294 δύο

2093 4352 2254 4404 ναμις
2289 4330 2414 4386 ὅσον
2476 4332 2566 4386 καὶ
2617 4332 2680 4386 τὸ
2721 4328 2957 4404 θέλημα.
3018 4331 3115 4387 Ἐκ
3171 4328 3230 4384 δὶ
3280 4332 3376 4383 τοῦ
3435 4326 3635 4391 ὕδατος
3683 4329 3746 4383 τὸ

2096 4420 2376 4496 στερέωμα
2431 4424 2529 4475 τοῦ
2588 4421 2823 4494 οὐρανοῦ
2877 4420 3181 4493 συμπήξας.
3250 4417 3338 4472 καὶ
3405 4425 3507 4491 γῆν
3564 4414 3744 4471 ἐπάνω

2090 4514 2200 4564 τῶν
2245 4507 2454 4565 ὑδάτων
2514 4507 2763 4584 ἐδράσας,
2804 4509 3029 4581 ἐποίησε
3085 4510 3151 4563 τά
3207 4507 3262 4562 ἐν
3320 4508 3513 4568 αὐτοῖς
3569 4506 3744 4561 πάντα

2013 4643 2057 4706 D
2090 4602 2479 4674 προγνωστικῇ
2551 4598 2815 4677 ἐνεργείᾳ,
2870 4599 2963 4656 ’ίνα
3021 4601 3049 4654 ὁ
3112 4598 3332 4671 μέλλων
3390 4598 3517 4672 παρ’
3575 4597 3740 4653 αὐτοῦ

2089 4688 2495 4760 πλασθήσεσθαι
2562 4688 2849 4765 ἄνθρωπος
2928 4689 3161 4763 μηδενὸς
3242 4694 3351 4745 τῶν
3423 4689 3738 4764 ἀναγκαίων

2079 4779 2170 4834 καὶ
2212 4780 2598 4858 συμφερόντων
2661 4779 2739 4844 είς
2798 4788 2998 4857 χρῆσιν
3055 4776 3301 4835 ἐνδεῖται.
3367 4781 3454 4836 Ἐν
3501 4781 3583 4841 οἶς
3643 4775 3739 4830 δύο

2078 4869 2282 4930 τόπους
2314 4867 2632 4943 εὐτρεπίσας
2672 4869 2839 4925 πάλιν
2886 4867 3116 4939 ἀϊδίους,
3173 4869 3263 4923 τὸν
3300 4869 3395 4940 μὲν
3451 4866 3593 4942 φωτὶ
3639 4884 3740 4918 κα-

2079 4956 2460 5031 ταλάμπεσθαι
2498 4959 2589 5013 καὶ
2631 4958 2942 5033 ἀπεράντων
2998 4958 3214 5029 ἀγαθῶν
3268 4954 3526 5029 ἔμπλεων
3576 4972 3737 5007 κατε-

2081 5047 2325 5118 σκεύασε,
2354 5048 2447 5103 τὸν
2476 5046 2535 5104 δὲ
2565 5050 2795 5111 σκότους
2821 5049 2915 5104 καὶ
2944 5045 3317 5122 κολαστηρίου
3366 5044 3541 5118 πυρὸς
3595 5042 3738 5096 αἱω-

2078 5135 2198 5191 νίου
2235 5137 2557 5209 πεποίηκεν,
2601 5137 2752 5202 ὅπως
2805 5139 2858 5192 οἱ
2929 5136 3023 5209 μὶν
3085 5134 3539 5212 εὐαρεστήσαντες
3585 5128 3736 5201 αὐτῷ

2075 5225 2169 5280 καὶ
2222 5225 2362 5301 πρὸς
2410 5227 2511 5296 τήν
2579 5231 2677 5282 τοῦ
2764 5221 3030 5281 διαϐόλου
3094 5226 3169 5298 μὴ
3240 5221 3734 5292 κατολισθήσαντες

2076 5314 2290 5386 ἀπάτην
2332 5316 2424 5370 τὸν
2469 5321 2580 5371 τῶν
2616 5317 2923 5394 φωσφόρων
2980 5314 3197 5391 ἀγαθῶν
3260 5312 3394 5387 μετὰ
3451 5311 3551 5380 τὴν
3605 5308 3739 5363 ἀνα-

2078 5425 2260 5459 στασιν
2301 5400 2674 5467 ἀπολαϐόντες
2742 5405 2909 5460 τόπον
2968 5403 3207 5467 αίωνίως
3264 5402 3413 5474 αὐτῷ
3462 5395 3733 5473 συμϐασι-

2077 5492 2369 5562 λεύσωσιν,
2404 5494 2456 5549 οἱ
2512 5491 2571 5548 δὲ
2626 5493 3054 5569 παροργίσαντες
3105 5492 3267 5548 αὐτὸν
3321 5488 3529 5560 καὶτῷ
3565 5491 3732 5559 κοινῷ

2076 5581 2260 5658 ἐχθρῷ
2300 5580 2834 5654 ἐξακολουθήσαντες
2868 5582 2962 5638 σὺν
2993 5579 3141 5651 αὐτῷ
3169 5580 3261 5636 καὶ
3312 5579 3405 5633 τὸν
3448 5583 3559 5632 τῶν
3609 5596 3735 5631 σκο-

2072 5674 2408 5750 τεινοφόρων
2441 5671 2826 5749 κολαστηρίων
2861 5670 3234 5749 ἀπειληφότες
3272 5674 3458 5746 χῶρον
3508 5666 3737 5723 ἀτελευ-

2072 5764 2254 5833 τήτως
2299 5761 2711 5822 ἀποκλαύσωσι.
2772 5758 3123 5839 Διαχωρίσας
3175 5758 3232 5817 δὲ
3268 5761 3332 5817 τὸ
3384 5763 3490 5834 πῦρ
3532 5757 3622 5814 καὶ
3669 5757 3734 5813 τὸ
