4154 6420
361 362 484 424 465

1508 362 2044 425 HISTORIARUM
2093 360 2648 424 COMPENDIUM.

3686 363 3810 424 466

363 494 514 570 ὕδωρ
554 493 739 570 ὥσπερ
769 495 833 550 τὸ
889 499 1005 573 φῶς
1062 495 1153 551 καὶ
1210 497 1273 551 τὸ
1330 494 1544 563 σκότος,
1603 493 2005 569 κατεκερμάτισί

2144 512 2291 551 ram.
2326 497 2394 549 Et
2423 510 2578 565 aqua
2608 494 2851 566 quidem
2884 493 3159 566 superior
3209 493 3268 547 in
3312 510 3500 549 unum
3552 495 3807 552 collecta

362 582 534 641 ταῦτα
590 586 733 640 κατὰ
811 584 992 654 πάσης
1044 584 1209 640 αὑτοῦ
1284 591 1383 654 τῆς
1426 583 1678 654 κτίσεως,
1733 584 1825 639 καὶ
1886 578 2027 639 ἔστιν

366 673 515 752 ὕδωρ
552 676 810 749 ὑπερατω
838 678 937 730 τοῦ
985 674 1384 749 στερεώματος,
1416 673 1448 728 δ’
1492 674 1636 728 ἐστιν
1699 674 1886 749 αἱθήρ,
1940 673 2027 729 καὶ

365 762 508 821 ἔστιν
542 762 691 837 ὕδωρ
724 764 954 836 καὶπῦρ
1017 763 1273 819 ὑποκάτω
1329 770 1430 834 τῆς
1478 770 1599 838 γῆς.
1661 763 1757 817 Καὶ
1814 764 1878 819 τὸ
1935 763 2028 836 μὲν

363 855 549 910 ἐπάνω
580 861 683 924 τῆς
722 860 829 928 γῆς
863 851 1012 927 ὑδωρ
1053 854 1319 929 συναχθὲν
1380 852 1453 917 εἷς
1511 853 1836 928 συναγωγήν
1897 851 2026 926 μίαν

361 943 611 1008 θάλασσα
634 943 1078 1018 προσηγορεύθη,
1110 943 1173 997 τὸ
1206 940 1264 997 δὲ
1296 942 1548 998 ὑποκάτω
1579 949 1681 1010 τῆς
1734 948 1835 1017 γῆς
1889 942 2023 995 ἀπο·

359 1040 553 1107 μεῖναν
582 1028 819 1095 ἄϐυσσος
866 1031 1095 1101 ἐκλήθη,
1147 1031 1198 1101 ἐξ
1247 1033 1310 1085 οὗ
1370 1032 1608 1103 καθάπερ
1660 1028 1888 1110 σιφωνές
1942 1052 2020 1085 τι·

348 1145 437 1185 νες
469 1124 889 1195 ἀναπέμπονται
919 1121 1052 1196 πρὸς
1082 1122 1226 1190 ζωὴν
1273 1122 1436 1193 ἡμῶν
1491 1122 1578 1175 καὶ
1639 1123 1836 1183 παντὸς
1881 1121 2022 1189 ζώου

348 1214 403 1266 αἱ
437 1213 636 1288 πηγαί.
672 1211 764 1288 ἀφ’
794 1211 857 1265 οὗ
889 1212 976 1265 καὶ
1012 1208 1078 1266 τά
1107 1211 1281 1282 θερμά
1308 1210 1616 1283 ἀνάγονται.
1673 1209 1772 1266 Καὶ
1828 1210 1896 1264 τά
1925 1210 2018 1282 μὲν

348 1300 692 1375 πορρωτέρω
721 1304 820 1354 τοῦ
843 1321 989 1355 κατω
1018 1300 1192 1376 πυρὸς
1224 1304 1305 1373 [Ρ.
1339 1303 1464 1377 243]
1495 1300 1770 1375 ἀπέχοντα
1791 1297 2023 1374 προνοίᾳ

349 1395 489 1446 Θεοῦ
520 1388 868 1445 ἀναδίδονται
900 1388 1238 1468 ψυχρότερα,
1271 1390 1337 1444 τὰ
1368 1385 1426 1443 δὲ
1477 1387 1715 1459 πλησίον
1773 1392 1870 1443 τοῦ
1924 1410 2021 1442 πυ-

2147 601 2310 640 mare
2342 584 2600 639 dicitur:
2641 602 2772 655 quas
2823 590 3023 639 autem
3084 582 3238 637 infra
3290 589 3512 638 terram
3562 586 3804 652 residet,

2144 673 2395 746 abyssus
2426 673 2793 740 nominatur,
2856 672 3015 728 unde
3064 671 3243 726 veluti
3308 672 3500 727 tubuli
3561 674 3805 743 quidam

2141 765 2496 820 emittuntur
2524 763 2743 831 fontes,
2780 763 2855 818 ad
2894 764 3026 818 vitae
3058 767 3278 817 nostra)
3340 768 3399 816 et
3453 762 3805 818 animalium

2140 853 2408 908 omnium
2438 869 2621 917 usus;
2655 858 2832 923 atque
2864 851 3127 907 indidem
3162 851 3340 906 etiam
3373 850 3582 906 calidae
3632 851 3803 905 ebul-

2139 942 2312 997 liunt.
2356 944 2502 998 Nam
2538 960 2690 1013 quae,
2751 942 2850 996 Dei
2884 941 3255 1012 providentia
3314 942 3399 995 sic
3458 940 3798 1012 ordinante,

2138 1031 2373 1103 longius
2404 1031 2475 1085 ab
2508 1035 2640 1103 igne
2665 1031 2944 1085 inferiore
2967 1030 3182 1085 absunt
3204 1047 3389 1101 aquae.
3422 1049 3504 1084 eae
3528 1030 3803 1102 frigidio‘

2135 1137 2231 1175 res
2264 1121 2558 1185 eduntur;
2592 1137 2722 1190 quas
2765 1120 2883 1192 igni
2915 1120 3221 1191 propiores
3249 1126 3405 1187 sunt,
3438 1119 3511 1174 ab
3542 1135 3609 1173 eo
3640 1119 3800 1174 calo-

2135 1228 2261 1266 rem
2286 1212 2628 1283 concipiunt
2661 1218 2719 1268 et
2747 1211 3070 1267 admodum
3102 1211 3342 1266 fervida:
3375 1227 3610 1265 sursum
3645 1213 3797 1266 effe-

2132 1308 2380 1369 runtur;
2417 1319 2549 1373 qua;
2582 1306 2781 1357 autem
2803 1318 2923 1356 non
2946 1318 3129 1373 prope
3162 1301 3357 1372 ignem
3387 1308 3543 1369 sunt,
3581 1301 3796 1372 tepidaa

2137 1397 2375 1447 exeunt.

354 1481 450 1555 ρὸς
475 1478 673 1535 ἐκεῖθεν
705 1478 1083 1554 ἐκπυρούμενα
1113 1477 1298 1548 ζέοντα
1330 1477 1448 1533 λίαν
1480 1477 1859 1556 ἀναφέρονται,
1893 1476 1990 1532 ὅσα
2022 1475 2081 1532 δὲ
2109 1479 2173 1533 οὑ
2203 1477 2348 1533 πολὺ
2379 1477 2769 1549 πλησιάζουσι,
2803 1478 3011 1553 χλιαρὰ
3052 1474 3417 1534 ἀναδίδονται.

434 1570 537 1625 Καὶ
565 1569 626 1623 τὸ
681 1572 780 1642 μὶν
843 1568 1101 1623 ὑποκάτω
1154 1574 1257 1637 τῆς
1315 1574 1419 1645 γῆς
1476 1572 1585 1643 πῦρ
1647 1567 2017 1637 κολαστήριόν

358 1659 473 1714 ἐστι
506 1656 773 1731 δαιμόνων
830 1657 921 1713 καὶ
978 1656 1324 1733 ἁμαρτωλῶν
1384 1656 1707 1731 ἀνθρώπων,
1736 1656 1800 1711 τὸ
1833 1653 1891 1711 δὲ
1920 1676 2018 1710 κα-

346 1750 581 1803 τωτάτω
612 1745 788 1823 ὓδωρ,
837 1746 1179 1822 ψυχρότερον
1209 1747 1268 1802 ’ὸν
1328 1746 1418 1803 καὶ
1479 1746 1555 1810 είς
1610 1745 1831 1821 βώλους
1884 1767 2016 1819 κρυ-

342 1835 590 1892 στάλλου
635 1837 905 1910 πεπηγὸς,
964 1836 993 1890 ’ὁ
1052 1835 1143 1891 καὶ
1203 1832 1483 1910 Τάρταρος
1544 1833 1782 1910 λέγεται,
1847 1835 2014 1910 βασα-

2200 1571 2393 1640 Atque
2424 1570 2578 1640 ignis
2602 1569 2840 1641 quidem
2874 1569 2975 1640 qui
3000 1568 3155 1624 infra
3185 1573 3404 1623 terram
3429 1573 3539 1635 est,
3572 1568 3795 1623 dasmo-

2127 1675 2273 1713 num
2304 1664 2363 1713 et
2392 1663 2775 1729 peccatorum
2809 1658 3124 1713 hominum
3169 1658 3463 1730 supplicio
3524 1657 3789 1712 inservit.

2125 1750 2295 1819 Aqua
2325 1747 2505 1802 etiam
2535 1748 2655 1801 imo
2678 1747 2834 1802 infra
2852 1752 3072 1801 terram
3103 1746 3255 1813 loco,
3297 1748 3379 1801 ita
3408 1745 3622 1819 frigida
3645 1751 3712 1800 ut
3732 1746 3793 1800 in

2124 1836 2328 1908 glebas
2353 1836 2562 1908 glaciei
2587 1834 2877 1908 congelet,
2904 1836 3005 1906 qui
3030 1840 3090 1890 et
3108 1837 3384 1890 Tartarus
3402 1835 3640 1901 dicitur,
3665 1833 3795 1905 ipsa

338 1926 632 1997 νιστήριόν
681 1923 831 1980 ἐστιν
861 1924 1121 1986 ὡσαύτως
1173 1925 1265 1978 καὶ
1324 1927 1487 1979 τοῦτο
1545 1927 1651 1978 τῶν
1705 1925 1782 1997 μή
1844 1921 2005 2000 φυλα·

2126 1902 2303 1981 etiam
2332 1902 2476 1980 facit
2504 1925 2579 1980 ad
2629 1902 2984 1979 cruciandos
3016 1940 3119 1978 eos
3176 1924 3277 1995 qui
3340 1923 3439 1977 Dei
3496 1902 3794 1993 praecepta

347 2017 557 2087 ξαντων
586 2012 682 2077 τὰς
712 2010 936 2075 ἐντολὰς
989 2017 1086 2069 τοῦ
1138 2010 1364 2087 Κυρίου.
1423 2014 1543 2069 Ὀτι
1601 2010 1659 2067 δὲ
1706 2016 1814 2087 πῦρ
1872 2011 2014 2066 ἐστιν

338 2103 608 2158 ὑποκάτω
636 2109 738 2171 τῆς
771 2108 897 2175 γῆς,
942 2101 1175 2166 πειθέτω
1210 2122 1268 2156 σε
1323 2102 1385 2156 τὸ
1435 2099 1489 2155 ἐν
1550 2100 1779 2174 Σικελίᾳ
1833 2101 1925 2155 καὶ
1961 2100 2015 2155 ἐν

335 2191 516 2264 Λυκίᾳ
571 2195 867 2269 προφανῶς
944 2187 1342 2264 ἀναδιδόμενον
1411 2190 1504 2245 καὶ
1566 2189 1747 2263 μέντοι
1815 2190 1907 2245 καὶ
1959 2189 2010 2245 ἐν

336 2280 541 2344 ἄλλοις
602 2278 894 2355 διαφόροις
978 2279 1173 2340 τόποις
1241 2279 1449 2354 ὁμοίως
1508 2277 2008 2356 παραδεικνύμενον

338 2376 476 2445 πῦρ,
538 2370 615 2432 εἰς
686 2371 789 2439 τὴν
843 2364 1078 2447 φοϐεράν
1155 2368 1343 2444 γένναν
1430 2367 1732 2445 προδήλως
1807 2369 2012 2435 πάντας

339 2465 637 2516 κατακαῖον
667 2460 785 2514 ὅσοι
834 2459 900 2514 τά
950 2462 1047 2514 τοῦ
1104 2460 1275 2533 πυρὸς
1323 2452 1455 2533 ἔργα
1508 2459 1843 2534 πεπράχασι.
1877 2460 2004 2532 Περὶ

342 2549 408 2605 οὗ
459 2548 551 2605 καὶ
613 2548 642 2603 ό
706 2548 870 2624 μέγας
928 2553 1166 2618 Μωϋσης
1224 2546 1286 2602 ἐκ
1345 2547 1645 2620 προσώπου
1715 2551 1813 2603 τοῦ
1869 2552 2005 2603 Θεοῦ

341 2659 511 2716 φησιν
544 2637 654 2704 ὅτι,
686 2636 801 2711 Πῦρ
831 2634 1144 2692 ἐκκέκαυται
1174 2634 1235 2691 ἐκ
1260 2639 1357 2691 τοῦ
1401 2639 1576 2708 θυμοῦ
1638 2656 1765 2708 μου,
1797 2638 2005 2707 καυθή-

339 2747 491 2780 σεται
567 2724 673 2786 ἓως
714 2720 850 2795 ’ᾁδου
873 2724 1188 2779 κατωτάτου
1216 2723 1578 2801 καταφάγεται
1633 2726 1733 2798 γῆν
1790 2723 1881 2778 καὶ
1936 2724 2003 2778 τὰ

336 2816 658 2889 γεννήματα
706 2811 898 2882 αὑτῆς,
938 2810 1119 2887 φλέξει
1175 2810 1402 2886 θεμέλια
1455 2811 1642 2887 ὀρέων.
1702 2811 1889 2874 Οὕτως
1943 2809 2001 2867 δὲ

334 2905 432 2959 καὶ
460 2904 680 2965 Ἡσαῖας
741 2899 1044 2978 διαρρήδην
1103 2901 1421 2978 προφαίνων
1469 2906 1586 2963 τοῖς
1647 2900 2000 2977 ἁμαρτωλοῖς

339 2996 443 3063 τὴν
503 2994 770 3066 ἐσομένηα
849 2993 942 3048 καὶ
1007 2993 1422 3067 ἡτοιμασμένην
1504 2992 1689 3055 αὐτοῖς
1748 2989 1836 3048 διὰ
1898 2997 1996 3049 τοῦ

348 3079 608 3137 ἀσϐέστου
649 3082 816 3158 πυρὸς
848 3082 1074 3138 κόλασιν
1128 3077 1312 3153 ἐκϐοᾷ·
1371 3081 1467 3146 Τίς
1524 3081 1819 3158 ἀναγγελεῖ
1865 3082 1991 3156 ὑμῖν

354 3172 441 3226 ὅτι
468 3175 573 3247 πῦρ
600 3171 816 3243 καίεται,
847 3170 939 3227 καὶ
986 3172 1073 3235 τίς
1132 3170 1433 3250 ἀπαγγελεῖ
1490 3172 1617 3246 ὑμῖν
1674 3173 1767 3228 τὸν
1824 3168 1990 3227 τόπον

2128 2014 2514 2069 violaverunt.
2574 2015 2717 2069 Esse
2775 2018 2975 2069 autem
3033 2012 3228 2083 ignem
3286 2012 3491 2066 subter
3546 2016 3789 2077 terram,

2126 2103 2487 2176 persuadere
2512 2102 2621 2158 tibi
2681 2102 2859 2158 debet
2890 2101 3046 2174 ignis
3085 2101 3187 2172 qui
3246 2101 3309 2155 in
3359 2099 3579 2166 Sicilia,
3614 2099 3791 2169 Lycia

2124 2193 2380 2264 aliisque
2425 2192 2574 2247 locis
2633 2191 2948 2247 manifesto
2979 2190 3276 2262 erumpit;
3339 2206 3454 2260 quo
3501 2187 3788 2243 nimirum

2124 2286 2618 2355 prasmonstratur
2634 2281 2696 2336 in
2710 2279 3013 2336 horrenda
3037 2280 3314 2352 gehenna
3335 2293 3543 2333 omnes
3564 2277 3659 2332 uri
3679 2277 3784 2348 qui

2122 2373 2321 2446 ignem
2353 2371 2476 2427 suis
2531 2371 2704 2426 factis
2748 2374 3117 2425 meruerunt.
3154 2370 3234 2424 De
3268 2369 3379 2425 hoc
3410 2370 3543 2441 igne
3605 2370 3786 2425 etiam

2123 2478 2371 2534 magnus
2394 2461 2491 2516 ille
2524 2462 2712 2516 Moses
2738 2462 2798 2515 in
2820 2477 3079 2532 persona
3102 2460 3203 2514 Dei
3236 2458 3531 2530 loquitur:
3556 2460 3787 2514 Exarsit

2120 2551 2270 2624 ignis
2302 2568 2395 2605 me
2419 2550 2909 2614 excandescente,
2933 2550 3104 2620 cujus
3128 2548 3471 2603 incendium
3490 2548 3789 2620 pertinget

2116 2656 2309 2711 usque
2339 2656 2413 2712 ap
2444 2640 2687 2695 inﬁrma
2718 2639 3069 2705 inferorum,
3114 2642 3426 2692 consumet
3475 2641 3693 2692 terram
3726 2642 3786 2692 et

2116 2728 2246 2799 ejus
2276 2732 2616 2801 proventus,
2643 2726 3364 2783 comburetfundamenta
3393 2726 3688 2780 montium
3712 2726 3777 2781 ³³.

2116 2819 2211 2874 Sic
2240 2818 2420 2873 etiam
2475 2818 2658 2872 Isaias
2712 2817 3028 2884 exclamat,
3090 2813 3503 2887 peccatoribus
3559 2813 3780 2869 diserte

2115 2906 2446 2979 prtedicens
2473 2905 2977 2979 inexstingnibilis
3007 2905 3161 2976 ignis
3182 2915 3387 2975 pmnas
3413 2903 3779 2975 jampridem

2114 3013 2217 3052 eos
2248 2996 2568 3052 manentis.
2602 2995 2743 3062 Quis
2786 2995 3001 3066 inquit,
3035 2994 3200 3049 vobis
3231 2992 3535 3048 nuntiabit
3580 2993 3779 3066 ignem

2103 3072 2233 3159 jam
2258 3085 2504 3141 ardere?
2519 3085 2659 3151 Quis
2678 3084 2844 3141 vobis
2870 3084 3067 3140 locum
3089 3087 3380 3139 aeternum
3399 3083 3779 3139 demonstra-

2109 3175 2195 3231 bit
2216 3176 2244 3229 ?
2274 3174 2591 3231 Ambulate
2623 3175 2686 3229 in
2733 3173 2958 3229 lumine
3000 3173 3154 3245 ignis
3210 3172 3413 3238 vestri,
3442 3177 3502 3226 et
3528 3171 3777 3228 flamma

345 3261 444 3316 τὸν
488 3259 702 3315 αἰώνιον
736 3281 750 3329 ;
785 3260 1086 3337 Ηορεύεσθε
1109 3265 1191 3334 τῷ
1249 3262 1389 3341 φωτὶ
1436 3266 1533 3317 τοῦ
1592 3262 1765 3337 πυρὸς
1821 3261 1996 3334 ὑμῶν,

2119 3281 2293 3336 quam
2323 3263 2700 3335 concepistis.
2728 3263 2877 3318 427
2913 3262 2983 3316 Et
3012 3261 3266 3316 exibunt
3314 3260 3439 3327 alii,
3492 3276 3561 3316 ac
3611 3260 3777 3316 vide-

340 3351 439 3406 καὶ
494 3354 562 3425 τῇ
604 3350 767 3429 φλογὶ
926 3350 1260 3423 ἐξεκαύσατε.
1320 3353 1424 3409 Καὶ
1483 3350 1849 3421 ἑξελεύσονται
1908 3352 2000 3407 καὶ

340 3434 573 3513 ὄψονται
602 3440 668 3495 τά
694 3436 852 3495 κῶλα
880 3444 987 3494 τῶν
1022 3440 1320 3515 ἀνθρῶπων
1374 3445 1482 3495 τῶν
1533 3435 1998 3516 παραϐεϐηκότων

339 3528 396 3584 ἐν
430 3527 582 3603 ἔμοῗ,
614 3527 766 3606 λέγει
799 3529 1016 3605 Κὺριος.
1049 3529 1111 3586 Ὁ
1161 3528 1264 3606 γὰρ
1324 3529 1544 3603 σκώληξ
1594 3529 1770 3584 αὐτῶν
1824 3530 1889 3585 οὐ
1916 3551 2001 3584 τε·

340 3616 622 3688 λευτήσει,
684 3619 777 3673 καὶ
835 3619 897 3673 τὸ
950 3622 1058 3694 πῦρ
1118 3618 1299 3673 αὐτῶν
1357 3619 1421 3673 οὐ
1474 3614 1851 3689 σϐεσογςσεται,
1909 3617 2001 3674 καὶ

334 3702 555 3762 ἔσονται
588 3706 665 3769 εἷς
698 3702 884 3781 ὅρασιν
911 3708 1055 3782 πάσῃ
1100 3707 1278 3782 σαρκί.
1342 3707 1446 3763 Καὶ
1502 3704 1567 3776 δή
1624 3707 1713 3762 καὶ
1747 3710 1774 3763 6
1805 3707 2000 3783 θεηγό-

332 3817 433 3870 ρος
463 3791 856 3873 Χρυσὸστομός
886 3815 1071 3876 φησιν·
1128 3798 1270 3870 Ὃρα
1334 3793 1636 3868 παράδοξον
1695 3796 1847 3857 αὖθις
1897 3794 2002 3851 ἔτει

330 3907 453 3958 ρον,
488 3886 736 3947 ἐναντίας
769 3886 953 3965 φύσεις
1012 3885 1318 3948 συνιούσας.
1370 3882 1509 3942 Οὔτε
1565 3884 1671 3960 γὰρ
1720 3885 2000 3959 ἀστραπῆς

327 3998 383 4031 τι
416 3972 829 4050 πυρωδέστερον
863 3971 984 4029 οὔτε
1013 3971 1210 4038 ὕδατος
1268 3975 1636 4050 ψυχρότερον,
1672 3974 1798 4030 ἀλλ’
1847 3977 2001 4047 ὅμως

328 4064 744 4139 ἀναμίγνυται,
801 4065 893 4119 καὶ
988 4065 1053 4119 οὐ
1136 4068 1426 4139 συγχεῖται
1485 4062 1611 4119 οὐδὲ
1665 4066 2001 4138 κεράννυται,

327 4152 483 4209 ἀλλά
512 4153 640 4214 τοὺς
682 4152 913 4216 οἰκείους
960 4152 1183 4209 ’ἑκαστον
1240 4150 1493 4226 διατηρεῖ
1548 4152 1730 4225 ὅρους.
1786 4155 1862 4211 T6
1896 4159 2001 4230 πῦρ

332 4241 387 4297 ἐν
432 4245 514 4314 τῷ
544 4240 700 4295 ὕδατι
732 4241 823 4295 καὶ
853 4241 915 4296 τὸ
946 4239 1093 4317 ὕδωρ
1124 4239 1177 4295 ἐν
1232 4245 1313 4313 τῷ
1344 4242 1498 4315 πυρὶ,
1528 4241 1620 4296 καὶ
1683 4238 1806 4297 οὔτε
1834 4246 2002 4298 τοῦτο

327 4329 557 4401 ἐξήρανε
599 4328 773 4385 ἐκεῖνο
832 4330 953 4385 οὔτε
1002 4328 1176 4385 ἐκεῖνο
1220 4325 1508 4385 κατέσϐεσε
1561 4335 1744 4387 τοῦτο.
1810 4334 2002 4417 Καίτοι

326 4420 587 4496 ἀστραπὴ
619 4424 717 4474 τοῦ
757 4418 993 4489 ἡλιακοῦ
1024 4419 1196 4494 πυρὸς
1221 4419 1471 4496 ὀξύτερον
1529 4421 1616 4475 καὶ
1678 4421 1998 4500 φανότερον,

324 4510 441 4568 Καὶ
479 4514 845 4586 μαρτυροῦσιν
879 4510 932 4564 αἱ
993 4503 1149 4583 ὄψεις
1208 4510 1266 4563 αἱ
1319 4515 1442 4571 ταῖς
1498 4509 1678 4565 ἀκτῖσι
1739 4510 2004 4583 διηνεκῶς

2107 3355 2262 3409 bunt
2296 3352 2566 3408 membra
2613 3352 2928 3407 hominum
2987 3366 3193 3405 eorum
3253 3350 3356 3420 qui
3415 3355 3625 3405 contra
3677 3367 3771 3405 me

2108 3444 2518 3516 deliquerunt,
2554 3444 2695 3514 quia
2734 3442 2953 3497 vermis
2986 3456 3193 3496 eorum
3225 3455 3347 3495 non
3381 3439 3671 3495 morietur
3711 3446 3773 3496 et

2109 3533 2263 3607 ignis
2293 3550 2413 3588 non
2445 3532 2876 3605 exstinguetur,
2910 3530 3288 3601 ostentuique
3320 3533 3496 3584 erunt
3534 3530 3769 3584 omibus

2110 3622 2452 3678 hominibus
2472 3622 2563 3679 5".
2588 3621 2700 3676 Sed
2728 3627 2786 3677 et
2807 3620 3004 3675 divino
3025 3618 3309 3691 praeditus
3332 3618 3568 3689 eloquio
3595 3618 3773 3691 Chry-

2109 3719 2406 3768 sostomus
2424 3712 2568 3767 dicit
2593 3729 2606 3766 :
2627 3714 2881 3767 Rursum
2913 3709 3059 3764 mihi
3082 3709 3244 3765 aliud
3267 3708 3614 3764 admirabile
3636 3725 3771 3763 con-

2110 3802 2327 3857 sidera.
2386 3800 2865 3873 Congrediuntur
2919 3800 3051 3854 duas
3118 3804 3346 3855 natura:
3405 3798 3765 3854 contrariae:

2110 3890 2257 3962 quid
2287 3891 2447 3946 euim
2471 3892 2548 3943 sit
2574 3895 2676 3944 aut
2707 3890 2938 3962 fulgure
2964 3888 3152 3961 magis
3183 3887 3423 3960 igneum
3456 3892 3558 3943 aut
3585 3903 3770 3957 aqua-

2108 3981 2357 4052 frigidus
2375 3981 2404 4035 ?
2427 3982 2648 4034 Tamen
2679 3979 2761 4034 ita
2784 3984 3001 4033 coeunt
3020 3984 3293 4049 utneque
3326 3978 3772 4033 confundantur

2109 4089 2303 4143 neque
2364 4074 2807 4143 temperentur:
2857 4069 2961 4123 sed
2993 4075 3051 4123 et
3089 4083 3245 4139 aqua
3270 4068 3333 4122 in
3366 4070 3498 4140 igne
3527 4073 3585 4121 et
3616 4068 3768 4140 ignis

2112 4164 2172 4217 in
2207 4178 2361 4231 aqua
2394 4176 2529 4215 suas
2559 4166 2880 4230 utrumque
2912 4163 3111 4213 servat
3136 4158 3566 4229 proprietates:
3626 4173 3766 4212 nam

2110 4268 2303 4322 neque
2336 4266 2551 4322 aquam
2584 4249 2739 4321 ignis
2799 4247 3075 4313 exsiccat,
3131 4262 3324 4316 neque
3358 4246 3553 4317 ignem
3612 4262 3767 4315 aqua

2112 4340 2449 4411 exstinguit.
2478 4341 2545 4394 Et
2570 4354 2712 4394 sane
2729 4337 2927 4409 fulgur
2956 4336 3137 4391 etiam
3160 4334 3339 4389 solari
3370 4335 3505 4407 igne
3533 4335 3765 4389 acutius

2113 4437 2201 4487 est
2233 4436 2290 4485 et
2320 4430 2553 4485 lucidus
2579 4445 2591 4495 ;
2618 4427 2775 4498 quod
2800 4430 3095 4482 testantur
3124 4424 3303 4491 oculi,
3336 4424 3436 4494 qui
3470 4439 3602 4478 cum
3634 4439 3766 4493 per-

2112 4525 2289 4592 petuo
2320 4519 2503 4575 radiis
2535 4517 2829 4573 solaribus
2858 4515 3254 4579 illustrentur,
3285 4512 3536 4585 fulguris
3565 4510 3767 4583 splen-

321 4597 848 4672 καταλαμπόμεναι,
903 4596 1117 4667 ἐκείνης
1193 4594 1249 4652 δὲ
1293 4600 1393 4669 τήν
1447 4600 1617 4677 φοράν
1678 4598 1806 4656 οὐδὲ
1861 4603 1998 4677 πρὸς

2119 4610 2318 4665 dorem
2350 4626 2424 4663 ne
2448 4609 2656 4679 exiguo
2688 4605 2929 4677 quidem
2964 4609 3232 4675 tempore
3277 4608 3530 4673 possunt
3584 4600 3757 4656 ferre.

328 4688 517 4765 βραχὺ
578 4685 868 4759 δυνάμεναι
944 4685 1175 4760 ἐνεγκεῖν
1211 4732 1223 4744 .
1288 4687 1382 4741 Καὶ
1447 4689 1475 4742 6
1536 4687 1630 4761 μὶν
1684 4687 1847 4759 ἣλιος
1910 4687 1998 4745 διὰ

330 4779 520 4846 πάσης
553 4775 761 4849 ἡμέρας
793 4773 1069 4851 διατρὲχει
1110 4775 1201 4830 τὸν
1264 4775 1486 4850 οὐρανὸν
1515 4778 1654 4845 αὐτή
1704 4776 1760 4833 δὲ
1810 4781 1866 4833 ’cv
1902 4785 2001 4852 μιᾷ

321 4871 531 4942 καιροῦ
573 4866 716 4941 ῥοπῇ
752 4867 847 4934 τὴν
902 4864 1230 4935 οἰκουμένην
1293 4866 1533 4929 ἅπασανς
1586 4867 1661 4929 ὡς
1720 4868 1810 4923 καὶ
1869 4875 1996 4944 Χρι-

324 4958 458 5019 στὸς
524 4959 788 5030 μαρτυρεῖ
826 4953 1259 5029 λέγων·”Ωσπερ
1318 4972 1352 5025 η
1413 4954 1659 5031 ἀστραπὴ
1722 4957 1996 5034 ἐξέρχεται

320 5048 372 5121 ἐξ
411 5046 698 5102 ἀνατολῶν
732 5044 1091 5123 καῖφαίνεται
1150 5039 1255 5110 ἕως
1320 5044 1558 5119 δυσμῶν.
1618 5050 1752 5104 Εἶτά
1810 5065 1995 5127 φησιν’

317 5140 383 5196 '0
412 5134 625 5211 ἐξάγων
660 5130 892 5209 ἀνέμους
927 5132 986 5190 ἐκ
1047 5135 1334 5209 Θησαυρῶν
1388 5135 1586 5193 αὑτῶν.
1644 5138 1791 5209 Αὑτη
1826 5137 1993 5194 πάλιν

314 5230 478 5302 ἑτέρα
571 5223 750 5304 φύσις,
809 5223 871 5277 οὑ
946 5223 1139 5296 μικράν
1211 5225 1348 5296 ἡμῖν
1409 5224 1726 5303 παρὲγουσα
1781 5228 1992 5302 χρείαν⁷

316 5317 377 5374 ἀ)
397 5316 474 5372 λά
502 5313 778 5381 τοσαύτην
812 5312 949 5367 ὥστε
985 5313 1064 5375 είς
1093 5311 1156 5367 τὸ
1187 5311 1332 5369 πολὺ
1375 5321 1477 5383 τῆς
1506 5322 1655 5384 υωῆς
1704 5317 1837 5388 ἡμῖν
1899 5339 1990 5371 συν

309 5408 523 5473 τελεῖν,
615 5399 936 5475 κεκμηκότα
1002 5402 1330 5465 ἀνακτᾶσθαι
1380 5403 1447 5457 τὰ
1508 5403 1753 5478 σώματα.
1814 5409 1992 5463 Τοῦτο

309 5501 423 5577 γάρ
458 5495 615 5574 ἔργον
646 5493 885 5565 ἀνεμων,
939 5489 1306 5568 ἀναρριπίζειν
1363 5495 1454 5547 τὸν
1512 5490 1661 5567 ἀέρα,
1722 5492 1859 5551 ὥστε
1913 5499 1988 5569 μή

388 5655 435 5692 ⁸³
462 5656 635 5712 Deut.
672 5664 861 5718 xxxu,
894 5650 963 5701 22
1036 5647 1107 5682 ὃν
1137 5649 1246 5702 lsa.
1280 5663 1430 5701 an.

2110 4702 2180 4754 Et
2237 4698 2325 4754 sol
2383 4705 2571 4753 totum
2632 4696 2792 4751 diem
2867 4692 3230 4767 permeando
3288 4692 3435 4748 cmlo
3494 4691 3762 4762 insumit,

2109 4789 2309 4862 fulgur
2329 4806 2447 4843 uno
2481 4791 2782 4842 momento
2810 4791 2997 4840 totum
3028 4784 3234 4839 orbem
3284 4781 3568 4855 pervadit,
3605 4780 3765 4852 quod

2110 4884 2168 4933 et
2197 4878 2465 4933 Christus
2485 4882 2751 4943 testatur,
2769 4874 3048 4945 inquiens
3073 4890 3085 4928 :
3113 4873 3294 4929 Sicuti
3316 4871 3514 4944 fulgur
3534 4871 3605 4925 ab
3630 4876 3762 4925 ortu

2108 4967 2227 5021 exit
2259 4969 2315 5020 et
2345 4981 2532 5036 usque
2563 4964 2637 5019 ad
2668 4979 2945 5019 occasum
2985 4962 3236 5017 videtur.
3298 4958 3520 5015 Deinde
3549 4957 3715 5012 addit
3744 4974 3757 5011 :

2107 5055 2213 5120 Qui
2246 5059 2452 5108 ventos
2487 5052 2684 5108 educit
2724 5070 2793 5107 ex
2826 5068 3032 5109 eorum
3083 5050 3395 5107 thesauris.
3433 5049 3569 5112 Quae
3624 5063 3761 5100 rur-

2107 5160 2237 5199 sum
2265 5142 2383 5198 alia
2414 5148 2502 5197 est
2531 5148 2763 5210 natura,
2798 5159 2918 5197 non
2952 5156 3171 5213 parvan
3218 5139 3389 5194 nobis
3439 5138 3758 5192 utilitatem

2105 5233 2442 5301 conferens,
2467 5232 2569 5287 sed
2588 5237 2817 5287 tantam
2839 5236 2905 5285 ut
2934 5229 3005 5283 ad
3032 5230 3352 5300 plurimam
3375 5228 3504 5280 vitae
3526 5230 3757 5295 partem

2104 5322 2605 5390 nobisconducat,
2638 5321 2710 5376 ad
2744 5317 3132 5376 reficiendum
3191 5316 3430 5387 fatigata
3486 5330 3754 5386 corpora.

2104 5413 2429 5466 Ventorum
2461 5413 2620 5465 enim
2652 5409 2915 5464 officium
2942 5410 3034 5460 est
3089 5420 3286 5460 aerem
3346 5402 3624 5473 excitare,
3680 5421 3754 5461 ne

2105 5508 2269 5555 motu
2352 5517 2560 5554 carens
2626 5498 2833 5553 vitium
2907 5495 3118 5565 capiat,
3181 5492 3440 5564 itemque
3498 5511 3755 5568 coquere
