4154 6412
353 394 469 453 467

1681 375 1999 441 GEORGII
2045 376 2243 440 CEDR
2256 376 2355 440 ΕΝ
2364 384 2389 443 Ι

3662 387 3783 447 468

354 530 581 583 fructus
613 528 672 579 et
700 523 857 579 alere
908 537 1175 594 corpora.
1216 518 1358 583 Quis
1416 514 1669 585 explicet
1726 519 2015 586 quantum

2131 514 2382 587 ἀκίνητον
2416 513 2542 572 ὄντα
2565 514 2988 596 διαφθείρεσθαι,
3022 517 3302 571 πεπαίνειν
3366 514 3424 571 δὲ
3469 518 3597 579 τοὺς
3653 538 3783 596 καρ-

354 614 832 692 navigationibus
852 612 1133 686 prosint?
1162 615 1220 664 et
1250 623 1454 664 eorum
1473 612 1762 678 tempora,
1797 606 2012 677 quibus

359 708 570 764 ordine
602 708 885 780 ingruunt
915 702 1185 773 aliusque
1212 697 1312 755 alii
1359 695 1595 762 cedunt,
1646 696 1893 753 choreas
1951 697 2011 750 in

365 797 516 854 mari
564 796 872 859 ducentes,
929 790 1147 862 aliique
1208 786 1361 844 428
1419 802 1625 841 eorum
1669 785 2012 857 navigantes

370 904 486 957 quo
519 884 721 941 volunt
764 879 1150 944 deducentes,
1189 876 1292 932 alii
1326 874 1686 947 excipientes
1715 872 1744 931 ?
1773 873 1926 941 Quin
1956 877 2015 928 et

363 974 677 1032 contrariis
729 970 1071 1026 incedentes
1126 965 1236 1021 viis
1288 969 1466 1038 atque
1517 963 1851 1019 ministeria
1907 978 2014 1018 sua

359 1066 645 1120 obeuntes
672 1058 803 1116 utili
852 1058 983 1112 vitm
1033 1060 1249 1111 nostrae
1275 1071 1473 1128 pugna
1526 1054 1682 1108 inter
1726 1069 1786 1108 se
1818 1051 2016 1108 decer-

352 1159 499 1209 tant.
553 1153 841 1206 Sexcenta
895 1150 1145 1221 possent
1204 1143 1659 1202 commemorari
1703 1148 2012 1197 ventorum

347 1243 547 1300 oftlcia
570 1258 582 1296 :
615 1240 718 1297 sed
742 1246 943 1296 tamen
964 1242 1127 1294 vates
1148 1236 1243 1291 his
1265 1235 1543 1290 omnibus
1589 1231 2014 1289 enumerandis

346 1331 747 1403 supersedens
833 1327 1184 1384 facilitatem
1290 1321 1704 1379 tantummodo
1792 1321 2014 1395 opificii

341 1420 656 1492 expressit.
698 1418 804 1484 Qui
842 1415 1003 1472 enim
1027 1416 1206 1471 dicit:
1262 1416 1340 1470 De
1370 1413 1667 1468 thesauris
1725 1412 2012 1483 ipsorum,

342 1511 393 1564 is
430 1526 549 1564 non
573 1508 718 1563 dicit
753 1505 1047 1580 quosdam
1071 1520 1198 1559 esse
1222 1506 1533 1558 ventorum
1560 1501 1892 1570 thesauros,
1912 1500 2016 1555 sed

350 1598 651 1672 significat
675 1613 853 1668 quam
885 1594 1055 1650 facile
1101 1594 1177 1648 sit
1230 1593 1282 1647 ei
1335 1591 1435 1665 qui
1494 1588 1758 1655 mandat,
1816 1590 2018 1645 omnia

352 1706 463 1762 pro
498 1705 603 1743 suo
636 1686 880 1742 arbitrio
909 1686 970 1739 in
996 1688 1278 1757 promptu
1334 1681 1577 1737 habere.
1624 1679 2019 1745 Quemadmo-

359 1777 505 1832 dum
541 1777 700 1832 enim
731 1792 857 1830 rem
890 1791 1066 1845 quam
1093 1773 1154 1828 in
1186 1773 1463 1828 thesauro
1496 1770 1805 1840 habemus,
1846 1766 2018 1825 facile

2116 606 2252 670 ποὺς
2284 606 2373 661 καὶ
2403 606 2614 685 τρέφειν
2666 605 2733 661 τὰ
2783 606 3029 679 σώματα.
3087 606 3151 662 Τί
3217 604 3277 660 ἄν
3310 625 3393 668 τις
3429 603 3571 662 εἶ’ποι
3600 608 3699 670 τὰς
3729 605 3782 662 έν

2116 694 2369 767 ναυτιλίᾳ
2402 695 2594 770 χρείας
2622 694 2820 764 αὐτῶν,
2868 694 2960 749 καὶ
3022 695 3151 757 τοὺς
3205 697 3431 770 καιροὺς
3490 697 3574 759 οἷς
3629 716 3782 752 1e11-

2118 785 2348 863 γμένους
2382 782 2685 853 ἐφίστανται
2718 784 2810 839 καὶ
2853 803 3285 860 παραχωρουσιν
3342 783 3638 857 ἀλλήλοις,
3674 806 3782 864 χο-

2120 874 2364 952 ρεύοντες
2395 871 2447 929 ἐν
2475 877 2554 946 τῷ
2582 870 2805 948 πελάγει
2863 872 2956 929 καὶ
2998 875 3084 948 [Ρ.
3118 877 3246 949 224]
3303 875 3435 940 τοὺς
3486 875 3788 952 πλωτῆρας

2120 958 2575 1034 διαϐιϐάζοντεςς
2616 961 2720 1021 Καὶ
2754 964 2781 1018 6
2817 964 2913 1037 μέν
2972 965 3348 1040 παρέπεμψεν,
3410 965 3438 1019 6
3494 962 3551 1020 δὲ
3604 963 3784 1022 διεδέ-

2118 1056 2262 1126 ξατο.
2298 1052 2396 1108 Καὶ
2455 1051 2693 1115 ἐναντίας
2755 1049 3052 1108 ὁδευόντων
3112 1050 3274 1115 ὁδοὺς
3323 1054 3413 1108 καὶ
3472 1051 3787 1110 διακονούν-

2118 1165 2225 1200 των
2254 1144 2289 1214 ἠ
2327 1140 2479 1218 μάχη
2517 1141 2689 1197 αὐτῶν
2721 1139 2888 1197 πάλιν
2915 1144 2997 1215 τῷ
3032 1142 3142 1218 βίῳ
3202 1141 3411 1219 γίνεται
3471 1146 3780 1220 χρήσιμος.

2122 1235 2225 1290 Καὶ
2284 1233 2453 1307 μυρία
2510 1228 2569 1285 ἄν
2624 1251 2708 1294 τις
2763 1229 2908 1286 εἷ’ποι
2965 1234 3074 1286 τῶν
3134 1230 3350 1306 ἀνίμων
3410 1228 3561 1307 ἔργα.
3623 1232 3787 1289 Ἀλλ’

2120 1324 2275 1399 ὅμως
2327 1322 2498 1379 πάντα
2589 1326 2756 1379 ταῦτα
2840 1321 3213 1399 παραδραμὼν
3270 1325 3298 1379 6
3358 1326 3648 1405 προφήτης
3694 1331 3784 1385 καὶ

2119 1413 2435 1471 καταλιπὼν
2496 1411 2872 1490 ἀναλέγεσθαι,
2947 1412 3077 1468 αὐτὸ
3150 1413 3310 1487 μόνον
3368 1415 3469 1483 τήν
3527 1414 3785 1470 εὐκολίαν

2119 1512 2218 1576 τῆς
2244 1503 2610 1579 δημιουργίας
2642 1501 2968 1577 παρέστησε.
2989 1503 3067 1559 Τὸ
3123 1503 3225 1578 γαρ
3279 1502 3473 1573 εἰπεῖν,
3531 1505 3626 1561 Ἐκ
3684 1505 3787 1575 θη-

2123 1599 2332 1671 σαυρῶν
2364 1595 2563 1667 αὐτῶν,
2597 1594 2659 1649 οὐ
2692 1599 2853 1649 σοῦτο
2886 1591 3193 1665 δηλοῦντας
3225 1591 3394 1662 ἐστιν,
3448 1594 3532 1651 ὅτι
3587 1596 3787 1666 θησαυ-

2125 1685 2209 1762 ροί
2241 1683 2379 1747 οἰνές
2401 1683 2532 1739 εἰσιν
2575 1681 2808 1757 ἀνέμων,
2851 1680 2999 1738 ἀλλά
3050 1682 3150 1751 τήν
3211 1683 3465 1739 εὐκολίαν
3520 1688 3617 1740 τοῦ
3675 1684 3790 1740 ἑπι-

2122 1774 2410 1835 τάττοντος
2477 1772 2568 1827 καὶ
2656 1771 2718 1828 16
2772 1765 2994 1845 ἕτοιμον
3081 1777 3181 1842 τῆς
3235 1771 3446 1848 βουλῆς
3504 1773 3593 1827 καὶ
3649 1793 3784 1848 παρ-

362 1884 433 1921 ex
464 1882 531 1921 eo
562 1865 649 1919 vel
680 1863 1029 1936 promimus,
1060 1860 1173 1929 vel,
1197 1862 1244 1916 si
1278 1861 1466 1916 visum
1484 1859 1579 1929 sit,
1612 1860 2018 1929 recondimus,

2131 1865 2539 1938 εσκευασμένον.
2571 1864 2778 1938 Ὠσπερ
2807 1861 2911 1939 γὰρ
2956 1863 2984 1917 6
3016 1855 3165 1937 ἔχων
3223 1862 3277 1917 ἐν
3338 1869 3599 1938 θησαυρῷ
3655 1865 3790 1938 μετά

361 1957 444 2011 ita
472 1954 732 2010 universi
757 1953 962 2025 Opifex
994 1951 1195 2007 omnia
1239 1950 1406 2007 nullo
1456 1949 1690 2023 negotio
1724 1948 1918 2004 effecit
1947 1965 2014 2005 ac

361 2050 589 2099 natura)
622 2041 883 2098 tradidit.
912 2041 1119 2097 Vidisti
1139 2045 1362 2113 quanta
1388 2040 1464 2096 sit
1494 2039 1553 2095 in
1576 2056 1710 2096 aere
1742 2039 2012 2107 varietas,

362 2135 516 2190 sicut
547 2140 604 2190 et
631 2134 691 2188 in
716 2149 871 2205 aqua
902 2132 1035 2189 etin
1066 2132 1199 2205 igne
1251 2130 1456 2187 multae
1490 2134 1629 2186 sunt
1682 2129 2014 2186 varietates.

360 2227 665 2294 Aquarum
698 2222 857 2277 enim
889 2221 1006 2277 alia
1022 2224 1111 2276 est
1155 2221 1419 2288 fontana,
1454 2219 1572 2275 alia
1615 2220 1866 2288 marina,
1901 2220 2017 2275 alia

358 2329 557 2380 aerea,
590 2312 711 2367 alia
741 2312 802 2366 in
833 2309 1091 2379 nebulis,
1127 2308 1245 2365 alia
1275 2326 1455 2382 supra
1485 2307 1659 2365 caelos
1691 2308 1808 2365 alia
1840 2325 2019 2382 supra

357 2402 634 2457 homines
654 2401 770 2456 alia
801 2400 956 2456 infra
989 2403 1228 2469 terram,
1263 2417 1332 2454 ex
1363 2417 1478 2471 qua
1532 2399 1711 2455 etiam
1770 2397 2017 2454 diversis

355 2491 506 2547 locis
534 2508 701 2562 aquze
737 2488 1033 2544 ebulliunt
1091 2485 1447 2544 mirabiliter
1477 2487 1548 2544 ab
1608 2488 1741 2561 igne
1774 2487 1873 2559 qui
1910 2487 2018 2543 sub

358 2585 518 2635 terra
550 2584 638 2634 est
663 2578 983 2634 calefacta).
1020 2578 1179 2650 Ignis
1210 2578 1360 2633 alius
1392 2578 1453 2633 in
1484 2576 1606 2633 sole
1641 2583 1749 2645 est,
1783 2575 1935 2631 alius
1958 2577 2018 2632 in

360 2670 523 2736 luna,
556 2666 708 2724 alius
741 2667 801 2722 in
834 2666 1188 2741 fulguribus,
1219 2667 1370 2722 alius
1404 2666 1463 2721 in
1495 2683 1653 2733 aere,
1706 2666 1857 2722 alius
1916 2667 2017 2737 qui

360 2776 432 2815 ex
458 2759 634 2833 lignis
677 2777 711 2818 a
754 2758 927 2816 nobis
971 2766 1030 2814 et
1077 2758 1341 2815 lucernis
1397 2758 1538 2824 exit,
1587 2757 1740 2814 alius
1798 2758 1900 2830 qui
1951 2774 2021 2812 ex

359 2856 518 2906 terra
537 2850 797 2922 erumpit
822 2865 834 2905 :
870 2847 1077 2904 multis
1108 2848 1268 2904 enim
1289 2846 1438 2903 locis
1468 2865 1604 2904 eum
1629 2847 1721 2904 edi
1752 2846 2020 2904 videmus

359 2955 483 2995 non
518 2956 687 2995 secus
720 2955 898 3012 quam
926 2939 1103 2995 etiam
1147 2939 1363 2993 fontes.
1397 2938 1564 2994 Alius
1597 2939 1749 3012 ignis
1776 2941 1866 2993 est
1917 2938 2018 3009 qui

361 3028 568 3083 attritu
616 3027 883 3100 lapidum
923 3028 1176 3101 ejicitur,
1212 3033 1271 3083 et
1313 3029 1465 3083 alius
1499 3029 1599 3101 qui
1632 3029 1836 3084 attritu
1868 3027 2025 3083 fron-

362 3117 527 3173 dium
561 3116 945 3174 arborearum
973 3134 985 3183 ;
1019 3117 1171 3173 alius
1200 3117 1259 3173 in
1290 3117 1641 3173 fulminibus
1675 3134 1743 3173 ex
1775 3117 2017 3189 mthere,

359 3207 513 3263 alius
545 3224 613 3263 ex
637 3224 795 3278 aqua
826 3214 881 3264 et
910 3207 1075 3263 vitris
1115 3206 1605 3280 pellucidissimis
1654 3225 1721 3263 ac
1771 3208 2021 3281 purissi‘

358 3297 474 3352 mis
497 3297 650 3353 429
677 3296 917 3353 exsilire
978 3296 1149 3353 solet.
1212 3297 1305 3351 Sic
1364 3299 1422 3352 et
1473 3296 1632 3369 quod
1690 3294 1765 3353 ad
1818 3314 2019 3353 aerem

357 3387 590 3455 attinet,
625 3386 778 3442 alius
822 3391 912 3442 est
968 3386 1245 3454 crassior,
1280 3386 1379 3457 qui
1421 3403 1529 3441 nos
1584 3386 1789 3452 ambit,
1851 3386 2019 3457 isque

357 3474 759 3547 corruptionis
793 3492 969 3530 causa
996 3481 1084 3531 est
1114 3483 1172 3531 et
1195 3475 1520 3532 multorum
1546 3475 2019 3549 periculosorum

360 3563 745 3620 morborum:
791 3563 940 3620 alius
968 3566 1221 3634 tenuior,
1258 3565 1358 3638 qui
1410 3565 1756 3639 corporibus
1800 3566 2020 3622 bonam

364 3653 716 3726 temperiem
749 3658 806 3710 et
836 3655 1180 3711 firmitatem
1200 3655 1515 3724 conciliat;
1551 3655 1703 3711 alius
1734 3656 1947 3711 siccior
1965 3661 2023 3711 et

364 3744 765 3802 fervidior.Sic
810 3751 867 3803 et
887 3752 1197 3803 ventorum
1242 3753 1380 3802 sunt
1426 3745 1776 3803 differentiae
1808 3765 2021 3804 secun-

371 3836 513 3892 dum
573 3837 944 3903 tenuitatem,
1004 3837 1356 3903 crassitiem,
1406 3836 1610 3909 frigus,
1669 3838 2020 3907 siccitatem,

369 3927 811 3997 humiditatem,
867 3926 1256 3984 caliditatem.
1310 3927 1515 3999 Itaque
1573 3934 1733 3984 vates
1778 3946 1912 3986 curn
1958 3930 2020 3986 in

368 4017 782 4075 inexhaustam
826 4020 911 4071 tot
961 4020 1381 4089 tantorumque
1441 4016 1539 4072 Dei
1589 4017 2019 4075 beneficiorum

366 4105 645 4177 abyssum
678 4104 987 4160 incidisset
1031 4105 1636 4178 commemorandam,
1671 4107 1887 4179 quibus
1920 4107 2021 4164 Dei

363 4195 632 4267 potentia
661 4200 839 4265 atque
868 4195 1160 4267 sapientia
1184 4195 1648 4263 demonstratur,
1693 4198 2019 4270 vidensque

364 4286 729 4340 immensum
782 4301 843 4340 se
876 4299 1038 4339 mare
1071 4283 1426 4358 ingressum,
1473 4285 1708 4341 resiluit
1739 4287 1847 4341 hac
1885 4304 2018 4342 cum

365 4373 841 4429 exclamatione:
904 4374 1489 4445 Magnificentissima
1529 4380 1669 4429 sunt
1718 4378 1837 4444 tua,
1898 4376 2019 4431 Do-

365 4462 548 4529 mine,
579 4478 758 4535 opera
788 4462 1090 4535 sapienter
1119 4464 1321 4519 omnia
1368 4462 1580 4530 fecisti,
1612 4464 2021 4537 sapientiaque

369 4550 572 4608 omnia
601 4557 659 4606 et
685 4550 948 4609 animata
974 4558 1031 4607 et
1062 4553 1390 4610 inanimata
1416 4552 1755 4625 implevisti.

444 4818 570 4875 Tito
608 4818 894 4876 successit
923 4821 984 4875 in
1014 4820 1333 4894 imperium
1368 4819 1550 4876 frater
1582 4818 1709 4892 ejus
1744 4820 2025 4879 Domitia-

372 4926 508 4975 nus,
542 4908 721 4981 idque
744 4910 933 4965 tenuit
964 4926 1153 4965 annos
1190 4912 1272 4978 15,
1316 4925 1553 4963 menses
1613 4910 1699 4966 tl.
1734 4910 1904 4981 Isque
1965 4913 2024 4967 in

371 4997 594 5072 templo
626 5001 826 5055 Roma;
860 5003 950 5055 est
978 4998 1325 5054 interfectus
1377 4996 1610 5055 insidiis
1642 5017 1762 5055 sua)
1822 5003 2025 5058 uxoris

363 5089 566 5160 Neque
598 5088 783 5161 patris
814 5088 910 5143 hic
941 5104 1133 5159 neque
1166 5085 1363 5141 fratris
1396 5092 1652 5146 sectatus
1684 5096 1773 5145 est
1806 5107 2024 5165 mores,

362 5178 467 5235 sed
497 5183 705 5234 contra
734 5174 1050 5247 Tiberiiiac
1079 5176 1325 5231 Neronis
1358 5175 1585 5233 scelera
1615 5178 1882 5234 imitatus
1914 5186 2022 5236 est.

360 5270 505 5325 Cum
535 5285 596 5324 se
623 5267 786 5324 omni
818 5283 1031 5339 genere
1062 5266 1421 5338 flagitiorum
1446 5268 2025 5341 homicidiorumque

359 5366 417 5415 et
447 5359 696 5416 libidine
729 5359 790 5415 in
812 5374 1006 5414 mares
1037 5357 1410 5431 feminasque
1444 5361 1631 5415 effusa
1682 5360 2022 5431 polluisset,

364 5448 604 5503 tandem
636 5449 813 5505 homo
845 5464 880 5506 a
910 5447 1028 5503 Deo
1059 5448 1290 5504 alienus
1316 5449 1493 5505 deum
1525 5466 1585 5505 se
1611 5448 1800 5521 ipsum
1828 5454 2025 5523 appel-

2126 1951 2306 2017 ἀδείας
2361 1951 2535 2028 ἐξάγει
2595 1954 2796 2021 πάντα,
2853 1950 2945 2007 καὶ
3000 1951 3090 2007 ὅτε
3153 1950 3410 2028 βούλεται
3455 1953 3623 2009 πάλιν
3681 1954 3789 2009 εῗσ-

2128 2045 2271 2120 ἀγει,
2300 2042 2471 2105 οὕτως
2507 2042 2534 2097 6
2564 2046 2661 2097 105
2704 2042 2902 2104 παντὸς
2963 2042 3313 2117 Δημιουργὸς
3348 2042 3517 2097 πάντα
3548 2042 3788 2105 εὐκόλως

2126 2133 2354 2205 εποίησε
2383 2132 2474 2187 καὶ
2513 2134 2581 2205 τῇ
2614 2132 2769 2212 φύσει
2823 2129 3157 2207 παρέδωκεν.
3220 2127 3375 2192 Εἶδες
3433 2130 3522 2187 καί
3556 2130 3697 2203 πόση
3736 2131 3790 2187 ἐν

2129 2222 2243 2299 ἀέρι
2306 2219 2579 2299 διαφορὰ,
2637 2222 2877 2297 καθάπερ
2937 2220 3027 2275 καί
3076 2219 3128 2275 ἐν
3190 2219 3321 2295 πυρὶ
3375 2223 3464 2277 καὶ
3522 2220 3574 2276 ἐν
3635 2221 3792 2277 ὕδατι

2129 2311 2336 2368 πολλαὶ
2394 2310 2710 2387 ἐναλλαγαί.
2744 2311 2847 2365 Καὶ
2880 2311 2983 2386 γὰρ
3016 2314 3113 2365 τοῦ
3163 2308 3359 2374 ὕδατος
3395 2312 3459 2366 τὸ
3522 2311 3616 2383 μὶν
3677 2310 3789 2366 ἐστι

2130 2406 2381 2477 πηγαῖον,
2415 2399 2476 2456 16
2511 2398 2568 2455 δὲ
2593 2399 2909 2472 Θαλαττιον,
2939 2396 3003 2454 τὸ
3047 2397 3105 2455 δὲ
3153 2397 3357 2475 ἀέριον,
3390 2399 3453 2455 τὸ
3506 2399 3563 2455 δὲ
3618 2399 3674 2455 ἓν
3704 2421 3791 2455 νε-

2132 2490 2346 2570 φέλαις,
2376 2491 2438 2546 τὸ
2470 2487 2527 2544 δέ
2584 2487 2899 2561 θαλάττιον,
2962 2489 3025 2545 τὸ
3086 2486 3143 2544 δὲ
3200 2489 3454 2565 ὓπεράνω
3518 2495 3626 2545 τῶν
3700 2490 3793 2544 ἀν-

2134 2581 2392 2655 θρώπων,
2421 2580 2484 2634 16
2516 2575 2572 2633 δὲ
2610 2576 2888 2655 ὑπόγειον,
2923 2578 3010 2659 ἀφ’
3053 2574 3116 2632 οὐ
3148 2578 3234 2633 καὶ
3301 2579 3368 2634 τὰ
3405 2580 3579 2655 θερμά
3628 2577 3793 2635 ὕδατα

2134 2670 2186 2725 ἐν
2256 2667 2540 2745 διαφόροις
2595 2666 2788 2732 τόποις
2856 2667 3166 2743 ἀνάγονται,
3226 2664 3316 2722 διὰ
3380 2670 3477 2722 τοῦ
3540 2667 3795 2745 ὑπογείου

2132 2762 2305 2836 πυρὸς
2352 2757 2717 2836 θερμανθέντα
2774 2755 3121 2833 παραδόξως.
3183 2757 3287 2815 Καὶ
3344 2762 3442 2813 τοῦ
3500 2760 3671 2836 πυρὸς
3731 2761 3794 2815 16

2138 2850 2231 2924 μὶν
2259 2850 2399 2907 ἐστιν
2434 2848 2484 2905 έν
2525 2847 2695 2923 ἡλίῳ,
2728 2848 2791 2903 τὸ
2824 2845 2881 2903 δὲ
2911 2845 2965 2903 ἐν
3014 2845 3240 2923 σελήνῃ,
3272 2847 3336 2903 16
3368 2845 3426 2903 δὲ
3480 2849 3531 2903 ἐν
3594 2849 3796 2923 ἀστρα-

2134 2944 2299 3010 πωῖς,
2351 2940 2413 2995 16
2472 2937 2530 2995 δὲ
2588 2937 2854 3014 ἐναέριον,
2906 2938 2967 2993 16
3009 2936 3068 2993 δὲ
3126 2937 3230 2993 ἀπὸ
3292 2936 3495 3008 ξύλων,
3554 2938 3618 2995 16
3668 2940 3793 3015 περὶ

2136 3032 2285 3104 ἡμᾶς
2315 3026 2404 3084 καὶ
2436 3029 2499 3084 16
2529 3026 2819 3103 λυχναῖον,
2845 3027 2908 3082 τὸ
2941 3025 2998 3082 δὲ
3052 3025 3159 3082 ἀπὸ
3215 3034 3319 3104 γῆς
3381 3027 3488 3097 (καὶ
3527 3027 3626 3104 γὰρ
3682 3023 3793 3084 ἔστι

2138 3119 2432 3196 πολλαχοῦ
2482 3119 2545 3175 16
2599 3122 2816 3173 τοιοῦτο
2872 3116 2980 3173 ἀπὸ
3036 3122 3139 3193 γῆς
3186 3115 3576 3193 ἀναδιδόμενον
3640 3114 3793 3191 ἰδεῖν,

2138 3214 2321 3291 ὥσπερ
2361 3215 2413 3270 αἳ
2443 3212 2619 3292 πηγαὶ
2666 3219 2775 3268 τῶν
2811 3210 3068 3288 ὑδάτων),
3100 3212 3161 3268 16
3204 3210 3261 3269 δὲ
3316 3212 3368 3268 ἐν
3401 3212 3582 3278 λίθοις
3614 3234 3794 3289 παρα-

2134 3299 2510 3381 τριϐομένοις,
2566 3303 2629 3358 τὸ
2679 3300 2737 3358 δὲ
2796 3299 2848 3358 ἐν
2903 3302 3105 3377 κόμαις
3178 3299 3408 3379 δένδρων
3464 3304 3554 3358 καὶ
3615 3300 3790 3358 αὐτῶν

2135 3388 2640 3469 παρατριϐομένων,
2674 3393 2735 3447 τὸ
2780 3387 2837 3446 δὲ
2890 3391 2940 3446 ἐν
2998 3396 3281 3467 κεραυνοῖς
3339 3389 3400 3446 ἐκ
3427 3393 3523 3445 τοῦ
3552 3388 3790 3466 αἰθέρος,

2134 3484 2196 3539 16
2225 3480 2281 3538 δὲ
2312 3481 2361 3554 ἐξ
2414 3478 2621 3538 ὑδάτων
2672 3479 2762 3536 καὶ
2814 3478 2986 3537 ὑέλων
3046 3478 3444 3557 διαυγεστάτων
3503 3481 3592 3537 καὶ
3624 3494 3795 3547 καθα-

2137 3573 2394 3647 ρωτάτων
2427 3569 2746 3644 ἐξάλλεσθαι
2774 3570 3025 3650 πέφυκεν.
3078 3570 3237 3627 Οὕτω
3296 3567 3353 3625 δὲ
3412 3568 3501 3625 καὶ
3559 3570 3611 3626 ἐν
3675 3571 3791 3646 ἀέρι

2134 3660 2299 3718 πάλιν
2329 3662 2357 3717 ὁ
2384 3661 2477 3737 μὲν
2510 3660 2623 3716 ἐστι
2678 3661 2987 3737 παχύτερος
3019 3661 3047 3715 6
3080 3659 3202 3735 περὶ
3261 3660 3409 3733 ἡμᾶς
3467 3661 3557 3715 καὶ
3589 3658 3793 3740 φθδρο-

2134 3753 2294 3814 ποιὸς
2320 3750 2408 3807 καὶ
2458 3751 2634 3807 νόσων
2692 3748 2961 3807 πόικίλων
3027 3746 3384 3805 ἐπικινδύνων
3444 3748 3644 3820 αἶ’τιος,
3676 3752 3703 3806 6
3736 3748 3795 3825 δὲ

2136 3841 2462 3916 λεπτότερος
2522 3840 2613 3896 καὶ
2672 3840 2940 3915 σωμάτων
3007 3837 3291 3914 εὐκρασίας
3347 3839 3436 3894 καὶ
3498 3840 3791 3916 εὐρωστίας

2134 3932 2415 4007 πρόξενος,
2467 3931 2494 3986 6
2527 3926 2582 3985 δὲ
2637 3929 2895 4005 αὐότερος
2947 3928 3037 3983 καὶ
3095 3925 3527 4004 πυρωδέστερος.
3586 3932 3793 4006 Ὥσπερ

2132 4023 2224 4077 καὶ
2282 4026 2390 4077 τῶν
2436 4017 2648 4095 ἀνέμων
2705 4015 2913 4075 πολλαὶ
2974 4014 3248 4096 διαφοραί³
3293 4020 3320 4073 6
3369 4020 3465 4094 μὲν
3518 4021 3622 4098 γάρ
3681 4018 3794 4075 ἐστι

2135 4108 2467 4185 λεπτότερος
2518 4110 2546 4163 6
2582 4105 2638 4164 δὲ
2676 4107 3008 4184 παχύτερος,
3066 4108 3093 4161 6
3151 4108 3246 4182 μὶν
3276 4110 3638 4185 ψυχρότερος,
3676 4108 3703 4164 6
3737 4106 3795 4163 δὲ

2134 4198 2448 4274 ξηρότερος,
2487 4203 2514 4253 ὀ
2574 4200 2669 4273 μὲν
2717 4197 3007 4274 ὑγρότερος
3039 4197 3066 4251 6
3102 4192 3160 4252 δὲ
3213 4197 3567 4274 θερμότερος.
3626 4200 3787 4262 ’Όθεν

2136 4285 2225 4342 οὗν
2263 4289 2289 4343 6
2323 4289 2613 4365 προφήτης
2649 4285 2900 4361 ἐμπεσὼν
2932 4285 3009 4350 είς
3053 4285 3152 4355 τὴν
3188 4281 3420 4341 ἄϐυσσον
3475 4289 3583 4342 τῶν
3643 4286 3789 4361 εὐερ-

2134 4376 2460 4451 γετημάτων
2488 4375 2698 4431 τούτων
2751 4373 2839 4429 καὶ
2898 4379 3005 4428 τῶν
3058 4374 3347 4449 τοιούτων,
3407 4373 3460 4430 ἐν
3514 4376 3595 4438 οἷς
3627 4377 3662 4445 ἡ
3694 4378 3792 4430 τοῐι⁹

2135 4469 2266 4520 Θεοῦ
2300 4460 2527 4539 δύναμις
2559 4465 2649 4518 καὶ
2683 4463 2847 4538 σοφία
2877 4461 3167 4535 δείκνυται,
3220 4462 3309 4519 καὶ
3372 4462 3501 4519 ἰδὼν
3527 4464 3591 4520 16
3622 4463 3791 4520 πέλα-

2132 4577 2227 4631 γος
2256 4553 2479 4629 ἀχανὲς,
2511 4550 2832 4626 ἀπεπήδησε
2865 4552 3001 4630 μέγα
3061 4553 3285 4629 βοήσας·
3321 4554 3409 4617 Ὡς
3443 4553 3790 4631 ἐμεγαλύνθη

2058 4636 2196 4702 ί)τά
2224 4641 2357 4719 ἔργα
2388 4663 2506 4713 σου,
2561 4642 2746 4717 Κύριε·
2806 4642 2979 4698 πάντα
3037 4640 3087 4698 ἐν
3149 4643 3310 4725 σοφίᾳ
3364 4643 3645 4718 ἐποίησας,
3703 4646 3789 4700 καὶ

2138 4731 2329 4812 σοφίας
2362 4731 2663 4802 ἐνέπλησας
2691 4732 2759 4788 τὰ
2776 4753 2835 4787 τε
2864 4731 3070 4812 ἄψυχα.

2206 4823 2358 4879 Μετά
2413 4817 2469 4876 δὲ
2527 4822 2690 4879 Τίτον
2751 4815 3068 4877 ἐϐασίλευσε
3127 4822 3456 4898 Δομετιανὸς
3497 4822 3792 4898 ὀάδελφὸς

2136 4909 2301 4967 αὐτοῦ
2324 4906 2418 4982 ἔτη
2464 4912 2524 4965 ιε’
2557 4916 2733 4985 μῆνας
2765 4910 2854 4981 ια’,
2910 4910 3001 4966 καὶ
3031 4912 3243 4989 ’ἐσφάγη
3277 4910 3328 4966 ἐν
3381 4916 3464 4985 τῷ
3521 4917 3633 4983 ναῷ
3654 4910 3794 4966 Ῥώ-

2141 5022 2247 5074 μης
2275 5001 2392 5055 κατ’
2422 4994 2726 5070 ἐπιϐουλὴν
2786 5007 2888 5069 τῆς
2944 5000 3136 5056 ἑαυτοῦ
3186 4999 3461 5075 γυναικός.
3522 4998 3795 5074 Διάδοχος

2133 5094 2235 5170 γὰρ
2266 5094 2556 5170 γενόμενος
2586 5098 2683 5149 τοῦ
2712 5091 2953 5174 ἀδελφοῦ
3003 5091 3065 5147 οὐ
3123 5094 3223 5162 τὴν
3283 5095 3554 5169 πατρικήν
3612 5114 3671 5147 τε
3701 5090 3792 5146 καὶ

2134 5181 2434 5259 ἀδελφικὴν
2492 5181 2765 5254 ἐζήλωσεν
2802 5179 3280 5257 ἀριστοπολιτείαν
3316 5186 3451 5257 (50),
3495 5179 3641 5237 ἀλλὰ
3695 5182 3793 5250 τήν

2133 5278 2231 5328 τοῦ
2262 5274 2515 5355 Τιεερίου
2564 5272 2653 5327 καὶ
2686 5272 2935 5347 Νέρωνος
2987 5272 3323 5349 ἀνοσιεργίαν
3371 5274 3429 5327 ἐκ
3470 5267 3789 5347 διαμέτρου.

2138 5363 2234 5418 Καὶ
2263 5360 2329 5433 δὴ
2364 5368 2468 5417 πᾶν
2502 5358 2647 5426 εἶδος
2688 5362 2878 5425 κακίας
2939 5356 3200 5429 ἕπελθὼν,
3260 5360 3581 5441 μιαιφονίας
3610 5384 3669 5417 τε
3698 5361 3790 5417 καὶ

2137 5451 2560 5529 γυναικομανίας
2616 5445 2729 5524 ἅμα
2785 5452 2874 5505 καὶ
2938 5447 3304 5525 ἀνδρομανίας
3364 5446 3649 5514 ἀνάπλεως
3700 5473 3789 5529 γε·

1579 5569 1940 5625 XYLANDlll
1980 5574 2067 5627 ET
2097 5573 2311 5629 GOARl
2352 5573 2572 5627 NOTAE.

447 5664 557 5734 (50)
586 5667 831 5746 Ᾱςῖειιιδμη
853 5667 1088 5746 imperii
1116 5667 1307 5738 legem
1340 5673 1399 5721 et
1431 5666 1733 5722 laudatam
1767 5669 1827 5722 in
1860 5670 2332 5728 administranda
2363 5669 2665 5743 republica
2703 5662 3028 5735 solertiam,
3064 5669 3258 5741 potius
3301 5687 3477 5744 quam
3532 5672 3790 5746 privatos

377 5751 591 5805 mores,
626 5736 872 5806 inspice.
906 5740 1075 5791 Cosa.
