4154 6414
328 377 451 438 469

1495 354 2038 425 HISTORIARUM
2081 356 2626 424 COMPENDIUM.

3650 369 3774 429 470

330 524 589 579 νομενος,
622 499 815 557 ἐαυτὸν
845 500 874 556 δ
906 497 1059 561 ἄθεος
1086 495 1396 554 τελευταῖον
1424 494 1716 553 ἀπεθέωσε.
1748 498 1829 569 [Ρ.
1862 495 1992 568 245]

2111 494 2268 553 lavit.
2302 496 2567 569 Indeque
2599 512 2734 552 eum
2766 512 2828 551 se
2850 496 2925 551 ob
2960 497 3409 566 truculentiam,
3434 499 3773 558 immanita-

334 594 637 653 Κάντεῦθεν
668 586 926 667 ἔχθιστον
981 584 1144 644 ἅπασι
1192 587 1283 642 καὶ
1332 582 1651 658 ἀπόϐλητον
1682 583 1770 640 διὰ
1795 585 1858 640 τὸ
1891 605 2001 661 φο-

333 684 487 741 νικόν
515 705 573 740 τε
600 682 695 739 καὶ
728 677 1000 757 θηριῶδες
1058 685 1160 748 τῆς
1219 681 1416 753 μιαρᾶς
1472 674 1703 753 γνώμης
1750 674 1939 730 ἑαυτὸν
1973 674 2001 728 ὁ

337 773 511 837 τάλας
567 772 881 850 ἀποφήνας,
940 768 1168 825 εἰκότως
1251 766 1400 841 μάλα
1468 767 1535 820 τὰ
1593 765 1845 840 ἐπίχειρα
1903 768 2003 834 τῆς

341 862 550 926 οἰκείας
584 860 898 937 δυσμενείας
954 858 1321 933 κομισάμενος
1377 858 1488 929 (51)
1542 853 1811 929 αἶ’σχίστῳ
1846 853 2002 928 μόρῳ

335 954 434 1011 τὸν
489 953 731 1028 μυσαρὸν
781 950 874 1006 καὶ
927 944 1164 1026 βέϐηλον
1217 943 1571 1023 καταστρέφει
1630 943 1772 1019 βίον,
1822 943 1898 1007 ὡς
1928 939 2003 996 εἷ’-

335 1063 526 1117 ρηται.
562 1038 743 1104 ῡῦτος
778 1039 876 1100 τὰς
933 1034 1162 1115 γενέσεις
1218 1041 1327 1092 τῶν
1389 1034 1620 1109 πρώτων
1650 1038 1750 1102 τῆς
1779 1032 2002 1117 Ῥώμης

333 1116 595 1208 ἐρευνῶν,
654 1129 753 1185 οὐκ
807 1125 1033 1203 ὀλίγους
1087 1124 1350 1201 εὑρίσκων
1401 1121 1454 1178 ἐν
1511 1120 1733 1199 δυνάμει
1789 1116 2003 1176 ἔσεσθαι

335 1220 533 1296 ἀνῄρει
592 1215 683 1273 διὰ
732 1216 1078 1296 προφάσεως.
1136 1215 1312 1275 Οὗτος
1367 1209 1599 1281 διέταξεν
1630 1210 1684 1267 ἐν
1728 1214 1849 1271 ταῖς
1899 1209 2002 1265 πό-

336 1309 491 1366 λεσιν
526 1307 811 1383 ἀμπέλους
868 1306 944 1379 μὴ
996 1302 1258 1382 φυτεύειν.
1311 1302 1483 1364 Οὗτος
1514 1298 1642 1364 τοὺς
1671 1300 1777 1355 ἀπὸ
1807 1298 2001 1376 γένους

338 1395 511 1456 Δαϐἳδ
567 1396 658 1452 καὶ
717 1397 965 1474 Χριστοῦ
1020 1395 1356 1469 ἀναιρεῖσθαι
1412 1388 1751 1467 προσέταξεν
1810 1384 2003 1443 ἐδεδίει

336 1491 445 1565 γὰρ
498 1489 598 1558 τήν
650 1484 952 1561 παρουσίαν
1008 1486 1106 1539 τοῦ
1165 1482 1371 1557 Κυρίου
1428 1482 1505 1543 ὡς
1560 1480 1651 1536 καὶ
1689 1475 1942 1554 Ἡρώδης
1973 1477 2001 1531 ὁ

344 1575 718 1640 παιδοκτόνος.
766 1575 881 1632 Τοῦ
927 1573 1281 1650 κηρύγματος
1330 1568 1387 1626 δὲ
1434 1568 1543 1642 ἤδη
1592 1567 1821 1643 δύναμιν
1853 1567 2003 1641 λαμ-

352 1662 609 1729 6άνοντος
652 1665 861 1741 ἤγαγον
918 1666 1193 1740 συγγενεῖς
1239 1663 1339 1716 τοῦ
1389 1659 1595 1735 Κυρίου
1643 1657 1779 1733 πρὸς
1829 1662 2002 1731 Δομε-

349 1756 554 1813 τιανόν.
604 1754 713 1817 Οῦς
770 1754 859 1810 καὶ
923 1751 1273 1827 ἐπηρώτησεν
1330 1749 1375 1806 εἰ
1431 1750 1490 1804 ἐκ
1548 1745 1716 1804 Δαϐἶδ
1743 1746 1833 1803 καὶ
1866 1750 2003 1823 Χρι-

2113 590 2233 641 tem
2264 602 2332 641 ac
2362 587 2655 660 ﬂagitiosa
2685 586 2937 644 consilia
2969 588 3249 644 omnibus
3272 589 3523 646 invisum
3550 596 3607 646 et
3633 608 3772 648 con-

2110 679 2405 749 temptum
2453 676 2833 747 reddidisset,
2893 677 3080 734 miser
3135 679 3381 734 meritas
3427 678 3768 737 domesticis

2110 768 2443 825 inimicitiis
2468 785 2673 841 poenas
2701 770 2884 839 dedit,
2908 771 3065 827 480
3087 772 3550 845 turpissimaque
3580 779 3773 829 morte

2112 857 2462 915 sceleratam
2523 860 2735 915 clausit
2791 860 2992 916 vitam.
3051 861 3104 915 Is
3174 861 3509 934 principum
3569 864 3772 918 Romae

2109 947 2369 1002 virorum
2430 947 2724 1021 indagans
2777 950 3141 1014 nativitates,
3205 966 3339 1005 cum
3396 967 3518 1006 non
3566 952 3773 1023 paucis

2111 1037 2375 1107 promitti
2423 1053 2699 1106 magnam
2751 1039 3077 1110 potentiam
3137 1039 3635 1111 deprehenderet,
3671 1058 3774 1095 eos

2110 1130 2345 1196 captata
2401 1128 2711 1182 occasione
2771 1127 3027 1182 sustulit.
3091 1127 3288 1183 Edixit
3345 1144 3453 1201 per
3480 1128 3660 1184 urbes
3693 1145 3772 1184 ne

2112 1216 2245 1287 quis
2266 1214 2411 1272 vites
2433 1217 2748 1288 plantaret.
2774 1217 2936 1274 Idem
2968 1234 3180 1291 genere
3212 1220 3498 1275 Davidum
3522 1225 3579 1275 et
3602 1220 3778 1275 Chri-

2112 1308 2268 1363 stum
2302 1311 2661 1382 attingentes
2693 1311 2966 1381 conquiri
2992 1311 3192 1382 jussit,
3223 1311 3494 1383 exemplo
3524 1311 3772 1367 Herodis

2110 1396 2475 1453 infanticidas
2507 1397 2616 1454 sibi
2667 1415 2700 1454 a
2751 1400 2967 1455 Christi
2999 1401 3253 1456 adventu
3284 1407 3578 1457 metuens.
3613 1402 3778 1457 Man-

2112 1487 2316 1542 datum
2348 1488 2478 1559 ejus
2508 1487 2769 1544 ministri
2824 1489 3084 1545 exsecuti
3142 1490 3522 1546 adduxerunt
3549 1490 3771 1548 Christi

2112 1582 2391 1648 cognatos
2423 1576 2497 1632 ad
2528 1578 2973 1649 imperatorem.
3024 1580 3069 1635 Ii
3127 1579 3477 1653 interrogati
3508 1597 3542 1635 a
3572 1581 3777 1636 Domi-

2108 1666 2272 1720 tiano
2304 1681 2379 1721 an
2408 1683 2443 1722 a
2473 1665 2692 1721 Davido
2745 1670 2803 1721 et
2853 1667 3085 1722 Christo
3136 1682 3322 1739 genus
3354 1669 3663 1737 ducerent,
3692 1669 3777 1726 ita

2111 1769 2243 1810 esse
2272 1754 2413 1809 fassi
2446 1760 2604 1811 sunt.
2637 1756 2880 1820 Quantas
2940 1773 3098 1828 ergo,
3150 1757 3348 1829 inquit
3378 1758 3772 1827 Domitianus,

342 1849 476 1902 στοῦ
509 1844 635 1904 εἶσι.
693 1845 788 1900 Καὶ
842 1840 1235 1917 ὡμολόγησαν.
1296 1841 1401 1896 Καὶ
1459 1840 1665 1909 πόσων,
1699 1836 1822 1919 ἔφη,
1857 1856 1999 1913 χρη-

2111 1849 2318 1899 vestrm
2371 1851 2511 1900 sunt
2564 1843 2932 1900 facultates?
2978 1845 3432 1917 Responderunt
3482 1847 3777 1903 universis

339 1935 532 2010 μάτων
566 1933 880 2010 impastis-cs;
933 1928 1141 2001 Ἐννέα,
1191 1931 1344 2009 φασὶ,
1396 1927 1667 2005 δηναρίων
1698 1930 1749 1983 οἱ
1780 1927 1994 1995 πάντες,

333 2026 430 2081 καὶ
464 2022 718 2099 πλέθρων
747 2030 851 2098 γῆς
886 2020 1111 2099 ὀλίγων,
1162 2019 1212 2090 ἐξ
1271 2021 1344 2075 ὧν
1394 2018 1522 2081 τοὺς
1571 2020 1772 2097 φόρους
1804 2015 1996 2089 ἀναφέ-

336 2134 528 2189 ρομεν.
592 2112 691 2170 Καὶ
754 2112 849 2173 τὰς
908 2116 1100 2190 χεῖρας
1170 2107 1415 2184 σκληρὰς
1469 2108 1529 2163 ἐκ
1582 2114 1682 2177 τῆς
1751 2106 1998 2182 ἐργασίας

334 2200 708 2257 ἐπεδείκνᾶον.
742 2201 804 2258 Ὀ
836 2197 914 2269 δὲ,
946 2200 1041 2254 Καὶ
1088 2198 1251 2253 ὁποία
1281 2196 1363 2260 τίς
1394 2196 1535 2253 ἐστιν
1567 2199 1601 2267 ἡ
1627 2200 1726 2251 τοῦ
1757 2197 1999 2271 Χριστοῦ

340 2290 622 2369 βασιλεία,
680 2289 771 2346 καὶ
832 2289 965 2345 πότε
1039 2289 1431 2368 φανησομένη;
1489 2287 1579 2351 Ὠς
1635 2285 1697 2341 οὗ
1753 2285 1995 2358 κοσμική

336 2379 473 2437 οὐδὲ
502 2379 763 2458 ἐπίγειος,
813 2374 1030 2457 ἔφασαν,
1090 2376 1409 2455 ἐπουράνιος
1464 2374 1521 2431 δέ
1576 2375 1667 2431 καὶ
1726 2373 1814 2430 ἐπὶ
1875 2396 1998 2430 συν-

334 2470 524 2543 τελείᾳ
554 2474 662 2526 τῶν
692 2470 906 2525 αἰώνων
966 2467 1020 2524 ἐν
1080 2465 1208 2543 δόξῃ
1268 2464 1543 2543 ἐρχομένη
1584 2470 1764 2543 κρῖναι
1799 2469 2001 2535 ζῶντας

336 2561 428 2618 καὶ
487 2558 735 2636 νεκρούς.
795 2558 913 2636 Ἐφ’
972 2558 1058 2620 οἷς
1118 2557 1279 2621 αὐτὸς
1331 2556 1541 2611 τούτων
1588 2558 1998 2633 καταφρονήσας

339 2650 668 2726 ἐλευθέρους
704 2649 800 2723 μὲν
856 2647 1049 2711 αὐτοὺς
1104 2647 1321 2725 ἀφεῖναι
1378 2644 1646 2715 ἐκέλευσε,
1682 2648 1770 2702 τὸν
1812 2643 1870 2701 δὲ
1896 2652 1996 2716 τῆς

342 2740 680 2810 Ἐκκλησίας
716 2735 960 2813 διωγμὸν
990 2740 1353 2794 καταπαῦσαι.
1405 2734 1578 2796 Οὗτος
1606 2737 1635 2791 ὁ
1667 2735 1996 2809 Δομετιανὸς

340 2829 586 2904 Νερούαν
640 2826 759 2883 τινά
835 2825 1127 2882 ὑπεύθυνον
1178 2822 1426 2880 ἐκέλευσε
1484 2830 1659 2894 ζῶντα
1720 2822 1997 2899 βληθῆναι

344 2917 423 2980 εἷς
478 2920 609 2991 πῦρ.
665 2918 786 2974 Τῶν
846 2910 903 2969 δὲ
961 2912 1314 2990 ἀστρονόμων
1366 2911 1627 2969 εἰπόντων
1690 2912 1790 2968 ὑπὸ
1842 2913 2000 2975 κυνὸς

343 3009 538 3060 τοῦτον
634 3003 1101 3075 ἀναλωθήσεσθαι,
1196 3002 1349 3066 εύθὸς
1443 3002 1599 3065 ὑετὸς
1659 3002 2000 3077 κατενεχθεὶς

355 3092 561 3155 πολεῦς
611 3097 707 3164 τὴν
747 3093 1014 3169 πυρκαϊὰν
1080 3088 1284 3164 ἔσϐεσε,
1345 3091 1434 3147 καὶ
1493 3089 1771 3166 δεδεμένον
1805 3089 1886 3147 ἓτι
1920 3092 1998 3147 τὼ

356 3186 517 3261 χεῖρε
543 3182 686 3245 κύνες
728 3181 1006 3262 ἀφεθέντες
1059 3186 1251 3238 τοῦτον
1307 3180 1635 3262 κατέφαγον.
1670 3183 1910 3259 Λάργιος
1943 3179 2001 3236 δὲ

343 3270 681 3347 ἀστρονόμος
711 3272 856 3328 εἶπεν
892 3272 969 3337 εἰς
999 3271 1124 3349 ὄψιν
1176 3275 1257 3344 τῷ
1314 3273 1627 3345 Δομετιανῷ
1655 3271 1998 3343 τεθνήξεσθαι

336 3359 526 3437 ἡμέρᾳ
564 3360 720 3438 τῇδε.
784 3364 848 3424 Ὀ
907 3362 965 3420 δὲ
1019 3362 1297 3419 ἐκέλευσεν
1344 3363 1505 3420 αὐτὸν
1560 3360 1912 3441 φυλαχθῆναι
1946 3359 1999 3416 ἐν

338 3451 592 3527 δεσμοῖς,
625 3453 699 3517 ὡς
747 3452 806 3508 ἂν
855 3460 959 3524 τῆς
1015 3450 1227 3528 ἡμέρας
1288 3449 1613 3522 διελθούσης
1642 3457 1708 3526 τῇ
1740 3450 1995 3528 ἐπαύριον

337 3541 633 3617 ἀναιρήσῃ.
696 3540 874 3599 Ἀλλὰ
952 3543 1246 3620 σφαγέντος
1325 3542 1494 3597 αὐτοῦ
1550 3541 1653 3596 ὑπὸ
1726 3539 1998 3617 Στεφάνου

339 3627 711 3705 ἀπελευθέρου
741 3629 932 3700 αὐτοῦ,
974 3629 1219 3701 ἀπελύθη
1280 3624 1553 3701 ἀϐλαϐής.
1588 3630 1762 3692 Οὗτος
1789 3627 1999 3685 Ἀπολ-

344 3718 549 3775 λώνιον
608 3721 702 3775 τὸν
762 3720 973 3776 Τυανέα
1028 3719 1277 3795 ἀπέκειρε
1331 3719 1423 3774 καὶ
1481 3717 1700 3793 δέσμιον
1735 3717 1811 3783 εἷς
1844 3715 1999 3773 δικα-

338 3809 569 3883 στήριον
596 3805 790 3886 ἤγαγε.
824 3807 955 3865 Τότε
985 3807 1111 3887 φασῖ
1164 3809 1252 3863 καὶ
1313 3809 1376 3863 τὸ
1415 3806 1839 3884 πολυθρύλητον
1870 3805 1998 3872 ἔπος

330 3896 511 3954 ἐκεῖνο
543 3897 637 3954 τὸν
673 3895 1052 3956 ’Λπολλώνιον
1083 3899 1271 3954 εἰπεῖν*

342 4150 425 4210 Οὐ
462 4151 566 4227 μάν
601 4171 669 4225 με
696 4169 951 4223 κτανεεις,
1006 4150 1122 4207 ἐπεὶ
1180 4147 1247 4206 οῦ
1297 4172 1383 4209 τοι
1439 4151 1712 4228 μόρσιμός
1742 4153 1857 4227 εἰμι
1888 4154 2002 4228 (52)

341 4296 438 4352 καὶ
471 4293 699 4376 ἄφαντον
753 4294 999 4371 γενέσθαι
1053 4303 1418 4372 παραχρῆμα,
1451 4298 1567 4353 κατ’
1614 4295 1780 4368 αὐτὴν
1816 4296 1872 4354 δὲ
1901 4301 1998 4368 τὴν

343 4387 495 4460 ὤραν
551 4385 836 4459 εὑρεθῆναι
895 4383 970 4447 εἷς
1025 4383 1327 4447 Ποτιόλους
1384 4388 1607 4461 ἡμερῶν
1660 4391 1825 4449 τριῶν
1883 4384 2003 4442 διά-

339 4495 548 4547 στημα.
610 4474 706 4535 Ὃς
756 4473 928 4549 εὑρὼν
985 4472 1158 4531 ἐκεῖσε
1211 4475 1301 4530 τὸν
1363 4476 1613 4548 μαθητήν
1670 4476 1840 4531 αὐτοῦ
1899 4478 2002 4531 Δα-

345 4584 525 4637 μαντα
555 4562 876 4639 ἀνήγγειλεν
936 4564 1088 4636 αὐτῷ
1145 4563 1211 4617 τὰ
1266 4565 1385 4620 κατ’
1440 4564 1627 4635 αὐτὸν,
1659 4567 1798 4621 καθὰ
1828 4563 1998 4621 Φιλό-

344 4672 579 4729 στρατος
610 4653 835 4726 ἱστορεῖ.
870 4653 969 4707 Καὶ
1016 4656 1097 4725 τῷ
1160 4653 1298 4726 μετὰ
1349 4654 1677 4727 Δομετιανὸν
1733 4652 1997 4729 μέλλοντι

346 4739 672 4817 βασιλεῦσαι
705 4742 918 4817 Νερούᾳ
947 4743 1048 4811 τήν
1104 4740 1361 4817 τελευτήν
1415 4742 1731 4817 γράμμασιν
1773 4743 1997 4807 οἰκείοις

338 4833 745 4908 προεσήμαινεν.
815 4832 932 4909 Ἐφ’
986 4830 1050 4887 οὗ
1127 4833 1396 4905 Τιμόθεος
1457 4834 1485 4889 ὁ
1543 4833 1852 4898 ἀπόστολος
1908 4834 1997 4890 καὶ

337 4923 652 4993 Ὀνήσιμος
696 4921 1100 4997 ἐμαρτύρησαν,
1157 4922 1247 4977 καὶ
1306 4921 1545 4995 Κλήμης
1601 4923 1735 4999 ὑπὲρ
1763 4926 1999 4998 Χριστοῦ

335 5011 666 5086 ἀναιρεῖται,
724 5012 814 5066 καὶ
874 5012 1135 5081 Ἰωάννης
1189 5010 1582 5087 εύαγγελιστὴς
1611 5012 1663 5067 ἐν
1695 5015 1898 5087 Πάτμῳ
1928 5020 1998 5090 τῇ

332 5103 490 5174 νήσῳ
522 5100 598 5163 ὡς
632 5099 925 5165 ὑπεύθυνος
962 5099 1275 5175 ἐξορίζεται.

406 5191 473 5248 Ὁ
504 5193 593 5264 [Ρ.
627 5192 753 5263 246]
788 5187 845 5244 δὲ
876 5187 1254 5252 Ἀπολλώνιος
1304 5189 1411 5246 ἀπὸ
1464 5192 1686 5265 Ῥώμης
1719 5190 1893 5256 ἐλθὼν
1924 5191 2002 5257 εἰς

330 5282 397 5337 τὸ
442 5281 755 5351 Βυζάντιον,
814 5278 905 5335 καὶ
962 5276 1336 5355 παρακληθεὶς
1397 5280 1501 5337 ὑπὸ
1549 5284 1657 5336 τῶν
1712 5281 1998 5356 ἐντοπίων,

2111 1949 2240 1988 esse
2274 1949 2484 1988 novem
2526 1933 2803 1988 denarios
2863 1940 2921 1989 et
2975 1950 3165 2006 pauca
3195 1935 3318 2005 agri
3341 1935 3575 2007 jugera,
3611 1936 3771 1991 unde

2110 2022 2395 2077 tributum
2444 2024 2713 2078 solvant:
2769 2023 2947 2079 simul
3007 2031 3065 2078 et
3119 2039 3356 2090 manus,
3392 2041 3521 2095 qua:
3583 2024 3767 2080 callos

2111 2110 2406 2168 duxerant
2435 2128 2613 2184 opere
2643 2111 2943 2176 faciundo,
2972 2113 3379 2168 ostenderunt.
3403 2114 3549 2168 Tum
3576 2112 3765 2185 impe-

2110 2207 2307 2257 rator:
2342 2204 2412 2256 Et
2437 2202 2740 2273 quodnam
2773 2209 2863 2257 est
2888 2201 3104 2258 Christi
3135 2218 3406 2273 regnum,
3431 2220 3497 2257 ac
3529 2203 3768 2274 quando

2109 2292 2391 2366 appetet?
2412 2293 2870 2365 Responderunt
2889 2308 3011 2348 non
3035 2309 3162 2348 esse
3177 2293 3551 2349 mundanum
3575 2310 3771 2364 neque

2111 2387 2437 2450 terrenum,
2474 2382 2577 2438 sed
2609 2381 2869 2446 caeleste,
2904 2387 2962 2438 et
2995 2382 3296 2438 Christum
3326 2383 3387 2438 in
3419 2382 3538 2438 ﬂne
3565 2382 3775 2438 mundi

2109 2469 2169 2526 id
2203 2471 2517 2536 initurum,
2549 2471 2651 2526 ubi
2683 2472 2754 2525 de
2782 2471 2925 2526 vivis
2961 2472 3037 2527 sit
3086 2475 3146 2527 et
3192 2472 3444 2527 mortuis
3468 2472 3775 2543 judicatu-

2111 2576 2231 2615 rus.
2275 2560 2358 2615 Ob
2416 2560 2543 2615 hasc
2584 2560 2903 2633 imperator
2956 2561 3088 2615 istis
3148 2560 3494 2615 hominibus
3531 2561 3769 2633 spretis,

2108 2648 2381 2705 libertate
2412 2648 2652 2705 donavit
2682 2656 2867 2718 eos,et
2898 2665 2931 2704 a
2955 2647 3389 2720 prosequendis
3415 2648 3769 2703 Christianis

2111 2739 2317 2794 desisti
2342 2738 2542 2811 jussit.
2572 2740 2627 2793 Is
2652 2738 3024 2793 Domitianus
3047 2740 3296 2793 Nervam
3330 2738 3649 2808 quemdam
3680 2737 3768 2792 rei

2110 2827 2381 2901 capitalis
2414 2829 2763 2884 damnatum
2785 2827 2979 2882 vivum
3010 2827 3071 2882 in
3095 2829 3295 2900 ignem
3322 2825 3540 2897 conjici
3565 2827 3771 2898 jussit.

2108 2918 2434 2989 Astrologis
2467 2923 2663 2973 autem
2687 2916 3150 2990 prmdicentibus
3178 2932 3314 2971 eum
3346 2932 3379 2970 a
3409 2931 3556 2971 cane
3586 2914 3776 2971 lania-

2108 3011 2235 3061 tum
2295 3005 2391 3073 iri,
2454 3007 2654 3060 statim
2729 3006 2929 3079 largus
3002 3004 3201 3060 imber
3266 3003 3509 3060 obortus
3566 3020 3775 3078 rogum

2110 3096 2414 3161 exstinxit,
2449 3101 2506 3149 et
2534 3094 2789 3150 immissi
2839 3097 3041 3151 Nervas
3099 3093 3293 3150 adhuc
3327 3110 3541 3150 manus
3591 3093 3773 3166 ligato

2112 3200 2289 3241 canes
2321 3201 2457 3240 eum
2490 3182 2943 3239 devoraverunt.
2998 3182 3241 3257 Largius
3272 3198 3408 3238 vero
3441 3181 3774 3255 astrologus

2113 3276 2174 3330 in
2196 3273 2408 3330 faciem
2427 3273 2760 3329 Domitiano
2779 3271 2928 3328 dixit
2949 3289 3085 3328 eum
3107 3271 3201 3328 die
3220 3288 3399 3342 quam
3423 3269 3776 3327 nominabat

2112 3365 2491 3420 moriturum.
2554 3362 2927 3418 Domitianus
2981 3378 3112 3417 eum
3163 3362 3382 3417 servari
3430 3360 3492 3415 in
3522 3359 3775 3416 vinculis

2103 3455 2307 3527 jussit.
2341 3460 2400 3509 et
2429 3470 2498 3509 ea
2528 3453 2623 3508 die
2657 3458 2861 3508 exacta
2894 3453 3042 3509 481
3082 3450 3369 3523 postridie
3412 3450 3769 3507 necandum.

2113 3542 2226 3599 Sed
2258 3545 2638 3616 imperatore,
2670 3542 2753 3599 uti
2786 3540 3160 3615 praedixerat.
3188 3542 3406 3609 occiso,
3437 3538 3551 3596 fuit
3581 3556 3615 3596 a
3645 3541 3776 3596 Ste-

2114 3632 2311 3705 phano
2340 3633 2554 3688 liberto
2587 3632 2766 3702 illius,
2800 3631 2930 3688 sine
2960 3647 3116 3687 noxa
3145 3630 3448 3686 dimissus.
3483 3632 3538 3685 Is
3567 3628 3774 3685 Domi-

2113 3725 2311 3780 tianus
2348 3721 2732 3794 Apollonium
2764 3722 3065 3795 Tyaneum
3110 3726 3351 3776 tonsum
3382 3718 3771 3790 vinctumque

2114 3813 2189 3869 ad
2219 3811 2479 3868 tribunal
2506 3810 2770 3867 adduxit.
2803 3810 2927 3876 Quo
2960 3814 3226 3882 tempore
3256 3810 3459 3864 ferunt
3498 3807 3557 3863 id
3586 3805 3771 3863 fuisse

2112 3902 2185 3958 ab
2234 3900 2545 3973 Apollonio
2577 3900 2802 3957 dictum
2843 3898 3002 3971 quod
3045 3899 3312 3955 omnium
3366 3897 3581 3953 deinde
3646 3910 3770 3951 ser-

2110 4005 2287 4047 mone
2319 3992 2410 4045 est
2438 3986 2826 4047 celebratum.

2184 4156 2268 4211 Me
2291 4167 2403 4207 non
2450 4153 2733 4206 interimas
2752 4167 2774 4215 ;
2820 4162 2933 4204 non
2965 4149 3066 4203 hoc
3110 4147 3216 4202 tibi
3243 4150 3368 4216 fata
3405 4146 3696 4213 dederunt,

2115 4294 2413 4366 simulque
2445 4290 2640 4347 subito
2672 4289 3019 4362 conspectui
3052 4287 3363 4343 hominum
3405 4283 3768 4341 subductum

2114 4386 2318 4453 fuisse,
2352 4384 2777 4452 inventumque
2810 4378 3019 4435 eadem
3068 4376 3217 4432 hora
3264 4375 3550 4442 Puteolis,
3586 4374 3772 4431 tridui

2114 4494 2149 4533 δ.
2174 4479 2359 4532 Roma
2388 4474 2622 4541 itinere,
2676 4468 2966 4540 discipulo
3028 4484 3133 4523 suo
3168 4465 3400 4522 Damidi
3427 4464 3651 4520 ibidem
3682 4478 3771 4517 re-

2113 4575 2302 4641 perto,
2326 4566 2470 4639 quid
2492 4581 2695 4621 secum
2716 4562 2928 4618 fuisset
2947 4566 3145 4616 actum
3169 4559 3534 4631 exposuisse.
3550 4560 3771 4613 Auctor

2108 4659 2524 4716 Philostratus.
2586 4655 2689 4709 Hic
2747 4651 3098 4725 Apollonius
3157 4652 3380 4717 Nerva-3,
3425 4648 3527 4720 qui
3574 4648 3771 4703 fuerat

2110 4749 2446 4806 Domitiano
2491 4760 2899 4809 successurus,
2956 4741 3179 4797 exitum
3237 4739 3495 4812 prepriis
3552 4736 3769 4793 litteris

2114 4835 2745 4911 prmdixitﬂomitiano
2770 4832 3104 4904 imperante
3123 4830 3458 4886 doctrinam
3480 4826 3772 4885 Christia-

2109 4945 2251 4984 nam
2266 4926 2608 4982 Timotheus
2624 4922 2928 4994 apostolus
2943 4928 3001 4976 et
3013 4920 3328 4977 Onesimus
3350 4936 3455 4974 suo
3474 4916 3767 4989 supplicio

2109 5018 2574 5080 conﬁrmarunt;
2594 5014 2859 5083 itemque
2876 5011 3236 5079 Clemens,et
3254 5011 3510 5065 Joannes
3528 5023 3768 5077 evange-

2110 5107 2247 5163 lista
2269 5106 2584 5161 damnatus
2616 5103 2677 5158 in
2708 5101 2968 5158 insulam
2999 5102 3250 5155 Patmon
3281 5102 3369 5153 est
3398 5097 3764 5167 deportatus.

2181 5197 2472 5252 Caterum
2505 5190 2858 5264 Apollonius
2891 5193 3074 5246 Roma
3106 5187 3442 5260 Byzantium
3468 5182 3768 5254 profectus

2109 5290 2318 5357 rogatu
2348 5283 2567 5340 civium
2598 5298 2667 5337 ea
2706 5281 2852 5336 urbe
2900 5275 3348 5335 multitudinem
3379 5272 3664 5345 anguium
3695 5285 3764 5325 ac

1557 5408 1924 5466 XYLANDRI
1962 5413 2047 5466 ET
2086 5411 2305 5467 GOARI
2340 5406 2568 5465 NOTAE.

398 5532 515 5605 (51)
551 5534 641 5589 Ad
670 5530 918 5588 verbum
942 5549 956 5587 :
1001 5535 1321 5605 promerita,
1334 5533 1459 5604 jam
1488 5535 1621 5590 olim
1650 5536 1857 5591 innata:
1886 5536 1996 5591 sibi

333 5604 643 5680 ferocitatis
665 5605 908 5676 pra’mia
936 5604 1474 5680 roportqvit.__Gq._\n.

410 5680 527 5751 (52)
562 5674 779 5733 Versus
798 5681 904 5751 est
931 5674 1011 5751 de
1034 5676 1206 5751 initio
1231 5674 1446 5751 Iliadis.
1482 5677 1809 5751 Homerica;
1854 5676 1993 5735 libri

339 5745 477 5824 nil,
505 5745 633 5822 quo
665 5747 875 5822 Apollo
904 5745 1198 5805 Achillem
1228 5762 1263 5803 a
1293 5762 1356 5803 se
1386 5749 1755 5821 insequendo
1780 5750 1996 5807 dehor-

2107 5541 2282 5591 tatur.
2312 5536 2390 5590 Dc
2412 5532 2726 5607 Apollonio
2750 5531 2942 5607 egstat
2955 5520 3555 5607 justum_Philostrati
3587 5538 3759 5593 opus,

2105 5611 2163 5662 et
2194 5608 2319 5661 haec
2349 5594 2552 5661 fabula
2585 5610 2673 5659 est
2704 5602 2764 5656 in
2797 5598 2838 5654 l.
2863 5594 2975 5651 vml
3005 5594 3313 5651 Damidem
3342 5606 3602 5663 quoque,
3635 5609 3760 5647 non

2106 5681 2455 5734 Damantem
2488 5677 2600 5746 legi
2633 5673 2846 5729 debere
2879 5664 3021 5724 satis
3069 5682 3141 5722 ex
3173 5680 3262 5736 eo,
3297 5663 3474 5719 Suida
3505 5664 3757 5735 aliisque

2104 5756 2353 5807 constat.
2386 5751 2526 5803 XvL.
