4154 6416
358 334 474 394 471

1726 323 2055 388 GEORGII
2096 324 2455 388 CEDRENI

3658 333 3777 391 472

361 465 731 537 scorpiorum
764 463 1093 535 expulit,ne
1117 462 1209 517 cui
1235 478 1409 534 porro
1443 458 1672 515 homini
1707 461 2014 513 nocerent.

2134 454 2363 527 ἐποίησε
2418 460 2604 529 ταῦτα,
2666 456 3003 533 φυγαδεύσας
3061 460 3125 514 τὸ
3178 458 3393 530 πλῆθος
3446 466 3553 515 τῶν
3602 460 3780 534 ὅφεων

357 556 659 625 Equorum
693 553 870 607 etiam
906 553 966 607 in
992 551 1381 608 conventibus
1407 550 1747 620 principum
1770 547 2011 602 confuse

354 643 773 699 ferocientium
805 642 1220 712 intemperiem
1270 639 1608 693 refrenavit.
1641 637 1805 693 Idem
1835 636 1908 691 ab
1941 651 2008 690 eo

357 734 703 801 Antiochia,
736 750 869 788 cum
903 749 970 786 eo
1005 731 1280 795 venisset,
1314 728 1705 801 efﬂagitatum
1728 732 1835 782 est.
1866 726 2013 780 Cum

357 824 520 879 enim
549 823 980 878 Antiochenses
1010 837 1043 875 a
1076 819 1325 889 scorpiis
1366 823 1425 873 et
1454 818 1743 873 culicibus
1774 817 2011 871 divexa-

355 919 584 980 rentur,
612 927 833 965 azreum
870 910 991 980 ipse
1048 908 1350 979 scorpium
1381 907 1679 974 conﬂavit,
1715 918 2013 976 supraque

359 1019 495 1057 eum
526 1002 586 1055 in
620 1006 776 1054 terra
805 999 1141 1068 depositum
1173 1014 1353 1068 parva
1381 1003 1579 1052 erecta
1609 997 1890 1051 columna
1918 1011 2017 1065 po-

355 1091 493 1162 pulo
518 1090 700 1160 jussit
746 1093 811 1142 ut
865 1087 1128 1142 calamos
1192 1092 1512 1158 gestarent,
1548 1100 1771 1157 perque
1803 1083 2013 1137 urbem

353 1177 695 1243 circuirent,
729 1182 785 1230 et
829 1176 1092 1231 calamos
1150 1175 1563 1230 concutientes
1600 1174 2011 1229 inclamarent.

354 1269 530 1321 Vacet
566 1265 709 1320 urbs
744 1265 1057 1320 culicibus.
1116 1265 1269 1320 432
1325 1266 1405 1319 Eo
1444 1263 1621 1319 modo
1686 1267 1743 1317 et
1798 1258 2014 1331 scorpii

349 1360 408 1410 et
436 1355 656 1410 culices
688 1370 758 1409 ea
803 1371 873 1408 ex
904 1354 1051 1408 urbe
1100 1353 1396 1425 profligati
1449 1356 1606 1408 sunt.
1640 1352 1784 1405 Cum
1816 1355 2014 1404 autem

347 1450 654 1517 peteretur
688 1445 760 1499 ab
798 1461 865 1499 eo
896 1449 962 1498 ut
995 1449 1161 1497 terra:
1197 1449 1392 1499 motus
1421 1442 1635 1514 quibus
1664 1439 2016 1512 afﬂigeban—

348 1541 447 1589 tur
477 1538 788 1599 averteret,
824 1532 1221 1604 ingemiscens
1278 1532 1339 1585 in
1371 1530 1593 1585 tabulis
1626 1530 1709 1584 ita
1739 1529 2014 1599 scripsit:

358 1626 451 1678 Vae
484 1623 612 1689 tibi,
639 1623 859 1677 misera
882 1621 1044 1688 urbs,
1070 1621 1352 1691 quoniam
1380 1626 1549 1674 terras
1574 1618 1835 1673 motibus
1868 1616 2015 1672 mul-

354 1713 431 1767 tis
489 1712 904 1781 incendiisque
962 1709 1378 1781 prosterneris,
1442 1715 1620 1779 teque
1662 1709 1913 1763 Orontes
1943 1705 2016 1762 ad

352 1802 514 1871 ripas
544 1817 680 1855 suas
731 1797 993 1854 deflebit.
1058 1800 1137 1853 De
1198 1800 1308 1853 hoc
1367 1813 1621 1870 magnus
1667 1796 2017 1851 Anastasius

350 1889 663 1960 Theopolis
719 1889 1033 1959 episcopus
1094 1887 1176 1942 ita
1232 1886 1474 1942 scribit:
1527 1885 1893 1951 Quibusdam
1952 1885 2016 1938 in

352 1978 500 2032 locis
530 1978 605 2032 ad
633 1978 791 2033 hunc
822 1993 1009 2047 usque
1042 1976 1201 2031 diem
1228 1975 1528 2047 Apollonii
1558 1991 1740 2045 opera
1770 1980 1931 2029 stant
1960 1980 2020 2028 et

349 2083 516 2121 suam
544 2067 765 2121 habent
797 2066 1233 2132 efficacitatem,
1266 2065 1385 2120 alia
1432 2063 1919 2135 quadrupedibus
1950 2079 2018 2117 ac

348 2155 690 2210 volucribus
748 2154 1053 2209 damnosis
1102 2153 1459 2221 avertendis,
1494 2153 1608 2207 alia
1660 2152 1735 2207 ad
1794 2151 2016 2206 inordi-

353 2250 526 2299 natos
549 2244 816 2299 amnium
845 2260 1127 2297 excursus
1152 2242 1657 2311 iuhibendos,alia
1681 2242 1814 2296 aliis
1839 2240 2017 2295 rebus

356 2351 487 2406 qua)
529 2332 875 2387 hominibus
932 2332 1355 2388 detrimentum
1414 2333 1669 2387 afferent
1720 2329 2015 2386 arcendis.

353 2426 555 2494 Neque
592 2440 659 2477 eo
691 2428 923 2477 tantum
956 2422 1082 2475 vivo
1117 2422 1417 2476 daemones
1469 2439 1573 2492 per
1604 2422 1800 2492 ipsum
1834 2424 1921 2473 tot
1950 2436 2018 2474 ac

350 2513 493 2568 talia
523 2517 789 2583 egerunt,
818 2511 919 2566 sed
944 2511 1069 2582 ipso
1107 2511 1286 2565 etiam
1320 2516 1551 2565 mortuo
1584 2510 1658 2565 ad
1685 2509 2017 2564 monimen-

356 2608 481 2658 tum
534 2603 662 2674 ejus
719 2607 1263 2673 perseveraverunt,
1313 2607 1488 2671 atque
1550 2601 1740 2672 ipsius
1772 2600 2016 2654 nomine

351 2692 645 2748 miracula
674 2691 947 2762 quaedam
1004 2690 1320 2746 ediderunt
1348 2691 1421 2745 ad
1454 2688 1871 2761 decipiendum
1904 2689 2011 2742 mi-

359 2800 524 2839 seros
553 2783 849 2849 homines,
893 2782 992 2851 qui
1051 2781 1223 2836 facile
1274 2780 1617 2850 hujusmodi
1651 2780 1829 2835 rebus
1881 2795 1943 2833 se
1985 2795 2019 2834 a

354 2872 586 2929 diabolo
618 2873 681 2925 in
710 2870 983 2926 fraudem
1039 2870 1240 2925 induci
1300 2871 1628 2941 patiuntur.
1672 2868 1824 2933 Quid
1856 2867 2017 2922 enim

356 2962 552 3017 dicam
585 2960 656 3014 de
688 2958 1059 3014 Mauethonis
1106 2958 1351 3029 magicis
1386 2957 1666 3029 operibus
1691 2957 1719 3011 ?
1750 2957 1851 3027 qui
1886 2962 2015 3011 tan-

355 3055 451 3106 tus
481 3048 594 3103 fuit
623 3049 872 3102 istarum
905 3048 1368 3119 imposturarum
1419 3046 1652 3111 artifex,
1686 3051 1753 3100 ut
1785 3062 2021 3116 semper

350 3141 551 3213 palam
582 3138 962 3209 Apollonium
992 3139 1244 3193 irriserit
1274 3146 1339 3194 ut
1387 3155 1507 3194 non
1540 3138 1803 3210 perfecta
1833 3137 2013 3208 hujus

352 3229 637 3286 doctrinae
651 3228 865 3299 peritia
879 3229 1233 3283 instructum
1250 3227 1591 3299 :Oportebat
1605 3226 2011 3292 enim,aiebat,

353 3335 511 3386 eum,
547 3317 721 3372 sicuti
780 3331 884 3387 ego
940 3316 1125 3382 soleo,
1168 3315 1312 3371 solis
1344 3315 1535 3370 verbis
1569 3314 1851 3386 perﬁcere
1885 3330 2014 3383 qum

351 3409 550 3473 vellet,
591 3423 714 3461 non
765 3422 1013 3477 Operum
1066 3404 1482 3460 effectionibus
1518 3403 1591 3458 ad
1626 3420 1695 3458 ea
1727 3403 1831 3457 uti.
1884 3403 2017 3456 Haec

355 3502 555 3553 autem
572 3495 774 3550 omnia
791 3495 890 3549 Dei
911 3495 1206 3565 permissu
1227 3500 1283 3548 et
1303 3493 1644 3547 daamonum
1668 3491 2016 3546 efﬁcacitate

356 3588 530 3654 ﬁunt,
562 3592 628 3640 ut
655 3586 996 3656 hujusmodi
1033 3584 1211 3640 rebus
1261 3600 1397 3638 vera
1441 3589 1647 3637 nostra
1679 3581 2018 3653 exploretur

362 3676 531 3742 ﬁdes,
563 3676 813 3730 ﬁrmane
846 3691 916 3729 ea
945 3675 1021 3728 sit
1062 3678 1122 3727 et
1149 3673 1265 3727 fixa
1296 3671 1665 3741 Dominoque
1709 3671 1863 3726 433
1912 3670 2016 3725 ad-

358 3766 614 3831 haerens,
646 3781 841 3835 neque
876 3763 948 3819 ab
1008 3779 1077 3817 eo
1136 3780 1197 3816 se
1248 3760 1421 3815 avelli
1464 3760 1669 3815 sinens
1700 3760 2015 3832 praestigiis

359 3855 489 3909 istis
510 3871 577 3909 ac
608 3852 915 3908 diabolicis
948 3850 1253 3922 prodigiis,
1287 3866 1417 3920 quas
1450 3848 1782 3904 ministerio
1817 3865 2013 3903 servo-

356 3960 489 3997 rum
521 3941 921 4013 improbitatis
953 3938 1231 3993 eduntur.
1264 3938 1489 4010 Quippe
1519 3938 1695 3994 etiam
1729 3938 1829 3993 Dei
1863 3956 2016 4009 pra:-

355 4038 624 4089 texentes
654 4046 876 4086 nomen
908 4027 1175 4083 nonnulli
1204 4028 1503 4083 vaticinati
1538 4034 1695 4093 sunt,
1722 4034 1789 4082 ut
1811 4028 2011 4083 Balaa-

356 4138 511 4187 mus,
545 4119 755 4176 Saulus
787 4123 844 4172 et
883 4116 1316 4187 Caiaphas.Alii
1377 4116 1565 4172 malos
1613 4117 1817 4189 genios
1874 4117 2015 4171 abe-

354 4217 587 4284 gerunt,
620 4214 686 4265 ut
709 4208 888 4263 Judas
948 4212 1006 4261 et
1062 4207 1170 4261 filii
1232 4209 1446 4262 Scevaa.
1485 4211 1567 4262 lta
1599 4208 1787 4279 gratia
1816 4208 2015 4261 divina

355 4301 536 4355 etiam
568 4314 675 4370 per
705 4296 982 4368 indignos
1004 4295 1327 4366 aliquando
1357 4302 1634 4366 operatur
1665 4302 1729 4350 ut
1759 4296 1892 4351 aliis
1918 4296 2016 4350 be-

354 4388 636 4445 nefaciat.
662 4388 807 4441 Nam
832 4385 1143 4440 Balaamus
1166 4402 1360 4455 neque
1378 4390 1539 4440 recte
1560 4386 1793 4440 vivebat
1819 4401 2012 4456 neque

352 4495 491 4533 vera
520 4481 649 4531 erat
678 4474 795 4529 fide
829 4474 1151 4545 prmditus:
1206 4479 1263 4528 et
1316 4479 1515 4529 tamen
1557 4474 1657 4529 Dei
1689 4476 1879 4547 gratia
1908 4491 2015 4546 per

2117 544 2210 599 καὶ
2242 546 2516 621 σκορπίων
2573 548 2632 601 ἐκ
2686 555 2788 618 τῆς
2848 546 3087 620 πόλεως,
3146 545 3288 604 ὥστε
3350 550 3426 621 μὴ
3476 548 3780 605 ἀδικεῖσθαι

2124 635 2216 689 ὑπ’
2248 635 2423 690 αὐτῶν
2452 634 2580 697 τοὺς
2611 635 2951 711 ἀνθρώπους,
3002 637 3091 692 καὶ
3140 642 3247 692 τῶν
3297 636 3483 693 ἵππων
3516 643 3614 710 τήν
3648 640 3777 697 ἀταο

2120 723 2232 795 ξίαν
2267 723 2581 798 χαλινώσας
2641 726 2692 780 ἐν
2734 732 2853 789 ταῖς
2905 726 3246 782 συνελεύσεσι
3292 732 3399 782 τῶν
3470 731 3779 805 ἀρχόντων.

2119 811 2391 875 Ὡσαύτως
2445 814 2535 868 καὶ
2584 814 2660 876 εἷς
2724 813 3066 894 Ἀντιόχειαν
3127 818 3566 893 παραγενόμενος
3601 818 3780 875 δυο-ωε

2120 903 2314 971 πηθεὶς
2374 902 2615 973 ἐποίησε.
2672 906 3120 978 Τυραννουμένων
3170 908 3275 981 γὰρ
3304 912 3412 962 τῶν
3447 909 3779 985 Ἀντιοχέων

2125 991 2227 1045 ὑπὸ
2279 996 2388 1046 τῶν
2427 994 2701 1066 σκορπίων
2763 993 2852 1048 καὶ
2912 996 3211 1067 κωνώπων,
3267 999 3503 1067 ποιήσας
3560 997 3774 1073 χαλκὸν

2119 1080 2385 1155 σκορπίον
2442 1082 2533 1136 καὶ
2590 1083 2777 1157 χώσας
2834 1082 2993 1139 αὐτὸν
3071 1083 3122 1138 ἐν
3176 1089 3245 1158 τῇ
3298 1089 3368 1160 γῇ
3423 1088 3512 1141 καὶ
3577 1090 3769 1162 μικρὸν

2121 1168 2415 1241 ἐπιστήσας
2473 1170 2654 1226 ἐπάνω
2710 1172 2885 1241 κίονα,
2974 1173 3253 1247 βαστάζειν
3340 1177 3630 1249 προσέταξε
3687 1199 3783 1232 κα-

2123 1258 2335 1332 λάμους
2391 1265 2472 1333 τῷ
2533 1260 2673 1333 λαῷ,
2728 1261 2820 1316 καὶ
2877 1262 3345 1337 περιερχομένους
3396 1265 3447 1319 ἐν
3514 1270 3582 1339 τῇ
3616 1265 3782 1322 πόλει

2120 1348 2356 1422 κράζειν,
2419 1350 2546 1412 τοὺς
2603 1350 2887 1423 καλάμους
2946 1351 3299 1423 ἐπισείοντας,
3378 1355 3679 1411 Ἀκώνωπα
3708 1361 3778 1431 τῇ

2120 1437 2304 1495 πόλει.
2340 1438 2439 1493 Καὶ
2495 1438 2669 1503 οὕτως
2721 1438 3146 1513 ἐξηφανίσθησαν
3198 1440 3258 1496 ἐκ
3311 1449 3411 1512 τῆς
3467 1442 3683 1507 πόλεως
3727 1447 3779 1501 οἳ

2120 1549 2181 1582 τε
2210 1528 2463 1603 σκορπίοι
2494 1531 2585 1584 καὶ
2635 1531 2687 1584 οἱ
2739 1534 3022 1594 κώνωπες.
3078 1533 3339 1604 Αἷτηθεὶς
3396 1531 3454 1590 δὲ
3508 1536 3597 1589 καὶ
3652 1537 3778 1611 περὶ

2122 1622 2229 1671 τῶν
2288 1616 2641 1690 ἐπικειμένων
2698 1619 2835 1694 αὐτῇ
2912 1625 3170 1694 σεισμῶν,
3243 1624 3491 1693 στενάξας
3548 1616 3781 1699 ἔγραψεν

2124 1705 2175 1760 ἐν
2208 1704 2460 1781 διπτύχῳ
2489 1711 2677 1761 ταῦτα’
2712 1708 2847 1766 Οὐαί
2906 1730 3015 1778 σοι,
3074 1708 3304 1765 τάλαινα
3330 1710 3518 1781 πόλις,
3553 1713 3638 1768 ὅτι
3670 1736 3785 1770 σει-

2046 1827 2093 1891 B
2125 1801 2314 1867 σμοῖσι
2346 1794 2585 1859 πολλοῖς
2616 1798 2705 1853 καὶ
2754 1804 2984 1874 πυρσοῖς
3041 1804 3440 1876 κατενεχθήσῃ.
3477 1801 3783 1859 Κλαύσεται

2130 1880 2153 1901 κ

2126 1882 2182 1938 δέ
2214 1906 2270 1939 σε
2297 1886 2386 1939 καὶ
2420 1887 2447 1940 ὁ
2479 1888 2606 1960 παρ’
2638 1886 2917 1961 αἰγιαλοῖς
2974 1885 3260 1963 Ὀρόντης.
3318 1891 3448 1965 Περὶ
3503 1893 3565 1946 οὗ
3602 1894 3785 1965 μέντοι

2124 1972 2213 2029 καὶ
2245 1975 2272 2029 ὁ
2313 1973 2483 2051 μέγας
2515 1976 2866 2039 Ἀναστάσιος
2932 1976 3292 2041 Θεουπόλεώς
3348 2001 3530 2058 φησιν·
3564 1981 3779 2039 Ἀπολ-

2126 2062 2332 2118 λωνίου
2390 2061 2447 2118 δὲ
2508 2066 2675 2143 μέχρι
2736 2070 2827 2119 νῦν
2887 2066 2941 2120 ἔν
2998 2089 3107 2125 τισι
3168 2069 3362 2130 τόποις
3413 2069 3687 2145 ἐνεργοῦσι
3718 2073 3784 2127 τά

2126 2152 2540 2225 ἀποτελέσματα
2625 2155 2903 2228 ἱστάμενα,
2987 2158 3055 2211 τά
3135 2159 3227 2230 μὲν
3308 2159 3383 2223 εἷς
3458 2159 3780 2235 ἀποτροπὴν

2125 2244 2280 2312 ζώων
2332 2241 2678 2317 τετραπόδων
2733 2246 2826 2300 καὶ
2866 2251 3122 2302 πετεινῶν
3174 2248 3437 2323 βλάπτειν
3472 2247 3775 2324 δυναμένων

2123 2330 2465 2405 ἀνθρώπους,
2526 2333 2592 2387 τὰ
2633 2331 2690 2388 δὲ
2752 2333 2827 2396 εἰς
2908 2334 3122 2411 ἐποχὴν
3183 2338 3467 2411 ῥευμάτων
3526 2345 3783 2414 ποταμοῦ

2122 2420 2387 2508 ἀτάκτως⁸
2426 2424 2748 2500 φερομένου,
2808 2424 2898 2479 καὶ
2956 2424 3105 2480 ἄλλα
3160 2426 3237 2488 εἰς
3297 2422 3453 2501 ἔτερα
3492 2427 3786 2508 ἐπὶφθορᾷ

2121 2509 2212 2564 καὶ
2247 2505 2427 2584 βλάϐῃ
2457 2512 2756 2586 ἀνθρώπων
2822 2514 3145 2590 ὑπάρχοντα
3207 2516 3553 2591 ἀποτρόπαια
3593 2505 3787 2574 ’ίσταν-

2120 2619 2230 2654 ται.
2264 2598 2373 2654 Mai.
2434 2599 2495 2654 οὐ
2558 2595 2723 2672 μόνον
2775 2600 2827 2655 ἐν
2884 2607 2953 2676 τῇ
3014 2606 3132 2676 ζωῇ
3188 2605 3357 2660 αὐτοῦ
3401 2610 3568 2662 ταῦτα
3597 2608 3686 2662 καὶ
3716 2609 3785 2664 τά

2121 2688 2344 2744 τοιαῦτα
2396 2689 2715 2767 εἰργάσαντο
2776 2692 2825 2746 οἱ
2892 2690 3150 2765 δαίμονες
3200 2693 3266 2748 δι’
3315 2696 3505 2765 αὐτοῦ,
3553 2696 3699 2753 ἀλλά
3721 2719 3783 2773 γε

2121 2780 2209 2833 καὶ
2272 2780 2406 2852 μετά
2466 2781 2566 2849 τὴν
2650 2779 2910 2850 τελευτὴν
2999 2782 3163 2838 αὐτοῦ
3248 2784 3647 2858 παραμένοντες
3703 2793 3781 2860 τῷ

2128 2870 2371 2941 μνήματι
2406 2869 2574 2923 αὐτοῦ
2628 2871 2833 2942 σημεῖά
2888 2891 3010 2926 τινα
3068 2869 3117 2944 ἐξ
3178 2872 3453 2946 ὀνόματος
3488 2876 3654 2930 αὐτοῦ
3690 2876 3781 2931 έπ-

2125 2957 2371 3012 ετέλεσαν
2402 2958 2538 3032 πρὸς
2587 2957 2797 3029 ἀπάτην
2846 2964 2954 3014 τῶν
3012 2958 3261 3016 ἐλεεινῶν
3318 2964 3643 3038 ἀνθρώπων,
3673 2970 3781 3020 τῶν

2125 3040 2326 3119 ῥᾳδίως
2382 3046 2873 3121 ὓποκλεπτομένων
2941 3048 3016 3109 εἷς
3097 3050 3163 3104 τά
3240 3056 3464 3106 τοιαῦτα
3525 3053 3629 3108 ὑπὸ
3684 3059 3780 3108 τοῦ

2127 3129 2415 3192 διαϐόλου.
2448 3133 2510 3188 Τί
2541 3134 2601 3188 ἄν
2648 3156 2731 3196 τις
2786 3135 2933 3191 εἷ’ποι
2982 3139 3102 3213 περὶ
3152 3142 3261 3193 τῶν
3306 3139 3441 3195 κατά
3481 3142 3783 3199 Μανέθωνα

2127 3227 2375 3299 μαγικῶν
2406 3220 2577 3299 ἔργων
2607 3243 2620 3294 ;
2654 3225 2712 3287 ὃς
2742 3229 2994 3287 τοιοῦτος
3045 3229 3209 3300 άκρος
3262 3230 3445 3303 γέγονε
3472 3235 3540 3305 τῇ
3576 3235 3779 3305 μαγικῇ

2126 3312 2302 3386 ἀπάτῃ
2340 3310 2478 3367 ὥστε
2510 3310 2866 3384 ἀεὶκέσκωπτε
2912 3314 3211 3390 προδήλως
3258 3319 3350 3372 τὸν
3399 3318 3778 3375 Ἀπολλώνιον

2124 3400 2200 3462 ὡς
2231 3402 2308 3473 μὴ
2361 3395 2560 3474 ἀκριϐῆ
2614 3404 2712 3471 τὴν
2772 3404 2888 3458 κατ’
2929 3402 3122 3466 αὐτοὺς
3181 3404 3553 3485 φιλοσοφικήν
3584 3407 3775 3481 ἐμπεισ

2124 3489 2239 3563 ρίαν
2269 3488 2567 3565 ἐσχηκότα.
2611 3489 2758 3546 Ἔδει
2811 3492 2910 3563 γὰρ
2971 3493 3159 3564 αὐτὸν,
3215 3496 3398 3572 φησῖν,
3430 3495 3611 3571 ὥσπερ
3645 3498 3772 3572 ἐγὼ,

2125 3577 2279 3653 λόγῳ
2327 3578 2480 3651 μόνῳ
2527 3585 2704 3634 ποιεῖν
2763 3580 2896 3654 ἅπερ
2953 3576 3233 3652 ἐϐούλετο,
3287 3584 3377 3638 καί
3445 3585 3521 3657 μή
3579 3585 3774 3640 ἀποτε-

2125 3665 2387 3739 λέσμασιν
2457 3666 2761 3742 ἐπιτρέπειν
2836 3671 2902 3723 τά
2982 3673 3109 3743 παρ’
3186 3670 3351 3727 αὐτοῦ
3406 3675 3778 3748 πραττόμενα.

2121 3761 2298 3810 Ταῦτα
2330 3753 2387 3810 δὲ
2435 3755 2609 3812 πάντα
2667 3761 3017 3836 συγχωρήσει
3074 3760 3171 3815 τοῦ
3230 3765 3364 3817 Θεοῦ
3417 3763 3505 3817 καὶ
3538 3763 3782 3840 ἐνεργείᾳ

2124 3843 2398 3919 δαιμόνων
2446 3847 2686 3922 γίνονται
2737 3850 2873 3924 πρὸς
2923 3850 2984 3905 τὸ
3032 3847 3120 3904 διὰ
3172 3856 3279 3906 τῶν
3327 3852 3591 3909 τοιούτων
3641 3877 3783 3929 πρα-

2119 3936 2343 4011 γμάτων
2439 3932 2827 4010 δοκιμάζεσθαι
2937 3940 3035 4008 τὴι
3134 3939 3405 4016 ἡμετέραν
3491 3942 3778 4019 ὀρθόδοξον

2120 4027 2326 4091 πίστιν,
2386 4024 2431 4080 εἷ
2487 4023 2676 4101 ἑδραία
2732 4025 2843 4080 ἐστί
2899 4028 2988 4081 καὶ
3046 4029 3215 4105 παγία
3279 4032 3661 4105 προσμένουσα
3698 4038 3779 4107 τῷ

2123 4115 2328 4187 Κυρίῳ,
2361 4114 2451 4168 καὶ
2489 4117 2565 4187 μὴ
2598 4114 2983 4189 ὒποσυρομένη
3021 4118 3125 4171 ὑπὸ
3162 4123 3259 4173 τοῦ
3292 4119 3494 4198 ἐχθροῦ
3532 4120 3620 4178 διά
3668 4128 3778 4178 τῶν

2122 4201 2509 4280 φαντασίωδῶν
2575 4202 2810 4274 τεράτων
2920 4206 3009 4259 καὶ
3078 4213 3374 4263 σατανικὼν
3438 4208 3609 4285 ἔργων
3674 4218 3782 4267 τῶν

2121 4291 2506 4366 πραττομένων
2564 4290 2667 4346 ὑπὸ
2735 4297 2842 4347 τῶν
2902 4291 3116 4350 δούλων
3184 4299 3277 4352 καί
3328 4299 3613 4374 ὑπηρετῶν
3686 4309 3785 4371 τῆς

2119 4381 2332 4442 κακίας.
2397 4379 2474 4437 Ού
2540 4380 2647 4452 μὴν
2708 4378 2767 4435 δὲ
2817 4380 2966 4437 ἀλλά
3023 4384 3113 4438 καὶ
3174 4389 3255 4459 τῷ
3314 4388 3545 4462 ὁνοματι
3580 4390 3784 4463 Κυρίου

2121 4468 2531 4547 προεφήτευσάν
2593 4489 2759 4539 τινες,
2819 4472 2894 4533 ὡς
2954 4470 3187 4547 Βαλαὰμ
3247 4475 3461 4540 Σαυλὸς
3490 4480 3785 4536 καὶΚαϊά-

2937 3940 3002 4008 τὴ
3018 3962 3035 3992 I

356 4582 491 4620 eum
524 4564 648 4635 egit
674 4568 917 4634 propter
946 4562 1199 4617 aliorum
1233 4563 1571 4618 utilitatem.
1603 4564 1736 4617 Fuit
1768 4570 1826 4618 et
1853 4564 2011 4617 Pha-

2122 4582 2245 4642 φας,
2287 4561 2377 4618 καὶ
2428 4559 2688 4634 δαιμόνια
2745 4561 2909 4618 πάλιν
2971 4561 3251 4636 ἐξέϐαλον,
3308 4570 3382 4632 ὡς
3434 4571 3642 4635 Ἰούδας
3694 4576 3783 4629 καὶ

353 4671 457 4709 rao
489 4651 721 4707 malus:
784 4657 960 4721 atque
1021 4650 1158 4705 huic
1217 4655 1413 4707 tamen
1473 4651 1679 4707 futura
1709 4651 2010 4706 indicavit.

354 4744 425 4797 Et
472 4739 831 4811 impiissimo
885 4739 1449 4796 Nabuchodonosori
1501 4740 1893 4795 nihilominus
1943 4755 2013 4795 ea

356 4832 804 4901 praemonstrata
835 4832 973 4881 sunt
1003 4836 1133 4898 quas
1188 4829 1388 4884 multis
1445 4834 1578 4900 post
1604 4832 1805 4883 essent
1835 4843 2011 4881 even-

356 4927 490 4975 tura
543 4919 835 4975 aatatibus.
886 4920 1051 4975 Unde
1101 4926 1333 4975 constat
1384 4921 1602 4975 multos
1651 4919 1830 4973 etiam
1862 4936 2010 4974 vera:

355 5010 633 5066 adversos
686 5008 959 5080 religioni
1009 5009 1116 5063 sub
1150 5010 1366 5064 Christi
1405 5009 1665 5063 nominis
1698 5010 2015 5080 praescrip-

357 5101 515 5155 tione
558 5097 676 5153 alio
709 5098 962 5152 artificio
996 5098 1285 5151 miracula
1315 5097 1497 5151 edere’
1522 5096 1595 5151 ad
1628 5096 2012 5167 decipiendos

352 5189 682 5260 imperitos.
717 5186 914 5251 Qualis
944 5186 1057 5240 fuit
1084 5185 1290 5239 Simon
1340 5188 1537 5257 Magus
1587 5191 1645 5240 et
1693 5184 2015 5240 Menander

354 5296 422 5334 ac
450 5283 585 5350 post
615 5293 715 5331 eos
767 5275 867 5329 alii
927 5290 1130 5329 eorum
1188 5274 1436 5331 similes.
1497 5275 1699 5345 Itaque
1732 5275 2013 5345 praeclare

356 5368 580 5422 dictum
612 5369 740 5419 est:
770 5379 964 5433 neque
1011 5361 1202 5432 decipi
1237 5363 1546 5418 miraculis
1578 5362 1873 5428 convenit,
1906 5379 2009 5417 ne-

357 5456 498 5509 dum
521 5453 681 5508 nuda
697 5451 1149 5523 pollicitatione,
1175 5452 1278 5506 sed
1302 5451 1668 5522 exploranda
1692 5458 1775 5505 est
1804 5452 2015 5507 veritas

359 5559 563 5599 eorum
596 5558 725 5611 quae
780 5540 1079 5594 dicuntur.
1121 5540 1200 5593 Ex
1262 5540 1554 5595 fructibus
1615 5540 1773 5595 enim
1810 5558 2016 5595 eorum

347 5629 697 5705 judicabitis
728 5628 911 5698 ipsos,
943 5627 1027 5681 ait
1057 5627 1367 5683 Dominus.

2123 4653 2174 4705 οἱ
2233 4651 2341 4705 υἱοὶ
2402 4651 2595 4706 Σκεύα.
2655 4653 2866 4709 Οὐκοῦν
2937 4655 3027 4709 καὶ
3087 4657 3165 4720 εἷς
3224 4659 3472 4730 ἀναξίους
3530 4666 3564 4733 ἡ
3622 4666 3787 4738 χάρις

2122 4737 2325 4814 ἐνεργεῖ
2383 4735 2680 4806 πολλάκις,
2734 4739 2808 4794 ’ἶν’
2867 4742 3082 4818 ἐτέρους
3135 4744 3482 4823 εύεργετήσῃ.
3539 4735 3648 4805 Καὶ
3681 4735 3780 4823 γάρ

2121 4824 2379 4898 Βαλαὰμ,
2409 4826 2734 4906 ἀμφοτέρων
2791 4828 3086 4905 ἀλλότριος
3133 4834 3223 4903 ἧν,
3277 4834 3399 4908 βίου
3440 4836 3660 4910 ἀρίστου
3688 4836 3775 4889 καὶ

2121 4913 2326 4977 πίστες·
2388 4913 2515 4970 ἀλλ’
2575 4917 2728 4989 ὅμως
2797 4916 3089 4995 ἐνήργησεν
3169 4922 3244 4983 εἷς
3296 4923 3456 4977 αὐτὸν
3517 4926 3551 4991 ἡ
3610 4924 3772 4997 χάρις

2121 4999 2214 5057 διὰ
2261 5005 2363 5071 τὴν
2416 5004 2611 5078 ἑτέρων
2679 5004 3017 5078 οἰκονομίαν.
3093 5009 3192 5063 Καὶ
3272 5011 3356 5084 [Ρ.
3390 5012 3517 5083 247]
3570 5009 3772 5079 Φαραὼ

2118 5096 2366 5155 τοιοῦτος
2413 5093 2500 5161 ἦν,
2552 5093 2699 5149 ἀλλά
2746 5093 2978 5168 κάκείνῳ
3030 5096 3094 5149 τὰ
3148 5096 3422 5169 μέλλοντα
3480 5096 3775 5172 προέδειξε.

2124 5180 2220 5234 Καὶ
2280 5180 2309 5234 ὁ
2356 5176 2846 5257 Ναϐουχοδονόσορ
2896 5186 3379 5258 παρανομώτατος,
3415 5184 3561 5242 ἀλλὰ
3599 5207 3660 5263 γε
3691 5186 3779 5241 καὶ

2125 5268 2304 5341 τούτῳ
2333 5270 2399 5323 τά
2444 5273 2580 5341 μετά
2626 5269 2843 5335 πολλὰς
2890 5271 3117 5348 ὓστερον
3168 5273 3397 5349 ἐσομενα
3448 5277 3629 5352 γενεὰς
3677 5276 3783 5330 ἀπ-

2126 5357 2403 5415 εκάλυκεν.
2435 5361 2594 5413 ’Ὀθεν
2625 5356 2795 5428 δῆλον
2850 5360 2933 5414 ὅτι
2990 5360 3197 5417 πολλοὶ
3254 5364 3344 5419 καὶ
3403 5369 3513 5419 τῶν
3545 5362 3785 5420 ἐναντίον

2124 5447 2366 5523 ἐχόντῶν
2429 5447 2685 5524 φρόνημα
2743 5446 2831 5502 ἐπὶ
2889 5455 2968 5522 τῷ
3019 5456 3380 5527 προσχήματι
3411 5457 3509 5508 τοῦ
3550 5456 3786 5529 Χριστοῦ

2125 5538 2380 5611 τεράστια
2435 5541 2687 5591 ποιοῦσιν
2748 5536 2903 5611 ἑτέρᾳ
2957 5541 3127 5615 τέχνῃ
3192 5541 3299 5596 τινὶ
3359 5543 3495 5619 πρὸς
3579 5544 3788 5615 ἀπάτην

2513 5622 2911 5700 ἀπειροκάλων,
3006 5628 3148 5695 οἷος,

2128 5626 2424 5701 ἀνθρώπων
2513 5626 2911 5700 ἀπειροκάλων,
3006 5628 3148 5695 οἷος,
3241 5630 3449 5707 ἐγένετο
3511 5632 3697 5707 Σίμων
3760 5634 3788 5687 ὁ

359 5719 522 5791 μάνος
553 5715 643 5768 καὶ
674 5709 981 5786 Μένανδρος
1015 5715 1128 5784 μετ’
1162 5711 1363 5768 ἐκεῖνον
1420 5715 1508 5769 καὶ
1574 5712 1743 5771 ἄλλοι
1809 5715 2075 5784 τοιοῦτοι,
2136 5710 2205 5768 δι’
2264 5711 2357 5777 οὕς
2414 5712 2641 5775 εἰκότως
2701 5707 2805 5789 ἔφη
2851 5716 2926 5785 μή
2961 5713 3227 5787 θαύμασιν
3275 5720 3578 5785 ἀπατᾶσθαι
3610 5742 3791 5797 προσ..
