4154 6410
327 347 447 406 475

1650 343 2057 410 GEORGIGII
2101 348 2448 416 CEDRENI

3634 358 3753 421 476

331 477 473 550 quid
504 478 615 533 iste
649 479 668 532 ὲ
699 477 1008 549 respondit
1027 480 1224 534 Jesus:
1252 478 1308 534 Si
1330 479 1503 534 velim
1548 480 1709 536 hunc
1742 497 1985 537 manere

2115 482 2256 541 ίπισε
2288 530 2325 543 ..
2371 486 2423 542 ἐν
2478 487 3047 545 Κωνσταντινουπόλει
3106 487 3400 566 ἐρωτηθείς
3467 490 3588 565 περὲ
3620 492 3751 546 τού-

329 585 517 638 usque
550 566 621 623 ad
652 566 967 623 adventum
1002 585 1223 627 meum,
1254 568 1398 638 quid
1445 570 1556 624 hoc
1590 570 1663 624 ad
1696 576 1750 625 te
1777 572 1805 626 ?
1833 572 1987 637 Quov

328 658 493 713 niam
519 674 655 729 ergo
687 657 985 729 piscantes
1008 672 1110 712 eos
1141 656 1450 713 offendens
1482 659 1654 714 Petro
1688 660 1796 714 soli
1809 661 1992 732 jussit

334 746 525 816 sequi,
584 745 753 815 isque
806 747 1089 800 Joannem
1130 745 1335 800 volens
1392 747 1673 805 comitem
1746 749 1987 816 habere,

334 836 603 907 quaesivit
635 852 705 889 ex
737 836 986 891 Domino
1008 836 1151 905 quid
1172 837 1283 891 iste
1317 843 1475 892 esset
1496 843 1757 903 acturus,
1791 839 1991 894 Domi‘

332 943 444 980 nus
475 925 840 996 respondens
867 927 1153 981 Joannem
1186 927 1498 997 piscationi
1530 928 1990 984 immoraturum

334 1015 518 1072 dixit:
553 1016 603 1070 si
633 1031 768 1069 eum
798 1015 924 1070 volo
952 1031 1195 1071 manere
1227 1017 1323 1074 hic
1356 1025 1413 1073 et
1434 1019 1675 1090 piscari,
1707 1020 1848 1075 dum
1873 1019 1992 1075 huc

328 1108 607 1172 revertar,
642 1104 783 1175 quid
833 1109 934 1159 tua
962 1106 1190 1162 refert?
1222 1107 1429 1179 etipse
1460 1109 1719 1163 Joannes
1776 1107 1992 1163 falsam

336 1209 537 1248 eorum
594 1194 994 1264 suspicionem
1056 1196 1278 1266 optime
1337 1197 1579 1270 corrigit
1628 1198 1721 1252 bis
1750 1197 1986 1253 verbis:

329 1284 456 1337 Non
486 1282 718 1338 dixerat
742 1283 1029 1339 Dominus
1073 1285 1233 1339 hunc
1270 1301 1389 1340 non
1421 1302 1549 1342 esse
1606 1287 1991 1342 moriturum.

335 1373 568 1428 Etenim
605 1374 858 1444 apostoli
918 1390 1328 1446 saepenumero
1379 1378 1877 1450 interrogationes
1940 1383 1996 1432 et.

327 1462 751 1532 responsiones
782 1463 996 1517 Christi
1027 1480 1148 1519 non
1206 1466 1465 1520 assecuti
1524 1472 1679 1536 sunt,
1740 1466 1995 1537 ideoque

330 1548 624 1620 ignoratio
679 1551 764 1605 eis
797 1557 888 1606 est
916 1568 950 1606 a
993 1553 1265 1624 Magistro
1316 1560 1375 1610 et
1416 1555 1733 1626 stupiditas
1765 1554 1997 1626 objecta

330 1643 519 1698 donec
544 1643 798 1713 Spiritus
812 1649 1051 1699 sanctus
1068 1646 1225 1699 venit
1242 1659 1462 1716 eosque
1476 1647 1637 1701 omni
1654 1648 1898 1702 veritate
1914 1647 2000 1705 in-

332 1733 724 1802 stituit,sicuti
750 1733 1034 1788 Dominus
1054 1735 1431 1804 promiserat.
1457 1736 1673 1801 Quodsi
1701 1738 1835 1809 quis
1860 1754 1999 1795 con-

2096 594 2191 629 του
2224 578 2396 640 οὕτως
2439 578 2761 656 ἀπεκρίνατο
2821 575 3015 655 λέγων·
3076 579 3250 642 Αὐτὸς
3307 580 3566 651 Ἰωάννης
3596 578 3646 635 ἐν
3675 585 3754 654 τῷ

2096 666 2214 719 κατ’
2273 665 2432 721 αὐτὸν
2491 667 2813 745 Εὐαγγελίῳ
2868 668 3004 744 πρὸς
3088 672 3166 741 τῷ
3246 665 3390 723 τέλει
3460 665 3755 750 διεσάφησε

2095 756 2258 808 τοῦτο
2290 758 2510 832 φάσκων
2549 758 2656 814 Καὶ
2703 757 2866 815 τοῦτο
2898 757 3064 813 εἰπών
3106 759 3134 813 6
3175 758 3384 828 Ἰησοῦς
3418 756 3566 833 λέγει
3604 759 3755 831 αύτῷ

2100 843 2475 918 (τουτέστιτῷ
2517 847 2747 921 Ηέτρῳ)·
2811 847 3129 905 Ἀκολούθει
3195 868 3311 921 μοι.
3374 847 3756 926 Ἐπιστραφεὶς

2100 930 2157 988 δέ
2184 932 2212 987 6
2244 935 2447 1012 Πέτρος
2479 933 2672 1012 βλέπει
2701 935 2794 992 τὸν
2851 938 3098 1011 μαθητὴν
3148 937 3205 991 ὅν
3266 936 3456 1013 ἠγάπα
3481 938 3509 991 6
3541 937 3757 1007 Ἰησοῦς

2100 1021 2524 1093 ἀκολουθοῦντα,
2555 1026 2645 1080 καὶ
2711 1026 2872 1106 φησί·
2938 1026 3126 1103 Κύριε,
3194 1025 3351 1088 οὕτος
3409 1021 3467 1080 δὲ
3520 1028 3574 1081 τί
3608 1046 3622 1097 ;
3656 1027 3755 1081 Καί

2101 1110 2245 1187 λὲγει
2278 1112 2425 1187 αὖτῷ
2471 1116 2499 1169 6
2531 1115 2761 1185 Ἰησοῦς·
2824 1115 2945 1173 Ἐὰν
3000 1114 3158 1171 αὐτὸν
3222 1111 3366 1170 θέλω
3427 1114 3600 1189 μένειν
3653 1110 3756 1178 ἕως

2102 1197 2381 1275 ἔρχωμαι.
2408 1201 2461 1256 τί
2493 1203 2628 1277 πρὸς
2658 1204 2755 1271 σὲ;
2819 1202 2969 1260 Ἐπεὶ
3030 1202 3121 1258 οῦν
3179 1201 3496 1265 ἀλιεύοντας
3554 1202 3756 1266 αὖτοὺς

2100 1293 2449 1369 κατείληφε,
2528 1296 2608 1366 τῷ
2695 1294 2883 1367 Πέτρῳ
2953 1292 3104 1366 μόνῳ
3157 1291 3474 1368 προτέταξεν
3535 1286 3751 1348 ἕπεσθαι

2102 1380 2267 1453 αὐτῷ.
2299 1381 2356 1433 Ὀ
2390 1378 2445 1436 δὲ
2468 1382 2557 1437 καὶ
2614 1381 2704 1437 τὸν
2760 1381 3013 1453 Ἰωάννην
3077 1381 3512 1456 συμπορεύεσθαι
3547 1380 3755 1457 βουλό-

2106 1488 2263 1543 μενος
2319 1463 2443 1549 ἔφη·
2500 1470 2683 1546 Κύριε,
2754 1469 2909 1534 οὗτος
2980 1468 3036 1526 δὲ
3088 1469 3189 1541 τί;
3251 1470 3348 1528 ⁷’ον
3410 1469 3663 1535 θεσπίσας
3731 1472 3759 1526 6

2105 1561 2319 1628 Ἰησοῦς
2349 1561 2675 1633 προσμένειν
2716 1560 2801 1615 ἐπὶ
2836 1566 2935 1630 τῆς
2965 1559 3172 1623 ἁλιείας
3204 1560 3390 1639 φησίνο
3427 1560 3549 1617 Ἐὰν
3601 1559 3759 1617 αὐτὸν

2105 1645 2251 1701 θέλω
2281 1648 2457 1721 μένειν
2491 1650 2713 1704 ἐνταῦθα
2751 1649 2839 1705 καὶ
2897 1648 3131 1705 ἁλιεύειν
3189 1647 3293 1712 ἓως
3326 1648 3385 1704 ἂν
3420 1650 3761 1725 ὑποστρέψας

2104 1732 2360 1812 ἔρχωμαι
2390 1737 2555 1793 πάλιν
2592 1736 2718 1810 ὧδε,
2758 1737 2811 1793 τί
2868 1739 3005 1813 πρὸς
3062 1738 3165 1809 σέ;
3228 1740 3365 1794 ὥστε
3424 1740 3516 1793 οῦν
3571 1740 3762 1814 ἄριστα

334 1822 583 1877 tentiose
602 1827 658 1875 et
678 1828 899 1877 temere
915 1839 1112 1878 sacras
1136 1824 1270 1879 illas
1287 1838 1456 1880 voces
1470 1825 1766 1898 arripiens
1782 1829 1992 1884 intem-

2115 1823 2493 1902 διορθούμενος
2524 1829 2623 1897 τήν
2668 1826 3013 1905 ἐσφαλμὲνην
3071 1828 3245 1884 αὐτῶν
3295 1827 3580 1902 ὖπὸνοιαν,
3615 1828 3763 1884 εἰκό-

331 1913 554 1984 pestive
567 1929 635 1966 ex
659 1912 812 1967 430
827 1912 899 1967 iis
917 1913 1195 1985 colligere
1214 1915 1651 1971 velitJoannem
1670 1917 1732 1971 in
1747 1918 1855 1973 hac
1872 1919 1990 1974 vita

334 2002 406 2057 ad
455 2002 843 2073 posteriorem
887 2002 1103 2057 Christi
1140 2003 1455 2060 adventum
1510 2007 1989 2064 annuntiandum

333 2089 555 2147 Enochi
579 2095 637 2144 et
667 2090 803 2145 Elim
835 2092 1107 2163 exemplo
1129 2094 1555 2169 permansisse,
1579 2095 1630 2151 is
1649 2097 1992 2152 sciatJoan-

334 2197 471 2235 nem
504 2181 563 2234 in
588 2179 981 2251 patefactione
1025 2181 1186 2236 solos
1228 2182 1371 2237 istos
1411 2183 1558 2240 duos
1596 2184 1703 2240 sub
1735 2202 1992 2257 persona

337 2275 555 2331 Christi
590 2274 787 2331 dicere
806 2279 983 2330 testes
1005 2275 1116 2331 sibi
1142 2276 1392 2333 futuros.
1418 2279 1747 2336 Producam
1772 2281 1991 2352 inquit,

345 2364 493 2419 duos
523 2356 892 2419 meos‘testes
920 2366 1223 2422 Enocbum
1258 2373 1316 2422 et
1345 2368 1551 2435 Eliam,
1589 2370 1748 2441 iique
1794 2389 1994 2428 saccos

349 2455 549 2511 amicti
573 2454 1050 2511 vaticinabuntur
1070 2455 1196 2513 dies
1223 2460 1359 2513 i260
1377 2457 1444 2515 5°.
1465 2458 1533 2514 Hi
1553 2462 1837 2517 suntduze
1851 2463 1994 2518 olere

349 2550 407 2600 et
438 2545 567 2600 dum
600 2544 876 2600 lucernaa.
912 2547 1066 2618 Ignis
1098 2563 1167 2601 ex
1216 2564 1421 2603 eorum
1453 2566 1554 2604 ore
1579 2551 1914 2623 egredietur
1944 2553 1998 2606 et

344 2636 544 2689 hostes
584 2651 789 2690 eorum
860 2635 1179 2691 devorabit.
1252 2637 1514 2710 Cumque
1590 2643 1998 2697 testimonium

345 2741 517 2779 suum
549 2729 737 2779 totum
768 2724 1045 2793 dixerint,
1076 2725 1268 2782 bestia
1297 2744 1427 2798 quae
1460 2744 1528 2783 ex
1559 2728 1770 2802 abysso
1793 2747 1997 2787 ascen-

346 2814 432 2869 dit
455 2813 679 2868 bellum
714 2814 797 2869 eis
826 2814 1023 2878 faciet,
1066 2816 1376 2888 vincetque
1412 2834 1512 2873 eos
1543 2823 1602 2873 et
1654 2818 1997 2891 interﬁciet,

346 2908 405 2957 et
434 2903 719 2959 cadavera
748 2920 953 2959 eorum
987 2904 1047 2959 in
1078 2906 1272 2976 platea
1311 2906 1477 2962 urbis
1526 2908 1817 2981 jacebunt
1872 2910 1997 2966 dies

346 2994 375 3046 3
409 3009 455 3046 s.
491 2991 811 3063 insepulta,
844 2992 945 3047 ubi
985 2998 1044 3048 et
1076 2994 1363 3050 Dominus
1421 3012 1627 3053 eorum
1678 2999 1996 3055 cruciﬁxus

345 3087 451 3137 est.
482 3081 724 3137 Frustra
749 3082 928 3154 igitur
951 3090 1249 3156 nugantur
1277 3083 1516 3157 quidam
1546 3088 1834 3144 Joannem
1885 3089 1997 3145 ad-

344 3172 459 3226 huc
490 3171 548 3227 in
575 3187 821 3243 corpore
852 3172 1063 3238 vivere,
1096 3188 1302 3229 revera
1330 3174 1675 3247 ignorantes
1724 3178 1867 3248 quid
1907 3177 1997 3233 di—
2029 3161 2072 3227 (ἶ
2115 3169 2343 3246 μάρτυσι

343 3266 478 3317 cant
510 3266 567 3315 et
595 3278 714 3333 qua
741 3260 812 3317 de
844 3279 905 3317 re
964 3262 1350 3329 contendant,
1385 3265 1457 3320 de
1489 3281 1594 3319 suo
1626 3265 1775 3321 illud
1834 3282 1997 3322 com-

339 3358 609 3407 mentum
639 3351 923 3407 audacter
968 3354 1235 3423 profecto
1269 3359 1327 3409 et
1381 3353 1753 3409 conﬁdenter
1801 3354 1998 3426 profe-

339 3447 564 3506 rentes,
596 3457 717 3495 non
751 3456 820 3495 ex
850 3441 1035 3496 sacris
1065 3442 1355 3498 habentes
1382 3441 1827 3513 interpretibus.

339 3527 601 3583 τελέσωσι
654 3529 754 3596 τὴν
848 3529 1142 3602 μαρτυρίαν
1217 3530 1419 3598 αὐτῶν,

2103 1937 2210 1978 τως
2240 1910 2364 1993 ἔφη,
2396 1915 2486 1971 καὶ
2520 1917 2620 1972 οὐκ
2650 1917 2797 1972 εἶπεν
2827 1916 2974 1990 αύτῷ
3019 1919 3046 1973 6
3080 1921 3290 1988 Ἰησοῦς
3324 1919 3409 1973 ὅτι
3469 1916 3569 1973 οὐκ
3624 1918 3761 1973 ἀπο-

2106 2008 2345 2076 θνήσκει.
2381 2006 2484 2062 Καὶ
2522 2008 2627 2084 γὰρ
2684 2007 2735 2061 ἐν
2790 2005 3026 2069 πολλοῖς
3084 2005 3360 2068 πολλάκις
3417 2005 3758 2087 ἐσφάλλοντο

2106 2095 2242 2170 πρὸς
2273 2094 2368 2157 τὰς
2408 2094 2621 2158 πεύσεις
2677 2099 2914 2171 Χριστοῦ
2973 2095 3063 2151 καὶ
3121 2096 3215 2158 τὰς
3276 2096 3607 2171 ἀποκρίσεις,
3669 2094 3761 2152 καί

2108 2185 2332 2253 ἤκουον,
2361 2185 2646 2262 Ἀσύγετοι
2674 2186 2765 2239 καὶ
2801 2183 3017 2261 βραδεῖς
3049 2188 3117 2260 τῇ
3149 2184 3345 2262 καρδίᾳ
3373 2182 3479 2250 ἕως
3510 2184 3665 2250 ἐλθὸν
3699 2185 3762 2240 τὸ

2112 2276 2331 2345 Πνεῦμα
2359 2273 2423 2327 τὸ
2481 2272 2636 2350 ἅγιον
2694 2269 2974 2349 ὡδήγησεν
3036 2272 3239 2334 αὐτοὺς
3292 2273 3367 2335 είς
3426 2279 3598 2328 πᾶσαν
3658 2274 3759 2343 τὴν

2109 2362 2367 2433 ἀλήθειαν
2400 2362 2535 2416 κατὰ
2560 2362 2652 2416 τὸν
2685 2365 2781 2416 τοῦ
2838 2361 3038 2438 Κυρίου
3107 2361 3287 2437 λόγον.
3322 2361 3389 2420 El
3422 2360 3478 2417 δέ
3507 2382 3589 2425 τις
3649 2362 3759 2437 ἐρι-

2112 2456 2310 2513 στικῶς
2339 2452 2427 2506 καὶ
2488 2454 2774 2527 προπετῶς
2835 2450 3258 2527 ἀποκρινόμενος
3309 2451 3403 2513 τὰς
3460 2452 3609 2527 ἱερὰς
3634 2449 3767 2507 ταύ-

2111 2562 2206 2604 τας
2257 2542 2437 2619 φωνᾶς
2489 2538 2579 2597 καί
2640 2538 2936 2617 μαρτυρίας
2987 2539 3226 2616 ἀκαίρως
3285 2537 3444 2610 δῆθεν
3506 2539 3769 2615 συλλογι-

2116 2634 2345 2705 ζόμενος
2405 2629 2553 2707 εἴπῃ·
2634 2632 2774 2707 Πρὸς
2830 2631 2894 2686 τὸ
2949 2629 3309 2707 καταγγεῖλαι
3363 2630 3462 2701 τήν
3516 2628 3766 2704 δευτέραν

2115 2726 2348 2797 Χριστοῦ
2377 2723 2681 2798 παρουσίαν
2732 2720 3063 2801 κατελείφθη
3135 2725 3238 2792 ζῶν
3299 2720 3353 2778 ἐν
3412 2720 3570 2797 σαρκὶ
3632 2722 3771 2796 μετᾶ

2114 2814 2299 2887 Ἑνὼχ
2327 2811 2415 2867 καὶ
2455 2809 2640 2880 Ἠλία,
2694 2812 2935 2867 ἀκουέτω
2992 2810 3074 2867 δτι
3128 2831 3227 2883 περ
3289 2811 3488 2885 μόνους
3549 2808 3637 2865 διὰ
3666 2817 3767 2881 τῆς

2115 2900 2517 2977 ἀποκαλύψεως
2582 2900 2740 2965 αὐτὸς
2833 2902 2990 2964 οὗτος
3065 2899 3303 2966 ἐκείνους
3360 2898 3420 2956 ἔκ
3471 2899 3769 2976 προσώπου

2116 2990 2265 3071 λέγει
2298 2993 2501 3067 Κυρίου
2537 2990 2666 3055 τοὺς
2718 2992 2813 3047 δύο
2851 2992 3124 3067 μάρτυρας
3183 2994 3526 3067 γενήσεσθαι,
3583 2991 3773 3066 Ἐνὼχ

2113 3085 2206 3137 καὶ
2267 3081 2454 3137 Ἠλίαν
2489 3126 2502 3153 ,
2558 3078 2745 3136 τοιάδε
2805 3080 3047 3157 φάσκων·
3113 3080 3211 3136 Καὶ
3271 3079 3431 3137 δώσω
3488 3087 3602 3142 τοῖς
3651 3076 3772 3135 δυσὶ

2439 3191 2543 3243 μου
2580 3212 2594 3240 ,
2650 3169 2741 3225 καὶ
2825 3167 3295 3247 προφητεύσουσιν
3355 3171 3570 3245 ἡμέρας
3626 3169 3771 3239 ἀσξ’,

2110 3254 2581 3334 περιϐεϐλημένοι
2640 3259 2895 3319 σάκκους.
2965 3258 3129 3313 Οὗτοι
3189 3258 3322 3312 εἶσιν
3356 3259 3408 3312 αἱ
3442 3254 3538 3312 δύο
3593 3254 3775 3319 ἐλαῖαι

2111 3347 2202 3402 καὶ
2234 3350 2287 3403 αἱ
2320 3346 2420 3403 δύο
2471 3346 2717 3422 λυχνίαι.
2770 3350 2882 3420 Πῦρ
2941 3345 3292 3422 ἐκπορεύεται
3348 3351 3446 3400 τοῦ
3502 3345 3775 3418 στόματος

2114 3438 2290 3494 αὐτῶν
2317 3436 2409 3493 καὶ
2451 3436 2718 3492 κατεσθίει
2776 3434 2903 3497 τοὺς
2937 3432 3171 3513 ἐχθροὺς
3227 3432 3426 3492 αὐτῶν.
3482 3434 3585 3491 Καὶ
3654 3431 3778 3489 ὅταν

1506 3530 1724 3599 ποιήσει
1800 3530 1861 3585 τὸ
1919 3524 2206 3585 ἀναϐαῖνον
2258 3526 2453 3604 θηρίου
2512 3525 2572 3581 ἐκ
2628 3531 2729 3594 τῆς
2790 3520 3026 3579 ἀϐύσσου
3084 3523 3331 3598 πόλεμον
3396 3523 3511 3597 μετ’
3568 3521 3774 3579 αὐτῶν,

345 3616 437 3672 καὶ
474 3617 691 3686 νικήσει
728 3617 817 3671 καὶ
845 3618 1050 3686 νικήσει
1082 3617 1171 3672 καὶ
1204 3619 1508 3673 ἀποκτείνει
1549 3617 1743 3681 αὐτοὺς
1772 3620 1862 3675 καὶ
1894 3619 1960 3675 τὰ
1990 3620 2261 3692 πτώματα
2291 3616 2466 3671 αὐτῶν
2506 3614 2596 3669 ἐπὶ
2625 3618 2725 3680 τῆς
2765 3613 3026 3676 πλατείας
3081 3618 3183 3684 τῆς
3244 3610 3492 3690 μεγάλης
3550 3609 3771 3676 πόλεως

347 3702 558 3762 ἔσονται
588 3706 802 3778 ἡμέρας
848 3708 996 3780 τρεῖς
1024 3705 1199 3780 ἥμισυ
1254 3705 1450 3787 ἄταφα,
1520 3704 1657 3763 ὅπου
1703 3708 1795 3763 καὶ
1836 3709 1863 3763 6
1905 3708 2102 3780 Κύριος
2160 3707 2335 3763 αὐτῶν
2391 3704 2728 3781 ἐσταυρώθη.
2773 3702 2961 3775 Μάτην
3014 3702 3103 3758 οὗν
3162 3701 3546 3776 παραληροῦσί
3603 3722 3775 3774 τινες,

349 3794 644 3873 φάσκοντες
676 3794 839 3850 αὐτὸν
894 3798 990 3869 ζῇν
1043 3792 1124 3851 ἔτι
1185 3793 1237 3851 ἐν
1314 3796 1493 3871 σαρκὶ,
1551 3794 1641 3851 καὶ
1703 3799 1779 3873 μὴ
1847 3800 2098 3860 νοοῦντες
2160 3799 2297 3872 μήτε
2348 3795 2379 3851 ἃ
2430 3795 2649 3871 λέγουσι
2699 3795 2779 3867 τῷ
2839 3791 2953 3848 ὄντι
3016 3792 3157 3867 μήτε
3193 3791 3317 3868 περὶ
3371 3789 3530 3847 τίνων
3588 3787 3770 3848 διαϐεο

359 3880 661 3956 ϐαιοῦνται,
724 3882 933 3950 οἴκοθεν
988 3889 1151 3941 τοῦτο
1209 3885 1299 3941 καὶ
1357 3884 1455 3941 ούκ
1524 3882 1750 3942 ἔκτινων
1815 3889 1977 3962 ἱερῶν
2041 3887 2315 3963 ἐξηγητῶν
2378 3881 2775 3962 ῥιψοκινδύνως
2831 3903 2889 3938 τε
2933 3882 3025 3938 καὶ
3080 3881 3383 3958 τολμηρῶς
3463 3876 3634 3944 ὅντως
3685 3901 3780 3937 τε-

360 3973 551 4050 ρατευό
560 3995 733 4048 μενοι.

420 4066 563 4121 Post
591 4066 835 4122 Nervam
866 4066 1481 4140 Trajanusimperavit
1512 4082 1703 4123 annos
1736 4070 1824 4136 19,
1852 4083 2014 4123 men-

358 4172 452 4211 ses
482 4159 535 4225 6,
556 4155 683 4211 dies
711 4158 796 4212 15.
825 4157 957 4212 Fuit
990 4156 1101 4212 iste
1132 4156 1305 4212 malis
1336 4157 1590 4213 infestus
1649 4162 1707 4212 et
1757 4157 2012 4229 justitize

349 4261 586 4301 amans.
612 4245 946 4315 Aliquando
970 4246 1237 4301 strictum
1271 4262 1475 4302 ensem
1499 4246 1562 4301 in
1588 4247 1858 4302 omnium
1879 4263 2012 4318 pro-

358 4352 560 4391 cerum
590 4342 913 4407 conspectu
943 4336 1221 4409 praefecto
1255 4337 1521 4401 tradidit,
1553 4338 1634 4393 ita
1684 4336 1967 4408 inquiens
1995 4352 2010 4393 :

358 4428 573 4498 Accipe
602 4428 763 4482 hunc
793 4427 1077 4501 gladium,
1114 4445 1323 4500 eoque,
1360 4429 1408 4483 si
1441 4435 1603 4484 recte
1636 4428 1884 4500 impero,
1908 4444 2014 4500 pro

2194 4067 2346 4124 Μετᾶ
2398 4063 2455 4120 δὲ
2538 4062 2785 4137 Νέρουαν
2868 4056 3184 4117 ἐϐασίλευσε
3239 4061 3508 4136 Τραϊανὸς
3564 4053 3657 4132 ἔτη
3695 4066 3781 4131 to"

2127 4163 2302 4230 μῆνας
2363 4154 2430 4224 ς’,
2487 4154 2698 4228 ἡμέρας
2758 4159 2833 4210 ιε’.
2890 4148 3066 4213 Οὗτος
3118 4148 3185 4220 ἦν
3255 4150 3631 4224 μισοπόνηρος
3691 4148 3783 4205 καὶ

2123 4241 2495 4327 φιλοδίκαιος.
2528 4243 2828 4314 Γυμνώσας
2857 4240 2963 4315 γάρ
3022 4259 3155 4294 ποτε
3211 4238 3363 4313 ξίφος
3414 4236 3646 4293 ἐνώπιον
3672 4242 3781 4293 τῶν

2124 4335 2176 4392 ἐν
2226 4333 2374 4391 τέλει
2438 4331 2653 4388 πάντων
2711 4328 2879 4386 ἔδωκε
2933 4329 3012 4402 τῷ
3068 4327 3320 4403 ἐπάρχῳ,
3379 4328 3568 4384 είπών·
3630 4329 3783 4401 Δέξαι

2126 4430 2310 4481 τοῦτον
2344 4423 2437 4479 καί
2468 4422 2514 4477 εἰ
2548 4422 2641 4495 μὲν
2660 4418 2848 4485 καλῶς
2886 4420 3067 4495 ἄρχω,
3104 4418 3237 4493 ὑπὲρ
3292 4417 3450 4491 ἐμοῦ,
3491 4415 3537 4473 εί
3588 4414 3645 4472 δὶ
3678 4418 3782 4493 μὴ,

351 4532 469 4587 me,
502 4516 550 4572 si
582 4516 761 4586 male,
790 4522 997 4573 contra
1025 4534 1120 4574 me
1166 4519 1369 4576 utitor.
1431 4520 1477 4573 A
1506 4518 1693 4573 Nerva
1724 4518 1798 4574 ob
1830 4517 2002 4573 virtu-

2124 4517 2243 4571 κατ’
2265 4513 2401 4588 ἐμοῦ
2421 4510 2569 4585 αύτῷ
2599 4517 2828 4591 χρῆσαι.
2888 4508 3285 4586 Προεχειρίσθη
3345 4504 3402 4562 δέ
3435 4506 3539 4563 ὑπὸ
3569 4507 3782 4585 Νέρουα

358 4611 480 4661 tem
511 4610 601 4661 est
639 4605 712 4662 ad
735 4606 1053 4679 imperium
1083 4612 1339 4677 evectus,
1372 4606 1532 4679 quod
1564 4607 1652 4663 vir
1678 4605 2011 4663 bellicosis-

357 4695 544 4751 simus
577 4697 777 4752 Roma;
809 4702 867 4752 et
887 4697 1106 4767 ubique
1139 4702 1431 4753 terrarum
1461 4713 1589 4753 rem
1616 4696 1833 4768 saepius
1865 4714 2019 4767 prm-

356 4785 512 4840 clare
544 4786 840 4857 gessisset.
874 4787 1019 4842 Cum
1046 4786 1288 4858 quidam
1321 4787 1651 4841 amicorum
1684 4791 1842 4840 esset
1861 4786 2019 4858 apud

360 4891 496 4930 eum
528 4874 781 4937 delatus.
804 4874 1094 4948 quodipsi
1122 4876 1376 4932 insidias
1407 4873 1667 4940 fecisset,
1702 4874 1875 4946 isque
1897 4876 2021 4930 suis

360 4970 511 5029 431
558 4966 834 5023 manibus
866 4965 975 5022 sibi
1009 4966 1210 5021 oculos
1242 4966 1494 5021 eruisset
1523 4970 1914 5035 mentumque
1938 4982 2023 5021 ra-

360 5062 556 5127 sisset,
590 5059 791 5128 itaque
851 5062 1180 5111 exceecatus
1238 5060 1394 5111 esset
1424 5054 1496 5109 ad
1539 5071 1673 5109 eum
1705 5051 2019 5122 adductus,

358 5150 646 5221 Trajanus
671 5162 883 5219 magno
905 5145 1081 5200 amici
1107 5160 1246 5199 casu
1280 5144 1485 5197 dolore
1516 5148 1794 5214 percepto
1828 5141 1962 5196 urbi
1989 5158 2024 5197 a

366 5257 425 5296 se
446 5239 701 5295 conditae
732 5234 1106 5308 Trajanopoli
1141 5250 1276 5288 eum
1310 5232 1593 5304 praefecit,
1640 5247 1827 5302 eoque
1859 5229 2019 5286 able-

364 5336 564 5403 gatum
597 5328 673 5385 ad
702 5333 957 5384 mortem
1002 5342 1190 5396 usque
1222 5324 1385 5380 omni
1444 5323 1607 5379 cultu
1662 5321 1824 5378 fovit.
1857 5319 2022 5376 Idem

366 5419 548 5473 edixit
576 5434 651 5474 ne
682 5417 1001 5473 Christiani
1033 5415 1553 5485 conquirerentur,
1589 5410 1773 5467 oblati
1824 5416 2023 5465 autem

367 5509 743 5577 punirentur.
770 5506 884 5562 Sub
908 5522 975 5562 eo
999 5505 1223 5561 Simoni
1256 5506 1459 5577 Magno
1478 5498 1799 5557 Menander
1828 5500 2026 5554 Sama-

439 5661 484 5697 ⁵⁸
512 5664 693 5732 Apoc.
723 5678 801 5727 ιι,
841 5659 894 5715 3.

2128 4601 2216 4659 διὰ
2241 4606 2338 4673 τὴν
2380 4600 2575 4676 ἀρετὴν
2627 4599 2790 4655 αὐτοῦ
2835 4597 2910 4662 ὦς
2967 4592 3420 4672 πολεμικώτατος
3474 4595 3563 4654 καὶ
3596 4594 3783 4654 πολλὰ

2127 4692 2532 4767 κατορθώματα
2589 4687 2641 4745 ἐν
2698 4689 2882 4762 Ῥώμῃ
2910 4690 3002 4759 [Ρ.
3036 4688 3163 4763 249]
3219 4686 3309 4741 καὶ
3363 4690 3645 4760 πανταχοῦ
3676 4692 3781 4762 γῆς

2130 4780 2472 4850 πεποιηκώς.
2506 4776 2685 4834 Φίλου
2717 4774 2774 4833 δε
2801 4797 2948 4839 τινος
2978 4777 3144 4832 αὐτοῦ
3199 4796 3332 4832 ποτε
3392 4770 3784 4843 διαϐληθέντος

2133 4872 2209 4933 ὡς
2238 4862 2560 4935 ἐπιϐούλου,
2610 4866 2701 4921 καὶ
2749 4867 2876 4927 τοὺς
2900 4886 2960 4921 τε
2990 4861 3315 4945 ὀφθαλμοὺς
3372 4859 3784 4931 ἐκκεντηθέντος

2136 4961 2240 5015 ὑπὸ
2269 4962 2376 5013 τῶν
2411 4953 2564 5011 ἰδίων
2599 4959 2801 5031 χειρῶν
2834 4954 2923 5010 καὶ
2952 4954 3017 5010 τὸ
3071 4952 3273 5027 γένειον
3331 4946 3785 5023 ἆποκειραμὲνου,

2132 5048 2249 5105 ἐπεὶ
2278 5045 2485 5123 τυφλὸς
2519 5045 2653 5120 πρὸς
2685 5044 2947 5121 Τραϊανὸν
2977 5042 3241 5115 εἶσήλθη,
3282 5039 3467 5096 πολλὰ
3527 5038 3793 5109 λυπηθεὶς

2132 5137 2323 5209 ἐπὶτῷ
2353 5135 2517 5191 αὐτοῦ
2549 5133 2719 5209 φίλῳ,
2753 5131 2915 5187 πόλιν
2948 5130 3013 5199 ἢν
3048 5125 3254 5185 ἔκτισεν
3309 5127 3397 5183 ἐπὶ
3447 5132 3529 5199 τῷ
3561 5127 3791 5200 ὀνόματι

2134 5227 2299 5284 αὐτοῦ
2340 5226 2440 5293 τὴν
2492 5227 2581 5277 νῦν
2639 5216 3106 5297 Τρτιιϊανούπολιν⁹
3172 5220 3363 5273 τοῦτον
3423 5216 3794 5292 κατοικτείρας

2136 5316 2211 5379 ὡς
2268 5311 2533 5384 δεσπότην
2596 5312 2693 5380 τῆς
2770 5306 2985 5371 πόλεως
3039 5304 3209 5362 ἐκεῖσε
3266 5303 3579 5362 ἀπέστειλεν
3630 5305 3786 5377 εἶναι,

2132 5401 2238 5467 ἕως
2298 5409 2397 5472 τῆς
2449 5399 2616 5457 αὐτοῦ
2673 5395 2932 5466 τελευτῆς
3010 5392 3293 5469 θεραπείαν
3380 5395 3549 5450 αὐτοῦ
3614 5400 3788 5451 πᾶσαν

2133 5490 2532 5565 ποιησάμενος.
2583 5488 2758 5549 Οὗτος
2815 5485 3110 5563 προσέταξε
3135 5505 3200 5541 το
3241 5483 3561 5559 Χριστιανὸν
3615 5483 3786 5563 φῦλον
