4154 6414
332 373 465 434 477

336 510 422 581 μὴ
515 506 892 576 ἐκζητεῖσθαι,
975 501 1208 577 ἐμπεσὸν
1296 499 1353 557 δὲ
1429 501 1780 572 κολάζεσθαι.

344 596 525 651 αὐτοῦ
558 593 787 667 Σίμωνα
832 592 927 649 τὸν
963 591 1140 668 μάγον
1197 588 1505 666 Μένανδρος
1552 587 1843 663 διεδέξατο,
1870 590 2007 666 γόης

337 685 437 740 καὶ
485 683 757 751 ἀπατεὼν,
822 680 1112 758 Σαμαρεὺς
1165 679 1229 737 τὸ
1279 678 1453 756 γένος,
1523 680 1712 736 ἑαυτὸν
1765 680 2007 755 Χριστὸν

353 774 663 847 ὸνομάζων.
722 772 829 828 Ἦν
886 768 944 826 δὲ
1002 771 1090 827 καὶ
1162 772 1431 845 Κήρινθος
1486 770 1829 846 αἱρεφάρχης
1882 771 2010 826 τότε

342 863 440 918 καὶ
476 859 783 928 Νικόλαος,
812 860 895 922 εἷς
923 864 1033 915 τῶν
1065 858 1201 915 ἑπτὰ
1234 855 1523 929 διακόνων,
1557 860 1609 913 οἱ
1660 858 2010 938 αἱρεσιάρχαι

342 952 440 1009 καὶ
475 950 666 1026 ἐχθροὶ
698 956 802 1020 τῆς
852 948 1136 1020 ἀληθείας.
1196 948 1320 1006 Ἐπὶ
1375 947 1577 1003 τούτου
1634 946 2008 1024 ἐμαρτύρησεν

343 1042 375 1097 6
435 1036 595 1115 ἅγιος
654 1039 915 1115 Ἰγνάτιος
973 1039 1002 1093 6
1057 1037 1319 1116 θεοφόρος
1375 1036 1466 1092 καὶ
1533 1037 1762 1110 Συμεὼν
1818 1037 1846 1091 6
1914 1041 2012 1091 τοῦ

346 1130 603 1188 Κλεόπα.
635 1130 870 1200 Θνήσκει
902 1125 959 1183 δὲ
987 1127 1259 1202 Τραϊανὸς
1314 1124 1599 1201 Ἀδριανὸν
1629 1126 1722 1182 τὸν
1764 1121 2013 1204 γαμϐρὸν

338 1219 517 1275 αὐτοῦ
548 1216 1051 1295 προχειρισάμενος
1081 1213 1334 1292 βασιλέα.

413 1306 711 1385 Ἀδριανὸς
796 1306 992 1370 Αἴλιος
1044 1302 1388 1363 ἐϐασίλευσεν
1471 1301 1564 1377 ἔτη
1628 1303 1708 1361 κδ’
1794 1307 1894 1362 Ἦν
1957 1303 2014 1361 δὲ

336 1403 558 1475 Ἀτρρος
615 1398 678 1452 τὸ
735 1393 910 1472 γένος,
965 1394 1296 1471 φιλολόγος,
1357 1392 1667 1467 ἐπιτήδειος
1719 1390 1772 1449 ἔν
1828 1415 1889 1451 τε
1933 1399 2013 1467 τῷ

340 1492 496 1559 πεζῷ
520 1486 674 1564 λόγῳ
724 1487 816 1543 καὶ
874 1491 954 1560 τῷ
1010 1485 1292 1561 ἐμμέτρῳ,
1352 1489 1617 1564 συγγενὴς
1674 1486 1767 1541 καί
1826 1487 2013 1541 υἱοπε-

352 1575 660 1650 ποιημὲνος
719 1580 801 1648 τῷ
855 1579 1130 1650 Τραϊανῷ.
1190 1574 1365 1637 Οὗτος
1422 1573 1476 1629 ἐν
1540 1573 1723 1646 Μυσίᾳ
1775 1574 2015 1648 θηράσας

358 1661 688 1738 ᾠκοδόμησε
717 1664 911 1733 πόλιν,
963 1663 1054 1718 καὶ
1105 1663 1490 1738 μετωνόμασεν
1519 1664 1690 1733 αὐτὴν
1719 1659 2015 1737 Ἀδριανοῦ

348 1757 535 1828 Θήρας
594 1756 708 1828 (56)
759 1751 812 1808 ἐν
865 1757 982 1815 τοῖς
1043 1753 1293 1827 μιτάτοις
1360 1754 1507 1827 (57).
1585 1751 1855 1812 Ὡσαύτως
1919 1763 2013 1816 καὶ

339 1839 537 1917 ἑτέραν
571 1841 738 1897 πόλιν
771 1840 828 1897 ἐν
861 1840 1069 1917 Θράκῃ,
1101 1840 1547 1917 προσαγορεύσας
1586 1839 1755 1909 αὐτὴν
1787 1836 2017 1911 Ἀδρια-
2042 1879 2085 1942 Β

337 1930 637 1999 νούπολιν,
685 1931 776 1986 καὶ
836 1932 964 1986 ναὸν
1000 1932 1053 1985 ἂν
1107 1932 1350 2003 Κυζίκῳ.
1412 1931 1528 2007 Ἐφ’
1559 1930 1620 1985 οὗ
1686 1928 2005 1984 στασιασάν-

337 2043 452 2077 των
509 2026 624 2075 των
682 2017 964 2077 Ἰουδαίων
1022 2022 1112 2075 καὶ
1159 2022 1251 2075 τὸν
1316 2020 1369 2076 ἐν
1419 2018 1827 2095 Ἱεροσολύμοις
1879 2019 2005 2074 ναὸν

336 2111 718 2187 οῗκοδομῆσαι
819 2110 1227 2187 βουληθέντων,
1289 2112 1567 2191 ὀργίζεται
1627 2114 1742 2167 κατ’
1822 2109 2003 2167 αὐτῶν

335 2199 576 2284 σφόδρα,
620 2203 711 2258 καὶ
768 2201 1021 2276 πολέμου
1076 2200 1373 2279 γενομένου
1431 2200 1625 2276 μεταξὺ
1683 2200 1894 2256 ἀνεῖλεν
1953 2200 2002 2272 ἐξ

336 2291 521 2349 αὒτῶν
553 2291 608 2348 ἐν
645 2291 821 2368 ἡμέρᾳ
855 2296 954 2366 μιᾷ
996 2288 1260 2366 μυριάδας
1285 2293 1390 2363 vn’.
1453 2292 1556 2349 Καὶ
1611 2291 1679 2347 τὰ
1749 2290 1843 2364 μὲν
1897 2311 2005 2347 πα-

336 2382 472 2439 λαιᾶ
503 2380 739 2457 λείψανα
775 2388 877 2452 τῆς
932 2379 1152 2445 πόλεως
1187 2381 1279 2436 καὶ
1335 2385 1432 2437 τοῦ
1488 2386 1621 2437 ναοῦ
1676 2380 2006 2457 κατερειπώ-

337 2493 438 2536 σας
461 2473 639 2542 κτίζει
665 2469 789 2526 νέαν
824 2470 1141 2548 Ἰερουσαλὴ
1154 2491 1212 2545 μ,
1244 2471 1311 2540 ἢν
1341 2468 1407 2540 δὴ
1462 2471 1552 2527 καὶ
1608 2468 1804 2526 Αἰλίαν
1832 2490 2005 2547 προσ-

339 2563 635 2638 ηγόρευσε.
722 2562 824 2618 Καὶ
878 2563 1081 2632 στήσας
1127 2562 1191 2617 τὸ
1248 2562 1441 2617 ἑαυτοῦ
1497 2558 1729 2616 εἴδωλον
1816 2561 1869 2616 ἐν
1922 2565 2003 2632 τῷ

340 2654 483 2725 ναῷ,
529 2649 698 2706 οίκεῖν
729 2650 1018 2721 ’Έλληνας
1077 2650 1130 2706 ἐν
1176 2653 1244 2723 τῇ
1304 2650 1464 2706 πόλει
1508 2648 1822 2724 προσέταξε.
1885 2656 2000 2720 Ση-

353 2745 513 2814 μεῖον
540 2735 598 2794 δὲ
628 2740 820 2817 γέγονε
848 2741 949 2809 τῆς
981 2737 1242 2801 ἁλώσεως
1288 2740 1458 2797 αὐτοῦ
1489 2740 1566 2802 ὡς
1594 2740 1656 2794 τὸ
1684 2742 1782 2794 τοῦ
1813 2736 2001 2795 Σολο-

342 2834 565 2903 μῶντος
594 2833 826 2902 σημεῖον
856 2828 1165 2904 αὐτόματον
1226 2826 1575 2899 διαλυθῆναι.
1635 2826 1889 2903 Σίμηλον
1945 2825 2002 2883 δέ

342 2938 466 2975 τινα
497 2912 549 2971 ἔν
579 2937 639 2972 τε
671 2919 927 2994 φρονήσει
986 2918 1077 2973 καὶ
1136 2917 1402 2989 ἐπιεικείᾳ
1456 2919 1547 2973 καὶ
1607 2919 1821 2992 ἀρεταῖς
1859 2914 2004 2972 πολ-

346 3009 476 3071 λαῖς
576 3006 991 3083 κεκοσμημένον
1048 3007 1182 3063 πάνυ
1243 3006 1426 3082 ἐτίμα,
1485 3007 1575 3063 καὶ
1660 3007 1712 3063 ἐν
1790 3005 2000 3085 μεγάλῃ

362 3096 516 3174 ἀρχῇ
542 3097 857 3171 κατέστησεν
889 3095 1068 3153 αὐτόν·
1101 3096 1228 3154 ἀλλ’
1284 3097 1366 3154 ἐπ’
1427 3095 1611 3173 ὀλίγον
1665 3105 1765 3168 τῆς
1814 3098 1999 3173 ἀρχῆς

357 3188 631 3259 κρατήσας
658 3186 857 3258 ἀπέστη
893 3186 1082 3259 αὐτῆς,
1112 3187 1204 3243 καὶ
1263 3187 1316 3243 ἐν
1374 3189 1529 3267 διγρῷ
1587 3188 1721 3244 ἑπτὰ
1751 3184 1845 3256 ἔτη
1880 3185 1997 3244 δια-

1497 362 2049 430 HISTORIARUM
2090 364 2657 430 COMPENDIUM.

1877 501 1999 557 Ἐπὶ
2034 505 2079 570 Α
2116 503 2334 559 riensis
2367 518 2616 575 magnus
2646 506 2823 573 atque
2853 498 3254 573 praestigiator
3310 501 3613 571 successit,
3673 504 3776 573 qui

3658 365 3781 428 478

2116 593 2384 664 seipsum
2415 593 2715 649 Christum
2748 591 3100 647 nominavit.
3160 591 3292 645 Fuit
3350 595 3409 645 et
3464 591 3784 647 Cerinthus

2117 699 2188 738 eo
2222 688 2496 755 tempore
2534 689 2593 737 et
2625 682 2920 749 Nicolaus,
2953 698 3108 736 unus
3139 697 3209 736 ex
3233 685 3461 752 septem
3492 679 3780 749 diaconis,

2115 773 2420 845 principes
2452 777 2747 828 sectarum
2779 776 2837 827 et
2865 772 3067 826 hostes
3098 770 3383 826 veritatis.
3420 769 3536 824 Sub
3570 768 3778 824 eodem

2114 863 2401 935 Ignatius,
2432 862 2631 918 divino
2654 861 2942 916 instinctu
2975 860 3261 932 praeditus
3317 859 3425 927 vir,
3488 857 3781 930 supplicio

2116 953 2363 1007 affectus
2394 956 2503 1020 est,
2539 956 2599 1007 et
2637 951 2894 1022 Symeon
2953 949 3188 1021 Cleopaa
3248 949 3431 1004 illius.
3490 949 3779 1021 Trajanus

2116 1042 2379 1097 moriens
2408 1042 2671 1098 Adriano
2694 1056 2913 1113 genero
2949 1039 3058 1096 sub
3089 1040 3405 1111 imperium
3441 1038 3708 1109 reliquit.

2188 1313 2368 1369 Elius
2398 1313 2691 1369 Adrianus
2714 1312 3027 1384 imperavit
3045 1324 3233 1366 annos
3264 1307 3470 1380 viginti
3499 1310 3775 1379 quatuor,

2117 1416 2331 1474 genere
2352 1402 2693 1469 Afer,h0mo
2717 1399 3114 1471 eruditus,qui
3147 1404 3204 1454 et
3232 1412 3409 1469 prosa
3440 1396 3707 1451 oratione
3721 1399 3782 1451 et

2118 1492 2382 1547 carmine
2415 1491 2731 1547 scribendo
2753 1492 2999 1547 valeret.
3023 1490 3156 1545 Fuit
3174 1488 3426 1559 Trajano
3449 1485 3666 1553 afﬁnis,
3699 1484 3774 1540 ab

2119 1595 2306 1651 eoque
2332 1585 2420 1634 est
2469 1579 2805 1651 adoptatus.
2864 1580 3010 1633 Cum
3071 1577 3133 1631 in
3192 1576 3377 1647 Mysia
3429 1578 3776 1641 venaretur,

2118 1669 2327 1724 urbem
2360 1668 2907 1738 condidit,eamque
2928 1665 3174 1723 Adriani
3201 1665 3444 1734 Theras,
3476 1662 3538 1717 id
3569 1667 3654 1719 est
3676 1679 3775 1717 ve-

2118 1759 2419 1813 nationem
2453 1757 2514 1813 in
2546 1758 2771 1813 mitatis
2802 1757 3158 1829 appellavit;
3192 1755 3373 1810 aliam
3418 1768 3654 1823 quoque
3708 1752 3773 1807 in

2116 1847 2363 1903 Thracia
2394 1847 2637 1903 nomine
2676 1843 3152 1917 Adrianopolim,
3211 1847 3268 1898 et
3322 1843 3529 1897 fanum
3560 1841 3770 1913 Cyzici.

2115 1934 2231 1993 Sub
2266 1953 2334 1993 eo
2364 1936 2730 1993 rebellantes
2757 1935 2946 1991 Judaei
3000 1932 3424 2003 Hierosolyma
3482 1930 3773 2001 templum

2112 2030 2359 2085 reficere
2393 2029 2649 2102 aggressi
2686 2033 2843 2084 sunt.
2879 2028 3070 2092 Quare
3101 2023 3435 2079 vehementi
3492 2021 3584 2076 ira
3641 2037 3774 2076 cor-

2113 2122 2317 2191 reptus
2342 2120 2629 2175 Adrianus
2688 2118 2773 2174 eis
2829 2117 3056 2173 bellum
3105 2112 3330 2183 intulit,
3380 2128 3619 2183 unaque
3678 2111 3774 2166 die

2112 2211 2218 2265 580
2248 2210 2439 2266 millia
2469 2209 2785 2265 interfecit.
2822 2208 2991 2264 Urbis
3042 2221 3280 2278 quoque
3308 2209 3365 2259 et
3396 2203 3603 2275 templi
3632 2202 3776 2257 reli-

2112 2298 2283 2369 quias
2314 2313 2523 2354 omnes
2546 2295 3027 2369 complanavit,et
3045 2310 3256 2350 novam
3278 2291 3545 2348 condidit
3563 2290 3773 2346 urbem

2110 2389 2213 2460 ibi,
2246 2389 2339 2445 cui
2372 2388 2531 2444 :Eliaa
2561 2404 2781 2445 nomen
2814 2386 3065 2455 indidit;
3100 2387 3282 2456 inque
3342 2383 3495 2440 488
3550 2380 3772 2453 templo

2113 2496 2218 2535 sua
2248 2484 2443 2536 statua
2472 2479 2686 2553 posita,
2717 2478 2929 2533 urbem
2960 2477 3193 2531 Grmcos
3241 2474 3511 2529 habitare
3563 2472 3768 2544 jussit.

2109 2568 2416 2625 Excidium
2448 2569 2557 2623 hoc
2579 2567 2747 2623 urbis
2778 2565 3082 2638 portendit
3103 2568 3311 2636 sponte
3326 2577 3435 2617 sua
3454 2562 3564 2633 disj
3576 2566 3771 2616 ectum

2110 2657 2445 2713 Solomonis
2477 2656 2936 2713 monimentum.
3000 2654 3263 2709 Plurimo
3306 2653 3533 2706 honore
3574 2650 3774 2707 affecit

2111 2746 2407 2802 Adrianus
2438 2746 2725 2802 Simelum
2751 2742 3073 2817 quemdam
3115 2741 3452 2815 prudentia,
3488 2739 3768 2809 aequitate

2108 2834 2429 2906 multisque
2457 2834 2777 2890 virtutibus
2835 2837 3110 2889 ornatum
3151 2832 3365 2899 virum,
3399 2844 3655 2899 eumque
3690 2826 3767 2883 ad

2108 2939 2387 2997 magnam
2449 2924 2641 2980 evexit
2686 2923 3036 2997 potentiam.
3072 2921 3183 2979 Sed
3216 2919 3472 2975 Simelus
3510 2933 3632 2973 non
3661 2916 3767 2971 diu

2107 3020 2271 3086 gesto
2306 3013 2555 3086 imperio
2587 3030 2689 3069 rus
2723 3030 2785 3069 se
2814 3012 3088 3081 contulit,
3120 3010 3324 3082 ibique
3384 3007 3767 3080 septennium

2109 3104 2373 3175 privatus
2404 3118 2539 3158 cum
2570 3101 2832 3169 vixisset,
2877 3106 3149 3157 mortuus
3197 3104 3306 3168 est,
3357 3114 3493 3153 cum
3524 3096 3766 3166 quidem

2104 3191 2386 3265 jussisset
2408 3207 2515 3247 suo
2547 3191 2819 3264 sepulcro
2837 3190 2962 3246 haec
2988 3188 3231 3245 inscribi
3263 3204 3275 3243 :
3298 3184 3554 3242 Simelus
3568 3185 3662 3240 hic
3679 3189 3769 3239 est

348 3275 548 3350 τρίψας
599 3274 973 3350 ἐτελεύτησεν,
1019 3243 1391 3357 ’ἐπιγραφῆναι
1424 3243 1760 3353 Ηπροστάξας
1815 3275 1868 3334 ἐν
1922 3281 2000 3350 τῷ

2114 3243 2384 3265 ,η----η
2409 3243 2506 3247 ____
2549 3243 2642 3264 nr
2663 3243 2810 3247 __-__
3094 3243 3107 3245 -

2114 3281 2281 3350 situs,
2315 3280 2416 3353 qui
2475 3297 2665 3336 annos
2716 3280 2905 3336 mtatis
2955 3278 3204 3350 adeptus
3263 3276 3484 3331 multos
3523 3271 3768 3329 nonnisi

348 3366 606 3440 μνημείῳ
634 3363 821 3425 αὑτοῦ.
856 3366 1109 3442 Κίμηλος
1158 3365 1385 3423 ἐνταῦθα
1439 3372 1747 3424 κατάκειται
1799 3368 2003 3444 βιώσας

350 3455 447 3528 μὶν
511 3453 679 3526 ἔτη..,
742 3458 909 3527 ζήσας
974 3453 1031 3512 Si
1090 3456 1224 3513 ἑπτά
1277 3461 1403 3530 (58).
1486 3458 1661 3519 Οὗτος
1719 3454 2005 3533 Ἀδριανὸς

346 3541 530 3618 χρέων
580 3544 807 3621 όφειλὰς
837 3550 945 3600 τῶν
1003 3545 1091 3601 ὑπ’
1122 3547 1284 3601 αὐτὸν
1348 3544 1566 3603 πόλεων
1611 3548 1703 3603 καὶ
1759 3546 2005 3604 πολιτῶν

341 3639 426 3706 τῷ
457 3631 722 3708 δημοσίῳ
755 3634 910 3714 λόγῳ
960 3635 1264 3708 ἀνηκούσας
1319 3636 1559 3712 ἀπέκοψε
1612 3639 1746 3713 (59),
1802 3637 2003 3700 καύσας

341 3724 473 3786 τοὺς
507 3723 737 3799 χάρτας.
808 3725 1037 3782 Νίκαιάν
1095 3745 1155 3782 τε
1212 3727 1302 3781 καὶ
1359 3725 1738 3801 Νικομήδειαν
1794 3732 2004 3803 σεισμῷ

343 3814 657 3878 πτωθείσας
715 3815 1068 3887 ἀνεκτήσατο.
1140 3816 1267 3873 Ἐπὶ
1345 3814 1542 3871 τούτου
1603 3818 1894 3880 Ἰουστῖνος
1973 3817 2001 3871 6

343 3905 651 3986 φιλόσοφος
701 3904 841 3961 κατᾶ
894 3910 1081 3962 πασῶν
1140 3907 1394 3984 αἱρέσεων
1435 3904 1740 3981 ἠνδρίζετο·
1774 3908 1848 3971 ὡς
1897 3908 2001 3984 γάρ

339 4014 478 4075 φησι
512 3993 752 4068 Κλήμης
785 3995 825 4051 δ’
847 3998 1231 4071 Στρωματεὺς,
1274 3994 1362 4051 ἐπὶ
1419 3994 1709 4073 Ἀδριανοῦ
1743 3997 1999 4077 ὑπῆρχον

336 4090 683 4163 αίρεσιῶται,
733 4087 925 4164 ἐχθροὶ
980 4093 1083 4158 τῆς
1132 4089 1241 4143 τῶν
1313 4088 1649 4161 Χριστιανῶν
1736 4088 1997 4157 πίστεως,

336 4180 423 4250 [P.
455 4177 584 4253 250]
632 4180 980 4249 Σατορνῖνος,
1049 4173 1380 4248 Βασιλείδης
1434 4176 1525 4232 καὶ
1581 4178 1995 4254 Καρποκράτης.

336 4267 571 4335 Θνήσκει
605 4262 665 4321 δὲ
697 4262 981 4340 Ἀδριανὸς
1014 4265 1111 4341 βίᾳ
1139 4271 1238 4335 τῆς
1269 4265 1455 4337 νόσου,
1513 4266 1720 4340 κράζωο
1749 4269 1818 4322 Ὠ
1871 4271 1996 4336 Ζεὸ,

336 4356 514 4410 πόσον
559 4354 724 4411 κακόν
780 4353 921 4409 ἐστιν
978 4354 1348 4431 ἐπιθυμοῦντά
1394 4376 1514 4411 τινα
1565 4356 1853 4421 ἀποθανεῖν
1906 4356 1996 4411 καὶ

2116 3375 2343 3442 septem
2375 3386 2567 3426 annos
2597 3369 2756 3425 vixit.
2781 3368 2944 3425 Idem
2966 3367 3258 3423 Adrianus
3275 3380 3411 3421 cum
3450 3362 3773 3418 audivisset

2114 3460 2398 3530 rationes,
2433 3464 2721 3532 quantum
2754 3464 2813 3515 et
2840 3458 3020 3514 urbes
3052 3462 3110 3513 et
3139 3457 3294 3512 cives
3344 3451 3555 3509 aerario
3586 3449 3770 3506 debe-

2113 3555 2268 3621 rent,
2301 3551 2503 3607 omnia
2526 3551 2639 3606 ista
2669 3549 3074 3622 debita,jussis
3099 3546 3351 3605 cremari
3382 3542 3772 3608 chartis,con-

2113 3639 2376 3698 donavit.
2412 3641 2664 3696 Nicaeam
2719 3644 2777 3695 et
2827 3638 3227 3695 Nicomediam
3258 3640 3429 3691 terra;
3460 3638 3625 3688 motu
3665 3630 3773 3685 de-

2105 3733 2297 3806 jectas
2326 3731 2555 3788 refecit.
2604 3732 2684 3787 Eo
2709 3732 3041 3804 imperante
3072 3728 3340 3786 Justinus
3371 3725 3764 3799 philosophus

2111 3822 2344 3879 fortiter
2376 3821 2653 3877 omnibus
2713 3836 2774 3877 se
2808 3820 3137 3876 haeresibus
3168 3820 3463 3892 opposuit.
3498 3818 3644 3872 Nam
3701 3816 3768 3870 ut

2109 3912 2387 3971 Clemens
2416 3910 2615 3981 tradit,
2651 3911 2749 3982 qui
2782 3926 2817 3966 a
2847 3909 3200 3981 scriptorum
3229 3922 3474 3964 suorum
3494 3904 3761 3961 materias

2108 3999 2391 4057 varietate
2424 3999 2789 4055 Stromateus
2819 4004 3164 4070 usurpatur,
3195 3994 3459 4051 haeretici
3519 4010 3586 4049 eo
3618 3999 3769 4048 tem-

2109 4107 2252 4162 pore
2296 4088 2434 4144 ﬂdei
2491 4087 2842 4144 Christianae
2900 4084 3117 4141 infensi
3170 4090 3358 4153 erant,
3387 4082 3768 4150 Saturninus,

2108 4178 2397 4235 Basilides
2429 4184 2486 4233 et
2518 4176 2916 4249 Carpocrates.
2940 4173 3175 4231 Morbus
3207 4173 3535 4230 Adrianum
3591 4186 3766 4227 neca-

2109 4270 2207 4338 vit,
2232 4285 2366 4325 cum
2395 4286 2515 4341 prae
2545 4268 2597 4322 vi
2631 4266 2759 4338 ejus
2779 4264 3169 4322 exclamasset
3202 4280 3215 4319 :
3243 4264 3286 4320 Ο
3315 4264 3561 4335 Jupiter,
3582 4277 3761 4333 quam

2108 4359 2396 4414 miserum
2422 4362 2512 4413 est
2541 4359 2815 4429 expetere
2838 4359 3091 4409 mortem
3104 4370 3297 4425 neque
3320 4352 3434 4408 voti
3458 4352 3759 4408 fiericom-

339 4446 420 4518 μή
469 4444 777 4521 τυγχάνειν·
830 4443 1111 4502 Τελευτῶν
1190 4442 1247 4500 δὲ
1331 4446 1739 4521 προχειρίζεται
1795 4447 2000 4504 Ἀντω-

2114 4447 2345 4522 potem!
2387 4449 2641 4502 Moriens
2664 4445 3031 4501 Antoninum
3062 4443 3174 4499 sibi
3226 4442 3478 4499 suﬂ‘ecit.
3509 4441 3760 4514 Trajano

1521 4566 1900 4623 XYLANDRI
1956 4568 2043 4625 ET
2100 4569 2316 4626 coam
2365 4536 2587 4635 Nom,

411 4689 530 4763 (56)
561 4689 883 4763 Confundit
932 4690 1083 4763 hanc
1132 4695 1338 4763 auctor
1392 4706 1514 4746 non
1562 4690 1799 4763 ignotus
1857 4709 1993 4749 cum

334 4761 589 4819 Thracia
617 4761 1023 4835 Adrianapoli.
1057 4763 1130 4817 At
1160 4762 1378 4835 Mysia,
1412 4779 1533 4835 non
1563 4761 1827 4820 Thracia)
1855 4764 2000 4820 urbs

334 4841 448 4901 est,
482 4840 541 4890 et
564 4851 600 4890 a
628 4834 993 4904 Cuspiniano
1026 4851 1099 4889 ex
1129 4834 1315 4890 Diene
1346 4839 1406 4888 et
1436 4834 1715 4891 Suetonio
1763 4835 1999 4892 Adriani

342 4906 617 4963 Venatica
645 4913 801 4975 septa
830 4910 1232 4976 nuncupatur.
1267 4907 1438 4962 Goan.

407 4977 522 5050 (57)
559 4978 676 5033 Hoc
709 4976 855 5050 quid
877 4977 973 5047 sit,
1007 4994 1128 5050 non
1160 4977 1335 5050 facile
1373 4977 1652 5050 dixerim.
1679 4978 1851 5049 Apud
1897 4977 1996 5033 Xi-

332 5044 636 5122 philinum
668 5044 744 5104 ei
772 5044 967 5122 Dione
990 5049 1135 5104 urbs
1166 5048 1520 5122 simpliciter
1569 5044 1851 5122 Ἀδριᾶνοῦ
1884 5055 1995 5118 Θῆ-

332 5119 423 5191 ῥαι
465 5121 704 5189 dicitur,
739 5119 899 5192 quod
958 5122 1224 5176 Venatica
1277 5119 1524 5176 Adriani
1576 5119 1729 5192 septa
1759 5138 1995 5177 conver-

329 5194 406 5247 tit
444 5193 686 5248 ﬂerula.
721 5191 944 5264 Eodem
975 5191 1153 5248 modo
1183 5193 1440 5248 Zonaras
1473 5191 1668 5248 habet.
1733 5193 1995 5264 Spartia-

328 5282 443 5319 nus
462 5264 786 5336 :Oppidum
810 5263 1269 5320 Adrianotheras
1292 5264 1355 5319 in
1384 5264 1642 5335 quodam
1675 5263 1993 5335 loco.quod

328 5336 456 5391 illic
483 5343 544 5390 et
571 5336 828 5391 feliciter
859 5342 1017 5391 esset
1042 5341 1288 5392 venatus
1319 5341 1378 5392 et
1423 5353 1625 5405 ursam
1657 5336 1991 5405 occidisset,

326 5407 656 5479 aliquando
685 5406 1017 5463 constituit.
1052 5406 1201 5479 Quid
1228 5407 1299 5479 psi
1361 5404 1608 5478 μιτάτοις
1664 5411 1878 5464 metatis
1912 5404 1995 5464 si!-

325 5477 608 5553 gniﬁcare
649 5479 876 5553 debuit,
900 5485 977 5553 ut
993 5477 1240 5553 Adriani
1267 5480 1645 5553 venationem
1663 5479 1842 5553 certis
1874 5497 1994 5539 me-

328 5549 405 5607 tis
436 5568 503 5608 ac
565 5550 789 5625 finibus
824 5549 990 5625 urbis
1058 5550 1353 5625 inclusam
1404 5550 1722 5625 designet?
1752 5553 1890 5625 ΧΠ..
1923 5583 1992 5594 --

328 5625 552 5693 Mitata,
587 5640 694 5679 seu
727 5621 993 5679 Latinius
1023 5622 1231 5689 mavis,
1265 5630 1495 5691 metata,
1508 5621 1830 5679 castrorum
1860 5623 1994 5681 loca.

330 5696 718 5769 interpretor,
751 5694 812 5750 in
869 5693 1302 5769 quibusstaret
1332 5693 1420 5769 vel
1469 5694 1736 5769 longiore
1792 5696 1992 5767 profe-

330 5765 527 5823 ctione
577 5771 856 5838 suscepta
902 5765 1214 5836 paululum
1271 5765 1607 5837 quiesceret
1673 5765 1986 5824 exercitus.

2105 4694 2253 4749 Hinc
2283 4699 2590 4756 metatores,
2614 4692 2687 4747 de
2717 4691 2935 4763 quibus
2967 4691 3241 4764 Vegetius
3262 4709 3327 4764 ιι,
3359 4696 3410 4747 7.
3445 4693 3621 4748 Goaa.

2182 4768 2293 4837 (58)
2323 4764 2811 4837 Xiphilinum,et
2838 4780 2973 4818 vero
3024 4763 3085 4819 id
3118 4763 3279 4837 quod
3298 4765 3627 4837 perspicue
3658 4780 3764 4837 ve-

2108 4834 2241 4911 rum
2268 4834 2418 4911 erat,
2454 4841 2692 4911 secutus
2730 4836 2826 4891 hic
2855 4852 3008 4911 sum.
3041 4834 3192 4911 Nam
3244 4834 3394 4911 illud
3427 4834 3633 4911 βιώσας
3666 4834 3759 4911 μὲν

2108 4904 2412 4990 gen-(best.
2436 4907 2508 4963 ab
2532 4907 2733 4989 aliquo
2782 4908 3044 5033 positum
3096 4907 3195 4979 qui
3235 4904 3608 4990 elegantiam
3666 4909 3762 4963 in-

2108 4986 2448 5033 scriptionis
2478 4996 2601 5033 non
2626 4978 2773 5033 intel
2804 4986 2941 5033 exit.
2974 4981 3107 5033 Fuit
3137 4981 3516 5033 scribendum
3552 4978 3758 5033 Βιώσας

2107 4978 2448 5052 scriptionis
2478 4996 2601 5052 non
2626 4978 2941 5052 intellexit.
2974 4978 3516 5036 Fuit’scribendum
3551 4978 3758 5052 βιιέξσας

2111 5042 2352 5120 μελπὲτη
2409 5047 2617 5124 πολλὰ,
2664 5051 2773 5119 vel,
2833 5057 2899 5106 ut
2954 5052 3135 5107 habet
3181 5042 3758 5124 Xiphiliuus,'1o'eat.

2108 5124 2251 5179 Nam
2283 5123 2607 5195 vitamotio
2640 5129 2698 5179 et
2726 5124 3149 5195 tranguillitate
3170 5121 3632 5195 carentem,cum
3667 5121 3762 5176 in-

2098 5194 2369 5275 jucunda
2394 5194 2623 5261 fuisset,
2653 5195 2797 5275 vitae_
2813 5193 3056 5275 nomine
3087 5209 3233 5275 non_
3264 5193 3616 5275 dignabatur
3643 5210 3656 5258 ;
3691 5208 3761 5248 ac

2107 5267 2229 5339 ζῇν,
2263 5266 2473 5330 vivere,
2507 5281 2614 5336 pro
2639 5267 2897 5339 suaviter
2924 5272 2982 5321 et
3006 5264 3273 5339 jucunde
3298 5264 3488 5319 vivere
3503 5264 3757 5339 domum

2104 5335 2243 5410 poni
2278 5339 2422 5395 satis
2452 5335 2660 5394 notum
2694 5344 2785 5393 est
2811 5337 2903 5393 vel
2929 5335 3454 5410 ex"epig_rammate
3486 5335 3557 5410 de
3595 5335 3758 5393 horis

2105 5407 2354 5536 giprp‘is,
2390 5410 2451 5466 in
2483 5426 2600 5480 quo
2629 5415 2720 5466 est
2741 5412 2922 5466 vivere
2952 5407 3083 5478 post
3111 5407 3236 5461 illas
3267 5407 3458 5462 littera
3511 5408 3637 5463 Zeta
3654 5410 3755 5479 ju-

2139 5499 2166 5536 e
2198 5524 2209 5535 .
2294 5498 2380 5536 γι..

2139 5488 2209 5537 et.
2244 5488 2380 5537 XYL.

2174 5553 2407 5624 (59)7Ubi
2438 5550 2953 5624 Gedrenusrefert
3005 5549 3334 5624 Adrianum
3386 5549 3635 5624 urbibus
3664 5560 3752 5608 at-

2103 5621 2217 5694 que
2249 5621 2472 5680 Civibus
2490 5623 2690 5694 debita
2704 5621 3089 5694 dimisisse,in
3102 5625 3367 5694 margine
3390 5623 3756 5694 assignatum

2102 5689 2439 5767 estp'l‘oﬁto
2480 5692 2568 5767 καὶ
2633 5694 2662 5748 6
2717 5689 2848 5767 ἐμὸς
2913 5689 3167 5766 βασιλεὺς
3221 5689 3458 5753 ’Ῑσάκιος
3515 5689 3631 5767 ἆμα
3684 5697 3754 5767 τῇ

2101 5765 2391 5843 ἀναῤῥήσει
2423 5764 2692 5835 ἐποίησεν.
2725 5764 2864 5821 Χη.
