4154 6410
375 352 493 413 8⁸79

1700 337 2013 401 GEORGII
2060 339 2415 403 CEDRENI

3671 338 3800 400 480

379 485 539 540 enim
565 485 823 546 mortuo,
860 478 1175 550 epistolam
1208 478 1464 533 ﬁnxerat
1494 480 1778 546 tanquam
1821 475 1880 529 in
1903 474 2031 545 ipso

2156 476 2286 528 νῖνον
2319 477 2459 550 (60)¹
2521 476 2946 548 τελευτήσαντος
3002 477 3107 554 γὰρ
3163 480 3453 550 Τραϊανοῦ,
3524 473 3795 532 ἐπλάσατο

379 573 662 643 scriptam
682 570 757 625 ad
787 574 1082 635 senatum,
1112 583 1229 638 qua
1257 583 1394 621 eum
1429 565 1620 621 illium
1651 570 1708 619 et
1740 580 2039 620 successo-

377 677 503 717 rem
541 660 891 717 declararet.

455 841 791 897 Antoninus
846 837 1157 909 imperavit
1213 852 1402 891 annos
1459 839 1546 904 24,
1598 835 1913 906 adoptatus
1968 832 2040 888 ab

379 931 655 986 Adriano.
688 929 790 983 Hic
823 928 1051 999 primus
1082 926 1511 997 imperatorum
1536 926 1673 979 Pius
1706 928 1793 978 est
1825 938 2037 995 cogno-

383 1020 641 1075 minatus
663 1018 735 1072 ob
787 1016 982 1071 omnis
1010 1015 1247 1085 generis
1278 1015 1548 1080 virtutes,
1610 1012 1826 1082 quibus
1884 1012 2038 1066 439

378 1114 505 1164 erat
535 1107 838 1179 praeditus.
876 1105 1092 1161 Scribit
1125 1104 1401 1159 Clemens
1435 1104 1563 1174 ejus
1618 1108 1881 1173 tempore
1916 1103 2036 1155 Ro-

378 1216 489 1253 ma)
523 1196 754 1251 nobiles
782 1195 966 1250 fuisse
987 1199 1283 1249 sectarum
1308 1193 1609 1264 principes
1639 1191 2037 1257 Valentinum,

380 1287 707 1342 Cerdonem
741 1291 798 1338 et
828 1284 1206 1350 Marcionem,
1250 1287 1307 1338 et
1363 1281 1520 1353 apud
1570 1282 1827 1352 Phryges
1857 1280 2042 1335 Tatia-

376 1392 519 1435 num
552 1380 608 1429 et
640 1373 1061 1436 Bardesanem,
1095 1388 1164 1426 ac
1189 1370 1524 1425 Priscillam
1557 1375 1617 1424 et
1660 1368 2039 1424 Maximillam

375 1465 555 1521 falsas
586 1468 769 1519 vates.
806 1463 936 1517 Fuit
966 1467 1108 1516 tunc
1140 1461 1201 1515 in
1233 1459 1624 1515 admiratione
1656 1458 1828 1513 etiam
1873 1458 2039 1512 Gale-

376 1572 490 1610 nus
519 1552 811 1609 medicus.
846 1554 913 1606 Et
944 1556 1071 1606 erat
1104 1550 1347 1621 quidam
1384 1548 1769 1614 Bardesanes,
1797 1548 2040 1602 natione

377 1644 580 1714 Syrus,
614 1643 950 1713 disputator
982 1638 1409 1695 subtilissimus
1468 1654 1535 1693 ac
1586 1637 1796 1692 doctus
1839 1636 2039 1702 homo,

374 1733 547 1803 cuius
580 1732 651 1787 de
675 1732 797 1787 fato
831 1730 1165 1784 orationem
1226 1727 1566 1783 Antoninus
1617 1727 1875 1781 miratus
1933 1730 2038 1779 est.

378 1822 592 1875 Marcio
606 1820 1003 1892 Polycarpum
1028 1819 1293 1889 Smyrnae
1318 1816 1663 1907 episcopum
1679 1815 1908 1907 obviam
1930 1814 2040 1907 sibi
2078 1844 2121 1907 Β

376 1910 598 1964 factum
631 1908 1049 1980 interrogavit:
1084 1906 1451 1978 Agnoscisne
1503 1922 1633 1973 nos,
1681 1904 1909 1975 egregie
1942 1906 2045 1958 Po-

377 1999 615 2069 lycarpe
629 1998 656 2052 ‘?
670 1996 997 2068 Respondit
1015 1995 1377 2066 Polycarpus
1393 2011 1405 2048 :
1422 1996 1691 2065 Agnosco
1714 1998 1791 2061 te,
1818 1986 2043 2048 Satanae

380 2085 1132 2159 primogenitum.Moriens
1146 2083 1484 2139 Antoninus
1498 2083 1813 2154 imperium
1827 2099 2043 2153 genero

380 2192 488 2231 suo
513 2178 583 2231 M.
632 2174 933 2230 Antonino
990 2172 1311 2228 mandavit.
1354 2171 1472 2227 Sub
1534 2188 1601 2227 eo
1659 2171 2042 2242 Polycarpus,

374 2264 616 2320 Joannis
648 2262 1023 2332 evangelista
1083 2260 1435 2331 discipulus,
1461 2265 1519 2316 et
1546 2260 1813 2315 Justinus
1847 2261 2043 2331 philo-

375 2354 621 2425 sophus,
662 2369 729 2408 ac
761 2352 1077 2423 Dionysius
1102 2350 1365 2405 Corinthi
1399 2349 1741 2420 episcopus,
1792 2349 1864 2404 ob
1899 2349 2043 2404 divi-

377 2461 467 2499 na:
485 2442 749 2497 veritatis
780 2440 1215 2512 professionem
1244 2439 1537 2510 supplicio
1570 2443 1712 2493 sunt
1751 2439 1967 2493 affecti.

454 2534 525 2586 Μ.
561 2530 897 2586 Antoninus
929 2529 1242 2601 imperavit
1289 2545 1480 2583 annos
1515 2528 1582 2582 49
1619 2528 1731 2582 :de
1764 2528 1857 2582 his
1907 2545 2043 2585 cum

382 2625 529 2677 Vero
570 2637 789 2694 genero
823 2637 928 2674 suo
961 2636 1150 2674 annos
1186 2623 1270 2683 l0,
1306 2634 1543 2673 menses
1574 2620 1626 2671 9.
1660 2619 1713 2672 ls
1759 2634 1893 2672 cum
1937 2618 2044 2672 ad-

378 2727 580 2766 versus
628 2714 955 2765 Germanos
1011 2725 1079 2763 ac
1153 2709 1449 2763 Sarmatas
1509 2707 1734 2763 bellum
1790 2712 2040 2778 gereret,

379 2799 794 2868 exercitusque
835 2798 932 2852 siti
975 2814 1216 2868 pressus
1248 2795 1713 2868 periclitaretur,
1750 2796 2043 2851 Melitenen

380 2887 635 2958 legionis
666 2887 910 2953 milites,
937 2886 1039 2956 qui
1070 2884 1394 2939 Christiani
1440 2890 1630 2947 erant,
1665 2901 1699 2939 a
1746 2886 1863 2940 Deo
1897 2902 2041 2940 con-

381 2977 564 3030 tentis
594 2975 871 3045 precibus
903 2974 1373 3045 impetraverunt
1400 2978 1466 3027 ut
1495 2973 1745 3027 fulmine
1779 2974 2043 3029 hostium

383 3064 678 3119 exercitus
727 3062 1005 3118 feriretur
1035 3062 1347 3131 imberque
1381 3064 1675 3117 Romanas
1726 3062 1925 3133 copias
1957 3080 2044 3117 re-

388 3157 634 3210 crearet.
678 3154 862 3217 Quam
924 3168 1045 3206 rem
1089 3151 1413 3222 imperator
1468 3150 1634 3206 valde
1693 3151 2041 3221 admiratus,

387 3245 579 3300 edicto
611 3241 964 3300 Christianis
997 3241 1253 3296 honores
1281 3240 1514 3310 detulit,
1549 3241 1887 3313 legionique
1915 3241 2044 3297 Ful-

384 3332 715 3391 minatricis
767 3334 1228 3402 cognomentum
1278 3329 1513 3384 indidit.
1600 3332 1739 3402 Ejus
1792 3331 2041 3401 imperio

385 3423 625 3494 quidam
649 3421 932 3476 Hebraeus
945 3437 1053 3491 per
1069 3420 1453 3474 solitudinem
1479 3420 1592 3473 iter
1613 3437 1746 3475 cum
1771 3420 2046 3475 Christia-

382 3513 476 3567 nis
500 3510 746 3575 faciens,
782 3525 918 3563 cum
950 3510 1010 3562 in
1034 3524 1268 3581 gravem
1302 3511 1462 3563 440
1493 3508 1766 3564 morbum
1801 3508 2045 3581 delapso

378 3602 507 3673 jam
536 3599 666 3654 vitae
708 3598 1030 3652 discrimen
1088 3598 1481 3668 impenderet,
1516 3599 1883 3654 Christianos
1941 3614 2048 3668 per

388 3687 491 3743 Dei
526 3701 746 3742 nomen
774 3685 1101 3739 obtestatus
1133 3690 1223 3738 est
1253 3685 1336 3738 uti
1370 3702 1432 3740 se
1485 3685 1870 3756 baptizarent.
1903 3690 2042 3740 Cum

391 3793 528 3831 vero
562 3792 755 3847 neque
788 3791 942 3845 aqua
972 3775 1045 3829 ad
1070 3792 1309 3829 monum
1344 3781 1501 3830 esset
1532 3792 1726 3846 neque
1769 3774 2045 3830 sacerdos

391 3867 787 3936 Christianus,
816 3865 1079 3921 vestibus
1103 3865 1406 3920 hominem
1441 3865 1763 3929 nudarunt,
1797 3871 1856 3919 et
1886 3865 2043 3935 ipso-

390 3973 523 4012 rum
539 3955 780 4027 quidam
800 3954 1075 4009 manibus
1089 3971 1332 4009 arenam
1358 3954 1631 4009 haustam
1653 3954 1892 4008 tertium
1916 3953 2046 4025 ejus

391 4045 569 4117 capiti
590 4044 1075 4107 infudit,tertium
1094 4043 1325 4098 dicens:
1360 4042 2046 4114 BaptizaturTheodorus

390 4136 451 4190 in
478 4134 720 4189 nomine
751 4133 941 4188 Patris
974 4138 1033 4187 et
1061 4133 1192 4187 Filii
1227 4140 1287 4186 et
1334 4132 1584 4203 Spiritus
1608 4133 1816 4187 sancti.
1854 4135 2047 4203 Atque

390 4223 492 4277 ille
515 4223 794 4278 Ilebraaus
827 4222 1003 4276 simul
1034 4227 1209 4291 atque
1233 4221 1317 4275 ita
1348 4220 1673 4292 baptizatus
1687 4226 1797 4289 est,
1814 4222 2046 4277 confes-

390 4314 497 4367 tim
550 4312 756 4367 morbo
802 4328 907 4365 suo
957 4327 1199 4381 prorsus
1250 4316 1339 4364 est
1388 4310 1691 4364 liberatus.
1727 4313 2045 4382 Postquam

393 4402 826 4457 Alexandream
858 4405 1275 4471 pervenerunt,
1308 4416 1403 4454 res
1437 4415 1506 4453 ea
1537 4399 1819 4470 Dionysio
1878 4418 2043 4472 papae

2146 562 2441 633 ἐπιστολὴν
2473 566 2546 628 ὡς
2581 564 2742 636 δῆθεν
2773 569 2902 642 παρ’
2962 568 3128 623 αὐτοῦ
3175 575 3464 645 γραφεῖσαν
3492 572 3630 645 πρὸς
3694 573 3795 641 τήν

2148 651 2381 726 βουλὴν,
2417 652 2539 719 ἔνθα
2566 655 2682 710 υἱὸν
2712 656 2801 711 καὶ
2841 654 3103 732 διάδοχον
3164 664 3265 727 τῆς
3327 658 3608 745 βασιλείας
3665 659 3802 715 ὠνό-

2149 763 2333 814 μασεν.

2219 833 2543 897 Ἀντωνῖνος
2589 832 2897 903 ὁΕ-Τισεϐἡς
2956 831 3301 891 ἐϐασίλευσεν
3358 836 3447 907 ἔτη
3510 835 3616 905 κδ’,
3688 840 3807 893 υἱο-

2144 922 2395 991 ποιηθεῖς
2423 928 2506 994 τῷ
2534 921 2827 997 ἰἰδριανῷ,
2886 925 2975 980 καὶ
3034 930 3253 1000 πρῶτος
3315 926 3667 1002 αέτοκράτωρ
3696 929 3809 983 Εὐ-

2146 1006 2310 1078 σεϐὴς
2392 1010 2697 1083 ἐπεκλήθη·
2762 1019 2933 1068 πᾶσαν
3010 1016 3110 1090 γὰρ
3182 1016 3377 1090 ἀρετ-ὴν
3451 1016 3805 1086 ἐπεκτήσατο.

2141 1108 2232 1161 Ὠς
2263 1122 2395 1179 φησι
2434 1098 2491 1155 δὲ
2524 1101 2786 1174 Κλήμης,
2821 1105 2903 1159 ὅτι
2939 1104 3025 1158 ἐπὶ
3058 1104 3223 1160 αὐτοῦ
3281 1105 3663 1172 Οὐαλεντῖνος,
3716 1106 3806 1160 καὶ

2148 1187 2519 1265 Κέρδων,καὶ
2573 1192 2837 1266 Μαρκίων
2898 1192 2949 1246 ἐν
3012 1195 3198 1267 Ῥώμη
3262 1194 3603 1273 αἱρεσιάρχαι
3637 1194 3808 1269 ἐγνω-

2148 1281 2385 1353 ρίζοντο,
2417 1280 2507 1334 καὶ
2541 1282 2822 1350 Ἰάτιανὸς,
2853 1283 2942 1336 καὶ
2988 1279 3326 1355 Βαρδισεὶνης
3382 1287 3517 1356 (61),
3549 1284 3641 1339 καὶ
3677 1290 3804 1357 [Ιρι-

2148 1367 2350 1424 σκίλλα
2380 1371 2471 1425 καὶ
2505 1371 2825 1444 Μαξιμίλ).α
2859 1374 2911 1427 αἱ
2951 1370 3476 1449 ψευδοπροφητιδες,
3503 1378 3613 1429 τῶν
3668 1374 3806 1428 κατὰ

2148 1458 2369 1533 Φρύγας
2428 1458 2809 1534 ἐγνωρίζοντο.
2874 1464 2970 1515 Καὶ
3041 1460 3291 1532 Γαληνὸς
3351 1464 3379 1517 6
3446 1463 3631 1537 ἱατρὸς
3686 1462 3809 1518 τότε

2151 1546 2507 1621 ἐθαυμάζετο.
2543 1550 2647 1605 Καὶ
2684 1547 3022 1623 Βαρδισςίνης
3056 1548 3115 1605 δέ
3152 1573 3236 1614 τις
3295 1551 3472 1625 Σύρος
3528 1548 3807 1607 διαλεκτι-

2149 1637 2396 1699 κώτατος
2454 1638 2542 1692 καὶ
2607 1640 2776 1712 σοφὸς
2832 1641 2920 1709 ἦν,
3009 1635 3150 1695 ὥστε
3218 1642 3582 1714 θαυμάζεσθαι
3642 1641 3809 1697 αὐτοῦ

2149 1725 2288 1801 πρὸς
2320 1730 2416 1781 τοῦ
2475 1728 2795 1784 Ἀντωνίνου
2852 1728 2948 1784 τὸν
3018 1730 3158 1784 κατὰ
3224 1730 3563 1804 εἱμαρμένης
3622 1730 3808 1806 λόγον.

2154 1812 2516 1888 Πολῦκαρπος
2546 1812 2604 1869 δὲ
2652 1814 2949 1879 ἐπίσκοπος
3007 1816 3266 1890 Σμύρνης
3321 1817 3399 1881 εὶς
3458 1813 3581 1892 ὄψιν
3636 1818 3811 1882 ἐλθὼν

2154 1903 2438 1978 Μαρκίωιι
2504 1902 2755 1973 ἤκουσεψ
2819 1907 3235 1981 Ἐπιγινώσκεις
3325 1910 3495 1981 ἡμᾶς,
3554 1909 3599 1962 ὦ
3672 1906 3808 1962 καλὲ

2154 1992 2481 2069 ΙΙολύκαρπε
2516 2013 2530 2062 ;
2563 1996 2623 2052 Ὀ
2666 1993 2740 2051 δέ·
2769 1997 3158 2071 Ἐπιγινώσκω
3209 2019 3287 2068 σε,
3347 1993 3476 2071 ἔφη,
3525 1999 3617 2053 τὸν
3650 2019 3804 2072 πρω-

2152 2082 2375 2138 τότοκον
2403 2088 2503 2138 τοῦ
2539 2090 2766 2140 Σατανᾶ.
2830 2088 3061 2157 Θνήσκει
3119 2083 3177 2141 δὲ
3235 2087 3551 2149 Ἀντωνῖνος
3596 2082 3807 2162 προϐα-

2154 2170 2387 2245 λόμενος
2437 2172 2514 2235 εἰς
2575 2173 2804 2248 βασιλέα
2858 2176 3078 2251 Μάρκον
3139 2177 3459 2233 Ἀντωνῖνον
3516 2178 3607 2232 τὸν
3665 2173 3812 2231 ’ίδιον

2151 2254 2424 2334 γαμϐρόν.
2462 2262 2581 2316 Ἐπὶ
2612 2263 2811 2317 τούτου
2844 2262 3210 2339 Πολύκαρπος
3240 2266 3267 2319 ὁ
3330 2267 3582 2336 μαθητὴς
3617 2265 3811 2321 Ἰωάν-

2152 2368 2247 2404 νου
2272 2354 2369 2404 τοῦ
2401 2349 2793 2427 εὐαγγελιστοῦ
2822 2353 2911 2407 καὶ
2960 2354 3248 2414 Ἰουστῖνος
3282 2354 3310 2408 ὁ
3364 2352 3666 2430 φιλόσοφος
3722 2356 3811 2410 καὶ

2153 2439 2431 2502 Διονύσιος
2463 2440 2491 2494 6
2522 2439 2819 2506 ἐπίσκοπος
2858 2443 3119 2517 Κορίνθου
3151 2441 3556 2519 ἐμαρτύρησαν.

2222 2531 2442 2606 Μάρκος
2476 2532 2795 2593 Ἀντωνῖνος
2828 2526 3171 2587 ἐϐασίλευσεν
3226 2529 3319 2603 ἔτη
3376 2541 3461 2603 ιθ¹,
3526 2536 3661 2607 μετὰ
3715 2535 3807 2606 μὲν

2152 2614 2399 2694 Σεϐήρου
2428 2626 2523 2675 τοῦ
2555 2618 2814 2695 γαμϐροῦ
2845 2620 3009 2675 αὐτοῦ
3035 2621 3129 2690 ἔτη
3167 2628 3195 2676 ι“
3235 2624 3327 2677 καὶ
3365 2629 3539 2695 μῆνας
3571 2626 3616 2678 θ⁵

2151 2707 2539 2782 Πολεμοῦντος
2573 2707 2629 2764 δὲ
2662 2709 2970 2784 Γερμανοὺς
3028 2710 3119 2764 καὶ
3180 2712 3494 2785 Σαρμάτας,
3531 2709 3677 2784 δίψει
3709 2715 3808 2781 τῆς

2153 2804 2404 2873 στρατιᾶς
2463 2800 2793 2870 πιεζομένης
2852 2798 2941 2853 καὶ
3002 2796 3091 2853 διὰ
3141 2805 3303 2855 τοῦτο
3362 2798 3806 2871 κινδυνευούσης,

2150 2888 2277 2949 τοὺς
2309 2887 2399 2943 ἐπὶ
2436 2894 2537 2956 τῆς
2570 2885 2880 2958 Μελιτηνῆς
2909 2887 3053 2941 οὕτω
3103 2887 3454 2962 καλουμένης
3517 2888 3804 2965 λεγεῶνος,

2150 2976 2522 3052 Χριστιανοὺς
2581 2972 2760 3045 ὄντας,
2845 2977 2915 3032 δι’
2975 2977 3147 3053 εὐχῆς
3200 2978 3448 3041 ἐκτενοῦς
3505 2981 3642 3055 πρὸς
3713 2980 3804 3035 τὸν

2152 3067 2280 3121 Θεὸν
2312 3064 2610 3141 γενομένης
2660 3064 2786 3127 τοὺς
2850 3067 2946 3138 μὲν
3007 3066 3316 3140 πολεμίους
3366 3073 3607 3143 κεραυνῷ
3665 3067 3809 3143 βλη-

2157 3156 2338 3224 θῆναι,
2389 3150 2586 3228 ὄμὸρῳ
2645 3151 2702 3208 δὲ
2746 3153 2873 3216 τοὺς
2929 3155 3238 3229 Ῥωμαίους
3293 3159 3808 3232 παραμυθήσασθαι.

2154 3245 2327 3319 ’Όπερ
2411 3239 2661 3322 σιροδρῶς
2741 3242 3093 3314 καταπλῆξαν
3149 3247 3243 3299 τὸν
3306 3245 3556 3320 βασιλέα,
3616 3246 3810 3321 γράφει

2150 3336 2313 3405 τιμᾷν
2375 3333 2751 3406 Χριστιανοὺς,
2808 3335 2908 3402 τήν
2991 3331 3049 3388 δὲ
3108 3333 3343 3406 λεγεῶνα
3401 3329 3809 3407 Κεραυνοϐὁλον

2156 3426 2606 3497 προσαγορεῦσαι.
2670 3424 2788 3478 Ἐπὶ
2856 3424 3053 3478 τούτου
3112 3419 3367 3497 Ἐϐραῖος
3421 3444 3504 3483 τις
3594 3419 3811 3477 συνοδοι

2156 3514 2341 3583 πορὼν
2395 3511 2738 3584 Χριστιανοῖς
2770 3512 2907 3566 κατά
2959 3513 3057 3581 τὴν
3116 3508 3323 3584 ἔρημον
3383 3509 3474 3565 καὶ
3534 3510 3812 3586 ἀρρωστίᾳ

2155 3598 2437 3674 συσχεθεὶς
2471 3600 2763 3674 βαρυτάτῃ,
2820 3597 3146 3655 κινδυνεύειν
3208 3597 3316 3670 ἢδη
3375 3597 3622 3673 μέλλων,
3682 3619 3816 3671 παρ-

2156 3689 2338 3745 εκάλει
2389 3688 2517 3751 τοὺς
2580 3691 2937 3763 Χριστιανοὺς
2989 3689 3224 3764 ἐνορκῶν
3282 3688 3359 3750 εἷς
3414 3690 3477 3744 τὸ
3534 3693 3631 3743 τοῦ
3673 3694 3808 3743 Θεοῦ

2157 3774 2328 3847 ὄνομα
2379 3774 2637 3849 βαπτίσαι
2693 3776 2878 3832 αὐτόν.
2936 3772 3163 3835 Ὕδατος
3222 3772 3281 3829 δὲ
3339 3776 3415 3847 μή
3478 3773 3634 3835 ὄντος
3672 3777 3809 3847 μήτε

2157 3863 2344 3939 ἱερέως
2396 3871 2501 3920 τῶν
2564 3867 2903 3940 Χριστιανῶν
2964 3861 3349 3918 ἀποδυσάντων
3403 3863 3589 3936 αὐτὸν,
3622 3864 3695 3927 εἷς
3758 3863 3808 3934 ἐξ

2155 3954 2334 4009 αὐτῶν
2384 3953 2602 4025 πλήσας
2655 3955 2751 4014 τὰς
2807 3958 2997 4027 χεῖρας
3049 3951 3283 4025 ψάμμου
3336 3951 3395 4007 ἐκ
3441 3953 3625 4028 τρίτου
3712 3952 3810 4007 ἐπ-

2158 4045 2307 4120 έχεεν
2340 4043 2426 4099 ἐπὶ
2459 4046 2558 4114 τὴν
2618 4040 2886 4120 κεφαλὴν,
2947 4040 3129 4115 τρίτον
3187 4040 3383 4117 λέγων·
3420 4068 3445 4093 ‹‹
3483 4044 3813 4113 Βαπτίζεται

2157 4132 2435 4207 Θεόδωρος
2466 4133 2541 4193 εἰς
2572 4133 2635 4186 τὸ
2667 4130 2844 4203 ὄνομα
2873 4135 2969 4185 τοῦ
3006 4132 3237 4205 Πατρὸς,
3278 4132 3369 4186 καὶ
3408 4137 3505 4186 τοῦ
3539 4133 3688 4201 ὶἾοῦ,
3723 4132 3813 4186 καὶ

2154 4229 2252 4279 τοῦ
2323 4223 2480 4297 ἁγίου
2537 4221 2872 4291 ΙΙνεύματος.
2926 4220 3026 4276 Καὶ
3096 4225 3442 4296 παραχρῆμα
3498 4219 3809 4296 ἀνερῥώσθη

2158 4314 2185 4369 6
2216 4312 2522 4386 ἄνθρωπος,
2554 4309 2766 4365 τελείαν
2816 4308 3141 4386 ἀπαλλαγὴν
3211 4317 3312 4380 τῆς
3358 4311 3523 4364 νόσου
3582 4309 3810 4383 εὑράμεο

2156 4421 2270 4461 νος.
2304 4398 2612 4461 ἘΛθόντων
2646 4393 2703 4451 δὲ
2760 4395 2936 4451 αὐτῶν
2998 4395 3048 4451 ἐν
3106 4393 3510 4470 Ἀλεξανδρείᾳ,
3570 4395 3663 4450 καὶ
3721 4417 3811 4449 συ-

388 4491 462 4547 ad
496 4489 945 4563 dijudicandum
980 4488 1247 4559 exposita
1277 4493 1385 4542 est.
1426 4489 1481 4541 Is
1513 4488 1813 4543 hominem
1851 4489 2041 4546 denuo

2158 4491 2437 4561 ζητήσεως
2472 4486 2617 4560 παρὰ
2664 4489 2760 4540 τοῦ
2813 4485 2963 4540 πάπα
3021 4487 3305 4541 Διονυσίου
3371 4487 3456 4558 [1).
3502 4489 3628 4559 231]
3658 4507 3814 4562 γενο-

1623 4587 1989 4645 XYLANDRI
2021 4594 2109 4647 ET
2139 4590 2358 4648 GOAltl
2391 4588 2617 4641 NOTAE.

461 4686 574 4757 (60)
598 4687 729 4741 Haec
761 4702 955 4756 neque
987 4684 1058 4739 de
1088 4683 1604 4757 Antoninoaccipi
1628 4692 1907 4757 possunt
1936 4705 2042 4743 ne-

390 4753 506 4830 que
536 4753 778 4813 omnino
812 4753 925 4811 huc
951 4756 1273 4830 pertinent,
1308 4753 1412 4830 sed
1433 4754 1516 4830 ad
1549 4756 1905 4830 Adrianum,
1942 4761 2042 4830 qui

392 4825 547 4884 lictis
571 4845 605 4883 a
638 4830 869 4885 Platiua
893 4825 1402 4900 Augustaglitteris
1432 4826 1682 4900 'l‘rajano
1726 4825 2044 4900 adoptatus

390 4901 519 4955 fuit.
549 4902 789 4956 Constat
815 4903 925 4954 hoc
951 4896 1016 4951 ei
1050 4896 1378 4967 Xiphilino,
1431 4897 1762 4968 Spartiano,
1820 4896 2045 4957 Zonara

393 4979 568 5042 atque
601 4974 751 5028 aliis.
788 4974 927 5026 XvL.

463 5038 575 5115 ('61)
609 5044 923 5115 Perspicuﬁe
954 5040 1104 5115 falso
1148 5038 1895 5115 hic_Ba_rdesanisgnomen
1956 5046 2041 5098 ins

394 5110 680 5185 culca'tur,
737 5110 1017 5185 hominis,
1077 5116 1142 5165 ut
1198 5110 1359 5185 aliud
1396 5110 1561 5185 nihil
1627 5113 1842 5177 dicam,
1896 5117 2043 5185 Syri.

394 5182 729 5259 [ﬁgendum
761 5186 913 5253 apud
950 5182 1558 5259 Phrygrsi'riscillam,
1596 5190 1707 5259 etc.
1771 5187 1849 5238 De
1909 5182 2050 5259 Bar-

389 5253 608 5313 desane
638 5257 769 5311 vide
795 5255 986 5309 Euseb
1036 5254 1153 5307 ﬁne
1186 5253 1321 5306 libri
1355 5255 1549 5323 quarti
1608 5257 1798 5309 Hister
1851 5258 2045 5313 [ἰθείας.

389 5330 461 5383 de
493 5331 903 5401 Cataphrygon
937 5325 1461 5401 hreresi,_lt_lontani
1509 5331 1567 5378 et
1624 5327 1909 5383 falsarum
1943 5346 2048 5384 va-

393 5406 517 5525 ἓιῐη
550 5396 836 5456 Pri-scillae
868 5414 936 5454 ac
966 5397 1325 5462 Maximilla,
1358 5396 1516 5451 idem
1548 5414 1601 5461 ν,
1666 5402 1727 5452 16
1777 5406 1835 5454 et
1877 5400 2046 5459 alias.

449 5489 534 5525 γι.

449 5489 534 5525 YL.

469 5543 579 5613 (62)
642 5545 704 5598 In
763 5543 1029 5615 margine
1089 5541 1215 5595 haec
1272 5539 1547 5615 stabant:
1610 5538 1736 5615 Ἐπὶ
1798 5539 1890 5595 τοῧ
1947 5544 2051 5614 πρὸ

399 5608 564 5665 adici
596 5608 1126 5687 ’Avrovivopi-coﬁtq
1165 5608 1411 5687 γενέσθαι
1467 5610 1495 5662 6
1532 5612 1873 5687 “609(67-110¢
1918 5608 2053 5687 γρά-

398 5703 484 5759 φει
517 5683 823 5756 Θεμίστιος,
858 5681 1044 5743 ἂλλως
1086 5681 1142 5735 δὲ
1180 5680 1288 5734 ’καὶ
1339 5681 1452 5753 οὐχ
1499 5680 1693 5743 οὕτως.
1748 5680 2048 5757 Αροιόςίω

2152 4688 2366 4744 Justini
2398 4685 2677 4755 martyris
2710 4685 2985 4740 secunda)
3028 4686 3344 4756 subjuucta
3376 4691 3465 4739 est
3513 4701 3583 4740 ea
3632 4686 3702 4740 de
3746 4703 3808 4739 re

2155 4757 2655 4831 ipsiusAntonini
2689 4758 2941 4831 epistola
2974 4773 2986 4811 :
3025 4758 3126 4812 sed
3169 4757 3358 4831 utrius
3391 4773 3459 4810 ea
3481 4828 3491 4831 _
3514 4756 3609 4819 sit,
3645 4757 3807 4831 Piine

2155 4828 2230 4887 an
2264 4828 2629 4899 Philosophi,
2662 4828 2881 4900 ambigi
2911 4835 3124 4900 potest.
3187 4830 3266 4881 Ex
3326 4828 3532 4882 Orosio
3591 4842 3687 4900 vn,
3727 4830 3810 4889 15,

2156 4903 2301 4957 satis
2332 4898 2636 4972 patet’sub
2665 4898 3020 4971 Philosopho
3052 4916 3180 4954 eam
3208 4914 3339 4972 rem
3373 4898 3812 4972 gestam,_item-

2157 4991 2272 5044 que
2305 4967 2372 5027 ex
2402 4971 2642 5027 Eusebii
2674 4967 3098 5044 narrationum
3118 4970 3346 5044 ordine,
3382 4967 3441 5044 et
3463 4968 3655 5044 _quod
3704 4967 3812 5044 fta:

2158 5037 2307 5099 trem
2336 5045 2581 5097 alterius
2615 5044 2897 5097 Antonini
2931 5041 3237 5112 (nimirum
3274 5041 3427 5112 Veri)
3463 5040 3715 5112 Marcum
3735 5037 3817 5089 ait

2157 5117 2378 5171 bellum
2414 5116 2827 5171 Germanicum
2868 5109 3118 5183 gessisse
3174 5109 3623 5183 et_Christiia_i_1is
3682 5125 3817 5183 pref

2159 5187 2433 5242 cantibus
2465 5202 2620 5256 aqua
2654 5179 3013 5256 potituin(v,
3157 5181 3267 5234 Sed
3314 5188 3371 5234 et
3430 5179 3625 5256 Melite
3658 5181 3814 5251 apud

2161 5251 2818 5333 eumdempaulo—ante
2851 5251 3088 5333 Adriani
3123 5258 3399 5322 nepotem
3426 5251 3816 5333 appellalliv,

2159 5333 2248 5385 26.
2286 5325 2893 5399 Xiphiiinusquoque
2924 5330 2982 5379 et
3039 5326 3291 5399 Zonaras
3331 5340 3419 5399 ex_
3459 5325 3642 5399 Dione
3681 5325 3817 5399 Phi-

2160 5393 2395 5471 losophi
2428 5393 2824 5471 imperio'rem
2860 5402 3122 5471 narrant.
3155 5393 3345 5471 Julius
3406 5395 3545 5449 item
3573 5396 3822 5471 _Capito_-

2162 5466 2319 5528 linus
2351 5478 2409 5525 et
2434 5466 2846 5525 Germanicum
2882 5466 3541 5537 Marcomannicumque
3573 5466 3727 5523 bella
3749 5468 3822 5523 ab

2162 5547 2273 5599 hoc
2303 5548 2468 5614 gesta
2498 5540 2717 5614 diserte
2751 5539 2990 5603 indicat,
3025 5544 3084 5592 et
3139 5553 3275 5591 eum
3331 5538 3582 5614 fulmen
3616 5546 3821 5614 centra

2162 5610 2422 5670 hostium
2459 5611 3005 5666 machinamentum
3029 5624 3362 5681 aquamque
3384 5612 3507 5666 suis
3539 5610 3634 5665 siti
3661 5612 3821 5666 labo-

2165 5685 2437 5741 rantibus
2465 5682 2741 5738 elicuisse
2774 5683 3051 5754 precibus
3078 5688 3387 5737 memorat.
3422 5684 3557 5738 XYL.
