4154 6414
313 429 442 490 481

1469 423 2027 487 HISTORIARUM
2071 424 2585 487 COMPENDIUM

3632 427 3749 487 482

324 563 500 635 μένης
527 561 653 635 περὶ
711 558 936 631 τούτου,
992 558 1157 614 πάλιν
1220 554 1515 628 ἐϐαπτίσθη
1550 556 1617 613 δι’
1650 557 1868 621 ὕδατος
1894 558 1986 614 τὸν

2105 577 2258 632 aqua
2278 560 2558 633 baptizari
2582 560 2764 633 jussit
2792 576 2804 626 ;
2838 564 3016 631 atque
3071 575 3207 615 eum
3239 560 3338 631 qui
3371 576 3552 616 arena
3578 562 3749 617 illum

321 649 384 706 δὲ
469 645 917 726 προϐαπτίσαντα
991 647 1150 703 αὐτὸν
1207 645 1297 703 διὰ
1372 655 1473 717 τῆς
1526 650 1780 722 ψάμμου,
1833 647 1984 719 ἄξιον

322 742 665 817 ὑπάρχοντα,
728 737 981 795 διάκονον
1040 737 1520 814 ἐχειροτονήσατο.
1592 739 1693 795 Καὶ
1736 737 1982 800 εἰκότωςο

320 831 353 884 6
409 832 513 904 γὰρ
576 825 746 903 μέγας
808 829 1111 903 Γρηγὸριος
1179 828 1552 902 ἀπαρίθμησιν
1610 828 1984 899 ποιησάμενος

316 922 435 974 τῶν
502 919 834 992 βαπτισμῶν
895 916 1068 979 οὕτως
1126 916 1321 993 φησίν·
1393 912 1686 973 Ἐϐάπτισε
1743 918 1987 985 Μωυσῆς

315 1007 375 1063 ἐν
405 1004 585 1074 ὕδατι,
631 1007 723 1061 καὶ
778 1004 886 1081 πρὸ
943 1005 1142 1061 τούτου
1201 1005 1253 1060 ἐν
1314 1004 1513 1085 νεφέλῃ
1569 1006 1661 1060 καὶ
1721 1003 1981 1077 θαλάσσῃ·

318 1091 580 1151 ίϐάπτισε
635 1095 728 1149 καὶ
792 1095 1069 1165 Ἰωάννης,
1116 1092 1296 1150 οὐκέτι
1358 1095 1451 1167 μὲν
1514 1091 1852 1156 Ἰουδαϊκῶς·
1924 1092 1985 1147 ού

317 1186 425 1261 γὰρ
472 1184 522 1239 ἐν
558 1182 714 1239 ὕδατι
782 1178 973 1256 μόνον,
1032 1182 1177 1239 ἀλλὰ
1223 1183 1313 1239 καὶ
1373 1183 1449 1246 εἰς
1511 1183 1796 1257 μετάνοιαν
1850 1184 1985 1257 (63).

322 1273 579 1343 Βαπτίζει
636 1273 724 1327 καὶ
788 1272 1028 1343 Ἰησοῦς,
1086 1270 1211 1327 ἀλλ’
1270 1271 1321 1327 ἐν
1382 1272 1673 1346 πνεύματιε
1732 1276 1895 1327 τοῦτο
1951 1272 1986 1339 ἡ

318 1362 627 1433 uiam;-
665 1359 791 1416 οἴδα
821 1367 913 1415 καί
942 1360 1201 1436 τέταρτον
1260 1362 1564 1436 βάπτισμα,
1622 1362 1686 1416 τὸ
1729 1358 1818 1415 διὰ
1852 1378 1988 1434 μαρ·

320 1452 516 1529 τυρίου
546 1450 634 1506 καὶ
667 1452 922 1525 αἳματος.
957 1448 1102 1508 Οἶδα
1158 1450 1247 1506 καὶ
1302 1450 1574 1525 πέμπτον,
1635 1451 1700 1506 τὸ
1727 1454 1835 1505 τῶν
1894 1445 1993 1502 δα·-

327 1546 528 1620 κρύων.
563 1544 772 1601 Ούκοῦν
826 1540 917 1597 διὰ
958 1542 1021 1598 τὸ
1083 1540 1381 1618 μηδέτερον
1442 1543 1650 1598 τούτων
1710 1542 1847 1597 εἶναι
1909 1536 1994 1594 δι-

332 1632 504 1695 καίως
549 1634 608 1688 ού
662 1629 985 1711 παρεδέχθη
1047 1634 1179 1706 (64).
1241 1632 1367 1689 Ἐπὶ
1411 1633 1607 1688 τούτου
1638 1632 1729 1686 καὶ
1760 1630 1993 1689 Ὀππια-

330 1723 425 1786 νὸς
474 1724 568 1793 τήν
612 1720 963 1791 Ἀλιευτικὴν
1043 1722 1437 1798 συνεγράψατο.
1473 1722 1648 1784 Οὗτος
1706 1722 1735 1777 6
1768 1721 1992 1796 Μάρκος

323 1813 603 1892 πάνσοφος
633 1811 701 1881 ἦν
731 1812 822 1867 καὶ
854 1810 1128 1888 ἐνάρετος,
1160 1812 1249 1866 καὶ
1306 1812 1406 1880 τήν
1461 1811 1685 1883 Ῥώμην
1718 1809 1777 1866 ἐκ
1824 1809 1993 1866 πολέα

2088 651 2505 722 baptizaverat,
2541 649 2860 704 diaconum
2893 654 2960 703 ut
2997 664 3064 703 eo
3094 665 3341 704 munere
3373 649 3616 721 dignum
3648 650 3752 704 de-

2090 740 2250 813 legit.
2276 742 2479 812 Neque
2509 741 2618 794 hoc
2675 739 2913 810 injuria.
2976 741 3214 811 Magnus
3247 739 3408 793 enim
3440 738 3753 811 Gregorius

2089 829 2522 900 baptismorum
2582 844 2805 901 genera
2854 828 2939 883 sic
3027 833 3357 884 enumerat.
3437 828 3755 899 Baptizavit

2091 920 2278 974 Moses
2298 935 2472 990 aqua,
2497 925 2674 990 atque
2704 922 2842 973 ante
2870 918 2933 972 in
2970 918 3128 973 nube
3152 923 3210 973 et
3234 918 3416 985 mari;
3439 917 3756 988 baptizavit

2092 1013 2149 1063 et
2166 1010 2443 1076 Joannes,
2475 1024 2597 1063 non
2622 1007 2749 1078 jam
2780 1007 3023 1063 Judaico
3038 1024 3201 1063 more
3218 1024 3414 1079 neque
3429 1007 3556 1062 sola
3572 1023 3749 1077 aqua,

2090 1114 2294 1153 verum
2333 1096 2406 1153 ad
2465 1097 2964 1169 resipiscentiam.
3000 1098 3262 1168 Baptizat
3311 1103 3370 1151 et
3423 1098 3611 1165 Iesus,
3646 1095 3751 1151 sed

2093 1187 2343 1259 spiritu:
2376 1204 2447 1243 ea
2477 1192 2568 1243 est
2595 1186 2904 1259 perfectio.
2939 1187 3077 1241 Novi
3111 1191 3172 1242 et
3193 1191 3475 1257 quartum
3520 1185 3750 1257 baptis«

2093 1294 2280 1346 mum,
2305 1279 2403 1350 qui
2439 1279 2506 1333 ﬁt
2533 1294 2669 1333 cum
2700 1277 2773 1333 ob
2813 1278 3074 1333 veritatis
3137 1277 3575 1332 confessionem
3622 1291 3757 1330 san-

2094 1368 2221 1437 guis
2254 1366 2544 1422 funditur.
2569 1367 2707 1422 Novi
2734 1372 2793 1422 et
2822 1367 3096 1438 quintum
3129 1382 3236 1433 per
3266 1366 3578 1437 lacrymas.
3606 1365 3753 1434 Ergo

2096 1456 2238 1526 quia
2264 1456 2416 1511 nihil
2474 1457 2685 1512 horum
2738 1455 2870 1521 fuit,
2918 1457 3082 1528 juste
3132 1472 3253 1510 non
3311 1460 3401 1510 est
3455 1458 3751 1525 receptus.

2096 1545 2171 1600 M.
2204 1546 2508 1600 Antonino
2539 1545 2868 1616 imperante
2909 1546 3216 1617 Oppianus
3266 1561 3416 1616 opus
3465 1559 3639 1598 suum
3685 1542 3758 1596 de

2094 1634 2364 1689 Piscibus
2395 1634 2748 1706 composuit.
2780 1636 3008 1689 Marcus
3042 1634 3153 1689 iste
3186 1633 3512 1689 admodum
3535 1632 3650 1687 fuit
3674 1646 3762 1685 sa-

2097 1724 2267 1795 piens
2291 1740 2360 1779 ac
2387 1723 2703 1779 virtutibus
2725 1728 2991 1790 ornatus,
3024 1739 3209 1793 reque
3242 1725 3510 1778 Romana
3544 1719 3758 1776 multis

2099 1814 2273 1869 bellis
2306 1820 2651 1870 conservata
2680 1814 3069 1869 charissimus
3100 1812 3326 1879 civibus
3355 1812 3489 1868 fuit.
3514 1812 3759 1864 Veneno

327 1923 449 1975 μων
473 1901 890 1975 διασωσάμενος
919 1903 1186 1977 ἠγαπήθη
1252 1898 1463 1976 σφόδρα
1504 1901 1608 1956 ὑπὸ
1664 1905 1771 1955 τῶν
1823 1898 1993 1955 πολι-

2105 1909 2193 1959 est
2221 1909 2467 1959 necatus
2493 1920 2528 1959 a
2559 1904 2681 1959 ﬁlio
2725 1920 2832 1959 suo
2891 1900 3234 1958 Commodo.
3297 1902 3445 1955 441
3505 1901 3761 1954 Senatus

319 1995 459 2047 τῶν.
522 1990 783 2055 Ἀπέθανε
842 1988 901 2045 δὲ
959 1991 1362 2070 φαρμακευθεὶς
1433 1990 1537 2046 ὑπὸ
1593 1987 1847 2064 Κομόδου
1892 1992 1991 2044 τοῦ

2105 1991 2392 2047 memoria
2428 1991 2666 2047 virtutis
2717 1991 2848 2063 ejus
2909 1995 3143 2046 mortuo
3203 1993 3463 2044 statuam
3511 1999 3758 2041 auream

323 2078 470 2136 ἰδίου
502 2080 647 2137 υἱοῦ.
669 2082 784 2149 Τὴν
819 2077 878 2135 δὲ
912 2081 1134 2154 μνήμην
1162 2086 1263 2149 τῆς
1294 2079 1491 2155 ἀρετῆς
1520 2077 1684 2133 αὗτοῦ
1740 2081 1774 2148 ἡ
1812 2077 1989 2154 βουλή

320 2167 536 2250 ἔχουσα
578 2170 717 2243 μετά
765 2170 867 2239 τὴν
921 2167 1088 2225 αὐτοῦ
1141 2166 1403 2239 τελευτὴν
1464 2172 1658 2244 χρυσῷ
1714 2166 1994 2245 ἀνδριάντι

320 2258 490 2315 αὐτὸν
524 2256 777 2331 ἐτίμησε.

396 2344 658 2420 Κόμοδος
683 2347 803 2408 υἱὸς
860 2344 1085 2421 Μάρκου
1143 2341 1462 2401 ἐϐασίλευσε
1528 2341 1620 2417 ἔτη
1686 2347 1776 2422 ιβ’,
1821 2354 1993 2420 μῆνας

323 2442 392 2501 0'.
457 2435 639 2497 Οὗτος
695 2434 816 2509 εἶχε
861 2435 1060 2514 τρίχας
1120 2434 1326 2505 ξανθὰς,
1400 2435 1720 2509 εἰκασμένας
1778 2439 1990 2514 χρυσῷ.

322 2530 426 2583 Ἠν
460 2522 519 2579 δὲ
550 2523 928 2604 φιλοκύνηγος
975 2523 1066 2579 καὶ
1109 2526 1518 2598 μοιχικώτατος
1566 2523 1728 2594 πάνυ,
1769 2524 1827 2578 ὅν
1902 2524 1994 2580 καί

323 2635 484 2695 οασιν
537 2613 592 2668 ἰν
630 2617 728 2685 μιᾷ
773 2611 958 2688 ἡμέρᾳ
1011 2610 1222 2668 δώδεκα
1282 2612 1509 2676 λέοντας
1567 2617 1840 2689 φονεῦσαι.
1902 2612 1995 2668 Γέ-

330 2726 463 2782 γονε
491 2703 552 2759 δὶ
598 2704 689 2759 καὶ
751 2700 1037 2778 ποδαλγὸς
1096 2704 1186 2759 καὶ
1237 2699 1585 2779 κατωϐαρής.
1648 2699 1856 2773 Συνέϐη
1937 2701 1994 2758 δὲ

332 2792 526 2850 πολλᾶ
600 2795 742 2849 κακᾶ
802 2794 992 2848 παθεῖν
1050 2794 1150 2863 τὴν
1209 2794 1428 2868 Ῥώμην
1508 2793 1558 2849 ἐν
1608 2799 1727 2855 ταῖς
1755 2793 1988 2869 ἡμέραις

329 2883 517 2939 αὐτού·
561 2882 734 2956 λιμοῦ
761 2882 862 2959 γάρ
893 2883 1190 2958 γενομένου
1225 2881 1500 2962 δισχίλιοι
1557 2884 1610 2938 ἐν
1676 2887 1773 2957 μιᾷ
1803 2884 1986 2957 ἡμέρᾳ

334 2973 709 3042 ἐτελεύτησαν.
773 2974 1098 3048 ’Λφρικανὸς
1162 2970 1218 3028 δέ
1279 2994 1443 3051 φησιν
1502 2974 1530 3028 6
1604 2971 1991 3051 χρονογράφος

337 3060 544 3116 ὅτιέπὶ
569 3060 764 3115 τούτου
821 3058 1069 3133 Κλήμης
1125 3062 1153 3115 ὁ
1205 3061 1571 3135 Στρωματεὺς
1631 3059 1684 3114 ἐν
1746 3059 1996 3129 Ἀλεξαν-

347 3147 504 3222 δρείᾳ
540 3148 868 3223 ἐγνωρίζετο·
905 3147 1228 3223 Κλημεντος
1271 3146 1328 3204 δὲ
1385 3151 1654 3227 φοιτητὴς
1707 3150 1991 3225 Ὠριγένης

344 3235 576 3313 ἐγένετο.
613 3235 776 3294 Ἀλλά
830 3239 923 3293 καὶ
977 3240 1248 3301 Μοντανὸς
1305 3239 1666 3315 αἱρεσιάρχης
1719 3239 1843 3294 τότε
1898 3240 1991 3313 ἦν,

332 3327 397 3390 ὅς
427 3325 615 3380 ἑαυτὸν
646 3324 1005 3402 Παράκλητον
1033 3320 1214 3402 ἔλεγεν
1247 3327 1403 3383 εἶναι.
1463 3327 1640 3389 Οὗτος
1672 3328 1700 3381 6
1737 3323 1992 3401 Κόμοδος

325 3420 430 3471 τοῦ
490 3414 543 3469 ἐν
590 3413 765 3488 Ῥόδῳ
844 3415 1117 3472 κολοσσοῦ
1173 3417 1273 3485 τήν
1343 3414 1591 3492 κεφαλὴν
1649 3413 1865 3493 ἀφελὼν
1925 3421 1995 3490 τῇ

326 3506 524 3559 ἑαυτοῦ
560 3502 741 3579 στηλῃ
774 3507 1105 3580 προσέπηξε.
1138 3507 1342 3561 Τοῦτον
1401 3504 1706 3581 Νάρκισσός
1763 3525 1847 3567 τις
1885 3509 1994 3561 τῶν

326 3593 549 3649 οἶκείων
576 3593 747 3649 αὐτοῦ
777 3593 830 3649 ἐν
864 3593 1081 3669 λουτρῷ
1112 3592 1386 3664 ἀπέπνιξε.

402 3683 662 3758 Περτίναξ
698 3677 1044 3738 ἐϐασίλευσεν
1076 3683 1287 3758 ἡμέρας
1348 3684 1455 3753 πζ’,
1517 3704 1659 3756 μητε
1739 3684 1842 3753 τήν
1899 3706 1998 3758 γυ-

327 3778 489 3827 ναῖκα
554 3793 693 3845 μητε
749 3771 817 3827 τά
867 3772 1025 3827 τέκνα
1083 3770 1159 3834 εἷς
1216 3772 1279 3826 τὸ
1346 3771 1613 3827 παλάτιον
1671 3772 1994 3849 εἰσαγαγὼν,

329 3860 463 3916 ἀλλ’
494 3861 653 3924 ἐασας
701 3861 849 3938 παρὰ
903 3866 983 3933 τῷ
1028 3860 1235 3934 πάππῳ
1300 3858 1627 3925 διαιτᾶσθαι.
1688 3863 1813 3918 Ἐπὶ
1868 3863 1996 3917 τού-

331 3976 455 4023 του,
511 3951 587 4017 ὥς
648 3976 810 4031 φησιν
846 3950 1132 4024 Εὐσέϐιος,
1190 3955 1259 4024 ἦν
1319 3956 1347 4009 6
1407 3954 1743 4033 Σύμμαχος,
1778 3957 1855 4017 εἷς
1886 3960 1996 4010 τῶν

331 4044 686 4118 ἑρμηνευτων
745 4048 847 4109 τῆς
916 4049 1024 4099 τῶν
1082 4039 1351 4119 Ἐϐραίων
1400 4050 1642 4121 Γραφῆς,
1675 4039 1996 4107 Ἑϐιιυναῖος

333 4134 437 4201 τήν
472 4132 702 4205 αἳρεσιν.
763 4132 939 4190 Ἀλλά
986 4134 1078 4189 καί
1148 4133 1460 4213 Πορφύριος
1518 4133 1547 4187 ὀ
1607 4132 1914 4211 φιλόσοφος
1969 4135 1998 4188 6

330 4225 473 4279 κατᾶ
517 4225 858 4299 Χριστιανῶν
907 4225 1138 4300 γράψας,
1196 4224 1285 4279 καὶ
1346 4224 1670 4301 Ἀφρικανὸς
1727 4225 1756 4278 6
1797 4244 1996 4299 χρονοο

331 4313 566 4390 τρέφος.
626 4313 751 4371 Ἐπὶ
803 4334 1000 4369 τουτου
1061 4309 1339 4384 Λεωνίδης
1399 4313 1427 4366 6
1484 4316 1581 4368 τοῦ
1662 4315 1999 4392 κακόφρονος

335 4403 647 4479 Ὠριγένους
663 4404 843 4475 πατὴρ
876 4401 1269 4479 ἐμαρτύρησεν.
1301 4400 1471 4464 Οὗτος
1503 4401 1757 4478 Περτίναξ
1787 4401 1996 4482 ἐσφάγη

336 4492 445 4547 ὕπὸ
475 4497 583 4546 τῶν
616 4496 979 4567 στρατιωτῶν.

410 4582 716 4645 Ἰουλιανὸς
775 4581 957 4645 Δίδιος
1011 4577 1354 4638 ἐϐασίλευσεν
1404 4570 1616 4658 ἡμέρας
1666 4582 1759 4652 ξς’.
1819 4580 2000 4644 Δίδιος

2101 2080 2347 2135 honoris
2379 2096 2557 2136 causa
2587 2080 2807 2152 posuit.

2170 2351 2532 2407 Commodus
2588 2351 2765 2407 Marci
2824 2352 2986 2408 ﬁlius
3037 2369 3229 2409 annos
3301 2354 3615 2426 imperavit
3673 2360 3760 2426 l2,

2100 2456 2337 2496 menses
2360 2444 2410 2497 9.
2444 2441 2655 2497 Fulvos
2704 2442 2755 2496 is
2781 2442 2985 2497 crines
3017 2441 3244 2505 habuit,
3304 2459 3451 2499 auro
3511 2445 3761 2500 similes.

2099 2530 2237 2585 Erat
2269 2530 2568 2586 studiosus
2602 2531 2930 2586 venationis
2962 2536 3021 2587 et
3047 2532 3109 2585 in
3156 2531 3299 2586 feris
3346 2535 3763 2605 oppugnandis

2099 2620 2422 2676 admodum
2454 2615 2732 2676 strenuus
2753 2621 2984 2676 :ferunt
3012 2637 3148 2677 eum
3180 2637 3300 2677 una
3330 2622 3425 2676 die
3442 2622 3761 2678 duodecim

2095 2709 2302 2764 leones
2332 2725 2599 2765 necasse.
2634 2709 2962 2765 Laborabat
3006 2715 3207 2765 autem
3268 2727 3341 2765 ex
3391 2711 3666 2783 pedidus,
3702 2716 3764 2767 et

2098 2798 2413 2853 inferiores
2440 2805 2640 2871 partes
2674 2800 2932 2855 habebat
2960 2816 3186 2871 graves.
3223 2799 3405 2854 Multa
3445 2815 3514 2854 eo
3572 2801 3767 2872 impe-

2097 2894 2267 2944 rante
2292 2887 2538 2945 adversa
2570 2892 2770 2945 Roma;
2796 2893 3143 2944 evenerunt.
3179 2890 3247 2943 Et
3278 2889 3436 2944 inter
3456 2888 3574 2945 alia
3599 2894 3765 2945 tanta

2097 2977 2210 3032 fuit
2239 2978 2424 3049 pestis
2454 2984 2519 3034 ut
2540 2995 2659 3033 una
2690 2978 2786 3034 die
2816 2978 2934 3034 duo
2966 2979 3160 3034 millia
3217 2979 3533 3034 hominum
3574 2980 3769 3050 perie-

2097 3068 2239 3122 rint.
2271 3067 2585 3123 Africanus
2616 3068 2678 3122 in
2710 3068 3044 3123 Annalibus
3103 3073 3312 3123 auctor
3368 3073 3460 3122 est
3509 3067 3617 3124 sub
3649 3070 3765 3125 hoc

2068 3182 2075 3185 τ
2099 3158 2465 3213 Clementem
2481 3158 2876 3213 Stromateum
2890 3158 3267 3213 Alexandria:
3286 3157 3766 3230 floruisse,quem

2107 3247 2332 3303 audivit
2352 3248 2657 3320 Origenes.
2692 3248 2824 3303 Fuit
2849 3253 2991 3303 tunc
3021 3248 3202 3303 etiam
3234 3247 3551 3304 Montanus
3584 3249 3769 3304 heare-

2108 3337 2259 3392 ticus
2291 3337 2631 3408 primarius,
2666 3338 2768 3408 qui
2802 3353 2862 3392 se
2918 3336 3287 3392 Paracletum
3328 3353 3458 3392 esse
3475 3337 3762 3409 jactabat.

2103 3425 2462 3483 Commodus
2512 3432 2688 3499 caput
2744 3426 2960 3482 colossi
3013 3426 3226 3483 Rhodii
3276 3426 3578 3483 sublatum
3641 3443 3767 3483 sum

2105 3520 2314 3571 statuas
2344 3516 2649 3588 imposuit.
2682 3517 2992 3571 Narcissus
3022 3532 3180 3585 eum,
3215 3532 3370 3572 unus
3418 3532 3489 3571 ex
3520 3516 3766 3571 domes-

2103 3604 2259 3679 ticis,
2287 3606 2351 3661 in
2383 3605 2598 3661 balneo
2627 3606 3039 3678 strangulavit.

2175 3694 2455 3749 Pertinax
2496 3694 2807 3767 imperavit
2863 3694 2991 3749 dies
3037 3696 3127 3749 87.
3162 3697 3216 3750 Is
3275 3709 3469 3765 neque
3518 3710 3766 3750 uxorem

2104 3800 2297 3855 neque
2339 3784 2561 3840 liberos
2596 3785 2659 3840 in
2715 3784 3005 3856 palatium
3058 3784 3412 3850 introduxit,
3448 3785 3553 3839 sed
3609 3784 3768 3856 apud

2105 3889 2279 3927 avum
2304 3873 2568 3944 reliquit.
2605 3874 2722 3929 Sub
2776 3875 2887 3928 hoc
2935 3874 3224 3929 Eusebius
3276 3874 3360 3928 ait
3388 3874 3576 3929 fuisse
3609 3874 3778 3943 Sym-

2104 3962 2405 4029 machum,
2424 3978 2615 4017 unum
2648 3979 2718 4016 ex
2747 3962 3177 4033 interpretibus
3202 3962 3624 4016 Hebraicarum
3662 3963 3775 4015 Lit-

2106 4064 2393 4117 terarum,
2426 4055 2589 4106 secta
2616 4050 2983 4106 Ebionuum.
3016 4051 3148 4105 Fuit
3170 4057 3297 4105 tum
3328 4055 3388 4104 et
3412 4050 3780 4121 Porphyrius

2106 4139 2521 4211 philosophus,
2569 4139 2669 4209 qui
2724 4145 2932 4194 contra
2980 4140 3356 4195 Christianos
3413 4139 3671 4210 scripsit,
3721 4145 3782 4194 et

2106 4227 2421 4283 Africanus
2451 4227 2773 4282 Annalium
2806 4227 3102 4283 conditor.
3128 4230 3290 4283 Tunc
3348 4233 3407 4282 et
3463 4228 3775 4295 Leonides,

2106 4316 2387 4372 vaecordis
2446 4317 2714 4389 Origenis
2792 4322 2982 4388 pater,
3040 4316 3349 4389 religionis
3419 4316 3777 4372 Christiana;

2108 4423 2288 4463 causa
2318 4406 2681 4478 supplicium
2711 4406 2979 4478 pertulit.
3008 4407 3279 4462 Pertinax
3304 4423 3340 4462 a
3370 4407 3664 4464 militibus
3686 4411 3778 4461 est

2101 4499 2435 4571 jugulatus.

2181 4589 2339 4645 442
2369 4589 2642 4644 Julianus
2701 4588 2909 4643 Didius
2968 4588 3296 4659 imperator
3332 4588 3449 4644 fuit
3505 4588 3631 4645 dies
3686 4592 3778 4644 66.

340 4672 396 4729 δὲ
427 4672 710 4745 ἐπεκληθη
744 4672 834 4729 διὰ
860 4675 924 4728 τὸ
956 4674 1060 4729 ὑπὸ
1110 4670 1305 4748 δώρων
1337 4668 1524 4728 λαϐεῖν
1558 4674 1656 4743 την
1694 4674 1993 4748 βασιλείαν.

2106 4679 2263 4735 Didii
2290 4684 2750 4753 cognomentum
2773 4679 2982 4735 habuit
3006 4679 3166 4750 quod
3189 4679 3402 4735 dandis
3423 4680 3780 4736 muneribus

340 4761 694 4824 duuM'cato:
725 4760 782 4817 δὲ
810 4764 877 4832 ἧν
900 4767 1017 4825 τοῖς
1046 4763 1297 4838 τρόποις,
1339 4762 1430 4817 καὶ
1483 4767 1602 4825 τοῖς
1631 4755 1813 4837 ἔργοις
1865 4762 1992 4817 ἀνο-

339 4854 601 4932 σιουργὸς
655 4856 742 4910 καὶ
805 4856 1114 4931 χρημάτων
1155 4855 1414 4929 ὲραστῆς·
1442 4852 1502 4915 ὅς
1531 4851 1621 4909 διὰ
1647 4854 1709 4909 τὸ
1747 4854 1992 4931 αἰσχρῶς

343 4947 501 5022 βιοῦν
525 4944 615 4999 καὶ
648 4945 1025 5017 ἀπανθρώπως
1081 4945 1184 4999 ὑπὸ
1241 4950 1343 5015 τῆς
1400 4941 1611 5020 βουλῆς
1661 4944 1876 5019 θανάτῳ
1901 4965 2002 5001 κα-

337 5035 703 5114 ταψηφισθεῖς
734 5033 938 5111 ἐσφάγη
950 5080 963 5093 .

414 5118 666 5200 Σεϐῆρος
699 5125 781 5197 [Ρ.
824 5127 951 5196 252]
1006 5117 1348 5179 ἐϐασίλευσεν
1407 5116 1500 5193 ἔτη
1570 5124 1653 5193 ιζ’,
1699 5125 1876 5194 μῆνας
1928 5131 1999 5195 η’.

2107 4773 2428 4844 imperium
2450 4777 2870 4844 comparasset.
2905 4771 3165 4827 Moribus
3197 4778 3325 4827 erat
3385 4771 3776 4845 pravissimis,

2110 4861 2618 4933 ﬂagitiosissimus
2651 4868 2710 4917 et
2726 4878 2957 4919 avarus.
2995 4865 3201 4934 Itaque
3234 4862 3310 4918 ob
3344 4867 3585 4936 turpem
3620 4868 3677 4918 et
3700 4864 3786 4918 in-

2110 4952 2438 5007 humanam
2472 4952 2654 5007 vitam
2686 4969 2721 5008 a
2751 4957 2965 5008 senatu
3005 4952 3219 5007 mortis
3252 4952 3572 5009 damnatus
3603 4958 3692 5007 est
3723 4959 3782 5007 et

2108 5039 2445 5112 jugulatus.

2132 5135 2140 5143 '
2184 5128 2431 5184 Severus
2461 5128 2778 5201 imperavit
2808 5146 2996 5186 annos
3032 5131 3120 5196 17,
3171 5145 3415 5185 menses
3445 5129 3500 5183 8.
3534 5127 3784 5183 Severus

1545 5251 1909 5309 XYLANDRI
1954 5254 2042 5308 ET
2082 5255 2301 5311 GOABI
2343 5255 2567 5312 ΝΟΤΑΞ.

416 5370 895 5443 (63)}lasreticus
951 5370 1025 5424 ad
1079 5368 1518 5443 resipiscentiam
1547 5367 1998 5439 interpretatur,

357 5441 733 5500 orthodoxus
764 5442 838 5496 ad
865 5443 1268 5511 paenitentiam.
1291 5441 1468 5495 Goan.

421 5513 536 5585 (64)
569 5514 843 5569 Narratio
868 5510 940 5568 de
974 5528 1043 5567 eo
1092 5513 1200 5585 qui
1252 5528 1443 5585 arena
1483 5510 1825 5585 baptizatus
1872 5514 2005 5579 fuit,

348 5581 775 5657 ex'Nicephori
810 5585 931 5657 (ine
960 5581 1291 5657 tomiterlii
1310 5588 1418 5657 est.
1438 5581 1590 5657 “Sed
1650 5582 1777 5657 huic
1807 5585 2003 5655 verba,

342 5675 478 5729 ergo
507 5653 645 5728 quia
674 5656 847 5721 nihil,
882 5661 1018 5722 etc.,
1050 5655 1197 5729 quid
1224 5655 1336 5729 sibi
1366 5653 1571 5729 velint.
1604 5655 1827 5712 nescio.
1863 5653 2005 5714 Χγι..

339 5724 429 5775 --”
443 5724 729 5803 δθῖρευω
749 5729 953 5801 itaque
982 5724 1103 5784 non
1133 5724 1432 5799 intelligit.
1453 5725 1674 5782 Planus
1696 5731 1785 5782 est
1808 5732 2008 5785 tamen

2111 5372 2424 5427 verborum
2512 5390 2743 5429 sensus.
2804 5376 2951 5443 Ergo
2996 5375 3132 5443 quia
3208 5371 3353 5426 nihil
3410 5372 3623 5443 horum
3668 5372 3781 5438 fuit

2115 5460 2313 5499 arena:
2342 5444 2771 5515 baptismus,ut
2801 5441 2902 5515 qui
2934 5441 3019 5498 ad‘
3042 5443 3417 5515 ﬁgurativum
3448 5441 3783 5515 Moysi,pce-

2113 5514 2489 5571 nitentialem
2520 5516 2785 5577 Joannis,
2819 5514 3317 5570 Sacramentalem
3359 5514 3601 5579 Christi,
3639 5528 3780 5568 san-

2112 5588 2397 5656 guineum
2426 5593 2756 5657 martyrum
2814 5586 3429 5657 revocariinequiret,
3472 5587 3622 5655 fuste
3670 5600 3781 5639 non

2113 5665 2189 5714 est
2207 5665 2474 5729 receptus,
2516 5659 2617 5728 qui
2651 5663 2995 5728 susceperat
3051 5656 3226 5712 illum
3262 5656 3564 5713 Hebrmus.
3598 5657 3774 5712 Gon.
