4154 6424
358 421 479 483 683

1722 414 2041 478 GEORGII
2083 414 2422 479 CEDHENI

3671 419 3789 484 484

364 556 583 612 Latinis
615 560 708 613 est
736 556 838 626 qui
870 554 1087 612 Graecis
1119 552 1452 610 haereticus.
1507 551 1563 605 Is
1593 550 1655 606 in
1710 548 2006 606 Britannia

2133 543 2379 625 Σεϐἦρος
2428 552 2543 622 (65)
2603 546 2662 604 δὲ
2701 549 2729 604 6
2788 550 3059 625 αἱρετικὸς
3090 549 3326 626 λέγεται.
3368 553 3540 615 Οὗτος
3572 553 3668 608 τὸν
3737 552 3794 609 ἐν

359 646 519 702 bello
549 646 735 703 victor
763 662 1001 702 murum
1032 645 1093 699 in
1124 642 1412 698 eainsula
1440 658 1475 697 a
1504 641 1654 696 mari
1683 657 1802 696 uno
1822 640 1895 696 ad
1926 639 2016 697 al—

358 741 553 792 terum
588 752 749 792 mare
780 734 1056 806 perduxit
1084 750 1189 804 per
1220 731 1384 787 mille
1416 730 1629 787 stadia.
1666 730 2015 801 Byzantium
2071 800 2079 811 1

336 825 540 896 .cepit,
575 824 823 896 ejusque
866 840 1068 879 muros
1125 821 1362 893 dejecit.
1399 820 1744 892 Byzantium
1787 824 2017 890 septem

362 914 569 970 habuit
587 920 803 980 turres,
837 927 1089 983 quorum
1131 910 1371 967 initium
1429 928 1463 966 ει
1509 909 1792 965 Thracica
1824 913 2014 979 parte,

359 1004 495 1059 finis
524 1002 599 1059 ad
631 1018 791 1058 mare
821 1001 1194 1071 aquilonare.
1229 1000 1286 1056 Si
1305 1000 1442 1071 quis
1472 999 1547 1055 ad
1579 998 1842 1068 aliquam
1873 996 2015 1053 reli-

361 1109 610 1164 quarum
642 1092 899 1148 turrium
928 1090 1328 1156 accederet,in
1353 1090 1604 1161 reliquis
1630 1089 1691 1145 id
1720 1106 1842 1145 non
1868 1104 2014 1144 sen-

358 1181 630 1238 tiebatur.
666 1181 725 1236 Si
754 1187 954 1237 autem
985 1182 1047 1236 in
1067 1181 1264 1252 prima
1295 1180 1442 1236 turri
1468 1180 1792 1236 clamorem
1816 1183 2015 1235 sustu-

354 1270 521 1326 lisset
548 1275 654 1326 aut
691 1270 953 1342 lapidem
996 1270 1299 1336 movisset,
1362 1268 1412 1326 is
1462 1286 1646 1327 sonus
1704 1287 1774 1326 eo
1835 1268 2017 1324 etiam

357 1363 589 1415 tacente
626 1358 702 1415 ad
734 1359 985 1415 alteram
1016 1359 1230 1416 turrim
1278 1358 1710 1431 perferebatur,
1758 1357 2018 1427 indeque

356 1447 431 1503 ad
462 1448 699 1503 tertiam
722 1452 782 1503 et
810 1447 1090 1518 reliquas.
1121 1447 1173 1503 ls
1204 1452 1264 1503 et
1318 1446 1684 1517 Zeuxippum
1734 1446 2016 1501 balneum

358 1537 653 1608 Byzantiis
684 1536 970 1607 condidit,
1002 1554 1071 1594 ac
1126 1537 1350 1593 circum
1408 1534 1750 1593 inchoavit:
1797 1533 1902 1590 sed
1958 1539 2018 1590 et

354 1626 733 1682 venationem
778 1626 862 1681 eis
893 1644 962 1683 ac
1013 1627 1312 1683 theatrum
1371 1624 1701 1681 aediﬁcavit.
1737 1623 1856 1680 Sub
1904 1624 2017 1681 hoc

357 1716 578 1772 Paulus
600 1717 1019 1773 Samosatenus
1037 1716 1375 1772 Artemonis
1406 1731 1668 1772 errorem
1691 1714 2013 1782 renovavit,

354 1806 601 1860 Severus
633 1806 810 1861 bellis
840 1821 1056 1862 vacans
1104 1822 1175 1862 ex
1204 1804 1412 1862 morbo
1470 1804 1746 1872 decessit,
1790 1804 2015 1861 relictis

351 1894 542 1951 tribus
575 1894 741 1954 filiis.

426 2164 540 2219 Sub
573 2165 684 2219 hoc
716 2162 917 2219 ﬂoruit
960 2164 1263 2236 Origenes,
1320 2164 1420 2235 qui
1453 2182 1585 2219 cum
1619 2164 2007 2220 Alexandrea)

352 2260 529 2321 esset,
567 2271 848 2326 magnum
893 2253 1155 2309 studium
1216 2254 1391 2308 rebus
1450 2254 1633 2309 sacris
1692 2254 2006 2325 impendit.

352 2346 553 2414 Neque
587 2348 817 2401 tantum
848 2344 1204 2400 Christianis
1232 2360 1461 2417 magna:
1490 2343 1603 2399 fuit
1629 2342 2008 2410 utilitati,sed

353 2437 413 2489 et
442 2448 559 2488 non
596 2449 814 2504 paucos
837 2432 994 2503 juvit
1018 2432 1330 2489 haereticos
1362 2449 1376 2487 :
1407 2449 1547 2489 nam
1576 2433 1652 2488 ab
1708 2430 1839 2503 ipso
1870 2430 2008 2486 tidei

349 2520 681 2577 doctrinam
712 2522 865 2578 442
897 2521 1260 2593 accipientes
1309 2522 1572 2578 veritatis
1618 2520 1814 2577 studio
1878 2537 2009 2577 sese

350 2606 589 2665 dabant.
620 2609 782 2666 Inter
802 2626 952 2680 quos
995 2611 1330 2682 praecipuus
1358 2610 1473 2668 fuit
1518 2609 1890 2679 Ambrosius,
1920 2610 2010 2666 vir

350 2695 605 2753 illustris
625 2714 695 2754 ac
725 2697 1060 2755 litterarum
1080 2698 1291 2756 studiis
1305 2698 1577 2757 addictus
1601 2715 1616 2765 ;
1641 2699 1741 2769 qui
1761 2715 2006 2770 operam

350 2784 498 2841 dans
528 2791 595 2841 ut
616 2787 676 2843 in
709 2787 983 2845 notitiam
999 2788 1268 2857 Origenis
1290 2789 1688 2860 perveniret;
1708 2788 2003 2845 Valentini

352 2881 414 2931 et
443 2876 757 2933 Marcionis
789 2883 951 2933 secta
979 2876 1255 2947 descivit,
1288 2894 1424 2935 cum
1455 2878 1600 2935 satis
1638 2877 2008 2949 explorasset

2043 1917 2091 1985 Β

2122 638 2417 711 Βρεττανίᾳ
2475 640 2702 709 νικήσας
2758 638 3006 713 πόλεμον
3063 639 3169 694 ἀπὸ
3219 639 3499 713 θαλάσσης
3559 641 3638 705 εἷς
3694 644 3790 698 θά-

2124 723 2329 783 λασσαν
2388 727 2755 802 περιετείχισε
2810 730 2911 798 τήν
2996 735 3165 798 νῆσον
3254 727 3498 794 σταδίοις
3551 728 3790 805 χιλίοις.

2121 814 2294 879 Οὗτος
2326 817 2391 872 τὸ
2421 817 2713 885 Βυζάντιον
2745 812 3084 891 παραλαϐὼν
3115 819 3181 873 τὰ
3243 818 3406 894 τείχη
3457 818 3622 875 αὐτοῦ
3651 833 3789 886 καθ-

2123 903 2289 962 εἷλεν.
2323 906 2467 979 Εἶχε
2497 902 2553 960 δὲ
2582 906 2644 961 τὸ
2690 907 2986 975 Βυζάντιον
3039 907 3285 983 πύργους
3347 907 3506 979 ἑπτὰ,
3562 906 3622 964 ἐκ
3674 914 3783 965 τῶν

2122 998 2407 1069 Θρᾳκικῶν
2456 992 2647 1051 πυλῶν
2688 993 3036 1070 ἀρχομένους
3094 997 3185 1052 καὶ
3247 997 3332 1055 ἐπὶ
3392 998 3493 1067 τὴν
3534 997 3787 1073 ἀρκτῴαν

2124 1083 2397 1146 θάλασσαν
2428 1086 2792 1155 καθήκοντας.
2827 1085 2938 1141 Καὶ
2994 1084 3207 1141 τούτων
3262 1086 3312 1141 εἲ
3370 1108 3449 1149 τις
3510 1086 3563 1142 ἐν
3618 1088 3788 1162 ὶτὲρῳ

2122 1171 2317 1250 πύργῳ
2374 1172 2707 1247 προσῆλθεν,
2774 1171 3005 1248 οὐδεμία
3062 1176 3316 1247 α’ίσθησις
3390 1181 3508 1239 τοῖς
3590 1174 3786 1238 ἄλλοις

2123 1261 2347 1336 ἆγίνετο·
2409 1262 2459 1317 εί
2512 1260 2573 1319 δὲ
2627 1264 2683 1318 ἐν
2731 1268 2812 1335 τῷ
2870 1265 3074 1339 πρώτῳ
3129 1264 3325 1342 πύργῳ
3408 1261 3703 1337 ἀνεϐόησεν
3749 1268 3786 1335 ἢ

2122 1348 2278 1408 λίθον
2315 1349 2624 1424 ἐσάλευσεν,
2686 1352 2852 1415 αὐτός
2906 1375 2965 1409 τε
3023 1355 3156 1429 ἤχει
3211 1355 3304 1409 καὶ
3364 1357 3648 1427 σιωπήσας
3705 1362 3787 1429 τῷ

2123 1438 2356 1515 δευτέρῳ
2389 1438 2674 1515 μετεδίδου
2720 1449 2820 1512 τῆς
2866 1444 3039 1519 ἠχῆς,
3087 1444 3177 1499 καὶ
3234 1445 3391 1508 οὗτος
3447 1449 3528 1518 τῷ
3592 1444 3784 1520 τρίτῳ,

2122 1530 2359 1601 καὶὲξῆς
2396 1531 2627 1605 ὁμοίως.
2688 1530 2863 1596 Οὗτος
2920 1533 3011 1588 καὶ
3074 1533 3136 1589 τὸ
3195 1535 3492 1607 Ζεύξιππον
3548 1533 3784 1609 λουτρὸν

2122 1614 2299 1676 ἔκτισε
2327 1622 2675 1691 Βυζαντίοις,
2729 1622 2821 1677 καὶ
2876 1622 2939 1677 τὸ
2989 1627 3216 1699 πρῶτον
3269 1622 3473 1695 κτίσμα
3503 1628 3583 1696 τῷ
3612 1625 3788 1680 ἱππο-

2122 1705 2317 1782 δρόμῳ
2373 1704 2678 1784 παρέδωκε,
2736 1710 2828 1767 καὶ
2884 1712 3144 1787 κυνήγιον
3221 1714 3356 1786 (66),
3409 1712 3500 1768 καὶ
3559 1714 3783 1789 θεατρον

2120 1798 2312 1861 αὐτοῖς
2343 1798 2747 1858 κατεσκεύασεν.
2804 1800 2922 1855 Ἐπὶ
2976 1801 3178 1857 τούτου
3238 1800 3456 1864 Παῦλος
3502 1803 3531 1858 ὁ
3591 1809 3786 1878 Σαμο-

2122 1891 2309 1952 σατεὺς
2363 1891 2463 1960 τὴν
2518 1890 2864 1965 ’Δρτίμωνος
2921 1888 3130 1966 αἵρεσιν
3186 1893 3542 1950 ἀνενεώσατο.
3607 1895 3786 1957 Οὗτος

2122 1978 2151 2033 6
2183 1973 2426 2054 Σεϐῆρος
2459 1976 2513 2034 ἐν
2543 1976 2815 2052 πολὺμοις
2846 1977 3141 2054 σχολάζων
3198 1975 3345 2053 νόσῳ
3393 1978 3640 2053 τελευτᾷ,
3681 2003 3785 2038 κα-

2117 2065 2369 2124 ταλιπὼν
2399 2065 2597 2131 παῖδας
2627 2073 2794 2143 τρεῖς.

2190 2158 2313 2215 Ἐπὶ
2342 2158 2543 2213 τούτου
2583 2157 2826 2231 ἢκμαζεν
2886 2158 3195 2234 Ὠριγένης,
3253 2160 3401 2221 ’ὀστις
3459 2160 3534 2222 είς
3592 2158 3779 2232 Ἀλεξ-

2120 2245 2361 2322 άνδρειαν
2388 2242 2459 2301 ὥν
2497 2249 2757 2322 μεγίστην
2819 2247 2895 2311 είς
2951 2249 3043 2303 τὸν
3099 2256 3243 2313 θεῖον
3303 2247 3470 2324 λόγον
3529 2248 3774 2320 σπουδήν

2114 2329 2510 2391 κατεϐάλλετο·
2563 2334 2625 2390 οὐ
2688 2334 2855 2409 μόνον
2910 2336 3012 2411 γὰρ
3070 2343 3190 2401 τοῖς
3248 2343 3462 2401 πιστοῖς
3520 2338 3774 2415 πρόξενος

2116 2421 2382 2501 ὠφελείας
2409 2424 2653 2497 μεγάλης
2685 2422 2912 2499 ἐγένετο,
2974 2423 3120 2481 ἀλλὰ
3172 2425 3260 2481 καὶ
3328 2431 3435 2483 τῶν
3486 2428 3772 2503 αἱρετικιῖη

2116 2514 2220 2570 οὐκ
2252 2511 2486 2589 ὀλίγοις·
2551 2513 2639 2568 ὑπ’
2699 2514 2871 2569 αὐτοῦ
2917 2514 3018 2591 γὰρ
3074 2513 3143 2571 τὰ
3194 2515 3319 2591 ὑγιῆ
3376 2524 3476 2587 τῆς
3539 2519 3775 2580 πίστεως

2114 2596 2636 2677 παραλαμϐάνοντες
2698 2599 2949 2677 δόγματα
3006 2601 3251 2673 ζηλωταὶ
3335 2612 3436 2676 τῆς
3510 2605 3775 2677 ἀληθείας

2116 2689 2386 2768 ἐγίνοντο.
2452 2692 2541 2761 Ἐξ
2584 2690 2658 2746 ὧν
2716 2690 2936 2767 ὓπῆρχε
2994 2689 3358 2772 διαφερόντως
3414 2689 3775 2773 Ἀμϐρόσιος,

2116 2781 2257 2855 ἀνὴρ
2317 2780 2592 2855 ὖπίσημος
2626 2780 2715 2836 καί
2771 2780 3098 2862 φιλολόγος,
3155 2784 3214 2845 ὅς
3275 2784 3349 2847 εἰς
3406 2790 3611 2859 γνῶσιν
3671 2792 3770 2841 τοῦ

2116 2871 2311 2947 ἀνδρὸς
2363 2873 2650 2952 ἀφικέσθαι
2706 2871 3016 2936 σπουδάσας
3082 2874 3286 2947 ἀπέστη
3336 2884 3436 2946 τῆς
3470 2877 3770 2936 Οὐαλεντί-

347 2965 609 3022 divinam
649 2967 910 3023 hominis
943 2967 1296 3027 doctrinam.
1321 2969 1570 3026 Plurimi
1600 2986 1838 3040 quoque
1862 2969 2002 3043 phi-

2116 2984 2207 3017 νου
2259 2960 2348 3016 καὶ
2406 2962 2730 3037 Μαρκίωνος
2803 2962 3089 3037 αἱρέσεως,
3146 2970 3335 3039 πεῖραν
3405 2970 3505 3031 τῆς
3590 2966 3777 3032 ἐνθέου

347 3054 738 3126 losophorum
773 3057 872 3127 qui
905 3058 1204 3115 Christum
1217 3075 1337 3115 non
1354 3057 1853 3132 agnoscebant,ad
1868 3074 2004 3114 eum

2116 3050 2279 3109 αὐτοῦ
2342 3044 2592 3113 παιδείας
2645 3051 2911 3127 ἀρκοῦσαν
2966 3053 3328 3127 κτησάμενος.
3400 3053 3661 3112 Πλεῖστοι
3719 3054 3778 3112 δὲ

349 3148 753 3199 commeantes
784 3142 1108 3215 plurimum
1140 3162 1210 3201 ex
1263 3162 1333 3202 eo
1364 3144 1439 3203 ad
1470 3162 1608 3202 suas
1652 3149 1810 3203 artes
1830 3145 2001 3217 adju-

2116 3142 2201 3198 ιιαὶ
2264 3145 2373 3197 τῶν
2433 3137 2626 3215 ἔξωθεν
2680 3140 2999 3220 φιλοσόφων
3060 3148 3196 3218 πρὸς
3254 3144 3414 3201 αὐτὸν
3483 3151 3779 3226 φοιτῶντες

350 3231 539 3291 menti
567 3238 981 3304 perceperunt.
1012 3235 1204 3307 Magni
1233 3236 1392 3293 enim
1422 3236 1497 3291 ab
1525 3236 1600 3293 iis
1640 3234 1835 3300 ﬂebat,
1864 3250 2000 3292 cum

2116 3230 2385 3308 μεγίστην
2411 3230 2502 3285 καὶ
2558 3230 2715 3287 αὐτοὶ
2774 3231 2911 3306 πρὸς
2966 3231 3035 3287 τὰ
3092 3233 3267 3289 οἰκεῖα
3328 3237 3627 3309 μαθήματα
3672 3239 3773 3306 τήν

2115 3322 2383 3402 ὠφέλειαν
2442 3320 2796 3398 ἒκαρποῦντο·
2855 3322 2951 3377 καὶ
3013 3323 3120 3400 γὰρ
3171 3326 3300 3400 παρ’
3366 3325 3551 3389 αὐτοῖς
3607 3328 3772 3404 μέγας

2032 3282 2074 3347 C

345 3322 790 3393 geometricam,
813 3324 1250 3383 arithmeticam
1278 3331 1337 3382 et
1356 3325 1500 3383 alias
1532 3341 1666 3397 quas
1695 3326 1770 3383 ad
1800 3325 2005 3381 erudi-

344 3412 567 3471 tionem
597 3413 824 3471 faciunt
856 3416 1134 3475 scientias
1167 3433 1271 3473 eos
1322 3416 1582 3472 doceret.
1616 3418 1743 3482 Qua
1788 3433 1853 3473 re
1885 3431 2006 3473 non

339 3503 514 3572 pauci
552 3504 886 3561 Graacorum
917 3505 1414 3577 philoSOphorum
1456 3506 1610 3577 ejus,
1642 3511 1710 3563 ut
1737 3505 2007 3578 magistri

341 3591 454 3657 sui,
488 3591 549 3645 in
584 3592 705 3647 suis
730 3593 965 3665 scriptis
996 3595 1314 3653 honestam
1357 3595 1585 3652 faciunt
1614 3594 2007 3653 mentionem.

343 3679 476 3735 Fuit
504 3679 784 3753 Origenes
807 3683 936 3755 jam
969 3683 1108 3741 inde
1127 3702 1161 3741 ιι
1183 3690 1387 3740 tenera
1417 3689 1589 3741 astate
1608 3684 1843 3757 ingenio
1884 3685 2004 3741 acri

355 3772 414 3823 et
444 3768 517 3823 ad
553 3768 952 3843 indagandum
985 3771 1229 3843 proclivi
1252 3787 1352 3837 ;ac
1382 3790 1632 3847 puerum
1653 3774 2004 3843 etiamnum,

345 3873 482 3913 cum
515 3857 586 3914 de
614 3875 798 3917 sacrm
831 3861 1153 3933 Scripturas
1183 3876 1365 3917 sensu
1398 3867 1466 3918 ut
1521 3862 1887 3921 abstrusiore
1917 3865 2005 3922 in-

341 3946 625 4017 quireret,
650 3955 819 4020 pater
838 3950 1206 4021 increpando
1239 3957 1559 4008 monuerat
1586 3970 1662 4008 ne
1694 3970 1802 4010 sua
1830 3960 2006 4011 atate

342 4037 698 4097 sublimiora
723 4044 1019 4111 quaereret
1044 4055 1058 4106 ;
1083 4056 1265 4111 seque
1295 4042 1494 4113 ipsum
1516 4042 1753 4100 beatum
1760 4045 2001 4117 judica-

344 4133 529 4196 verat,
566 4130 659 4185 cui
694 4130 829 4186 talis
856 4130 1054 4201 proles
1080 4130 1409 4204 obtigisset.
1459 4133 1549 4189 Ad
1580 4136 1915 4193 castitatem
1945 4142 2005 4193 et

341 4217 775 4275 continentiam
802 4217 884 4275 ita
908 4234 945 4276 a
979 4234 1164 4289 puero
1191 4237 1320 4277 sese
1350 4225 1669 4280 assuefecit
1692 4230 1760 4281 ut
1779 4227 1834 4281 ei
1861 4243 2004 4299 qua-

339 4310 475 4362 tuor
505 4307 615 4363 soli
650 4305 811 4362 oboli
841 4307 918 4364 ad
948 4308 1164 4367 victum
1188 4312 1605 4382 quotidianum
1633 4316 1997 4373 sufﬁcerent.

335 4397 606 4467 Eumque
640 4396 689 4453 is
720 4413 952 4456 morem
981 4399 1205 4457 multos
1235 4416 1343 4473 per
1371 4420 1560 4461 annos
1611 4406 1823 4474 tenuit,
1872 4407 1999 4463 solo

337 4488 398 4537 et
428 4489 625 4538 storea
656 4483 1047 4553 indormiens,
1081 4505 1406 4562 somnoque
1465 4492 1660 4548 noctis
1713 4510 1834 4549 non
1870 4510 1999 4550 ma-

333 4586 513 4641 gnam
544 4574 774 4641 partem
807 4572 1107 4643 decidens,
1132 4578 1422 4649 majorem
1454 4579 1819 4637 meditandis
1847 4581 1993 4637 divi-

2116 3411 2423 3485 ὲνομίζετο,
2470 3408 2802 3485 παραδιδοὺς
2849 3414 3191 3487 γεωμετρίαν
3250 3414 3340 3467 καὶ
3398 3412 3771 3487 ἀριθμητικὴν

2115 3497 2414 3556 καὶτᾶλλα
2470 3496 2943 3573 προπαιδεύματα.
3005 3499 3205 3575 Διόπερ
3260 3500 3363 3555 οὐκ
3420 3498 3604 3576 ὀλίγοι
3659 3509 3770 3558 τῶν

2116 3590 2239 3665 παρ’
2270 3587 2515 3659 ’Έλλησι
2545 3586 2863 3669 φιλοσόφων
2897 3592 3259 3664 μαρτυροῦσιν
3296 3589 3480 3660 αὐτὸν,
3544 3593 3770 3666 μνήμην

2114 3676 2167 3733 ἐν
2191 3683 2312 3740 τοῖς
2352 3674 2518 3740 ἰδίοις
2551 3679 2874 3750 ποιούμενοι
2900 3680 3327 3755 συγγράμμασιν
3384 3678 3461 3744 ὡς
3512 3678 3770 3737 διδασκάα

2116 3767 2236 3824 λου.
2271 3767 2377 3824 Καὶ
2409 3766 2516 3843 γὰρ
2544 3766 2747 3846 εὐφυὴς
2802 3765 3057 3823 παιόόθεν
3124 3770 3347 3845 ὑπῆρχε
3414 3768 3623 3850 σφόδρα
3680 3771 3773 3827 καὶ

2118 3856 2415 3927 ζητητικὸς
2446 3856 2604 3933 ἄγαν.
2636 3859 2737 3914 "Ov
2768 3855 2820 3911 ἰν
2880 3860 2949 3930 τῇ
3006 3855 3236 3931 παιδικῇ
3296 3858 3491 3931 ἡλικίᾳ
3545 3861 3611 3915 τὸ
3674 3867 3777 3931 τῆς

2114 3946 2262 4011 θείας
2301 3952 2521 4021 Γραφῆς
2578 3946 2840 4021 βούλημα
2892 3948 3291 4020 πυνθανόμενον
3349 3950 3426 4012 ὡς
3477 3951 3770 4026 βαθύτερον

2114 4038 2148 4107 ἢ
2184 4034 2570 4111 διανοούμενον
2604 4036 2943 4107 ἆπέπληττεν
2969 4037 2998 4091 6
3027 4040 3234 4114 πατὴρ,
3270 4037 3444 4114 μηδὲν
3502 4042 3638 4118 ὁπὶρ
3666 4045 3769 4112 τὴν

2110 4124 2338 4196 ἡλικίαν
2395 4124 2699 4199 περαιτέρω
2767 4130 2968 4196 ζητεῖνο
3049 4128 3108 4189 ὅς
3190 4129 3283 4183 καί
3338 4136 3439 4200 τῆς
3494 4130 3770 4195 εὐτεκνίας

2110 4215 2300 4271 ἑαυτὸν
2331 4213 2681 4287 ἐμακάριζεν.
2728 4213 2977 4288 Ἀγνείαν
3011 4212 3070 4271 δι
3130 4218 3223 4273 καὶ
3270 4217 3589 4294 ἐγκράτειαν
3639 4240 3767 4276 τοσο

2109 4303 2276 4374 αύτην
2333 4300 2394 4359 ἐκ
2429 4301 2549 4357 νέου
2612 4305 2713 4356 τοῦ
2769 4302 3025 4374 σώματος
3090 4305 3355 4379 ἤσκησεν,
3415 4310 3490 4369 ὡς
3531 4304 3766 4372 ὀϐολοῖς

2108 4391 2359 4467 τέσσαρσι
2390 4391 2480 4447 καὶ
2533 4393 2727 4467 μόνοις
2774 4394 2913 4468 πρὸς
2977 4391 3274 4475 διατροφήν
3329 4397 3558 4469 ἑκάστης
3623 4398 3766 4470 ἡμέ-

2110 4503 2207 4559 ρας
2234 4484 2534 4557 ἂρκεῖσθαι.
2578 4481 2682 4537 Καὶ
2735 4483 2920 4555 μέντοι
2954 4484 3041 4540 καὶ
3074 4483 3125 4539 ἐν
3159 4484 3398 4550 πολλοῖς
3437 4482 3579 4544 ἔτεσι
3605 4494 3768 4545 τοῦτο

2109 4576 2285 4629 ποιῶν
2314 4568 2568 4641 διετέλει,
2604 4570 2695 4627 καὶ
2727 4570 2810 4627 ἐπ’
2837 4569 3070 4653 ἐδάφους
3100 4576 3188 4631 καὶ
3249 4576 3432 4651 ψιάθῳ
3489 4577 3765 4644 καθεύδων

337 4657 434 4713 nis
464 4659 719 4715 oraculis
751 4661 1126 4734 impendens.
1161 4667 1264 4723 liis
1294 4667 1589 4735 intentus,
1611 4669 1832 4739 inedia,
1864 4670 2005 4744 vigi-

2116 4664 2200 4719 ιιαὶ
2261 4660 2450 4737 ὂλίγον
2525 4661 2715 4737 καιρὸν
2771 4669 2873 4731 τῆς
2931 4666 3126 4727 νυκτὸς
3188 4665 3595 4742 ἀναπαυόμενος
3674 4669 3766 4724 τὸν

332 4745 434 4801 liis
462 4752 519 4803 et
548 4748 814 4808 nuditate
846 4753 928 4810 ita
981 4771 1044 4811 se
1083 4758 1426 4826 maceravit,
1476 4774 1544 4814 ac
1573 4759 1836 4831 vigorem
1864 4777 1997 4817 cor-

338 4836 500 4908 poris
538 4837 684 4897 adeo
714 4841 957 4912 attrivit,
991 4849 1057 4901 ut
1083 4844 1263 4916 plane
1314 4845 1617 4906 videretur
1666 4848 1991 4909 exaruisse.

2107 4752 2338 4809 πλείονα
2361 4750 2441 4813 εἰς
2466 4752 2569 4820 τήν
2605 4748 2837 4825 μελίτην
2880 4757 2991 4809 τῶν
3043 4756 3209 4829 ἱερῶν
3263 4753 3471 4830 λογίων
3527 4754 3768 4827 διήνυεν,

2104 4843 2163 4900 ἐν
2192 4842 2409 4903 τούτοις
2441 4837 2903 4916 ἐπεκτεινόμενος.
2958 4844 3079 4900 Ἐπί
3132 4866 3191 4901 τε
3241 4843 3423 4915 ἀσιτίᾳ
3466 4845 3560 4901 καὶ
3593 4846 3765 4919 ἀγρυ-

1617 4965 1982 5023 XYLANDRI
2015 4967 2102 5022 ET
2141 4960 2354 5021 GOARI
2392 4958 2615 5019 NOTAE.

405 5074 515 5157 (ϐξ)
546 5074 795 5157 Severus
827 5077 927 5147 qui
958 5077 1033 5131 sit
1057 5077 1395 5157 idenrquod
1411 5078 1728 5157 haereticus
1760 5080 1989 5157 ignoro.

333 5143 522 5199 Credo
542 5143 900 5225 a_utemr_hséc
932 5163 967 5203 a
998 5147 1182 5203 sciolo
1212 5143 1396 5225 fuisse
1440 5150 1726 5223 ascripta,
1761 5143 1863 5225 εἶιιί
1896 5154 1995 5210 Se-

2104 5077 2416 5153 pretabere
2448 5075 2511 5153 in
2532 5079 2857 5153 Antonino.
2879 5079 2984 5135 Hic
3010 5084 3069 5153 et
3098 5075 3375 5149 sparsim,
3407 5092 3527 5153 non
3548 5080 3612 5153 u_t
3636 5073 3759 5147 ple-

2103 5146 2274 5223 rique
2302 5152 2615 5223 cynegium,
2631 5150 2734 5205 sed
2765 5166 3016 5223 arenam.
3049 5146 3246 5223 locum
3278 5146 3588 5223 certamini
3623 5146 3759 5203 cum

332 5230 537 5303 verum
569 5217 918 5303 hmreticum
951 5226 1189 5303 nosset;
1219 5220 1439 5303 dequo
1459 5217 1765 5303 Cedrenus
1779 5217 1996 5303 postea
2100 5217 2658 5303 bestiisﬁulj'eundo
2691 5223 2784 5303 (ad
2815 5221 3246 5303 occidentalem
3269 5218 3433 5303 urbis
3455 5220 3760 5303 regionem

336 5285 493 5369 dicet
524 5287 586 5369 in
616 5290 957 5369 Aureliano.
982 5321 1059 5369 :—
1079 5285 1390 5347 Xvi..Nihil
1412 5294 1507 5349 hic
1527 5312 1663 5351 cum
1687 5285 1991 5368 Xylandro

334 5373 370 5439 ει
397 5359 581 5439 sciolo
612 5363 817 5430 quovis
846 5363 1126 5439 existimo
1153 5370 1535 5439 corruptum.
1570 5359 1803 5424 Severus
1833 5370 1994 5424 enim

334 5428 559 5511 Latinis
585 5428 721 5488 cum
752 5441 982 5501 trucem,
1015 5428 1591 5511 ﬂgitiummiizdicem,
1624 5444 1764 5505 etc.,
1796 5446 1992 5511 sonet,

333 5500 553 5569 poterit
583 5517 820 5629 quoque
851 5500 1230 5590 proremiticlt,
1253 5500 1589 5592 pernicioso,
1606 5517 1686 5577 et,
1714 5500 1781 5566 ut
1808 5500 1997 5582 loqui—'-

334 5575 432 5625 tur
461 5575 591 5629 Anu
620 5590 769 5629 eius.
799 5584 1167 5629 m'emntm'to
1201 5596 1376 5629 sum]-
1438 5598 1615 5629 auem
1659 5584 1858 5629 (ξι-ραι
1884 5600 1993 5629 νοτ

334 5575 432 5658 tur
461 5575 769 5658 Apuleius,
795 5575 1167 5658 peremptorio
1201 5575 1382 5658 sumi,
1421 5598 1619 5658 quem
1659 5575 1859 5658 Grcos
1884 5575 1995 5641 vox

334 5639 619 5724 αἱρετικός
647 5647 730 5724 (et
756 5639 817 5704 si
841 5639 1026 5724 mavis
1077 5639 1678 5724 ἀναιρετικός)ἰ·θί“θῐ“ι.
1711 5639 1883 5713 Goan.

415 5712 528 5786 (66)
559 5712 879 5796 (Κυντξγιον)
926 5712 1756 5796 νεηαιιιηιόριιάίόυοιοιυεω
1811 5712 1993 5785 inter-

2103 5295 2297 5367 adhuc
2324 5291 2524 5367 hodie
2549 5292 2780 5367 κυνηγός
2821 5293 3007 5367 audit)
3040 5292 3440 5367 deputatum,
3499 5291 3572 5345 ad
3602 5291 3762 5367 quod

2104 5367 2225 5422 illis
2256 5365 2480 5421 ibidem
2510 5364 2573 5435 in
2596 5362 2791 5435 caveis
2820 5368 2880 5435 et
2903 5362 3086 5435 foveis
3117 5362 3385 5435 publicis
3423 5362 3762 5434 sumptibus

2103 5438 2419 5509 alebantur
2453 5432 2572 5509 :_év
2623 5433 2691 5509 ᾧ,
2745 5434 2953 5509 scribit
3006 5430 3243 5509 suidas,
3299 5430 3660 5509 ἇρῥιπτοῦἷιτο
3711 5454 3763 5488 οι

2107 5454 2465 5494 alebantur:
2521 5454 2572 5486 εν
2676 5477 2691 5504 ,
2745 5454 2953 5490 senm:
3006 5454 3243 5502 annuas,
3299 5454 3660 5509 ερριπτουντο
3711 5454 3763 5488 οι

2107 5508 2419 5584 βιοθάνατοι
2448 5506 2569 5562 sive
2620 5454 3014 5578 ἕίωυθάνατοι.
3063 5508 3129 5562 In
3168 5507 3766 5584 quo__nominatiores

2104 5577 2426 5640 sceleratos
2451 5577 2688 5652 necnon
2713 5592 2785 5633 ex
2804 5584 3155 5652 contemptu
3176 5577 3585 5635 nobilissimos
3606 5578 3767 5652 leges

2106 5653 2467 5726 quandoque
2495 5649 2691 5720 capite
2722 5648 3025 5707 multatos.
3046 5648 3236 5706 ‘Gosa.
