4154 6424
316 419 447 481 εδδ

1474 402 2011 469 HISTORIARUM
2057 399 2594 472 COMPENDIUM.

3629 421 3749 480 486

318 548 456 619 πνίᾳ
510 545 599 605 καὶ
668 544 979 621 γυμνότητι
1036 544 1225 601 ἑαυτὸν
1288 542 1491 610 πιέζων
1555 542 1813 596 τοσοῦτον
1865 553 1987 591 κατ-

2115 537 2274 610 Vino,
2307 542 2433 599 oleo
2464 544 2831 617 reliquisque
2864 545 2924 600 id
2946 561 3134 619 genus
3161 547 3755 622 abstinens,pectoris

316 638 561 713 εδαμασε
615 639 717 708 τὴν
777 637 963 711 ἀκμὴν
1020 640 1116 692 τοῦ
1174 635 1433 708 σώματος
1483 632 1557 694 ὡς
1590 630 1819 707 ὁρᾶσθαι
1850 648 1990 683 παν-

314 728 498 790 τελῶς
556 724 716 782 αὒτὸν
768 723 1197 795 ἀπεσκληκέναι·
1270 720 1422 779 οἳνου
1494 721 1597 798 γὰρ
1651 718 1742 775 καὶ
1804 715 1992 775 ἐλαίου

320 820 416 876 κεί
448 818 553 873 τῶν
584 815 797 872 λοιπῶν
852 813 1196 891 ἀπεχόμενος
1245 812 1556 886 ἀνατροπὴν
1615 813 1702 885 [Ρ.
1737 809 1864 880 253]
1897 810 1994 865 τοῦ

321 908 578 983 θώρακος
653 905 921 983 μεγίστην
1008 903 1317 977 ὑπέμεινεν.
1375 902 1560 959 Ἔνθεν
1616 900 1676 976 γε
1730 919 1818 957 τοι
1877 893 1993 953 δια-

322 993 534 1067 ϐόητος
591 994 887 1071 γενόμενος
947 993 1022 1056 ὡς
1101 990 1414 1068 διαπρέπων
1471 984 1618 1066 ἔργῳ
1654 987 1772 1078 ᾐκαὶ-
1822 987 1994 1078 λόγῳν

323 1086 577 1149 πολλοὺς
630 1082 916 1155 Ἓλληνας
973 1084 1072 1153 τὴν
1133 1079 1537 1155 εἰδωλομανίαν
1612 1076 1995 1153 βδελύττεσθαι

323 1176 519 1241 πείσας
622 1171 925 1251 μαρτυρίου
1037 1169 1292 1249 στέφανον
1386 1168 1755 1241 ἀναδήσασθαι
1854 1187 1996 1241 παρ·-

325 1264 605 1324 εσκεύασε.
641 1262 867 1333 Πολλῆς
903 1261 994 1318 οὖν
1053 1264 1247 1340 φήμης
1302 1261 1427 1335 περὶ
1480 1256 1648 1316 αὐτοῦ
1687 1256 1998 1333 τρεχούσης

321 1357 422 1413 καὶ
480 1352 712 1410 πολλῶν
773 1353 1041 1429 μακρόθεν
1096 1352 1231 1427 πρὸς
1285 1351 1450 1407 αὐτὸν
1516 1346 1872 1424 συῤῥυὲντων,
1934 1345 1996 1400 οὐ

330 1446 504 1520 μόνον
534 1441 812 1514 Ἓλληνας
870 1439 1206 1521 φιλοσόφους
1263 1440 1353 1495 καὶ
1413 1437 1722 1514 αἴρετικοὺς
1773 1434 1999 1513 ἐλλογί-

338 1557 477 1608 μους
508 1534 645 1608 πρὸς
673 1526 950 1588 εύσὲϐειαν
1006 1528 1274 1600 εἵλκυσεν,
1332 1526 1482 1586 ἀλλᾶ
1538 1527 1629 1585 καὶ
1679 1527 1808 1589 τοὺς
1839 1521 1997 1587 ὄντας

339 1623 698 1699 Χριστιανοὺς
758 1619 975 1694 μᾶλλον
1032 1618 1395 1695 στοιχειώσος
1454 1612 1867 1673 ἐπεϐεϐαίωσεν.
1900 1616 1994 1672 Ὃν

339 1714 370 1770 ὁ
404 1709 731 1787 προλεχθεὶς
762 1704 1098 1785 Ἀμϐρόσιος
1129 1707 1409 1771 ἱκετεύσας
1449 1704 1637 1762 πολλᾶ
1683 1705 1775 1763 καὶ
1822 1723 1996 1781 παρα-

334 1795 666 1876 ϐιασάμενος
751 1797 805 1855 ἐν
895 1799 1208 1873 Καισαρείᾳ,
1276 1798 1368 1854 καὶ
1442 1794 1832 1874 ταχυγράρους
1903 1794 1998 1866 μὲν

2102 630 2424 689 maximam
2474 633 2920 690 subversionem
2951 635 3217 706 pertulit.
3252 637 3351 692 His
3393 639 3570 695 rebus
3602 644 3754 696 444

2103 718 2235 777 vitae
2259 720 2663 793 doctrinaque
2688 723 2972 780 eximium
2996 741 3220 780 nomen
3242 730 3767 791 consecutus,elTe-

2104 809 2184 864 cit
2214 816 2280 867 ut
2302 812 2474 868 multi
2496 812 2682 869 Graeci
2706 813 2991 870 falsorum
3017 814 3265 871 deorum
3287 816 3515 873 cultum
3538 816 3765 873 abomi-

2105 905 2319 957 nantes
2340 918 2624 959 coronam
2654 902 2788 959 fuso
2812 903 2872 959 in
2894 904 3158 960 veritatis
3180 905 3595 962 testimonium
3626 924 3768 962 san-

2104 989 2283 1060 guine
2316 997 2715 1049 mererentur.
2748 994 2953 1063 Itaque
2985 992 3209 1066 ingenti
3242 994 3371 1067 ejus
3401 995 3765 1066 praestantiae

2104 1076 2264 1135 fama
2295 1078 2411 1135 late
2441 1080 2761 1153 divulgata,
2793 1082 3118 1153 multisque
3152 1083 3227 1138 ad
3257 1100 3392 1138 eum
3425 1100 3493 1138 ex
3520 1084 3766 1139 remotis

2105 1166 2251 1224 locis
2280 1169 2743 1238 conﬂuentibus,
2778 1187 2903 1227 non
2952 1176 3185 1227 tantum
3234 1173 3463 1229 Graecos
3495 1173 3767 1245 philoso—

2105 1257 2257 1328 phoe
2270 1259 2996 1333 etheereticospraacipuos
3009 1261 3084 1317 ad
3097 1278 3294 1318 veram
3308 1262 3644 1336 religionem
3656 1267 3770 1318 tra-

2106 1346 2405 1415 duxit,sed
2428 1354 2486 1406 et
2505 1348 2663 1421 ipsos
2685 1350 3052 1407 Christianos
3074 1351 3260 1423 magis
3285 1352 3477 1408 solida
3496 1353 3769 1409 doctrina

2106 1438 2504 1494 confirmavit.
2551 1439 2639 1496 Ab
2698 1439 2811 1495 hoc
2868 1440 3242 1507 Ambrosius,
3276 1458 3455 1511 quem
3486 1441 3766 1506 diximus,

2106 1526 2388 1581 Cassareas
2422 1526 2628 1583 multis
2655 1528 2935 1599 precibus
2974 1546 3043 1585 ac
3092 1534 3324 1586 tantum
3379 1546 3499 1586 non
3529 1531 3579 1585 vi
3614 1530 3769 1585 obti-

2106 1616 2258 1684 nuit,
2290 1616 2576 1675 adhibitis
2598 1617 2652 1674 ei
2676 1624 2905 1690 septem
2932 1620 3229 1676 celeribus
3260 1620 3675 1692 scriptoribus,
3699 1635 3769 1675 ac

2105 1706 2377 1777 pluribus
2400 1708 2503 1780 qui
2524 1709 2828 1782 eleganter
2849 1711 3201 1781 scriberent,
3228 1716 3295 1766 ut
3316 1728 3549 1768 sacram
3582 1711 3773 1783 Scrip-

2110 1800 2303 1854 turam
2332 1798 2851 1871 interpretaretur.
2882 1800 3122 1873 Origeni
3167 1800 3519 1857 Ambrosius
3550 1816 3774 1856 neces-

331 1890 485 1963 αύτῷ
540 1890 890 1966 παραστήσας
944 1888 1079 1947 ἑπτὰ
1161 1885 1392 1950 πλοίους
1449 1884 1506 1945 δι
1557 1884 1989 1964 καλλιγράφους,

2115 1886 2265 1943 saria
2295 1889 2501 1944 omnia
2531 1889 2949 1961 suppeditavit,
2984 1889 3154 1961 isque
3186 1906 3293 1962 per
3321 1889 3511 1946 otium
3541 1890 3773 1946 versio-

330 1983 664 2056 ὶρμηνεῦσαι
719 1978 817 2043 τὰς
872 1980 1018 2041 θειας
1075 1978 1291 2058 Γραφὰς
1350 1976 1509 2032 αὐτὸν
1565 1976 1854 2046 πεποίηκε.
1890 1973 1994 2032 Καὶ

329 2072 359 2127 ὁ
396 2072 497 2145 μὲν
552 2071 651 2141 τήν
713 2066 936 2127 δέουσαν
999 2068 1189 2145 χρείαν
1248 2066 1396 2138 αὐτῷ
1449 2071 1734 2145 παρεῖχεν,
1764 2066 1792 2121 ὁ
1822 2061 1882 2120 δὲ
1912 2062 2000 2121 ἐπὶ

329 2155 559 2233 σχολῆς
642 2154 934 2231 γενόμενος
1011 2154 1356 2230 ὑπηγόρευσε
1418 2158 1537 2216 τοῖς
1604 2150 2000 2228 ταχυγράφοις,

329 2248 423 2303 καὶ
457 2247 512 2301 οἱ
546 2240 943 2322 βιϐλιογράφοι
1000 2243 1091 2299 σὺν
1143 2243 1384 2320 γυναιξὶν
1418 2241 1672 2319 ἔγραφον.
1703 2239 2005 2318 καλλιγρα-

332 2342 456 2415 ιρεῖν
518 2334 907 2407 ἐξησκημένοι.
978 2331 1157 2389 lli.st
1210 2353 1269 2387 τε
1325 2332 1472 2397 θείαν
1548 2331 1766 2409 Γραφὴν
1822 2329 2006 2404 ἡρμή-

333 2445 525 2481 νευσεν
549 2422 639 2478 ἐπὶ
671 2420 767 2493 ἔτη
829 2423 921 2493 ιη“’
977 2422 1201 2498 Λέγεται
1259 2418 1316 2476 δὲ
1373 2419 1457 2476 ὅτι
1514 2417 1885 2495 ἑξακισχιλίας
1918 2416 2003 2494 βί-

335 2510 511 2579 ϐλους
545 2511 815 2583 συνέταξε.
846 2515 1117 2567 Τοσοῦτον
1150 2510 1252 2588 γὰρ
1284 2508 1457 2581 ξῆλον
1513 2506 1590 2573 εἷς
1616 2511 1716 2579 τὴν
1747 2508 2002 2585 ἐξήγησιν

334 2611 449 2663 τῶν
508 2604 671 2659 Θείων
721 2600 905 2678 λόγων
959 2602 988 2659 ὁ
1049 2596 1382 2676 Ἀμϐρόσιος
1443 2597 1807 2671 ἐπεδείκνυτο,
1866 2597 2007 2655 ὥστε

339 2699 443 2765 τήν
496 2692 720 2762 πολλὴν
779 2694 949 2751 αὐτοῦ
1036 2689 1279 2761 σπουδὴν
1375 2692 1654 2765 Ὠριγὲνης
1716 2694 2002 2765 μαρτυρῶν

342 2784 540 2863 γράφει
583 2782 721 2857 πρός
778 2802 902 2838 τινα
956 2779 1154 2858 λέγων’
1208 2781 1266 2837 'O
1322 2781 1467 2857 ἱερὸς
1499 2779 1590 2836 καὶ
1620 2784 1736 2852 θεῷ
1765 2777 2004 2855 γνησίως

344 2874 703 2947 ἀνακείμενος
785 2866 1116 2946 Ἀμϐρόοιος
1201 2868 1389 2929 πολλὰ
1472 2867 1865 2945 προσαγορεύει
1927 2884 2003 2923 σε’

346 2961 500 3025 ὅστις
558 2962 793 3035 νομίξων
860 2980 929 3034 με
986 2958 1286 3037 φιλόπονον
1344 2960 1483 3015 εἶναι
1538 2960 1627 3014 καὶ
1679 2957 1817 3015 πάνυ
1849 2955 2007 3031 διψᾶν

351 3058 458 3108 τοῦ
490 3053 635 3117 θείου
660 3051 851 3126 λογου,
886 3049 1081 3128 ἤλεγξε
1108 3055 1177 3125 τῇ
1207 3049 1316 3122 ἰδίᾳ
1345 3047 1645 3124 φιλοπονίᾳ
1670 3053 1749 3121 τῷ
1777 3048 1914 3123 πρὸς
1942 3047 2009 3105 τὰ

364 3140 497 3215 ’ἆγια
547 3143 829 3215 μαθήματα
873 3135 1056 3215 ἔρωτι.
1107 3141 1264 3196 ’Ὀθεν
1312 3138 1400 3195 ἐπὶ
1447 3138 1707 3195 τοσοῦτόν
1765 3158 1837 3209 με
1874 3158 2011 3212 παρ-

364 3227 631 3299 ελήλυθεν
680 3227 812 3286 ὥστε
869 3226 1189 3289 κινδυνεύειν
1245 3225 1487 3299 ἀπαυδᾷν
1543 3229 1680 3302 πρὸς
1718 3228 1812 3289 τὰς
1844 3225 2008 3283 αὐτοῦ

354 3321 664 3396 προτάσεις.
699 3317 839 3379 Οὔτε
888 3322 994 3396 γὰρ
1053 3318 1316 3389 δεπνῆσαι
1372 3312 1514 3375 ἔστιν
1572 3321 1707 3393 ἡμῖν
1753 3314 2009 3376 ἀντιϐάλ·

345 3407 569 3481 λουσιν,
634 3406 758 3467 οὔτε
824 3407 1173 3480 δειπνήσασιν
1244 3409 1412 3480 ἔξεστι
1485 3415 1850 3483 περιπατῆσαι
1917 3408 2009 3465 καὶ

345 3497 710 3557 διαναπαῦσαι
758 3498 826 3556 τὰ
883 3500 1132 3572 σώματα,
1192 3496 1340 3556 ἀλλὰ
1394 3498 1484 3555 καὶ
1541 3498 1593 3555 ἐν
1647 3503 1765 3559 τοῖς
1796 3503 2009 3573 καιροῖς

343 3587 578 3651 ἐκείνοις
607 3586 930 3667 φιλολογεῖν
973 3590 1065 3644 καὶ
1095 3583 1357 3665 ἀκριϐοῦν
1399 3587 1467 3644 τὰ
1516 3585 1813 3664 ἀντίγραφα
1843 3585 2013 3660 ἄναγ-

342 3679 649 3752 καζόμεθα.
682 3677 820 3735 Οὔτε
851 3678 960 3751 μὴν
1018 3675 1160 3747 ὃλην
1214 3674 1302 3733 ἒπὶ
1345 3677 1603 3751 θεραπεία
1625 3681 1724 3734 τοῦ
1755 3677 2009 3749 σώματος

346 3769 451 3838 τήν
478 3766 643 3824 νύκτα
670 3762 871 3839 ἔξεστιν
901 3769 1039 3844 ἡμῖν
1066 3768 1384 3841 κοιμᾶσθαι,
1417 3765 1505 3823 ἐπὶ
1537 3764 1685 3822 πολὺ
1731 3772 1832 3835 τῆς
1863 3763 2015 3821 δσπὲ-

353 3875 452 3933 ρας
482 3864 586 3926 τῆς
615 3850 1428 3936 φιλολογίαςπαρατεινούσης.
1458 3857 1571 3913 Ἐῶ
1603 3852 1660 3912 δὲ
1712 3853 1891 3932 λέγειν
1919 3853 2012 3910 καὶ

348 3949 419 4002 τὰ
470 3943 635 4005 ἕωθεν
670 3947 837 4026 μέχρι
884 3952 982 4015 τῆς
1037 3946 1102 4015 θ’,
1151 3939 1255 4002 ἔσθ’
1304 3945 1394 4001 ὅτε
1440 3949 1531 4001 καὶ
1581 3942 1813 4014 δεκάτης
1844 3943 2010 4018 ὥρας·

351 4036 552 4096 πάντες
610 4035 714 4113 γὰρ
801 4036 853 4091 οἱ
906 4034 1154 4100 θέλοντες
1237 4037 1554 4114 φιλοπονεῖν
1608 4035 1733 4096 τοὺς
1791 4031 2013 4107 καιροὺς

355 4125 601 4189 ίκεινους
628 4130 698 4200 τῇ
728 4124 961 4195 ἐξετάσει
1002 4129 1115 4182 τῶν
1168 4123 1326 4189 θείων
1386 4121 1597 4202 λογίων
1626 4123 1715 4181 καὶ
1746 4128 1865 4185 ταῖς
1894 4121 2018 4176 ἀνα-

350 4214 610 4290 γνώσεσιν
668 4213 993 4274 ἆνὰτιθὲασι.
1054 4219 1234 4280 Πᾶσας
1293 4216 1474 4272 τοίνυν
1526 4213 1859 4290 ἑρμηνεύσας
1916 4213 2018 4283 τήν

352 4303 501 4364 θείαν
562 4305 780 4382 Γριφήν
834 4303 1180 4376 ἐτελεύτησεν
1239 4303 1371 4361 ἐτῶν
1432 4305 1529 4378 ξθ⁹.
1592 4303 1722 4380 Περὶ
1771 4303 1834 4358 οὗ
1865 4302 2014 4359 καὶὸ

356 4396 527 4470 μὲγας
557 4393 876 4471 Ἐπιφάνιος
924 4394 978 4450 ἐν
1025 4399 1144 4457 τοῖς
1198 4394 1497 4469 Παναρίοις
1554 4393 1726 4468 λέγει·
1773 4394 1887 4451 Τοῦ
1920 4393 2018 4465 μὶν

353 4479 702 4560 ’Δμϐροσίου
740 4484 807 4540 τὰ
860 4484 999 4559 πρὸς
1051 4486 1261 4563 τροφὴν
1323 4482 1470 4555 αύτῷ
1524 4503 1583 4538 τε
1638 4480 1729 4538 καί
1756 4486 1874 4546 τοῖς
1903 4481 2020 4551 ὀξυ·

354 4574 593 4653 γράφοις
651 4573 742 4629 καὶ
799 4578 916 4635 τοῖς
974 4573 1337 4649 ὑπηρετοῦσιν
1393 4571 1768 4647 ἑξαρκοῦντος,
1809 4569 2019 4646 χᾶρτας

2106 1991 2245 2031 nem
2271 1975 2565 2033 celeribus
2592 1977 2981 2049 scriptoribus
3002 1978 3242 2035 dictavit
3268 1994 3281 2033 :
3316 1979 3543 2034 librarii
3566 1984 3769 2035 autem

2106 2070 2165 2120 et
2190 2066 2497 2133 mulieres,
2521 2066 2669 2122 scite
2691 2067 2954 2123 scribere
2976 2068 3255 2136 scientes,
3279 2068 3340 2124 in
3362 2068 3532 2141 plura
3555 2066 3769 2124 exinde

2109 2156 2477 2227 exemplaria
2497 2157 3265 2214 transcribebant.Absolvit
3286 2175 3414 2214 eam
3438 2158 3770 2215 versionem

2108 2245 2284 2301 annis
2309 2247 2396 2301 18.
2430 2247 2640 2302 Fertur
2692 2264 2871 2319 porro
2901 2247 3191 2303 librorum
3252 2264 3355 2303 sex
3410 2248 3604 2304 millia
3632 2264 3775 2303 con-

2110 2334 2423 2406 scripsisse
2481 2336 2788 2409 Origenes.
2848 2340 3100 2394 Tantum
3160 2343 3361 2394 autem
3419 2338 3531 2393 fuit
3559 2353 3627 2393 ac
3652 2343 3773 2393 tam

2110 2425 2327 2483 ardens
2347 2426 2647 2482 Ambrosii
2676 2429 2857 2500 hujus
2878 2428 3142 2484 studium
3166 2428 3566 2485 enarrationis
3586 2444 3779 2484 sacra-

2110 2534 2245 2573 rum
2279 2519 2654 2589 Litterarum,
2682 2525 2750 2574 ut
2771 2520 3054 2591 Origenes
3076 2520 3126 2575 ei
3154 2519 3412 2590 quadam
3440 2520 3503 2574 in
3525 2519 3782 2590 epistola

2112 2606 2459 2677 hujusmodi
2518 2608 2668 2663 ferat
2716 2608 3172 2664 testimonium:
3235 2610 3484 2664 Sanctus
3536 2610 3779 2678 Deoque

2113 2695 2344 2751 sincere
2402 2695 2639 2752 deditus
2699 2696 3047 2753 Ambrosius
3106 2698 3360 2753 multam
3398 2698 3502 2752 tibi
3534 2698 3590 2752 S.
3626 2697 3689 2752 D.
3727 2697 3781 2751 Is

2112 2800 2250 2840 eum
2280 2800 2374 2840 me
2410 2784 2712 2841 existimet
2737 2785 3012 2843 laborum
3048 2786 3403 2843 tolerantem
3437 2803 3568 2841 esse
3599 2791 3659 2840 et
3686 2801 3783 2839 sa-

2114 2890 2227 2929 crae
2260 2872 2578 2945 Scriptura)
2610 2875 3041 2948 cognoscendas
3072 2875 3331 2944 avidum,
3369 2891 3475 2931 suo
3510 2873 3781 2930 laborum

2114 2962 2309 3019 studio
2338 2968 2399 3018 et
2425 2978 2629 3019 amore
2660 2981 2860 3021 sacras
2908 2979 3004 3019 res
3053 2965 3323 3021 discendi
3352 2964 3411 3019 id
3436 2964 3780 3036 exploravit.

2113 3054 2297 3108 Tanto
2346 3058 2546 3110 autem
2601 3069 2699 3110 me
2755 3059 2891 3126 post
2949 3071 3012 3110 se
3066 3055 3310 3126 reliquit
3345 3055 3685 3121 intervallo,
3717 3057 3786 3109 ut

2111 3143 2448 3213 periculum
2498 3145 2579 3199 sit
2626 3160 2704 3199 ne
2758 3145 2832 3200 de
2885 3144 3185 3201 solvendis
3226 3151 3518 3217 quotquot
3549 3146 3600 3200 is
3633 3144 3780 3200 mihi

2041 3277 2085 3345 α
2123 3234 2407 3305 proponit
2454 3235 2887 3305 qumstionibus
2958 3234 3281 3307 desperare
3340 3252 3534 3307 cogar.
3588 3237 3788 3305 Neque

2123 3339 2357 3378 ccenare
2387 3340 2497 3379 nos
2526 3324 2960 3395 exemplarium
3019 3325 3177 3381 inter
3231 3341 3295 3380 se
3350 3323 3589 3379 collatio
3622 3322 3784 3391 sinit,

2118 3414 2271 3471 445
2306 3429 2504 3484 neque
2528 3430 2564 3468 a
2593 3430 2761 3469 cmna
2816 3414 3125 3470 ambulare
3179 3419 3282 3470 aut
3334 3430 3550 3485 corpus
3580 3412 3784 3484 quiete

2117 3501 2387 3557 relaxare
2403 3501 2710 3569 datur,sed
2730 3502 2833 3557 illo
2852 3502 3031 3560 etiam
3050 3508 3318 3575 tempore
3341 3503 3556 3558 litteris
3572 3517 3778 3557 vacare

2119 3595 2178 3646 et
2207 3590 2529 3647 emendare
2550 3591 2916 3664 exemplaria
2946 3592 3233 3666 cogimur.
3256 3593 3457 3663 Neque
3486 3607 3623 3646 vero
3655 3607 3784 3647 cor-

2118 3680 2279 3751 poris
2310 3680 2620 3736 reficiendi
2653 3697 2834 3737 causa
2855 3686 3043 3737 totam
3067 3681 3240 3737 nobis
3263 3687 3496 3738 noctem
3520 3679 3783 3736 dormire

2119 3769 2486 3839 conceditur,
2532 3767 2737 3825 labore
2783 3770 2844 3825 in
2892 3771 3146 3828 multam
3201 3776 3438 3827 noctem
3480 3786 3543 3826 se
3575 3775 3786 3825 exten-

2119 3858 2297 3915 dente
2328 3877 2341 3914 :
2369 3876 2445 3915 ne
2476 3860 2674 3916 dicam
2721 3861 2794 3916 de
2840 3862 3155 3920 matutinis
3207 3862 3534 3928 laboribus,
3570 3860 3671 3931 qui
3708 3858 3785 3916 ad

2119 3964 2366 4016 nonam,
2399 3964 2834 4020 nonnunquam
2866 3966 3004 4006 vero
3028 3949 3325 4006 decimam
3356 3950 3563 4004 horam
3596 3947 3791 4020 porri-

2119 4043 2357 4111 guntur.
2401 4039 2749 4111 Quicunque
2808 4041 2971 4096 enim
3026 4042 3234 4097 volunt
3293 4040 3790 4112 occupationibus

2122 4126 2252 4183 istis
2283 4128 2592 4199 inservire,
2637 4134 2911 4202 tempora
2958 4130 3076 4187 ista
3129 4130 3544 4186 examinandis
3575 4129 3793 4184 divinis

2123 4218 2382 4275 oraculis
2414 4224 2472 4274 et
2502 4219 2747 4281 lectioni
2776 4219 3153 4291 impendunt.
3177 4221 3461 4292 Origenes
3492 4236 3629 4292 ergo
3651 4234 3788 4275 cum

2122 4307 2463 4363 universam
2493 4322 2725 4364 sacram
2755 4308 3125 4380 Scripturam
3153 4315 3311 4365 esset
3340 4309 3788 4380 interpretatus,

2123 4404 2396 4454 mortuus
2429 4402 2520 4454 est
2549 4412 2738 4453 annos
2768 4403 2946 4458 natus
2991 4401 3080 4454 69.
3117 4400 3197 4454 De
3226 4400 3341 4455 hoc
3371 4414 3620 4470 magnus
3651 4397 3792 4469 Ερίσι

2125 4488 2385 4560 pbanius
2415 4486 2477 4541 in
2510 4487 2780 4543 Panariis
2812 4488 2897 4543 sic
2931 4487 3176 4544 scribit:
3216 4486 3623 4560 Suppeditavit
3651 4488 3792 4542 Am-

2132 4577 2368 4632 brosius
2398 4576 2688 4632 alimenta
2718 4582 2779 4632 et
2807 4577 2942 4648 ipsi,
2972 4582 3031 4632 et
3055 4577 3473 4649 scriptoribus,
3507 4582 3565 4632 et
3594 4576 3800 4633 minis.

356 4686 418 4720 τε
479 4649 569 4720 καὶ
627 4661 807 4721 τᾶλλα
860 4667 968 4720 τῶν
1022 4662 1425 4740 ἀναλωμάτων,
1455 4666 1553 4717 τοῦ
1609 4659 1669 4716 δὲ
1719 4659 2007 4737 Ὧριγένουι

2136 4667 2264 4736 tris,
2296 4665 2567 4737 aliosque
2622 4673 2895 4738 sumptus
2945 4667 3276 4748 liberaliter
3323 4669 3483 4724 fecit.
3517 4667 3800 4739 Origenes

357 4754 413 4810 ἓν
472 4775 533 4812 τε
581 4753 885 4831 ἀγρυπνίας
924 4755 1015 4812 καὶ
1073 4753 1385 4819 πολιτείαις
1424 4749 1903 4829 ὑπερϐαλλούσαις
1932 4773 2001 4807 κα

2135 4762 2338 4812 autem
2365 4755 2582 4828 vigiliis
2613 4771 2681 4811 ao
2712 4756 3014 4813 inductria
3042 4756 3501 4814 incredibilibus
3531 4773 3684 4829 opus
3715 4755 3801 4810 di-

357 4845 551 4922 σχολῇ
600 4844 825 4921 μεγίστῃ
857 4846 951 4902 τὸν
998 4845 1124 4922 περὶ
1170 4851 1273 4915 τῆς
1325 4847 1542 4923 Γραφῆς
1589 4841 1900 4906 ὃιανύοντος
1932 4841 2023 4899 κά-

359 4957 561 5011 ματον,
611 4936 704 4991 καὶ
762 4940 936 4992 πᾶσιν
1001 4937 1104 5006 τήν
1165 4935 1518 5009 καλουμένην
1575 4937 1685 4990 τῶν
1735 4931 2020 5005 Ἑξαπλῶν

354 5026 739 5103 πραγματείαν
772 5025 862 5082 καὶ
892 5030 1001 5081 τῶν
1053 5024 1266 5081 λοιπῶν
1321 5025 1350 5079 ὁ
1406 5024 1546 5099 ἀνὴρ
1609 5024 1745 5098 μετὰ
1772 5022 2020 5098 καμάτου

355 5113 820 5195 πεφιλοτίμηται.
881 5114 952 5171 Ού
1009 5115 1173 5189 μόνον
1228 5115 1331 5191 γὰρ
1388 5112 1482 5176 τὰς
1536 5112 1841 5187 ἐπισήμους
1874 5108 2021 5168 ἐκδό-

357 5224 473 5267 σεις
516 5204 656 5260 κατᾶ
684 5205 880 5261 ταυτὸν
937 5206 1265 5281 συνήγαγεν,
1304 5201 1452 5258 ἀλλὰ
1505 5203 1597 5257 καὶ
1645 5201 1901 5276 πέμπτην
1931 5202 2024 5258 καὶ

353 5293 522 5366 ἓκτην
571 5291 709 5351 κατὰ
756 5292 883 5356 τοὺς
937 5288 1173 5371 χρόνους
1219 5291 1446 5357 τούτους
1494 5291 1546 5346 ἐν
1596 5289 1817 5373 ’Ῑεριχὼ
1858 5312 2025 5369 παρα-

357 5384 548 5461 τυχὼν
575 5383 629 5441 ἔν
660 5407 768 5443 τινι
800 5386 965 5459 πίθῳ,
1021 5385 1219 5449 ταύτας
1276 5384 1571 5455 συνέταξεν.
1627 5382 1712 5457 [Ρ.
1743 5386 1871 5457 254]
1901 5383 2025 5442 Ἐπὶ

355 5476 557 5533 ταυτὸν
616 5474 710 5534 οὖν
763 5476 939 5540 πάσας
996 5477 1347 5556 συναγαγὼν,
1407 5474 1609 5533 διελὼν
1650 5475 1709 5531 δὲ
1753 5475 1849 5531 καὶ
1880 5476 2026 5533 ἀντι-

357 5566 621 5639 παραθείς
675 5564 948 5637 ἀλλὴλων
1029 5566 1164 5642 μετὰ
1234 5566 1405 5640 αὐτῆς
1458 5572 1558 5636 τῆς
1609 5561 1883 5641 Ἐϐραίων
1932 5586 2027 5638 ση-

2131 4845 2282 4902 νίιιω
2310 4845 2629 4916 Scriptura;
2679 4843 3042 4915 elaboravit;
3103 4864 3173 4903 ac
3230 4864 3362 4920 quea
3421 4847 3801 4920 appellantur

2134 4934 2412 5005 Hexapls,
2449 4938 2509 4989 et
2539 4934 2775 5005 reliqua
2804 4936 3009 4991 omnia
3034 4952 3252 5010 magno
3286 4937 3490 4993 labore
3519 4934 3798 4991 confecit.

2132 5027 2260 5082 Non
2288 5023 2449 5080 enim
2480 5027 2711 5080 tantum
2747 5024 3011 5099 insignes
3044 5027 3189 5082 istas
3221 5027 3516 5082 editiones
3539 5024 3796 5095 collegit,

2136 5114 2239 5170 sed
2272 5118 2329 5169 et
2361 5113 2632 5185 quintam
2665 5120 2722 5169 et
2754 5122 2981 5172 sextam
3009 5117 3351 5172 Jerichunte
3382 5117 3444 5169 in
3476 5113 3634 5168 dolio
3668 5118 3796 5168 tum

2134 5205 2408 5261 inventas
2439 5200 2662 5276 adjecit
2686 5220 2699 5271 ;
2733 5204 3135 5277 omnibusque
3157 5205 3219 5260 in
3242 5218 3429 5260 unum
3451 5200 3796 5273 compositis

2136 5291 2583 5367 dispositisque,
2644 5293 2727 5350 ita
2784 5300 2850 5349 ut
2905 5293 3116 5352 ordine
3170 5292 3325 5349 inter
3355 5310 3418 5349 se
3448 5290 3650 5347 omnia
3680 5286 3796 5347 sibi

2136 5382 2543 5453 Hebraicoque
2574 5383 2755 5439 etiam
2780 5399 2958 5454 quem
2980 5382 3238 5439 addebat
3258 5381 3444 5436 textui
3475 5379 3799 5452 responde-

2135 5477 2292 5539 rent,
2325 5470 2587 5543 Hexapla
2617 5471 2731 5528 ista
2760 5471 2906 5527 scite
2927 5471 3249 5527 admodum
3272 5475 3453 5542 atque
3484 5471 3657 5527 docte
3686 5486 3794 5544 pro

2138 5582 2247 5622 sua
2275 5564 2492 5639 peritia
2517 5562 2915 5621 concinnavit.

360 5654 648 5730 μειώσεως
702 5655 772 5711 τὰ
832 5656 941 5710 τῶν
1002 5653 1319 5733 λεγομένων
1379 5648 1663 5727 Ἐξαπλῶν
1720 5652 2066 5737 ἀντιγράφων
2125 5651 2336 5735 εὐφυῶς
2395 5648 2537 5707 υάλα
2590 5649 2682 5706 καὶ
2739 5647 3131 5726 ἐπιστημόνως
3177 5647 3240 5706 ix.
3270 5647 3635 5725 πολυπειρίας
3667 5670 3796 5708 κατ-

357 5742 664 5804 εσκεύασεν.
