4154 6432
343 414 463 476 487

420 551 544 604 Non
574 553 776 604 tamen
806 546 995 617 gloria
1026 546 1153 617 ejus
1184 545 1289 599 viri
1330 546 1402 598 ad
1454 545 1633 599 ﬁnem
1667 559 1857 613 usque
1889 540 2003 596 illi-
2034 539 2087 605 Α

347 640 488 694 bata
520 638 867 708 permansit.
903 638 1045 690 Nam
1078 635 1177 688 illa
1245 638 1362 688 tam
1395 633 1745 704 multiplicis
1777 631 2002 703 peritia)

352 726 676 783 efﬁcacitas
704 726 776 781 ad
810 730 1139 779 extremum
1158 722 1499 793 gravissimo
1522 738 1656 776 eum
1690 738 1830 775 casu
1860 720 2007 776 afﬂi-

348 818 471 881 xit;
529 816 853 884 multisque
912 811 1269 868 offendicula
1300 811 1413 865 fuit
1469 816 1529 866 et
1583 811 1744 865 exitii
1777 816 2003 865 auctor.

314 907 493 973 ,Dum
529 905 687 960 enim
718 902 869 957 nihil
903 902 973 956 de
1006 902 1159 955 446
1196 901 1379 955 sacris
1413 901 1644 955 Litteris
1676 899 2004 970 inexplica-

344 1000 468 1050 tum
499 994 623 1047 vult
648 992 1010 1062 relinquere,
1045 1006 1107 1045 se
1138 993 1336 1060 ipsum
1369 990 1430 1044 in
1474 995 1782 1060 peccatum
1817 988 2002 1041 intro-

345 1082 510 1138 duxit
534 1080 827 1149 verbaque
854 1078 1098 1132 lethalia
1119 1078 1376 1148 scripsit.
1402 1080 1544 1131 Nam
1569 1077 1640 1131 ab
1665 1094 1731 1132 eo
1751 1080 1809 1131 et
1830 1076 2003 1130 Arius

346 1186 551 1226 ansam
573 1169 662 1223 sui
690 1168 907 1223 erroris
935 1172 1239 1222 mutuatus
1264 1172 1439 1230 est,et
1462 1167 1675 1238 reliqui
1700 1166 2000 1237 deinceps,

344 1262 445 1333 qui
478 1262 692 1315 Filium
726 1260 885 1315 Patri
919 1259 1177 1314 similem
1234 1259 1621 1331 ejusdemque
1658 1258 2003 1314 substantia)

340 1356 578 1422 negant,
614 1357 672 1405 et
702 1349 825 1405 alii.
861 1349 1159 1420 Principio
1194 1349 1355 1402 enim
1395 1349 1675 1420 Origenes
1707 1364 1886 1403 ausus
1917 1352 2006 1401 est

342 1441 468 1495 hch
490 1439 667 1495 verba
690 1455 945 1510 ponere:
972 1438 1322 1510 Unigenitus
1344 1438 1526 1492 Filius
1550 1440 1782 1492 Patrem
1807 1436 2003 1491 videre

342 1546 462 1583 non
498 1534 708 1601 potest,
743 1545 937 1598 neque
970 1528 1184 1581 Filium
1216 1526 1469 1598 Spiritus
1512 1532 1774 1593 sanctus,
1808 1542 2001 1595 neque

343 1620 539 1691 angeli
574 1618 858 1689 Spiritum
891 1624 1186 1685 sanctum,
1210 1633 1406 1687 neque
1430 1616 1704 1671 homines
1737 1616 2001 1687 angelos.

342 1711 526 1780 Negat
557 1709 734 1763 etiam
768 1708 981 1761 Filium
1009 1707 1081 1761 de
1116 1713 1330 1761 natura
1362 1707 1551 1760 Patris
1585 1722 1735 1771 esse,
1768 1704 1870 1759 sed
1911 1721 2006 1759 as-

344 1799 490 1854 serit
521 1814 653 1851 eum
688 1803 950 1851 creatum
988 1813 1138 1863 esse,
1172 1812 1239 1851 ac
1273 1795 1431 1866 quod
1472 1795 1656 1849 Filius
1688 1794 2007 1859 dicatur,id

1706 406 2027 469 GEORGII
2073 404 2420 467 CEDRENI

3648 410 3773 507 48S

2191 537 2352 594 Ἀλλ’
2392 540 2495 594 οὐκ
2526 539 2601 601 εἷς
2630 537 2794 601 τέλος
2827 534 3085 593 ἄσϐεστον
3150 538 3314 594 αὐτοῦ
3372 539 3435 595 τὸ
3493 538 3656 603 κλέος
3687 538 3773 595 δι-

2117 628 2316 699 ἑμεινε.
2353 623 2682 702 Συμϐἑϐηκε
2712 628 2815 705 γὰρ
2846 627 2994 701 αὐτῷ
3024 630 3085 683 τὸ
3118 636 3214 697 τῆς
3244 627 3605 698 πολυπειρίας
3639 627 3772 705 δρα-

2116 717 2337 789 στήριον
2371 722 2575 790 πτῶμα
2626 715 2879 788 ἐξαίσιον,
2930 717 3019 770 καὶ
3075 717 3259 790 μέντοι
3297 715 3596 772 σκάνδαλον
3629 718 3775 774 πολ-

2115 803 2236 866 λοῖς
2268 806 2359 859 καὶ
2390 803 2671 867 ἀπωλείας
2726 806 2984 880 πρόξενος
3037 806 3240 882 γὲγονε.
3285 807 3635 881 Βουλόμενος
3667 809 3770 883 γὰρ

2119 892 2286 968 μηδὲν
2342 895 2495 952 ἐᾶσαι
2570 901 2676 951 τῶν
2756 896 2912 952 θείων
2996 903 3221 973 Γρανρῶν
3280 897 3634 973 ἀνεξήγητον,
3695 899 3773 964 εἷς

2115 986 2405 1062 ἐπαγωγὴν
2457 988 2646 1042 ἑαυτὸν
2697 983 3015 1062 περιέϐαλεν
3072 987 3339 1063 ἁμαρτίας
3378 987 3466 1042 καὶ
3500 989 3773 1062 θανάσιμα

2115 1076 2422 1151 ἐξηγήσατο
2456 1076 2696 1153 ῥήματα.
2760 1079 2843 1148 Ἐξ
2901 1078 3067 1131 αὐτοῦ
3121 1078 3223 1153 γὰρ
3255 1079 3369 1157 ’καὶ
3422 1083 3644 1152 ’Ἄρειος
3672 1079 3771 1140 τὰς

2113 1166 2365 1245 ἀφορμὰς
2432 1167 2627 1245 ε’ἰληφε
2692 1168 2783 1223 καὶ
2841 1169 2892 1223 οἱ
2950 1170 3180 1238 καθεξῆς
3248 1167 3505 1241 ἀνόμοιοί
3575 1190 3626 1223 τε
3676 1169 3770 1224 καὶ

2113 1256 2323 1310 ἀνόσιοι
2354 1260 2463 1329 (67)
2495 1257 2584 1311 καὶ
2638 1260 2687 1312 οἱ
2743 1256 2934 1312 λοιποὶ
2991 1259 3209 1319 πάντες.
3246 1254 3447 1312 Φάσκει
3476 1257 3580 1333 γὰρ
3612 1258 3771 1319 οὗτος

2111 1342 2403 1418 τολμήσας
2433 1346 2568 1401 κατᾶ
2591 1348 2691 1416 τήν
2724 1346 2903 1421 ἀρχὴν
2946 1347 3030 1402 ’ὁτι
3091 1348 3118 1401 ὁ
3155 1349 3455 1421 μονογενὴς
3484 1347 3610 1409 Υἱὸς
3640 1347 3769 1420 ὁρᾷν

2111 1435 2204 1489 τὸν
2238 1434 2449 1509 Ηατέρα
2478 1436 2541 1490 οὐ
2576 1432 2817 1505 δύναται,
2850 1432 2971 1490 οὕτε
3010 1435 3103 1491 τὸν
3162 1435 3287 1489 Υἱὸν
3337 1436 3400 1490 τὸ
3461 1438 3683 1509 Πνεῦμα
3709 1436 3774 1490 τὸ

2115 1525 2287 1599 ἅγιον,
2321 1521 2443 1578 οὔτε
2476 1526 2527 1578 οἱ
2558 1521 2782 1599 ἄγγελοι
2838 1523 2902 1578 τὸ
2933 1527 3170 1595 Πνεῦμα,
3204 1525 3328 1578 οὕτε
3383 1524 3433 1577 οἱ
3494 1521 3761 1599 ἅνθρωπω

2114 1614 2242 1676 τοὺς
2298 1613 2587 1689 ἀγγέλους.
2649 1614 2750 1669 Καὶ
2807 1612 2868 1667 ἐκ
2922 1621 3020 1682 τῆς
3082 1612 3268 1674 οὐσίας
3323 1616 3420 1667 τοῦ
3467 1614 3675 1687 ΙΙατρὸς
3705 1612 3771 1668 οὗ

2115 1699 2261 1755 θὲλει
2315 1702 2451 1756 εἶναι
2511 1702 2602 1757 τὸν
2663 1701 2807 1769 Υἱὸν,
2867 1699 3014 1756 ἀλλὰ
3064 1700 3288 1773 κτίσμα,
3319 1699 3411 1755 καὶ
3442 1700 3579 1755 κατὰ
3610 1700 3774 1775 χάριν

2119 1791 2241 1844 Υἱὸν
2271 1789 2542 1866 λέγεσθαι,
2598 1791 2698 1859 τὴν
2763 1789 2820 1845 δὲ
2875 1790 3208 1865 ἀνθρωπίνην
3266 1791 3451 1863 ψυχὴν
3484 1790 3772 1864 προϋπάρ-

341 1887 498 1941 dono
530 1887 852 1957 accepisse.
890 1887 1069 1940 Docet
1101 1885 1283 1939 etiam
1315 1885 1578 1939 animam
1613 1883 1877 1937 hominis
1910 1883 2000 1937 ho-

2118 1898 2257 1953 χειν,
2289 1880 2517 1934 καὶτῶν
2570 1877 2850 1953 δαιμόνων
2888 1880 2989 1948 τὴν
3048 1879 3127 1943 εἰς
3175 1878 3238 1933 τὸ
3296 1879 3531 1953 ἀρχαῖον
3565 1877 3772 1932 ἀποκα-

342 1975 502 2029 mine
533 1974 699 2046 prius
732 1974 1008 2041 existere,
1040 1972 1312 2028 diabolos
1347 1973 1407 2027 in
1439 1972 1758 2043 pristinum
1788 1975 2007 2024 statum

341 2065 685 2121 restitutum
718 2064 790 2118 iri
848 2081 917 2120 ac
977 2064 1160 2119 ﬁnem
1202 2063 1328 2117 fore
1388 2062 1719 2133 supplicio;
1771 2060 2007 2131 aliaque

346 2160 636 2226 praeterea
664 2153 847 2224 impie
878 2152 1077 2207 tradit.
1110 2154 1177 2206 In
1209 2151 1457 2223 quodvis
1487 2157 1688 2206 autem
1728 2151 2005 2205 volumen

348 2243 629 2313 Origenes
659 2242 850 2297 multa
875 2242 1189 2313 congessit.
1212 2243 1278 2295 In
1296 2240 1512 2311 quibus
1538 2240 1639 2295 ubi
1671 2240 1847 2294 certis
1871 2256 2004 2294 cum

342 2332 693 2387 hominibus
715 2332 1073 2401 colloquitur
1092 2337 1194 2386 aut
1210 2330 1511 2402 praefando
1534 2331 1605 2385 de
1628 2330 1916 2395 moribus,
1932 2329 2004 2384 de

344 2421 575 2477 naturis
606 2421 998 2476 animantium
1022 2426 1080 2475 et
1103 2422 1333 2475 ratione
1356 2420 1685 2475 carentium
1719 2418 2000 2489 disputat,

345 2512 610 2566 medium
648 2518 856 2565 tenens
919 2526 1330 2581 saepenumero
1390 2510 1691 2582 eleganter
1737 2509 1999 2565 disserit.

347 2601 456 2656 Ubi
488 2606 685 2655 autem
718 2600 790 2655 de
824 2600 939 2655 ﬁde
972 2599 1209 2655 decreta
1240 2599 1461 2666 condit,
1515 2600 1594 2654 ibi
1646 2599 1853 2669 quovis
1884 2598 2001 2654 alio

338 2689 657 2745 absurdior
686 2694 793 2744 est.
827 2688 1075 2744 Videtur
1105 2695 1304 2744 autem
1339 2688 1520 2743 etiam
1565 2689 1741 2742 vitam
1776 2706 1907 2759 qua)
1940 2689 2001 2742 in

338 2778 641 2834 domando
674 2795 922 2850 corpore
953 2784 1279 2849 occupatur
1309 2777 1642 2849 amplexus,
1676 2784 1735 2832 et
1764 2778 1837 2833 ad
1869 2794 1999 2832 eam

340 2885 468 2923 rem
499 2868 730 2938 aliquid
762 2868 1141 2939 excogitasse.
1176 2869 1321 2922 Nam
1355 2865 1598 2937 quidam
1638 2868 1826 2934 aiunt,
1862 2883 1999 2921 eum

340 2956 454 3012 sibi
482 2974 727 3012 nervum
761 2956 1123 3027 praecidisse,
1156 2973 1233 3011 ne
1278 2956 1386 3011 sibi
1423 2972 1457 3011 a
1487 2956 1785 3027 voluptate
1818 2972 2000 3028 nego-

342 3046 489 3100 tium
523 3045 922 3113 exhiberetur,
954 3045 1055 3100 alii
1090 3063 1224 3099 eum
1256 3045 1535 3115 genitalia
1562 3045 1840 3116 imposito
1872 3061 1999 3100 me-

341 3133 679 3189 dicamento
711 3134 1076 3200 exsiccasse;
1110 3133 1210 3187 alii
1244 3132 1362 3188 alia
1393 3133 1445 3188 ei
1479 3132 1996 3203 ascribunt,quale

339 3223 559 3290 ethoc,
621 3223 779 3293 quod
829 3222 1074 3278 herbam
1133 3223 1429 3277 invenerit
1487 3239 1605 3293 qua
1646 3223 1995 3278 memoriam

337 3318 595 3368 acueret.
630 3314 840 3367 Fertur
869 3312 1083 3367 Christi
1114 3313 1303 3385 gratia
1356 3312 1545 3367 multa
1587 3329 1715 3367 esse
1746 3329 1993 3383 perpes-

338 3419 459 3470 sus,
492 3401 708 3473 quippe
749 3402 926 3456 homo
977 3402 1185 3457 doctus
1216 3408 1274 3456 et
1304 3402 1367 3455 in
1399 3401 1662 3456 Ecclesia
1691 3401 1994 3456 educatus.

340 3490 450 3545 Sed
482 3507 617 3545 cum
649 3490 806 3562 apud
840 3491 1220 3562 magistratus
1251 3507 1359 3561 per
1389 3489 1754 3544 calumniam
1796 3490 1994 3544 tradu-

340 3585 468 3635 ctus
499 3585 676 3648 esset,
710 3579 1022 3635 diabolicis
1079 3582 1226 3635 447
1292 3579 1520 3635 artibus
1569 3578 1876 3633 inventum
1909 3583 1999 3633 est

342 3669 640 3740 quomodo
697 3669 1134 3726 circumventus
1192 3686 1226 3724 a
1282 3674 1443 3724 recto
1505 3667 1739 3723 detrudi
1772 3674 1995 3739 posset-

341 3756 824 3813 Subornaverunt
871 3758 1033 3813 enim
1111 3757 1430 3828 quemdam
1489 3756 1680 3811 virum
1740 3762 1996 3827 turpem,

340 3847 693 3918 Ethiopem,
726 3848 825 3918 qui
860 3849 988 3919 ejus
1021 3863 1290 3917 corpore,
1317 3846 1365 3901 si
1392 3845 1726 3900 sacriﬁcare
1760 3846 1997 3901 abnuis-

338 3941 448 4002 set,
480 3934 554 3991 ad
587 3936 907 3992 obscenam
957 3935 1305 3990 abuteretur
1334 3934 1665 3990 libidinem.
1700 3936 1841 3991 Eam
1874 3942 1994 3990 tur-

340 4026 670 4096 pitudinem
704 4027 885 4097 hujus
913 4025 1374 4080 machinationis
1406 4042 1526 4079 non
1565 4027 1764 4081 ferens
1796 4025 1999 4094 Orige—

343 4132 471 4179 nes,
510 4132 645 4170 cum
705 4121 863 4170 esset
913 4116 965 4168 ei
1027 4114 1221 4169 soluta
1273 4115 1454 4186 optio,
1492 4114 1552 4169 in
1606 4115 1759 4170 hanc
1792 4131 1997 4169 vocem

342 4206 556 4277 erupit,
588 4205 733 4261 velle
783 4223 843 4260 se
893 4204 1250 4260 sacriﬁcare.
1302 4205 1630 4276 Statimque
1683 4206 1733 4259 ei
1770 4206 1905 4260 thus
1937 4205 1996 4259 in

344 4311 557 4350 manus
589 4299 680 4349 est
708 4295 1016 4367 injectum.
1051 4294 1211 4365 quod
1236 4294 1335 4349 ille
1358 4294 1414 4348 in
1439 4311 1646 4367 rogum
1669 4311 1785 4349 aras
1809 4294 1998 4351 immi-

342 4384 438 4439 sit.
479 4385 807 4454 EaprOpter
838 4382 1194 4454 ajudicibus
1226 4399 1260 4437 a
1291 4383 1556 4453 martyrii
1592 4382 1874 4453 dignitate
1907 4400 1996 4437 re-

343 4471 550 4543 pulsus
582 4472 964 4541 Ecclesiaque
996 4472 1239 4541 ejectus,
1274 4488 1407 4526 cum
1440 4470 1700 4526 dedecus
1732 4472 1845 4525 hoc
1875 4488 1997 4525 non

337 4562 543 4631 ferret,
577 4560 938 4615 Alexandria
970 4560 1173 4614 relicta
1220 4560 1280 4614 in
1328 4560 1594 4614 Judaeam
1628 4575 1689 4615 se
1721 4560 1994 4615 contulit.

2116 1970 2392 2036 τάστασιν,
2438 1969 2528 2023 καὶ
2585 1968 2747 2031 τὲλος
2804 1975 2904 2039 τῆς
2962 1967 3265 2037 κολάσεως,
3296 1967 3384 2021 καὶ
3417 1968 3484 2021 τὰ
3513 1968 3633 2039 ἑξῆς
3664 1970 3771 2021 τῶν

2121 2058 2494 2137 βλασφημιῶν
2535 2058 2721 2114 αὐτοῦ.
2758 2055 2982 2126 Πολλὴν
3043 2061 3173 2135 γοῦν
3231 2056 3502 2126 πεποίηκε
3534 2054 3774 2127 σύνταξιν

2118 2148 2193 2211 είς
2254 2150 2481 2220 ἑκάστην
2539 2150 2776 2226 Γραφὴν,
2835 2148 2927 2202 καὶ
2975 2147 3075 2202 ὅσα
3135 2148 3228 2220 μὲν
3287 2145 3343 2201 ἐν
3383 2143 3776 2219 προσομιλίαις

2113 2241 2204 2295 καὶ
2238 2238 2326 2295 διὰ
2355 2242 2667 2315 προοιμίων
2727 2240 2802 2302 εἷς
2860 2239 2967 2310 ἤθη
3025 2260 3084 2295 τε
3134 2238 3224 2293 καὶ
3282 2237 3360 2299 εἷς
3402 2236 3585 2316 φύσεις
3620 2236 3774 2305 ζώων

2115 2350 2173 2384 τε
2222 2330 2310 2384 καὶ
2367 2328 2586 2406 ἀλόγων
2644 2328 2829 2405 εἷ’ρηκε
2904 2329 3066 2401 μέσος
3124 2326 3442 2406 φερόμενος,
3498 2323 3771 2386 πολλάκις

2114 2419 2411 2493 χαριέντως
2456 2416 2778 2496 διηγήσατο*
2830 2419 2928 2472 ὅσα
2994 2414 3051 2472 δὲ
3089 2417 3211 2491 περὶ
3262 2416 3495 2478 πίστεως
3532 2412 3775 2489 ἐδογμά-

2114 2529 2249 2580 τισε,
2307 2513 2414 2563 τῶν
2479 2510 2690 2562 πάντων
2768 2506 3115 2581 ἀτοπώτερος
3197 2505 3517 2580 εὑρίσκεται.
3581 2500 3770 2573 Ἔδοξε

2115 2595 2173 2652 δὲ
2201 2598 2291 2652 καὶ
2344 2597 2638 2668 ἀσκητικὸν
2694 2596 2809 2673 βίον
2868 2595 3245 2671 ἐπανῃρῆσθαι
3304 2596 3441 2668 (68),
3495 2593 3586 2648 καὶ
3635 2591 3771 2647 κατᾶ

2114 2687 2176 2742 τὸ
2235 2685 2977 2760 σωμάτιον-ἐπινενοηκέναι
3032 2706 3108 2755 τι,
3169 2686 3221 2738 οἱ
3282 2684 3376 2756 μὶν
3438 2682 3522 2737 ὅτι
3580 2686 3767 2757 νεῦρον

2112 2776 2550 2849 ἆποτετμηκέναι
2583 2773 2673 2830 διὰ
2700 2776 2764 2831 τὸ
2820 2778 2894 2849 μή
2940 2780 3009 2849 τῇ
3069 2771 3241 2848 ἡδονῇ
3286 2770 3771 2851 παρενοχλεῖσθαι,

2112 2866 2164 2919 οἱ
2216 2863 2273 2919 δὲ
2329 2865 2611 2943 φάρμακον
2670 2864 2981 2933 ἐπιτεθῆναι
3034 2868 3151 2924 τοῖς
3210 2861 3424 2936 μορίοις
3458 2861 3609 2915 εἷπον
3642 2870 3772 2931 παρ’

2111 2954 2274 3010 αὐτοῦ
2326 2956 2416 3010 καὶ
2477 2956 2834 3031 ἀποξηρᾶναι.
2896 2950 3096 3010 Ἀλλοι
3162 2948 3218 3007 δὲ
3273 2948 3420 3006 ἄλλα
3474 2950 3550 3012 εἷς
3611 2950 3775 3004 αὐτὸν

2110 3044 2488 3121 ἀναφὲρουσιν,
2521 3045 2595 3106 ὡς
2628 3043 2712 3098 ὅτι
2759 3043 2847 3098 καὶ
2902 3043 3134 3117 βοτάνην
3189 3040 3436 3117 ἰατρικὴν
3471 3040 3593 3113 εὗρε
3629 3042 3768 3112 μνή-

2114 3155 2220 3207 μης
2277 3133 2453 3190 ἓνεκα.
2514 3134 2681 3195 Οὗτος
2741 3131 2926 3188 πολλά
2984 3130 3203 3208 λέγεται
3257 3128 3575 3185 πεπονθέναι
3635 3128 3769 3202 ὑπὲρ

2108 3223 2370 3297 Χριστοῦ,
2430 3221 2623 3296 λόγιος
2680 3219 2753 3276 ὢν
2811 3218 3019 3295 σφόδρα
3076 3218 3165 3274 καὶ
3232 3220 3285 3273 ἒν
3340 3223 3408 3291 τῇ
3472 3216 3771 3288 Ἐκκλησίᾳ

2109 3310 2607 3387 ἀνατεθραμμένος.
2672 3310 2865 3383 Φθόνῳ
2931 3307 2988 3364 δὲ
3064 3304 3385 3375 διαϐληθεὶς
3442 3308 3580 3382 πρὸς
3637 3304 3765 3366 τοὺς

2103 3403 2206 3465 τῆς
2291 3400 2530 3470 ἐξουσίας
2615 3401 2911 3478 ἄρχοντας,
2978 3396 3369 3472 κακομηχανίᾳ
3436 3389 3765 3463 διαϐολικῆς

2104 3488 2347 3551 ἐπινοίας
2401 3489 2478 3552 εἷς
2537 3487 2895 3564 αἶ’σχρότερον
2947 3485 3116 3563 ἄνδρα
3172 3487 3331 3565 φασὶν
3407 3484 3765 3553 ἐπινοηθῆναι

2105 3578 2250 3652 παρᾶ
2306 3582 2416 3633 τῶν
2472 3585 2572 3647 τῆς
2627 3576 2819 3639 κακίας
2872 3574 3113 3653 ἒργατῶν
3191 3575 3384 3631 τοῦτον
3439 3567 3758 3628 ὑπολαϐεῖν.

2107 3667 2343 3731 Αἰθίοπα
2400 3668 2502 3743 γὰρ
2571 3666 2720 3739 αὐτῷ
2785 3665 3183 3741 παρεσκεύασαν
3248 3664 3323 3726 εἷς
3410 3660 3763 3740 παράχρησιν

2103 3760 2201 3811 τοῦ
2232 3756 2487 3830 σώματος
2520 3754 2709 3812 αὐτοῦ.
2767 3756 2827 3812 Ὁ
2888 3752 2947 3810 δὲ
3008 3757 3084 3828 μή
3153 3756 3331 3833 φέρων
3362 3751 3461 3820 τήν
3492 3750 3762 3819 τοσαύτην

2108 3843 2376 3920 βδελυρὰν
2436 3844 2675 3900 ἐπίνοιαν
2734 3843 2927 3919 ἔρρηξε
2980 3844 3161 3919 φωνὴν
3237 3841 3563 3919 ἀμφοτέρων
3618 3840 3768 3910 αὐτῷ

2105 3933 2470 4011 προτεθέντων
2524 3935 2879 4011 πραγμάτων.
2944 3933 3094 3991 Ἐπεὶ
3171 3929 3230 3988 δὲ
3284 3936 3446 3987 τοῦτο
3507 3933 3764 4002 καθωμο-

2107 4023 2312 4100 λόγησε
2370 4029 2544 4095 θῦσαι,
2606 4019 2863 4085 ϐαλόντες
2923 4022 3010 4078 ἐπὶ
3066 4027 3230 4097 χεῖρα
3286 4022 3456 4076 αὐτοῦ
3518 4014 3765 4087 λίϐανον,

2106 4113 2182 4176 εἷς
2239 4115 2338 4183 τήν
2398 4114 2494 4168 τοῦ
2555 4115 2750 4188 βωμοῦ
2809 4112 2983 4187 πυρὰν
3039 4118 3266 4183 καθῆκε,
3326 4112 3418 4165 καὶ
3479 4109 3623 4163 οὕτω
3668 4111 3766 4162 τοῦ

2110 4200 2410 4278 μαρτυρίου
2477 4201 2583 4256 ἀπὸ
2644 4206 2751 4256 τῶν
2810 4199 3105 4275 κρινάντων
3164 4194 3456 4270 ἀπεϐλήθη
3514 4197 3606 4252 καὶ
3663 4203 3765 4265 τῆς

2104 4289 2435 4361 Ἐκκλησίας
2486 4290 2716 4361 ἐξὼσοη.
2772 4292 2880 4360 Τὴν
2932 4286 3345 4363 Ἀλεξάνδρειαν
3377 4285 3434 4342 δὲ
3465 4286 3642 4343 λιπὼν
3677 4284 3766 4340 διὰ

2103 4381 2167 4435 τὸ
2199 4376 2406 4443 ὄνειδος
2458 4383 2558 4450 τὴν
2614 4376 2877 4436 Ἰουδαίαν
2924 4373 3240 4435 κατέλαϐεν.
3295 4381 3375 4451 [Ρ.
3409 4377 3534 4450 255]
3568 4373 3763 4430 Ἀνελ-

2106 4470 2211 4523 θὼν
2243 4467 2302 4523 δὲ
2332 4468 2407 4530 εἰς
2438 4466 2796 4543 Ἱεροσόλυμα
2827 4469 2902 4532 ὡς
2940 4467 3210 4544 ἐξηγητής
3267 4467 3358 4522 καὶ
3416 4464 3604 4542 λόγιος
3636 4483 3766 4539 προ-

2108 4559 2360 4634 ετρέπετο
2393 4557 2499 4612 ἀπὸ
2529 4562 2627 4612 τοῦ
2659 4557 2898 4633 ἱερατίου
2931 4556 3021 4611 ἐπὶ
3068 4563 3168 4625 τῆς
3210 4554 3543 4626 Ἐκκλησίας
3573 4554 3764 4609 εἰπεῖν’

344 4652 489 4705 Cum
521 4655 719 4704 autem
746 4651 1154 4722 Hierosolyma
1198 4650 1582 4721 pervenisset,
1618 4651 1996 4706 sacerdotum

2113 4644 2467 4723 πρεσϐύτερος
2513 4648 2618 4721 γὰρ
2677 4655 3030 4723 προϋπῆρχε.
3090 4646 3195 4703 Καὶ
3254 4644 3442 4701 πολλὰ
3499 4664 3766 4718 καταναγ-

341 4739 414 4794 ab
447 4755 514 4793 eo
548 4738 862 4811 collegium
888 4745 956 4793 ut
984 4740 1224 4795 homine
1256 4739 1430 4794 docto
1460 4744 1637 4808 atque
1670 4739 1996 4811 interprete

342 4826 647 4898 ﬂagitavit,
681 4829 765 4882 uti
815 4828 1041 4899 aliquid
1100 4846 1205 4900 pro
1255 4827 1539 4883 concione
1572 4827 1835 4884 diceret:
1869 4835 2000 4885 erat

341 4916 503 4972 enim
536 4917 863 4991 presbyter.
911 4919 1115 4989 Itaque
1174 4935 1310 4972 cum
1369 4916 1689 4973 admodum
1718 4925 2001 4991 urgerent

2103 4738 2322 4803 κασθεὶς
2382 4736 2485 4791 ὑπὸ
2539 4741 2647 4791 τῶν
2703 4737 2916 4812 ἱερέων,
2976 4736 3206 4798 ἀναστὰς
3260 4735 3355 4790 καὶ
3400 4740 3564 4789 τοῦτο
3598 4734 3762 4805 μόνον

2103 4828 2166 4883 τὸ
2199 4826 2364 4903 ῥητὸν
2398 4826 2586 4881 εῗπών·
2620 4831 2714 4899 Τῷ
2746 4824 2803 4880 δὲ
2833 4824 3151 4901 ἁμαρτωλῷ
3197 4824 3344 4878 εἶπεν
3398 4823 3426 4875 ὁ
3467 4821 3618 4903 Θεὸς·
3649 4823 3764 4874 Ἵνα

2104 4916 2159 4974 τί
2189 4918 2251 4972 σὺ
2284 4913 2516 4992 ἐκδιηγῇ
2573 4916 2640 4971 τὰ
2696 4912 3041 4988 δικαιώματά
3102 4933 3207 4985 μου
3236 4912 3326 4965 καί
3359 4902 3766 4979 ἀναλαμϐάνεις

1531 5046 1903 5104 XYLANDRI
1941 5049 2027 5103 ET
2066 5046 2284 5102 GOARI
2328 5047 2554 5103 NOT/E.

408 5168 789 5244 (67))Ανόσιοι
851 5169 1431 5244 ἱπιρίοεηὶιεοτθςὶοοε
1501 5170 1835 5244 signiﬁcat;
1890 5189 1993 5244 ego

338 5240 749 5314 perspicuitati
771 5240 992 5298 servire
1014 5241 1407 5310 nolui,etﬁeri
1434 5240 1628 5313 potest
1645 5248 1709 5297 ut
1728 5240 1997 5311 ἀνόμοῶ-

340 5313 446 5387 σιοι
476 5313 777 5387 Cedrenus
809 5314 1136 5387 scripserit.
1160 5314 1298 5368 XvL.
1321 5344 1385 5353 -
1406 5315 1478 5367 At
1500 5313 1600 5385 qui
1634 5314 1992 5387 scripsisset.

342 5386 392 5458 si
422 5385 676 5441 necdum
708 5402 742 5440 a
772 5385 1070 5458 Xylandro
1103 5387 1356 5440 conﬁcta
1412 5402 1519 5458 vox
1561 5385 1738 5458 erat?
1769 5386 1997 5458 certius

340 5455 545 5510 dixero
577 5458 703 5511 ﬁeri
736 5453 1001 5527 potuisse
1058 5464 1125 5512 ut
1183 5456 1507 5526 scripserit,
1555 5453 1726 5508 ἄνισοι
1760 5457 1848 5511 vel
1880 5454 1992 5508 ἀ·ιὶ-

341 5545 472 5592 σιοι,
508 5544 637 5600 qum
670 5546 860 5596 voces,
886 5535 1011 5584 tum
1035 5528 1189 5600 apud
1215 5535 1491 5598 antiquos
1516 5533 1642 5581 tum
1671 5528 1828 5600 apud
1860 5545 1997 5583 neo-

340 5604 499 5670 teros
532 5599 879 5667 Orientales,
912 5599 1295 5670 ina’qualitale
1344 5601 1570 5670 affectos
1601 5604 1650 5651 et
1681 5599 1872 5654 ductos
1904 5617 1997 5655 re-

337 5669 471 5741 fert,
507 5674 568 5722 ut
599 5670 882 5727 nimirum
942 5667 1119 5727 iidem
1181 5667 1404 5726 essent
1441 5667 1639 5721 ἁνίσιοι
1668 5671 1769 5741 qui
1804 5677 1861 5727 et
1903 5671 1997 5725 ἀν-

337 5738 546 5812 όμοιοι.
581 5741 759 5796 ϐοΑιι.

2180 5171 2294 5241 (68)
2353 5170 2757 5241 Ἐπανήρατοη
2797 5163 3074 5241 ἕπειρξιτο,
3132 5158 3330 5241 εἳλετο.
3391 5156 3766 5241 ᾚπανηρημέτ

2103 5234 2213 5309 νοέ,
2247 5234 2652 5315 τέροῃρημένός,
2684 5234 2875 5292 θέλων.
2921 5234 3167 5315 Βυῇᾴειε.
3229 5235 3501 5315 ῥεοριῇοιι
3530 5234 3646 5285 vita
3676 5234 3766 5285 est

2147 5300 2236 5369 uae
2269 5300 2747 5387 corpu-sidom'are
2770 5306 3058 5387 assuescit
3079 5312 3137 5387 e‘t
3158 5305 3502 5387 solipi‘etati
3534 5317 3759 5387 vacare.

2147 5332 2236 5369 ure
2269 5332 2485 5387 corpus
2507 5332 2747 5368 domare
2770 5332 3058 5362 αδυυοδυιι
3079 5332 3137 5360 ει,
3158 5332 3269 5360 sun
3305 5332 3502 5376 plctdu
3540 5332 3693 5359 γαυιιι
3710 5332 3759 5355 c.

2106 5332 2170 5440 ἓὶ
2195 5384 2607 5441 exercitationi
2629 5378 2904 5437 monachi
2928 5376 3532 5448 studebant,indeque
3551 5378 3763 5448 ascetze

2107 5457 2462 5513 dicebantur
2478 5455 2645 5527 quasi
2666 5450 3401 5527 exerc_itatores.Caeteru_m
3424 5446 3549 5527 haec
3564 5446 3765 5527 omnia

2108 5529 2265 5600 apud
2296 5520 2537 5583 Suidam
2569 5521 2890 5600 aliquando
2924 5521 3101 5600 etiam
3129 5538 3303 5592 quam
3333 5522 3425 5576 hic
3451 5520 3684 5600 plenius
3709 5522 3767 5572 et

2108 5592 2395 5673 integrius
2428 5592 2706 5683 leguptu—r
2735 5596 2793 5676 in
2827 5592 3126 5683 Ὠριγὲνης,
3162 5609 3338 5663 quem
3374 5596 3610 5683 secutus
3634 5606 3767 5683 δεξεμ

2109 5664 2441 5727 ειιίεἾοοίε.
2482 5664 2620 5723 Vide
2681 5666 2861 5721 etiam
2893 5664 3320 5736 Nicephorum
3372 5682 3421 5736 ν,
3484 5667 3551 5718 32
3586 5669 3644 5719 et
3674 5664 3765 5716 33.

2109 5743 2247 5799 XYL.
