4154 6414
327 361 455 421 489

1537 352 2082 417 HlSTOlllARUM
2129 353 2676 418 COMPENDIUM.

3633 362 3753 424 490

309 494 424 562 τὴν
486 488 753 561 διαθήκην
814 508 923 563 μου
979 485 1069 543 διὰ
1125 486 1399 561 στόματός
1457 507 1593 558 σους
1653 487 1861 556 Πτύξας
1920 485 1983 540 τδ

2102 489 2432 558 pontiﬁces,
2465 490 2727 546 surrexit
2754 494 2933 561 atque
2964 491 3077 547 hoc
3109 491 3288 548 modo
3337 492 3561 551 dictum
3609 512 3752 569 pro-

319 576 543 657 βιϐλίον
573 577 792 634 ἐκάθισε
844 576 980 652 μετᾶ
1034 574 1321 650 κλαυθμοῦ
1376 575 1466 630 καὶ
1527 571 1981 648 δακρύων,-πάν-

316 693 436 739 τῳν
469 671 609 744 ὁμοῦ
640 666 1052 745 συγκλαιόντων
1082 665 1249 737 αὐτῷ.
1301 663 1430 722 Εἷσί
1471 661 1529 719 δὶ
1578 664 1670 719 καὶ
1719 660 1873 739 ἕτερα
1917 662 1987 717 τὰ

314 762 446 836 περὶ
488 759 655 815 αὐτοῦ
689 757 961 835 λεγόμενά
997 777 1057 812 τε
1107 756 1200 811 καὶ
1250 753 1491 830 ᾀδόμενα
1535 751 1624 809 διὰ
1663 753 1725 808 τὸ
1767 751 1985 822 πλῆθος

320 860 431 921 τῆς
489 851 742 927 γνώσεως
795 846 962 903 αὐτοῦ
1019 846 1110 901 καὶ
1198 843 1495 915 συντάξεως
1557 847 1665 898 τῶν
1727 837 1985 918 βιϐλίων

321 940 450 996 ὅθεν
479 941 568 995 καὶ
618 936 967 999 συντακτιγὸς
1024 935 1322 1008 ὠνομάσθη
1385 930 1473 988 διὰ
1528 932 1591 987 τὸ
1642 928 1831 988 πολλὰ
1885 950 1984 985 πε-

322 1027 619 1099 ποιηκέναι
657 1021 870 1103 βιϐλία,
908 1026 986 1098 μὴ
1021 1023 1257 1091 ἀκούων,
1308 1023 1384 1084 ὡς
1444 1016 1608 1090 ἔοικε,
1661 1024 1757 1075 τοῦ
1807 1039 1985 1097 σοφω-

319 1120 496 1175 τάτου
528 1115 900 1188 Σολομῶντος
957 1112 1238 1190 λέγοντος,
1296 1112 1409 1181 Υἱὲ,
1468 1109 1709 1189 φύλασσε
1762 1113 1859 1164 τοῦ
1908 1107 1985 1180 μή

324 1212 508 1264 ποιεῖν
542 1201 735 1281 βιϐλία
763 1202 975 1262 πολλὰ.
1006 1202 1097 1257 καὶ
1132 1203 1209 1276 μὴ
1245 1197 1440 1256 σπεῦδε
1470 1198 1559 1256 ἰπὶ
1590 1197 1821 1272 στόματί
1866 1218 1985 1264 σου,

322 1301 421 1357 καὶ
452 1297 649 1375 καρδία
680 1319 777 1353 σου
838 1297 914 1371 μή
974 1296 1266 1372 ταχυνάτω
1318 1297 1417 1348 τοῦ
1469 1292 1759 1365 ἐξενεγκεῖν
1821 1289 1989 1364 λὸγον

327 1392 440 1447 ἀπὸ
472 1388 772 1465 προσώπου
801 1390 901 1442 τοῦ
956 1386 1114 1455 Θεοῦ,
1176 1383 1261 1439 ὃτι
1293 1383 1321 1437 ὁ
1351 1382 1479 1444 Θεὸς
1527 1379 1578 1436 ἐν
1612 1380 1825 1455 οὐρανῷ
1873 1376 1985 1433 ἂνω

320 1480 418 1537 καὶ
451 1478 513 1534 σὺ
570 1477 659 1533 ἐπὶ
717 1482 819 1547 τῆς
874 1480 975 1551 γῆς
1033 1474 1205 1530 κάτω.
1266 1471 1365 1528 Διὰ
1417 1473 1579 1526 τοῦτο
1638 1467 1873 1524 ἔστωσαν
1926 1466 1981 1521 οἱ

324 1569 493 1646 λόγοι
518 1589 614 1624 σου
646 1564 857 1643 ὀλίγοιο
892 1564 995 1620 είσὶ
1027 1564 1131 1638 γὰρ
1165 1563 1323 1636 λόγοι
1354 1559 1561 1617 πολλοὶ
1606 1557 1982 1646 πληθύνοντες

333 1642 715 1733 ματαιότητος.
749 1642 852 1712 Καὶ
904 1654 980 1729 μὴ
1010 1651 1162 1728 γίνου
1211 1647 1422 1714 δίκαιος
1476 1646 1642 1704 πολύ·
1703 1642 1816 1701 ἔστι
1877 1646 1984 1722 γὰρ

325 1746 536 1807 δίκαιος
569 1740 962 1818 ἀπολλύμενος
1019 1740 1069 1796 ἐν
1132 1736 1449 1812 δικαιοσύνῃ
1504 1736 1694 1793 αὐτοῦ.
1748 1735 1847 1790 Καὶ
1902 1736 1980 1809 μὴ

321 1835 555 1915 σοφίζου
581 1831 827 1908 περισσὰ,
882 1832 959 1905 μή
1013 1849 1147 1928 ποτε
1202 1822 1500 1928 ἀσεϐήσης.
1548 1824 1753 1928 Ταύτας
1804 1822 2057 1928 τοίνυνῠ

320 1914 828 2000 παραγραψάμενος
873 1921 968 1982 τὰς
1021 1918 1169 1995 ἱερὰς
1228 1914 1569 1992 παραινέσεις
1627 1914 1717 1970 καὶ
1776 1934 1982 2000 παραγ-

320 1999 725 2086 κωνισάμενος,
759 2006 884 2066 οὐδὲ
937 2011 1035 2064 τοῦ
1091 2004 1375 2072 θεσπεσίου
1431 2002 1702 2080 προσέσχε
1759 1999 1980 2057 Παύλου

316 2108 389 2177 τῇ
424 2101 603 2173 ἐννοίᾳ
657 2121 717 2155 τε
771 2097 862 2155 καὶ
924 2098 1133 2152 συνέσει
1186 2094 1238 2151 ἐν
1298 2099 1418 2156 τοῖς
1476 2092 1861 2168 ςυντάγμασιν.
1917 2090 1980 2147 Ὁ

317 2194 426 2270 γὰρ
458 2190 859 2268 τρισμακάριος
886 2184 1106 2249 Παῦλος
1152 2184 1204 2240 ἐν
1255 2186 1568 2261 παρασκευῇ
1615 2180 1794 2255 λόγων
1845 2199 1980 2270 παν-

316 2266 582 2340 τοδαπῶν
619 2276 970 2357 βραχυτάτας
1024 2273 1319 2338 ἐπιστολὰς
1372 2276 1442 2348 τῇ
1501 2275 1685 2350 γραφῇ
1744 2266 1981 2344 παραδὲ-

317 2372 491 2441 δωκε,
520 2370 700 2426 καίτοι
737 2365 902 2443 μυρία
932 2366 1024 2421 καὶ
1082 2363 1369 2439 ἀπόρρητα
1414 2362 1594 2439 λέγειν
1655 2357 1822 2437 ἔχων,
1891 2359 1983 2414 ἅτε

319 2464 389 2519 τὰ
453 2461 659 2535 μέχρις
719 2457 952 2532 οὐρανοῦ
1003 2454 1190 2530 τρίτου
1272 2453 1607 2527 θεωρήματα
1662 2449 1982 2520 ἐπιωθάσας,

322 2551 408 2607 ἐπ’
442 2549 606 2606 αὐτὸν
638 2545 695 2602 δὲ
749 2545 845 2601 τὸν
905 2548 1183 2620 θεοπρεπῆ
1239 2539 1567 2617 παράδεισον
1625 2537 1984 2614 ἀναρπασθεὶς

322 2641 415 2697 καὶ
496 2643 608 2694 τῶν
690 2634 861 2691 ἔκεῖσε
943 2633 1288 2707 ἆνεκφάστων
1401 2630 1663 2705 ῥημάτων
1757 2628 1983 2683 ἀκοῦσαι

328 2727 603 2801 ἀξιωθείς.
655 2727 757 2784 Καὶ
824 2723 1008 2798 μέντοι
1066 2718 1186 2777 οὐδ’
1239 2722 1289 2776 οἱ
1349 2719 1538 2776 λοιποὶ
1592 2722 1689 2774 τοῦ
1742 2718 1984 2792 Χριστοῦ

330 2816 589 2893 φοιτηταῖ
623 2811 834 2871 δώδεκα
865 2813 958 2885 μὲν
1006 2808 1335 2881 ἀπόστολοι,
1392 2809 1442 2864 οἱ
1502 2805 1559 2863 δὲ
1611 2806 1850 2881 μαθηταὶ
1894 2806 1981 2860 καὶ

332 2907 502 2965 ἄλλοι
532 2906 668 2980 πρὸς
693 2903 913 2964 τούτοις
946 2899 1156 2977 μυρίοι,
1189 2899 1289 2955 οὐκ
1325 2896 1542 2973 ἄπειροι
1597 2896 1783 2971 λόγων
1832 2893 1987 2969 ἐτύγ-

334 3016 530 3075 χανον·
562 2995 652 3050 καὶ
691 2994 845 3066 ὅμως
902 2992 995 3046 οὗν
1055 2989 1107 3061 ἐξ
1167 2990 1419 3045 ἁπάντων
1468 2991 1576 3042 τῶν
1624 2990 1722 3041 τοῦ
1778 2984 1986 3059 Κυρίου

340 3074 629 3157 διατριϐῶν
660 3082 724 3138 τὰ
758 3083 1131 3155 ὑπομνήματα
1163 3080 1434 3139 Ματθαῖος
1484 3080 1622 3150 ἡμῖν
1672 3075 1763 3130 καὶ
1811 3074 1987 3130 Ἰωάν-

350 3195 453 3243 νης
478 3170 945 3240 καταλελοίπασιν,
980 3164 1074 3231 οὕς
1121 3169 1211 3223 καὶ
1274 3167 1567 3242 ἐπάναγκες
1613 3163 1701 3219 ἐπὶ
1739 3165 1802 3219 τὸ
1854 3161 1986 3240 γρά-

2099 577 2412 634 nuntiavit.
2454 580 2755 636 Peccatori
2789 585 2989 636 autem
3026 581 3169 637 dicit
3194 582 3477 639 Dominus
3502 602 3515 640 :
3544 586 3661 640 Cur
3686 591 3751 642 tu

2094 684 2337 724 enarras
2368 687 2501 725 mea
2522 671 2683 742 jura,
2718 678 2777 727 et
2806 688 3008 727 meum
3060 677 3482 730 testamentum
3534 675 3598 730 in
3646 693 3749 732 ore

2092 758 2275 813 habes
2306 758 2354 794 ⁶⁰
2381 759 2410 813 ‘2
2438 760 2765 832 Statimque
2798 761 2997 817 clauso
3030 761 3181 818 libro
3212 762 3486 819 consedit
3515 763 3749 835 ejulans

2093 853 2270 920 atque
2303 850 2659 923 lacrymans,
2715 853 2991 908 omnibus
3040 854 3140 923 qui
3189 853 3442 910 aderant
3488 854 3751 910 hominis

2093 939 2478 995 miseratione
2511 957 2631 996 una
2660 940 2961 997 ﬂentibus.
2996 942 3145 997 Sunt
3169 947 3229 998 et
3257 943 3446 998 multa
3478 943 3597 1000 alia
3617 960 3749 1017 qum

2093 1027 2165 1083 de
2197 1044 2264 1083 eo
2288 1028 2570 1084 dicuntur
2598 1034 2774 1100 atque
2802 1036 3139 1096 cantantur,
3168 1031 3241 1087 da
3264 1032 3602 1088 eruditione
3620 1034 3751 1105 ejus

2095 1123 2153 1173 et
2184 1118 2474 1175 librorum
2504 1121 2976 1191 compositione;
3010 1138 3044 1177 a
3076 1139 3329 1193 quorum
3360 1123 3750 1179 multitudine

2094 1210 2479 1280 syntacticus,
2509 1211 2677 1280 quasi
2711 1212 3092 1283 compositor,
3118 1213 3311 1268 dictus
3333 1213 3459 1268 fuit.
3487 1217 3751 1287 Apparet

2096 1314 2231 1354 eum
2265 1316 2385 1355 non
2413 1299 2683 1370 paruisse
2716 1301 3050 1358 Solomonis
3082 1301 3257 1371 dicto,
3297 1302 3376 1358 ita
3396 1303 3751 1375 praecipien-

2094 1388 2191 1458 tis,
2226 1388 2352 1443 Fili.
2387 1405 2525 1446 cave
2556 1406 2630 1445 ne
2661 1391 2882 1446 multos
2932 1390 3113 1447 libros
3162 1391 3366 1448 facias.
3416 1394 3615 1464 Neque
3660 1392 3750 1449 fe-

2092 1476 2248 1532 stina
2277 1476 2462 1549 loqui,
2496 1495 2689 1551 neque
2730 1486 3011 1553 properet
3061 1482 3299 1538 animus
3350 1486 3488 1537 tuus
3545 1498 3747 1538 coram

2088 1566 2208 1620 Deo
2238 1566 2416 1623 verba
2444 1567 2657 1624 facere.
2704 1571 2850 1625 Nam
2899 1570 3055 1627 Deus
3101 1571 3161 1625 in
3210 1570 3357 1626 cmlo
3404 1588 3583 1643 supra
3632 1576 3745 1641 est,

2088 1661 2270 1727 tuque
2298 1656 2451 1713 infra
2472 1658 2533 1712 in
2554 1662 2729 1715 terra.
2749 1660 2955 1731 Itaque
2979 1676 3289 1717 sermones
3310 1661 3394 1717 tui
3418 1661 3538 1717 sint
3549 1662 3745 1734 pauci:

2087 1762 2295 1803 eorum
2339 1748 2499 1803 enim
2557 1749 2944 1806 multitudine
2993 1757 3245 1819 augetur
3289 1752 3537 1809 vanitas.
3585 1752 3743 1809 448

2087 1838 2287 1907 Neque
2318 1838 2400 1893 sis
2428 1838 2685 1895 nimium
2706 1840 2908 1911 justus
2933 1857 2947 1895 :
2979 1841 3304 1912 aliquando
3326 1842 3489 1897 enim
3513 1841 3743 1913 justum

2089 1942 2197 1981 sua
2216 1925 2415 1998 perdit
2425 1926 2682 1998 justitia.
2710 1927 2912 1999 Neque
2936 1929 3190 1984 nimium
3214 1946 3380 2001 sape,
3403 1947 3479 1985 ne
3504 1930 3745 2001 quando

2086 2014 2160 2070 ad
2192 2014 2558 2086 impietatem
2590 2015 2922 2087 prolabaris
2948 2020 3015 2074 ⁴·¹.
3050 2018 3363 2074 Enimvero
3394 2018 3501 2075 has
3526 2017 3623 2073 ille
3644 2034 3742 2075 sa-

2086 2122 2216 2161 cras
2231 2104 2669 2162 admonitiones
2688 2100 3260 2180 aspernatusmeque
3276 2108 3460 2164 divini
3473 2108 3639 2164 Pauli
3655 2124 3744 2165 sa-

2085 2194 2371 2266 pientiam
2404 2195 2465 2250 in
2498 2195 2811 2253 scribendo
2838 2203 3075 2254 secutus
3108 2203 3215 2254 est.
3251 2198 3472 2255 Paulus
3489 2199 3651 2254 enim
3675 2198 3739 2254 in

2083 2288 2253 2339 tanto
2284 2284 2480 2339 omnis
2509 2284 2746 2354 generis
2776 2302 3118 2341 sermonum
3150 2292 3437 2358 apparatu
3457 2285 3732 2342 brevissi-

2087 2390 2216 2429 mas
2233 2374 2511 2446 epistolas
2533 2375 2783 2446 scriptas
2804 2376 3066 2448 reliquit,
3093 2393 3228 2432 cum
3244 2376 3485 2448 quidem
3499 2377 3738 2433 inﬁnita

2089 2470 2149 2520 et
2176 2480 2396 2520 arcana
2426 2468 2628 2536 posset
2657 2464 2872 2520 litteris
2906 2466 3159 2535 tradere,
3190 2471 3259 2523 ut
3307 2467 3410 2539 qui
3440 2483 3630 2538 usque
3660 2465 3736 2522 ad

2090 2554 2249 2608 tertii
2282 2553 2413 2609 οωιί
2443 2554 2782 2629 spectacula
2812 2553 3003 2610 elatus
3035 2555 3215 2627 inque
3242 2556 3438 2628 ipsum
3471 2555 3742 2612 divinum

2090 2642 2427 2715 paradisum
2450 2642 2751 2714 abreptus,
2771 2642 2970 2715 ibique
2990 2644 3319 2700 ineffabilia
3340 2644 3520 2701 verba
3538 2644 3747 2700 audire

2093 2733 2574 2805 dignatusesset.
2608 2732 2759 2797 Quin
2794 2737 2851 2788 et
2880 2732 3097 2805 reliqui
3157 2733 3371 2789 Christi
3422 2733 3746 2802 auditores,

2095 2822 2407 2878 duodecim
2433 2838 2684 2878 numero
2703 2823 2954 2895 apostoli
2978 2828 3037 2878 et
3053 2823 3429 2896 septuaginta
3449 2822 3753 2895 discipuli,

2094 2928 2161 2967 ac
2199 2916 2413 2983 praeter
2441 2912 2550 2967 hos
2582 2907 2881 2969 innumeri
2914 2912 3037 2984 alii,
3066 2929 3410 2985 quanquam
3442 2928 3566 2968 non
3591 2910 3752 2967 indi-

2096 3002 2238 3057 serti
2270 3009 2492 3069 essent,
2525 3009 2724 3060 tamen
2756 3019 2824 3059 ex
2857 3009 3021 3060 tanta
3051 3003 3224 3060 turba
3252 3004 3561 3060 Matth'uus
3616 3008 3750 3061 tan-

2096 3096 2222 3146 tum
2251 3097 2305 3146 et
2343 3094 2600 3149 Joannes
2631 3094 3095 3150 commentarios
3126 3092 3198 3149 de
3229 3093 3348 3150 vita
3367 3099 3425 3149 et
3454 3093 3628 3150 dictis
3659 3098 3748 3150 at-

2101 3196 2216 3252 que
2273 3179 2443 3237 factis
2500 3182 2715 3237 Christi
2782 3182 3168 3255 scripserunt,
3252 3183 3628 3253 necessitate,
3685 3187 3753 3238 ut

346 3234 471 3343 φειν
508 3259 675 3316 ἐλθεῖν
703 3234 944 3336 κατέχει-
981 3257 1173 3334 λόγος,
1235 3257 1414 3331 ὥσπερ
1456 3234 1553 3311 καὶ
1612 3254 1837 3329 Μάρκον
1867 3234 1986 3309 ,καὶ

2784 3234 3168 3255 "ww-ww.
3254 3234 3628 3253 —~~—~———~-.
3693 3234 3751 3238 -τ

2103 3270 2308 3337 fertur,
2342 3270 2416 3326 ad
2446 3271 2830 3327 scribendum
2861 3271 3171 3343 compulsi,
3207 3271 3381 3326 sicuti
3440 3276 3498 3327 et
3543 3276 3753 3343 postea

336 3355 555 3408 Λουκᾶν
585 3348 828 3423 ὕστερον·
861 3349 953 3403 Διὸ
998 3345 1065 3419 δή
1122 3367 1288 3425 φησιν
1320 3347 1347 3401 ὁ
1384 3345 1553 3422 μέγας
1612 3344 1880 3417 Μάξιμος·
1927 3343 1989 3399 Ὀ

338 3440 515 3518 λόγος
552 3437 1004 3515 συγγραφόμενος
1034 3437 1071 3507 ἢ
1103 3436 1240 3513 πρὸς
1287 3437 1387 3505 τὴν
1439 3436 1632 3490 ἑαυτοῦ
1681 3434 1988 3508 ὕπόμνησιν

335 3530 733 3607 συγγράφεται,
764 3529 799 3600 ἢ
831 3528 969 3604 πρὸς
1023 3524 1293 3606 ὠφέλειαν
1334 3524 1551 3601 ἑτέρων,
1592 3523 1627 3594 ἢ
1658 3522 1748 3580 καὶ
1802 3520 1992 3598 ἄμφω,

334 3618 370 3688 ἢ
430 3616 570 3692 πρὸς
644 3611 859 3692 βλάϐην
929 3618 1122 3687 τινῶν,
1168 3615 1203 3684 ἢ
1263 3613 1401 3686 πρὸς
1488 3608 1782 3681 ἀπόδειξιν,
1837 3610 1872 3680 ἢ
1942 3608 1993 3683 ἒξ

338 3706 606 3781 ἀνάγκης.

414 3812 570 3872 Μετὰ
628 3809 687 3868 δὲ
745 3805 990 3887 Σεϐῆρον
1074 3804 1417 3866 ἑϐασίλευσεν
1498 3808 1827 3869 ’Δντωνῖκος
1880 3805 1996 3868 υἱὸς

342 3899 598 3978 Σεϐήρου
629 3900 721 3957 καὶ
752 3898 915 3964 Γέτας
949 3901 977 3954 ὁ
1008 3896 1245 3978 ἀδελφός
1275 3896 1442 3953 αὐτοῦ
1500 3902 1676 3971 μῆνας
1725 3893 1842 3952 δύο.
1893 3895 1995 3951 Καὶ

343 3993 550 4068 σφάξας
577 3991 669 4046 τὸν
714 3988 853 4045 ἴδιον
877 3985 1111 4065 ἀδελφὸν
1165 3986 1216 4043 ἐν
1244 3989 1351 4062 ⁸τῷ
1397 3984 1592 4058 κόλπῳ
1639 3987 1740 4055 τῆς
1787 3983 1998 4059 μητρὸς

342 4078 725 4156 ἐμονάρχησεν
758 4076 851 4149 ἔτη
902 4079 968 4142 ς’,
1026 4075 1308 4154 Σεραπίων
1377 4072 1435 4130 δέ
1486 4094 1570 4136 τις
1625 4069 2001 4147 μαθηματικὸς

340 4168 527 4248 ἔλεγεν
562 4169 637 4232 ὡς
667 4170 973 4241 τεθνήξεται
1008 4169 1110 4224 οὐκ
1149 4167 1225 4229 εἰς
1286 4166 1494 4241 μακρὰν
1545 4166 1870 4225 Ἀντωνῖνος
1910 4160 2001 4217 καὶ

345 4265 623 4334 Μακρῖνος
679 4258 840 4316 αὐτὸν
917 4255 1240 4328 διαδέξεται,
1317 4255 1409 4311 καὶ
1464 4251 1661 4325 ἴδειξεν
1718 4251 1879 4308 αὐτὸν
1927 4254 2006 4323 τῷ

345 4347 604 4423 δακτύλῳ
633 4352 955 4424 παρεστῶτα
1005 4352 1088 4420 [Ρ.
1149 4348 1278 4420 256]
1341 4346 1477 4419 μετᾶ
1518 4350 1619 4414 τῆς
1672 4340 2003 4418 συγκλήτου.

339 4442 408 4497 Ὀ
442 4437 499 4494 δὲ
531 4437 635 4493 ύπὸ
673 4440 849 4512 θυμοῦ
884 4435 1098 4511 μᾶλλον
1132 4433 1191 4490 δὲ
1232 4435 1337 4490 ὑπὸ
1392 4436 1490 4504 τῆς
1540 4434 1740 4508 τύχης,
1789 4432 1851 4487 ού
1884 4452 2007 4485 συν-

344 4536 450 4599 ἧκε
478 4529 543 4583 τὸ
572 4528 868 4603 πρόσωπον
900 4525 1198 4601 Μακρίνου,
1234 4522 1364 4578 ἀλλ’
1392 4522 1577 4599 ἓτερον
1626 4520 1717 4576 τὸν
1766 4519 2009 4591 πλησίον

2100 3360 2383 3432 temporis
2417 3362 2645 3416 Marcus
2675 3365 2853 3431 atque
2908 3360 3109 3416 Lucas.
3162 3358 3298 3415 ldeo
3348 3375 3596 3434 magnus
3646 3360 3751 3416 ille

2101 3447 2388 3503 Maximus
2420 3447 2505 3503 sic
2535 3448 2618 3503 ait
2647 3465 2659 3501 :
2694 3447 2801 3513 Qui
2835 3448 3026 3504 libros
3056 3449 3284 3517 scribit,
3317 3449 3459 3504 facit
3487 3449 3600 3504 hoc
3652 3453 3757 3505 aut

2102 3536 2215 3592 sibi
2246 3536 2742 3593 commentarium
2773 3537 3021 3609 parandi
3080 3554 3279 3605 causa,
3348 3543 3450 3595 aut
3478 3537 3757 3595 utilitatis

2104 3626 2360 3683 aliorum
2390 3629 2598 3700 gratia,
2638 3634 2741 3684 aut
2764 3630 3076 3701 utriusque
3110 3646 3268 3704 ergo,
3303 3634 3406 3686 aut
3433 3630 3507 3686 ad
3534 3646 3759 3687 nocen—

2106 3717 2248 3773 dum
2279 3717 2434 3784 aliis,
2466 3724 2569 3774 aut
2600 3719 2939 3775 ostentandi
2971 3718 3189 3789 studio,
3223 3725 3325 3775 aut
3354 3725 3614 3777 coactus.

2179 3808 2319 3862 Post
2349 3807 2624 3864 Severum
2659 3807 2766 3863 filii
2798 3808 2928 3882 ejus
2957 3809 3298 3865 Antoninus
3324 3814 3383 3865 et
3408 3810 3763 3881 Getaimpe-

2107 3901 2388 3952 raverunt
2424 3914 2663 3953 menses
2688 3900 2741 3953 2.
2775 3898 3021 3954 Severus
3053 3897 3291 3969 deinde,
3326 3915 3459 3955 cum
3512 3898 3761 3955 fratrem

2108 3985 2170 4040 in
2203 3985 2339 4040 sinu
2367 3985 2575 4041 matris
2596 3992 2887 4055 necasset,
2921 3985 3080 4043 solus
3105 3986 3424 4059 imperium
3442 3987 3625 4059 gessit
3654 4000 3760 4042 an-

2113 4091 2223 4129 nos
2253 4076 2307 4129 6.
2338 4074 2588 4139 Quidam
2623 4091 2757 4129 vero
2791 4074 3267 4143 mathematicus,
3314 4076 3599 4147 Serapion
3649 4092 3761 4131 no-

2112 4164 2296 4231 mine,
2324 4163 2598 4235 praadixit
2626 4164 2996 4219 Antoninum
3029 4180 3148 4219 non
3181 4164 3369 4220 multo
3390 4169 3524 4237 post
3541 4164 3766 4236 peritu-

2112 4270 2269 4322 rum,
2316 4253 2487 4324 eique
2537 4254 2858 4308 Macrinum
2909 4270 3325 4310 successurum
3379 4254 3530 4310 449
3582 4269 3762 4325 quem

2116 4343 2292 4398 etiam
2316 4359 2450 4397 cum
2477 4342 2851 4397 senatoribus
2873 4347 3165 4398 astantem
3191 4342 3373 4415 digito
3397 4343 3769 4398 demonstra-

2115 4434 2215 4487 vit.
2253 4433 2361 4487 Sed
2402 4432 2739 4487 Antoninus
2797 4449 2918 4504 praa
2966 4431 3073 4500 ira,
3120 4437 3223 4487 aut
3270 4433 3466 4504 potius
3513 4432 3768 4488 fortuna:

2118 4529 2288 4590 nutu,
2311 4522 2635 4578 Macrinum
2659 4539 2779 4576 non
2805 4520 3408 4594 cognovit,aliumque
3439 4521 3550 4594 ipsi
3572 4526 3769 4577 astan-

345 4615 628 4672 ἐκέλευσεν
685 4615 1115 4684 ἀποκτανθῆναι.
1147 4614 1208 4671 Ὀ
1259 4611 1318 4668 δὶ
1374 4613 1653 4685 Μακρῖνος
1706 4606 1990 4665 ἐσπούδασε

2118 4619 2236 4668 tem
2268 4629 2374 4684 pro
2402 4629 2471 4667 eo
2496 4612 2681 4684 jussit
2712 4612 2933 4667 necari.
2994 4611 3291 4667 Macrinus
3339 4628 3476 4668 vero
3528 4627 3775 4685 operam

346 4706 444 4762 τὸν
506 4708 833 4761 Ἀντωνῖνον
884 4696 1341 4779 προκαταλαϐεῖν·
1403 4700 1462 4755 ὅν
1519 4700 1627 4756 ἀπὸ
1682 4703 1779 4755 τοῦ
1834 4699 2008 4753 ῖππου

342 4793 683 4851 κατελθόντα
710 4793 762 4849 ἐν
807 4792 1055 4869 κυνηγίῳ
1113 4792 1189 4855 εἰς
1246 4789 1548 4858 ἀπόπατον,
1605 4788 2003 4863 ἑκατόνταρχον

344 4882 675 4946 ἀποστείλας
732 4887 931 4938 τοῦτον
981 4886 1063 4955 τῷ
1120 4880 1259 4961 ξίφει
1343 4878 1579 4948 ἀνεῖλεν,
1633 4877 1801 4934 εἲπὼν
1867 4878 2006 4955 πρὸς

345 4973 538 5028 αὐτόν·
568 4978 654 5035 Ὡς
682 4973 746 5027 σὺ
802 4971 893 5027 τὸν
953 4968 1190 5049 ἀδελφὸν
1246 4967 1573 5046 ἀπέσφαξας,
1622 4967 1796 5029 οὕτως
1849 4965 2005 5042 κάγὼ

347 5064 429 5119 σέ.
466 5063 590 5120 Ἐπὶ
657 5061 856 5117 τούτου
918 5066 1137 5137 πρῶτος
1192 5058 1486 5122 ἐπίσκοπος
1530 5056 1759 5128 κατέστη
1812 5061 2008 5126 Βυζαν-

346 5155 474 5210 τίου
508 5150 888 5229 Φιλάδελφος,
940 5150 1033 5224 ἔτη
1092 5149 1235 5227 τρία·
1295 5149 1488 5227 πρώην
1548 5148 1652 5227 γὰρ
1708 5146 2006 5223 προΐστατο

348 5249 456 5314 τῆς
487 5242 826 5314 Ἐκκλησίας
859 5234 952 5314 ἔτη
982 5246 1033 5313 η’
1062 5234 1425 5317 πρεσϐύτερός
1454 5260 1560 5302 τις.

424 5335 575 5391 Μετὰ
616 5334 936 5391 Ἀντωνῖνον
995 5326 1312 5388 ἑϐασίλευσε
1369 5331 1666 5404 Μακρῖνος,
1717 5329 1776 5392 ὃς
1833 5329 1900 5397 ἦν
1946 5330 2011 5383 τὸ

413 5681 465 5717 ⁶⁰
493 5677 656 5738 Psal-
689 5692 839 5747 nix,
872 5676 961 5733 16.
1036 5676 1080 5713 ⁶¹
1110 5674 1302 5733 Eccle.
1334 5690 1367 5730 v
1395 5677 1455 5730 et
1492 5689 1544 5729 Vl
1567 5672 1797 5745 passim.

636 5797 904 5861 Panos.
951 5795 1074 5861 Gn.
1117 5791 1325 5858 CXXI.

2120 4701 2285 4757 dedit
2314 4706 2378 4756 ut
2409 4700 2694 4755 Antonini
2726 4705 3008 4756 conatum
3041 4706 3479 4772 anteverteret;
3523 4706 3581 4756 et
3612 4716 3774 4771 eum,

2126 4808 2260 4847 cum
2291 4791 2353 4846 in
2374 4791 2686 4845 venatione
2707 4790 2928 4846 ventris
2949 4790 3313 4846 exonerandi
3340 4807 3517 4848 causa
3528 4790 3599 4847 de
3622 4806 3775 4863 equo

2116 4879 2527 4945 descenderet,
2561 4879 2828 4935 immisso
2862 4881 3213 4936 centurione
3238 4881 3481 4937 occidit.
3510 4881 3773 4937 dicente:

2117 4970 2298 5026 Sicuti
2333 4974 2394 5023 tu
2422 4968 2688 5035 fratrem,
2723 4969 2805 5024 ita
2835 4985 2940 5042 ego
2974 4974 3031 5025 te
3063 4986 3232 5025 neco.
3265 4971 3345 5025 Eo
3370 4974 3634 5041 tempore
3659 4968 3777 5039 pri-

2116 5075 2250 5117 mus
2282 5057 2543 5129 Byzantii
2590 5057 2911 5131 episcopus
2959 5059 3317 5115 constitutus
3357 5064 3448 5114 est
3480 5055 3777 5113 Philadel-

2116 5148 2294 5221 phus,
2328 5153 2386 5203 et
2414 5163 2606 5203 annos
2636 5150 2666 5203 3
2698 5147 2972 5220 praefuit:
3014 5153 3153 5203 ante
3212 5148 3372 5203 enim
3420 5162 3527 5219 per
3569 5150 3774 5201 octen-

2117 5238 2287 5293 nium
2318 5237 2594 5294 Ecclesia:
2627 5238 2863 5309 prmfuit
2886 5235 3129 5308 quidam
3163 5233 3493 5307 presbyter.

2193 5327 2494 5384 Antonino
2552 5326 2839 5383 successit
2891 5324 3206 5391 Macrinus,
3275 5323 3470 5395 patria
3543 5324 3781 5381 Maurus

3457 5789 3540 5853 16
