4154 6442
357 379 472 442 491

1717 367 2040 430 GEORGII
2084 367 2431 435 CEDRENI

3656 373 3776 435 492

348 515 686 592 Cappadox,
719 516 778 571 et
833 508 1147 584 imperavit
1201 523 1388 565 annos
1446 506 1497 561 8.
1558 504 1809 571 Quidam
1866 519 1997 559 vero

2116 504 2272 580 γένος
2303 505 2525 592 Μαῦρος
2557 503 2924 578 Καππαδόκης
2956 507 3093 580 (69),
3128 504 3223 576 ἔτη
3250 504 3322 576 η“.
3346 505 3688 580 Εὔτυχιανὸς
3717 501 3778 560 δὲ

350 607 754 682 Eutychianus
811 603 1047 659 Avitum
1105 605 1388 669 tanquam
1462 594 1751 651 Antonini
1811 595 2001 651 ﬁlium

353 696 752 753 adulterinum
784 690 1055 764 arripuit,
1089 703 1347 759 eumque
1368 684 1705 741 diademate
1729 691 2005 739 ornatum

349 787 775 859 imperatorem
802 779 1147 853 appellavit;
1174 793 1262 843 ac,
1286 774 1579 831 militibus
1594 774 1851 847 pecunia
1868 790 2005 829 con-

351 875 588 944 ciliatis,
615 886 872 946 pugnam
903 885 1039 925 cum
1069 866 1326 922 Macrino
1357 864 1678 921 conseruit.
1708 864 2002 919 Macrinus

354 964 541 1021 victus
570 963 632 1018 in
665 960 801 1033 fuga
828 974 949 1015 una
978 973 1113 1013 cum
1145 955 1267 1011 ﬁlio
1299 954 1529 1012 occisus
1560 957 1669 1010 est.

428 1141 635 1197 Avitus
667 1138 786 1195 sive
807 1134 1331 1192 Pseudantoninus
1368 1132 1576 1206 (falsus
1622 1131 2001 1205 Antoninus),

356 1247 533 1304 quem
563 1228 665 1285 alii
697 1226 1002 1283 Aurelium
1032 1223 1402 1281 Antoninum
1420 1221 1867 1293 Heliogabalum
1896 1239 2003 1278 no-

353 1319 605 1386 minant,
637 1316 905 1390 regnavit
932 1331 1121 1371 annos
1151 1316 1203 1381 3,
1237 1329 1475 1369 menses
1504 1316 1560 1377 9,
1593 1311 1720 1367 dies
1779 1313 1830 1368 4.
1874 1311 2005 1367 Fuit

350 1408 400 1464 is
432 1406 841 1474 circumcisus,
875 1409 934 1459 et
962 1404 1207 1477 porcina
1237 1419 1416 1459 carne
1462 1418 1583 1457 non
1613 1400 2001 1469 vescebatur;

350 1497 743 1554 simulacrum
766 1493 997 1551 colebat
1009 1492 1167 1565 quod
1180 1490 1519 1564 appellabat
1531 1489 1998 1563 Heliogabalum.

348 1585 513 1642 Adeo
544 1586 660 1642 fuit
690 1584 1068 1641 eﬂeminatus
1099 1588 1156 1639 et
1174 1581 1521 1637 libidinibus
1544 1579 1819 1636 obscenis
1841 1577 2004 1634 dedi-

348 1681 466 1743 tus,
491 1680 558 1731 ut
576 1673 833 1731 Hierocli
857 1688 1095 1746 quoque
1126 1670 1338 1727 liberto
1370 1670 1659 1742 nupserit.
1694 1670 1764 1723 Et
1789 1667 1873 1723 ait
1901 1667 2001 1722 Dio

349 1764 682 1838 postulasse
713 1763 947 1819 Avitum
978 1777 1014 1817 a
1044 1758 1272 1817 medico
1302 1764 1367 1816 ut
1399 1776 1462 1815 se
1486 1763 1657 1815 utero
1680 1762 1841 1814 secto
1864 1755 2007 1812 utri-

352 1870 467 1926 que
499 1852 666 1910 sexui
692 1858 897 1925 aptum
928 1855 1056 1907 arte
1085 1850 1242 1908 450
1272 1849 1554 1905 efﬁceret.
1609 1848 1712 1904 Hic
1760 1851 2003 1919 propter

351 1943 759 2016 impuritatem
787 1957 855 1998 ac
886 1940 1240 2013 ﬂagitiosam
1271 1939 1449 1995 vitam
1489 1936 1799 2011 jugulatus
1846 1934 2003 1992 male

355 2031 546 2090 malus
575 2032 771 2105 periit.

427 2209 758 2268 Alexander
805 2210 1063 2264 Mammas
1108 2207 1267 2264 illius
1316 2206 1497 2263 fratre
1546 2206 1696 2261 Aviti
1744 2204 1998 2278 genitus,

355 2300 670 2373 imperavit
699 2315 888 2355 annos
917 2298 1004 2364 13,
1034 2312 1275 2354 menses
1304 2298 1337 2351 8
1382 2298 1568 2352 Tanta
1585 2295 1694 2351 sub
1714 2312 1785 2351 eo
1802 2297 2002 2351 Romae

347 2388 465 2445 fuit
487 2389 673 2445 fames
692 2387 955 2443 utetiam
988 2385 1267 2442 humanis
1296 2389 1672 2441 vescerentur
1700 2383 1999 2441 carnibus.

346 2478 404 2533 Is
434 2493 569 2533 cum
604 2479 668 2532 in
699 2478 910 2532 Persas
944 2474 1319 2548 expeditione
1351 2473 1507 2531 facta
1534 2490 1748 2548 magno
1800 2472 2002 2545 praelia

347 2565 538 2621 victus
569 2570 745 2633 esset,
778 2568 1156 2636 contemptus
1188 2580 1223 2620 a
1252 2564 1374 2619 suis
1416 2567 1475 2618 et
1504 2579 1640 2618 cum
1680 2568 1868 2618 matre
1902 2579 2001 2618 oc-

349 2656 510 2712 cisus
541 2660 648 2711 est.
683 2655 817 2710 Fuit
848 2671 917 2710 ea
944 2653 1292 2709 Christianis
1323 2653 1647 2726 religionis,
1685 2657 1745 2708 et
1790 2653 1998 2725 Orige-

345 2762 489 2802 nem
520 2744 862 2801 Antiochea
893 2743 1207 2817 degentem
1238 2742 1312 2799 ad
1344 2759 1405 2798 se
1437 2743 1684 2812 vocavit,
1734 2746 1801 2798 ut
1831 2757 1899 2797 ex
1930 2758 1999 2797 eo

347 2834 696 2890 Christiania
759 2833 896 2889 ﬁdei
953 2832 1238 2905 mysteria
1294 2831 1570 2888 disceret.
1620 2833 1702 2888 Eo
1735 2836 2001 2904 tempore

346 2924 655 2981 Narcissus
683 2921 1229 2993 Hierosolymorum
1271 2921 1604 2993 episcopus,
1657 2937 1792 2977 cum
1846 2920 2003 2976 inter

349 3013 769 3085 baptizandum
827 3013 1025 3067 oleum
1068 3012 1369 3068 unctionis
1419 3028 1600 3068 sacras
1663 3011 1997 3083 defecisset,

351 3119 569 3175 aquam
601 3103 813 3158 crateri
848 3102 1073 3174 imponi
1106 3101 1306 3173 jussit,
1343 3117 1591 3173 eamque
1623 3102 1807 3157 Deum
1859 3118 1998 3173 pre-

350 3192 538 3249 cando
559 3192 621 3248 in
653 3192 850 3248 oleum
882 3191 1318 3247 transmutavit.

414 3372 733 3444 Imperavit
788 3369 1005 3425 deinde
1059 3369 1411 3425 Maximinus
1459 3385 1649 3425 annos
1678 3370 1732 3424 6.
1782 3370 1997 3424 Fuerat

348 3461 521 3517 initio
552 3465 773 3532 pastor,
806 3460 945 3515 inde
978 3459 1171 3536 miles,
1210 3463 1269 3514 et
1318 3465 1450 3530 post
1499 3458 1608 3515 sub
1657 3457 1995 3515 Alexandro

348 3550 625 3605 tribunus
652 3549 933 3617 militum,
964 3547 1038 3603 ob
1068 3548 1480 3603 fortitudinem
1520 3564 1589 3604 ac
1616 3548 1996 3620 prudentiam

350 3639 604 3712 imperio
627 3643 717 3694 est
738 3653 773 3693 a
789 3642 995 3693 senatu
1013 3636 1350 3709 p0puloque
1368 3638 1634 3693 Romano
1657 3636 1991 3709 praefectus.

351 3727 498 3785 Odia
529 3733 727 3783 autem
758 3725 1097 3793 Alexandri,
1129 3726 1229 3797 qui
1260 3724 1484 3781 multos
1513 3726 1879 3781 Christianos
1902 3741 1996 3781 se-

354 3834 489 3874 cum
520 3816 845 3873 honoritice
876 3816 1187 3882 habuerat,
1237 3830 1472 3888 gravem
1521 3814 1995 3871 Christianorum

352 3906 722 3964 vexationem
754 3904 1031 3962 instituit.
1080 3903 1369 3975 Deditque
1418 3902 1627 3976 dignas
1674 3903 1997 3976 impietatis

350 4014 578 4071 poenas,
607 4013 642 4053 a
671 3995 920 4052 Maximo
952 3998 1012 4049 et
1038 3992 1286 4050 Baldino
1317 4009 1425 4065 per
1451 3992 1719 4049 fraudem
1750 3993 1995 4049 interfe-

350 4093 501 4145 ctus.

412 4265 698 4322 Maximus
719 4262 1007 4320 Balbinus
1031 4265 1091 4318 ot
1113 4260 1703 4335 Gordianusjmenses
1718 4264 1783 4330 2;
1817 4266 1876 4318 et
1903 4262 1987 4319 iu-

2108 610 2192 654 τις
2222 589 2559 669 παραλαϐών
2588 596 2681 652 τὸν
2716 592 2936 655 ’Δϐἶτον
2969 596 3046 659 ὠς
3099 594 3427 653 Ἀντωνίνου
3476 595 3591 649 υἱὸν
3647 592 3777 651 ὄντα

2113 680 2365 760 μοίχειον
2423 683 2712 760 περιὲθηκε
2771 683 3015 760 διάδημα
3096 686 3188 740 καὶ
3247 683 3621 759 αὐτοκράτορα
3679 684 3772 739 ἀν-

2111 769 2400 845 ηγόρευσε,
2429 776 2518 829 καὶ
2550 772 2678 841 δοὺς
2707 776 2935 851 χρυσίον
2967 781 3086 840 τοῖς
3142 775 3501 851 στρατιώταις
3549 776 3766 849 ἂντῆρε,

2109 859 2199 914 καὶ
2259 857 2519 919 συνέϐαλε
2570 866 2819 940 πόλεμον
2878 866 3012 939 μετὰ
3070 864 3377 940 Μακρίνου.
3440 863 3536 920 Καὶ
3595 865 3771 934 ἡττη-

2111 948 2222 1011 θεὶς
2262 956 2540 1029 Μακρῖνος
2580 948 2740 1035 ἔφυγε
2796 954 2889 1010 καὶ
2946 955 3234 1033 ἀπεσφάγη
3300 953 3434 1028 μετᾶ
3485 956 3582 1007 τοῦ
3642 953 3768 1007 υἱοῦ

2111 1038 2302 1097 αὐτοῦ.

2184 1127 2401 1196 Ἀϐῖτος
2435 1131 2560 1204 ἤτοι
2592 1132 3037 1197 Ψευδαντωνῖνος
3070 1134 3145 1207 (οἱ
3193 1129 3251 1186 δὲ
3309 1130 3589 1206 Δύρήλιον
3638 1132 3764 1187 Ἀν-

2107 1226 2332 1277 τωνῖνον
2381 1218 2784 1300 ’Πλιογάϐαλον
2836 1228 3030 1280 τοῦτον
3089 1222 3366 1299 λέγουσιν)
3423 1215 3766 1275 ἐϐασίλευσεν

2105 1311 2202 1380 ’ἐτη
2238 1318 2285 1388 γ’
2344 1319 2521 1385 μῆνας
2577 1315 2619 1368 θ’
2674 1312 2883 1389 ἡμέρας
2946 1310 3009 1370 δ’.
3063 1314 3233 1372 Οὗτος
3292 1308 3765 1384 περιτετμημένος

2106 1399 2174 1469 ἦν
2206 1402 2301 1455 καὶ
2342 1401 2592 1478 χοιρείου
2652 1403 2714 1457 οὐ
2769 1396 3199 1475 μετελάμϐανεν,
3253 1402 3376 1475 εἶχε
3426 1397 3483 1453 δὲ
3539 1398 3630 1453 καὶ
3688 1396 3769 1453 εἷ’-

2111 1487 2315 1563 δωλον,
2378 1494 2510 1569 ὅπερ
2565 1494 2845 1567 ὠνόμασεν
2898 1488 3335 1567 Ἥλιογάϐαλον.
3418 1486 3769 1560 Γυναικώδης

2109 1575 2166 1634 δὲ
2219 1577 2292 1636 ὤν
2351 1586 2613 1645 τοσοῦτος
2667 1586 2733 1652 ἦν
2789 1584 2925 1658 πρὸς
2984 1584 3046 1637 τὸ
3100 1588 3200 1651 τῆς
3256 1578 3539 1655 ἀσελγείας
3597 1581 3770 1642 πάθος

2112 1665 2478 1743 διακείμενος,
2513 1669 2770 1727 ὥστεκαὶ
2828 1673 2920 1727 τὸν
2973 1670 3249 1746 Ἱεροκλέα
3304 1665 3532 1743 ἔννομον
3601 1667 3767 1723 αὐτοῦ

2108 1754 2277 1835 ἄνδρα
2306 1766 2556 1829 ποιῆσαι.
2609 1762 2698 1823 Ὦς
2746 1758 2804 1815 δέ
2860 1782 2991 1839 φησι
3046 1760 3203 1832 Δίων,
3259 1760 3342 1815 ὅτι
3398 1754 3618 1821 Ἀϐῖτος
3675 1758 3768 1813 τὸν

2114 1846 2299 1923 ἰατρὸν
2358 1844 2642 1919 ἠντιϐόλει
2692 1847 2857 1927 διφυῆ
2913 1849 3073 1905 αὐτὸν
3129 1846 3202 1903 δι’
3268 1848 3503 1921 ἐντομῆς
3555 1846 3767 1922 ἐμπρο-

2117 1936 2268 2001 σθίας
2319 1940 2387 2011 τῇ
2445 1937 2614 2013 τέχνῃ
2675 1946 2924 2009 ποιῆσαι,
2978 1940 3077 2001 Ὃς
3135 1935 3224 1992 διὰ
3280 1939 3375 1999 τὰς
3435 1937 3766 2013 ἀκαθαρσίας

2109 2024 2200 2080 καὶ
2259 2024 2481 2101 μιαρίας
2539 2026 2629 2081 καὶ
2685 2025 2979 2088 ἀκολασίας
3038 2024 3202 2081 αὺτοῦ
3282 2024 3514 2105 ἐσφάγη,
3581 2029 3762 2087 κακῶς

2109 2114 2171 2169 τὸ
2200 2117 2298 2187 ζῇν
2325 2112 2659 2189 ἀπορρήξας.

2180 2201 2530 2282 Ἀλέξανδρος
2576 2206 2604 2260 ὁ
2661 2205 2914 2279 Μαμαίας
2967 2205 3103 2275 υἱὸς,
3164 2203 3454 2282 ἐξάδελφος
3516 2200 3762 2275 Ἀϐίτου,

2108 2287 2454 2348 ἐϐασίλευσεν
2513 2292 2606 2365 ἔτη
2672 2296 2738 2369 ιγ’
2801 2301 2975 2369 μῆνας
3032 2302 3102 2364 η“.
3164 2294 3289 2350 Ἐπὶ
3356 2294 3520 2349 αὐτοῦ
3576 2294 3759 2369 γέγονε

2108 2378 2277 2455 λιμὸς
2306 2380 2357 2438 ἐν
2395 2384 2589 2458 Ῥώμῃ
2650 2380 2791 2439 ὥστε
2848 2384 2938 2440 καὶ
2995 2390 3167 2459 κρεῶν
3235 2383 3432 2448 αὐτοὺς
3484 2384 3757 2461 ἀνθρωπί-

2107 2492 2214 2527 νων
2275 2472 2529 2545 όίψασθαι.
2588 2472 2765 2535 Οὗτος
2824 2472 3214 2549 ἐκστρατεύσας
3297 2474 3432 2528 κατὰ
3543 2479 3762 2549 Περσῶν

2107 2560 2322 2631 ἡττήθη
2367 2560 2503 2615 κατὰ
2559 2561 2778 2637 κράτος,
2836 2560 2927 2617 καὶ
2980 2563 3412 2638 καταφρονηθεὶς
3475 2564 3763 2643 σφάττεται

2110 2653 2245 2725 μετὰ
2272 2657 2373 2723 τῆς
2410 2653 2621 2727 μητρὸς
2673 2652 2860 2707 αὐτοῦ’
2916 2654 3040 2722 ¹ἣτις
3107 2654 3199 2707 καὶ
3257 2655 3551 2730 Χριστιανη
3606 2654 3768 2731 ἐτύγ-

2108 2761 2260 2818 χανε,
2292 2740 2383 2796 καὶ
2448 2741 2540 2797 τὸν
2577 2742 2859 2819 Ὠριγὲνην
2919 2741 2971 2797 ἐν
3034 2744 3352 2818 Ἀντιοχείᾳ
3408 2740 3766 2819 διατρίϐοντα

2112 2831 2495 2906 μετεπέμψατο
2526 2833 2661 2907 πρὸς
2707 2833 2924 2902 ἑαυτὴν,
2958 2830 3285 2911 διδαχθῆναι
3319 2834 3381 2888 τὸ
3436 2835 3573 2889 κατὰ
3625 2839 3766 2911 Χρι-

2109 2919 2232 2974 στὸν
2295 2922 2593 2994 μυστήριον
2657 2920 2912 2985 θέλουσα.
2971 2924 3095 2999 Ἐφ’
3154 2921 3218 2978 οὗ
3277 2921 3576 2998 Νάρκισσος
3646 2925 3766 2980 ἐπί-

2108 3030 2312 3071 σκοπος
2352 3009 2776 3086 Ἱεροσολύμων,
2837 3011 2887 3067 ὲν
2942 3016 3020 3084 τῷ
3082 3012 3360 3087 βαπτίζειν
3421 3013 3608 3069 ἐλαίου
3666 3020 3763 3071 τοῦ

2105 3101 2413 3174 χρίσματος
2472 3100 2777 3174 λείψαντος,
2837 3098 3115 3156 ἐκέλευσεν
3176 3100 3321 3178 ὕδωρ
3382 3103 3432 3158 ἐν
3491 3105 3570 3177 τῷ
3627 3125 3761 3180 κρα-

2103 3194 2232 3262 τῆρι
2264 3188 2560 3263 βληθῆναι,
2593 3190 2682 3245 καὶ
2732 3189 2907 3253 οὕτως
2955 3192 3388 3265 προσευξάμενος
3446 3194 3521 3257 εἰς
3573 3192 3756 3250 ἔλαιον

2033 3268 2076 3336 0
2116 3273 2403 3351 μετέϐαλε.

2176 3370 2477 3440 Μαξιμῖνος
2508 3364 2851 3424 ἐϐασίλευσεν
2887 3364 2981 3440 ἔτη
3042 3371 3107 3433 ς’.
3169 3368 3345 3433 Οὗτος
3405 3373 3613 3445 ποιμὴν
3673 3369 3746 3426 ὤν

2105 3457 2390 3533 πρότερον,
2425 3457 2523 3522 εἶθ’
2565 3458 2739 3519 οὕτως
2799 3460 3141 3530 στρατιώτης
3190 3462 3438 3537 γεγονὼς
3487 3462 3573 3517 καὶ
3623 3462 3756 3536 μετὰ

2102 3550 2271 3601 ταῦτα
2303 3547 2601 3622 στρατηγὸς
2632 3546 3017 3622 Ἀλεξάνδρου,
3070 3546 3141 3603 δι’
3193 3548 3443 3622 ἀνδρείαν
3493 3553 3755 3626 σώματος

2104 3634 2194 3690 καὶ
2227 3635 2436 3690 σόνεσιν
2464 3637 2554 3691 καὶ
2587 3638 2850 3715 φρόνησιν
2887 3635 2991 3693 ὑπὸ
3020 3642 3117 3694 τοῦ
3150 3637 3333 3712 δήμου
3362 3641 3454 3696 καὶ
3485 3648 3587 3711 τῆς
3627 3642 3761 3716 βου-

2107 3723 2210 3790 λῆς
2240 3724 2634 3800 προεχειρίσθη
2681 3724 2960 3801 βασελεῦς.
3021 3729 3116 3791 Ὃς
3172 3724 3288 3803 ἔχει
3347 3733 3427 3801 τῷ
3475 3730 3611 3803 πρὸς
3669 3732 3761 3789 Ἀ-

2105 3811 2389 3891 λέξανδρον
2419 3812 2664 3878 πολλοὺς
2698 3818 3059 3892 Χριστιανοὺς
3112 3813 3314 3893 ἔχοντα
3367 3818 3458 3874 καὶ
3515 3826 3763 3894 τιμῶντα

2107 3899 2348 3978 διωγμὸν
2408 3904 2609 3981 ἤγειρε
2652 3907 2736 3979 [Ρ.
2802 3908 2928 3982 257]
2989 3906 3156 3983 μέγαν
3210 3909 3347 3963 κατὰ
3404 3910 3758 3984 Χριστιανῶν.

2105 3991 2360 4064 Ἐπάξιον
2421 3987 2478 4046 δὲ
2543 3999 2644 4062 τῆς
2703 3993 2871 4047 αὐτοῦ
2956 3993 3310 4072 ἀνοσιουργοῦ
3388 3999 3619 4072 γνώμης
3696 4000 3758 4055 τὸ

2102 4076 2263 4142 τέλος
2320 4078 2534 4156 εὕρατο,
2589 4081 2807 4158 σφαγεὶς
2864 4079 3070 4147 δολίως
3148 4085 3292 4161 παρᾶ
3349 4086 3604 4161 Μαξίμου
3660 4087 3754 4145 καὶ

2106 4164 2399 4227 Βαλϐίνου.

2178 4259 2428 4334 Μάξιμος
2460 4254 2727 4323 Βαλϐῖνος
2759 4264 2869 4336 (70)
2916 4262 3006 4318 καὶ
3062 4261 3354 4337 Γορδιανὸς
3407 4273 3584 4339 μῆνας
3636 4266 3755 4341 δύο,

1541 4360 1905 4416 XYLANDRI
1940 4362 2030 4417 ET
2067 4360 2284 4416 GOARI
2322 4360 2545 4416 NOT/E.

403 4480 520 4559 (63)
548 4477 717 4550 Apud
748 4477 1119 4559 liipbilinum
1152 4493 1220 4532 ex
1250 4477 1987 4559 DiAOne,quemnet.s'ecutus
2019 4480 2064 4545 1)

334 4547 426 4607 est
452 4547 730 4622 zona—ras,
762 4547 984 4622 legitur,
1004 4550 1271 4622 Maurum
1299 4549 1485 4622 fuisse
1519 4564 1587 4602 ex
1627 4547 1827 4622 Sicilia
1857 4550 1985 4604 Cas-

336 4637 545 4687 sarea;
577 4621 736 4692 quod
768 4620 911 4691 quid
940 4621 1037 4686 sit,
1070 4637 1191 4675 non
1221 4620 1412 4692 video.
1447 4622 1615 4675 Certe
1661 4620 1709 4674 si
1750 4621 1986 4692 Maurus

336 4691 697 4765 fuitrneque
728 4692 1040 4765 Cappadox
1081 4708 1215 4765 esse
1241 4691 1433 4765 potuit
1484 4706 1677 4765 neque
1730 4691 1983 4765 Siculus.

341 4766 427 4819 Ex
451 4761 1172 4819 Maurimnia'Caesariensi
1193 4761 1375 4817 fuisse
1398 4761 1705 4833 probabile
1731 4764 1985 4820 est.XYL.

416 4838 526 4904 (70)
556 4836 661 4901 Qui
704 4853 739 4890 a
768 4836 1083 4889 Maximino
1127 4834 1201 4888 ad
1242 4834 1582 4905 Philippum
1627 4850 1815 4904 usque
1862 4834 1986 4889 fue-

346 4914 490 4962 runt
518 4907 769 4979 imperio
801 4909 1065 4962 Romano
1098 4906 1288 4976 potiti,
1322 4905 1641 4979 admodum
1660 4905 1909 4979 obscure
1933 4910 1989 4961 et

348 4980 590 5034 confuse
607 4977 718 5033 hic
749 4984 1138 5033 recensentur
1189 4979 1333 5031 Cum
1366 4982 1564 5031 autem
1597 4977 1658 5030 in
1712 4978 1990 5033 manibus

352 5051 471 5106 sint
502 5050 892 5112 Herodianus,
925 5048 1296 5119 Capitolinus
1348 5050 1619 5105 Zonaras.
1655 5048 1780 5119 alii,
1829 5050 1988 5105 malo

346 5121 632 5177 lectorem
665 5122 736 5176 ad
770 5137 872 5175 eos
902 5120 1203 5175 remittere
1235 5136 1410 5190 quam
1454 5121 1568 5174 huc
1597 5121 1990 5176 transcribere

345 5194 479 5250 ista.
514 5196 624 5248 Pro
657 5192 941 5257 Pupliano
974 5196 1050 5257 (p.
1088 5193 1183 5245 451
1222 5208 1271 5244 v.
1305 5195 1356 5257 5)
1388 5208 1458 5245 ex
1490 5192 1735 5247 historia
1758 5192 1991 5246 restitui

345 5209 479 5250 ista.
514 5209 624 5248 ιιΓο
657 5209 737 5246 ru
785 5209 941 5245 nano
974 5209 986 5257 ι
1043 5235 1050 5244 .
1088 5209 1183 5245 οοι
1222 5209 1271 5244 ν.
1305 5209 1356 5257 ο)
1388 5209 1458 5245 ex
1491 5209 1735 5247 mstoria
1758 5209 1989 5246 resumi

342 5266 701 5337 Pupienum.
735 5210 846 5318 δ)οά
877 5209 1032 5333 quid)
1052 5262 1164 5316 sibi
1188 5263 1297 5317 iste
1317 5262 1639 5337 Juni0r(ib.
1675 5279 1727 5337 _v_.
1751 5263 1989 5337 2)_vel_it,

339 5333 461 5391 non
492 5336 768 5408 conjicio.
800 5337 1210 5408 Protectorum
1270 5334 1627 5408 quidem,Aut
1662 5333 1988 5408 dignitatis,

338 5407 563 5462 mentio
593 5405 748 5478 apud
772 5405 1149 5478 Ammianum
1178 5409 1267 5461 est
1291 5405 1846 5478 ’CreberrimaJnter
1862 5422 1994 5478 pro-

336 5481 592 5548 tectores
633 5477 1006 5533 domesticos
1064 5495 1125 5533 se
1184 5493 1421 5548 quoque
1477 5477 1585 5548 sub
1643 5477 1990 5532 Constantio

332 5547 519 5620 fuisse
550 5548 775 5604 indicat
803 5548 971 5620 μιν,
1003 5554 1062 5604 et
1090 5566 1161 5604 ex
1191 5547 1461 5620 ejusdem
1496 5547 1531 5601 l.
1584 5564 1698 5601 xxx
1743 5554 1996 5619 apparet

332 5617 515 5691 fuisse
530 5620 779 5691 gradum
793 5619 867 5675 ad
883 5617 1254 5691 tribunitiam
1278 5619 1629 5691 dignitatem
1650 5617 1993 5691 proximum

330 5689 487 5763 apud
520 5688 791 5765 Nostrum
822 5688 1193 5765 προτίδιτωρες
1233 5688 1534 5746 dicuntur.
1580 5688 1994 5765 ls‘Jovianum

329 5760 564 5835 quoque
588 5760 697 5820 sub
719 5760 1061 5821 Constantio
1081 5760 1267 5821 fuisse
1279 5765 1678 5834 protectorem
1699 5763 1992 5837 ait.Apud

2096 4475 2505 4555 Marcellinum
2530 4477 2808 4534 eumdem
2842 4479 3184 4555 scholarum
3207 4499 3442 4554 quoque
3461 4484 3761 4555 palatino-

2096 4565 2231 4627 rum
2263 4548 2487 4603 mentio
2520 4564 2642 4627 non
2672 4567 2825 4627 rara.
2863 4553 3133 4624 Satisque
3161 4548 3390 4625 liquere
3419 4548 3560 4627 puto
3585 4558 3762 4613 scho-

2098 4620 2291 4701 larpm
2324 4635 2560 4701 nomen
2578 4620 2932 4701 legionibus,
2967 4620 3098 4696 quae
3130 4620 3437 4698 perpetuo-
3458 4628 3758 4701 stipendio

2099 4691 2434 4773 alebantur,
2467 4691 2756 4773 tributum
2783 4691 2963 4773 fuisSe
2985 4691 3009 4773 §_
3036 4691 3303 4773 quarum
3322 4691 3635 4773 praefectus
3658 4701 3756 4756 do-

2100 4762 2329 4819 mestici
2374 4762 2771 4834 appellatione
2830 4762 3153 4824 identidem
3213 4762 3428 4825 deinde
3475 4772 3754 4836 afﬁcitur,

2100 4837 2733 4912 nonnunquametiam
2757 4836 3118 4912 ἐξηγούμενος
3135 4844 3241 4892 τῶν
3263 4838 3488 4912 σχολῶν
3515 4843 3754 4898 dicitur.

2099 4907 2234 4988 xvi...
2273 4937 2336 4945 --
2370 4907 2705 4988 Qandidatos
2736 4907 3235 4988 agm'en'militare
3275 4907 3545 4988 recenset
3602 4913 3753 4964 Mar-

2100 4977 2351 5052 cellinus
2383 4976 2420 5031 l.
2443 4995 2563 5052 xxv
2589 4986 2646 5034 et
2685 4976 2836 5035 xxii.
2873 4989 2954 5036 Ac
2980 4983 3217 5036 eosdem
3252 4982 3379 5052 pari
3435 4983 3557 5036 fere
3612 4996 3752 5035 casu

2098 5049 2334 5103 Iuliano
2358 5054 2417 5102 et
2440 5050 2662 5106 Valenti
2682 5053 2938 5107 violenta
2960 5060 3147 5106 morte
3179 5049 3461 5122 perituris
3492 5052 3751 5107 militan-

2102 5128 2211 5176 tes.
2237 5122 2573 5176 Protectores
2599 5140 2836 5193 quoque
2876 5131 3167 5178 memorat
3199 5124 3355 5177 idem
3390 5124 3426 5179 l.
3462 5141 3609 5191 xxxv,
3643 5140 3753 5180 nec

2103 5208 2222 5246 non
2254 5199 2312 5245 et
2336 5193 2844 5267 Scitulares;_quos
2865 5211 3071 5267 omnes
3100 5196 3476 5267 imperatoris
3507 5196 3757 5267 stipato-

2103 5280 2198 5318 res
2221 5269 2281 5337 et
2300 5264 2589 5337 satellites
2607 5263 2790 5319 fuisse
2814 5264 3073 5321 ostendit
3096 5263 3272 5337 quam
3297 5266 3530 5321 erudite
3552 5263 3758 5322 Henri-

2105 5351 2215 5410 cus
2241 5334 2507 5410 Valesius
2534 5335 2593 5387 in
2627 5334 3136 5410 annotationibus:
3169 5338 3419 5410 Eosdem
3451 5338 3757 5410 plerisque

2105 5405 2251 5461 locis
2290 5402 2888 5481 σπαθαροκανδιδοὶτους
2946 5416 3112 5465 vocat
3164 5409 3263 5481 jus
3313 5402 3761 5467 Graeco-Bouia-

2107 5493 2274 5532 num.
2307 5478 2481 5531 Gem.

2178 5550 2434 5623 Marcum
2467 5552 2688 5623 autem,
2724 5551 2822 5622 qui
2856 5558 2989 5623 post
3019 5552 3379 5609 Gordianum
3408 5552 3601 5609 lectus
3624 5554 3755 5623 fuit,

2104 5619 2431 5696 triennium
2464 5619 2788 5696 imperasse
2821 5619 2917 5695 (ib.
2964 5642 3015 5682 v.
3073 5624 3160 5695 l6)
3209 5625 3597 5681 falsissimum
3645 5619 3755 5696 est,

2106 5708 2243 5777 cum
2268 5691 2359 5774 vel
2385 5706 2457 5745 ex
2483 5691 2709 5777 Zonara
2739 5691 2970 5777 constet
2999 5691 3151 5777 anni
3190 5696 3456 5777 nondum
3508 5691 3750 5777 accepto

2105 5767 2357 5835 imperio
2387 5767 2744 5823 exstinctum
2779 5767 2978 5825 fuisse.
3006 5769 3071 5825 Ei
3105 5769 3351 5827 Severus
3381 5767 3750 5829 Hostiliaﬁus
