4154 6430
296 403 420 462 493

1471 388 2016 454 HISTORIARUM
2064 388 2217 450 COM
2231 389 2581 451 PENDIUM
2592 436 2606 450 .

3614 392 3737 452 494

291 535 393 592 καὶ
461 530 750 611 ἀπεσφάγη
843 530 950 585 ὑπὸ
1034 530 1356 604 στρατωτῶν
1436 528 1496 580 '0
1582 522 1640 581 δὲ
1697 519 1989 611 Γορδιανᾷς

2121 522 2387 582 .erfectus
2419 531 2598 581 est-a
2626 500 2942 580 militibus.
3003 522 3302 579 Godianus
3361 530 3561 583 autem
3609 527 3742 600 jam

298 608 654 699 προεγεγόνει
704 623 909 694 Καῖσαρ
967 618 1114 693 παρὰ
1191 614 1514 691 Μαξιμίνου.
1565 612 1850 699 Φίλιππος
1912 608 1970 665 δὲ

300 698 607 787 ὁέπαρχος
642 710 736 765 τὸν
776 713 923 763 σῖτον
986 703 1414 781 διακομισθῆναι
1476 708 1558 776 τῷ
1586 705 1801 780 στρατῶ
1830 698 1970 755 ἐκώ-

308 802 492 876 λυσεν,
573 798 758 862 Οὗτος
848 795 905 853 δὲ
984 798 1052 868 ἦν
1106 798 1289 871 πατὴρ
1336 802 1435 866 τῆς
1490 793 1641 870 ἁγίας
1700 792 1970 867 μάρτυρος

311 890 618 967 Εὐγενείας.
674 889 799 947 Ἐπὶ
877 886 1074 943 τούτου
1128 888 1196 956 ἧν
1257 885 1286 940 ὁ
1344 884 1497 961 ἅγιος
1554 877 1808 943 Βαϐύλας
1852 878 1968 936 ἐπί-

310 1004 521 1046 σκοπος
577 979 920 1055 Ἀντοχείας,
975 977 1066 1033 καὶ
1122 977 1173 1032 οἱ
1250 976 1396 1051 ἅγιοι
1482 973 1806 1050 Λαυρέντιος
1881 969 1971 1026 καὶ

308 1071 625 1144 Κυπριανὸς
674 1068 1079 1145 ἐμαρτύρησαν,
1128 1066 1219 1121 καὶ
1273 1064 1520 1142 Εὐγὲνιος
1577 1062 1794 1139 γέγονεν
1853 1058 1971 1116 ἐπί-

316 1183 527 1224 σκοπος
560 1158 865 1230 Βυζαντίου
894 1151 987 1228 ἔτη
1023 1156 1115 1212 κε’.

380 1340 536 1397 Μετὰ
584 1332 861 1397 Βαλϐῖνον
918 1330 1234 1391 ἐϐασίλευσε
1291 1331 1639 1395 Πουπλιανὸς
1699 1337 1872 1404 μῆνας
1905 1329 1976 1404 β’,

304 1429 400 1485 καὶ
429 1427 639 1502 ἐσφάγη
672 1424 726 1481 ἐν
760 1423 1013 1497 πολέμῳ.

386 1517 540 1576 Μετά
569 1514 627 1571 δέ
655 1518 846 1571 τοῦτον
881 1508 1223 1569 ἐϐασίλευσεν
1268 1510 1512 1586 Ἰουνίωρ
1576 1516 1750 1583 μῆνας
1809 1512 1975 1592 τρεῖς,

317 1611 383 1670 ’ὸς
443 1610 652 1682 πρῶτος
726 1603 949 1675 ἐποίησε
1005 1599 1359 1663 κανόιδάτους
1416 1601 1508 1656 καὶ
1560 1598 1976 1676 πρωτίκτωρας,

322 1696 419 1754 καὶ
449 1696 510 1751 τὸ
536 1695 718 1770 τάγμα
740 1697 851 1749 τῶν
888 1690 1205 1772 σχολαρίων
1266 1692 1697 1764 συστησάμενοςξ
1727 1686 1977 1744 ἐκάλεσεν

312 1784 458 1841 αὐτὸ
482 1783 807 1857 Ἰουνιώρων
840 1781 917 1844 εἷς
947 1783 1011 1837 τὸ
1042 1778 1178 1836 ἴδιον
1211 1779 1403 1852 ὄνομα.

2078 617 2214 669 ante
2230 614 2424 670 fuerat
2443 631 2477 671 a
2499 614 2819 670 Maximino
2840 615 3037 671 Caesar
3058 612 3412 685 appellatus.
3429 615 3741 688 Philippus

2081 708 2283 760 autem
2313 704 2626 776 prmfectus
2657 706 2944 761 alimenta
2972 705 3034 761 in
3065 710 3261 760 castra
3291 704 3509 761 deferri
3543 707 3744 780 prohi-

2080 791 2244 847 buit:
2279 794 2329 849 is
2360 794 2505 851 45]
2541 794 2654 849 fuit
2681 799 2853 866 pater
2884 799 3102 849 sanctas
3134 795 3411 867 martyris
3443 794 3739 869 Eugeniae.

2083 883 2163 937 Ea
2192 887 2543 956 tempestate
2574 886 2890 956 episcOpus
2940 885 3281 940 Antiocheae
3334 884 3449 941 fuit
3504 891 3742 944 sanctus

2085 971 2355 1044 Babylas,
2387 978 2447 1028 et
2476 974 2667 1030 sancti
2728 974 3078 1030 Laurentius
3134 990 3205 1030 ac
3248 973 3577 1047 Cyprianus
3633 992 3740 1047 pro

2085 1063 2327 1119 veritate
2394 1065 2751 1137 supplicium
2832 1065 3226 1137 pertulerunt.
3305 1067 3375 1121 Et
3440 1068 3741 1141 Eugenius

2085 1153 2497 1225 episcopatum
2528 1155 2928 1226 Byzantinum
2961 1156 3208 1228 accepit,
3269 1173 3338 1214 ac
3392 1157 3573 1229 gessit
3631 1175 3743 1216 an-

2086 1258 2196 1298 nos
2226 1246 2313 1298 25.

2158 1337 2298 1390 Post
2336 1334 2648 1391 Balbinum
2707 1335 3019 1408 imperavit
3073 1336 3375 1409 Pupienus
3424 1354 3663 1395 menses
3688 1341 3743 1395 2.

2084 1422 2324 1479 Occisus
2355 1429 2447 1480 est
2475 1423 2538 1480 in
2567 1423 2749 1480 bello.

2156 1513 2298 1568 Post
2325 1514 2484 1568 hunc
2513 1514 2720 1569 Junior
2748 1530 2987 1570 menses
3017 1517 3070 1569 3.
3102 1516 3158 1570 Is
3197 1515 3429 1587 primus
3489 1516 3749 1574 instituit

2088 1600 2435 1657 candidatos
2467 1607 2525 1658 et
2544 1607 2911 1674 protectores
2942 1608 3001 1659 et
3020 1602 3292 1662 ordinem
3314 1605 3748 1663 scholariorum

2090 1706 2267 1762 quem
2297 1691 2608 1747 Juniorum
2641 1708 2675 1747 a
2704 1708 2765 1748 se
2797 1693 3145 1748 nominavit.

392 1875 550 1932 Μετά
604 1876 797 1928 τοῦτον
856 1866 1173 1927 ἐϐασίλευσε
1256 1866 1548 1944 Γορδιανὸς
1582 1867 1610 1921 ὁ
1638 1866 1754 1928 υἱὸς
1813 1865 1979 1921 αὐτοῦ

451 1961 492 1972 -.
549 1965 593 1972 --
636 1962 649 1972 .
688 1960 702 1972 .
851 1959 870 1972 .
896 1961 907 1972 .
1270 1959 1281 1972 .
1430 1961 1457 1972 ..
1516 1954 1541 1972 ..
1797 1956 1811 1972 .
1849 1953 1902 1972 ,η

2161 1872 2301 1926 Post
2328 1871 2488 1926 hunc
2522 1871 2676 1927 ﬁlius
2724 1872 2853 1944 ejus
2905 1872 3236 1928 Gordianus
3286 1873 3599 1946 imperavit
3641 1890 3747 1929 an-

310 1960 413 2035 ἔτη
448 1961 515 2021 δ’.
549 1962 653 2021 Καὶ
685 1960 738 2017 ἐν
770 1959 1009 2035 πολέμῳ
1041 1959 1331 2035 συμπεσὼν
1390 1961 1472 2031 τῶ
1516 1954 1675 2030 Γίππῳ
1727 1956 1814 2011 καὶ
1848 1953 1983 2010 θλα-

2121 1978 2197 2017 lOS
2230 1962 2282 2016 4.
2310 1962 2377 2017 In
2409 1960 2566 2017 bello
2597 1978 2732 2018 cum
2769 1978 2920 2033 equo
2951 1979 3257 2030 corruens,
3289 1962 3477 2021 fracto
3520 1964 3748 2021 femore

316 2054 467 2115 σθεὶς
498 2052 592 2109 τὸν
628 2051 799 2125 μηρὸν
827 2050 1075 2108 ἀπέθανε.

390 2140 549 2201 Μετά
597 2138 654 2196 δὲ
708 2137 1000 2215 Γορδιανὸν
1056 2135 1405 2194 ἐϐασίλευσεν
1480 2134 1757 2209 Οὗνίωρος
1792 2178 1807 2206 ,
1866 2132 1983 2197 υἱὸς

321 2230 523 2301 αὐτοῦ,
581 2226 676 2300 ἔτη
738 2228 855 2303 δύο,
925 2227 1015 2285 καὶ
1077 2224 1360 2303 ὑδεριάσας
1421 2223 1698 2281 ἀπέθανεν.
1758 2223 1874 2302 Ἐφ’
1923 2223 1985 2278 οὗ

324 2316 642 2380 Σαϐἑλλιος
666 2319 694 2372 ὁ
714 2319 1078 2398 αἱρεσιάρχης
1110 2315 1448 2395 ἐγνωρίζετο.

396 2410 553 2468 Μετὰ
598 2412 791 2464 τοῦτον
827 2409 1050 2485 Μάρκος
1082 2405 1175 2478 ἔτη
1210 2412 1277 2482 γ’·

394 2498 548 2555 Μετὰ
575 2494 633 2553 δὲ
664 2499 886 2570 Μάρκον
947 2495 1330 2558 Ἰουστιλιανὸς
1387 2489 1482 2566 ἔτη
1543 2491 1660 2550 δύο¹
1721 2493 1811 2548 καὶ
1855 2507 1990 2570 φλε-

325 2585 688 2661 ϐοτομηθεὶς,
720 2586 772 2641 ἐν
803 2591 884 2660 τῷ
910 2584 1188 2642 καθεύδειν
1222 2585 1449 2662 ἐξεχύθη
1494 2584 1558 2640 τὸ
1608 2585 1751 2657 αἷμα
1797 2582 1985 2655 αὐτοῦ,

329 2676 428 2733 καὶ
459 2675 874 2750 λειποθυμήσας
902 2676 1153 2741 ἀπέθανε.

405 2766 553 2823 Μετὰ
579 2764 770 2821 τοῦτον
838 2761 1159 2821 ἐϐασίλευσε
1198 2763 1477 2826 Φίλιππος
1518 2755 1611 2833 ἔτη
1673 2762 1733 2830 ζ’,
1785 2762 1845 2823 ὃς
1892 2760 1989 2815 ὑπ-

323 2870 476 2941 ῆρχε
556 2866 658 2929 τῆς
711 2860 822 2912 τῶν
905 2857 1245 2931 Χῗιστίανῶν
1325 2851 1560 2915 πίστεως
1622 2848 1992 2941 σπουδαστῆξ,

342 2935 551 3011 συνέσει
599 2949 688 3004 καὶ
773 2944 1032 3015 ἐπιεικείᾳ
1113 2941 1544 3015 κεκοσμημένος.
1625 2942 1865 3016 Ὠρμᾶτο
1939 2935 1996 2993 δὲ

333 3044 444 3100 ἀπὸ
509 3041 744 3114 Βόστρας
807 3037 921 3110 (Ἠ)
995 3041 1095 3103 τῆς
1159 3030 1452 3106 Εὐρώπης,
1506 3025 1629 3094 ἔνθα
1684 3028 1774 3085 καὶ
1832 3026 1994 3085 πόλιν

357 3128 724 3204 ᾠκοὸὁμησεν,
758 3124 1034 3197 ὀνομάσας
1068 3122 1234 3192 αὐτὴν
1297 3118 1774 3177 Φιλιππούπολιν.
1825 3115 1999 3179 Οὗτός

347 3217 583 3280 σπονδάς
639 3213 910 3291 εὶρηνικάς
971 3212 1142 3268 ἐποίει
1204 3210 1339 3284 μετᾶ
1397 3209 1668 3285 Σαπώρου
1729 3206 2000 3283 βασιλέως

336 3396 510 3477 μέχρι
539 3395 637 3471 γὰρ
671 3393 877 3449 ἐκείνου
910 3395 1008 3447 τοῦ
1057 3390 1265 3467 χρόνου
1317 3386 1650 3477 τηλικοῦτος
1684 3386 1990 3477 Ϋᾶνθρωπος

331 3476 645 3565 ουκνῶφθη.
678 3480 938 3557 Ἀνῃρέθη
971 3477 1029 3535 δὲ
1059 3479 1172 3553 ἅμα
1198 3478 1412 3552 τῷευὶᾦ
1470 3476 1604 3549 ὑπὲρ
1652 3476 1990 3552 Χριστιανῶν

335 3575 477 3633 κανά
506 3574 697 3631 Δεκίου
730 3571 1152 3651 ἀγωνιζόμενος.

406 3663 783 3739 Οὐαλεριανὸς
829 3656 947 3723 ἔτος
983 3655 1060 3715 ἓν·
1121 3657 1211 3713 καὶ
1265 3656 1473 3735 ἐσφάγη
1536 3655 1639 3711 ὑπὸ
1701 3658 1800 3710 τοῦ
1858 3652 1996 3709 λαοῦ

336 3755 531 3812 αὐτοῦ.
590 3753 704 3809 Ἐσ’
751 3750 818 3805 οὗ
850 3748 935 3805 ἐπὶ
979 3753 1150 3803 πᾶσαν
1203 3745 1665 3818 τήνξοίκουμὲνην
1714 3747 1811 3799 τοῦ
1864 3746 1998 3798 Θεοῦ

340 3845 517 3922 ὀργὴν
555 3840 803 3917 μεγάλην
854 3837 1232 3913 ἐκπέμψαντος
1262 3832 1555 3909 λοιμώδης
1607 3834 1762 3895 νόσος
1814 3833 1876 3887 τὸ
1907 3833 2000 3887 ἀν·-

346 3936 634 4007 θρώπινον
666 3931 820 4008 γένος
879 3926 1194 3997 διέφθειρεν.
1256 3925 1392 3980 Ἀπὸ
1448 3923 1548 3999 γὰρ
1592 3929 1692 3992 τῆς
1754 3928 1858 4000 γῆς
1911 3922 2001 3977 καὶ

340 4031 448 4094 τῆς
480 4020 757 4092 θαλάσσης
800 4018 967 4093 ἀτμοί
995 4037 1136 4080 τινες
1167 4015 1418 4090 ἀνῄεσαν,
1448 4012 1541 4069 καὶ
1593 4013 1730 4087 πρὸς
1787 4011 2003 4073 τούτοις

347 4112 541 4186 ἄνεμοι
578 4110 670 4166 καὶ
704 4109 858 4184 αὖραι
912 4111 1021 4163 τῶν
1082 4109 1343 4180 ποταμῶν
1400 4102 1492 4158 καὶ
1560 4101 1772 4175 λιμνῶν
1804 4102 2006 4175 ἀνιμη-

2088 2056 2361 2108 mortuus
2391 2056 2501 2107 est.

2162 2139 2459 2195 Successit
2489 2140 2541 2195 ei
2575 2140 2736 2197 illius
2766 2142 3059 2209 Uniorus;
3093 2142 3195 2215 qui
3242 2159 3379 2199 cum
3435 2142 3750 2200 biennium

2091 2228 2463 2300 imperasset,
2497 2246 2653 2301 aqua
2708 2229 3002 2287 intercute
3033 2236 3279 2288 necatus
3337 2236 3446 2290 est.
3508 2231 3625 2289 Sub
3683 2248 3751 2288 eo

2093 2316 2389 2373 Sabellius
2414 2318 2713 2375 haereseos
2743 2325 2952 2375 auctor
2979 2321 3261 2377 innotuit.

2166 2409 2307 2462 Post
2335 2407 2620 2463 Uniorum
2656 2410 2884 2465 Marcus
2916 2410 3229 2481 imperavit
3245 2426 3434 2467 annos
3464 2413 3518 2467 3.

2094 2497 2236 2551 Post
2264 2496 2423 2551 hunc
2454 2496 2818 2553 Hostilianus
2856 2498 3191 2555 biennium.
3251 2501 3307 2555 Is
3358 2517 3497 2556 cum
3544 2516 3756 2557 venam

2096 2589 2426 2656 incidisset,
2468 2588 2529 2642 in
2557 2588 2785 2643 somnis
2817 2604 2887 2644 ea
2908 2605 3148 2645 rursum
3170 2594 3378 2661 aperta
3407 2591 3646 2663 sanguis
3677 2590 3758 2647 ef-

2097 2678 2264 2733 fusus
2292 2682 2471 2750 atque
2502 2678 2586 2732 ita
2615 2677 2990 2733 exanimatus
3020 2678 3144 2750 ipse
3180 2684 3290 2736 est.

2170 2769 2311 2823 Post
2341 2767 2502 2824 hunc
2525 2766 2836 2839 Philippus
2866 2768 3173 2840 imperrvit
3202 2785 3395 2825 annos
3413 2774 3464 2826 7.
3506 2771 3560 2826 Is
3590 2770 3760 2828 Chri-

2100 2857 2309 2913 stianaa
2334 2856 2636 2930 religionis
2658 2856 2770 2912 fuit
2790 2857 3109 2927 studiosus,
3142 2859 3459 2931 prudentia
3489 2864 3548 2915 et
3577 2861 3760 2933 tequi-

2104 2954 2221 3005 tate
2254 2947 2494 3019 insigni.
2529 2948 2705 3002 Ortus
2736 2947 2849 3003 fuit
2877 2949 3101 3004 Bostris
3126 2950 3373 3021 Europa
3415 2949 3600 3018 urbe;
3656 2950 3759 3007 ubi

2105 3044 2164 3095 et
2194 3036 2405 3093 urbem
2437 3035 2723 3104 condidit,
2746 3053 2781 3091 a
2810 3053 2872 3092 se
2900 3038 3343 3111 Philippopolin
3375 3038 3618 3097 dictam.
3650 3042 3760 3098 Pa-

2107 3134 2267 3183 ctum
2298 3126 2401 3181 icit
2444 3142 2578 3181 cum
2621 3125 2838 3197 Sapore
2894 3128 3208 3183 Persarum
3238 3144 3396 3200 rege.
3428 3130 3483 3184 Is
3514 3129 3588 3185 ob
3628 3146 3764 3186 cor-

347 3217 583 3280 σπονδάς
639 3215 910 3291 εὶρηνικὰς
971 3215 1142 3268 ἐποίει
1204 3215 1339 3284 μετᾶ
1397 3215 1668 3285 Σαπώρου
1729 3215 1998 3283 βασιλέως

340 3313 583 3371 Περσῶν,
638 3305 696 3368 ὃς
744 3303 1078 3371 ἐθαυμάζετο
1136 3299 1224 3355 ἐπὶ
1272 3298 1487 3371 μεγέθει
1541 3297 1798 3370 σώματος

2121 3218 2269 3291 poris
2298 3215 2770 3289 magnitudinem
2795 3215 3177 3273 admirationi
3199 3219 3355 3275 452
3384 3217 3520 3285 fuit,
3543 3236 3679 3275 cum
3701 3220 3765 3276 in

2121 3324 2245 3365 eum
2276 3322 2464 3371 usque
2495 3304 2655 3361 diem
2684 3310 2885 3360 tantus
2927 3305 3106 3367 homo
3139 3306 3294 3363 visus
3349 3322 3471 3363 non
3528 3307 3760 3365 fuisset.

394 3313 583 3383 ερσῶν,
638 3313 696 3368 ὃς
744 3313 1078 3377 ἐθαυμάζετο
1136 3313 1224 3355 επὶ
1272 3313 1487 3374 μεγεθει
1541 3313 1798 3370 σώματος
1857 3313 1991 3370 (13)·

2107 3324 2245 3365 eum
2276 3322 2464 3378 usque
2495 3304 2655 3361 diem
2684 3310 2885 3360 tantus
2927 3305 3106 3367 homo
3139 3306 3294 3363 visus
3349 3322 3471 3363 non
3528 3307 3760 3365 fuisset.

2104 3395 2456 3455 Interfectus
2479 3399 2569 3450 est
2596 3393 2908 3467 Philippus
2934 3412 3054 3451 una
3084 3413 3220 3452 cum
3255 3394 3402 3465 filio,
3428 3400 3633 3453 contra
3653 3397 3767 3453 De—

2103 3488 2262 3544 cium
2293 3503 2399 3559 pro
2432 3484 2780 3541 Christianis
2820 3502 3229 3559 propugnans.

2180 3668 2527 3724 Valerianus
2580 3667 2890 3739 imperavit
2945 3684 3191 3738 annum,
3242 3672 3447 3740 estque
3485 3667 3766 3740 apopulo

2111 3775 2217 3815 suo
2249 3757 2501 3813 occisus.
2535 3756 2653 3813 Sub
2686 3772 2754 3812 eo
2785 3757 2874 3812 ira
2908 3757 3010 3812 Dei
3060 3758 3242 3829 pestis
3272 3757 3547 3814 universo
3581 3762 3769 3815 terra-

2110 3864 2245 3903 rum
2276 3845 2403 3901 orbi
2424 3845 2694 3901 immissa
2709 3845 3036 3901 humanum
3065 3861 3250 3919 genus
3281 3847 3521 3903 attrivit.
3544 3847 3687 3903 Nam
3707 3852 3768 3903 et

2114 3941 2328 3991 aterra
2356 3938 2417 3990 et
2458 3951 2494 3989 a
2547 3934 2698 3990 mari
2756 3951 2999 4005 vapores
3053 3934 3431 4002 exbalabant,
3493 3935 3769 4006 ventique

2117 4028 2405 4096 praeterea
2435 4026 2494 4077 et
2521 4038 2681 4077 aurae
2713 4039 2747 4077 a
2776 4022 2970 4079 ﬂuviis
3027 4028 3203 4095 atque
3254 4040 3289 4078 a
3316 4022 3635 4095 paludibus
3664 4023 3771 4080 udi

2118 4128 2366 4184 vapores
2395 4110 2721 4182 spirabant,
2755 4127 2970 4182 rosque
2992 4112 3178 4167 saniei
3199 4117 3572 4169 mortuorum
3605 4112 3774 4169 simi—

348 4223 461 4264 σεις
520 4199 828 4270 ἀπὲπνεον,
889 4198 961 4259 ὡς
1029 4194 1270 4268 νομίζειν
1330 4196 1536 4266 νεκρῶν
1596 4191 1806 4267 ἰχῶρας
1872 4191 1998 4257 εἶναι

2121 4201 2197 4256 lis
2228 4199 2569 4272 apparebat.
2609 4200 2809 4270 Itaque
2839 4199 3151 4255 continens
3180 4200 3404 4272 ubique
3435 4200 3780 4273 pestilentia

347 4292 450 4351 τὰς
483 4287 737 4365 δρόσους.
797 4290 1052 4363 Συνεχεῖς
1085 4285 1178 4340 οὗν
1213 4283 1272 4338 ἐκ
1300 4281 1499 4339 τούτου
1532 4280 1725 4355 λοιμοέ
1780 4282 1879 4350 τήν
1907 4288 2012 4365 γῆν

350 4363 611 4455 συνεῖχρν
694 4379 781 4434 καὶ
873 4376 1038 4453 βαρέα
1109 4373 1199 4429 καὶ
1285 4371 1475 4428 ἀνίατα
1557 4372 1871 4445 νοσήματα,
1920 4363 2015 4429 καὶ

2124 4288 2438 4359 morbique
2469 4304 2670 4359 graves
2702 4287 3147 4343 etinsanabiles
3179 4288 3557 4345 innumeram
3585 4290 3778 4347 homi-

2126 4395 2272 4434 num
2306 4375 2755 4433 multitudinem
2787 4376 3270 4448 absumpserunt,
3302 4377 3451 4435 adeo
3483 4383 3548 4435 ut
3592 4378 3783 4452 plera-

352 4469 582 4545 ἄπειρον
637 4469 730 4523 καὶ
782 4466 1147 4542 ἀναρίθμητον
1207 4462 1453 4540 γενέσθαι
1530 4465 1637 4517 τῶν
1717 4461 1998 4538 ἀνθρώπως

2128 4485 2244 4542 que
2274 4467 2559 4525 cadavera
2586 4467 2893 4524 inhumata
2915 4466 3237 4537 jacuerint.

352 4560 451 4615 τὸν
513 4556 740 4631 ὄλεθρον
773 4600 788 4628 ,
847 4555 987 4612 ὥστε
1039 4554 1165 4616 τοὺς
1223 4550 1485 4614 πλείονας
1540 4554 1649 4606 τῶν
1707 4552 2019 4609 τεθνεώτων

356 4648 601 4720 ἀτάφους
633 4643 1131 4719 ὑπολιμπάνεσθαι.

438 4737 527 4809 [Ρ.
560 4735 687 4807 258]
718 4731 871 4792 Μετά
902 4729 960 4787 δὲ
1006 4727 1373 4805 Οὐαλεριανὸν
1430 4722 1746 4783 ἐϐασίλευσε
1802 4727 2018 4793 Γάλλος

358 4823 457 4880 καὶ
488 4821 891 4884 Βουλουσιανὸς
942 4818 1036 4889 ἔτη
1108 4818 1156 4893 β’
1216 4823 1388 4892 μῆνας
1446 4821 1515 4887 η’.
1576 4812 1679 4872 Καὶ
1740 4814 2018 4894 ἐπεκράτει

362 4916 391 4970 ὁ
465 4912 663 4986 λοιμὸς
727 4909 778 4966 ἔν
832 4914 951 4973 ταῖς
1004 4906 1240 4982 ἡμέραις
1296 4905 1544 4977 ἐκείναις,
1613 4908 1854 4975 κινηθεὶς
1918 4909 2023 4965 ἀπὸ

362 5001 655 5063 Αἰθιοπίας
708 5000 875 5075 μέχρι
947 4999 1048 5069 τῆς
1106 4998 1338 5066 Λύσεως,
1394 4995 1467 5058 ὡς
1528 4992 1801 5069 μηδεμίαν
1859 4999 2022 5058 πόλιν

2200 4741 2340 4795 Post
2370 4738 2746 4794 Valerianum
2805 4737 3004 4794 Gallus
3034 4742 3094 4793 et
3122 4739 3477 4798 Volusianus
3531 4740 3790 4814 impera-

2131 4832 2343 4884 verunt
2372 4843 2561 4882 annos
2592 4829 2645 4896 2,
2678 4843 2917 4883 menses
2948 4828 3001 4882 8.
3055 4829 3135 4887 Eo
3168 4832 3435 4902 tempore
3466 4830 3650 4902 pestis
3699 4830 3795 4885 in-

2134 4917 2334 4983 valuit,
2380 4916 2452 4972 ab
2474 4916 2771 4988 .Ethiopia
2795 4917 2858 4972 in
2880 4917 3191 4975 occiduam
3234 4936 3423 4992 usque
3457 4925 3629 4977 terrae
3658 4936 3796 4992 par-

2136 5010 2259 5061 tem
2310 5010 2670 5078 propagata:
2706 5022 2902 5078 neque
2933 5008 3056 5064 ulla
3086 5008 3198 5065 fuit
3225 5009 3368 5066 urbs
3400 5010 3528 5082 ejus
3562 5024 3797 5079 expers,

1575 5096 1941 5158 XYLANDRI
1979 5106 2066 5160 ET
2103 5105 2318 5162 GOARI
2357 5105 2582 5161 NOTAE.

369 5218 691 5291 sufficitur.
725 5218 896 5291 cujus
928 5214 1246 5291 imperium
1284 5211 1494 5291 eadem
1525 5212 1641 5291 fuit
1665 5215 2032 5275 conditione.

373 5293 429 5347 Is
459 5308 495 5346 a
525 5284 1063 5347 Cedreni'librario
1093 5285 1486 5350 Justinianus,
1519 5300 1554 5339 a
1604 5284 1827 5342 Zonare
1875 5297 2039 5349 recte

372 5363 745 5419 Hostilianas
802 5361 1038 5417 dicitur.
1072 5360 1239 5413 Certe
1271 5374 1391 5429 pro
1411 5352 1504 5424 ἔτη
1536 5352 1770 5428 ἡμέρας,
1804 5377 1908 5429 pro
1940 5380 2041 5420 an-

372 5436 491 5503 nis,
525 5434 656 5490 dies
688 5432 1006 5506 legendum
1033 5437 1198 5503 puto.
1231 5426 1397 5507 Ωιιοά
1422 5426 1601 5507 supra
1633 5426 1724 5483 est
1748 5426 1848 5507 (ῥὸ.
1882 5450 1934 5507 v.
1965 5435 2040 5507 1.)

2150 5221 2317 5293 dunt.
2350 5222 2420 5276 Et
2448 5221 2689 5292 quidem
2720 5223 3071 5279 Ammianus
3099 5223 3496 5289 Marcellinus,
3550 5220 3805 5293 scriptor

2153 5291 2668 5366 diligentissimus,
2691 5294 2961 5351 Bostram
2981 5295 3277 5349 Armeniae
3307 5295 3607 5366 ingentem
3624 5291 3804 5363 atque

2152 5365 2447 5421 munitam
2484 5366 2689 5421 urbem
2722 5370 3170 5422 commemorat.
3204 5367 3246 5420 Ι.
3280 5365 3390 5421 xxv.
3410 5366 3547 5420 XvL.

2227 5436 2339 5509 (72)
2372 5437 2751 5509 Ambiguum,
2785 5438 2857 5491 de
2886 5439 3184 5509 Saporene
3207 5453 3280 5492 an
3308 5436 3380 5491 de
3410 5435 3678 5509 Philippo
3713 5437 3807 5509 in-

374 5510 435 5580 lsi
454 5501 575 5580 fuit
599 5501 779 5580 pata:
799 5501 1295 5580 sanctargjnartygjts
1326 5501 1610 5570 Eugeniae,
1644 5502 1819 5569 quale
1870 5505 1947 5561 sit
1975 5501 2047 5563 ei
2157 5501 2343 5580 telligi
2373 5501 2586 5564 debeth
2622 5501 2877 5564 Zonaras
2905 5501 2983 5580 de
3001 5508 3217 5580 Sapore
3252 5507 3512 5580 exponit.
3548 5501 3809 5564 Valeria-

374 5574 666 5651 Philippo
687 5579 931 5633 Zonaras
965 5575 1180 5631 disces.
1214 5574 1352 5651 livp.

2158 5596 2271 5635 nus
2295 5578 2501 5636 autem
2532 5581 2647 5636 huc
2676 5595 2798 5634 non
2835 5578 3112 5637 pertinet.
3172 5579 3285 5635 Sed
3313 5579 3405 5635 vel
3433 5580 3685 5637 Zonaras
3714 5580 3812 5636 hic

446 5644 561 5724 (71)
580 5644 849 5725 ξΒᾷστρων
886 5653 1021 5725 _est
1079 5644 1255 5725 apud.
1283 5644 1630 5725 Zonaram;
1690 5647 1998 5725 et_Arabe1

2159 5650 2442 5709 lectorem
2474 5650 2811 5725 eXplicabit.
2835 5644 2986 5707 ΧΠ..

378 5714 757 5781 ῑιιίιιόΐιιίεεό
787 5736 856 5778 ac
886 5721 1093 5777 Bostra
1117 5714 1351 5775 Arabia
1380 5714 1616 5783 urbem,
1658 5717 1876 5790 reliqui
1927 5728 2053 5779 tra-
