4154 6444
376 401 500 462 495

1745 393 2070 458 GEORGII
2101 392 2439 457 CEDRENI

3684 403 3805 463 496

376 532 582 590 multa
613 530 793 589 etiam
825 530 917 587 bis
948 547 1017 588 ea
1043 530 1141 588 lue
1165 531 1473 588 intestata.
1519 529 1789 587 Obtinuit
1844 545 2032 585 annos

2150 529 2329 597 μεῖναι
2385 525 2583 581 τούτου
2650 526 2905 601 ἄμοιρον.
2967 526 3246 592 Πολλάκις
3305 527 3363 585 δὲ
3417 532 3504 585 καὶ
3568 529 3651 593 δὶς
3708 534 3808 603 τῆς

384 626 470 682 15.
506 623 693 697 Capit
722 627 1026 693 autumno,
1062 628 1120 679 et
1149 623 1326 679 desiit
1355 622 1462 679 sub
1493 626 1691 679 ortum
1723 620 2030 678 canicula.

382 715 827 789 Propagabatur
855 714 1094 770 morbus
1116 715 1226 770 iste
1249 715 1426 770 etiam
1455 713 1846 781 vestimentis,
1874 711 2031 767 solo-

382 822 498 879 que
528 804 675 861 adeo
706 809 966 876 aspectu,
998 820 1193 876 neque
1222 803 1334 860 fuit
1361 805 1573 861 domus
1602 804 1665 859 in
1696 820 1815 876 qua
1855 818 2033 858 nemo

383 900 541 952 esset
581 900 868 950 mortuus.
931 894 1044 949 Alii
1101 900 1265 951 metu
1321 894 1692 967 contagionis
1750 893 2037 950 cadavera

380 983 800 1056 relinquebant
829 982 1149 1056 insepulta.
1180 984 1266 1040 Pli
1306 991 1506 1040 autem
1537 988 1788 1057 agrotos
1826 996 2034 1038 secure

383 1078 663 1131 curantes
722 1072 881 1128 luem
940 1072 1052 1129 sibi
1091 1074 1483 1144 asciscebant,
1536 1089 1792 1146 cumque
1832 1071 1905 1127 iis
1934 1074 2039 1126 aut

381 1168 517 1238 post
546 1180 647 1221 eos
678 1163 791 1237 ipsi
851 1180 1089 1236 quoque
1147 1166 1573 1222 moriebantur.
1632 1167 1712 1220 Eo
1768 1168 2035 1235 tempore

379 1253 632 1326 Scytha,
667 1253 913 1326 trajecto
939 1254 1090 1309 Istro
1113 1271 1352 1311 omnem
1375 1254 1756 1311 Occidentem
1775 1252 2035 1309 Italiam-

380 1359 497 1416 que
527 1344 684 1401 458
718 1347 902 1399 totam
934 1343 1380 1401 incursionibus
1411 1344 1735 1418 depradati
1786 1347 1946 1410 sunt,
1980 1346 2040 1397 et

389 1433 594 1489 Asiam
643 1438 1100 1504 occupaverunt,
1132 1434 1276 1489 solis
1304 1434 1411 1490 Ilio
1443 1438 1502 1489 et
1530 1433 1758 1507 Cyricio
1789 1431 2036 1487 urbibus

379 1522 667 1594 exceptis.
702 1520 1055 1578 Volusianus
1086 1522 1235 1579 Galli
1267 1522 1424 1578 filius
1455 1528 1600 1579 erat.
1635 1522 1835 1577 Gallus
1867 1537 1902 1576 a
1930 1535 2038 1576 sua

373 1625 560 1668 uxore
592 1610 897 1667 dormiens
948 1611 1261 1685 jugulatus
1294 1618 1383 1668 est
1414 1628 1429 1680 ;
1465 1612 1852 1668 Volusianum
1883 1609 2037 1666 mili-

375 1704 470 1756 tes
500 1699 962 1757 trucidaverunt.

456 1967 667 2024 Decius
696 1967 1008 2040 imperavit
1043 1966 1377 2025 biennium.
1407 1970 1464 2025 Is
1523 1967 1741 2024 multos
1801 1971 2039 2024 sanctos

386 2056 681 2129 supplicio
713 2057 913 2114 ati‘ecit
942 2074 1009 2114 ac
1038 2058 1173 2114 neci
1232 2057 1495 2114 tradidit.
1529 2057 1647 2115 Sub
1705 2073 1772 2113 eo
1829 2057 2040 2113 beatus

385 2147 714 2220 Cyprianus
772 2152 831 2203 et
858 2148 1036 2205 beata
1072 2148 1322 2219 Iustina,
1367 2153 1495 2205 tum
1543 2149 1756 2221 Ephesi
1811 2153 2039 2220 septem

382 2238 553 2308 pueri
566 2254 900 2311 magnaque
914 2243 1255 2295 sanctorum
1286 2239 1606 2295 multitudo
1638 2238 1711 2294 ob
1729 2255 1881 2294 vera
1897 2237 2036 2294 reli-

379 2327 573 2400 gionis
594 2327 1025 2399 professionem
1056 2329 1251 2385 necati
1284 2335 1438 2385 sunt.
1460 2330 1517 2384 Is
1547 2328 1820 2384 edixitne
1836 2330 2036 2385 Roma

379 2415 664 2472 mulieres
677 2417 1022 2473 Christiana
1045 2422 1222 2489 eaput
1241 2417 1528 2485 velarent,
1555 2433 1804 2489 sperans
1827 2433 1895 2473 ea
1915 2421 2036 2472 tur-

379 2505 672 2578 pitudine,
705 2506 879 2562 sicuti
908 2506 1246 2579 putabatur,
1281 2506 1355 2563 ad
1413 2506 1623 2563 falsam
1682 2506 2034 2580 religionem

374 2594 638 2667 pertrahi
673 2611 771 2651 eas
801 2612 997 2668 posse.
1058 2597 1276 2653 Verum
1334 2612 1418 2652 ea
1477 2595 1819 2652 maluerunt
1872 2595 2033 2651 nudo

371 2683 562 2757 capite
594 2683 856 2757 prodire.
889 2684 1032 2741 Inde
1059 2691 1151 2742 est
1178 2684 1337 2758 quod
1369 2685 1431 2741 in
1458 2686 1619 2742 hunc
1648 2702 1836 2757 usque
1870 2685 2029 2742 diem

369 2772 716 2830 Christiana
748 2773 1007 2847 perfecte
1028 2774 1314 2831 mulieres
1344 2774 1503 2831 nudo
1525 2774 1812 2832 incedunt
1840 2775 2029 2848 capite

370 2862 590 2919 Iudaa
617 2869 817 2919 autem
848 2867 907 2920 et
936 2864 1187 2920 ethnica
1216 2870 1393 2920 tecto.
1428 2864 1545 2920 Sub
1575 2865 1751 2920 Decio
1784 2864 2034 2937 Babylas

376 2950 727 3021 Antiochia,
758 2951 1069 3009 Flavianus
1113 2955 1335 3022 Roma,
1368 2952 1703 3010 Alexander
1758 2953 2032 3010 Hieroso-

373 3039 573 3111 lyma,
603 3040 1041 3113 Dionysiusque
1087 3041 1452 3099 Alexandria
1507 3042 1769 3116 episcopi
1799 3042 2030 3099 veritati

375 3131 589 3188 divina
623 3133 1031 3190 testimonium
1071 3133 1384 3191 toleranda
1439 3152 1585 3191 nece
1644 3135 1930 3192 tulerunt.
1961 3136 2031 3192 Et

371 3222 625 3279 Novatus
654 3222 966 3295 presbyter
995 3224 1068 3280 ab
1100 3225 1362 3282 Ecclesia
1402 3225 1637 3291 defecit,
1671 3242 1771 3282 eos
1815 3226 1915 3297 qui
1962 3227 2023 3281 in

368 3327 615 3384 persecu
624 3311 781 3368 tione
797 3312 911 3369 diis
924 3314 1336 3371 immolassent
1349 3316 1760 3387 panitentiam
1783 3320 2024 3388 agentes

2149 611 2367 677 πόλεως
2425 615 2723 692 ἐπήρχετο.
2781 619 3024 693 Ἐκράτει
3083 616 3141 674 δέ
3198 616 3291 690 ἔτη
3356 622 3434 690 ιε’,
3494 620 3808 697 ἀρχόμενος

2149 701 2256 758 ἀπὸ
2287 704 2635 781 φθινοπώρου
2683 706 2773 763 καὶ
2834 707 3024 785 λήγων
3052 712 3125 782 τῇ
3177 712 3274 764 τοῦ
3316 709 3488 772 Κυνὸς
3546 711 3803 785 ἐπιτολῇ.

2151 792 2481 849 Μετεδίδοτο
2541 793 2598 851 δὲ
2652 799 2687 866 ἡ
2735 796 2892 859 νόσος
2949 796 3083 869 αὕτη
3143 798 3249 855 ἀπό
3307 819 3366 855 τε
3412 799 3650 874 εἱμάτων
3711 800 3804 855 καὶ

2148 884 2320 958 ψιλῆς
2349 886 2491 948 θὲας.
2541 886 2618 943 Οὐ
2676 890 2780 964 γὰρ
2840 890 2905 957 ἦν
2975 889 3122 944 οἰκία
3178 888 3230 944 ἐν
3279 893 3319 959 ἦ
3372 892 3643 960 τεθνηκὼς
3702 891 3807 947 οὐκ

2147 973 2238 1043 ἦν.
2281 974 2384 1030 Καὶ
2416 975 2590 1049 οἱμὲν
2621 971 2776 1054 φόϐῳ
2804 981 2901 1032 τοῦ
2963 980 3038 1050 μὴ
3101 975 3423 1050 μεταλαϐεῖν
3481 986 3582 1049 τῆς
3639 981 3804 1035 νόσου

2150 1064 2386 1146 ἀτάφους
2481 1065 2606 1121 εἳων
2696 1069 2825 1131 τοὸς
2907 1069 3254 1141 τεθνηκότας,
3326 1073 3378 1125 οἱ
3437 1066 3805 1148 εὐσεϐέστεροι

2150 1151 2207 1210 δὲ
2256 1154 2727 1235 ἀπαραφυλάκτως
2782 1157 2911 1221 τοὺς
2964 1163 3258 1223 νοσοῦντας
3311 1162 3696 1236 Θεραπεύοντες
3726 1163 3806 1226 εἷς

2150 1244 2372 1307 ἑαυτοὺς
2399 1247 2496 1316 εήν
2525 1247 2680 1302 νόσον
2731 1246 3066 1318 ἐπεσπῶντο,
3098 1250 3189 1304 καὶ
3222 1250 3317 1304 σὺν
3365 1248 3592 1314 ἐκείνοις
3621 1251 3657 1322 ἢ
3690 1250 3806 1325 μετ’

2150 1330 2383 1398 ἐκείνους
2422 1336 2515 1392 τὸν
2551 1335 2670 1411 βίον
2735 1336 3136 1410 μετήλλαττον.
3171 1338 3292 1395 Ἐπῖ
3323 1339 3521 1396 τούτου
3569 1342 3621 1396 οἱ
3659 1340 3808 1397 Σκύ-

2152 1434 2239 1488 θαι
2297 1425 2389 1480 τὸν
2458 1426 2672 1497 Ἵστρον
2717 1427 3043 1501 περάσαντες
3112 1430 3285 1482 πᾶσαν
3326 1441 3427 1499 τήν
3487 1429 3646 1485 Δύσιν
3711 1430 3807 1485 καὶ

2149 1512 2408 1584 Ἰταλίαν,
2444 1513 2748 1586 Ἀνατολην
2776 1536 2835 1571 τε
2865 1517 2953 1571 καὶ
2990 1516 3166 1574 Ἀσίαν
3206 1516 3516 1594 ἐπόρθησαν
3542 1519 3634 1575 καὶ
3664 1540 3802 1596 παρ-

2149 1598 2370 1673 ἑλαϐον,
2433 1601 2566 1679 δίχα
2600 1605 2773 1678 μόνης
2806 1603 2976 1663 Ἰλίου
3027 1606 3116 1661 καὶ
3151 1607 3413 1677 Κυζίκου.
3445 1611 3549 1667 Ἦν
3581 1606 3639 1665 δὲ
3664 1615 3803 1666 Βου-

2148 1691 2435 1749 λουσιανός
2468 1694 2584 1759 υἱὸς
2615 1692 2851 1751 Γάλλου.
2915 1695 3021 1751 Καὶ
3089 1697 3117 1750 ὁ
3173 1696 3268 1770 μὶν
3320 1695 3534 1760 Γάλλος
3595 1696 3800 1776 ἐσφάγη

2146 1779 2419 1847 κοθεύδων
2456 1783 2561 1839 ὑπὸ
2598 1805 2696 1858 τῃς
2727 1781 2866 1846 ἰδίας
2894 1786 3169 1860 γυναικὸς,
3202 1787 3229 1841 ὁ
3292 1784 3347 1842 δὲ
3404 1786 3803 1851 Βουλουσιανὸς

2066 1899 2114 1964 Β
2152 1871 2255 1928 ὑπὸ
2287 1876 2632 1948 στρατιωτῶν
2646 1919 2658 1932 .

2221 1961 2408 2023 Δέκιος
2441 1956 2786 2019 ἐϐασίλευσεν
2821 1963 2918 2036 ’ἐτη
2975 1966 3042 2041 β’.
3084 1963 3253 2027 Οὗτος
3310 1964 3557 2030 πολλοὺς
3614 1968 3806 2044 ἁγίους

2149 2050 2533 2127 ἐτιμωρήσατο
2587 2054 2677 2108 καὶ
2764 2056 2976 2128 θανάτῳ
3038 2053 3339 2131 παρέδωκε.
3400 2059 3505 2114 Καὶ
3561 2059 3590 2113 ὁ
3647 2059 3805 2134 ἅγιος

2147 2141 2455 2214 Κυπριανὸς
2506 2142 2593 2197 καὶ
2651 2146 2686 2214 ἡ
2749 2145 2873 2219 ἁγία
2932 2146 3195 2201 Ἰουστῖνα
3254 2145 3653 2223 ἐμαρτύρησαν,
3710 2148 3805 2204 καὶ

2147 2231 2199 2285 οἱ
2229 2229 2281 2284 ἐν
2315 2229 2525 2309 Ἐφέσῳ
2565 2231 2701 2287 ἑπτὰ
2757 2230 2967 2304 παῖδες,
3006 2235 3097 2289 καὶ
3138 2234 3351 2300 πλῆθος
3409 2237 3578 2312 ἁγίων
3633 2237 3802 2296 πολύ.

2146 2317 2318 2382 Οὗτος
2352 2318 2626 2383 ἐθέσπισεν
2659 2319 2712 2375 ἐν
2755 2322 2943 2396 Ῥώμῃ
2999 2323 3094 2385 τὰς
3153 2324 3480 2398 Χριστιανᾶς
3538 2330 3798 2402 γυναῖκας

2147 2411 2223 2482 μή
2259 2409 2451 2483 ἐξεῖναι
2489 2408 3001 2468 καταπαλύπτεσθαι
3064 2414 3163 2482 τήν
3217 2414 3483 2493 κεφαλήν,
3545 2416 3799 2489 οἰόμενος

2145 2493 2235 2552 διὰ
2262 2504 2362 2568 τῆς
2401 2497 2769 2574 νομιζομένης
2802 2501 3067 2576 αἰσχύνης
3106 2501 3307 2574 ταύτης
3361 2502 3440 2567 εἷς
3494 2501 3802 2560 εἰδωλολα-

2140 2585 2320 2661 τρείαν
2352 2585 2599 2645 ἑλκῦσαι.
2650 2590 2721 2647 Αἱ
2776 2586 2833 2644 δὲ
2893 2588 3107 2664 μᾶλλον
3167 2590 3611 2648 ἀκατακάλυπτοι
3661 2614 3806 2669 προ-

2141 2674 2325 2751 ᾑεσαν,
2359 2676 2515 2749 δόξαν
2547 2678 2853 2753 ἡγούμεναι
2883 2681 2983 2750 τήν
3033 2680 3166 2757 ὑπὲρ
3229 2686 3474 2758 Χριστου
3534 2679 3800 2739 δοκοῦσαν

2142 2764 2364 2841 ἀτιμίαν
2413 2767 2558 2842 παρὰ
2584 2772 2701 2829 τοῖς
2740 2767 3069 2843 ἀνθρώποις⁸
3141 2768 3261 2826 ὅθεν
3293 2769 3429 2847 ἄχρι
3469 2776 3567 2827 τοῦ
3597 2776 3688 2828 νῦν
3747 2773 3804 2827 αἱ

2145 2875 2241 2928 μεν
2299 2851 2544 2931 ἀκριϐεῖς
2627 2858 2968 2934 Χριστιανῶν
3048 2865 3294 2936 γυναῖκες
3359 2861 3801 2918 ἀκατακάλυπτοι

2141 2944 2530 3021 προέρχονται,
2569 2948 2624 3001 αἱ
2692 2946 2750 3003 δὲ
2806 2946 3078 3021 Ἰομδαῖαι
3140 2949 3229 3005 καὶ
3288 2949 3506 3007 ἄπιστοι
3561 2972 3797 3008 κατακα-

2141 3031 2463 3092 λύπτονται.
2533 3036 2651 3113 Ἐφ’
2708 3036 2770 3091 οὐ
2828 3038 2921 3093 καὶ
2974 3033 3227 3103 Βαϐύλας
3286 3040 3647 3117 Ἀντιοχείας,
3705 3041 3795 3097 καὶ

2141 3119 2451 3188 Φλαϐιανὸς
2507 3126 2749 3203 Ῥώμης,
2802 3127 2893 3183 καὶ
2965 3126 3320 3204 Ἀλέξανδρος
3375 3131 3794 3206 Ἱεροσολύμων,

2139 3215 2229 3270 καὶ
2262 3215 2544 3276 Διονύσιος
2604 3213 3016 3291 Ἀλεξανδρείας
3067 3217 3464 3295 ἐμαγτύρησαν.
3526 3221 3625 3277 Καὶ
3680 3223 3792 3278 No-

2137 3301 2299 3369 ϐάτος
2358 3301 2721 3387 πρεσϐύτερος
2777 3305 2850 3362 ὢν
2905 3314 3007 3378 τῆς
3066 3308 3393 3381 Ἐκκλησίας
3441 3311 3670 3383 ἀπέστη,
3731 3312 3792 3375 ὃς

368 3417 490 3457 non
519 3401 839 3473 recipiens.
874 3404 1034 3459 Tunc
1066 3409 1124 3460 et
1173 3405 1470 3460 Elcesaus
1517 3405 1815 3461 hareseos
1862 3405 2031 3477 prin-

2149 3398 2262 3461 τοὺς
2291 3394 2644 3461 ἐπιθύσαντας
2686 3397 2737 3452 ἐν
2794 3396 3025 3475 διωγμῷ
3085 3406 3477 3474 μετανοοῦντας
3548 3401 3645 3458 οὐκ
3673 3398 3790 3457 ἐδέ-

368 3507 511 3562 ceps
540 3492 820 3548 innotuit.
849 3492 1064 3549 Decius
1114 3493 1259 3551 Galli
1290 3494 1519 3551 artibus
1569 3499 1661 3549 est
1710 3511 1743 3550 a
1799 3495 2031 3567 Scythis

368 3595 489 3636 una
512 3597 649 3637 cum
695 3580 818 3636 ﬁlio
871 3582 932 3638 in
980 3582 1196 3654 palude
1255 3584 1601 3652 suffocatus,
1661 3601 2029 3656 corporaque

366 3683 574 3725 eorum
603 3669 846 3728 inventa
874 3688 993 3728 non
1026 3679 1184 3729 sunt.
1242 3674 1330 3729 Ita
1380 3690 1501 3731 sua
1535 3672 1772 3729 savitia
1826 3690 2033 3746 panas

371 3757 556 3814 dedit.

444 3938 602 3996 464
628 3939 976 3997 Εωίιὶεωιιε
997 3957 1222 3998 annum
1248 3957 1437 3998 unum
1464 3941 1795 4014 imperavit,
1826 3949 2033 4016 estque

377 4042 414 4084 a
440 4027 734 4085 militibus
764 4028 828 4085 in
858 4029 1079 4102 palatio
1111 4030 1362 4086 occisus.

444 4113 788 4174 Valerianus
843 4124 902 4175 et
943 4117 1245 4177 Gallienus
1300 4120 1673 4193 imperarunt
1699 4136 1890 4178 annos
1943 4125 2030 4178 15.

389 4205 493 4263 Hic
520 4206 873 4264 Valerianus
899 4224 1035 4265 cum
1063 4210 1269 4281 Sapori
1294 4211 1489 4266 Persa
1516 4209 1745 4266 bellum
1792 4209 2032 4267 intulis-

374 4299 484 4363 set,
518 4296 590 4353 ab
615 4312 683 4352 eo
702 4303 909 4371 captus
932 4302 1022 4354 est
1050 4299 1207 4371 apud
1227 4299 1577 4370 Caesaream,
1608 4300 1811 4374 viginti
1839 4300 2034 4356 millia

374 4385 688 4441 hominum
719 4387 780 4442 in
830 4388 1094 4443 exercitu
1150 4388 1414 4458 ducens;
1476 4395 1683 4461 estque
1745 4390 1797 4445 ei
1854 4389 2031 4461 pellis

380 4473 668 4539 detracta,
700 4480 877 4547 atque
908 4476 990 4531 ita
1005 4477 1205 4549 periit.
1226 4478 1411 4533 Filius
1440 4484 1640 4535 autem
1671 4479 1801 4551 ejus
1825 4478 2034 4535 Gallie-

372 4578 487 4618 nus
510 4563 563 4617 ei
596 4564 919 4621 succedens
944 4567 1174 4638 primus
1207 4568 1475 4639 equitum
1501 4574 1726 4624 turmas
1747 4568 2029 4633 instituit,

2138 3506 2289 3563 χετο.
2353 3488 2475 3543 Ἐπὶ
2525 3487 2723 3542 τούτου
2781 3484 3095 3551 Ἐλκεσαῖος
3154 3490 3511 3567 αἱρεσιάρχης
3571 3491 3795 3569 ἐγνωρί-

2135 3597 2292 3652 χετο.
2352 3574 2620 3650 Ἀνῃρέθη
2682 3573 2739 3631 δὲ
2793 3574 2976 3639 Δέκιος
3036 3578 3139 3633 ὐπὸ
3200 3585 3421 3645 Σκυθῶν
3490 3580 3793 3652 ὓποθήκαις

2138 3663 2358 3721 Γάλλου
2389 3664 2443 3720 ἐν
2474 3664 2708 3739 τέλματι
2756 3665 3075 3743 ἀποπνιγεὶς
3129 3671 3262 3743 μετὰ
3289 3674 3386 3725 τοῦ
3446 3669 3588 3727 ἰδίου
3648 3673 3795 3747 υἱοῦ,

2138 3756 2213 3819 ὡς
2258 3753 2400 3830 μηδὲ
2464 3756 2530 3813 τὰ
2588 3758 2817 3831 σώματα
2873 3760 3053 3815 αὐτῶν
3116 3760 3420 3836 εὑρεθῆναι,
3481 3761 3626 3833 ἄξιον
3692 3770 3794 3835 τῆς

2138 3843 2437 3921 θηριωδίας
2469 3846 2645 3902 αὐτῶν
2672 3847 2767 3903 τὸν
2798 3850 3023 3905 θάνατον
3054 3848 3369 3926 εὑράμενοι.

2210 3935 2542 4012 Αἰμιλιανὸς
2585 3931 2930 3992 ἐϐασίλευσεν
2988 3932 3105 4000 ἔτος
3163 3935 3239 4009 ἔν,
3270 3940 3361 3995 καὶ
3393 3939 3601 4018 ἐσφάγῃ
3631 3940 3682 3998 ἐν
3710 3946 3792 4016 τῷ

2138 4025 2391 4100 παλατιῳ
2424 4027 2526 4082 ὑπὸ
2556 4030 2663 4082 τῶν
2707 4028 3075 4102 στρατιωτῶν.

2211 4114 2578 4192 Οὐαλεριανὸς
2606 4117 2693 4171 καὶ
2728 4114 3039 4187 Γαλλιῆνος
3073 4112 3165 4190 ἔτη
3205 4121 3285 4178 ιε’.
3312 4122 3487 4185 Οὗτος
3519 4124 3547 4178 ὁ
3578 4121 3789 4179 Οὐαλε-

2139 4208 2323 4281 ριανὸς
2353 4204 2599 4279 πόλεμον
2634 4206 2768 4279 μετὰ
2826 4206 3097 4283 Σαπώροῦ
3154 4212 3251 4264 τοῦ
3308 4212 3516 4284 Πέρσου
3555 4214 3793 4285 ποιήσας

2136 4295 2228 4351 καὶ
2278 4292 2619 4369 δοριάλωτος
2673 4296 2909 4371 γεγονὼς
2975 4294 3026 4351 ἐν
3092 4299 3407 4375 Καισαρεία,
3475 4301 3621 4377 ἒχων
3687 4324 3794 4377 μυ-

2139 4382 2318 4460 ριάδες
2379 4386 2446 4458 β’,
2501 4385 2605 4439 ὑπὸ
2673 4385 2945 4461 Σαπώρου
3005 4384 3249 4465 ἐκδαρεῖς
3303 4388 3674 4462 ἐτελεύτησεν.
3730 4393 3792 4452 Ὁ

2137 4470 2195 4528 δὲ
2223 4473 2342 4534 υἱὸς
2374 4473 2541 4528 αὐτοῦ
2571 4472 2881 4543 Γαλλιῆνος
2936 4475 3069 4547 μετὰ
3104 4481 3297 4534 τοῦτον
3352 4485 3564 4557 πρῶτος
3594 4482 3795 4538 ἱππικὰ

2134 4562 2384 4638 τάγματα
2460 4561 2774 4633 κατέστησε·
2855 4565 3009 4634 πεζοῖ
3075 4567 3177 4642 γὰρ
3234 4570 3371 4625 κατᾶ
3423 4573 3485 4626 τὸ
3540 4570 3686 4627 πολὺ
3739 4571 3792 4626 οἱ

369 4667 504 4706 cum
537 4651 825 4709 hactenus
856 4654 1104 4711 Romani
1139 4656 1357 4712 milites
1411 4657 1535 4713 fere
1594 4656 1822 4728 pedites
1879 4657 2029 4712 fuis-

2149 4656 2460 4729 ττρατιῶται
2542 4655 2650 4707 τῶν
2738 4653 3025 4726 Ῥωμαίων
3109 4658 3381 4734 ὑπῆρχον.
3434 4662 3678 4738 Ἐσφαγη
3734 4657 3791 4715 δὲ

376 4746 527 4797 sent.
547 4739 899 4799 Interfectus
917 4750 1006 4800 est
1035 4762 1070 4801 a
1099 4745 1392 4801 militibus
1418 4745 1576 4817 apud
1598 4745 2020 4803 Mediolanum.

368 4829 487 4886 Sub
518 4830 630 4886 hoc
655 4831 853 4888 ﬂoruit
893 4834 1183 4890 mirificus
1242 4836 1575 4908 Gregorius,
1627 4841 1686 4890 et
1742 4836 2021 4891 innotue-

364 4925 510 4975 runt
556 4925 839 4977 Artemon
883 4927 1060 4995 atque
1126 4925 1400 4997 Synepon
1458 4924 1776 4980 haresium
1825 4930 2033 4982 aucto-

366 5014 552 5066 tores.

436 5099 715 5156 Claudius
735 5101 1051 5173 imperavit
1070 5118 1258 5157 annos
1279 5104 1334 5159 2.
1367 5104 1422 5158 Is
1443 5119 1583 5158 avus
1613 5103 1728 5159 fuit
1746 5105 2028 5161 Constan-

2130 4741 2222 4796 καὶ
2277 4739 2438 4802 αὐτὸς
2482 4740 2585 4795 ὑπὸ
2616 4748 2965 4816 στρατιωτῶν
2997 4748 3084 4819 [Ρ.
3118 4749 3246 4820 259]
3306 4747 3542 4817 πλησίον
3594 4746 3793 4805 Μεδιο-

2133 4829 2335 4888 λάνων.
2398 4831 2521 4888 Ἐπὶ
2575 4830 2772 4887 τούτου
2828 4833 3045 4907 ἤκμαζε
3122 4838 3426 4912 Γρηγὸριος
3494 4839 3521 4891 ὁ
3579 4839 3788 4907 θαυμα-

2138 4919 2366 4996 τουργὸς
2399 4921 2510 4994 (73)
2539 4920 2630 4975 καὶ
2687 4922 2741 4976 οἳ
2780 4923 3128 5001 αἱρεσιάρχαι
3172 4924 3451 4998 Ἀρτέμων
3506 4923 3597 4977 καὶ
3657 4930 3788 4977 Συν-

2140 5012 2282 5066 ἐπων
2313 5009 2483 5086 ἐγνωρ
2494 5008 2687 5079 ἵζοντο.

2212 5095 2481 5160 Κλαύδιος
2531 5094 2872 5154 ἐϐασίλευσεν
2924 5095 3014 5168 ἔτη
3068 5095 3185 5155 δύο.
3219 5100 3392 5163 Οὗτος
3439 5124 3662 5166 παππος
3698 5102 3788 5178 γέ..

366 5188 619 5260 tiniejus
642 5189 742 5261 qui
766 5196 1040 5245 sanctum
1066 5191 1524 5247 Constantinum
1539 5193 1812 5265 Magnum
1838 5194 2028 5249 filium

2149 5211 2256 5267 γονε
2317 5188 2725 5246 Κωνσταντίνου
2782 5191 2880 5241 τοῦ
2937 5189 3140 5263 πατρὸς
3211 5193 3611 5249 Κωνσταντίνου
3691 5198 3790 5250 τοῖ’,

363 5277 630 5349 reliquit.
665 5278 781 5334 Sub
815 5280 927 5334 hoc
957 5279 1186 5350 Scytha
1211 5279 1273 5334 in
1293 5281 1591 5352 Europam
1612 5282 1782 5337 eﬂ'usi
1807 5282 2027 5338 multas

2149 5282 2293 5356 ἱγίου
2349 5279 2441 5334 καὶ
2494 5275 2756 5353 μεγάλου.
2810 5275 2934 5332 Ἐπὶ
2999 5276 3195 5334 τούτου
3256 5282 3307 5336 οἱ
3368 5282 3571 5338 Σκύθαι
3623 5284 3790 5356 περά-

360 5365 559 5436 urbes,
592 5367 776 5438 inque
805 5368 897 5424 his
932 5368 1112 5424 etiam
1140 5369 1402 5426 Athenas
1419 5375 1745 5428 vastarunt.
1776 5372 2028 5428 Athenis

2149 5387 2320 5429 παντες
2366 5367 2455 5421 καὶ
2511 5365 2607 5428 τὰς
2670 5361 2862 5425 πόλεις
2917 5368 3326 5441 πορθήσαντες,
3384 5367 3790 5446 παραλαϐοντες

1576 5499 1945 5556 XYLANDRI
1982 5502 2069 5557 ET
2107 5499 2324 5558 GOARI
2364 5495 2586 5552 NOTAE.

436 5614 548 5700 (η)
569 5621 1064 5700 Νροοωξειτξεηείε
1096 5621 1428 5694 episcopus.
1454 5622 1599 5678 Vide
1618 5623 2019 5700 Nicephorum
2132 5623 2328 5680 Suida
2359 5617 2781 5700 collectapeis;
2814 5636 2953 5700 qua
2966 5626 3166 5700 secuti
3198 5644 3425 5696 sumus,
3446 5629 3545 5686 ubi
3572 5634 3795 5694 rectius

362 5703 436 5757 νι,
478 5688 562 5745 t7.
596 5692 736 5755 Qua
767 5691 840 5748 de
872 5695 1102 5749 Manete
1132 5688 1489 5765 sequuntur,
1534 5700 1674 5751 sunt
1727 5688 1909 5752 etiam
1958 5697 2022 5754 in
2134 5702 2343 5752 nostro
2374 5690 2579 5748 codice
2611 5688 3266 5766 habere'judicavimus.
3302 5688 3445 5756 Xvi.
