4154 6424
360 379 487 440 497

1522 369 2070 438 HISTORIARUM
2115 369 2664 432 COMPENDIUM.

3673 379 3790 440 498

364 508 426 568 δὲ
486 509 577 566 καὶ
634 506 732 574 τὰς
783 509 1040 582 Ἀθήνας,
1099 513 1401 588 συνήγαγον
1455 511 1628 568 πάντα
1677 512 1746 567 τὰ
1814 503 2022 585 βιϐλία,

2140 507 2328 581 captis
2361 524 2568 565 omnes
2595 508 2780 566 libros
2808 509 2871 567 in
2899 526 3090 568 unum
3119 519 3561 586 congesserunt,
3591 520 3659 575 ut
3688 534 3790 576 eos

363 602 458 658 καὶ
489 596 806 670 ἠϐούλοντο
838 604 1055 673 καῦσαι,
1085 600 1130 656 εἰ
1181 605 1255 674 μή
1304 624 1387 665 τις
1439 602 1488 672 ἐξ
1552 601 1728 656 αὐτῶν
1787 604 2031 672 κρεῖττον

366 695 478 748 τῶν
508 689 693 746 ἄλλων
726 690 866 744 κατά
896 688 1042 746 πολὺ
1102 696 1316 770 φρονῶν
1365 691 1636 747 ἐκώλυσεν
1682 687 1899 760 αὖτοὺς,
1952 687 2030 742 εἳ-

367 781 508 851 πὼν,
551 781 635 835 δτι
683 779 808 853 περὶ
856 784 1026 835 ταῦτα
1065 782 1118 835 οἱ
1174 785 1437 853 Ῥωμαῖοι
1498 780 1862 856 σχολάζοντες
1919 783 2027 833 τῶν

365 869 634 944 πολέμων
668 868 991 944 ἀμελοῦσιν.
1027 869 1198 932 Οὗτος
1231 871 1585 948 Αὐρηλιανὸν
1618 870 1696 933 εἷς
1726 871 1827 939 τὴν
1870 871 2026 946 βασι-

365 959 522 1020 λείαν
555 961 882 1036 προαγαγὼν
912 959 1156 1032 τελευτᾷ.

441 1047 800 1110 Κυντιλιανὸς
858 1047 1094 1126 ἀδελφὸς
1153 1047 1429 1107 Κλαυδίου
1487 1045 1832 1106 ἐϐασίλευσεν
1884 1049 2024 1122 ἡμέ-

364 1160 465 1218 ρας
497 1140 560 1210 ζ’.
597 1135 819 1209 Ἐπειδὴ
865 1137 966 1216 γὰρ
1001 1134 1138 1215 ἔγνω
1169 1138 1516 1215 Αὐρηλιανὸν
1563 1134 1819 1209 ἐπιϐῆναι
1879 1137 2022 1212 μέλ-

362 1232 538 1288 λοντα
593 1233 662 1304 τῇ
718 1229 1010 1301 Ῥωμαίων
1096 1229 1267 1306 ἀρχῇ,
1356 1230 1543 1286 ἑαυτὸν
1623 1228 1872 1306 ὑπεξάγει
1930 1232 2026 1284 τοῦ

366 1318 520 1394 βίου,
551 1318 650 1386 τήν
686 1311 864 1394 φλέϐα
893 1319 1127 1391 τμηθεὶς
1153 1325 1253 1387 τῆς
1286 1320 1475 1395 χειρὸς
1510 1319 1612 1374 ὑπό
1643 1339 1789 1380 τινος
1811 1317 2024 1391 ἰατροῦ,

368 1408 576 1488 μέχρις
607 1405 670 1462 οῦ
705 1405 1134 1485 λειποψυχήσας
1167 1407 1448 1472 ἀπέθανεν.

443 1495 790 1572 Λῦρηλιανὸς
849 1492 1194 1552 ἐϐασίλευσεν
1241 1491 1333 1569 ἔτη
1383 1499 1447 1568 ς’,
1509 1496 1743 1574 ἀνῃρέθη
1805 1493 1863 1552 δὲ
1921 1495 2026 1551 ὖπὸ

377 1591 717 1661 στρατιωτῶν
751 1585 946 1658 μεταξὺ
978 1583 1298 1661 Ἡρακλείας
1326 1586 1416 1642 κύὶ
1476 1587 1791 1657 Βυζαντίου,
1845 1584 1894 1641 ἐν
1945 1589 2026 1658 τῷ

375 1674 694 1749 καλουμένῳ
728 1679 912 1747 Καινῷ
943 1675 1211 1753 φρουρίῳ,
1246 1677 1377 1751 ὅπερ
1410 1675 1702 1756 ἐγχωρίως
1737 1672 2022 1753 Κενοφλώ-

369 1786 489 1843 ριον
515 1763 756 1842 λέγεται.
793 1766 928 1841 Εἶχε
955 1765 1055 1840 γὰρ
1085 1765 1436 1835 ὠτακουστὴν
1494 1763 1836 1841 Αὒρηλιανός
1886 1785 2024 1836 τινα,

2137 599 2575 657 comburerent.
2603 601 2713 656 Sed
2737 601 2810 656 ab
2835 603 2948 658 hoc
2969 619 3070 658 eos
3091 604 3344 660 consilio
3375 607 3616 677 quidam
3649 610 3791 664 reli-

2137 690 2269 761 quis
2333 689 2509 761 longe
2576 691 2929 762 prudentior
2986 692 3258 761 detraxit,
3330 694 3492 766 quod
3565 697 3791 755 diceret

2136 781 2433 835 Romanos
2464 779 2632 834 libris
2664 779 2895 836 deditos
2926 781 3203 838 bellicam
3234 799 3360 840 rem
3391 784 3784 858 neglecturos.

2137 870 2398 924 Mortuus
2430 874 2539 937 est,
2575 885 2918 926 successore
2945 872 3264 928 Aureliano
3313 873 3426 929 sibi
3458 874 3785 948 designato.

2205 1049 2610 1115 Quintilianus
2641 1049 2868 1106 Claudii
2899 1051 3083 1107 frater
3113 1053 3431 1125 imperium
3464 1055 3591 1112 dies
3619 1059 3654 1110 '7
3697 1061 3788 1112 te-

2133 1141 2286 1196 nuit.
2315 1140 2590 1206 Qui.cum
2609 1139 2844 1196 audiret
2866 1141 3254 1199 Aurelianum
3277 1144 3351 1200 ad
3372 1146 3786 1218 occupandum

2132 1230 2453 1302 imperium
2485 1230 2825 1298 adventare,
2859 1246 2920 1286 se
2952 1231 3147 1303 ipsum
3179 1233 3295 1289 vita
3337 1234 3603 1306 privavit,
3637 1251 3787 1292 vena

2132 1318 2359 1374 brachii
2401 1335 2436 1374 a
2467 1318 2700 1374 medico
2733 1319 2918 1375 secari
2945 1319 3136 1391 jussa,
3161 1338 3357 1393 neque
3381 1323 3633 1380 inhibito
3653 1341 3786 1381 san-

2132 1408 2332 1482 guine,
2365 1414 2432 1463 ut
2458 1425 2528 1464 ex
2557 1408 2742 1464 animi
2772 1407 3038 1482 doliquio
3071 1416 3425 1469 moreretur.

2206 1499 2355 1555 455
2382 1505 2416 1550 Α
2427 1497 2734 1553 urellanus
2755 1497 3069 1569 imperavit
3089 1516 3280 1556 annos
3301 1503 3682 1560 sex.Necatus
3695 1507 3786 1560 est

2133 1602 2168 1642 a
2198 1585 2490 1641 militibus
2519 1585 2675 1640 inter
2705 1586 3046 1642 Heracleam
3083 1594 3141 1644 et
3171 1590 3535 1661 Byzantium,
3561 1593 3622 1647 in
3653 1591 3783 1648 loco

2133 1676 2232 1749 qui
2260 1677 2480 1730 Novum
2507 1675 3069 1746 castrum,ipsorum
3094 1674 3297 1751 lingua
3316 1679 3784 1752 Kenophlorium

2134 1761 2370 1821 dicitur.
2401 1763 2665 1820 Habebat
2695 1765 3050 1822 Aurelianus
3079 1769 3543 1826 auscultatorem
3575 1789 3786 1843 quem-

364 1856 427 1916 δς
460 1854 710 1932 ἀνέφερεν
759 1854 907 1926 αὐτῷ
965 1855 1137 1910 πάντα
1173 1856 1240 1910 τὰ
1283 1856 1542 1931 γινόμενα
1582 1856 1672 1910 καὶ
1730 1853 2022 1932 λεγόμενα.

2135 1853 2291 1924 dam,
2317 1854 2418 1926 qui
2433 1854 2643 1924 omnia
2658 1854 2731 1910 ad
2748 1855 2944 1926 ipsum
2975 1855 3281 1914 deferebat
3301 1876 3431 1930 quas
3457 1860 3784 1919 ﬁerentaut

362 1942 716 2015 Ἀπειληθεὶς
751 1942 841 1998 οὖν
876 1965 1008 1999 ποτε
1038 1945 1166 2018 παρ’
1205 1944 1369 1999 αὐτοῦ
1419 1942 1509 2000 διά
1544 1967 1666 2000 τινα
1711 1945 1888 2000 αἰτίαν
1928 1946 2016 2001 καὶ

361 2031 632 2113 φοϐηθεὶς
675 2031 990 2107 ἐμιμήσατο
1049 2035 1146 2104 τὴν
1207 2040 1370 2113 χεῖρα
1423 2039 1520 2089 τοῦ
1582 2031 1872 2110 βασιλέως,
1931 2035 2021 2088 καὶ

362 2124 653 2202 ἐγγράφως
713 2122 1091 2197 ποιησαμένου
1135 2123 1432 2198 ὀνομασίας
1491 2121 1762 2179 δυναστῶν
1816 2124 1890 2186 ὡς
1932 2123 2020 2178 ἐπὶ

361 2211 594 2268 θάνατον
654 2210 1076 2289 ἀχθησομὲνων,
1163 2214 1312 2269 οὗτοι
1398 2209 1725 2292 φοϐηθέντες
1802 2212 2018 2269 ἀνεῖλον

361 2303 551 2360 αὒτόν.
616 2303 740 2360 Ἐπί
799 2303 994 2359 τούτου
1056 2305 1084 2359 6
1142 2303 1292 2380 ἂγιος
1351 2304 1600 2380 Χαρίτων
1667 2304 2020 2380 ὡμολόγησε,

359 2396 453 2450 καὶ
491 2391 713 2456 Παῦλος
773 2394 800 2448 ὁ
861 2394 1210 2466 Σαμοσατεὺς
1268 2399 1364 2450 τοῦ
1424 2391 1616 2462 θρόνου
1675 2393 2019 2474 Ἀντιοχείας

359 2485 723 2558 καθτιρεῖται.
759 2483 880 2559 Ἐφ’
919 2483 980 2537 οὗ
1039 2484 1226 2554 Μάνης
1287 2485 1314 2538 6
1380 2485 1573 2559 μιαρὸς
1633 2483 1723 2539 καὶ
1765 2505 2023 2558 τρισκατ-

361 2571 566 2648 άρατος
620 2572 844 2650 ἀνεφύη,
903 2573 1130 2646 Χριστὸν
1199 2573 1383 2629 ἑαυτὸν
1440 2575 1532 2629 καὶ
1591 2577 1808 2648 Πνεῦμα
1866 2575 2021 2650 ἅγιον

366 2663 812 2742 μορφαζὸμενος,
844 2663 930 2716 καὶ
983 2661 1042 2717 ἐκ
1098 2665 1276 2734 πάσης
1329 2663 1584 2740 αἱρέσεως
1646 2663 1699 2720 εἶ’
1745 2686 1795 2719 τι
1855 2666 2019 2720 κακὸν

365 2752 779 2829 ἐρανιζόμενος,
841 2751 900 2808 ἐκ
960 2751 1223 2830 Περσίδος
1271 2753 1348 2817 εἷς
1404 2756 1505 2824 τήν
1562 2755 1852 2827 Ῥωμαίων
1919 2762 2021 2831 γῆν

363 2843 503 2899 κατά
534 2847 668 2899 Θεοῦ
702 2846 1058 2921 συγχώρησιν
1093 2841 1432 2919 εἰσέφρησεν.

442 3023 614 3084 Οὗτος
644 3020 736 3077 οὗν
781 3022 808 3075 ὁ
845 3033 1108 3094 μεμηνώς
1137 3023 1351 3092 Μάνης,
1384 3023 1411 3076 6
1443 3022 1532 3077 καὶ
1585 3022 1879 3087 Σκυθιανὸς
1931 3021 2024 3078 λε-

373 3111 624 3187 γόμενος,
680 3111 1022 3188 Βραχμάνης
1073 3110 1138 3179 ἦν
1199 3113 1260 3165 τὸ
1317 3112 1493 3184 γένος,
1573 3108 1898 3167 διδάσκαλον
1967 3110 2024 3167 δὲ

382 3201 514 3275 ὲσχε
542 3197 736 3256 Βοῦδαν
767 3202 857 3256 τὸν
911 3203 1106 3275 πρώην
1162 3200 1502 3274 καλούμενον
1564 3197 1913 3278 Τερέϐινθον,
1963 3202 2023 3266 ὅς

374 3287 678 3354 παιδευθεὲς
721 3292 826 3345 ὕπὸ
888 3291 1186 3346 Σκυθιανοῦ
1245 3293 1310 3346 τὰ
1365 3290 1644 3362 Ἑλλήνων
1706 3289 2024 3365 δοξάζοντος

367 3381 470 3449 τήν
537 3377 977 3454 Ἐμπεδοκλέους
1029 3381 1313 3455 ἠγάπησεν
1398 3381 1628 3457 αἳρεσιν,
1689 3380 1783 3438 δύο
1840 3383 2016 3458 ἀρχὰς

370 3467 632 3545 λέγοντος
667 3470 1038 3544 ἀντικειμένας
1069 3468 1373 3540 ἀλλήλαις,
1407 3469 1663 3535 εἰσελθὼν
1699 3469 1756 3527 δὲ
1795 3471 1846 3526 ἐν
1884 3475 2024 3547 Περ-

367 3557 481 3614 σίδι
512 3558 573 3614 ἐκ
611 3560 879 3634 παρθένου
939 3560 1124 3616 ἑαυτὸν
1181 3554 1378 3634 ἔφασκε
1433 3562 1782 3637 γεγεννῆσθαι
1835 3562 1925 3617 καὶ
1969 3559 2022 3616 ἐν

365 3654 486 3712 τοῖς
518 3647 698 3724 ὄρεσιν
736 3649 1130 3728 ἀνατραφῆναι.
1175 3648 1280 3705 Καὶ
1330 3651 1780 3726 συγγραψάμενος
1833 3645 2025 3725 βιϐλία

363 3734 598 3814 τέσσαρα
627 3740 691 3794 τὸ
721 3740 815 3812 μὲν
841 3737 1162 3812 ἐπωνόμασε
1193 3743 1300 3794 τῶν
1338 3739 1680 3814 μυστηρίων,
1737 3739 1799 3795 τὸ
1850 3738 1908 3795 δὲ
1961 3739 2024 3797 τὸ

361 3827 733 3905 Εὖαγγέλιον,
764 3829 828 3883 τὸ
860 3825 918 3883 δὲ
946 3833 1050 3882 τῶν
1108 3832 1429 3904 Θησαυρῶν,
1478 3829 1539 3883 τὸ
1581 3826 1639 3883 δὲ
1684 3833 1792 3883 τῶν
1853 3835 2022 3906 Κεφαο

363 3918 560 3975 λαίων.
623 3919 727 3976 Καὶ
785 3919 814 3974 6
875 3920 968 3994 μὲν
1026 3916 1238 3981 Βούδας
1298 3920 1326 3974 ὁ
1381 3918 1468 3974 καὶ
1545 3914 1860 3993 Τερέϐινθος
1920 3919 2024 3974 ὑπὸ

360 4007 674 4082 πνεύματος
713 4007 1020 4083 ἀκαθάρτου
1079 4003 1381 4081 συντριϐεὶς
1431 4005 1711 4075 ἀπώλετο,
1768 4007 1905 4081 γυνὴ
1965 4004 2022 4062 δέ

359 4117 449 4161 τις
489 4097 619 4171 παρ’
646 4096 684 4172 ᾖ
712 4095 977 4152 κατέλυσε
1027 4096 1116 4151 καὶ
1165 4095 1450 4166 κατετέθη,
1505 4097 1573 4151 τὰ
1613 4097 1878 4172 χρήματα
1933 4099 2024 4155 καὶ

359 4186 459 4248 τὰς
495 4181 773 4262 βεϐήλους
817 4181 1045 4262 βίϐλους
1073 4186 1541 4258 κληρονομήσασα
1572 4187 1656 4260 [Ρ.
1690 4188 1816 4260 260]
1871 4186 2022 4240 ώνεῖο

357 4296 453 4330 ται
483 4272 776 4352 παιδάριον
808 4273 940 4330 ἐτῶν
966 4275 1100 4331 ἑπτὰ
1155 4271 1399 4348 τοῦνομα
1450 4270 1773 4349 Κούϐρικον,
1825 4273 1882 4330 δν
1933 4273 2023 4330 καὶ

362 4362 625 4435 διδάξασα
683 4363 1004 4438 γράμματα,
1062 4362 1152 4417 καὶ
1203 4360 1612 4435 ἐλευθερώσασα
1669 4359 2021 4437 κληρονόμον

357 4459 472 4510 τῶν
533 4455 728 4523 ἑαυτῆς
785 4453 998 4508 πάντων
1062 4452 1401 4522 καθίστησιν.
1461 4452 1523 4508 Ὁ
1600 4449 1657 4507 δὲ
1715 4446 1902 4507 λαϐὼν
1957 4451 2024 4506 τὰ

364 4538 557 4620 βιϐλία
589 4546 686 4598 τοῦ
718 4539 900 4599 Βούδα
928 4541 1019 4597 καὶ
1061 4540 1127 4596 τὰ
1159 4541 1424 4616 χρήματα
1465 4539 1732 4620 διήρχετο
1758 4542 1858 4610 τήν
1897 4546 2025 4615 Περ-

2129 1943 2488 2000 dicerentur.
2521 1945 2576 1999 Is
2607 1943 2719 1999 sibi
2749 1949 3023 2000 metuens
3053 1946 3126 2002 ab
3156 1947 3537 2020 imperatore,
3575 1952 3778 2007 nescio

2128 2050 2246 2108 qua
2275 2033 2348 2089 de
2378 2048 2557 2090 causa
2588 2033 2767 2089 mlnis
2793 2034 2864 2089 ab
2898 2050 2966 2090 eo
2998 2035 3109 2090 sibi
3168 2036 3500 2105 intentatis,
3532 2055 3778 2098 manum

2129 2124 2259 2196 ejus
2292 2123 2555 2179 imitatus
2587 2123 2867 2179 schedam
2899 2126 3274 2198 conscripsit,
3328 2144 3446 2198 qua
3488 2128 3780 2200 primores

2129 2213 2260 2270 neci
2284 2213 2768 2269 destinarentur:
2802 2230 2870 2270 ac
2901 2215 3192 2286 primores
3212 2215 3316 2271 illa
3332 2216 3579 2288 lecta,ut
3609 2236 3782 2276 suum

2128 2306 2464 2379 periculum
2489 2306 2570 2360 eff
2571 2307 3266 2378 ugerentdmperatorem
3282 2308 3647 2366 occiderunt.
3665 2311 3782 2368 Sub

2129 2395 2240 2451 hoc
2263 2395 2473 2450 beatus
2505 2395 2788 2450 Chariton
2819 2395 3126 2451 confessus
3153 2401 3262 2464 est,
3314 2398 3651 2469 Paulusque
3682 2399 3786 2455 Sa-

2129 2490 2477 2542 mosatenus
2509 2484 2859 2556 episcopatu
2887 2485 3253 2541 Antiocheno
3271 2485 3787 2560 dejectus.Eodem

2128 2576 2460 2647 imperante
2499 2574 2770 2646 impurus
2801 2573 2904 2628 ille
2936 2580 2994 2629 et
3022 2575 3393 2632 detestabilis
3443 2579 3644 2634 Manes
3685 2596 3786 2634 ex-

2129 2665 2302 2732 stitit,
2338 2663 2439 2735 qui
2480 2663 2591 2718 sibi
2624 2663 2840 2720 Christi
2879 2669 2939 2718 et
2981 2663 3225 2736 spiritus
3273 2666 3465 2721 sancti
3524 2667 3788 2738 speciem

2129 2751 2418 2815 sumebat,
2457 2756 2636 2822 atque
2659 2768 2730 2806 ex
2751 2751 3081 2807 hmresibus
3095 2753 3371 2808 omnibus
3393 2753 3534 2808 mali
3556 2755 3788 2826 aliquid

2129 2839 2451 2897 corradens
2480 2841 2582 2896 Dei
2615 2840 2914 2912 permissu
2936 2857 3008 2895 ex
3026 2841 3268 2897 Perside
3290 2842 3352 2897 in
3381 2845 3786 2901 Romanorum

2130 2930 2418 2986 ditionem
2449 2930 2706 3001 irrepsit.

2200 3018 2519 3074 Manesille
2538 3035 2810 3088 vesanus,
2841 3019 2942 3091 qui
2975 3024 3034 3074 et
3061 3020 3415 3093 Scythianus
3444 3023 3789 3095 appellaba-

2131 3113 2249 3177 tur,
2283 3109 2614 3164 Brachman
2646 3114 2773 3164 erat
2801 3109 3066 3165 natione.
3099 3110 3531 3184 Prmceptorem
3590 3119 3790 3170 autem

2134 3199 2346 3254 habuit
2374 3198 2620 3266 Budam,
2653 3199 2754 3270 qui
2784 3199 2927 3254 olim
2955 3199 3298 3256 Terebinthi
3328 3218 3549 3258 nomen
3579 3219 3780 3275 gesse-

2136 3293 2266 3343 rat:
2299 3288 2396 3342 hic
2428 3289 2657 3344 Graecas
2683 3287 2997 3360 opiniones
3029 3288 3359 3361 amplexus,
3413 3292 3789 3363 Empedoclis

2129 3377 2369 3433 decreta
2401 3382 2660 3434 sectatus
2693 3383 2800 3444 est,
2837 3378 2936 3449 qui
2990 3377 3106 3434 duo
3157 3379 3455 3435 contraria
3492 3381 3790 3454 principia

2129 3472 2436 3522 statuerat'
2474 3468 2534 3522 ln
2590 3466 2896 3523 Persidem
2948 3468 3140 3524 Budas
3194 3485 3330 3524 cum
3383 3469 3665 3540 venisset,
3713 3470 3788 3527 de

2129 3557 2356 3629 virgine
2389 3573 2452 3612 se
2478 3561 2684 3612 natum
2719 3562 2779 3612 et
2807 3557 2870 3612 in
2908 3557 3215 3614 montibus
3267 3558 3582 3616 educatum
3614 3559 3787 3618 dixit.

2131 3646 2375 3719 Scripsit
2394 3647 2584 3703 libros
2607 3652 2898 3718 quatuor;
2924 3664 3179 3719 quorum
3199 3647 3357 3704 tituli
3391 3653 3528 3704 sunt
3559 3649 3630 3704 de
3659 3666 3790 3722 my-

2131 3737 2605 3810 steriis,Evangel
2616 3737 2734 3793 ium
2745 3738 3723 3811 ,Thesaurorum,Capitum.Atque
3738 3740 3788 3796 is

2132 3826 2374 3898 quidem
2404 3827 2597 3882 Budas
2628 3827 3020 3882 Terebinthus
3051 3827 3124 3882 ab
3154 3827 3388 3899 impuro
3427 3829 3602 3901 genio
3633 3829 3789 3885 I56

2130 3916 2422 3973 contritus
2455 3917 2652 3988 periit.
2687 3915 2896 3971 Mulier
2926 3922 3123 3972 autem
3153 3917 3451 3988 quasdam,
3473 3919 3643 3990 cujus
3660 3924 3787 3974 ute-

2129 4006 2306 4062 batur
2325 4006 2608 4076 hospitio,
2634 4006 2861 4076 etapud
2877 4021 3056 4076 quam
3071 4005 3542 4078 suadeponebat,
3571 4007 3788 4078 impios

2132 4095 2278 4150 istos
2296 4095 2480 4150 libros
2497 4094 2877 4150 haereditario
2892 4101 3212 4150 consecuta
3224 4095 3540 4166 puerulum
3556 4101 3786 4167 septen-

2131 4201 2269 4241 nem
2290 4184 2454 4252 emit,
2487 4183 2730 4238 nomine
2754 4183 3091 4250 Cubricum,
3115 4200 3292 4255 quem
3312 4184 3542 4240 litteras
3563 4185 3785 4258 docuit,

2128 4274 2586 4344 libertatemque
2602 4272 2885 4327 donatum
2899 4271 3168 4327 heredem
3179 4273 3425 4330 omnium
3443 4289 3678 4329 suarum
3691 4291 3786 4330 re-

2132 4379 2264 4418 rum
2294 4361 2552 4418 instituit
2605 4362 2661 4416 Is
2692 4376 2830 4433 ergo
2861 4354 3144 4416 Cubricus
3174 4360 3361 4417 libros
3400 4361 3576 4418 Budas
3606 4380 3784 4436 pecu-

2131 4452 2414 4523 niamque
2439 4455 2648 4506 nactus
2669 4449 2973 4506 Persidem
2997 4450 3639 4523 peragravit,Manetem
3655 4469 3785 4508 sese

2131 4540 2453 4596 nominans
2483 4556 2550 4595 ac
2582 4538 2757 4594 Budas
2781 4554 3045 4594 errorem
3069 4555 3376 4612 spargens,
3400 4539 3585 4596 libros
3603 4542 3732 4613 ejus
3752 4558 3787 4597 a

360 4629 512 4701 σίδα,
543 4629 728 4701 Μάνην
761 4631 946 4686 ἑαυτὸν
1009 4629 1291 4702 ὀνομάζων
1349 4630 1438 4684 καὶ
1496 4637 1594 4699 τῆς
1659 4627 1869 4700 πλάνης
1925 4634 2022 4684 τοῦ

2135 4647 2193 4687 se
2227 4630 2561 4686 elaboratas
2586 4628 2870 4701 jactabat.
2915 4629 3081 4684 Hunc
3112 4645 3215 4684 rex
3245 4631 3560 4686 Persarum
3592 4632 3785 4689 vivum

363 4719 550 4779 Βουόα
582 4718 847 4794 συνίστωρ
899 4720 1208 4794 γενόμενος,
1239 4720 1328 4773 καὶ
1378 4718 1444 4773 τὰ
1491 4714 1684 4794 βιϐλία
1729 4721 2025 4792 πονήματα

361 4808 479 4866 ἴδια
512 4809 696 4885 ἔλεγεν
751 4809 910 4866 εἶναι.
966 4810 1063 4866 "Ov
1121 4809 1149 4862 6
1212 4807 1470 4884 βασιλεὺς
1520 4813 1740 4884 Περσῶν
1800 4806 2025 4884 ἐξέδειρε

363 4906 540 4971 ζῶντα
571 4901 644 4962 ὡς
697 4898 926 4954 θανάτου
986 4896 1280 4974 γενόμενον
1333 4901 1412 4965 τῷ
1466 4898 1569 4969 υἱῴ
1627 4897 1791 4954 αὐτοῦ
1839 4898 2026 4972 πρόξε-

360 5012 473 5045 νον.
507 4994 605 5045 τοῦ
637 4989 741 5065 γὰρ
775 4987 1064 5063 βασιλικοῦ
1097 4985 1291 5049 παιδὸς
1327 4990 1614 5049 νοσοῦντος
1663 4987 1752 5042 καὶ
1802 4985 2021 5057 πολλῆς

361 5080 615 5155 ἰατρικῆς
709 5075 1026 5150 ἐπιμελείας
1142 5074 1543 5146 ἀπολαύοντος,
1656 5074 2022 5152 ἐπηγγείλατο

357 5173 554 5242 Μάνης
597 5168 776 5246 χωρὶς
832 5167 1072 5243 ἱατρείας
1134 5168 1429 5237 ἀναστῆσαι
1485 5171 1701 5238 τοῦτον,
1747 5169 1836 5223 καὶ
1879 5166 2020 5223 οὕτω

359 5262 490 5324 τοὺς
519 5259 741 5335 ἰατροὺς
800 5259 1115 5330 ἀποστήσας
1169 5257 1469 5321 ἐθανάτωσε
1521 5258 1614 5312 τὸν
1670 5255 1838 5312 παῖδα
1897 5259 2024 5331 ἆμε-

361 5352 484 5424 λείᾳ
514 5351 605 5407 καὶ
635 5347 1018 5422 τερατολογίᾳ,
1076 5347 1165 5402 καὶ
1228 5347 1356 5422 ὑπὲρ
1412 5347 1608 5402 τούτου
1662 5347 1854 5421 μισθὸν
1923 5347 2014 5403 ἐπ-

360 5443 510 5513 άξιον
543 5440 772 5501 εἰκότως
800 5437 1085 5511 κομίζεται
1146 5438 1245 5506 τὴν
1287 5433 1512 5510 ἐκδοράν
1571 5440 1668 5491 τοῦ
1718 5434 2021 5492 παναθλίου

366 5532 533 5588 αὐτοῦ
567 5531 849 5604 σώματος.
884 5529 945 5585 Ὁ
976 5526 1150 5583 τοίνυν
1202 5521 1574 5600 ἐμϐρόντητὸς
1625 5525 1782 5588 οὗτος
1836 5527 2020 5592 Μάνης

367 5616 830 5692 ἀποϐαλλόμενος
861 5617 959 5686 τήν
990 5615 1236 5671 Παλαιὰν
1267 5617 1563 5686 Διαθήκην,
1613 5615 1704 5671 καὶ
1751 5616 1852 5684 τήν
1902 5617 2024 5673 κτί-

369 5733 452 5768 σιν
483 5715 657 5766 πᾶσαν
719 5708 810 5763 καὶ
865 5707 965 5776 τὴν
1018 5709 1117 5762 τοῦ
1175 5704 1464 5785 ἀνθρώπου
1521 5705 1860 5775 κατασκευὴν
1922 5707 2024 5762 οὐκ

2137 4720 2424 4776 excoriari
2453 4719 2654 4792 jussit,
2697 4717 2854 4790 quod
2880 4717 3000 4773 ﬁlio
3032 4719 3160 4790 ejus
3190 4725 3446 4776 mortem
3467 4722 3783 4778 attulisset.

2134 4811 2280 4865 Cum
2314 4811 2474 4866 enim
2498 4809 2649 4882 regis
2686 4808 2844 4864 ﬁlius
2864 4814 3178 4882 aegrotaret
3197 4815 3256 4866 et
3276 4826 3310 4866 a
3328 4811 3576 4868 medicis
3598 4813 3790 4869 multa

2133 4898 2432 4956 industria
2459 4903 2787 4966 curaretur,
2821 4900 3018 4953 Manes
3052 4899 3354 4970 pollicitus
3399 4906 3490 4956 est
3535 4920 3596 4958 se
3650 4919 3785 4958 eum

2135 4989 2374 5044 sanitati
2397 4987 2620 5058 absque
2645 4986 2944 5043 medicina
2964 4988 3400 5058 restituturum,
3425 4991 3622 5062 itaque
3648 4991 3784 5046 sub-

2132 5076 2311 5132 motis
2323 5075 2574 5132 medicis
2600 5075 2831 5132 incuria
2853 5080 2911 5130 et
2929 5077 3102 5148 nugis
3121 5077 3244 5132 suis
3263 5093 3515 5148 puerum
3529 5079 3778 5135 necavit.

2131 5165 2392 5237 Ideoque
2424 5165 2663 5237 dignam
2696 5164 3036 5221 mercedem
3067 5165 3226 5236 tulit,
3269 5164 3533 5221 detracta
3562 5167 3783 5224 misero

2133 5257 2366 5328 corpori
2397 5261 2552 5312 cute.
2609 5256 2918 5310 Enimvero
2969 5271 3170 5309 vecors
3224 5253 3327 5309 ille
3371 5256 3570 5310 Manes
3618 5261 3784 5314 vetus

2133 5347 2552 5402 testamenium
2584 5344 2879 5418 repudiat,
2904 5342 3232 5414 mundique
3255 5347 3313 5398 et
3341 5343 3606 5400 hominis
3626 5362 3786 5404 crea-

2132 5437 2356 5492 tionem
2384 5436 2564 5508 impie
2592 5433 3014 5501 calumniatur,
3033 5448 3067 5486 a
3083 5433 3200 5487 Deo
3223 5449 3345 5488 non
3370 5431 3527 5490 bono
3544 5434 3783 5510 factam,

2134 5527 2293 5597 quod
2324 5525 2592 5582 interitui
2642 5526 2719 5582 sit
2757 5528 2817 5579 et
2866 5523 3182 5578 mutationi
3233 5523 3507 5581 obnoxia.
3558 5527 3784 5585 Novum

2131 5621 2338 5688 utpote
2366 5615 2507 5671 boni
2540 5614 2640 5669 Dei
2671 5611 2956 5668 admittit.
2996 5609 3295 5667 Christum
3335 5629 3458 5668 non
3511 5631 3574 5671 re
3625 5633 3780 5686 vera,

2136 5707 2242 5764 sed
2273 5703 2654 5779 opinantibus
2685 5706 2918 5759 tantum
2949 5699 3295 5759 hominibus
3319 5705 3690 5776 apparuisse,
3714 5724 3780 5764 ac
