4154 6456
326 398 445 459 499

1693 392 2020 452 GEORGII
2064 393 2402 454 CEDHENI

3633 392 3760 454 500

328 535 631 606 spectrum
643 529 830 586 fuisse
841 526 1212 584 afﬁrmat.Ad
1226 526 1349 582 haec
1364 526 1682 581 sceleratas
1697 524 1985 597 quasdam

2119 525 2304 602 ἱγαθοῦ
2333 547 2477 590 τινος
2537 530 2670 583 Θεοῦ
2728 526 3007 605 γεγονεναι
3059 524 3431 606 βλασφημῶν,
3473 523 3577 606 ὑπὸ
3627 515 3771 597 (ptio-

334 620 784 681 occultationes.
803 622 1098 674 nocturna
1112 631 1278 671 sacra
1292 620 1349 669 et
1369 614 1612 670 illicitos
1638 615 1989 670 concubitus

336 719 515 783 atque
547 708 792 765 infanda
823 707 1043 779 flagitia
1080 705 1400 777 usurpavit.
1437 705 1664 772 Fatum,
1694 704 1995 777 migratio.

340 819 451 859 nes
481 800 820 856 auimarum
851 797 912 850 in
944 794 1062 851 alia
1091 810 1361 865 corpora,
1390 793 1698 865 multaque
1728 794 1846 850 alia
1868 810 1998 866 pro-

339 891 535 947 fessus
558 893 665 954 est,
689 888 1137 954 Graecorumque
1161 899 1368 955 pravas
1391 888 1449 938 et
1468 900 1649 938 vanas
1682 884 1997 955 opiniones

342 980 497 1036 tueri
528 979 645 1033 Deo
678 974 958 1029 adversus
989 972 1332 1043 invisusque
1355 972 1458 1027 ille
1491 974 1638 1029 457
1669 972 1889 1027 docuit.
1915 974 1995 1027 De

344 1086 414 1125 eo
447 1067 531 1122 sic
560 1063 902 1119 Theodorus
937 1061 1275 1117 Raithensis
1307 1062 1633 1133 presbyter.
1669 1064 1889 1131 Manes,
1912 1062 2001 1117 in-

342 1156 496 1230 quit,
532 1153 919 1209 tenebrarum
948 1150 1068 1206 Iuci
1101 1150 1486 1206 adversarum
1537 1151 1828 1217 inventor,
1879 1152 1998 1207 imo

345 1247 699 1319 ﬁgmentum
731 1241 1047 1314 potestatis
1080 1240 1482 1309 tenebrarum,
1517 1241 1876 1314 imaginatus
1916 1246 2005 1297 est

347 1342 526 1407 atque
560 1331 879 1388 somniavit
908 1330 1209 1386 Christum
1243 1330 1405 1385 nudo
1437 1330 1757 1386 simulacro
1790 1336 1849 1385 et
1877 1347 2005 1403 spe-

348 1427 438 1482 cie
470 1424 737 1479 humana
767 1421 1034 1492 corporis
1061 1436 1247 1476 vacua
1287 1420 1656 1492 apparuisse,
1694 1421 2002 1492 visumque

345 1513 527 1571 modo
561 1528 630 1567 ea
661 1526 833 1583 agere
864 1513 1109 1582 propter
1129 1525 1240 1564 nos
1259 1514 1437 1580 atque
1459 1510 1604 1581 pati,
1632 1527 1765 1581 quae
1786 1511 2006 1582 scripta

349 1608 511 1669 sunt,
544 1617 680 1657 cum
710 1615 915 1655 revera
943 1598 1096 1654 nihil
1126 1614 1331 1654 eorum
1359 1598 1548 1667 fieret,
1581 1598 1684 1653 sed
1723 1599 1774 1653 is
1804 1599 2003 1671 impo-

354 1699 520 1750 stura
551 1697 730 1762 atque
760 1688 1044 1760 opinione
1076 1688 1344 1742 homines
1382 1687 1648 1755 lactaret,
1682 1687 1839 1743 inter
1858 1704 2006 1760 quos

354 1781 577 1839 versari
607 1783 848 1852 putatus
878 1778 972 1832 sit.
1004 1778 1085 1833 Ea
1115 1776 1187 1831 de
1218 1792 1399 1832 causa
1430 1776 1577 1832 duas
1598 1776 1813 1832 Christi
1842 1783 2010 1833 natu-

357 1891 455 1931 ras
492 1876 687 1944 negat,
720 1870 909 1925 solam
940 1867 994 1922 ei
1025 1866 1308 1923 deitatem
1339 1867 1694 1922 concedens.

2100 615 2194 691 ρὰν
2222 617 2309 671 καὶ
2345 615 2646 673 ἀλλοίωσιν
2681 617 2865 685 θῦσαν,
2905 616 3006 686 τὴν
3038 617 3172 671 Νέαν
3232 616 3307 677 ὡς
3347 615 3557 685 ἀγαθοῦ
3598 611 3761 684 δῆθεν

2097 705 2383 780 προσίεται
2442 712 2599 775 Θεοῦ,
2659 707 2748 762 καὶ
2806 708 2946 762 κατὰ
3004 706 3303 785 φαντασίαν
3379 705 3473 760 καὶ
3532 701 3761 775 δόκησιν

2096 795 2189 850 τὸν
2222 797 2456 872 Χριστὸν
2511 796 2805 873 πεφυκέναι
2858 796 3221 871 τερατεύεται.
3282 797 3380 850 Καὶ
3437 795 3576 869 πρὸς
3633 794 3765 849 τού-

2098 904 2216 948 τοις
2245 883 2568 949 καταδύσεις
2624 888 2773 948 τινάς
2833 884 3042 964 ἐναγεῖς
3098 883 3188 940 καὶ
3245 884 3559 960 νυκτερινὰς
3607 880 3766 938 τελε.

2099 974 2197 1039 τὰς
2235 975 2326 1029 καὶ
2382 976 2739 1051 παρανόμους
2797 972 3159 1046 ἐπιτηδεύσας
3216 973 3389 1049 μίξεις
3442 972 3533 1028 καὶ
3592 971 3769 1049 ἆῤῥη-

2100 1064 2373 1135 τοποιίας,
2432 1064 2524 1120 καὶ
2612 1060 2975 1140 εἷρμαρμὲνας
3059 1063 3149 1119 καὶ
3242 1062 3765 1137 μετενσωματώσεις

2101 1155 2192 1210 καὶ
2243 1153 2390 1210 ἄλλα
2449 1154 2679 1212 πλείονα
2733 1153 3054 1235 φλυαρήσας
3113 1155 3205 1209 καὶ
3267 1151 3484 1224 διδάξας
3533 1153 3602 1207 τά
3656 1155 3768 1207 τῶν

2104 1241 2392 1315 Ἐλλήνων
2448 1245 2665 1320 πονηρά
2721 1245 2808 1299 καὶ
2875 1244 3077 1317 μάταια
3161 1241 3411 1318 δόγματα
3483 1241 3761 1318 κρατύνειν

2106 1332 2435 1390 ἐσπούδακεν
2469 1336 2496 1389 6
2530 1336 2794 1407 θεομισὴς
2826 1334 2917 1389 καὶ
2974 1333 3264 1404 θεήλατος.
3323 1332 3453 1408 Περὶ
3512 1332 3574 1386 οὗ
3631 1351 3767 1410 φησι

2107 1424 2197 1480 καὶ
2229 1422 2512 1499 Θεόδωρος
2567 1420 2935 1499 πρεσϐύτερος
2993 1426 3021 1479 6
3067 1430 3166 1493 τῆς
3217 1424 3458 1480 Ῥαϊθοῦ·
3511 1422 3707 1491 Μάνης
3742 1422 3770 1477 6

2108 1517 2204 1569 τοῦ
2260 1512 2540 1577 ἀντιθέτου
2607 1513 2832 1575 σκότους
2892 1512 3215 1592 ἐφευρετὴς,
3278 1509 3492 1585 μᾶλλον
3563 1508 3621 1566 δὲ
3672 1517 3773 1579 τῆς

2112 1600 2355 1672 ἐξουσίας
2409 1606 2506 1657 τοῦ
2564 1601 2791 1664 σκότους
2870 1601 3225 1674 ἀνάπλασμα,
3306 1599 3570 1681 φαντασίᾳ
3628 1597 3768 1675 ψιλῇ

2111 1690 2204 1746 καὶ
2237 1693 2484 1765 σχήματι
2540 1688 2767 1764 διακένῳ
2825 1691 3080 1764 σώματος
3138 1689 3475 1766 ἀνθρωπείου
3532 1708 3770 1766 πεφανε-

2117 1783 2321 1854 ρῶσθαι
2360 1780 2451 1834 τὸν
2498 1778 2702 1855 Κύριον
2761 1778 3069 1858 ἒφαντάσθη
3129 1778 3220 1834 καὶ
3271 1777 3591 1852 ὠνείρωξεν,
3631 1774 3773 1832 ὥστε

2118 1870 2252 1949 φησὶ
2315 1869 2406 1923 καὶ
2465 1870 2700 1945 πάσχειν
2760 1869 2853 1943 μὲν
2915 1867 3093 1924 δοκεῖν
3146 1867 3306 1923 αὐτὸν
3366 1868 3457 1923 καὶ
3515 1867 3772 1944 πράττειν

359 1962 494 2035 ἅπερ
525 1954 653 2033 ἕδρα
681 1957 772 2012 καὶ
799 1956 1032 2010 πέπονθε
1058 1955 1176 2009 καθ’
1206 1957 1377 2027 ἡμᾶς,
1440 1951 1610 2029 μφδέν
1666 1951 1724 2008 δὲ
1779 1954 1985 2009 τούτων
2047 1954 2281 2029 ἀληθείᾳ
2339 1958 2428 2013 καὶ
2493 1960 2773 2035 πράγματι
2835 1956 3088 2035 ὑπάρξαι,
3148 1955 3295 2012 ἀλλά
3355 1953 3576 2026 δοκῆσει
3638 1955 3776 2030 μᾶλ-

351 2046 450 2103 λον
490 2047 581 2101 καὶ
610 2045 789 2119 ἀπάτῃ
824 2037 1224 2098 ἀποϐουκολεῖν
1282 2042 1410 2103 τοὺς
1466 2040 1802 2117 ἀνθρώπους,
1856 2041 1940 2104 οἷς
2000 2043 2092 2097 καὶ
2143 2048 2596 2124 συνανεστράφθαι
2664 2047 3007 2120 νενόμισται.
3069 2045 3169 2100 Διᾶ
3222 2049 3385 2101 τοῦτο
3443 2043 3532 2100 καὶ
3591 2042 3775 2121 φύσεις

350 2133 450 2191 δύο
473 2138 819 2209 παραιτεῖται
851 2129 1029 2208 λέγων
1062 2129 1148 2184 ἐπὶ
1180 2133 1277 2184 τοῦ
1306 2129 1528 2204 Κυρίου,
1561 2128 1708 2186 ἀλλὰ
1742 2129 1868 2203 μίαν
1904 2131 2002 2200 τὴν
2036 2137 2138 2201 τῆς
2169 2133 2446 2206 θεότητος.

418 2225 554 2280 Fuit
582 2228 781 2279 autem
811 2226 1150 2277 coaetaneus
1171 2219 1352 2292 hujus
1374 2220 1621 2275 Manetis
1644 2219 1863 2275 Paulus
1886 2220 2010 2291 qui-

2191 2222 2408 2286 Ιίαῦλος
2443 2221 2499 2279 δὲ
2527 2244 2613 2286 τις
2644 2228 2723 2296 τῷ
2753 2224 2991 2280 Μάνεντι
3038 2222 3218 2295 τούτῳ
3267 2221 3571 2297 σύγχρονος
3622 2242 3779 2299 γεγο-

347 2315 487 2372 dam
545 2313 737 2386 patria
793 2312 1234 2379 Samosatenus,
1305 2309 1618 2381 episcopus
1677 2309 2004 2365 Antiochiaa

343 2419 599 2477 magnae.
622 2405 677 2458 Is
700 2400 1002 2456 Christum
1024 2398 1250 2454 nudum
1277 2397 1462 2454 fuisse
1488 2398 1796 2454 hominem
1822 2398 2005 2470 impie

348 2490 624 2559 asseruit,
660 2490 840 2561 inque
871 2505 941 2544 eo
973 2488 1216 2543 verbum
1242 2487 1346 2542 Dei
1378 2488 1461 2542 ita
1482 2487 1909 2544 inhabitavisse
1943 2492 2010 2543 ut

351 2582 418 2637 in
449 2580 653 2652 quovis
676 2578 792 2634 alio
815 2577 1260 2649 prOphetarum.
1284 2575 1429 2631 Inde
1454 2576 1601 2632 duas
1623 2582 1869 2632 naturas
1889 2593 1925 2632 a
1946 2592 2009 2631 se

353 2670 605 2726 invicem
641 2667 859 2723 divisas
890 2665 1172 2737 nullaque
1204 2666 1449 2721 omnino
1481 2665 1698 2736 copula
1724 2666 1927 2721 unitas
1949 2666 2012 2721 in

350 2759 583 2816 Christo
612 2757 798 2813 fuisse
827 2754 1054 2823 statuit,
1079 2758 1147 2809 ut
1166 2754 1322 2810 alius
1345 2754 1526 2809 fuerit
1552 2754 2011 2824 Christus,aliud

357 2849 603 2905 verbum
638 2847 699 2902 in
731 2862 799 2901 eo
831 2844 1193 2900 inhabitans.
1229 2844 1326 2898 Hae
1356 2844 1616 2916 primum
1649 2845 1828 2917 igitur
1880 2844 2011 2900 duaa

357 2942 501 2994 sunt
529 2940 720 2992 enatae
749 2935 1029 3003 hmreses,
1061 2949 1193 3004 quae
1225 2932 1375 2987 duas
1401 2938 1459 2987 et
1505 2949 1686 2989 unam
1734 2939 2012 2989 naturam

356 3028 614 3094 Christo,
643 3042 766 3081 non
797 3024 1096 3097 quomodo
1126 3024 1405 3095 oportuit,
1440 3024 1544 3080 sed
1573 3025 1729 3080 male
1755 3030 1814 3081 et
1833 3026 2012 3097 impie

359 3116 704 3174 ascribunt:
740 3115 1049 3185 alteraque
1081 3130 1286 3169 earum
1318 3113 1524 3170 deitati
1555 3114 1792 3184 Christi,
1828 3115 2017 3170 altera

358 3206 731 3263 humanitate
762 3204 1024 3276 derogat.

426 3389 640 3442 Postea
680 3382 970 3455 temporis
1030 3379 1414 3453 Apolinarius
1470 3379 1713 3451 quidam
1767 3381 2014 3452 exstitit,

356 3474 670 3548 episcopus
702 3471 1004 3527 Laodiceae
1029 3469 1232 3541 Syrias,
1255 3485 1542 3524 novarum
1567 3474 1775 3525 auctor
1794 3470 2018 3526 vanita-

2113 2311 2243 2380 νὼς,
2275 2313 2339 2368 τὸ
2370 2313 2524 2389 γένος
2574 2313 2669 2387 μὲν
2725 2311 3102 2387 Σαμοσατεὺς,
3163 2310 3501 2387 Ἀντιοχείας
3561 2308 3628 2381 δὲ,
3673 2318 3777 2381 τῆς

2119 2400 2363 2478 μεγάλης
2412 2399 2708 2476 πρόεδρος,
2750 2399 2914 2477 ψιλὸν
2963 2402 3247 2476 ἄνθρωπον
3291 2401 3428 2456 εἶναι
3476 2400 3568 2456 τὸν
3630 2404 3773 2476 Χρι-

2116 2493 2241 2546 στὸν
2280 2488 2690 2568 ἐδυσφήμησεν.
2724 2493 2929 2566 Ὥσπερ
2973 2488 3032 2546 δὶ
3081 2490 3157 2553 είς
3206 2487 3428 2545 ἕκαστον
3478 2494 3586 2545 τῶν
3630 2510 3772 2564 προ·

2117 2583 2330 2658 φητῶν,
2363 2579 2509 2635 οὕτω
2540 2579 2629 2634 καὶ
2663 2579 2716 2635 ἐν
2758 2579 2909 2653 αύτῷ
2966 2586 3285 2657 γεγενῆσθαι
3339 2584 3437 2634 τοῦ
3481 2583 3616 2635 Θεοῦ
3668 2581 3772 2635 Λό-

2114 2689 2215 2743 γου
2247 2669 2346 2737 τὴν
2379 2667 2616 2739 οἷ’κησιν.
2651 2669 2836 2726 Ἔνθεν
2871 2667 2929 2723 δὲ
2976 2670 3064 2723 καὶ
3121 2666 3218 2724 δύο
3268 2669 3452 2745 φύσεις
3503 2666 3773 2744 διῃρημέ-

2118 2779 2228 2823 νως
2282 2756 2518 2837 ἐχούσας
2585 2759 2675 2814 καὶ
2736 2759 3142 2829 ἀκοινωνῆτους
3196 2760 3330 2833 πρὸς
3391 2759 3582 2821 ἑαυτὰς
3643 2759 3775 2813 εἶναι

2118 2848 2460 2904 παντάπασιν
2499 2847 2554 2903 ἐν
2587 2848 2824 2923 Χριστῷ,
2877 2847 2952 2909 ὡς
3009 2845 3187 2903 ἄλλου
3244 2847 3408 2903 αὐτοῦ
3462 2843 3618 2911 ὄντος
3678 2847 3777 2903 τοῦ

2118 2939 2357 3013 Χριστοῦ
2388 2938 2479 2992 καὶ
2512 2934 2687 2992 ἄλλου
2745 2941 2843 2992 τοῦ
2897 2941 3286 2998 κατοικοῦντος
3337 2935 3389 2992 ἐν
3448 2935 3595 3009 αὐτῷ
3648 2941 3782 2992 Θεοῦ

2119 3026 2327 3104 Λόγου.
2366 3028 2537 3084 Αὗται
2573 3027 2666 3100 μὲν
2697 3025 2789 3082 οὖν
2825 3029 2878 3081 αἱ
2908 3031 3122 3102 πρῶται
3167 3026 3295 3105 ιρυαῖ
3352 3032 3450 3081 τοῦ
3504 3025 3630 3101 μέαν
3682 3026 3787 3105 φύ-

2120 3138 2201 3172 σιν
2237 3116 2458 3179 καὶτὰς
2499 3114 2596 3171 δύο
2655 3121 2839 3181 κακῶς
2893 3117 2985 3171 καὶ
3042 3113 3348 3195 δυσφήμῳς
3403 3115 3489 3170 ἐπὶ
3552 3119 3778 3190 Χριστῷ

2120 3204 2489 3283 λέγεσθαι,τὸ
2521 3206 2617 3279 μὶν
2652 3203 2735 3260 ἐπ’
2786 3204 3053 3281 ἂναιρὲσει
3109 3212 3211 3275 τῆς
3270 3206 3553 3275 θεότητος,
3609 3205 3671 3260 τὸ
3719 3201 3775 3259 δὲ

2119 3303 2220 3367 τῆς
2250 3296 2697 3371 ἀνθρωπότητος.

2193 3389 2278 3461 [Ρ.
2312 3389 2440 3459 261]
2472 3387 2562 3443 Ἐν
2596 3382 2652 3441 ῗὶ
2678 3392 2795 3448 τοῖς
2826 3385 2949 3456 ἑξῆς
2974 3386 3198 3466 χρόνοις
3260 3384 3648 3460 Ἀπολινάριός
3686 3405 3769 3446 τις

2119 3475 2279 3554 ἐφύη,
2311 3473 2581 3550 πρόεδρος
2613 3471 2932 3537 Λαοδικείας
2989 3482 3091 3545 τῆς
3143 3474 3369 3550 Συρίας,
3434 3494 3772 3552 ματαιοφρο-

351 3569 502 3620 tum.
536 3564 681 3617 Cum
721 3561 878 3615 enim
913 3558 1118 3614 Ariani
1146 3574 1362 3629 corpus
1393 3557 1608 3613 Christi
1643 3558 1795 3614 458
1841 3576 2004 3631 pror-

2123 3565 2284 3634 σύνης
2367 3566 2550 3640 ἒτὲρας
2632 3562 3084 3638 εἶ’σηγησάμενος.
3142 3569 3259 3619 Τῶν
3316 3565 3421 3641 γὰρ
3477 3565 3773 3641 Ἀρειανῶν

354 3670 457 3709 sus
488 3651 821 3707 inanimum
853 3649 1072 3717 dicant,
1099 3647 1200 3703 ille
1228 3664 1262 3703 a
1289 3648 1522 3703 Christo
1545 3664 1785 3703 carnem
1810 3650 2012 3705 anima

357 3742 521 3798 vitali
550 3740 875 3797 animatam
910 3739 1091 3793 fuisse
1114 3742 1484 3809 assumptam
1545 3738 1867 3809 perhibuit,
1910 3741 2013 3795 sed

364 3832 469 3903 qui
491 3835 754 3886 mentem
775 3834 1039 3884 nostram
1054 3827 1304 3882 minime
1322 3826 2012 3897 asciverit.Nihilquippe

361 3924 415 3979 ei
448 3923 682 3995 corpori
712 3938 860 3992 opus
892 3921 1077 3975 fuisse
1107 3921 1374 3974 humana
1402 3924 1622 3987 mente,
1659 3935 1794 3974 cum
1825 3936 1860 3975 a
1888 3919 2012 3974 dei-

355 4018 478 4071 tate
509 4014 573 4069 in
602 4011 664 4067 id
684 4012 900 4081 illapsa
919 4010 1371 4081 gubernaretur.
1391 4014 1472 4063 Ac
1498 4024 1573 4063 ne
1598 4008 1860 4080 potuisse
1879 4009 2011 4080 qui-

354 4102 490 4159 dem
521 4102 705 4174 recipi
735 4102 799 4155 in
828 4100 889 4155 id
920 4116 1136 4171 corpus
1166 4098 1345 4154 aliam
1369 4098 1743 4170 intelligendi
1762 4099 2015 4155 faculta—

355 4199 478 4252 tem
508 4197 726 4264 praeter
756 4189 1036 4245 divinam.
1073 4189 1172 4244 His
1216 4188 1426 4259 positis
1478 4188 1787 4244 contendit
1831 4205 2013 4245 unam

354 4283 537 4340 fuisse
570 4281 731 4336 verbi
763 4285 823 4335 et
851 4278 1047 4333 carnis
1077 4282 1399 4349 assumptze
1430 4284 1729 4345 naturam,
1793 4279 2015 4350 quippe

355 4372 430 4430 ad
452 4370 713 4427 hominis
735 4367 1223 4424 constitutionem
1243 4383 1379 4422 cum
1404 4382 1538 4422 caro
1562 4384 1681 4423 non
1692 4368 2013 4437 sufficeret,

355 4477 552 4533 neque
583 4457 848 4515 hominis
878 4472 1098 4512 nomen
1131 4462 1485 4513 mereretur.

434 4641 576 4693 Post
604 4637 711 4691 hos
742 4634 961 4706 prodiit
991 4634 1232 4705 quidam
1274 4633 1614 4689 Theodorus
1670 4635 1875 4704 Mopsu
1906 4635 2015 4689 He-

363 4731 515 4794 stize,
550 4743 681 4798 quae
711 4725 856 4781 urbs
887 4730 977 4779 est
1004 4725 1245 4790 Ciliciae,
1278 4724 1550 4779 antistes.
1582 4725 1638 4779 Is
1659 4723 1836 4794 plane
1864 4725 2017 4795 Apo-

360 4817 578 4875 linario
593 4816 873 4872 adversus
884 4814 1178 4885 intrepide
1192 4814 1493 4890 Christum
1509 4813 1889 4869 contumeliis
1901 4829 2019 4868 non

361 4907 590 4965 levibus
617 4922 796 4961 ausus
819 4909 908 4959 est
932 4904 1195 4971 afﬁcere,
1223 4903 1408 4957 fuisse
1440 4919 1577 4958 eum
1600 4902 1899 4975 vulgarem
1920 4919 2020 4957 ne-

362 5014 477 5071 que
508 4996 681 5053 nobis
712 4994 1005 5067 potiorem
1033 4999 1251 5048 natura
1279 4992 1585 5048 hominem
1611 4993 1815 5049 dicens
1840 5010 1854 5060 ;
1887 5009 2018 5065 pro-

354 5088 569 5145 fecisse
600 5091 799 5141 autem
836 5099 995 5146 eum,
1028 5082 1224 5152 iisque
1245 5082 1610 5152 profectibus
1634 5084 1883 5155 gratiam
1910 5083 2014 5137 Dei

356 5181 638 5251 adeptum
661 5178 847 5232 Deum
871 5174 1053 5228 fuisse
1094 5172 1473 5227 nominatum
1502 5190 1515 5239 ;
1549 5174 1730 5245 inque
1759 5174 2014 5230 Jordane

356 5284 492 5325 cum
523 5268 586 5322 in
618 5264 829 5338 primis
858 5262 919 5317 in
952 5277 1171 5316 nomen
1227 5261 1419 5316 Patris
1469 5262 1603 5317 Filii
1653 5268 1712 5317 et
1761 5263 2015 5333 Spiritus

357 5358 547 5415 sancti
579 5355 996 5427 baptizaretur,
1028 5349 1184 5405 dono
1218 5351 1461 5422 spiritus
1496 5352 1686 5407 sancti
1708 5351 1891 5407 fuisse
1924 5351 2016 5406 di-

362 5452 623 5518 gnatum.
660 5443 744 5499 Ob
772 5442 902 5513 ejus
934 5456 1111 5512 porro
1143 5439 1538 5496 excellentem
1569 5441 1847 5496 virtutem
1883 5442 2017 5495 Ver-

366 5536 510 5589 bum
538 5533 641 5588 Dei
673 5532 735 5587 in
765 5533 891 5603 ipso
922 5529 1168 5586 arbitrio
1201 5546 1307 5585 suo
1340 5530 1727 5597 inhabitasse,
1761 5545 2017 5601 eumque

369 5620 565 5678 divina
581 5620 866 5693 dignitate
880 5619 1294 5690 impertivisse,
1313 5625 1490 5691 atque
1505 5619 1873 5674 adorandum
1886 5623 2021 5691 post

369 5715 623 5767 mortem
652 5708 970 5781 redegisse.
1004 5710 1139 5763 Haac
1166 5715 1228 5765 et
1254 5709 1372 5766 alia
1398 5709 1461 5765 id
1489 5724 1675 5782 genus
1704 5709 1890 5766 multa
1918 5710 2020 5765 ille

2121 3654 2335 3728 ἃψυγον
2372 3654 2549 3724 πάντη
2593 3651 2867 3728 λεγόντων
2899 3654 2998 3723 τήν
3026 3657 3123 3709 τοῦ
3157 3653 3354 3729 Κυρίου
3409 3656 3603 3729 σάρκα,
3660 3653 3769 3708 αύ-

2118 3746 2214 3806 τὸς
2245 3740 2346 3824 ἔφη
2390 3747 2475 3800 ὅτι
2533 3744 2704 3820 σάρκα
2765 3745 2860 3817 μὲν
2920 3744 3288 3819 ἐψυχωμὲνην
3348 3748 3504 3818 ψυχῇ
3566 3747 3771 3813 ζωτικῆ

2120 3828 2377 3889 ἀνέλαϐεν
2415 3834 2443 3887 ὂ
2474 3831 2697 3908 Κύριος,
2727 3837 2852 3887 νοῦν
2903 3830 2960 3888 δὲ
3015 3834 3105 3888 τὸν
3162 3831 3429 3908 ἡμέτερον
3486 3834 3550 3888 οὐ
3604 3853 3773 3908 προσ-

2122 3925 2315 3994 ήκατο·
2352 3920 2493 3995 μηδὲ
2524 3922 2628 3996 γάρ
2662 3919 2924 3990 δεηθῆναι
2976 3922 3076 3989 τὴν
3132 3922 3303 3996 σάρκα
3357 3923 3524 4001 φησὶν
3566 3921 3775 3993 ἐκείνην

2120 4011 2460 4085 ἀνθρωπείου
2520 4011 2645 4072 νοὸς
2710 4008 3193 4085 ἡγεμονευομένην
3280 4011 3385 4066 ὑπὸ
3444 4015 3552 4066 τοῦ
3607 4012 3777 4080 αὐτὴν

2119 4097 2466 4162 ἐνδεδυκότος
2499 4103 2634 4155 Θεοῦ
2678 4099 2877 4174 Λόγου·
2945 4098 3092 4156 ἀλλᾶ
3154 4098 3296 4173 μηδὲ
3354 4106 3556 4176 χωρεῖν
3613 4101 3778 4169 αὐτὴν

2120 4187 2300 4260 ἄλλην
2328 4189 2520 4265 νοεράν
2573 4185 2798 4262 δύναμιν
2848 4190 2995 4264 παρὰ
3041 4190 3140 4258 τήν
3193 4189 3357 4253 θείαν.
3410 4190 3592 4247 Ταῦτα
3640 4190 3777 4246 ὑπο-

2123 4278 2348 4352 θέμενος
2378 4276 2695 4333 διατείνεται
2732 4276 2858 4351 μίαν
2892 4278 3031 4333 εἶναι
3086 4280 3188 4349 τήν
3241 4278 3398 4358 φύσιν
3446 4283 3543 4334 τοῦ
3597 4280 3776 4353 Λόγου

2121 4368 2212 4424 καὶ
2243 4374 2344 4437 τῆς
2374 4366 2722 4440 σαρκώσεως,
2755 4367 2829 4428 ὡς
2868 4368 2962 4422 ἅτε
3008 4374 3107 4437 τῆς
3166 4369 3366 4443 σαρκὸς
3417 4366 3642 4431 ἀτελοῦς
3686 4366 3781 4423 οὔ-

2124 4480 2225 4529 σης
2254 4457 2330 4519 εἰς
2359 4456 2424 4511 τὸ
2456 4458 2598 4511 εἶναι
2627 4453 2943 4531 ἄνθρωπον,
2999 4457 3090 4513 καὶ
3150 4454 3238 4512 διὰ
3292 4461 3454 4514 τοῦτο
3513 4460 3588 4532 μή
3635 4458 3779 4533 ἃξίόν

2124 4566 2288 4626 φησιν
2323 4544 2702 4618 ὀνομάζεσθαι.

2196 4635 2325 4691 Μεθ’
2378 4635 2454 4689 ὧν
2511 4633 2857 4704 ἀναφαίνεται
2917 4656 3001 4699 τις
3055 4634 3365 4713 Θεόδωρος,
3420 4646 3521 4708 τῆς
3583 4639 3782 4711 Μόψου

2126 4725 2327 4793 ἱστίας,
2359 4721 2579 4786 πόλεως
2602 4722 2652 4779 ἐν
2685 4727 2754 4797 τῇ
2787 4722 3039 4796 Κιλιλίᾳ,
3072 4728 3173 4795 τήν
3206 4727 3505 4800 ἠγεμνινίαν
3564 4726 3780 4803 λαχὼν,

2126 4813 2219 4869 καὶ
2247 4812 2308 4868 ἐκ
2335 4812 2631 4888 διαμέτρου
2669 4817 2748 4885 τῷ
2806 4812 3183 4886 Ἀπολιναρίῳ
3241 4815 3538 4890 φερόμενος
3592 4808 3778 4886 ὕϐρεις

2129 4904 2192 4959 ού
2222 4902 2320 4965 τὰς
2349 4902 2626 4982 τυχούσας
2664 4901 2928 4976 τολμηρᾷ
2983 4906 3138 4976 ψυχῇ
3199 4902 3289 4954 καὶ
3338 4896 3528 4978 ἀφόϐῳ
3581 4897 3779 4975 καρδίᾳ

2125 4990 2506 5065 καταχὲειτοῦ
2538 4991 2811 5047 Δεσπότου
2864 4992 3127 5062 Χριστοῦ,
3186 4984 3465 5061 ἄνθρωπον
3526 4984 3620 5043 ἕνα
3665 4992 3773 5043 τῶν

2123 5082 2417 5154 καθ’ἠμᾶς
2475 5082 2562 5137 καὶ
2616 5080 2799 5135 κοινὸν
2856 5076 3171 5148 ἀποκαλῶν,
3230 5076 3319 5131 καὶ
3378 5076 3439 5133 ἐκ
3494 5085 3778 5154 προκοπῆς

2128 5170 2368 5227 λαϐόντα
2392 5173 2492 5239 τήν
2517 5171 2681 5246 χάριν
2713 5171 2815 5224 τοῦ
2871 5168 3005 5220 Θεοῦ
3066 5164 3197 5221 Θεὸν
3252 5166 3629 5241 ὀνομάζεσθαι,
3687 5168 3777 5225 καὶ

2126 5261 2186 5316 ἐκ
2212 5265 2309 5317 τοῦ
2337 5262 2392 5317 ἐν
2444 5257 2684 5337 Ἰορδάνῃ
2742 5256 3124 5331 βαπτίσματος
3182 5256 3476 5328 ἀξιωθῆναι
3528 5267 3627 5330 τῆς
3684 5263 3779 5314 τοῦ

2127 5350 2284 5425 ἁγίου
2320 5349 2630 5423 Πνεύματος
2663 5343 2893 5418 δωρεᾶς,
2927 5343 2979 5399 ἐν
3034 5347 3275 5421 πρώτοις
3324 5346 3397 5409 εἷς
3446 5344 3621 5421 ὄνομα
3672 5356 3777 5403 Πα-

2125 5441 2274 5516 τρὸς,
2305 5439 2398 5495 καὶ
2426 5439 2577 5504 Υἱοῦ,
2600 5435 2691 5491 καὶ
2714 5434 2868 5510 ἁγίου
2903 5434 3239 5509 Πνεύματος,
3277 5439 3657 5512 βαπτισθέντα,
3689 5439 3779 5495 τὸν

2129 5527 2186 5585 δὲ
2217 5529 2345 5585 Θεὸν
2380 5528 2551 5601 Λόγον
2587 5522 2675 5580 διὰ
2702 5527 2801 5595 τήν
2861 5521 3311 5601 ὑπερϐάλλουσαν
3365 5525 3560 5602 ἀρετὴν
3611 5527 3778 5585 αὐτοῦ

2128 5621 2244 5673 κατ’
2305 5613 2549 5672 εὐδοκίαν
2609 5615 2803 5670 ἑαυτοῦ
2861 5618 3264 5686 κατοικήσαντα
3318 5613 3638 5688 μεταδοῦναι
3677 5625 3779 5689 τῆς

2129 5715 2318 5778 θεΐκῆς
2372 5705 2520 5778 ἀξίας
2584 5703 2732 5777 αὐτῷ
2814 5704 2906 5761 καὶ
2991 5706 3410 5781 προσκυνήσεως
3496 5707 3779 5783 ἐσύστερον
