4154 6452
389 408 510 469 σοι
1545 404 2017 469 HISTORIARE

2139 401 2692 465 COMPENDIUM.
3702 414 3824 475 502

388 535 531 611 μετᾶ
595 532 694 603 τὴν
744 530 1053 590 τελείωσιν.
1111 533 1295 590 Ταῦτα
1361 531 1453 588 καὶ
1509 528 1649 608 ἱίτερ⁹
1705 529 1839 588 ἄττα
1866 527 2014 585 πολλ

2131 589 2138 598 ,
2168 529 2350 603 impie
2379 547 2657 590 asserens
2685 532 2932 591 tradidit
2968 533 3032 591 in
3063 532 3295 593 Christo
3343 537 3491 596 duas
3548 544 3819 617 naturas,

385 627 618 681 τοιαῦτα
707 619 1076 700 δυσφημῆσας
1136 620 1233 679 δύο
1295 625 1483 699 φύσεις
1578 617 2017 696 ῖδιοπεριορίστω

2172 636 2426 693 quarum
2455 628 2707 696 utraque
2738 641 2845 697 per
2871 641 2934 681 se
2966 628 3027 680 et
3064 624 3314 682 seorsim
3371 627 3823 705 circumscripta

388 712 745 790 ἐδογμάτισεν
774 712 860 769 ἐπὶ
893 717 1163 789 Χριστοῦ,
1210 713 1401 792 σχέσει
1459 714 1563 770 τινὶ
1621 710 1709 767 καὶ
1771 709 1936 786 μόνον
1963 706 2057 764 ἀλ-

390 803 599 875 λήλαις
625 802 1000 879 ᾠκειωμένας.
1034 800 1265 880 Δευτέρα
1300 806 1389 860 καὶ
1456 802 1590 876 αῦτη
1628 800 1926 881 βλάστησις
1954 802 2054 855 τοῦ

393 894 526 969 μίαν
553 893 711 973 φύσιν
742 893 833 949 καὶ
890 891 986 950 δύο
1018 895 1201 972 φύσεις
1259 893 1311 950 ἐν
1372 898 1589 972 Χριστῷ
1640 893 1718 968 μή
1773 889 1911 947 κατὰ
1957 887 2052 945 τὸν

388 983 555 1060 ὀρθὸν
586 981 753 1058 λόγον
787 981 1200 1061 ὁμολογεῖσθαι.

460 1074 612 1132 Μετὰ
671 1069 728 1128 δὲ
776 1074 1007 1136 τούτους
1062 1073 1248 1151 γέγονέ
1299 1095 1382 1137 τις
1445 1073 1668 1147 ὀνόματι
1726 1071 2047 1146 Νεστόριος,

382 1163 494 1219 ἀπὸ
526 1163 916 1239 Γερμανικείας
944 1170 1044 1233 τῆς
1095 1164 1321 1239 Συρίας,
1375 1168 1472 1220 τοῦ
1531 1162 1726 1240 θρόνου
1758 1165 2047 1219 Κωνσταν-

379 1254 763 1317 τινουπόλεως
826 1251 1182 1330 δραξάμενος,
1240 1255 1450 1329 ὁμοίως
1504 1258 1572 1328 τῇ
1624 1257 1779 1332 φωνῇ
1830 1256 1940 1308 τῶν
1992 1249 2044 1306 ἓν

375 1345 603 1419 Χριστῷ
632 1341 730 1399 δύο
761 1344 974 1421 φύσεων
1012 1345 1367 1419 καταφρόνως
1401 1345 1782 1423 ἀπεχρήσατο,
1843 1339 2046 1414 Παύλῳ

372 1434 474 1491 καὶ
513 1431 782 1509 Θεοδώρῳ
840 1440 961 1498 τοῖς
1021 1435 1212 1490 ἑαυτοῦ
1252 1435 1546 1510 προγόνοις
1597 1431 1876 1508 ἑπόμενος.
1920 1432 2046 1496 Υἱὸς

388 1525 484 1599 μὶν
515 1525 617 1600 γὰρ
644 1525 711 1593 ἦν
742 1527 842 1579 τοῦ
902 1522 1153 1595 Κίλικος,
1211 1523 1479 1602 ἀπόγονος
1531 1520 1588 1579 δὲ
1616 1526 1739 1594 ξτοῦ
1797 1529 2045 1597 Σαμοσα-

386 1612 545 1681 τέως,
597 1612 689 1668 καὶ
750 1610 842 1668 διὰ
896 1617 1059 1670 τοῦτο
1144 1613 1282 1690 πρὸς
1356 1614 1454 1683 τήν
1535 1610 1689 1689 ἁγίαν
1770 1611 2038 1688 Παρθένον

385 1699 651 1758 ἄσπονδον
709 1702 884 1778 ἢρατο
953 1703 1222 1776 πόλεμον,
1282 1701 1673 1778 ἐξαρνούμενος
1727 1701 1818 1757 τὸν
1848 1701 2017 1757 έαυτοί

2152 1698 2438 1771 virginem
2471 1702 2874 1774 gessit,malus
2905 1720 3110 1762 servus
3134 1711 3312 1778 atque
3342 1707 3683 1780 impudens,
3702 1710 3804 1781 qui

379 1792 585 1868 Κύριον
615 1792 705 1847 καὶ
756 1791 1035 1866 ἀτιμάζων
1089 1793 1188 1863 τήν
1244 1793 1435 1848 ἑαυτοῦ
1489 1789 1778 1849 Δέσποιναν
1847 1792 1875 1845 ὁ
1929 1786 2017 1846 δείι

2150 1793 2209 1844 et
2238 1790 2556 1848 Dominum
2585 1810 2758 1849 suum
2788 1793 3151 1851 difﬂteretur
3180 1801 3240 1851 et
3259 1796 3569 1853 Dominam
3590 1803 3802 1855 contu-

373 1880 539 1946 λαιος
572 1880 771 1946 δοῦλος
830 1884 920 1939 καῖ
982 1882 1360 1959 ἀναίσχυντος.
1418 1882 1592 1944 Οὗτος
1651 1879 1744 1937 οὖν
1786 1881 1814 1936 ὁ
1868 1877 2017 1935 δεινὸε

2152 1878 2334 1935 melia
2347 1879 2693 1939 afficeretls
2713 1898 2849 1957 ergo
2865 1883 3239 1956 perniciosus
3258 1885 3567 1942 Nestorius
3588 1887 3803 1945 ducem

2151 1984 2213 2024 se
2233 1968 2490 2026 Iudaica
2521 1969 2732 2029 haeresi
2753 1973 3032 2046 prabuit,
3054 1972 3240 2031 alium
3260 1991 3364 2047 per
3383 1991 3446 2031 se
3473 1992 3602 2032 esse
3624 1977 3800 2033 Chri-

2146 2063 2328 2129 stum,
2352 2060 2659 2134 aliumque
2708 2078 2916 2119 rursus
2948 2062 3206 2120 Verbum
3235 2064 3362 2134 Dei,
3385 2080 3648 2122 errorem
3678 2067 3800 2122 avi-

2144 2151 2271 2204 tum
2303 2149 2605 2222 sequendo
2638 2154 2929 2208 statuens.

2172 710 2269 779 sit,
2293 718 2569 784 respectu
2598 719 2831 770 tantum
2853 714 3113 787 quodam
3147 715 3307 772 inter
3353 734 3415 773 se
3447 720 3818 792 conjunctas.

2169 799 2290 855 Hoc
2322 800 2577 858 alterum
2601 807 2693 858 est
2718 820 2961 877 germen
2996 821 3175 861 unam
3231 812 3511 863 naturam
3560 813 3619 865 et
3674 810 3821 868 duas

2167 896 2412 947 naturas
2443 893 2505 948 in
2526 893 2776 963 Christo,
2808 911 2928 950 non
2950 900 3019 951 ut
3056 894 3271 951 veritas
3323 898 3605 968 postulat,
3639 900 3820 957 conﬁ-

2162 980 2439 1036 tentium.

2235 1070 2390 1126 459
2424 1071 2719 1128 Successit
2745 1073 2839 1129 bis
2867 1074 3109 1145 quidam
3142 1076 3468 1144 Nestorius,
3511 1095 3547 1135 a
3576 1081 3816 1138 Germa-

2160 1159 2319 1215 nicia
2362 1161 2546 1233 Syria
2585 1162 2660 1218 ad
2718 1162 2929 1219 solium
2985 1165 3363 1237 Cpolitanum
3404 1170 3816 1241 occupandum

2158 1250 2478 1322 profectus.
2513 1254 2567 1308 Is
2599 1269 2835 1326 quoque
2866 1255 3167 1311 vocabulis
3198 1256 3452 1314 duarum
3484 1258 3546 1314 in
3581 1260 3813 1317 Christo

2158 1346 2505 1398 naturarum
2539 1360 2814 1415 perverse
2845 1351 2937 1401 est
2974 1346 3215 1414 abusus,
3246 1348 3497 1405 Paulum
3528 1354 3587 1406 et
3632 1353 3816 1408 Theo-

2158 1429 2370 1487 dorum
2399 1433 2659 1506 majores
2690 1452 2830 1492 suos
2879 1437 3167 1495 imitatus.
3199 1440 3339 1495 Erat
3394 1440 3555 1496 enim
3611 1441 3810 1499 Cilicis

2154 1520 2328 1577 istius
2376 1522 2558 1592 ﬁlius,
2612 1531 3036 1600 auctoremque
3101 1528 3304 1601 stirpis
3360 1529 3811 1587 Samosatenum

2155 1608 2411 1667 habebat
2451 1612 2705 1684 ideoque
2734 1613 2958 1670 bellum
2980 1615 3354 1688 implacabile
3376 1622 3583 1675 contra
3604 1619 3807 1676 Divam

368 1971 705 2048 Νεστόριος,
738 1972 1051 2044 προστάτης
1105 1971 1342 2049 γεγονὼς
1397 1977 1499 2041 τῆς
1557 1966 1866 2040 Ἰουδαϊκῆς
1909 1968 2036 2025 ταύ-

365 2082 473 2132 της
505 2059 792 2136 αἱρέσεως,
824 2058 998 2117 ἄλλον
1058 2063 1194 2116 εἶναι
1247 2062 1399 2137 παρ’.
1424 2061 1599 2133 ἑαυτῷ
1629 2061 1747 2131 ,τὸν
1800 2060 2035 2136 Χριστὸν

360 2149 457 2205 καὶ
488 2146 666 2205 ἄλλον
693 2149 786 2205 τὸν
819 2153 956 2205 Θεοῦ
996 2148 1170 2226 Λόγον
1224 2151 1361 2206 κατᾶ
1394 2150 1517 2223 ,τήν
1558 2150 1827 2225 πατρικὴν
1870 2146 2036 2204 αὐτοῦ

360 2237 583 2311 πλάνην
615 2236 964 2314 ἐδογμάτισε.

442 2331 559 2399 Τῆς
590 2326 648 2384 δὲ
677 2330 817 2385 κατὰ
865 2328 1114 2387 Μάνεντα
1164 2326 1252 2385 καί
1312 2328 1701 2405 Ἀπολινάριον
1753 2327 2033 2385 ἆντιθέτου

365 2418 566 2494 μοίρας
595 2418 777 2494 τρίτος
810 2417 975 2474 πάλιν
1035 2418 1376 2489 ὑπασπιστὴς
1407 2417 1690 2493 Εὒτυχής,
1723 2416 2031 2493 ἡγούμενος

364 2507 746 2586 μοναστηρίου
778 2508 1434 2577 Κωνσταντινουπόλεως,
1493 2506 1808 2584 ἀνεδείχθη’
1861 2508 1918 2570 ὅς
1953 2508 2030 2582 μὴ

362 2600 711 2675 ἀνεχόμενος
738 2598 1036 2673 ὁμοούσιον
1070 2601 1208 2673 ἡμῖν
1238 2599 1329 2654 καὶ
1368 2601 1453 2673 [Ρ.
1501 2601 1626 2673 262]
1651 2599 1872 2676 ὁμοφυῆ
1932 2597 2031 2667 τὴν

365 2690 544 2764 σάρκα
571 2693 669 2744 τοῦ
712 2688 911 2764 Κυρίου
973 2686 1328 2767 διομολογεῖν
1388 2689 1707 2764 ἀπηρνεῖτο,
1765 2686 2027 2757 σώζεσθαι

362 2776 624 2855 λέγωνέν
676 2782 758 2851 τῷ
788 2780 1007 2853 Χριστῷ
1066 2775 1161 2833 δύο
1227 2780 1410 2857 φύσεις
1473 2778 1608 2852 μετά
1663 2784 1763 2846 τῆς
1822 2776 2029 2832 τούτων

363 2869 614 2931 ἱνώσεώς
644 2890 704 2924 τε
744 2869 832 2923 καὶ
864 2870 1158 2948 συμφυϊας.
1193 2868 1270 2926 Οὐ
1306 2869 1415 2941 μὴν
1484 2864 1541 2922 δὲ
1570 2865 1835 2942 ἀλλὰξκαὶ
1863 2886 2025 2941 τερα-

358 2956 521 3028 τώδη
577 2959 699 3014 τινὰ
753 2958 842 3013 καὶ
904 2956 1184 3013 ἀλλόκοτα
1249 2955 1647 3033 παρέπλαττεν,
1696 2955 1746 3027 ἐξ
1797 2955 2024 3031 οὐρανοῦ

370 3048 551 3125 λέγων
581 3048 971 3122 κατενηνέχθαι
1001 3048 1064 3102 τὸ
1094 3052 1254 3122 σῶμα
1285 3052 1381 3102 τοῦ
1414 3047 1636 3123 Κυρίου,
1669 3047 1758 3102 καὶ
1809 3046 1884 3107 ὡς
1933 3042 2023 3102 διὰ

375 3137 619 3207 σωλῆνος
646 3145 742 3207 τῆς
783 3137 1059 3212 Παρθένου
1092 3134 1467 3215 παραδραμεῖν
1508 3137 1603 3192 τὸν
1659 3137 1789 3193 Θεὸν
1822 3135 2020 3212 Λόγον,

367 3225 650 3303 οὐρανόθεν
702 3231 892 3283 τοῦτον
956 3223 1326 3301 ἐνδεδυμένον,
1379 3225 1472 3281 ’ίνα
1512 3223 1639 3300 δόξῃ
1694 3232 2015 3303 γεγενῆσθαι

356 3315 420 3373 lx
447 3317 694 3392 γυναικὸς
724 3315 917 3391 καίπερ
952 3318 1028 3390 μή
1061 3316 1475 3391 γεγεννημένος.
1509 3318 1819 3391 Μανιχαῖος
1853 3316 2013 3376 οὗτος

354 3409 384 3463 ὁ
419 3404 605 3483 λόγος,
644 3406 733 3463 καὶ
767 3407 1206 3483 πεφαντασμένος
1264 3404 1464 3478 πολλῷ
1527 3404 1742 3478 μᾶλλον
1787 3402 2015 3464 ἐκείνου.

355 3497 500 3554 Μίαν
529 3496 686 3574 φύσιν
715 3496 805 3553 καὶ
837 3497 997 3560 οὗτος
1030 3493 1434 3572 διεστραμμένη
1449 3491 1643 3570 καρδίᾳ
1672 3495 1763 3551 τὸν
1787 3494 2018 3571 Χριστὸν

352 3579 692 3662 έπρέσόέυεν.

426 3675 563 3733 Εἶτα
593 3670 838 3752 Σεϐἢρός
869 3695 951 3737 τις
984 3672 1308 3750 λεγόμενος,
1368 3675 1613 3750 ἁρπάσας
1667 3673 1760 3728 τὸν
1822 3671 2012 3748 θρόνον

353 3765 723 3840 Ἀντιοχείας,
764 3764 862 3834 τήν
918 3765 1054 3820 κατὰ
1106 3763 1350 3822 Μάνεντα
1410 3764 1564 3825 αὗθις
1623 3760 2014 3838 Ἀπολινάριόν

350 3874 411 3910 τε
455 3854 548 3909 καὶ
608 3852 862 3928 Εὐτυχέα
915 3850 1205 3909 διεκδικεῖν
1260 3852 1466 3927 αἳρεσιν
1526 3851 1803 3927 ἐπειρᾶτο,
1834 3856 2014 3907 κυκῶν

344 3941 448 4015 δ’ση
511 3940 743 4017 δύναμις
798 3944 950 4017 αὐτῷ
1027 3945 1129 4012 τήν
1208 3949 1308 4013 τῆς
1370 3940 1702 4013 Ἐκκλησίας
1761 3941 2010 4016 εἰρήνην.

344 4029 652 4104 Ἐξελαθεὶς
688 4029 746 4087 δὲ
774 4039 874 4101 τῆς
910 4031 1255 4108 Ἀντιοχείας
1310 4031 1338 4086 ὁ
1399 4028 1704 4101 στασιώδης
1770 4029 1861 4085 καὶ
1917 4051 2010 4085 τας

344 4121 532 4197 ραξίας
611 4127 682 4197 τῇ
741 4120 1133 4199 Ἀλεξανδρέων
1211 4123 1513 4198 κουφότητι
1588 4119 1862 4183 λαίλαπος
1920 4121 2009 4176 καὶ

339 4210 586 4283 θυέλλης
616 4209 773 4283 δίκην
802 4211 1118 4287 ἐνέσκηψεν,
1174 4209 1301 4267 ’ἐνθα
1356 4212 1443 4268 καὶ
1508 4211 1691 4287 ἑτέρας
1759 4213 2005 4286 καταιγῖ-

337 4300 436 4366 δος
491 4303 918 4375 ἀντιπνευσάσης
973 4303 1124 4376 αύτῷ
1191 4324 1250 4359 τε
1305 4304 1394 4358 καὶ
1462 4307 1540 4375 τῷ
1600 4300 1722 4376 λαῷ
1787 4304 2009 4379 συνέχεε

335 4393 545 4456 πάντας
574 4394 666 4448 καί
698 4388 1015 4468 έθορύόησε.
1078 4389 1395 4448 Διειηιέδασε
1450 4392 1550 4469 γὰρ
1612 4389 1809 4456 αὒτοὺς
1866 4393 2005 4448 Ἰου-

332 4481 528 4547 λιανός
552 4504 636 4545 τις
668 4483 1035 4557 καλούμενος,
1068 4481 1506 4558 Ἀλικαρνασσοῦ
1552 4483 1648 4556 μὶν
1679 4488 1779 4552 τῆς
1814 4482 2004 4545 Ἀσίας

330 4572 655 4646 ἰπίσκοπος,
709 4576 807 4643 τῆς
864 4569 924 4629 δὲ
975 4573 1325 4648 Εὐτυχιανῆς
1384 4569 1707 4644 κακοδοξίας
1775 4572 2007 4647 προστά-

2212 2328 2339 2385 Jam
2372 2330 2620 2386 Manetis
2649 2334 2827 2403 atque
2869 2331 3201 2404 Apolinarii
3240 2331 3502 2391 adversis
3529 2335 3801 2408 partibus

2140 2419 2350 2475 tertius
2379 2427 2784 2495 propugnator
2813 2424 3038 2480 exstitit
3085 2425 3401 2498 Eutyches,
3449 2426 3799 2484 monasterii

2141 2509 2429 2583 Cpolitani
2488 2512 2787 2586 princeps.
2851 2515 2908 2569 Is
2966 2531 3207 2571 carnem
3255 2516 3472 2573 Christi
3528 2517 3800 2590 ejusdem

2134 2598 2319 2656 fuisse
2337 2617 2473 2657 cum
2496 2606 2701 2658 nostra
2720 2607 2947 2663 natura
2961 2610 3140 2676 atque
3158 2603 3504 2663 substantia
3522 2607 3796 2664 conﬁteri

2136 2705 2259 2744 non
2295 2690 2580 2746 sustinuit
2605 2708 2619 2759 ;
2642 2693 2995 2765 negavitque
3028 2695 3090 2749 in
3135 2694 3366 2750 Christo
3396 2695 3544 2752 duas
3558 2713 3797 2768 perma-

2139 2794 2286 2834 nere
2318 2784 2561 2836 naturas
2581 2786 2717 2854 post
2738 2799 2943 2838 earum
2962 2781 3248 2839 unionem
3269 2789 3446 2857 atque
3461 2785 3790 2842 concretio-

2134 2884 2293 2923 nem.
2318 2868 2471 2934 Quin
2499 2870 2844 2927 etinaudita
2871 2871 2989 2928 alia
3045 2877 3222 2945 atque
3270 2878 3608 2931 monstrosa
3654 2892 3792 2932 con-

2134 2954 2324 3026 ﬁnxit,
2358 2974 2572 3030 corpus
2611 2959 2829 3015 Christi
2886 2977 2959 3015 ex
3018 2960 3164 3017 calo
3220 2961 3530 3035 delapsum
3600 2962 3789 3035 aiens,

2133 3061 2323 3117 eoque
2351 3046 2411 3100 in
2438 3047 2599 3103 calis
2630 3048 2909 3105 indutum
2940 3050 3198 3107 Verbum
3219 3050 3319 3107 Dei
3348 3069 3456 3126 per
3485 3052 3786 3126 Virginem

2129 3133 2309 3189 veluti
2340 3151 2449 3207 per
2476 3136 2747 3193 canalem
2770 3139 3420 3207 transivisse,utinatus
3446 3158 3518 3198 ex
3533 3143 3787 3201 muliere

2128 3222 2450 3294 videretur,
2483 3242 2618 3282 cum
2642 3243 2763 3283 non
2810 3234 3157 3285 nasceretur
3205 3233 3427 3286 tamen.
3477 3232 3785 3288 Manichai

2126 3311 2240 3367 ista
2269 3317 2361 3368 est
2389 3314 2611 3387 opinio,
2646 3321 2703 3372 et
2733 3317 2976 3388 quidem
3033 3318 3281 3374 Manetis
3339 3319 3517 3375 etiam
3557 3319 3785 3377 deliriis

2121 3400 2455 3459 absurdior.
2478 3405 2536 3461 Is
2567 3422 2804 3479 quoque
2831 3407 3009 3481 igitur
3027 3425 3304 3483 perverso
3335 3408 3516 3467 corde
3537 3410 3778 3469 unicam

2118 3490 2333 3547 Christi
2365 3498 2642 3552 naturam
2681 3497 2954 3553 asseruit.

2193 3680 2349 3736 460
2368 3677 2841 3735 PosteaSeverus
2872 3677 3140 3749 quidam,
3174 3682 3409 3752 arrepto
3440 3679 3783 3738 Antiochea

2118 3768 2702 3842 episcopatu,rursus
2719 3767 2965 3823 Manetis
2994 3766 3326 3838 Apolinarii
3358 3772 3417 3825 et
3436 3767 3782 3842 Eutychetis

2118 3874 2350 3915 errores
2369 3856 2685 3913 defendere
2703 3856 3402 3929 intendit,quantumque
3433 3859 3497 3915 in
3523 3859 3652 3932 ipso
3670 3858 3784 3916 fuit

2115 3948 2354 4015 virium,
2386 3947 2447 4002 id
2478 3947 2610 4020 paci
2641 3946 2920 4004 Ecclesia
2971 3947 3395 4003 conturbanda
3459 3947 3774 4022 impendit.

2115 4037 2433 4093 Antiochia
2462 4041 2662 4092 autem
2692 4035 2904 4108 pulsus
2925 4035 3101 4091 homo
3131 4036 3450 4092 seditiosus
3493 4042 3552 4092 et
3596 4036 3775 4096 rebus

2118 4124 2429 4182 turbandis
2458 4114 2744 4194 intentus,
2776 4125 2965 4180 instar
2994 4124 3269 4197 procella
3298 4130 3477 4197 atque
3519 4126 3773 4185 turbinis

2115 4214 2656 4270 Alexandrinorum
2686 4213 2907 4270 levitati
2935 4213 3225 4270 incubuit.
3260 4213 3366 4271 Ubi
3398 4231 3535 4271 cum
3566 4233 3638 4271 ex
3672 4216 3773 4273 ad-

2112 4321 2279 4363 versa
2308 4308 2475 4377 parte
2506 4309 2715 4360 contra
2738 4320 2874 4359 eum
2892 4303 3213 4359 vehemens
3229 4308 3438 4359 ventus
3457 4309 3771 4377 tempesta-

2112 4400 2231 4451 tem
2271 4394 2649 4460 concitasset,
2709 4393 2936 4466 ingenti
2983 4393 3243 4449 tumultu
3297 4398 3457 4450 totus
3514 4393 3767 4467 populus

2109 4484 2393 4541 confusus
2422 4482 2553 4539 fuit.
2587 4481 2950 4538 Disturbavit
2977 4482 3138 4538 enim
3170 4498 3306 4538 eum
3333 4482 3604 4540 Julianus
3633 4483 3765 4555 qui-

2110 4572 2674 4642 dam,Halicarnassi
2703 4571 2857 4628 Asia
2892 4571 3053 4627 urbis
3081 4572 3413 4646 episcopus,
3445 4571 3765 4630 animosis-

324 4685 430 4735 της
462 4662 850 4736 εὐθυμότατος.
883 4658 1130 4738 Σεόήρου
1159 4665 1264 4739 γὰρ
1326 4663 1453 4736 μίαν
1498 4661 1655 4742 φύσιν
1713 4662 1853 4718 εἶναι
1903 4660 1987 4719 λέ-

2131 4664 2286 4719 imus
2313 4661 2696 4735 Eutychiana
2727 4661 3003 4718 falsitatis
3032 4664 3607 4737 propugnator.Nam
3624 4679 3762 4720 cum

324 4775 524 4831 γοντος
551 4754 644 4810 τὸν
680 4753 910 4830 Χριστὸν
938 4752 1029 4809 καὶ
1080 4755 1179 4824 τήν
1213 4753 1264 4809 ἐν
1316 4757 1543 4830 Χριστῷ
1573 4750 1832 4831 διαφορὰν
1893 4750 1986 4810 δε-

327 4844 600 4923 χομένου,
634 4842 940 4902 Ἰουλιανοῦ
991 4841 1051 4900 δὲ
1118 4843 1242 4918 μίαν
1279 4845 1377 4918 μὶν
1442 4846 1579 4901 κατά
1622 4846 1715 4901 τὸν
1748 4840 1990 4921 Σεϐῆρον

324 4935 630 5015 φάσκοντος
662 4935 845 5008 φύσιν,
876 4934 1233 5007 ἀναιροῦντος
1264 4931 1323 4990 δὲ
1364 4935 1465 5004 τὴν
1497 4932 1783 5014 διαφορὰν,
1815 4932 1985 4990 α’ίτιοι

322 5024 507 5094 πάσης
539 5029 790 5100 ταραχῆς
814 5023 901 5079 καί
937 5023 1113 5094 ζάλης
1170 5024 1449 5101 γεγόνασιν
1501 5025 1552 5079 οἱ
1611 5024 1844 5096 ἀνόσιοι,
1907 5024 1985 5099 μὴ

319 5120 603 5186 νοοῦντες,
634 5115 771 5170 κατὰ
799 5115 861 5170 τὸ
895 5111 961 5183 δὴ
1005 5111 1326 5190 λεγόμενον,
1364 5116 1502 5188 μήτε
1530 5112 1564 5169 ἃ
1596 5112 1818 5192 λέγουσι
1846 5117 1985 5189 μήτε

318 5203 633 5280 περὶτίνων
694 5197 1154 5260 διαϐεϐαιοῦνται.
1217 5204 1429 5266 Οἳτινες
1486 5203 1623 5280 πρὸς
1679 5205 1828 5277 ἡμᾶς
1859 5201 1980 5260 διαο

319 5295 596 5370 μάχονται
657 5289 1043 5366 λαμϐάνοντας
1114 5292 1190 5355 εἰς
1275 5289 1623 5369 παράδειγμα
1676 5298 1777 5364 τῆς
1836 5293 1980 5358 θείας

313 5380 561 5443 ἑνώσεως
589 5380 682 5436 τὸν
709 5378 770 5435 ἐκ
799 5382 988 5458 ψυχῆς
1038 5379 1128 5434 καὶ
1184 5379 1440 5453 σώματος
1495 5378 1801 5454 ἃνθρωπον,
1887 5381 1981 5436 καί

311 5492 495 5549 φασιν
531 5471 747 5528 Οὐκοῦν
774 5475 923 5544 τρεῖς
965 5468 1297 5546 ὁμολογεῖτε
1348 5467 1553 5548 φύσεις.
1586 5467 1748 5529 Ἀλλ’
1803 5467 1975 5526 ’ίστωι

312 5581 408 5617 σαν
439 5561 494 5617 οἱ
526 5561 759 5634 ἀμαθεῖς
789 5561 878 5615 καῖ
933 5556 1269 5627 ἀπαίδευτοι,
1326 5554 1452 5615 ὅταν
1509 5556 1606 5615 δύο
1660 5559 1845 5639 φύσεις
1895 5559 1977 5617 λέ-

382 5735 434 5774 ⁶²
461 5738 485 5794 Ι
515 5732 768 5795 Timoth.
801 5750 843 5804 ι,
870 5734 927 5792 ι.

2101 4755 2348 4812 Severus
2374 4768 2554 4808 unam
2584 4752 2647 4807 in
2677 4751 2909 4807 Christo
2938 4756 3215 4808 naturam
3246 4769 3377 4809 esse
3422 4752 3646 4810 diceret
3693 4770 3761 4813 ac

2099 4841 2499 4900 differentiam
2525 4845 2891 4914 agnosceret,
2906 4841 3178 4898 Julianus
3208 4841 3418 4899 itidem
3444 4860 3629 4901 unam
3656 4861 3761 4902 na-

2098 4939 2295 4990 turam
2324 4934 2684 5004 affirmabat,
2745 4933 2849 4991 sed
2904 4934 3302 4992 differentiam
3348 4936 3619 5011 negabat.
3671 4938 3759 4994 Ita

2098 5024 2268 5096 impii
2297 5023 2386 5079 illi
2418 5024 2646 5098 ingenti
2680 5025 2868 5081 turba
2900 5031 3079 5099 atque
3140 5028 3482 5099 tempestati
3513 5043 3755 5083 causam

2094 5113 2498 5186 praebuerunt,
2532 5130 2668 5170 vere
2699 5116 3064 5189 ignorantes,
3100 5121 3167 5172 ut
3207 5116 3291 5172 ait
3320 5116 3659 5188 Apostolus,
3694 5121 3753 5172 et

2094 5202 2237 5275 quid
2259 5203 2528 5260 dicerent
2560 5209 2619 5260 et
2649 5205 2868 5278 quibus
2897 5205 2971 5261 de
3003 5204 3183 5261 rebus
3212 5204 3646 5261 contenderent
3673 5204 3750 5267 ⁸³,

2092 5294 2366 5367 Pugnant
2393 5300 2602 5352 contra
2648 5312 2779 5363 nos,
2838 5311 2974 5351 cum
3027 5311 3133 5366 pro
3190 5293 3404 5350 divina
3457 5293 3747 5351 unitionis

2091 5386 2362 5459 exemplo
2393 5387 2657 5445 hominis
2687 5404 2759 5445 ex
2790 5388 2990 5444 anima
3020 5391 3078 5442 et
3105 5402 3353 5458 corpore
3379 5386 3752 5443 constitutio-

2089 5491 2229 5533 nem
2259 5493 2641 5551 usurpamus,
2673 5479 2963 5549 aiuntque
2991 5493 3103 5532 nos
3124 5480 3246 5531 tres
3286 5475 3350 5530 in
3380 5475 3613 5533 Christo
3641 5494 3745 5535 na-

2087 5571 2253 5625 turas
2282 5572 2565 5626 statuere.
2600 5568 2758 5625 Scire
2802 5571 3003 5624 autem
3050 5564 3350 5623 debebant
3395 5566 3585 5640 ignari
3642 5569 3742 5625 isti
