4154 6444
351 415 467 477 503

1725 407 2045 470 GEORGII
2091 408 2433 471 CEDRENI

3655 409 3776 469 504

351 555 530 622 atque
557 549 782 605 indocti
811 548 1109 615 homines,
1135 563 1246 602 nos
1268 561 1403 601 cum
1437 544 1509 600 de
1558 544 1786 600 duabus
1819 544 2012 616 loqui-

2140 564 2321 621 γωμεν
2356 545 2542 616 ἡμεῖς,
2605 544 2672 598 οὐ
2730 546 2864 599 Θεοῦ
2920 543 3009 598 καὶ
3069 542 3286 619 σαρκὸς,
3320 541 3444 597 οὕτε
3485 542 3591 615 μὴν
3647 546 3782 598 Θεοῦ

350 655 488 696 mur
508 638 890 706 naturis,non
922 636 1087 707 loqui
1121 636 1194 690 de
1223 635 1335 690 Deo
1369 639 1426 689 et
1447 650 1917 706 corpore,neque
1943 634 2013 690 de

349 730 471 786 Deo
504 733 562 783 et
592 728 813 793 anima,
859 725 961 781 sed
996 725 1067 779 de
1098 725 1216 779 Deo
1250 727 1308 778 et
1331 723 1595 778 homine.
1628 724 1829 794 Neque
1852 724 2014 779 enim

348 819 591 892 proprie
605 816 866 872 hominis
893 812 1181 869 naturaid
1207 812 1544 885 appellatur
1557 812 1716 883 quod
1735 813 2013 868 humanas

350 913 578 964 naturae
598 924 733 978 pars
758 903 1098 974 est.Quippe
1114 908 1233 956 tam
1250 919 1465 973 corpus
1480 918 1657 972 quam
1672 902 1875 957 anima
1888 919 2017 974 par-

354 1003 444 1054 tes
468 1002 607 1053 sunt
628 993 889 1049 hominis
914 1008 928 1059 ;
954 997 1130 1062 atque
1155 992 1299 1063 ipsze
1324 998 1523 1062 partes
1547 1008 1751 1046 rursus
1784 992 1844 1046 in
1866 992 2015 1047 alias

357 1104 492 1144 suas
507 1090 705 1158 partes
718 1081 1363 1153 dividuntur,repetitis
1383 1081 1561 1136 etiam
1581 1081 1865 1153 deinceps
1878 1081 2017 1136 divi-

354 1175 619 1233 sionibus
640 1174 702 1228 in
719 1172 866 1228 alias
884 1171 1263 1226 minores.lta
1274 1176 1474 1242 partes
1486 1170 1702 1225 Christi
1721 1170 2016 1225 distinctae

351 1271 489 1322 sunt
518 1263 713 1319 divina
746 1267 923 1333 atque
956 1262 1221 1315 humana
1245 1265 1459 1314 natura
1484 1277 1497 1313 :
1528 1260 1729 1315 anima
1747 1264 1946 1315 autem
1962 1277 2020 1330 et

347 1356 496 1412 46]
538 1369 753 1424 corpus
803 1351 934 1406 alias
996 1357 1136 1405 sunt
1191 1355 1412 1421 partes,
1466 1349 1651 1421 partis
1708 1349 2015 1404 nimirum.

349 1444 533 1500 Porro
564 1446 765 1513 partes
794 1440 1056 1511 partium
1089 1437 1374 1506 hominis,
1433 1437 1593 1508 quod
1652 1437 1726 1507 ad
1756 1438 2019 1492 animam

352 1530 590 1597 attinet,
613 1534 753 1584 sunt
783 1526 1117 1582 substantia
1138 1526 1367 1581 ratione
1399 1525 1648 1597 praedita
1676 1532 1734 1582 et
1764 1527 2019 1597 qualitas

356 1620 625 1692 corporis
658 1618 965 1689 expers.Et
994 1616 1208 1671 animm
1240 1614 1404 1670 aliud
1440 1620 1529 1670 est
1556 1615 1712 1686 quod
1743 1617 2017 1687 imperat.

362 1708 529 1766 aliud
558 1707 717 1779 quod
747 1706 1048 1773 irascitur,
1082 1704 1245 1759 aliud
1276 1703 1434 1775 quod
1467 1704 1711 1776 appetit,
1766 1708 1823 1758 et
1862 1702 2022 1775 quod

358 1797 662 1869 intelligit,
695 1795 934 1867 cogitat,
967 1793 1244 1848 meminit
1262 1798 1440 1863 atque
1470 1792 2022 1864 consulit,itemque

361 1885 522 1958 quod
577 1883 805 1956 appetit
863 1886 920 1937 et
970 1881 1234 1948 attrahit,
1298 1886 1424 1936 tum
1498 1880 1659 1952 quod
1734 1880 2020 1951 defendit,

368 1975 599 2032 diversa
621 1976 779 2036 sunt,
806 1972 1017 2042 hisque
1049 1987 1259 2027 rursus
1299 1969 1504 2026 divisis
1533 1970 1652 2026 alia
1688 1974 2021 2042 emergunt.

354 2066 557 2135 Neque
587 2063 649 2117 in
680 2060 1001 2133 praesentia
1044 2060 1394 2130 quaerimus,
1426 2065 1705 2132 partesue
1764 2060 1878 2115 ista
1907 2060 2028 2115 sint

360 2153 549 2211 animi
580 2168 658 2207 an
688 2167 827 2205 vero
859 2149 1195 2205 facultates.
1221 2150 1446 2220 Corpus
1479 2165 1716 2220 quoque
1747 2148 2029 2205 dividitur

359 2243 427 2298 in
458 2246 682 2313 partes,
715 2255 971 2310 quarum
1003 2238 1134 2293 aliae
1165 2238 1434 2310 partibus
1478 2238 1636 2293 idem
1689 2254 1911 2294 nomen
1970 2243 2027 2293 et

365 2330 639 2387 eamdem
669 2328 929 2400 speciem
961 2326 1332 2383 servantibus
1363 2332 1657 2394 constant,
1691 2327 1823 2382 alias
1854 2327 2026 2382 dissi-

364 2419 634 2485 milibus,
668 2423 735 2473 ut
762 2416 1022 2489 primum
1053 2416 1116 2472 in
1147 2422 1323 2489 caput
1372 2432 1586 2472 manus
1644 2416 1846 2488 pedes,
1901 2418 2026 2472 haac

367 2508 586 2566 deinde
616 2508 678 2562 in
710 2523 844 2562 ossa
876 2522 1091 2561 nervos
1122 2522 1386 2570 carnem,
1411 2506 1536 2561 haec
1565 2523 1772 2561 rursus
1802 2507 1864 2561 in
1888 2522 2028 2578 qua-

362 2605 500 2655 tuor
529 2598 850 2664 elementa,
881 2600 937 2649 et
959 2612 1028 2651 ea
1075 2595 1317 2650 demum
1351 2596 1413 2650 in
1440 2597 1752 2651 materiam
1784 2613 1850 2651 ac
1906 2596 2029 2651 for-

365 2702 547 2743 mam.
579 2683 761 2738 Multa
791 2699 968 2755 porro
1001 2681 1120 2738 alia
1175 2682 1677 2754 pbiIOSOphantur
1706 2683 1921 2739 medici
1955 2682 2027 2738 de

363 2772 747 2831 facultatibus
779 2769 1172 2838 naturalibus,
1195 2787 1447 2842 quarum
1479 2772 1657 2828 aliam
1688 2772 2025 2828 tractricem

369 2867 549 2925 aliam
580 2865 982 2922 alteratricem
996 2864 1175 2920 aliam
1190 2863 1583 2935 expultricem
1614 2863 2028 2921 dicunt.Multa

374 2958 554 3013 etiam
584 2955 657 3011 de
702 2954 998 3024 sensibus,
1052 2953 1123 3008 de
1181 2952 1545 3026 imaginandi
1596 2954 1901 3023 facultate,
1956 2954 2029 3009 de

373 3045 538 3102 vitali
570 3061 638 3100 ac
667 3061 773 3117 per
802 3043 1200 3098 instrumenta
1233 3058 1341 3098 sua
1385 3042 1572 3098 didito
1633 3043 1866 3114 spiritu,
1927 3044 2028 3115 qui

376 3134 655 3192 animalis
674 3134 857 3188 vitam
890 3136 1218 3201 conservat,
1236 3148 1413 3203 quem
1445 3131 1516 3187 ab
1539 3131 1872 3188 intellectui
1905 3149 2029 3188 ser-

366 3224 560 3280 viente
592 3223 889 3279 diversum
941 3226 1228 3277 statuunt.
1288 3221 1800 3287 Quemadmodum
1849 3222 2029 3294 igitur

2126 632 2218 688 καὶ
2253 636 2462 708 ψυχῆς,
2496 631 2642 689 ἀλλὰ
2672 636 2806 688 Θεοῦ
2834 631 2924 687 καὶ
2984 632 3293 707 ἀνθρώπου.
3354 628 3493 689 Οὐδὲ
3533 631 3638 706 γάρ
3665 630 3781 686 ἐστι

2127 722 2335 798 κυρίως
2368 722 2651 797 ἀνθρώπου
2710 721 2867 800 φύσις
2921 725 2956 791 ἡ
3017 726 3115 777 τοῦ
3172 722 3368 795 μέρους
3402 720 3578 800 φύσις.
3627 720 3781 795 Μέρη

2133 812 2229 887 μὲν
2262 812 2366 888 γὰρ
2399 813 2688 887 ἀνθρώπου
2747 813 2900 888 ψυχὴ
2958 811 3049 866 καὶ
3109 814 3286 884 σῶμα,
3349 812 3485 883 μέρη
3560 808 3618 863 δὲ
3673 813 3783 864 τῶν

2132 904 2312 974 μερῶν
2367 901 2420 955 αἱ
2477 900 2602 976 περὶ
2656 900 2793 955 αύτὰ
2850 898 3137 974 διαιρέσεις
3193 921 3251 954 τε
3328 900 3417 954 καὶ
3481 895 3787 972 ὑποδιαιρέ-

2131 1010 2259 1051 σεις.
2307 988 2404 1046 Καὶ
2457 989 2596 1064 μέρη
2660 990 2753 1062 μὲν
2810 992 3058 1064 Χριστοῦ
3117 988 3397 1063 ἀσύγχυτα
3447 987 3638 1057 θεότης
3693 987 3785 1042 καὶ

2131 1078 2512 1153 ἀνθρωπότης,
2545 1079 2698 1153 ψυχή
2730 1077 2787 1133 δὲ
2814 1078 2903 1133 καὶ
2959 1082 3121 1152 σῶμα
3176 1075 3322 1133 ἄλλα
3374 1076 3512 1151 μέρη
3556 1080 3652 1130 τοῦ
3688 1078 3787 1149 μέ-

2132 1187 2280 1242 ρους.
2311 1167 2459 1242 Μέρη
2506 1169 2599 1241 μὲν
2631 1172 2739 1222 τῶν
2796 1171 2974 1242 μερῶν
3030 1170 3128 1222 τοῦ
3184 1166 3474 1240 ἀνθρώπου
3536 1165 3623 1221 ἐπὶ
3686 1166 3779 1238 μὲν

2131 1259 2315 1332 ψυχῆς
2346 1256 2504 1311 οὐσία
2552 1255 2751 1331 λογικῆ
2810 1256 2902 1311 καὶ
2961 1256 3191 1326 ποιότης
3249 1256 3562 1329 ἀσώματος,
3593 1255 3666 1309 ὧν
3723 1254 3786 1309 τὸ

2138 1345 2233 1417 μὲν
2264 1344 2614 1418 ἡγεμονικὸν,
2646 1344 2709 1400 τὸ
2741 1342 2799 1399 δὲ
2825 1346 3082 1417 θυμικὸν,
3134 1346 3198 1400 τὸ
3256 1341 3314 1399 δὲ
3365 1338 3787 1418 ἐπιθυμητικόν.

2134 1433 2358 1492 Τούτων
2388 1435 2451 1489 τὸ
2484 1435 2577 1507 μὲν
2628 1434 3019 1508 έννοηματικὸν
3075 1431 3419 1504 διανοητικὸν
3479 1453 3788 1506 μνημονευ-

2133 1524 2284 1578 τικόν
2314 1544 2375 1578 τε
2428 1522 2518 1578 καὶ
2579 1522 2959 1598 βουλευτικὸν,
3015 1523 3079 1578 τὸ
3139 1520 3196 1578 δὲ
3252 1522 3532 1598 ὀρεκτικόν
3585 1542 3643 1575 τε
3697 1521 3787 1576 καὶ

2136 1611 2409 1683 ἑλκτικὸν,
2439 1614 2502 1669 τὸ
2534 1610 2594 1668 δὲ
2622 1613 2942 1686 ἁμυντικόν.
2976 1613 3079 1669 Καὶ
3132 1610 3324 1668 πολλὰ
3378 1610 3534 1689 ἕτερα
3564 1614 3788 1674 τούτοις

2141 1699 2578 1778 ὑποδιαιροῦται.
2636 1701 2906 1780 Ἀφείσθω
2980 1702 3046 1756 τὰ
3130 1699 3223 1755 νῦν
3309 1707 3490 1772 ζητεῖν
3558 1702 3787 1774 πότερον

2136 1793 2222 1863 [Ρ.
2254 1794 2380 1865 263]
2414 1791 2489 1855 ὡς
2522 1790 2660 1864 μέρη
2693 1795 2867 1845 ταῦτα
2922 1790 3056 1846 εἰσὶν
3114 1790 3166 1845 έν
3199 1790 3268 1865 τῇ
3294 1794 3449 1866 ψυχῇ
3490 1791 3525 1860 ἤ
3558 1791 3634 1852 ὡς
3694 1786 3790 1844 δυ-

2135 1882 2346 1954 νάμεις.
2383 1881 2443 1936 ’ll
2479 1879 2535 1935 δὲ
2584 1884 2682 1935 τοῦ
2723 1880 2979 1952 σώματος
3034 1877 3201 1935 πάλιν
3270 1878 3527 1955 διαίρεσις
3585 1880 3790 1954 γίνεται

2138 1970 2214 2031 εἷς
2247 1970 2581 2044 ὁμοιομερῆ,
2613 1968 2705 2023 καὶ
2742 1968 2949 2023 τούτων
2982 1963 3062 2023 ἔτι
3104 1969 3179 2031 είς
3232 1967 3475 2047 κεφαλὴν
3508 1969 3598 2024 καὶ
3675 1974 3792 2044 χεῖ-

2139 2076 2230 2132 ρας
2259 2058 2351 2113 καὶ
2384 2055 2577 2129 πόδας,
2602 2058 2691 2112 καὶ
2751 2062 2921 2113 ταῦτα
2978 2056 3056 2119 είς
3126 2056 3286 2113 ὀστέα
3339 2058 3428 2113 καὶ
3486 2062 3649 2132 νεῦρα
3699 2055 3792 2113 καὶ

2137 2146 2328 2223 σάρκα,
2359 2147 2449 2202 καὶ
2506 2151 2675 2202 ταῦτα
2730 2146 2808 2208 εἷς
2864 2146 3095 2221 τέσσαρα
3163 2153 3435 2223 στοιχεῖα,
3488 2146 3578 2202 καὶ
3623 2151 3793 2202 ταῦτα

2139 2234 2215 2299 εἷς
2244 2232 2384 2306 ὕλην
2415 2234 2505 2290 καὶ
2537 2232 2704 2299 εἶδος.
2740 2233 2933 2291 Πολλά
2962 2233 3018 2291 δὲ
3047 2236 3137 2291 καὶ
3193 2232 3348 2312 ἕτερα
3401 2234 3795 2314 φιλοσοφοῦσιν

2139 2325 2338 2400 ἰατρῶν
2377 2322 2566 2386 παῖδες
2596 2325 2720 2400 περὶ
2790 2329 3031 2401 φυσικῶν
3072 2322 3370 2397 δυνάμεων,
3423 2327 3498 2381 ὧν
3546 2327 3647 2395 τήν
3699 2325 3793 2398 μὲν

2138 2412 2545 2482 ὲλκτικὴν,τήν
2597 2410 2655 2467 δὲ
2712 2410 3110 2483 ἀλλοιωτικὴν,
3168 2416 3268 2484 τήν
3325 2412 3384 2469 δέ
3430 2416 3790 2490 ἀποκριτικὴν

2139 2503 2494 2575 ὀνομάζουσι,
2525 2498 2804 2557 πολλὰδὲ
2839 2503 2929 2556 καὶ
2988 2502 3110 2577 περὶ
3150 2502 3456 2574 αἰσθήσεως
3513 2505 3603 2560 καὶ
3662 2525 3794 2580 φαν-

2136 2591 2322 2654 τασίας
2353 2591 2569 2647 καὶτοῦ
2601 2591 2926 2670 συνέχοντος
2956 2592 3018 2647 τὸ
3068 2593 3204 2662 ζῶον
3266 2599 3498 2662 ζωτικοῦ
3553 2595 3642 2650 καὶ
3703 2596 3796 2671 ὀρ-

2135 2685 2360 2758 γανικοῦ
2444 2678 2776 2754 πνεύματος,
2837 2680 3020 2757 ἐτέρου
3088 2685 3236 2758 παρὰ
3284 2683 3347 2739 τὸ
3401 2683 3653 2759 λογικὸν,
3720 2684 3795 2749 ὥς

2138 2792 2323 2851 φασιν,
2359 2772 2727 2851 ὑπάρχοντος.
2779 2773 2936 2828 “om
2990 2772 3168 2828 τοίνυν
3228 2773 3453 2850 ἀπόχρη
3514 2777 3652 2851 πρὸς
3730 2776 3793 2832 τὸ

2137 2867 2481 2937 παραστῆσαι
2528 2865 2699 2917 ταῦτα
2753 2862 2928 2918 πάντα
2988 2861 3122 2937 [διὰ]
3188 2865 3251 2920 τὸ
3302 2865 3474 2936 σάρκα
3504 2865 3677 2921 εἷ’πεῖν
3758 2865 3794 2936 ἢ

2136 2955 2298 3025 σῶμα
2322 2951 2630 3024 ἀνθρώπου,
2662 2953 2753 3006 καὶ
2800 2950 3025 3027 ἀπόχρη
3059 2950 3225 3008 πάλιν
3260 2950 3349 3008 διὰ
3405 2961 3505 3024 τῆς
3562 2953 3793 3031 λογικῆς

2136 3042 2323 3115 ψυχῆς
2345 3046 2410 3096 τὸ
2441 3039 2517 3101 εἰς
2547 3039 2582 3094 ἅ
2611 3038 2902 3110 διαιρεῖται
2954 3040 3092 3117 μέρη
3155 3038 3406 3113 δηλῶσαί
3455 3063 3513 3097 τε
3541 3044 3628 3099 καὶ
3689 3065 3793 3099 πα-

2139 3136 2402 3200 ραστῆσαι
2458 3130 2525 3183 τὰ
2579 3129 2630 3199 ἐξ
2686 3130 2760 3184 ὧν
2821 3129 3139 3199 συνέστηκεν
3208 3130 3261 3185 έν
3322 3133 3405 3193 οἶς
3452 3133 3789 3207 γνωρίζεται.

2139 3220 2202 3273 Οἱ
2235 3216 2310 3288 δὲ,
2362 3219 2472 3292 οὐχ
2510 3216 2605 3272 ’ἱνα
2659 3220 2751 3273 τὸν
2812 3217 3097 3294 ἄνθρωπον
3151 3219 3362 3276 τέλειον
3418 3222 3799 3300 ἀποφήνωσιν,

368 3312 447 3369 ad
495 3312 612 3367 ista
663 3309 842 3366 simul
901 3309 1179 3365 universa
1235 3307 1761 3364 commemoranda
1806 3290 2027 3363 sufﬁcit

2143 3306 2270 3363 ἀλλ’
2295 3306 2388 3362 ’ίνα
2417 3308 2508 3362 τὸν
2542 3308 2742 3381 Κύριον
2784 3290 3238 3385 συκοφαντῆσωσι
3275 3310 3366 3365 καὶ
3398 3318 3498 3381 τῆς
3528 3290 3797 3388 ἡμετέρας

369 3402 685 3459 nominare
714 3399 809 3456 vel
831 3415 1071 3454 carnem
1101 3398 1193 3452 vel
1220 3414 1435 3468 corpus
1467 3396 1838 3464 hominis,ita
1869 3412 2028 3451 men~

371 3493 537 3548 tione
566 3491 781 3545 animm
812 3489 1046 3543 ratione
1096 3486 1361 3559 praedita:
1419 3486 1593 3555 facta,
1649 3486 1792 3540 satis
1849 3485 2027 3540 etiam

372 3580 794 3652 intelliguntur
823 3578 953 3649 ejus
979 3582 1198 3648 partes,
1230 3576 1293 3630 in
1346 3591 1493 3646 quas
1538 3573 1821 3630 dividitur
1850 3579 1907 3628 et
1959 3592 2029 3629 ex

374 3669 590 3740 quibus
622 3664 1105 3721 constat.Verum
1128 3664 1224 3720 isti
1257 3681 1377 3719 non
1409 3669 1475 3718 ut
1504 3664 1812 3719 hominem
1834 3665 2027 3718 omni-

371 3758 483 3813 bus
512 3756 780 3812 numeris
806 3754 1147 3810 absolutum
1183 3753 1590 3824 pronuntient,
1625 3752 1728 3807 sed
1766 3757 1833 3808 ut
1861 3752 2030 3807 Chri-

370 3851 529 3903 stum
561 3844 1004 3902 calumnientur
1034 3858 1289 3913 eumque
1322 3859 1356 3897 a
1410 3848 1615 3897 nostra
1646 3848 1860 3898 natura
1892 3842 2031 3898 alie-

2137 3396 2302 3452 αὐτὸν
2336 3395 2758 3471 ἀλλοτριώσωσι
2788 3396 3022 3468 φύσεως,
3055 3398 3146 3452 καὶ
3198 3395 3235 3467 ἤ
3270 3400 3345 3471 μή
3378 3399 3796 3475 προσειληφότα

2136 3487 2235 3569 τήν
2262 3488 2442 3561 ἀρχὴν
2471 3486 2533 3540 τὸ
2564 3485 2831 3559 ἡμέτερον
2886 3486 2923 3555 ἢ
2986 3488 3060 3559 μὴ
3124 3486 3430 3564 φυλάξαντα
3488 3495 3627 3546 σῶον
3662 3492 3795 3569 ὅπερ

2138 3568 2268 3650 ἔσχε
2297 3575 2425 3648 παρ’
2454 3577 2641 3647 ἡμῶν,
2671 3578 2839 3630 ταῦτα
2894 3576 2983 3630 καὶ
3040 3577 3108 3631 τὰ
3162 3582 3385 3634 τοιαῦτα
3417 3581 3795 3657 σοφιζόμενοι,

2135 3666 2224 3720 καὶ
2285 3664 2410 3739 περὶ
2465 3665 2528 3720 τὸ
2587 3663 2933 3743 παράδειγμα
2990 3674 3434 3744 κακουργοῦντες,
3496 3672 3573 3734 εἷς
3654 3672 3793 3750 ἀφύ-

2139 3775 2302 3816 κτους
2377 3753 2469 3809 καῖ
2528 3752 2937 3826 ἀδιεξοδεύτους
2994 3759 3452 3815 καταπεπτώκασι
3533 3757 3797 3837 λαϐυρίν-

2144 3844 2291 3905 θους.

372 3953 518 3994 num
544 3936 786 4002 faciant,
818 3941 884 3989 ut
913 3932 1002 3987 vel
1035 3949 1109 3988 ne
1143 3932 1541 4004 assumpsisse
1574 3931 1816 4003 quidem
1848 3932 2019 3989 initio
2051 3939 2317 3990 nostram
2369 3941 2647 3993 naturam
2706 3937 3006 4006 credatur,
3058 3939 3150 3994 vel
3210 3940 3269 3996 id
3327 3941 3626 4015 integrum
3675 3959 3798 3998 non

374 4042 639 4083 servasse
674 4024 834 4097 quod
865 4040 899 4078 a
930 4022 1104 4078 nobis
1135 4027 1468 4093 acceperat,
1500 4026 1816 4093 propterea
1848 4022 2192 4094 hujusmodi
2232 4025 2388 4083 462
2421 4025 2702 4098 captiosis
2731 4031 2983 4083 utuntur
3011 4028 3584 4101 ratiocinationibus,
3609 4049 3802 4088 exem—

372 4116 661 4190 plumque
690 4113 1063 4186 prepositum
1098 4111 1257 4167 mala
1285 4111 1399 4167 fide
1430 4116 1841 4183 pervertentes
1874 4112 2389 4171 inextricabilibus
2419 4121 2477 4170 et
2509 4116 2732 4171 exitum
2764 4132 2885 4171 non
2943 4116 3302 4175 habentibus
3347 4138 3477 4176 sese
3522 4122 3788 4179 insinua-

374 4211 587 4264 verunt
615 4203 989 4277 labyrinthis.

448 4296 527 4351 De
557 4293 652 4350 his
684 4296 741 4349 et
764 4308 969 4348 eorum
1001 4290 1301 4346 similibus
1354 4290 1552 4362 impiis
1612 4291 1917 4346 erroribus
1948 4292 2032 4346 ita

376 4383 583 4441 scribit
608 4380 1034 4437 Theodoretns.
1065 4379 1213 4434 Sunt
1235 4378 1498 4450 quidem,
1532 4379 2030 4451 inquit,nonnulli

2213 4290 2435 4363 Ἀμέλει
2464 4292 2528 4369 γέ
2558 4312 2644 4348 τοι
2701 4291 2791 4346 καὶ
2832 4289 3190 4369 Θεοδώρητος
3247 4289 3349 4373 ἔφη
3410 4298 3532 4370 περὶ
3591 4300 3799 4356 τούτων

2140 4378 2369 4434 καὶτῶν
2419 4382 2690 4436 τοιούτων
2746 4381 2980 4436 ἀνοσίων
3038 4381 3244 4445 οὕτως’
3314 4385 3432 4442 Εἰσὶ
3494 4387 3679 4461 μέντοι
3736 4388 3801 4464 γέ

378 4475 558 4530 etiam
614 4470 856 4526 nomine
913 4468 1255 4536 Christiani,
1317 4469 1419 4540 qui
1476 4468 1673 4540 palam
1725 4469 2027 4525 veritatem

2140 4489 2281 4530 τινες
2311 4469 2365 4523 οἳ
2414 4468 2505 4523 καὶ
2559 4474 2908 4544 Χριστιανῶν
2977 4471 3078 4544 μὶν
3136 4476 3511 4551 προσηγορίαν
3552 4471 3798 4557 ἔχουσιν,

2148 4555 2177 4573 ,ρ
2574 4562 2597 4573 ,ρ
2695 4564 2722 4573 -
2826 4558 2873 4573 ,ς
2940 4571 2952 4573 _
3002 4560 3013 4573 .
3140 4558 3197 4573 κ.
3512 4564 3529 4573 -
3660 4570 3684 4573 __

378 4565 740 4636 oppugnant.
766 4560 987 4614 Horum
1010 4558 1114 4613 alii
1162 4557 1223 4612 id
1282 4558 1440 4629 quod
1471 4560 1736 4631 genitum
1767 4577 1890 4615 non
1920 4565 2030 4625 est,

379 4653 442 4707 in
474 4647 1037 4721 triapartiuntur,in
1066 4646 1316 4711 bonum,
1379 4647 1604 4703 malum
1667 4654 1725 4704 et
1775 4650 2029 4720 justum.

381 4739 497 4797 Alii
519 4740 635 4796 duo
667 4753 975 4809 nunquam
1002 4741 1145 4792 nata
1174 4736 1470 4808 principia
1499 4737 1849 4810 depingunt,
1883 4739 2030 4793 invi-

381 4847 512 4887 cem
545 4844 723 4900 quam
758 4827 1013 4882 maxime
1046 4826 1367 4880 contraria.
1404 4826 1539 4895 Alii,
1576 4827 1677 4898 qui
1728 4845 1791 4882 se
1834 4828 2035 4900 impiis

381 4920 512 4976 istis
568 4915 951 4989 opinionibus
1033 4914 1330 4969 adversari
1409 4916 1784 4986 proﬁtentur,
1856 4918 2036 4973 aliam

382 5006 706 5081 impietatis
760 5005 919 5059 viam
970 5003 1387 5075 ingrediuntur
1423 5022 1436 5059 :
1471 5005 1842 5078 unigenitum
1874 5009 2036 5063 enim

381 5098 485 5155 Dei
518 5095 775 5151 Verbum
806 5109 940 5148 cum
971 5091 1273 5148 fateantur
1297 5108 1428 5147 esse
1460 5092 1697 5163 Filium,
1753 5101 2037 5167 tanquam

379 5188 600 5245 factum
633 5181 925 5239 creaturis
955 5185 1377 5246 annumerant,
1411 5182 1594 5253 inque
1626 5200 1834 5240 earum
1877 5184 2038 5240 ordi-

380 5293 517 5332 nem
548 5273 920 5331 conditorem
952 5270 1249 5342 redigunt.
1284 5270 1563 5326 Sanctum
1589 5289 1824 5344 quoque
1854 5274 2037 5345 Spiri-

380 5364 714 5435 tumimpio
766 5375 1046 5416 sermone
1104 5359 1304 5415 divina
1348 5362 1748 5417 exterminant
1804 5369 2036 5420 natura.

385 5454 498 5508 Alii
530 5453 646 5508 alio
669 5468 704 5507 a
733 5455 894 5507 recto
926 5449 1144 5505 itinere
1170 5448 1555 5516 divertentes,
1589 5451 1731 5507 dum
1780 5453 2043 5526 vestigiis

389 5547 866 5613 antegressorum
900 5539 1178 5595 insistere
1209 5539 1564 5610 detrectant,
1597 5542 1770 5615 longe
1824 5559 1859 5598 a
1886 5544 2042 5598 veri~

392 5634 512 5684 tate
543 5628 982 5684 aberraverunt.
1000 5630 1216 5684 Eorum
1231 5630 1512 5685 nonnulli
1534 5631 1749 5687 Christi
1782 5632 1842 5686 in
1866 5649 2042 5688 carne

397 5717 902 5788 dispensationem
934 5734 1040 5789 pro
1073 5718 1243 5775 nobis
1271 5719 1486 5777 factam
1512 5737 1757 5793 prorsus
1786 5720 2045 5779 inﬁtian-

2142 4555 2394 4631 ἄντικρυς
2424 4558 2481 4611 δὲ
2509 4562 2625 4620 τοῖς
2654 4564 2758 4627 τῆς
2816 4558 3079 4630 ἀληθείας
3136 4558 3378 4640 δόγμασι
3435 4555 3797 4638 πολεμοῦσιν.

2144 4647 2215 4703 Οἱ
2242 4647 2337 4720 μὲν
2368 4646 2468 4721 γὰρ
2497 4648 2561 4701 τὸ
2591 4644 2887 4724 ἀγέννητον
2948 4649 3024 4713 εἰς
3081 4650 3207 4726 τρία
3262 4654 3544 4727 τέμνουσι,
3594 4656 3683 4710 καὶ
3738 4656 3801 4710 τὸ

2147 4736 2241 4809 μὲν
2274 4734 2533 4791 καλοῦσιν
2564 4737 2789 4812 ἀγαθὸν,
2819 4738 2882 4793 τὸ
2941 4736 2999 4794 δὲ
3050 4741 3239 4810 κακὸν,
3269 4742 3332 4796 τὸ
3384 4740 3442 4796 δὲ
3472 4740 3702 4801 δίκαιον.
3735 4745 3802 4800 Οἱ

2147 4822 2206 4879 δέ
2225 4821 2325 4879 δύο
2357 4823 2530 4901 ἀρχὰς
2561 4825 2888 4901 ἀγεννήτους
2935 4832 3303 4906 ζωγράφοῦσι,
3371 4834 3451 4900 τῷ
3510 4830 3661 4903 λόγῳ
3690 4829 3800 4884 ἀλ-

2147 4912 2348 4984 λήλαις
2388 4913 2623 4976 ἐναντίας
2681 4915 2741 4970 ἐκ
2797 4913 3112 4991 διαμέτρου.
3173 4916 3378 4973 ’Ἄλλοι
3432 4915 3491 4973 δὲ
3546 4923 3664 4982 τοῖς
3705 4918 3802 4993 μὲν

2145 4999 2360 5059 ἀσεϐέσι
2422 5002 2640 5067 τούτοις
2699 5002 2966 5077 πολεμεῖν
3020 5004 3457 5080 ἐπαγγέλλονται
3515 5005 3805 5083 δόγμασιν,

2147 5093 2330 5169 ἑτέραν
2392 5091 2451 5148 δὲ
2507 5089 2817 5157 δυσσεϐείας
2876 5093 3183 5149 ἐπινοοῦσιν
3213 5092 3356 5151 ὁδόν’
3407 5097 3499 5151 τὸν
3555 5098 3660 5173 γὰρ
3707 5102 3806 5153 τοῦ

2147 5186 2282 5238 Θεοῦ
2316 5189 2578 5257 μονογενῆ
2606 5183 2780 5258 Λόγον
2840 5181 3245 5257 ὁμολογοῦντες
3302 5185 3427 5241 Υἱὸν
3484 5187 3559 5249 ὡς
3589 5188 3808 5260 ποίημα

2145 5275 2213 5345 τῇ
2288 5271 2456 5326 κτίσει
2514 5274 2925 5345 συναριθμοῦσι,
2985 5272 3074 5327 καὶ
3126 5275 3219 5329 τὸν
3289 5275 3526 5347 Κτίστην
3613 5278 3809 5332 ἱστῶσι

2154 5362 2287 5435 μετὰ
2314 5369 2416 5431 τῆς
2444 5361 2690 5430 κτίσεως,
2718 5362 2809 5416 καὶ
2840 5362 2903 5416 τὸ
2966 5363 3119 5436 ἅγιον
3178 5369 3398 5439 Πνεῦμα
3454 5371 3534 5439 τῷ
3562 5362 3812 5422 δυσσεϐεῖ

2151 5449 2307 5527 λόγῳ
2334 5458 2436 5521 τῆς
2470 5451 2612 5513 Θείας
2642 5450 2944 5527 ἐξορίζουσι
2975 5452 3205 5529 φύσεως.
3266 5453 3464 5511 ’Ἄλλοι
3524 5453 3583 5511 δὲ
3621 5454 3811 5519 ἄλλως

2152 5542 2251 5613 τὴν
2283 5541 2488 5608 εὐθεῖαν
2522 5540 2647 5598 ὁδὸν
2679 5540 3045 5605 ἀπολέσαντες
3075 5544 3163 5599 καί
3215 5550 3332 5607 τοῖς
3377 5549 3486 5600 τῶν
3518 5544 3810 5620 προωδευ-

2152 5632 2327 5688 κότων
2375 5631 2583 5708 ἴχνεσιν
2640 5628 3015 5701 ἀκολουθῆσαι
3078 5634 3153 5704 μὴ
3218 5633 3576 5708 βουληθέντες
3617 5635 3808 5712 πόρῥω

2154 5719 2265 5778 που
2317 5729 2416 5795 τῆς
2473 5720 2735 5796 ἀληθείας
2794 5719 3058 5798 ἐγένοντο,
3117 5722 3205 5779 καὶ
3246 5714 3320 5780 lo!
3382 5724 3478 5800 μὲν
3514 5725 3614 5797 τήν
3676 5726 3809 5802 ὑπὲρ
