4154 6420
374 431 496 494 505

1566 436 2111 499 HISTORIARUM
2160 435 2709 499 CDMPENDIUM.

3683 440 3804 501 506

373 563 541 635 ἡμῶν
587 562 956 638 γεγενημένην
1016 563 1330 637 οἲκονομίαν
1429 566 1712 628 παντελῶς
1815 565 2023 641 ἂπηρή·

2153 570 2267 621 tur.
2301 567 2553 632 Quidam
2579 567 2832 623 Verbum
2863 567 2926 622 in
2958 583 3198 623 carnem
3224 568 3456 622 venisse
3485 569 3803 626 fatenturii

376 672 559 722 σαντο,
594 653 645 706 οἱ
679 649 736 706 δὲ
763 653 1103 729 ὁμολογοῦσι
1165 654 1260 726 μὲν
1322 653 1730 729 ἐνανθρωπῆσαι
1786 657 1880 711 τὸν
1913 659 2042 712 Θεὸν

377 746 571 820 Λόγον,
606 749 768 818 σῶμα
800 742 858 800 δὲ
920 745 1086 818 μόνον
1145 746 1510 826 ἀνειληφέναι,
1571 749 1620 802 οἱ
1681 747 1739 804 δὲ
1789 747 2040 828 ἔμψυχον

378 835 477 908 μέν
507 833 744 890 καλοῦσι
774 837 874 905 τήν
934 833 1233 912 ληφθεῖσαν
1296 837 1490 912 σάρκα,
1551 838 1613 892 οὐ
1662 839 1769 912 μὴν
1807 839 2039 914 λογικὴν

375 922 434 979 δὲ
465 925 553 978 καὶ
588 924 776 998 νοερᾶν
821 923 874 979 ἐν
926 925 1094 1000 ταύτῃ
1150 928 1461 1001 γεγενῆσθαι
1521 929 1730 1004 ψυχὴν,
1760 928 1893 989 ἳσως
1942 929 2041 996 τὴν

377 1015 584 1069 οἷκείαν
621 1013 806 1069 ἄνοιαν
832 1015 1027 1070 τούτου
1084 1018 1384 1089 τεκμήριον
1444 1014 1680 1092 ἔχοντες.
1737 1020 1928 1091 Ἡμεῖς
1985 1015 2041 1073 δὲ

374 1106 674 1180 ἀνθρώπου
709 1105 895 1180 ψυχὴν
927 1103 1183 1178 οὐδεμίαν
1217 1105 1370 1178 ἷ¹σμεν
1428 1107 1607 1181 ἑτέραν
1655 1109 1689 1179 ἢ
1747 1109 1845 1175 τήν
1877 1105 2039 1183 λογι-

369 1195 476 1262 κήν
508 1195 602 1249 καὶ
638 1193 924 1257 ἀθάνατον.
956 1197 1041 1268 [Ρ.
1073 1197 1202 1268 264]
1239 1196 1333 1250 Καὶ
1367 1194 1532 1250 ἄλλοι
1597 1197 1690 1268 μὲν
1741 1195 1906 1250 πάλιν
1962 1196 2038 1260 εἷς

372 1281 474 1338 δύο
534 1284 626 1337 τὸν
692 1281 786 1338 ἕνα
841 1285 1069 1349 Χριστὸν
1125 1281 1492 1357 διατέμνουσι,
1551 1284 1640 1339 καὶ
1695 1281 1875 1360 ἕτερον
1941 1287 2036 1358 μὶν

373 1374 516 1427 εἶναι
541 1369 936 1444 διατεινάμενοι
965 1373 1056 1426 τὸν
1091 1372 1150 1428 ἐκ
1202 1375 1474 1445 Παρθένου
1503 1372 1760 1449 τεχθέντα
1808 1372 2036 1438 τελείως

376 1463 690 1539 ἄνθρωπον,
720 1461 902 1539 ἓτερον
935 1461 992 1520 δὲ
1016 1465 1109 1520 τὸν
1151 1464 1211 1520 ἐκ
1267 1469 1402 1521 Θεοῦ
1453 1467 1660 1541 Πατρὸς
1693 1468 1887 1542 Λόγον,
1944 1467 2036 1522 καὶ

380 1555 473 1608 τὸν
535 1553 626 1625 μὲν
660 1554 735 1614 ὡς
769 1553 1050 1628 ἄνθρωπον
1101 1551 1212 1625 ἰδίᾳ
1266 1556 1495 1617 τιθέντες
1549 1556 1640 1610 καὶ
1686 1555 1788 1611 ἀνά
1847 1556 2034 1633 μέρος,

382 1643 476 1696 τὸν
508 1639 559 1696 δὶ
617 1643 696 1704 ὡς
755 1643 883 1698 Θεὸν
935 1641 1089 1716 φύσει
1138 1663 1197 1697 τε
1251 1645 1340 1698 καὶ
1399 1643 1630 1716 ἀληθείᾳ
1667 1646 1796 1700 Θεὸν
1830 1647 2032 1718 ὁνομά-

381 1735 580 1799 ζουσιν.
614 1729 814 1787 ’Ἄλλοι
857 1729 916 1786 δὲ
960 1732 1400 1808 παρατετράφθαι
1449 1733 1576 1811 φασὶ
1631 1733 1723 1788 τὸν
1784 1733 1842 1789 ἐκ
1894 1738 2032 1790 Θεοῦ

371 1818 586 1893 Πατρὸς
620 1819 793 1894 Λόγον
827 1817 904 1880 εἷς
937 1816 1136 1874 ὀστέων
1157 1817 1247 1874 καί
1266 1819 1468 1895 νεύρων
1499 1821 1590 1876 καὶ
1621 1822 1818 1896 σαρκὸς
1849 1821 2028 1902 φύσιν,

367 1912 540 1963 ταῦτα
568 1907 740 1964 πάντα
763 1903 1037 1970 δυσσεϐῶς
1078 1906 1520 1984 δογματίζοντες.

443 1997 675 2060 Τάκιτος
757 1992 1100 2053 ἐϐασίλευσεν
1154 1994 1246 2070 ἔτη
1456 1997 1630 2061 Οὗτος
1715 2000 2020 2074 Μαξιμῖνον

365 2093 605 2162 συγγενῆ
638 2084 802 2140 αὐτοῦ
832 2084 1091 2157 ἐπέστησε
1118 2091 1186 2160 τῇ
1223 2089 1504 2162 Ἀσσυρίᾳ,
1565 2088 1622 2142 ὅν
1681 2085 1771 2143 διὰ
1808 2096 1908 2158 τῆς
1934 2089 2024 2143 ὕπ’

2149 655 2414 728 quidem,
2447 657 2549 711 sed
2577 657 2649 712 ab
2681 673 2750 712 eo
2799 663 3030 712 tantum
3086 673 3299 727 corpus
3348 657 3528 712 fuisse
3579 676 3804 716 assum-

2145 751 2312 816 ptum
2343 746 2732 801 contendunt.
2756 747 3016 816 Suntqui
3049 762 3289 802 carnem
3321 763 3452 802 eam
3477 747 3801 804 animatam

2144 833 2328 890 fuisse
2355 835 2707 900 concedant,
2755 837 2860 890 sed
2917 837 3180 890 animam
3235 843 3434 891 mente
3493 837 3803 906 praeditam

2143 923 2327 979 fuisse
2359 931 2598 996 negent,
2642 942 2764 979 sua)
2812 924 3066 980 fortasse
3115 925 3391 980 amentia:
3451 933 3801 998 argumento

2144 1013 2404 1068 adducti.
2439 1016 2554 1069 Nos
2583 1031 2718 1068 vero
2748 1014 2974 1068 nullam
3006 1014 3185 1069 aliam
3217 1015 3478 1069 hominis
3525 1017 3801 1072 novimus

2143 1103 2405 1157 animam
2437 1119 2614 1173 quam
2646 1104 2874 1158 ratione
2906 1103 3222 1174 praeditam
3255 1109 3312 1158 et
3371 1105 3799 1162 immortalem.

2142 1193 2367 1246 Rursus
2398 1191 2498 1247 alii
2532 1192 2773 1248 unicum
2800 1191 3098 1247 Christum
3149 1192 3211 1246 in
3264 1192 3414 1247 duos
3475 1193 3797 1264 dissecant,

2129 1281 2631 1352 contenduntque
2662 1281 2849 1336 alium
2883 1297 3010 1336 esse
3043 1297 3178 1336 eum
3206 1281 3304 1351 qui
3352 1280 3609 1352 perfecte
3642 1284 3796 1339 463

2142 1368 2320 1425 homo
2343 1375 2518 1424 natus
2551 1376 2640 1425 est
2671 1386 2740 1424 ex
2778 1369 3229 1442 Virgine,alium
3265 1369 3519 1425 Verbum
3550 1372 3651 1425 Dei
3682 1374 3796 1428 Pa-

2141 1458 2476 1530 tris.Atque
2506 1459 2672 1514 illum
2705 1459 3176 1530 quidem,utpote
3209 1459 3794 1526 hominem,seorsim

2139 1548 2454 1617 collocant,
2470 1548 2632 1604 hunc
2664 1554 2878 1604 natura
2909 1551 3091 1604 Deum
3123 1555 3181 1603 et
3211 1548 3425 1603 Filium
3457 1549 3796 1609 nominant.

2137 1637 2254 1691 Alii
2273 1636 2523 1692 Verbum
2546 1638 2607 1691 in
2638 1643 2913 1692 naturam
2938 1639 3506 1705 ossium,nervorum
3531 1641 3797 1696 etcarnis

2137 1731 2570 1782 commutatum
2627 1726 2930 1782 affirmant
2972 1743 2986 1792 ;
3048 1744 3178 1798 quas
3231 1742 3442 1782 omnes
3482 1727 3797 1799 opiniones

2138 1822 2278 1872 sunt
2298 1816 2518 1887 impias.

2205 1996 2438 2050 Tacitus
2471 1996 2782 2068 imperavit
2812 2013 3002 2051 annos
3054 2001 3105 2050 2.
3169 1999 3224 2052 Is
3272 1999 3661 2054 Maximinum
3692 2017 3788 2054 co-

2129 2090 2374 2157 gnatum
2408 2102 2580 2139 suum
2611 2087 2867 2157 Assyrias
2901 2086 3183 2157 praefecit.
3244 2089 3449 2155 Quem,
3485 2089 3645 2158 quod
3703 2089 3795 2142 in"

363 2175 537 2230 αὐτοῦ
567 2173 864 2250 γενομένης
891 2173 1104 2239 ἀδικίας
1132 2175 1412 2239 ἀνελόντες
1445 2179 1497 2231 οἱ
1529 2183 1876 2252 στρατιῶται,
1910 2179 2023 2234 εἶτα

2135 2175 2286 2247 iuste
2319 2174 2506 2228 multa
2537 2175 2985 2247 ageret,milites
3016 2176 3461 2232 trucidaverunt
3484 2183 3788 2242 ;metuen-

361 2261 692 2344 φοϐηθέντες
725 2266 800 2337 μή
833 2263 1093 2340 ἐκδικήσῃ
1126 2265 1286 2322 αὐτὸν
1346 2268 1374 2321 6
1406 2267 1665 2338 Τάκιτος,
1712 2268 2021 2324 ἀπέκτειναν

359 2355 456 2410 καὶ
487 2354 655 2409 αὐτὸν
681 2355 933 2429 ὑποθήκῃ
964 2353 1312 2430 Φλωριανοῦ.

438 2438 655 2518 Πρόϐος
683 2444 772 2498 καὶ
810 2441 1134 2512 Φλωριανὸς
1195 2441 1546 2501 ἐϐασίλευσαν
1603 2441 1696 2517 ἐτη
1757 2445 1852 2502 δύο
1916 2455 2025 2522 μῆ-

358 2553 459 2594 νας
491 2530 556 2590 δ’.
597 2534 772 2594 Οὗτος
828 2534 856 2587 ὁ
913 2529 1125 2607 Πρόϐος
1181 2534 1496 2612 παράφρονα
1549 2537 1732 2591 ἐαυτὸν
1792 2539 2027 2608 ποιήσας

362 2620 547 2676 ἀνεῖλε
578 2623 669 2676 τὸν
702 2620 1047 2696 Φλωριανόν.
1081 2623 1205 2678 Ἐπὶ
1260 2623 1426 2680 αὐτοῦ
1487 2625 1700 2700 βροχῆς
1742 2627 2028 2703 γεγονυίας

371 2718 522 2774 σῖτος
582 2711 918 2786 μεμιγμένος
970 2717 1050 2784 τῷ
1108 2710 1261 2767 ὕδατι
1317 2713 1492 2775 πολὺς
1568 2714 1905 2790 κατηνέχθη,
1965 2717 2022 2772 ὅν

375 2802 759 2878 συναγαγόντες
807 2801 1019 2876 σωροὺς
1080 2801 1351 2878 μεγάλους
1405 2801 1688 2873 ἐποίησαν.
1749 2806 2022 2868 Ὡσαύτως

358 2893 450 2946 καὶ
509 2889 743 2964 ψεκάδας
801 2889 1040 2967 ἀργύρου
1121 2892 1511 2967 κατενεχθῆναί
1570 2914 1719 2972 φασι.
1754 2896 2023 2969 Βικτωρῖ-

362 3002 455 3042 νος
487 2979 544 3035 δὲ
572 2978 743 3060 φίλος
797 2984 894 3034 τοῦ
951 2976 1168 3055 Πρόϐου
1197 2979 1370 3055 ᾔτησε
1398 2981 1556 3057 φίλον
1584 2983 1750 3038 αὐτοῦ
1782 2981 2024 3059 ἄρχοντα

371 3069 612 3145 γενέσθαι
665 3069 742 3131 εἷς
800 3068 1142 3141 Βρεττανίαν’
1231 3071 1259 3124 6
1313 3068 1370 3124 δὲ
1435 3070 1687 3135 ἀπελθὼν
1773 3072 2020 3148 ἀντῆρεν.

379 3156 808 3231 Ὀνειδιζόμενος
839 3155 956 3214 δέὁ
1013 3161 1344 3234 Βικτωρίνος
1404 3157 1473 3214 δι’
1531 3159 1690 3216 αὒτὸν
1743 3162 2018 3235 ἀπεστάλη

377 3249 598 3302 παύσων
654 3249 750 3316 την
805 3249 1115 3323 ἀνταρσίαν.
1181 3251 1694 3325 Προσποιησάμενος
1778 3251 1835 3308 δὲ
1914 3253 2019 3308 ἀπὸ

366 3339 665 3412 προσώπου
696 3337 905 3415 φεύγειν
938 3343 1036 3393 τοῦ
1071 3337 1361 3412 βασιλέως,
1419 3339 1496 3401 ὡς
1544 3339 1705 3418 φίλος
1769 3347 1868 3397 τοῦ
1896 3341 2023 3398 ἀντ-

365 3426 590 3501 άραντος
649 3424 924 3502 ἀπεδέχθη
997 3428 1087 3481 καί
1146 3426 1350 3483 ἀνεῖλεν
1401 3429 1579 3485 αὐτόν.
1656 3431 2017 3507 Ὑποστρέψας

363 3514 444 3586 δὲ,
485 3517 562 3578 ὡς
593 3516 736 3588 ἐξῄει
775 3521 873 3571 τοῦ
925 3515 1146 3584 πλοίου,
1207 3516 1373 3581 λύσας
1431 3521 1530 3588 τὴν
1589 3521 1780 3576 ἑαυτοῦ
1839 3524 2018 3592 ζώνην

359 3603 579 3681 εῤῥιψεν
611 3606 688 3666 εἰς
711 3607 812 3674 τὴν
843 3603 1114 3669 θάλασσαν
1160 3606 1249 3660 καὶ
1308 3607 1527 3677 εἰσῆλθε
1586 3609 1884 3678 Αυσίζωνος
1943 3611 2019 3673 εἶς

359 3692 740 3769 τὸνβασιλέα.
773 3695 830 3748 Ὁ
863 3693 922 3750 δέ
980 3693 1250 3770 ὠργίσθη,
1311 3693 1485 3751 δοκῶν
1542 3699 1630 3776 ὑφ’
1686 3699 1870 3773 ἐτέρου
1929 3700 2020 3754 αὖ·

359 3785 454 3840 τὸν
483 3789 647 3839 τοῦτο
679 3785 1024 3839 πεπονθέναι.
1089 3788 1421 3860 Βικτωρῖνος
1482 3784 1538 3842 δέ
1567 3785 1670 3860 ἔφη
1707 3788 1793 3866 ὑφ’
1825 3790 2018 3845 ἑαυτοῦ

357 3879 522 3930 τοῦτο
581 3873 847 3949 γενέσθαι,
909 3873 1272 3947 αἰτησάμενος
1331 3875 1529 3948 μηκέτι
1581 3875 1734 3951 ἄρξαι
1763 3880 2018 3953 πράγμα-

357 3985 477 4027 τος.
511 3967 694 4042 Ἀρχῆ
728 3965 834 4040 γὰρ
862 3969 1025 4031 πᾶσα,
1078 3961 1203 4040 ἔφη,
1265 3966 1402 4038 μετά
1454 3963 1717 4021 κινδύνων
1745 3969 1833 4022 καὶ
1891 3967 2018 4022 κλι-

363 4056 661 4129 μακτήρων
695 4056 826 4126 (74).
885 4054 945 4112 Ὁ
1003 4050 1060 4108 δὲ
1117 4053 1205 4108 καὶ
1263 4056 1501 4130 ἡσυχίαν
1549 4054 1697 4127 αὐτῷ
1724 4056 2018 4132 ἐχαρίσατο

357 4145 452 4199 καὶ
487 4141 696 4218 δωρεὰς
726 4141 945 4205 πολλὰς
1003 4144 1293 4218 παρέσχεν.
1348 4143 1655 4202 Ἀπέκτεινε
1713 4142 1771 4200 δὲ
1816 4148 2020 4210 πάντας

353 4232 486 4294 τοὺς
508 4231 934 4294 ἀποκτείναντας
964 4232 1201 4288 Τάκιτον
1259 4233 1350 4287 καὶ
1407 4233 1779 4308 Αὐρηλιανὸν,
1841 4233 1892 4290 ἐν
1947 4239 2016 4309 τῇ

359 4323 631 4395 Ηειρίνθῳ
652 4321 741 4376 ἐπὶ
775 4319 1011 4376 ἐπίασιν
1044 4321 1208 4376 αὐτὸν
1231 4319 1483 4384 καλέσας.
1519 4323 1780 4398 Ἀνῃρέθη
1841 4321 1900 4379 δὲ
1928 4327 2019 4379 καὶ

353 4411 546 4473 αὐτός.

433 4500 604 4574 Κάρος
634 4499 728 4554 καὶ
788 4501 1023 4574 Καρῖνος
1079 4499 1172 4553 καὶ
1234 4501 1610 4576 Νουμεριανὸς
1671 4497 2020 4558 ἐϐασίλευσαν

353 4591 451 4662 ἔτη
591 4589 764 4653 Οὗτος
793 4591 822 4644 6
855 4590 1033 4664 Κάρος
1091 4590 1193 4658 τήν
1249 4589 1479 4665 Περσίδα
1530 4592 1621 4646 καὶ
1657 4598 2018 4668 Κτησιφῶντα

2131 2268 2340 2333 tesque
2373 2279 2448 2317 ne
2481 2279 2611 2318 eam
2642 2263 2865 2318 caedem
2895 2265 3126 2319 Tacitus
3157 2266 3568 2332 ulcisceretur,
3589 2267 3786 2337 ipsum

2133 2369 2370 2423 quoque
2397 2352 2655 2408 Floriani
2687 2369 2866 2408 suasu
2899 2355 3352 2410 interfecerunt.

2202 2441 2430 2496 Probus
2457 2447 2514 2496 et
2545 2442 2853 2497 Florianus
2885 2443 3256 2514 imperarunt
3298 2461 3486 2500 annos
3515 2449 3548 2500 2
3591 2450 3649 2500 et
3681 2447 3786 2500 tri-

2132 2536 2350 2586 entem.
2387 2531 2613 2586 Probus
2646 2532 2927 2588 simulata
2959 2534 3194 2588 insania
3224 2534 3566 2590 Florianum
3609 2535 3767 2589 inter

2127 2619 2288 2675 fecit.
2326 2621 2443 2675 Sub
2468 2638 2536 2674 eo
2560 2621 2758 2691 pluvia
2788 2622 3009 2676 decidit
3038 2623 3098 2676 in
3143 2640 3260 2693 qua
3314 2623 3597 2679 frumenti
3630 2623 3785 2679 mul-

2127 2712 2255 2761 tum
2282 2707 2394 2761 fuit
2423 2725 2593 2778 aqua:
2628 2709 3327 2782 permistum,magnique
3362 2714 3490 2783 ejus
3522 2713 3783 2783 congesti

2125 2802 2262 2850 sunt
2293 2797 2506 2851 acervi.
2542 2799 2763 2852 Ferunt
2793 2798 2973 2854 etiam
3005 2805 3200 2870 guttas
3257 2801 3487 2870 argenti
3529 2800 3778 2872 pluisse.

2129 2885 2462 2942 Victorinus
2494 2905 2667 2959 porro
2693 2889 2921 2943 amicus
2950 2889 3126 2943 Probi
3158 2889 3315 2961 apud
3346 2907 3481 2945 eum
3516 2908 3622 2962 pro
3672 2906 3779 2944 suo

2127 2977 2386 3046 quodam
2418 2977 2611 3031 amico
2669 2978 3030 3043 intercessit,
3064 2985 3128 3034 ut
3180 2980 3229 3034 is
3289 2979 3349 3034 in
3409 2979 3776 3035 Britanniam

2127 3066 2442 3138 praefectus
2473 3067 2829 3122 mitteretur.
2864 3068 3074 3123 Missus
3105 3074 3315 3123 contra
3352 3070 3777 3140 imperatorem

2129 3155 2483 3210 seditionem
2513 3155 2732 3226 {moviL
2768 3156 3069 3210 Victorino
3128 3173 3197 3212 ea
3253 3157 3502 3212 rebellio
3560 3159 3780 3229 probro

2132 3244 2659 3316 data,"missusque
2693 3251 2782 3300 est
2831 3246 2906 3300 ad
2935 3262 3067 3301 eam
3101 3246 3446 3302 sedandam.
3481 3248 3781 3303 Simulans

2131 3351 2270 3405 ergo
2304 3352 2363 3389 se
2395 3333 2467 3389 ab
2501 3335 2858 3406 imperatore
2891 3335 3242 3408 profugisse,
3291 3342 3565 3409 receptus
3603 3338 3779 3392 amici

2123 3425 2253 3481 loco
2277 3431 2367 3480 est
2395 3441 2429 3480 a
2460 3425 3096 3497 rebellionis;auctore,
3156 3442 3412 3497 eumque
3458 3427 3776 3482 interfecit-

2125 3515 2412 3569 Reversus
2473 3513 2632 3578 inde,
2691 3531 2826 3569 cum
2883 3515 3069 3570 exiret
3129 3515 3282 3583 navi,
3341 3533 3548 3570 zonam
3608 3532 3779 3571 suam

2125 3603 2299 3658 solvit
2327 3620 2394 3658 ac
2425 3603 2485 3657 in
2518 3619 2679 3658 mare
2702 3602 2941 3675 abjecit,
2976 3611 3034 3659 et
3055 3604 3182 3658 sine
3208 3605 3405 3659 cinctu
3429 3605 3502 3660 ad
3532 3606 3784 3677 impera-

2122 3698 2312 3748 torem
2328 3692 2629 3764 ingressus
2643 3699 2750 3749 est.
2774 3695 3103 3764 Imperator
3123 3693 3195 3748 ab
3211 3693 3324 3749 alio
3343 3695 3425 3750 ita
3439 3711 3574 3749 eum
3593 3695 3778 3749 fuisse

2123 3786 2439 3836 tractatum
2468 3782 2780 3853 suspicans
2805 3783 2991 3837 iratus
3022 3783 3474 3839 est.Victorinus
3488 3791 3686 3839 autem
3721 3801 3784 3839 se

2121 3870 2280 3926 ultro
2304 3871 2414 3925 hoc
2435 3870 2646 3926 fecisse
2669 3871 3189 3944 dixit,rogavitque
3211 3890 3284 3927 ne
3297 3873 3406 3928 ulli
3431 3873 3677 3944 posthac
3691 3874 3776 3928 rei

2121 3961 2278 4014 464
2310 3961 2734 4030 prmficeretur,
2765 3960 2922 4030 quod
2982 3961 3187 4015 omnia
3243 3962 3493 4033 imperia
3549 3962 3780 4033 pericu-

2124 4047 2252 4102 losa
2283 4053 2340 4102 et
2384 4055 2560 4102 certaa
2620 4048 2904 4118 perniciei
2958 4050 3214 4104 obnoxia
3271 4055 3428 4106 esset
3477 4057 3780 4122 expertus.

2122 4137 2452 4206 Imperator
2483 4142 2541 4189 et
2570 4135 2756 4189 otium
2789 4136 2841 4190 ei
2900 4137 3196 4190 concessit
3253 4143 3312 4192 et
3360 4139 3587 4209 magnis
3648 4155 3782 4194 mu-

2124 4224 2370 4280 neribus
2401 4223 2657 4279 donavit.
2691 4225 2909 4279 Omnes
2943 4225 3120 4279 etiam
3151 4227 3333 4281 Taciti
3383 4233 3560 4297 atque
3590 4231 3783 4282 Aure-

2123 4313 2267 4369 liani
2295 4331 2675 4385 percussores
2705 4315 2956 4381 necavit,
3005 4316 3273 4370 Perinthi
3327 4316 3402 4371 ad
3448 4316 3779 4373 convivium

2125 4405 2459 4461 invitatum.
2499 4407 2623 4477 lpse
2665 4422 2898 4477 quoque
2931 4406 3278 4462 interfectus
3310 4413 3418 4462 est.

2195 4497 2377 4551 Carus
2409 4501 2467 4550 et
2503 4495 2751 4550 Carinus
2783 4501 2841 4549 et
2896 4497 3289 4552 Numerianus
3339 4499 3783 4570 imperaverunt

2127 4602 2313 4640 annos
2343 4587 2395 4639 2.
2429 4587 2610 4639 Carus
2641 4584 2942 4639 Persidem
2984 4590 3041 4639 et
3097 4586 3542 4658 Ctesiphontem
3600 4589 3779 4660 cepit,

351 4675 686 4756 παρέλαϐεν,
724 4677 979 4753 τέταρτον
1030 4682 1194 4732 τοῦτο
1251 4679 1603 4750 πεπονθυίας,
1666 4681 1768 4737 ὑπὸ
1821 4687 2016 4756 Τραῖα-

2135 4683 2404 4748 quartum
2438 4681 2560 4729 tum
2611 4680 2879 4746 captam:
2913 4691 3051 4730 nam
3109 4692 3240 4730 eam
3294 4677 3502 4732 urbem
3535 4685 3593 4733 et
3640 4680 3783 4735 Tra-

347 4771 473 4838 νοῦ,
509 4769 612 4824 ὑπὸ
646 4771 828 4843 Βήρου
879 4767 967 4822 διαὶ
1022 4767 1276 4842 Σεβήρου
1333 4768 1423 4823 καὶ
1480 4772 1686 4844 Κάρου.
1742 4770 2015 4842 Τελευτή-

351 4879 550 4920 σαντος
619 4858 678 4912 δὲ
734 4857 923 4932 Κάρου
981 4856 1086 4910 ὑπὸ
1145 4855 1429 4929 λοιμικῆς,
1488 4857 1578 4912 καὶ
1636 4861 2014 4936 Νουμεριανοῦ

349 4948 756 5026 τυφλωθέντος,
804 4944 1014 5000 ἀνεῖλεν
1075 4945 1235 5000 αὐτὸν
1296 4951 1504 5021 *Απρος
1556 4949 1584 5002 6
1619 4947 1783 5004 αὐτοῦ
1828 4952 2017 5004 πενθε-

349 5040 472 5114 ρὸς,
506 5037 596 5092 καὶ
627 5031 942 5091 ἐϐασίλευσε
970 5034 1350 5110 Νουμεριανὸς
1384 5032 1508 5106 δοὺε
1565 5039 1853 5116 τυγχάνων
1899 5043 2018 5094 Μυ-

349 5127 496 5189 σίας.
525 5126 650 5180 Ἐπὶ
699 5125 867 5180 αὐτοῦ
923 5122 1297 5198 ἐμαρτύρησεν
1367 5125 1396 5179 6
1455 5120 1611 5200 ἅγιος
1660 5121 1910 5189 Βαϐύλας
1964 5125 2017 5182 ἐν

345 5216 689 5290 Ἀντιοχείᾳ.
721 5214 922 5272 Τοῦτον
962 5211 1140 5267 ἀνεῖλε
1171 5213 1583 5284 Διοκλητιανός.

427 5303 824 5374 Διοκλητιανὸς
856 5295 1199 5355 ἐϐασίλευσεν
1233 5297 1326 5371 ἔτη
1387 5302 1494 5376 κβ“,
1550 5307 1631 5375 τῷ
1685 5303 1825 5380 γένει
1874 5301 2018 5359 Δαλ-

2122 4769 2303 4841 janus
2335 4766 2642 4838 occupavit
2697 4772 2755 4820 et
2790 4767 2969 4820 Verus
3029 4773 3086 4822 et
3141 4768 3387 4823 Severus
3445 4775 3504 4825 et
3571 4772 3777 4826 Carus.

2124 4862 2268 4912 Caro
2300 4861 2463 4928 peste
2507 4855 2760 4922 sublato,
2819 4855 3246 4912 Numerianum
3304 4859 3492 4914 oculis
3541 4866 3781 4932 captum

2126 4961 2294 5000 socer
2324 4945 2474 5015 ejus,
2508 4946 2665 5015 Aper
2711 4945 2974 5014 nomine,
3011 4945 3328 5003 interfecit.
3381 4950 3784 5020 Etimperavit

2126 5037 2522 5092 Numerianus
2563 5034 2681 5090 dux
2737 5035 2954 5106 Mysiaa.
3019 5037 3136 5092 Sub
3192 5055 3259 5093 eo
3291 5038 3499 5094 beatus
3531 5038 3780 5109 Babylas

2125 5125 2456 5182 Antiochiaa
2482 5131 2708 5195 martyr
2739 5130 2829 5179 est
2858 5125 3069 5181 factus.
3101 5127 3526 5184 Numerianum
3555 5127 3780 5183 Diocle-

2129 5216 2326 5270 tianus
2358 5214 2683 5270 interfecit.

2197 5303 2600 5360 Diocletianus
2622 5303 2932 5375 imperavit
2988 5320 3177 5359 annos
3228 5306 3316 5374 22,
3371 5302 3662 5360 Dalmata.
3725 5305 3778 5360 Is

1566 5420 1931 5478 XYLANDRI
1970 5424 2058 5477 ET
2095 5422 2310 5478 GOARI
2351 5420 2572 5476 NOTAE.

424 5538 534 5611 (74)
571 5534 957 5618 κλιμακτῆρας
991 5533 1352 5606 interpretor
1377 5607 1388 5618 .
1409 5552 1634 5618 r_erum_
1670 5536 1882 5618 dubios
1925 5555 2010 5618 ca-

348 5629 476 5676 sus,
510 5609 640 5681 qua:
672 5614 738 5682 ut
766 5621 1198 5682 nonnunquam
1226 5609 1552 5682 consistere
1584 5614 1650 5682 et
1671 5609 1892 5682 augeri,
1928 5610 2009 5666 ita

346 5678 806 5754 etfreEIuentius
839 5679 901 5732 in
927 5678 1164 5754 ruinam
1200 5679 1536 5750 praecipites
1566 5681 1654 5754 agi
1688 5678 2004 5737 consueve-

343 5761 493 5814 runt
515 5749 912 5827 {metaphora
942 5765 978 5808 θ.
1003 5749 1270 5810 revoluto
1299 5749 1684 5825 septenonim
1711 5767 2004 5812 annorum

2122 5537 2368 5610 circulo,
2401 5535 2460 5590 in
2495 5552 2632 5610 quo,
2666 5539 2731 5589 ut
2760 5533 3032 5610 uniusin
3086 5533 3246 5610 aliud
3297 5536 3777 5610 temperamenti,

2121 5609 2203 5664 sic
2236 5615 2295 5665 et
2323 5608 2451 5662 vita)
2485 5605 2657 5662 solito
2682 5606 2897 5677 saapius
2934 5605 3045 5659 fuit
3102 5606 3163 5659 in
3195 5605 3448 5661 mortem
3506 5605 3775 5666 mutatio.

2119 5682 2292 5736 GOAR.
