4154 6420
383 426 497 487 507

1743 422 2066 487 GEORGII
2110 421 2457 483 GEUHENI

3680 409 3806 470 508

381 561 635 635 imperio
666 562 863 635 potius
895 564 1315 620 Maximianum
1346 560 1722 629 Herculeum,
1744 572 2032 634 generum

2150 548 2850 630 μάτηνς.11εριγενόμενος
2910 543 2968 605 δέ
3023 549 3131 604 τῶν
3160 543 3496 635 πραγμάτων
3555 535 3808 635 προϐάλ-

389 668 566 708 suum
600 657 658 707 et
685 655 966 718 amicum,
1000 655 1288 709 Cmsarem
1317 651 1654 709 declaravit.
1706 653 1808 707 His
1853 653 2041 722 impe-

388 742 658 798 rantibus
689 743 896 815 ingens
919 743 1387 798 Christianorum
1405 744 1740 814 persecutio
1756 743 2039 799 fuit.Nam

389 848 498 903 per
526 834 800 905 regiones
830 838 1005 903 atque
1038 832 1216 887 urbes
1240 832 1554 903 jusserunt
1583 833 1795 887 Christi
1820 833 2041 906 templa

391 921 638 987 destrui,
672 939 868 977 sacras
899 938 1029 993 quae
1061 937 1245 993 penes
1276 922 1436 993 ipsos
1476 926 1677 977 essent
1706 922 2041 993 Scripturas

390 1011 677 1077 comburi,
711 1016 770 1066 et
799 1011 900 1081 qui
925 1010 1244 1066 Christiani
1273 1010 1939 1083 deprehenderentur,vi
1966 1012 2040 1067 ad

383 1100 646 1154 divinum
673 1099 1047 1155 daamonibus
1079 1098 1489 1172 praastandum
1521 1098 1746 1156 cultum
1778 1101 2042 1173 adigi.Ea

380 1188 453 1244 de
494 1206 673 1245 causa
723 1188 895 1245 multi
949 1205 1230 1245 coronam
1290 1190 1442 1245 sacri
1502 1191 1845 1246 certaminis
1905 1196 2042 1246 sunt

379 1277 595 1350 adepti.
630 1280 892 1344 Quorum
923 1279 995 1335 de
1024 1297 1274 1337 numero
1332 1286 1470 1336 sunt
1525 1283 1733 1337 Petrus
1791 1282 2041 1338 Alexan-

378 1365 545 1438 driaa,
580 1374 639 1424 et
664 1370 984 1425 Anthimus
1012 1370 1370 1426 Nicomediae
1403 1371 1690 1443 episcopi,
1723 1378 1782 1427 et
1828 1376 2038 1430 Proco-

376 1458 514 1531 pius
543 1464 721 1530 atque
753 1460 1037 1532 Georgius
1066 1459 1272 1532 inclyti
1322 1466 1634 1532 martyres.
1668 1463 1827 1518 Tunc
1859 1463 2039 1519 etiam

378 1548 644 1603 innotuit
675 1548 1008 1618 Sabbatius,
1063 1550 1112 1605 is
1172 1551 1274 1621 qui
1310 1550 1566 1606 haaresin
1621 1553 2036 1623 quatuordeci-

384 1655 699 1694 manorum
731 1639 1347 1695 conﬁrmavit.Eodem
1380 1646 1646 1713 tempore
1678 1658 1846 1697 sacra
1877 1659 2039 1715 qua)-

389 1729 528 1785 dam
560 1728 711 1785 465
754 1728 972 1785 mulier
999 1734 1177 1800 atque
1228 1725 1622 1786 admiratione
1677 1730 1875 1804 digna,
1908 1733 2039 1805 pul-

383 1818 720 1875 chritudine
752 1819 956 1875 forma:
984 1818 1223 1891 insigni,
1259 1825 1318 1875 et
1347 1837 1478 1891 quas
1505 1820 1900 1894 virginitatem
1925 1840 2042 1879 ser-

380 1912 595 1976 vasset,
657 1908 1092 1980 comprehensa
1143 1925 1212 1965 ac
1271 1909 1474 1966 multis
1532 1915 1920 1983 tyrannorum
1972 1918 2040 1968 ut
2078 1942 2123 2007 Β

380 1994 754 2054 daemonibus
784 1997 1145 2054 sacriﬁcaret
1175 1999 1495 2054 tormentis
1526 1999 1750 2057 frustra
1798 2007 2043 2076 tentata,

377 2087 553 2145 militi
588 2086 824 2144 cuidam
857 2086 932 2143 ad
965 2087 1352 2144 concubitum
1384 2088 1586 2146 dedita
1609 2095 1720 2160 est,
1751 2108 1821 2147 ea
1851 2085 2051 2148 condi-

383 2178 548 2233 tione
575 2182 643 2233 ut
666 2177 715 2232 si
750 2193 885 2233 eum
910 2194 1031 2232 non
1054 2176 1417 2248 admitteret,
1442 2179 1635 2250 capite
1666 2180 2047 2252 plecteretur'

383 2265 584 2323 Tantis
613 2266 715 2322 illa
740 2265 970 2323 inclusa
1019 2268 1312 2340 angustiis
1371 2269 1722 2325 Anthimum
1780 2271 2050 2328 Nicome-

387 2358 681 2426 diensem,
717 2358 817 2429 qui
861 2357 1127 2412 nondum
1184 2358 1479 2430 supplicio
1538 2359 1732 2415 fuerat
1791 2359 2049 2429 deditus,

387 2454 587 2503 utrum
618 2447 832 2502 horum
864 2451 1096 2518 optaret
1124 2447 1186 2501 in
1209 2447 1528 2503 consilium
1552 2448 2052 2523 adhibuit.Atque

391 2539 462 2605 is,
494 2543 561 2593 ut
592 2541 718 2592 erat
746 2536 834 2590 vir
863 2553 926 2591 re
957 2552 1093 2591 vera
1122 2536 1319 2592 bonus
1375 2543 1436 2592 et
1480 2538 1859 2610 dispensator
1888 2533 2051 2597 verbi

387 2627 491 2683 Dei
524 2627 718 2683 ﬁdelis
749 2633 927 2698 atque
958 2625 1243 2699 prudens,
1280 2627 1363 2683 ita
1397 2627 1450 2683 ei
1500 2630 1844 2701 respondit:
1880 2632 2048 2688 Filia,

390 2721 746 2793 praeclarum
776 2737 846 2775 ac
880 2718 1146 2776 divinum
1174 2725 1264 2775 est
1310 2721 1600 2776 castitatis
1632 2725 2050 2780 conservandae

397 2811 664 2867 ofﬁcium
693 2814 965 2881 :prazstat
993 2815 1193 2865 tamen
1226 2810 1277 2864 ei
1311 2809 1448 2866 ﬁdei
1482 2818 1869 2884 praeceptum,
1893 2816 2051 2886 quod

394 2907 487 2956 est
513 2900 807 2955 bonorum
839 2915 875 2955 a
898 2899 1117 2970 pietate
1148 2898 1658 2970 proﬁciscentium
1690 2901 2049 2960 fundamen-

392 2994 539 3044 tum.
574 2988 708 3043 Noli
739 3004 875 3060 ergo
907 2987 1206 3042 deteriora
1264 2989 1774 3059 prmstantioribus
1803 2999 2048 3066 antepo-

393 3094 563 3132 nere.
606 3077 769 3132 Sicut
797 3076 959 3131 enim
990 3076 1052 3130 in
1101 3076 1367 3148 periculo
1425 3075 1641 3149 aliquis
1692 3081 2048 3139 constitutus

388 3173 612 3224 vestem
645 3167 842 3238 potius
874 3182 1043 3221 suam
1074 3165 1265 3221 scindi
1298 3183 1477 3237 quam
1509 3184 1724 3241 corpus
1773 3171 1929 3241 velit,
1964 3173 2047 3230 ita

384 3257 446 3312 in
478 3255 906 3312 tentationibus
934 3272 1170 3327 quoque
1202 3256 1418 3311 animae
1449 3272 1485 3312 a
1535 3260 2040 3318 contaminatione

2152 624 2305 700 λεται
2361 624 2705 718 Μαξιμιανὸν
2757 637 3111 717 Ἐρκούλιον,
3181 628 3432 713 γαμϐρὸν
3488 631 3579 689 καὶ
3640 624 3803 711 φίλον

2150 732 2315 789 αὐτοῦ
2346 732 2496 788 ὄντα⁸
2554 733 2639 809 ὑφ’
2700 730 2773 787 ὧν
2832 731 3003 804 μέγας
3063 725 3310 804 διωγμὸς
3366 723 3504 779 κατὰ
3542 724 3801 796 Χριστια-

2148 826 2519 899 νῶν[Ρ.265]
2569 808 2823 894 ἐκινήθη.
2887 819 3220 896 Προσέταξαν
3276 815 3380 894 γὰρ
3445 813 3581 869 κατὰ
3638 808 3803 867 πόλιν

2146 915 2236 969 καὶ
2290 914 2425 970 κατὰ
2480 913 2668 988 ’χώραν
2750 910 2845 975 τὰς
2903 910 2998 984 μὶν
3070 909 3305 982 Χριστοῦ
3360 900 3657 973 ἐκκλησίας
3700 919 3802 954 κα-

2147 1001 2534 1080 ταστρέφεσθαι
2589 999 2681 1056 καὶ
2738 999 2833 1062 τὰς
2888 997 3032 1060 θείας
3090 992 3266 1051 αὑτῶν
3345 990 3558 1069 Γραφάς
3640 1006 3802 1080 κατα·-

2149 1078 2415 1163 καίεσθαι,
2524 1090 2651 1154 τοὺς
2753 1088 2810 1145 δὲ
2937 1086 3296 1163 Χριστιανοὺς
3384 1078 3806 1159 εὑρισκομένους

2147 1180 2536 1258 ἀναγκάζεσθαι
2570 1180 2714 1245 θύειν
2743 1182 2859 1240 τοῖς
2887 1174 3134 1250 δαίμοσι.
3168 1174 3261 1230 Διὸ
3316 1171 3408 1228 καὶ
3455 1166 3660 1228 πολλοὶ
3707 1165 3800 1222 τὸν

2146 1255 2272 1341 τῆς-
2333 1270 2614 1340 ἀθλήσεως
2692 1265 3021 1338 ἀνεδήσαντο
3114 1262 3394 1341 στέφανον,
3451 1260 3502 1333 ἐξ
3571 1259 3642 1313 ὧν
3696 1255 3802 1313 εἶσι

2148 1360 2352 1437 Πέτρος
2411 1356 2817 1432 Ἀλεξανδρείας
2897 1356 2989 1411 καὶ
3073 1355 3338 1427 Ἀνθιμος
3419 1345 3795 1422 Νικομηδείας

2148 1450 2237 1507 καὶ
2271 1450 2581 1526 Προκόπιος
2636 1449 2727 1505 καὶ
2784 1447 3058 1523 Γεώργιος
3118 1444 3168 1499 oi.
3224 1438 3476 1515 ἀοίδιμοι
3505 1438 3792 1526 μάρτυρες.

2150 1541 2248 1596 Καὶ
2309 1523 2613 1602 Σαϐϐάτιος
2668 1538 2696 1593 ὁ
2752 1538 2851 1608 τήν
2907 1532 3111 1612 αἵρεσιν
3168 1536 3277 1589 τῶν
3358 1523 3799 1603 τεσσαρεσκαιδε-

2149 1632 2382 1686 κατιτῶν
2432 1631 2542 1703 (75)
2602 1627 2869 1703 κρατύνας
2936 1622 3285 1701 έγνωρίζετο,
3352 1619 3443 1676 καὶ
3528 1619 3665 1695 γυνή
3719 1636 3803 1679 τις

2148 1724 2268 1800 ἱερὰ
2332 1724 2425 1779 καὶ
2521 1721 2812 1796 θαυμασία,
2916 1719 3007 1774 τὸν
3080 1716 3197 1793 βίον
3294 1714 3641 1789 ἀειπάρθενος
3714 1711 3805 1767 καὶ

2150 1812 2346 1891 ὡραία,
2377 1813 2519 1869 πάνυ
2550 1813 2876 1887 συσχεθεῖσα
2906 1808 2996 1865 καὶ
3039 1803 3279 1867 πολλαῖς
3312 1806 3590 1879 μηχαναῖς
3648 1802 3805 1856 θῦσαι

2150 1910 2258 1961 τῶν
2313 1902 2586 1979 τυράννων
2654 1900 2822 1971 αὐτὴν
2883 1896 3287 1972 ἀναγκαζόντων
3349 1895 3426 1967 μὴ
3486 1893 3809 1962 ἡττηθεῖσα.

2156 1995 2490 2072 Προσέταξαν
2572 1984 2860 2062 ἐκδοθῆναι
2947 1988 3252 2063 στρατιώτῃ
3334 1984 3486 2072 πρδςᾼ
3533 1980 3809 2072 ,αἰσχρὰν

2159 2069 2327 2161 μῖξιν,
2356 2085 2446 2140 καί
2480 2079 2623 2158 μηδὲ
2679 2082 2852 2144 οὓτως
2907 2079 3241 2153 πειθομένην
3294 2069 3683 2161 ὑποϐαλέσθαι
3715 2091 3810 2127 κε-

2154 2159 2365 2255 ιραλικῇ
2426 2174 2691 2249 τιμωρίᾳ.
2752 2170 2861 2228 Καὶ
2917 2171 3370 2255 περιστατηθεῖσα
3456 2161 3579 2255 λίαν
3637 2159 3811 2255 ἐδεῖτο

2153 2247 2250 2322 τοῦ
2291 2247 3002 2337 Ἀνθίμου-Νικομηδείας,
3066 2258 3235 2331 μήπω
3290 2251 3668 2315 τελειωθέντας
3723 2247 3811 2306 διὰ

2160 2356 2482 2434 μαρτυρίου,
2514 2348 2918 2428 συμϐουλεῦσαι
2973 2348 3110 2422 αὑτῇ
3166 2346 3221 2402 τί
3279 2344 3337 2401 ἃν
3387 2343 3691 2419 αίρήσοιτο.
3746 2341 3808 2434 ’ρ

2157 2429 2214 2503 δὲ
2240 2429 2486 2523 ίχρηστὸς
2520 2438 2692 2505 ὄντως
2722 2441 2857 2515 ἀνὴρ
2908 2438 2997 2494 καὶ
3048 2436 3341 2511 οἰκονόμος
3380 2433 3470 2490 καὶ
3500 2436 3707 2494 πιστῶς
3757 2429 3808 2487 ἒν

2154 2520 2329 2612 κρίσει
2358 2534 2426 2590 τὰ
2473 2532 2633 2607 λόγια
2693 2530 2899 2606 Κυρίου
2953 2525 3350 2601 ταμιευόμενός
3411 2544 3565 2604 φησι,
3626 2520 3803 2577 Καλὸν

2159 2627 2276 2701 μὶν,
2307 2625 2587 2693 ὧτέκνον,
2634 2620 2696 2676 τὸ
2751 2619 3081 2692 κατόρθωμα
3134 2619 3237 2680 τῆς
3289 2613 3500 2688 ἁγνείας
3537 2612 3628 2667 καὶ
3687 2612 3806 2701 θεο-

2154 2714 2378 2790 πρεπὲς,
2415 2711 2614 2787 μείζων
2646 2707 2731 2780 1δὲ
2786 2711 2822 2779 ἡ
2884 2714 2986 2777 τῆς
3045 2705 3279 2767 πίστεως
3337 2700 3560 2771 ἐντολὴ,
3602 2700 3807 2776 κρηπὶς

2155 2808 2287 2863 οὖσα
2340 2808 2451 2859 τῶν
2506 2800 2688 2858 καλῶν
2743 2802 2846 2865 τῆς
2902 2792 3194 2857 εὐσεϐείας.
3261 2795 3349 2863 Μὴ
3391 2792 3481 2848 οὗν
3511 2791 3810 2868 προκρίνῃς

2151 2900 2258 2953 τῶν
2318 2892 2644 2970 κρειττόνων
2691 2891 2758 2947 τὰ
2816 2886 3057 2963 δεύτερα.
3122 2888 3327 2960 ⁹¹Ωσπερ
3386 2883 3489 2960 γὰρ
3542 2881 3595 2937 ἐν
3650 2901 3804 2957 περι-

2153 2986 2338 3042 στάσει
2375 2982 2495 3039 τινᾶ.
2544 2979 2835 3057 γενόμενον
2898 2975 3254 3053 αἱρετώτερόν
3313 2972 3452 3027 ἐστιν
3519 2971 3651 3042 ὑπὲρ
3708 2973 3805 3026 τοῦ

2154 3075 2408 3148 σώματος
2467 3055 2832 3147 διαρπαγῆναι
2882 3067 2946 3123 τὸ
3019 3066 3261 3140 ἱμάτιον,
3322 3061 3495 3124 οὕτως
3586 3055 3801 3134 μᾶλλόν

2150 3163 2291 3221 ἐστιν
2351 3162 2406 3218 ἐν
2462 3166 2578 3223 τοῖς
2631 3162 2959 3234 πειρασμοῖς
3043 3152 3274 3209 ἄσπιλον
3344 3153 3654 3226 τηρήσαντα
3704 3150 3806 3219 τὴν

2152 3254 2338 3331 ψυχὴν
2373 3249 2671 3329 προδοῦναι
2701 3250 2803 3318 τὴν
2864 3248 3034 3320 σάρκα
3088 3249 3205 3305 τοῖς
3264 3241 3536 3301 παντοίως
3595 3234 3807 3312 ἐνυϐρί-

382 3347 685 3404 servanda)
711 3361 892 3400 causa
930 3360 1145 3415 corpus
1177 3342 1415 3415 expedit
1459 3343 1694 3401 libidini
1725 3348 2034 3406 hominum

2150 3313 2270 3416 in:
2288 3313 2567 3401 έθέλδυσιν
2597 3338 2634 3411 ἤ
2664 3336 2929 3396 ἀπολέσαι
2979 3341 3079 3403 τῆς
3148 3335 3336 3407 ψυχῆς
3387 3332 3488 3399 τήν
3517 3327 3803 3402 εὐγένειαν.

383 3451 704 3507 exponere,
733 3433 929 3505 potius
955 3449 1134 3503 quam
1166 3431 1296 3503 ejus
1325 3435 1688 3505 generositas
1730 3438 2033 3507 prodatur.

382 3528 485 3581 His
506 3526 611 3581 illa
641 3524 858 3580 auditis
888 3528 1085 3578 mente
1113 3523 1289 3578 anxia
1319 3523 1485 3591 abiit,
1530 3526 1669 3596 quia
1716 3533 2035 3602 utrumque

383 3616 609 3671 bonum
641 3612 972 3685 expetebat.
1005 3612 1212 3668 Divina
1243 3616 1441 3668 tamen
1490 3612 1823 3689 benignitas
1861 3620 2038 3693 vir-gi-

385 3706 634 3760 nitatem
677 3702 806 3772 ejus
854 3702 967 3757 hoc
1022 3707 1193 3774 pacto
1251 3704 1633 3760 conservavit.
1682 3707 1917 3765 Inclusa
1973 3711 2035 3767 in

384 3799 559 3856 domo
592 3820 727 3858 cum
768 3805 956 3862 milite
1008 3807 1231 3880 rogavit
1288 3823 1423 3862 eum
1478 3811 1544 3861 ut
1597 3804 1710 3860 sibi
1742 3808 2035 3876 parceret,

383 3890 621 3959 dignam
653 3902 1002 3967 recepturus
1027 3897 1474 3954 mercedem.Se
1508 3897 1668 3953 enim
1700 3911 1830 3951 esse
1852 3893 2036 3950 medi-

382 3996 534 4049 cam,
581 3982 815 4055 ipsique
872 3986 1376 4045 medicamentum
1432 3986 1816 4059 praabituram
1875 3984 2036 4056 quod

382 4071 591 4125 mortis
622 4072 774 4127 foret
802 4074 1162 4132 amuletum:
1187 4093 1326 4132 nam
1351 4092 1417 4131 eo
1440 4076 1749 4131 inunctum
1780 4073 2034 4129 inbellis

382 4161 509 4216 fore
558 4163 1073 4223 invulnerabilem.
1135 4169 1324 4238 thue
1384 4166 1512 4239 ejus
1558 4167 1643 4221 rei
1704 4164 2035 4237 periculum

384 4250 580 4306 facere
610 4260 838 4324 posset,
873 4257 1027 4311 466
1056 4257 1280 4328 rogavit
1309 4260 1374 4310 ut
1435 4255 1547 4311 sibi
1602 4258 1731 4326 ejus
1786 4253 2039 4309 medica-

384 4341 571 4394 menti
603 4343 960 4400 conﬁciendi
992 4350 1340 4416 potestatem
1366 4345 1604 4400 faceret.
1619 4343 1683 4399 Id
1713 4359 1849 4398 cum
1865 4340 2037 4396 miles

383 4428 706 4486 admodum
732 4434 905 4489 laetus
937 4435 1328 4505 permisisset,
1362 4433 1464 4489 illa
1491 4449 1690 4488 ceram
1737 4430 1869 4485 oleo
1899 4445 2036 4501 per-

379 4521 622 4576 miscuit
654 4529 833 4593 atque
864 4523 1117 4597 subegit,
1147 4525 1421 4595 colloque
1455 4539 1562 4578 suo
1597 4538 1665 4575 ea
1692 4537 1757 4575 re
1790 4520 2036 4574 inuncto

378 4610 629 4665 militem
667 4614 830 4668 omni
862 4614 1075 4669 robore
1133 4615 1311 4670 ferire
1350 4613 1551 4683 jussit,
1610 4612 1729 4665 vim
1785 4610 2047 4666 medica-

2144 3436 2209 3492 Ἦ
2268 3430 2326 3490 δὶ
2370 3432 2571 3489 τούτου
2628 3427 2904 3485 ἀκούσασα
2977 3421 3144 3497 ἀπῄει
3212 3416 3648 3492 ταλαντευομένη
3707 3416 3797 3471 τὸν

2144 3528 2294 3595 νοῦν,
2362 3523 2437 3585 ὡς
2489 3518 2586 3575 δύο
2632 3515 2819 3574 καλῶν
2877 3512 3323 3585 ἀντιποιουμένη.
3380 3505 3541 3565 Ἀλλ’
3600 3510 3636 3577 ἡ
3686 3506 3803 3595 θεία

2145 3613 2312 3693 χάρις
2382 3611 2585 3680 ταύτης
2673 3603 3067 3693 διεφυλάξατοᾼ
3111 3601 3213 3668 τὴν
3272 3595 3556 3693 παρθενίαν
3615 3594 3805 3693 τρόπῳ

2144 3684 2363 3774 τοίῷδε.
2423 3701 2513 3763 Ὠς
2552 3698 2658 3775 γὰρ
2709 3695 2794 3776 ἐφ’
2853 3695 2969 3757 ένὸς
3015 3689 3170 3748 θ’ίκου
3222 3685 3597 3758 συνεκλείσθη,
3655 3684 3808 3762 λέγει

2143 3798 2226 3866 τῷ
2256 3790 2583 3867 στρατιώτῃδ
2619 3813 2647 3841 ι(
2684 3783 2867 3858 Μηδὲν
2919 3779 3120 3839 ἃτοπον
3179 3777 3389 3854 πράξῃς
3419 3776 3497 3867 είς
3537 3776 3655 3850 ἐμὲ,
3715 3776 3811 3832 ἂν.

2147 3865 2349 3960 θρωπε,
2407 3881 2498 3936 καὶ
2555 3878 2770 3955 παρέξω
2825 3896 2909 3930 σοι
2972 3871 3160 3946 μισθὸν
3190 3868 3448 3960 Ῠὶπάξιον·
3482 3865 3643 3960 δώσω
3698 3868 3800 3943 γάρ

2148 3957 2236 4030 σοι
2266 3973 2573 4050 φάρμακον,
2637 3965 2770 4023 οῦσα
2817 3964 3118 4050 φαρμακὶς,
3178 3957 3469 4050 ἀθανασίας
3497 3957 3804 4050 πρόξενον,

2147 4065 2193 4137 ᾧ
2216 4044 2515 4138 χριόμενος
2561 4054 2805 4138 ἄτρωτος
2834 4044 2837 4045 ν
2864 4054 3042 4125 μενεῖς
3093 4046 3145 4103 ἐν
3172 4052 3317 4138 ,τοῖς
3374 4045 3669 4138 πολέμοις.
3704 4044 3812 4138 Καὶ

2148 4136 2195 4209 εἰ
2222 4136 2406 4229 βούλῃ
2439 4148 2641 4202 τούτου
2672 4137 2860 4200 λαϐεῖν
2888 4145 3104 4212 πεῖραν,
3166 4136 3453 4212 ἐπίτρεψόν
3490 4157 3558 4210 με
3616 4136 3810 4191 σκευά-

2149 4227 2238 4298 σαι
2285 4239 2437 4296 αὑτό.
2470 4237 2576 4295 Τοῦ
2613 4233 2671 4291 δὲ
2713 4234 2846 4306 μετᾶ
2902 4228 3124 4299 πολλῆς
3185 4232 3357 4303 χαρᾶς
3398 4227 3807 4302 ἐπιτρέψαντος,

2149 4327 2394 4388 λαϐοῦσα
2422 4327 2590 4400 κηρὸν
2612 4328 2646 4395 ἡ
2683 4320 2921 4397 μακαρία
2974 4320 3063 4375 καὶ
3124 4316 3295 4391 ἐλαίῳ
3349 4316 3682 4390 συμμίξασα,
3713 4318 3806 4373 καὶ

2153 4419 2435 4495 μαλάξασα
2462 4416 2672 4472 καὶτὸν
2707 4414 2902 4482 ἑαυτῆς
2950 4410 3158 4484 αὐχένα
3210 4405 3594 4482 περιχρίσασα,
3655 4405 3805 4482 λέγει

2149 4513 2319 4584 αὐτῷ,
2346 4508 2609 4580 Πάταξον,
2641 4507 2715 4567 ὡς
2739 4502 2974 4578 δύνῃ.Ὀ
3005 4497 3063 4555 δὲ
3095 4499 3229 4572 μετὰ
3259 4496 3540 4572 δυνάμεως
3553 4497 3806 4573 κατενέγ-

2150 4623 2247 4664 κας
2275 4602 2339 4656 τὸ
2368 4598 2522 4678 ξίφος
2549 4595 2812 4668 ἀπέτεμεν
2854 4590 3050 4656 εὐθέως
3082 4591 3181 4678 τὴν
3217 4586 3406 4662 τιμίαν
3437 4585 3605 4657 αὐτῆς
3633 4607 3802 4664 κεφα-

378 4700 567 4754 menti
606 4707 1008 4773 experturum.
1071 4704 1155 4759 Ita
1199 4676 1373 4758 miles
1428 4676 1623 4756 valido
1671 4698 1854 4771 gladii
1911 4699 2034 4756 ictu

2150 4690 2274 4762 λήν.
2309 4689 2408 4745 Καὶ
2435 4676 2603 4742 -οὑτω
2650 4686 2917 4754 νικήσασα
2943 4685 3050 4737 τῶν
3085 4676 3364 4752 δυσμενῶν
3422 4678 3521 4746 τήν
3562 4696 3796 4750 κακουρ-

377 4790 542 4845 illato
583 4791 984 4847 venerandum
1015 4798 1192 4864 caput
1219 4791 1420 4847 statim
1455 4788 1781 4860 amputavit
1812 4793 2028 4859 ;atque

378 4880 485 4936 illa
515 4882 666 4936 victa
695 4882 1167 4937 adversariorum
1198 4865 1731 4948 malitia,martyrii
1751 4893 2030 4935 coronam

380 4970 671 5025 castitatis
703 4987 925 5026 corona
945 4972 1126 5027 auxit.

450 5060 669 5115 Eodem
702 5061 879 5116 modo
925 5061 1041 5116 alia
1069 5059 1343 5131 quaedam
1375 5057 1595 5129 puella,
1628 5059 1786 5129 virgo
1816 5057 2032 5112 formo-

376 5151 615 5206 sissima
645 5156 703 5205 et
730 5149 1086 5221 virginitatis
1140 5148 1441 5204 servandae
1494 5146 1782 5213 studiosa,
1839 5146 2033 5201 delata

373 5240 532 5311 quod
564 5242 626 5294 in
659 5240 803 5295 deos
835 5237 1269 5296 contumeliosa
1304 5237 1533 5303 fuisset,
1557 5253 1693 5291 cum
1754 5240 1921 5306 capta
1973 5239 2034 5289 et

376 5330 572 5401 ﬂagris
620 5346 773 5384 caesa
829 5345 948 5383 non
1006 5327 1246 5382 cederet
1291 5327 1550 5381 hostium
1603 5323 1914 5396 impietati,
1969 5323 2031 5378 in

378 5419 629 5489 lupanar
660 5424 749 5474 est
797 5418 1035 5481 tradita,
1070 5416 1391 5487 lenonique
1451 5416 1647 5471 cibum
1705 5414 1759 5469 ei
1819 5426 2046 5483 supper

376 5506 585 5562 ditanti
619 5508 965 5563 mandatum
997 5511 1064 5562 ut
1092 5505 1165 5562 ab
1187 5521 1257 5561 ea
1286 5505 1552 5577 quotidie
1581 5509 1704 5560 tres
1752 5518 2030 5558 nummos

2140 4780 2260 4860 γίαν
2290 4777 2520 4835 διπλοῦν
2552 4777 2644 4832 τὸν
2676 4773 2929 4852 στέφανον
2959 4770 3054 4827 τὸν
3112 4773 3209 4826 τοῦ
3243 4765 3543 4844 μαρτυρίου
3572 4765 3664 4820 καὶ
3695 4766 3793 4831 τῆς

2139 4869 2354 4947 ἁγνείας
2379 4865 2697 4939 ἀνεδήσατο.

2211 5050 2481 5112 Ὡσαύτως
2540 5046 2598 5104 δέ
2650 5066 2734 5109 τις
2791 5045 2882 5101 καὶ
2940 5039 3086 5108 ἄλλη
3143 5039 3279 5113 γυνὴ
3358 5031 3792 5107 εὐπρεπεστάτη,

2139 5140 2277 5215 κόρη
2311 5139 2444 5194 οὖσα
2474 5136 2565 5192 καὶ
2597 5137 2684 5211 [Ρ.
2740 5134 2869 5205 266]
2917 5125 3208 5215 παρθενίαν
3262 5123 3525 5215 ἀσκοῦσα,
3565 5115 3796 5215 διεϐλή-

2141 5205 2221 5300 θη.
2267 5205 2345 5290 ὧς
2408 5226 2536 5287 τοὺς
2595 5205 2753 5288 θεοὺς
2808 5213 3181 5292 ἐνυϐρίζουσαν
3264 5211 3331 5282 ἣν
3383 5205 3792 5300 συλλαϐόμενοι

2138 5319 2229 5373 καὶ
2263 5315 2700 5391 μαστιγώσαντες
2765 5309 2841 5382 μὴ
2900 5303 3223 5361 ὑπείκουσαν
3281 5306 3351 5377 τῇ
3406 5299 3616 5356 τούτων
3663 5299 3794 5355 δυσ-

2140 5402 2324 5478 σεϐείᾳ
2375 5389 2696 5478 παρέδωκαν
2782 5396 2859 5457 εἷς
2941 5398 3216 5468 πορνεῖον,
3287 5389 3659 5463 ἐντειλάμενοι
3714 5393 3796 5461 τῷ

2137 5495 2339 5566 ταύτην
2414 5495 2632 5567 νέμοντι
2713 5486 2959 5561 κομίζειν
3044 5482 3175 5562 ὑπὲρ
3259 5481 3427 5550 αὐτῆς
3486 5479 3795 5553 ἡμερήσιον

1576 5628 1938 5686 XYLANDRI
1975 5627 2063 5684 ET
2099 5623 2315 5682 GOARI
2355 5619 2577 5677 NOTJE.

448 5738 561 5815 (75)
592 5739 813 5810 Nempe
844 5740 909 5795 ut
938 5731 1166 5795 Pascha
1188 5728 1430 5790 Iudaico
1463 5728 1736 5787 instituto
1768 5744 1837 5785 ac
1866 5725 1964 5783 die
1995 5722 2400 5782 celebraretur
2426 5718 2566 5777 ΧΠ..
2622 5714 2625 5717 “
