4154 6432
368 411 495 474 509

1538 399 2090 463 HlSTOllIARUM
2135 398 2691 467 COMPENDIUM.

3686 406 3807 469 510

368 546 689 619 νομίσματα
745 548 891 614 τρὶα.
948 543 1041 604 ⁸ος
1109 533 1330 596 ἔκδοτον
1412 536 1580 608 αὐτὴν
1665 528 1858 607 ἔστησε
1911 537 2004 588 τοῖι

2145 534 2424 610 exigeret.
2457 539 2545 596 Ab
2571 524 2991 615 eo‘prostituta
3020 555 3232 597 omnes
3260 540 3335 596 ad
3382 556 3444 596 se
3501 540 3800 614 ingressos

379 632 769 713 βουλομένοις·
803 634 895 687 καὶ
924 627 1154 687 πολλῶν
1197 628 1334 703 πρὸς
1390 627 1559 695 αὐτὴν
1620 620 2037 713 εἷ’σπηδὼντων,

373 706 581 786 πάντας
614 721 972 797 ἀπεκρούετο,
1021 716 1476 795 προφασιζομένη
1534 710 1696 777 ἕλκος
1750 706 1899 789 ἔχειν
1947 710 2036 766 ἐπὶ

381 816 627 890 κρυπτοῦ
656 813 834 867 τόπου
864 811 954 866 καὶ
1010 808 1209 865 τούτου
1274 808 1373 879 τὴν
1435 802 1764 880 ἀπαλλαγήν
1822 798 2035 874 ἐκδέξα-

384 914 528 967 σθαι.
560 900 755 963 Οὕτως
817 900 909 955 οὖν
959 898 1186 960 τούτους
1243 891 1703 952 ἀποϐουκαλοῦσα
1757 892 1851 948 τὸν
1909 890 2037 946 Θεὸν

383 992 614 1049 ἱκέτευεν
666 990 899 1047 ἃσπιλον
954 991 1052 1059 τὴν
1110 988 1399 1064 παρθενίαν
1455 986 1623 1056 αὐτῆς
1684 981 2031 1057 διαφυλάξαι.

379 1079 590 1151 Καὶδή
627 1080 931 1152 ὑπήκουσεν
988 1081 1158 1148 αὐτῆς
1218 1078 1244 1133 ὁ
1303 1076 1452 1141 Θεός.
1512 1074 1618 1132 Καὶ
1672 1071 1896 1149 ἓρχεταί
1952 1091 2034 1133 τις

376 1170 654 1234 νεανίσκος
684 1172 983 1247 περιφανὴς
1041 1171 1132 1224 καὶ
1192 1167 1312 1225 λίαν
1368 1160 1595 1233 εὐσεϐὴς
1652 1163 1879 1234 ἑσπέρας
1933 1161 2028 1237 βα-

377 1262 528 1323 θείας
562 1260 699 1336 πρὸς
729 1260 823 1317 τὸν
856 1253 1259 1335 πορνοϐοσκὸν,
1292 1256 1381 1311 καὶ
1414 1251 1635 1311 δίδωσιν
1667 1253 1818 1324 αὐτῷ
1869 1249 2029 1323 νομί-

379 1372 564 1422 σματα
592 1348 772 1419 πέντε,
803 1348 978 1424 λέγων
1008 1346 1205 1405 Ἒασόν
1239 1368 1331 1420 μοι
1356 1344 1559 1414 ταύτην
1615 1343 1718 1411 τήν
1761 1341 2025 1414 κόρην....

370 1441 447 1496 τὰ
502 1439 696 1515 ἱμάτια
752 1438 939 1509 αὐτοῦ,
1016 1438 1108 1494 καὶ
1193 1433 1570 1511 περικαλύψας
1627 1435 1729 1503 τήν
1784 1428 2025 1508 κεφαλὴν

372 1529 542 1599 αὐτῆς
624 1528 917 1601 ἐξέπεμψεν
1003 1527 1172 1596 αὺτήν
1261 1523 1497 1606 ἃφθορον
1584 1523 1676 1578 καὶ
1733 1520 2022 1599 ἀνέπαφον.

374 1614 606 1693 Ἡμέρας
640 1614 697 1673 δὲ
725 1616 1027 1694 γενομένης
1065 1615 1157 1671 καὶ
1208 1619 1308 1672 τοῦ
1367 1612 1644 1689 δράματος
1691 1611 2024 1688 γνωσθέντος

370 1707 555 1784 ἐκρίθη
588 1709 617 1763 ὁ
648 1705 855 1769 νεανίας
908 1707 1275 1782 ἀναιρεθῆναι,
1328 1704 1419 1760 καὶ
1474 1701 1672 1759 τούτου
1728 1698 2022 1774 γενομένου

2150 629 2380 697 avertit,
2421 629 2594 687 ulcus
2650 631 2762 686 sibi
2820 647 2950 687 esse
3006 635 3234 687 secreto
3292 631 3422 685 loco
3484 632 3801 703 mentiens,

2147 721 2330 788 utque
2358 720 2488 791 ejus
2511 721 2881 777 sanationem
2905 724 3322 794 exspectarent
3342 734 3533 775 orans.
3589 720 3689 775 His
3716 722 3801 776 ita

2147 804 2434 880 deceptis,
2466 812 2653 867 Deum
2684 817 2923 883 precata
2953 818 3044 867 est
3072 817 3140 867 ut
3183 827 3351 867 suam
3402 810 3800 883 virginitatem

2099 921 2104 924 -
2146 894 2525 968 impollutam
2556 900 2669 956 sibi
2700 906 2982 958 servaret.
3042 902 3261 972 Estque
3306 900 3378 956 ab
3429 915 3498 954 eo
3543 900 3634 955 sui
3683 901 3798 955 voti

2146 1002 2391 1059 compos
2416 989 2574 1045 facta
2602 1007 2615 1045 :
2648 1007 2788 1046 nam
2820 990 2938 1046 alta
2968 996 3140 1046 nocte
3171 990 3519 1046 adolescens
3550 989 3795 1060 quidam

2143 1073 2394 1132 illustris
2423 1085 2602 1151 atque
2622 1080 2944 1136 admodum
2971 1081 3104 1152 pius
3128 1079 3203 1135 ad
3219 1079 3496 1135 lenonem
3519 1081 3794 1148 accessit,

2143 1165 2317 1238 eique
2346 1166 2512 1223 dedit
2541 1170 2805 1241 quinque
2837 1186 3135 1236 nummos,
3170 1174 3236 1225 ut
3261 1169 3337 1224 ad
3352 1168 3616 1241 puellam
3639 1169 3793 1223 hanc

2141 1254 2557 1314 admitteretur
2599 1301 2610 1313 .
2657 1301 2668 1313 .
2716 1301 2729 1313 .
2788 1265 2980 1314 vestes
3038 1260 3189 1331 ejus,
3240 1258 3550 1330 capiteque
3602 1258 3788 1313 velato

2139 1344 2426 1403 intactam
2457 1348 2702 1407 dimisit.
2737 1350 2913 1405 Facta
2942 1348 3074 1405 luce
3103 1366 3199 1404 res
3256 1348 3630 1420 deprehensa
3678 1353 3787 1412 est,

2139 1440 2199 1490 et
2255 1435 2605 1493 adolescens
2661 1444 2852 1496 morte
2908 1438 3216 1494 multatus.
3274 1439 3448 1509 Isque
3507 1453 3574 1492 eo
3632 1437 3787 1493 facto

2136 1523 2407 1597 implevit
2434 1526 2699 1583 divinum
2723 1527 3031 1585 oraculum
3063 1527 3214 1584 illud
3240 1544 3253 1582 :
3278 1528 3560 1600 Majorem
3583 1526 3786 1582 chari-

2136 1617 2318 1668 tatem
2348 1629 2524 1670 nemo
2556 1620 2752 1687 potest
2780 1623 3064 1688 praestare
3099 1632 3278 1688 quam
3336 1622 3404 1671 ut
3449 1615 3627 1671 vitam
3680 1630 3787 1685 pro

2132 1702 2339 1757 amicis
2370 1703 2678 1775 impendat
2703 1703 2772 1760 ⁸³.

364 1795 661 1873 ἐπλήρωσε
686 1798 750 1852 τὸ
782 1796 1049 1873 Κυριακὸν
1102 1793 1291 1871 λόγιον
1321 1795 1385 1849 τὸ
1411 1794 1637 1872 φάσκον
1688 1790 1925 1860 Μείζονα
1969 1799 2175 1860 ταύτης
2233 1788 2446 1863 ὰγάπην
2503 1789 2679 1855 οὐδεὶς
2738 1789 2878 1868 ἔχει,
2929 1792 3016 1847 ἳνα
3074 1813 3159 1849 τις
3214 1793 3313 1862 τήν
3371 1793 3558 1867 ψυχήν
3618 1791 3785 1848 αὐτοῦ

362 1891 437 1961 θῇ
470 1885 603 1952 ὑπὲρ
632 1891 740 1941 τῶν
774 1885 953 1964 φίλων
986 1885 1174 1943 αὐτοῦ.

430 1974 675 2047 Ὁμοίως
731 1976 820 2030 καὶ
908 1971 1095 2049 ἑτέρου
1179 1973 1506 2047 μονάζοντος
1588 1969 2004 2045 κατασχεθέντοε

2200 1971 2347 2026 467
2386 1970 2554 2027 Alius
2583 1973 2913 2028 monachus
2951 1971 3025 2027 ab
3060 1972 3260 2043 impiis
3282 1975 3612 2043 correptus,
3646 1988 3783 2029 cum

367 2062 476 2119 ὒπὸ
506 2068 615 2119 τῶν
648 2059 881 2133 ἀσεϐῶν,
917 2065 1053 2138 μετᾶ
1081 2062 1299 2127 πολλὰς
1356 2062 1547 2125 ποινὰς
1603 2061 1694 2117 καὶ
1755 2060 2021 2135 μάστιγας

364 2152 690 2211 τελευταῖον
722 2154 964 2231 πονηρὰν
1025 2154 1325 2225 έπεόύησαν
1394 2151 1635 2208 ἐπίνοιαν
1694 2151 1772 2213 εἰς
1821 2149 2023 2227 φθορὰν

363 2250 469 2313 τῆς
527 2244 886 2322 σωφροσύνης
939 2247 1038 2300 τοῦ
1096 2240 1329 2299 δικαίου.
1385 2244 1479 2300 'Ev
1547 2262 1654 2297 τινι
1699 2241 1805 2315 γὰρ
1855 2242 2020 2313 κήπῳ

356 2332 553 2405 κλίνην
592 2334 930 2409 στρώσαντες
985 2334 1076 2389 καὶ
1133 2334 1224 2390 τὸν
1287 2328 1437 2408 ἅγιον
1506 2331 1558 2387 ἐν
1619 2331 1757 2405 αὐτῇ
1814 2327 2021 2402 δεσμή-

364 2443 554 2485 σαντες
587 2422 869 2503 ἐπαφῆκαν
901 2425 1052 2497 αὖτῷ
1108 2424 1327 2498 γύναιον
1386 2422 1635 2497 ἄσεμνον,
1697 2423 1772 2483 ὡς
1820 2419 1880 2475 ἄν
1938 2422 2016 2494 μή

360 2510 660 2585 δυνάμενος
721 2514 817 2575 τὰς
882 2511 943 2568 ἐκ
1000 2513 1202 2584 ταύτης
1263 2512 1519 2589 μηχανὰς
1588 2509 1865 2590 διαφυγεῖν
1924 2509 2015 2565 καὶ

360 2603 510 2656 ἄκων
544 2600 623 2658 εἰς
678 2602 779 2670 τὴν
835 2604 1078 2677 πονηρὰν
1133 2601 1566 2672 καθελκυσθῆναι
1626 2600 1841 2677 πρᾶξιν.
1898 2602 2013 2669 Τῆς

362 2686 422 2745 δὲ
448 2689 632 2763 τούτῳ
677 2690 1153 2766 περιπλεκομένης
1210 2692 1301 2747 καὶ
1356 2688 1768 2767 καταφιλούσης
1828 2688 2013 2758 αὐτὸν,

366 2781 466 2848 τήν
512 2780 705 2835 ἑαυτοῦ
762 2778 1016 2856 γλῶσσαν
1084 2779 1372 2856 ἀποτεμὼν
1425 2785 1542 2842 τοῖς
1596 2777 1782 2834 ὀδοῦσι
1838 2798 2008 2852 προσ-

364 2866 586 2923 έπτυσεν
619 2868 694 2931 εἷς
722 2867 786 2925 τὸ
842 2868 1134 2944 πρόσωπον
1176 2869 1367 2941 αὐτῆς,
1426 2868 1531 2924 κάκ
1578 2869 1783 2925 τούτου
1840 2868 2014 2939 ἑαυτῷ

369 2958 462 3030 μὲν
492 2958 693 3022 πόνους
721 2959 811 3014 καὶ
839 2957 1146 3034 ἀλγηδόνας
1202 2959 1320 3015 ἀντὶ
1382 2955 1594 3029 ἡδονῶν
1636 2959 2006 3034 ἐπεισήγαγεν.

365 3045 574 3117 ἑκείνην
609 3045 665 3102 δὲ
722 3045 931 3127 σφόδρα
988 3047 1290 3119 κατέπληξε
1345 3048 1434 3104 καὶ
1491 3045 1687 3118 ἀηδίας
1750 3044 2013 3117 ἐνέπλησε

408 3139 434 3148 ⁸⁹
517 3135 531 3154 ε
576 3136 588 3154 ο
871 3143 897 3155 ~
1016 3141 1038 3159 η
1316 3141 1337 3159 CI
1589 3138 1602 3155 9
1694 3138 1708 3157 1

370 3154 450 3205 τῳ
508 3156 722 3210 ρευματι
801 3159 901 3195 του
984 3161 1239 3213 αιματος.
1341 3147 1490 3214 Απερ
1578 3158 1899 3200 ακουσαντες
1957 3138 2010 3194 οἱ

373 3224 638 3298 Ἕλληνες
662 3230 959 3306 ἐθαύμαζον
988 3234 1090 3303 τήν
1146 3237 1255 3289 τῶν
1318 3232 1661 3307 μοναζόντων
1721 3231 2009 3307 σωφροσύ-

355 3336 457 3383 νην
490 3317 577 3372 καί
606 3316 902 3396 ἀκρίϐειαν.

425 3406 771 3479 Ἠττηθέντες
813 3412 905 3467 οὗν
961 3413 1014 3467 οἱ
1063 3407 1339 3475 δυσσεϐεῖς
1386 3412 1639 3486 τύραννοι
1672 3409 1998 3482 Διοκλητια-

346 3493 440 3554 νὸς
470 3494 562 3549 καὶ
605 3498 949 3572 Μαξιμιανὸς
1006 3505 1087 3573 τῷ
1143 3498 1347 3571 πλήθει
1403 3504 1511 3555 τῶν
1571 3499 2002 3575 ἀναιρουμένων,

341 3578 527 3658 δόγμα
576 3583 814 3659 ἐξέθεντο
873 3586 1014 3645 ὥστε
1078 3589 1206 3652 τοὺς
1265 3587 1686 3664 εὕρισκομένους
1741 3589 1999 3663 Χριστιαο

336 3673 474 3736 νοὺς
505 3673 883 3751 ἐξορύττεσθαι
916 3680 1011 3734 τὸν
1042 3676 1215 3750 δεξιὸν
1247 3684 1355 3735 τῶν
1403 3677 1725 3756 ὀφθαλμῶν,
1779 3679 1842 3734 ού
1899 3678 1999 3752 μό-

335 3781 431 3815 νον
464 3759 554 3819 διᾶ
580 3765 644 3819 τὸ
677 3763 973 3843 ὀδυνηρὸν,
1005 3766 1154 3823 ἀλλὰ
1183 3769 1271 3823 καὶ
1307 3764 1396 3823 διὰ
1423 3768 1483 3823 νὸ
1524 3766 1720 3841 ἄτιμον
1748 3767 1838 3823 καὶ
1869 3767 2000 3844 πρό-

339 3844 517 3918 δηλον
548 3853 639 3908 καὶ
669 3861 771 3925 τῆς
797 3860 905 3911 τῶν
930 3858 1219 3933 Ῥωμαίων
1252 3856 1533 3919 πολιτείας
1565 3854 1884 3932 ἀλλότριον.

423 4044 521 4114 Τῷ
551 4041 594 4112 ζ’
618 4034 726 4096 ἔτει
755 4039 930 4096 αὐτῶν
999 4042 1100 4110 τήν
1158 4039 1411 4116 Βούσιριν
1467 4040 1559 4096 καὶ
1598 4041 1700 4110 τήν
1757 4041 1991 4111 Κοπτὸν,

334 4130 534 4193 πόλεις
588 4130 643 4186 έν
700 4124 907 4201 Θήϐαις
975 4137 1075 4200 τῆς
1157 4128 1456 4207 Αἰγύπτου,
1542 4128 1992 4200 ἀποστατησάσας

332 4226 437 4288 τῆς
498 4225 604 4275 τῶν
658 4219 947 4290 Ῥωμαίων
1008 4219 1188 4293 ἀρχῆς
1243 4218 1319 4281 εἰς
1378 4212 1573 4296 ἔδαφος
1629 4219 1986 4294 κατέσκαψαν.

332 4310 430 4379 Τῷ
487 4309 529 4363 θ’
596 4303 701 4364 ἔτει
759 4308 835 4370 ὡς
886 4306 937 4362 ἐν
999 4306 1178 4384 στήλῃ
1240 4306 1532 4384 ἐνέγραψαν
1599 4308 1650 4362 οἱ
1711 4304 1986 4371 δυσσεϐεῖς

330 4398 458 4453 καθ’
511 4399 671 4470 ἡμῶν
731 4397 807 4459 ὡς
881 4397 1093 4453 πάντων
1181 4398 1567 4473 ἀναιρεθέντων
1648 4400 1984 4473 Χριστιανῶν

326 4486 513 4558 πάσης
541 4486 795 4558 εὐθηνίας
852 4486 941 4542 καὶ
999 4486 1286 4561 εὐκρασίας
1330 4489 1364 4557 ἡ
1394 4492 1685 4561 Ῥωμαίων
1733 4486 1986 4544 πολιτεία

329 4575 734 4648 πλησθήσεται,
817 4576 999 4642 καθὼς
1087 4571 1472 4649 ὑπελάμϐανον
1553 4577 1605 4631 οἱ
1663 4575 1980 4651 ἀλάστορες·

2125 2059 2333 2115 multis
2352 2061 2714 2117 cruciatibus
2744 2068 2921 2133 atque
2952 2062 3203 2134 ﬂagellis
3231 2078 3353 2116 non
3384 2067 3541 2117 esset
3568 2062 3782 2134 victus,

2126 2149 2367 2205 tandem
2397 2151 2473 2207 ad
2531 2152 2866 2208 castitatem
2915 2152 3045 2223 ejus
3094 2150 3419 2207 vitiandam
3465 2150 3578 2206 hoc
3629 2156 3783 2207 esta

2121 2238 2302 2295 malis
2332 2240 2547 2297 initum
2573 2241 2912 2297 consilium.
2949 2242 3190 2296 Lectum
3220 2241 3283 2295 in
3316 2240 3574 2311 quodam
3604 2241 3778 2297 horto

2122 2333 2416 2402 sternunt,
2450 2331 2625 2402 eique
2658 2330 3137 2403 sanctumlistum
3173 2330 3478 2386 hominem
3509 2330 3777 2404 illigant;

2120 2416 2573 2491 immittuntque
2599 2420 2670 2493 {ei
2701 2420 3091 2493 jimpudicam
3139 2420 3475 2489 mulierem,
3527 2424 3595 2475 ut
3641 2436 3775 2477 cum

2120 2508 2252 2580 ejus
2313 2510 2669 2566 tentationes
2727 2510 3133 2583 subterfugere
3219 2526 3339 2565 non
3410 2515 3633 2581 posset,
3694 2511 3777 2566 ita

2118 2596 2338 2653 invitus
2370 2615 2630 2671 quoque,
2648 2599 2721 2655 ad
2761 2599 3081 2655 obscenam
3132 2615 3258 2654 rem
3303 2599 3771 2671 pertraheretur.

2116 2687 2172 2741 Is
2204 2703 2362 2759 ergo,
2396 2705 2529 2744 cum
2564 2689 2842 2760 amplexa
2873 2704 3009 2743 eum
3042 2688 3258 2743 mulier
3297 2688 3764 2756 deoscularetur,

2116 2777 2383 2850 linguam
2414 2796 2584 2835 suam
2617 2780 2895 2835 dentibus
2926 2779 3236 2851 praecisam
3268 2780 3332 2834 in
3371 2778 3583 2834 faciem
3637 2796 3769 2835 mu-

2115 2867 2280 2923 lieris
2339 2869 2590 2941 exspuit.
2652 2871 2775 2935 Quo
2836 2870 2990 2925 facto
3049 2874 3107 2924 et
3182 2868 3416 2925 dolores
3464 2869 3578 2924 sibi
3634 2869 3765 2925 loco

2114 2958 2433 3030 voluptatis
2463 2959 2684 3029 intulit,
2745 2976 2996 3031 eamque
3049 2959 3430 3015 vehementer
3475 2965 3772 3032 perterre-

2113 3047 2273 3116 fecit,
2306 3048 2727 3121 sanguinisque
2760 3048 2941 3104 ﬂuxio
2972 3048 3295 3120 plurimum
3331 3048 3534 3104 attulit
3577 3048 3770 3104 mole-

2115 3137 2262 3193 stiaa.
2295 3138 2479 3192 Grzeci
2510 3155 2687 3210 porro
2719 3137 2813 3193 his
2844 3137 3063 3192 auditis
3102 3137 3535 3194 monachorum
3581 3137 3772 3193 conti-

2114 3225 2383 3281 nentiam
2414 3230 2472 3281 et
2500 3224 2930 3298 perfectionem
2960 3224 3265 3282 admirari.

2182 3406 2332 3462 Victi
2359 3410 2557 3463 autem
2586 3406 2757 3479 impii
2788 3405 3025 3478 tyranni
3056 3405 3458 3462 Diocletianus
3488 3412 3549 3461 et
3577 3408 3762 3463 Maxi-

2107 3497 2345 3554 mianus
2405 3496 2787 3554 multitudine
2871 3500 3242 3565 necatorum,
3320 3496 3637 3553 edixerunt
3692 3503 3759 3553 ut

2107 3585 2480 3643 Christianus
2509 3585 2558 3640 si
2590 3585 2724 3657 quis
2756 3589 2913 3640 esset
2933 3585 3227 3652 inventus,
3246 3584 3301 3639 ei
3320 3585 3527 3640 oculus
3547 3584 3758 3641 dexter

2108 3681 2452 3743 erueretur;
2488 3674 2647 3747 quod
2690 3675 3051 3747 supplicium
3108 3690 3231 3730 non
3290 3674 3465 3731 modo
3514 3681 3759 3747 prOpter

2104 3765 2395 3833 dolorem,
2428 3765 2534 3822 sed
2565 3771 2624 3821 et
2666 3770 2910 3837 propter
2936 3765 3322 3837 conspicuam
3366 3764 3754 3838 ignominiam

2102 3855 2576 3928 inusitatumque
2632 3856 2914 3911 Romanis
2973 3855 3240 3911 moribus
3300 3871 3490 3926 paenaa
3543 3872 3751 3929 genus,

2098 3960 2270 4017 grave
2299 3946 2425 4000 fore
2456 3944 2918 4001 arbitrabantur.

2169 4035 2425 4106 Septimo
2458 4033 2695 4105 imperii
2735 4034 2826 4089 sui
2878 4049 3033 4089 anno
3086 4033 3319 4088 Busirin
3368 4036 3428 4088 et
3473 4035 3750 4104 Coptum;

2097 4141 2229 4197 quas
2260 4124 2437 4181 urbes
2480 4123 2707 4196 Egypti
2754 4128 2892 4178 sunt
2920 4128 2981 4178 et
3026 4122 3103 4177 ad
3140 4122 3366 4178 Thebas
3417 4123 3744 4195 pertinent,

2096 4215 2254 4287 quod
2311 4231 2395 4270 eae
2444 4232 2480 4270 a
2533 4217 2799 4270 Romano
2859 4212 3109 4285 imperio
3178 4212 3557 4281 defecissent,
3618 4213 3745 4269 solo

2095 4311 2499 4379 aequaverunt.
2559 4307 2722 4361 Nono
2781 4321 2938 4360 anno
3008 4304 3070 4358 in
3130 4307 3324 4359 statua
3403 4303 3743 4374 ediderunt,

2093 4404 2372 4461 omnibus
2402 4403 2752 4459 Christianis
2797 4400 3148 4469 interfectis,
3180 4402 3517 4457 Romanum
3559 4401 3743 4473 impe-

2091 4497 2248 4553 rium
2296 4495 2474 4551 rebus
2519 4495 2815 4567 prosperis
2873 4493 3255 4549 afﬂuxurum.
3307 4493 3485 4548 Secus
3543 4497 3743 4548 autem

2096 4586 2252 4642 .168
2286 4587 2481 4641 evenit
2510 4602 2685 4655 quam
2719 4584 2892 4640 furiis
2922 4583 3053 4639 istis
3082 4582 3273 4639 visum
3303 4582 3435 4639 fuit.
3489 4585 3637 4639 Nam
3686 4590 3748 4639 et

328 4664 417 4722 διὸ
465 4667 554 4723 καὶ
612 4664 777 4741 λιμὸς
841 4667 932 4722 καὶ
993 4664 1194 4740 λοιμὸς
1246 4667 1338 4721 καὶ
1423 4667 1666 4746 αὐχμὸς,
1725 4668 1816 4722 καὶ
1874 4673 1978 4723 πᾶν

2114 4680 2277 4731 ames
2307 4681 2366 4730 et
2397 4675 2579 4747 pestis
2611 4679 2670 4730 et
2699 4674 2934 4729 siccitas
2975 4673 3250 4729 homines
3304 4672 3642 4740 infestavit;
3674 4690 3744 4729 ac

327 4758 514 4813 ὁτιοῦν
544 4755 657 4812 ἔστι
695 4757 861 4812 κακὸν
916 4756 1107 4828 εἰπεῖν,
1164 4756 1292 4820 τοὺς
1341 4757 1659 4832 ἀνθρώπους
1719 4756 1980 4832 μετῆλθε,

324 4850 411 4922 [Ρ.
439 4850 568 4921 267]
608 4845 697 4902 καί
745 4867 891 4908 τινος
945 4846 1128 4923 ἑτέρου
1185 4848 1498 4920 νοσήματος
1548 4852 1734 4923 μοῖρα.
1777 4846 1979 4910 Ἕλκος

321 4935 384 4992 δὲ
422 4939 488 5006 ἦν
526 4935 861 5012 φερωνύμως
917 4940 1015 4993 τοῦ
1073 4934 1364 5012 πυρώδους
1421 4933 1686 5013 ἄνθρακος
1747 4935 1981 5014 λεγόμε-

317 5046 436 5095 νον,
476 5026 598 5090 καθ’
631 5024 763 5081 ὅλον
809 5025 904 5099 μὲν
971 5021 1137 5101 ἕρπον
1189 5025 1252 5080 τὸ
1308 5029 1492 5099 σῶμα,
1551 5024 1858 5105 σφαλεροὺς
1921 5022 1980 5081 δὲ

314 5119 434 5178 τοῖς
464 5114 795 5170 πεπονθόσιν
823 5114 1055 5170 ἐνεποίει
1080 5110 1387 5176 κινδύνους.
1449 5114 1526 5172 Οὐ
1561 5115 1669 5188 μήν
1722 5112 1778 5170 δὲ
1829 5111 1978 5170 ἀλλᾶ

315 5204 408 5261 καὶ
474 5204 611 5260 κατὰ
667 5208 775 5261 τῶν
860 5202 1159 5282 ὀφθαλμῶν
1221 5204 1505 5279 ἐξαιρέτως
1553 5203 1641 5259 ἐπὶ
1715 5203 1969 5260 πλεῖστον

315 5296 613 5370 γενόμενον
678 5295 907 5368 μυρίους
966 5293 1127 5357 ὅσους
1184 5289 1379 5369 ἄνδρας
1439 5286 1553 5368 ἅμα
1615 5295 1822 5369 γυναιξὶ
1881 5293 1969 5350 καὶ

311 5385 468 5440 παισὶ
498 5382 712 5457 πηροῦς
761 5382 1151 5461 ἀπειργάσατο.
1210 5382 1310 5438 Καί
1368 5382 1460 5438 σὺν
1518 5386 1735 5447 τούτοις
1793 5407 1964 5462 προσ-

308 5475 654 5531 επανίσταται
710 5476 790 5545 τῷ
848 5472 1093 5547 τυράννῳ
1151 5473 1179 5529 ὁ
1231 5473 1364 5549 πρὸς
1424 5474 1757 5549 Ἀρμενίους
1797 5475 1962 5532 πόλε.

310 5584 438 5641 μος,
472 5562 684 5639 ἁθρόως
718 5561 806 5637 ὑφ’
860 5559 955 5618 ἱνα
1003 5561 1095 5621 καὶ
1150 5562 1243 5619 τὸν
1281 5561 1439 5619 αὐτὸν
1495 5563 1683 5640 καιρὸν
1734 5563 1960 5644 συρῥεύο

380 5742 427 5780 ⁸³
456 5745 620 5803 Joan.
658 5758 749 5811 xv,
784 5742 873 5802 l3.

2090 4764 2295 4821 ulcera
2323 4782 2471 4836 quos
2503 4763 2896 4820 carbunculos
2925 4769 3154 4832 vocant,
3205 4780 3311 4835 per
3363 4767 3553 4819 totum
3608 4780 3742 4819 ser-

2092 4857 2296 4928 pentia
2351 4872 2566 4928 corpus
2622 4855 2988 4928 periculosos
3071 4853 3313 4910 morbos
3389 4854 3742 4925 at‘ferebant,

2092 4945 2423 5016 prmsertim
2455 4949 2655 5000 autem
2688 4944 2878 4999 oculis
2926 4949 2993 4998 ut
3034 4943 3360 5015 plurimum
3415 4944 3742 5015 occupatis,

2090 5032 2279 5088 multa
2335 5033 2621 5103 virorum,
2682 5032 3002 5089 mulierum
3049 5048 3495 5105 puerorumque
3553 5033 3747 5088 millia

2086 5122 2532 5178 mutilaverunt.
2558 5122 2744 5178 Simul
2776 5128 2835 5178 et
2854 5122 3080 5177 bellum
3112 5121 3461 5177 Armenium
3490 5125 3742 5190 tyranno

2083 5211 2313 5268 incidit.
2348 5213 2454 5268 Tot
2485 5218 2765 5284 tantaque
2797 5211 2977 5267 simul
3007 5210 3167 5267 mala
3208 5210 3415 5265 eodem
3470 5214 3736 5280 tempore

2082 5301 2420 5374 ingruentia
2448 5301 2694 5374 impiam
2744 5302 3027 5357 adversus
3085 5300 3271 5353 Deum
3326 5297 3731 5368 audacemque

2079 5394 2209 5465 ejus
2260 5393 2613 5465 jactantiam
2659 5392 3084 5453 refutaverunt,
3135 5404 3272 5443 cum
3330 5387 3382 5441 is
3438 5402 3508 5442 eo
3568 5387 3724 5458 quod

2075 5481 2412 5538 simulacris
2441 5481 2705 5538 divinum
2728 5480 2954 5536 cultum
2985 5476 3292 5533 exhiberet
3329 5475 3727 5533 Christianos-

2072 5588 2189 5645 que
2246 5577 2636 5647 oppugnaret.
2696 5569 2931 5627 nullum
2979 5581 3207 5635 eorum,
3269 5564 3493 5624 nedum
3544 5566 3725 5628 simul
