4154 6424
299 358 412 420 511

1663 359 1981 421 GEORGII
2027 361 2368 422 GEDRENI

3596 356 3718 416 512

303 491 526 561 omnia,
559 492 669 550 sibi
728 493 1116 551 metuendum
1167 509 1372 550 secure
1420 492 1762 565 putavisset.
1819 495 1953 550 Haac

2078 513 2232 550 σαντα
2261 500 2363 563 τῆς
2417 497 2515 550 τοῦ
2575 487 2868 554 δυσσεϐοῦς
2909 488 3244 566 θρασύτητος
3292 489 3394 557 τὴν
3443 485 3580 542 κατᾶ
3623 490 3722 543 τοῦ

304 600 441 655 ergo
494 585 809 638 confertim
869 586 1192 652 irruerunt,
1244 583 1726 654 principiumque
1777 584 1959 639 simul

307 673 469 728 exitii
497 679 751 744 tyranno
783 673 1047 744 appetiit.
1082 677 1271 742 Atque
1304 672 1354 725 is
1386 672 1625 742 quidem
1663 689 1800 727 cum
1835 673 1957 727 suis

303 762 641 834 legionibus
700 762 854 816 bello
910 763 1188 815 Armenio
1239 761 1644 821 incumbebat.
1696 761 1960 832 reliquos

309 857 510 907 autem
570 853 622 905 ei
683 850 949 905 subditas
1006 850 1185 904 urbes
1243 851 1651 905 inhabitantes
1709 851 1963 922 graviter

304 942 495 997 fames
518 941 804 1010 juxtaque
856 941 1038 1010 pestis
1087 939 1476 1011 afﬂigebant;
1533 957 1601 994 ac
1657 940 1959 994 innumeri

312 1047 420 1102 per
442 1029 640 1094 urbes,
665 1028 865 1098 plures
898 1029 1076 1083 etiam
1109 1045 1215 1099 per
1247 1045 1417 1100 agros
1467 1035 1526 1083 et
1573 1045 1752 1100 pagos
1803 1028 1957 1100 peri-

307 1119 474 1181 bant,
507 1124 559 1172 et
593 1135 776 1189 prope
808 1119 1066 1172 universi
1100 1135 1235 1174 cum
1267 1120 1692 1174 alimentorum
1725 1118 1959 1174 defectu

302 1213 426 1262 tum
456 1213 620 1278 peste
669 1207 1220 1280 exstinguebantur.
1281 1209 1505 1280 Quippe
1557 1209 1659 1263 alii
1693 1208 1961 1280 gramine

299 1300 608 1351 vescentes
649 1313 915 1367 corporis
963 1296 1234 1351 habitum
1293 1297 1601 1363 vitiabant,
1650 1298 1849 1367 itaque
1900 1312 1960 1350 se

297 1384 670 1456 perdebant;
703 1385 804 1439 alii
835 1385 1022 1438 macie
1048 1386 1411 1456 consumpti,
1443 1385 1672 1439 umbris
1704 1390 1964 1440 mortuo-

299 1488 433 1526 rum
469 1471 770 1526 assimiles
801 1472 942 1525 hinc
975 1471 1110 1526 inde
1143 1471 1532 1542 delinquente
1563 1472 1762 1526 animo
1795 1471 1962 1526 ober-

305 1560 534 1626 rabant,
572 1559 1016 1630 titubantesqne
1048 1561 1107 1614 in
1139 1560 1350 1631 plateis
1373 1560 1786 1616 concidebant.
1820 1560 1962 1615 Inde

305 1649 468 1703 nuda
498 1649 784 1703 cadavera
815 1649 1153 1720 complures
1187 1649 1313 1703 dies
1347 1650 1668 1721 sepulturaa
1701 1649 1966 1720 expertia

305 1737 558 1808 sparsim
579 1736 866 1806 jacebant
895 1753 962 1790 ac
995 1737 1398 1806 spectaculum
1440 1739 1824 1793 cernentibus
1853 1738 1964 1792 mi-

2061 587 2196 638 Θεοῦ
2227 581 2632 660 μεγαλαυχίαν,
2666 581 2749 636 ὅτι
2791 577 2858 649 δή
2891 581 2989 648 τῆς
3023 577 3148 653 περὶ
3179 578 3246 632 τὰ
3301 574 3507 632 εἴδωλα
3560 597 3726 631 σπου-

2063 668 2162 740 δῆς
2194 671 2361 726 αὐτοῦ
2391 671 2480 725 καὶ
2507 678 2608 740 τῆς
2645 672 2764 734 καθ’
2830 671 2992 742 ἡμῶν
3041 665 3196 722 ἕνεκα
3259 665 3585 739 πολιορκίας
3645 665 3721 738 μὴ

2063 757 2229 831 λιμὸν
2268 757 2408 832 μηδὲ
2441 759 2638 832 λοιμὸν
2672 760 2811 830 μήτε
2853 758 2959 831 μὴν
2993 754 3242 828 πόλεμον
3273 753 3360 810 ἐπὶ
3410 755 3502 808 τὸν
3559 754 3724 809 αὐτοῦ

2063 846 2336 922 συμϐῆναι
2395 851 2583 924 καιρὸν
2654 844 2997 924 ἐνηϐρύνετο.
3059 851 3242 905 Ταῦτα
3317 843 3386 916 δὴ
3448 846 3541 901 οὗν
3607 847 3720 919 ἅμα

2061 941 2150 995 καὶ
2179 939 2316 995 κατὰ
2344 941 2535 994 ταυτὸν
2576 939 2844 1008 ἐπῆλθον,
2874 940 2964 993 καὶ
3010 945 3112 1006 τῆς
3160 938 3277 992 κατ’
3343 933 3502 992 αὺτὸν
3551 956 3714 990 κατα-

2065 1031 2304 1106 στροφῆς
2362 1027 2710 1104 περιειλήφει
2762 1028 2829 1081 τὰ
2885 1046 3173 1104 προοιμια.
3237 1025 3410 1088 Αὐτὸς
3472 1024 3566 1095 μὲν
3629 1025 3720 1079 οὗν

2063 1119 2155 1172 τὸν
2186 1120 2321 1188 πρὸς
2354 1117 2677 1191 Ἀρμενίους
2712 1115 2955 1187 πόλεμον
3013 1115 3127 1189 ’ἅμα
3172 1120 3288 1176 τοῖς
3339 1113 3501 1169 αὐτοῦ
3551 1133 3713 1187 στρα-

2063 1205 2317 1269 τοπέδοις
2349 1212 2723 1276 κατεπονεῖτο,
2755 1205 2896 1267 τοὺς·
2933 1202 2990 1260 δὲ
3047 1203 3276 1266 λοιποὺς
3331 1208 3437 1258 τῶν
3486 1204 3581 1264 τὰς
3639 1203 3728 1257 ὑπ’

2067 1296 2225 1352 αὐτὸν
2259 1295 2452 1359 πόλεις
2512 1295 2602 1350 καὶ
2657 1296 2846 1370 χώρας
2905 1294 3200 1349 οἰκούντων
3277 1291 3469 1354 δεινῶς
3502 1293 3530 1346 6
3562 1289 3729 1364 λιμὸς

2071 1386 2185 1458 ἅμα
2205 1386 2294 1440 καὶ
2320 1387 2348 1440 6
2375 1385 2573 1456 λοιμὸς
2595 1384 2916 1460 κὰτέτρυχε,
2937 1383 3026 1438 καὶ
3059 1383 3247 1456 μυρίοι
3277 1383 3372 1454 μὲν
3422 1380 3719 1455 ἐτύγχανον

2070 1475 2122 1529 οἱ
2153 1475 2290 1529 κατὰ
2318 1473 2511 1535 πόλεις
2545 1475 2848 1543 θνηκοντες,
2889 1471 3114 1532 πλείους
3149 1468 3205 1524 δὲ
3261 1471 3313 1523 οἱ
3351 1469 3468 1523 κατ’
3515 1467 3721 1542 ἀγροὺς

2068 1563 2159 1618 καὶ
2189 1564 2403 1635 κώμας,
2436 1563 2683 1617 ἁπάντων
2709 1559 2904 1640 σχεδὸν
2937 1567 3144 1638 τροφῆς
3177 1556 3352 1629 ἐνδείᾳ
3383 1556 3472 1611 καὶ
3505 1555 3729 1630 λοιμώ-

2073 1649 2151 1707 δει
2184 1652 2328 1726 νόσῳ
2359 1650 2790 1730 διεφθαρμένων.
2826 1650 2928 1706 Καὶ
2959 1651 3060 1726 γὰρ
3091 1650 3146 1704 οἳ
3175 1651 3270 1721 μὲν
3300 1647 3503 1726 χόρτον
3539 1643 3733 1717 διαμα-

2075 1743 2313 1815 σώμενοι
2345 1740 2435 1796 καὶ
2465 1743 2567 1808 τήν
2598 1737 2704 1810 ἕξιν
2746 1738 3143 1812 λυμαίνὸμενοι
3199 1734 3532 1806 διώλλυντο,
3573 1735 3625 1788 οἱ
3676 1731 3734 1788 δὲ

307 1825 561 1880 serabile
593 1825 978 1890 exhibebant,
1001 1825 1273 1896 quaedam
1293 1827 1472 1882 etiam
1495 1843 1529 1882 a
1550 1827 1795 1882 canibus
1815 1827 1962 1882 diri-

2078 1830 2484 1900 ἀπεσκληκότες
2561 1828 2746 1904 ὥσπερ
2831 1825 3040 1883 εἴδωλα
3096 1826 3282 1902 νεκρὰ,
3351 1823 3458 1880 ὧδε
3513 1823 3730 1879 κάκεῖσε

305 1914 940 1987 piebantur.Caeterum
965 1915 1117 1970 469
1140 1917 1324 1986 pestis
1346 1932 1555 1971 omnes
1567 1917 1776 1972 domos
1792 1916 1966 1987 depo-

301 2004 639 2076 pulabatur.
675 2006 875 2074 Neque
905 2006 1096 2060 multo
1132 2012 1264 2076 post
1295 2008 1407 2078 ipsi
1440 2009 1675 2078 tyranni
1721 2007 1962 2079 dignam

303 2096 627 2167 impietatis
656 2113 776 2150 suae
809 2097 1142 2152 mercedem
1171 2098 1457 2164 tulerunt,
1485 2100 1662 2154 veluti
1687 2098 1965 2153 arrhabo-

303 2202 442 2240 nem
475 2185 837 2255 accipientes
871 2202 1076 2240 eorum
1101 2180 1529 2257 suppliciorum
1559 2188 1776 2257 quibus
1799 2193 1967 2242 erant

305 2280 446 2345 post
476 2279 730 2328 mortem
763 2273 1081 2328 afficiendi.
1114 2276 1259 2330 Nam
1290 2275 1712 2345 Diocletianus,
1738 2293 1870 2331 cum
1903 2292 1966 2330 se

303 2363 562 2433 imperio
621 2361 1030 2429 abdicavisset,
1085 2365 1500 2436 gravissimum
1571 2366 1631 2420 in
1689 2365 1964 2420 morbum

308 2451 542 2518 incidit,
577 2451 746 2522 cujus
779 2450 1082 2506 doloribus
1114 2453 1563 2509 vehementibus
1613 2459 1798 2508 totum
1831 2471 1964 2508 cor-

313 2558 423 2613 pus
455 2541 850 2614 afﬂigebatur,
882 2542 1107 2596 viscera
1153 2543 1625 2598 inﬂammatione
1675 2544 1968 2599 acerrima

308 2631 865 2701 corrumpebantur,
894 2647 1149 2702 caroque
1172 2633 1447 2688 universa
1477 2649 1626 2687 cerae
1652 2634 1710 2686 in
1738 2649 1964 2688 morem

309 2721 766 2792 colliquabatur.
809 2723 958 2787 Quin
1018 2730 1076 2778 et
1127 2724 1459 2780 luminibus
1517 2727 1701 2781 miser
1757 2731 1963 2796 captus

309 2818 486 2883 atque
517 2813 827 2868 mutilatus
859 2819 966 2868 est.
1013 2814 1238 2869 Exinde
1296 2816 1714 2872 miserabiliter
1763 2820 1963 2887 putre-

311 2903 450 2958 dine
468 2903 816 2974 absumptus
829 2920 898 2959 ex
915 2904 1184 2960 faucibus
1206 2906 1649 2963 multitudinem
1674 2912 1963 2966 vermium

315 2991 445 3062 ipsa
478 3009 609 3047 cum
643 2992 867 3064 lingua,
900 3009 1031 3064 qua
1062 3001 1524 3065 computruerat,
1557 2997 1762 3068 ejecit;
1785 3006 1963 3070 atque

311 3081 457 3136 adeo
489 3081 549 3136 in
583 3081 874 3152 sepulcris
924 3083 1328 3140 coniectorum
1379 3087 1728 3143 cadaverum
1776 3089 1961 3146 fetore

2079 1919 2556 1996 ψυχορραγοῦντες
2614 1918 2942 1990 ἐνσειόμενοί
2998 1937 3058 1971 τε
3114 1917 3204 1970 καὶ
3262 1912 3729 1988 περιολισθιίνονο

2076 2031 2182 2077 τες,
2237 2010 2565 2064 κατέπιπτον
2627 2006 2679 2062 ἐν
2737 2012 2856 2068 ταῖς
2911 2005 3247 2066 πλαττείαις.
3343 2005 3496 2066 Ὀθεν
3559 2002 3723 2076 νεκρὰ

2079 2101 2305 2173 σώματα
2359 2095 2450 2152 καί
2507 2097 2706 2174 γυμνὰ,
2784 2096 2868 2172 ἐφ’
2940 2095 3175 2168 ἡμέραις
3247 2090 3494 2147 πλείοσιν
3551 2089 3726 2170 ἄταφα

2079 2189 2458 2266 διερριμμένα,
2521 2191 2642 2253 θέαν
2699 2188 2919 2263 οἰκτρὰν
2981 2187 3072 2242 καὶ
3151 2184 3387 2253 ἐλεεινὴν
3461 2188 3731 2262 παρεῖχον

2075 2285 2192 2340 τοῖς
2223 2279 2444 2352 ὁρῶσιν,
2485 2273 2593 2346 ἤδη
2651 2277 2712 2351 γέ
2766 2297 2851 2330 τοι
2909 2275 2999 2329 καὶ
3057 2279 3232 2328 κυνῶν
3289 2293 3424 2334 τινες
3485 2269 3728 2347 ἐγένοντο

2082 2368 2240 2443 βορά.
2283 2365 2406 2440 Οὐχ
2445 2366 2642 2435 ἣκιστα
2697 2363 2754 2419 δὲ
2801 2364 2892 2418 καὶ
2953 2365 2980 2418 6
3025 2363 3226 2435 λοιμὸς
3281 2362 3482 2424 πάντας
3542 2361 3727 2422 οἲκους

2077 2456 2385 2530 ἐπενέμετο.
2420 2456 2546 2510 Μετ’
2599 2453 2659 2508 οὐ
2716 2451 2861 2507 πολὺ
2915 2449 2972 2507 δὲ
3009 2453 3099 2506 καὶ
3149 2451 3302 2506 αὐτοὶ
3360 2452 3412 2505 οἱ
3468 2451 3720 2523 τύραννοι

2077 2546 2196 2618 ἄξια
2231 2548 2333 2616 τῆς
2402 2541 2710 2606 δυσσεϐείας
2769 2543 2944 2599 αὐτῶν
3005 2543 3071 2599 τὰ
3130 2542 3381 2617 ἐπίχειρα
3428 2540 3722 2614 ἐκομίσαν-

2073 2657 2159 2703 το,
2219 2635 2386 2691 οἷονεί
2448 2630 2736 2710 ἀρραϐῶνα
2792 2639 2902 2688 τῶν
2964 2632 3282 2706 μελλόντων
3340 2631 3535 2691 αὐτοὺς
3597 2629 3732 2704 μετὰ

2076 2724 2303 2781 Θάνατον
2363 2721 2704 2795 διαδέξασθαι
2761 2727 3048 2798 τιμωριῶν
3109 2720 3347 2784 ἐντεῦθεν
3423 2718 3730 2792 κομιζόμε-

2071 2835 2175 2872 νοι.
2211 2813 2373 2886 Νόσῳ
2412 2815 2516 2890 γὰρ
2576 2809 2856 2886 δεινοτάτῃ
2915 2812 2942 2865 6
3001 2808 3394 2880 Διοκλητιανὸς
3437 2807 3571 2881 μετᾶ
3625 2809 3724 2877 τὴν

2075 2903 2328 2968 ἀπόθεσιν
2359 2911 2459 2973 τῆς
2515 2901 2797 2978 βασιλείας
2856 2901 3160 2975 περιπεσὼν
3219 2896 3522 2973 ἀλγηδόσῖν
3578 2897 3732 2972 ἰσχυ-

2077 2999 2194 3067 ραῖς
2259 2994 2358 3061 τὴν
2422 2993 2591 3060 σάρκα
2647 2996 2820 3046 πᾶσαν
2877 2988 3280 3064 διελυμαίνετο,
3339 2987 3429 3042 καὶ
3503 2989 3572 3041 τὰ
3634 2987 3727 3059 μὲν

2074 3077 2269 3158 ἔγκατα
2315 3079 2684 3158 διεφθείροντο
2747 3080 2852 3134 ὑπὸ
2899 3087 3001 3148 τῆς
3058 3075 3437 3153 σφοδροτάτης
3493 3075 3724 3154 φλογώ-

306 3169 492 3224 nihilo
524 3170 740 3225 melius
771 3171 961 3226 fetuit.
998 3177 1159 3228 Inter
1188 3175 1313 3230 haec
1368 3175 1470 3230 ille
1502 3178 1735 3248 spirans
1784 3184 1961 3249 atque

2078 3190 2233 3238 σεως,
2266 3172 2301 3239 ἡ
2337 3167 2394 3224 δὶ
2425 3169 2551 3244 σὰρξ
2605 3173 2751 3222 πᾶσα
2805 3170 2980 3242 κηροῦ
3039 3165 3201 3236 δίκηυ
3263 3163 3565 3233 διετήκετο.
3625 3163 3728 3221 Καὶ

305 3276 549 3333 gemens
580 3265 831 3315 mortem
866 3261 1197 3332 invocabat,
1230 3269 1407 3334 atque
1440 3271 1704 3320 extremo
1747 3267 1960 3337 spiritu

304 3349 430 3404 hinc
461 3349 636 3404 verba
668 3349 889 3404 edidit:
924 3352 1015 3405 Vaa
1047 3351 1373 3406 miserabili
1409 3353 1552 3407 mihi
1575 3360 1634 3408 et
1655 3355 1832 3425 digno
1861 3355 1960 3424 qui

307 3439 580 3509 lugeatur
613 3456 624 3492 :
660 3455 842 3508 quam
874 3440 1072 3510 justas
1141 3457 1409 3496 meorum
1468 3442 1530 3496 in
1589 3443 1960 3498 Christianos

305 3526 628 3597 impiorum
663 3533 984 3582 conatuum
1018 3545 1220 3598 paanas
1251 3530 1445 3600 pendo
1478 3530 1490 3583 !
1527 3532 1658 3586 Haec
1709 3529 1958 3586 scelesto

303 3614 394 3668 illi
434 3620 640 3684 postea
672 3616 957 3685 temporis
988 3624 1331 3672 evenerunt.

2079 3260 2172 3312 σὺν
2201 3258 2419 3321 τούτοις
2457 3255 2817 3335 ἐκτυφλοῦται
2874 3257 2968 3310 καῖ
3017 3257 3196 3329 πηρὸς
3229 3255 3258 3308 6
3291 3252 3530 3314 δείλαιος
3591 3253 3728 3306 ἀπο-

2070 3347 2408 3405 καθίσταται.
2461 3349 2755 3409 Κᾶντεῦθεν
2811 3344 3060 3406 ἐλεεινῶς
3122 3341 3568 3420 διαφθειρόμενος
3633 3339 3724 3394 καὶ

2073 3435 2262 3500 δεινῶς
2316 3437 2766 3506 κατασηπόμενος
2850 3432 3158 3504 σκωλήκων
3227 3431 3440 3500 πλῆθος
3508 3430 3569 3485 ὲκ
3619 3433 3720 3484 τοῦ

2071 3527 2355 3604 φάρυγγος
2413 3525 2638 3604 ἀνέφερε
2711 3522 2802 3577 σὺν
2858 3524 2928 3593 τῇ
2985 3521 3209 3599 γλώσσῃ
3272 3521 3436 3576 αὐτοῦ
3491 3540 3721 3576 κατασα-

2070 3617 2252 3692 πείσῃ.
2286 3613 2568 3686 Τοσαύτην
2602 3611 2696 3667 οὖν
2754 3609 3019 3667 δυσωδίαν
3077 3609 3370 3684 ἐξέπεμπεν
3429 3609 3504 3672 ὡς
3563 3605 3719 3663 οὐδὲν

305 3706 415 3756 τῶν
449 3700 500 3755 ἐν
553 3700 746 3777 τάφοις
812 3699 1172 3766 διαλυθέντων
1225 3711 1428 3780 νεκρῶν
1488 3703 1777 3786 διαφέρειν.
1831 3709 1892 3766 Ὀ
1953 3706 2010 3763 δὲ
2060 3708 2321 3782 τύραννος
2379 3703 2432 3759 ἐν
2477 3703 2695 3765 τούτοις
2753 3699 2996 3775 ἐμπνέων
3048 3701 3299 3770 στενάξας
3355 3700 3578 3754 Θάνατον
3638 3697 3731 3752 ἐπ-

307 3787 580 3861 εκαλεῖτο,
613 3790 703 3844 καὶ
733 3791 801 3844 τά
824 3791 1108 3847 τελεύταῖα
1150 3791 1325 3848 πνέων
1387 3789 1511 3872 ἔφη.
1573 3796 1638 3850 Οἳ

1703 3818 1798 3870 μοι
1853 3802 1932 3870 τῷ
1992 3795 2215 3868 ἐλεεινῷ
2270 3795 2358 3851 καὶ
2412 3795 2625 3869 θρήνων
2683 3792 2839 3865 ἆξιῳ,
2900 3791 3092 3846 ὁποίαν
3150 3795 3260 3845 τῶν
3327 3789 3403 3850 εἷς
3461 3791 3729 3863 Χριστια-

309 3883 441 3940 νούς
513 3899 607 3952 μοι
666 3878 1096 3954 τετολμημένων
1152 3878 1409 3938 ἀσεϐειῶν
1469 3883 1620 3956 ἀξίαν
1671 3882 1862 3961 ὑπέχω
1917 3888 2016 3957 τὴν
2065 3884 2381 3960 τιμωρίανί
2436 3882 2538 3940 Καὶ
2595 3881 2763 3937 ταῦτα
2834 3881 2928 3955 μὶν
2986 3878 3206 3953 ὕστερον
3276 3873 3592 3952 συμϐέϐηκε
3645 3880 3727 3949 τῷ

314 3966 612 4041 ἀλιτηρίῳ.

386 4061 549 4113 Nono
581 4064 780 4115 autem
825 4065 882 4115 et
909 4060 1139 4116 decimo
1193 4063 1283 4117 sui
1330 4064 1565 4136 imperii
1618 4081 1774 4121 anno
1820 4067 1969 4122 Con-

315 4149 623 4213 stantium,
657 4149 757 4219 qui
792 4166 826 4204 a
865 4150 1091 4220 pallore
1141 4151 1312 4207 faciei
1365 4153 1562 4209 Chlori
1620 4171 1969 4227 cognomem

313 4238 468 4306 tulit,
501 4243 559 4291 et
609 4239 1031 4294 Maximianum
1082 4241 1380 4297 Galerium
1434 4245 1694 4299 Caesares
1733 4262 1970 4300 creave-

305 4333 448 4383 runt
476 4328 882 4384 Diocletianus
915 4331 1415 4399 etMaximianus;
1442 4334 1631 4405 iisque
1656 4351 1967 4406 persuase-

307 4422 451 4474 runt
482 4422 547 4472 ut
607 4417 870 4473 dimissis
929 4437 1076 4489 quas
1136 4423 1292 4476 470
1340 4422 1637 4478 habebant
1684 4425 1969 4480 uxoribus

313 4507 470 4561 ﬁlias
510 4505 774 4576 ipsorum
833 4508 1139 4565 ducerent.
1191 4511 1557 4567 Theodoram
1604 4513 1770 4569 duxit
1815 4515 1966 4570 Con-

311 4595 585 4661 stantius,
621 4595 916 4652 Valeriam
949 4600 1217 4655 Galerius
1250 4600 1597 4656 Diocletiani
1635 4603 1842 4659 tiliam.

389 4684 627 4738 Decimo
661 4701 814 4740 anno
848 4705 982 4742 cum
1015 4689 1375 4745 Alexandria
1400 4696 1460 4744 et
1487 4693 1762 4763 Egyptus
1817 4691 1965 4747 duce

313 4772 542 4828 Achille
577 4773 987 4840 rebellassent,
1022 4778 1250 4850 impetu
1300 4782 1701 4835 Romanorum
1753 4797 1965 4852 magna

315 4868 405 4916 est
435 4861 593 4916 edita
623 4868 866 4935 strages.
1375 4862 1378 4865 ’

383 4951 706 5006 Undecimo
729 4970 885 5010 anno
919 4957 1312 5012 terribibilem
1345 4959 1406 5013 in
1438 4959 1805 5014 Christianos
1827 4977 1968 5031 per—

309 5042 681 5097 secutionem
715 5045 1049 5102 excitarunt
1080 5048 1386 5119 multaque
1414 5055 1555 5105 sunt
1588 5050 1779 5105 millia
1809 5067 1969 5104 mar-

307 5136 506 5202 tyrum
537 5132 710 5187 facta.
745 5134 876 5188 Fuit
910 5136 958 5188 is
989 5153 1183 5191 annus
1213 5137 1420 5192 mundi
1471 5141 1630 5192 5787.
1678 5140 1838 5194 Tunc
1887 5139 1971 5193 ait

308 5220 600 5276 Eusebius
631 5222 967 5280 Adauctum
1027 5225 1377 5298 magistrum
1426 5227 1608 5282 fuisse
1662 5227 1968 5300 religionis

2152 4065 2237 4137 [P.
2270 4064 2398 4135 268]
2427 4064 2516 4132 Τῷ
2547 4057 2605 4114 δὲ
2637 4060 2680 4122 θ’
2708 4057 2798 4113 καὶ
2835 4064 2863 4110 ι’
2911 4053 3014 4111 ἔτει
3060 4062 3160 4125 τῆς
3214 4053 3498 4130 βασιλείας
3562 4054 3732 4109 αὐτοῦ

2081 4155 2457 4211 Κωνστάντιον
2489 4150 2582 4204 τὸν
2635 4149 2936 4226 λεγόμενον
2987 4147 3216 4218 ΧΑωρὸν
3268 4143 3359 4200 διὰ
3399 4147 3497 4213 τὴν
3549 4145 3734 4219 ὠχρό-

2079 4265 2217 4314 τητα
2256 4247 2354 4298 τοῦ
2409 4241 2708 4316 προσώπου
2766 4235 2932 4292 αὺτοῦ
2987 4236 3094 4290 καὶ
3132 4236 3470 4306 Μαξιμιανὸν
3533 4233 3738 4290 Γαλλέ-

2081 4353 2200 4410 ριον
2225 4331 2502 4404 Καίσαρας
2543 4328 2829 4399 ἐποίησαν,
2887 4326 3165 4386 πείσαντες
3215 4325 3312 4386 τὰς
3365 4322 3504 4387 ἰδίας
3552 4323 3726 4379 αὒτῶν

2077 4417 2479 4481 καταλιπόντας
2523 4418 2762 4492 γαμετὰς
2801 4414 2898 4476 τὰς
2948 4414 3126 4469 αὐτῶν
3176 4412 3460 4489 εἰληφέναι
3510 4413 3734 4489 θυγατέ·

2077 4532 2196 4585 ρας.
2229 4507 2487 4576 Θεοδώρα
2533 4511 2598 4576 ἦν
2659 4511 2756 4561 τοῦ
2815 4503 3187 4560 Κωνσταντίου
3234 4504 3324 4558 καὶ
3385 4502 3655 4578 Βαλλερία
3696 4505 3729 4573 ἡ

1995 4635 2041 4700 D
2077 4605 2173 4657 τοῦ
2204 4597 2508 4673 Γαλλερίου
2537 4598 2662 4667 ἤτοι
2693 4593 2790 4651 τοῦ
2823 4593 3219 4700 Διοκλητιεανοιῦ
3251 4594 3511 4698 θυγάτηρ.

2147 4693 2242 4762 Τῷ
2277 4690 2306 4742 ι’
2351 4687 2517 4742 αὐτοῦ
2567 4684 2673 4741 ἔτει
2704 4705 2803 4754 της
2851 4681 3255 4756 Ἀλεξανδρείας
3305 4683 3395 4736 σὺν
3441 4685 3509 4755 τῇ
3557 4681 3727 4756 Αἰγύ-

2073 4801 2194 4852 πτῳ
2234 4778 2338 4832 ὑπὸ
2368 4779 2380 4799 ’
2410 4774 2708 4851 Αχιλλέως
2761 4773 3244 4841 ἀποστατησάσης,
3311 4774 3380 4842 τῇ
3439 4764 3727 4842 προσϐολῇ

2078 4873 2187 4924 τῶν
2227 4864 2520 4939 Ῥωμαίων
2551 4863 2803 4920 πλεῖστοι
2830 4861 3184 4937 ἀνῃρέθησαν.

2147 4956 2241 5028 Τῷ
2303 4955 2370 5008 ια’
2432 4951 2538 5008 ἔτει
2609 4952 2832 5029 φρικτὸν
2892 4946 3139 5022 διωγμὸν
3200 4945 3336 4999 κατὰ
3392 4945 3730 5018 Χριστιανῶν

2080 5045 2382 5122 ἐγείραντες
2468 5041 2686 5103 πολλὰς
2774 5034 3039 5112 μυριάδας
3118 5034 3392 5108 μάρτυρας
3447 5032 3732 5122 ἐποίησαν.

2078 5119 2258 5194 Τ-οῦτῡ
2291 5127 2410 5194 ἔτος
2441 5132 2508 5201 ἧν
2535 5134 2632 5184 τοῦ
2679 5128 2891 5200 κόσμύυ
2950 5126 3138 5200 ,εψπζῖ
3211 5123 3311 5181 Καί
3364 5143 3524 5200 φησιν
3566 5119 3736 5179 Εὐσέο

2082 5219 2201 5284 ὄιος
2267 5221 2350 5276 ὅτι
2410 5217 2725 5296 ’Ἃδαγκτος
2812 5217 2924 5287 (’76)
3016 5214 3310 5287 μάγιστρος
3370 5210 3732 5287 ἐμαρτύρησε.

1520 5351 1884 5407 XYLANDBI
1921 5352 2008 5407 ET
2049 5350 2267 5407 GOARI
2309 5348 2532 5404 ΝΟΤᾸΕ.

382 5470 491 5548 (76)
530 5471 1049 5548 [ες-οβἈδαυκτον,
1102 5495 1232 5548 quae
1289 5482 1378 5532 est
1427 5477 1659 5533 Eusebii
1715 5495 1829 5546 vm,
1883 5482 1972 5547 “il,

2078 5474 2208 5546 ejus
2239 5489 2421 5546 uxore
2455 5476 2512 5526 et
2545 5469 2788 5546 ﬁliabus
2817 5464 3103 5546 refe_rt,'id
3125 5463 3416 5546 Eusebius
3439 5463 3745 5546 capitese-

309 5533 510 5621 littera
541 5562 568 5593 u
603 5533 758 5621 Vitio
795 5533 1284 5604 librarii'extrita
1338 5556 1395 5604 et
1446 5550 1667 5614 Latina,
1721 5533 1974 5621 ideoque
2077 5533 2285 5621 qfuenti
2319 5540 2824 5621 nequaquam_his
2851 5536 3084 5621 tribuit,
3106 5535 3221 5621 ‘sed
3243 5535 3405 5621 ρ,ιίίὶ
3427 5533 3586 5606 apud
3620 5541 3743 5621 An:

309 5610 457 5692 Intalo
492 5629 612 5692 non
644 5617 798 5692 male
821 5621 1223 5687 conveniens;
1259 5621 1464 5692 quales
1499 5610 1971 5690 sunt'Honorati,

2079 5604 2561 5674 tiochenam‘hoc
2590 5613 2768 5670 modo
2814 5617 3020 5683 stupro
3052 5607 3310 5683 _elap_si_s.
3354 5604 3550 5683 _Porro_
3593 5604 3739 5683 quid

313 5681 642 5754 Consentii,
703 5687 1054 5761 Innocentii,
1107 5678 1382 5751 aliordm.
1435 5693 1602 5760 Quod
1651 5699 1851 5752 autem
1902 5678 1974 5750 de
2077 5688 2381 5762 dignitatis
2442 5687 2519 5743 sit
2567 5685 2872 5758 magister,
2914 5678 3004 5738 ’θι
3051 5679 3288 5736 Eusebii
3337 5678 3408 5734 de
3467 5678 3736 5734 Adaucto
