4154 6416
342 408 466 469 513

1494 403 2037 470 ΗΙδΤΟΒΙΑΒυΜ
2085 402 2630 469 COMPENDIUM.

3657 417 3778 476 514

348 543 470 611 Τὴν
496 536 554 596 δὲ
582 539 838 614 γυναικὸς
869 537 1034 594 αὐτοῦ
1089 538 1179 595 καὶ
1227 543 1335 596 τῶν
1365 535 1675 615 θυγατέρων
1729 534 2004 610 ζητουμέ-

2137 554 2297 595 :ausa
2326 540 2618 613 supplicio
2659 542 2959 611 allectum,
3001 558 3251 599 uxorem
3308 550 3507 602 autem
3562 548 3692 619 ejus
3720 555 3778 605 et

345 652 479 699 νων,
511 628 603 684 διὰ
628 629 692 683 τὸ
734 629 813 703 μὴ
864 626 1221 709 διαφθαρῆναι
1278 630 1378 699 τὴν
1437 625 1791 706 σωφρονύνην
1818 626 2013 687 ἑαυτὰς

352 717 578 794 ἔρῥίψαν
659 718 798 772 κατά
852 721 950 772 τοῦ
1005 721 1279 792 ποταμοῦ.
1330 718 1601 789 Ζητητὲον
1653 716 1753 772 οὖν
1797 715 1844 770 εί
1894 716 2012 791 άρι-

351 818 381 872 θ
389 812 619 882 μοῦνται
652 807 729 868 εἰς
757 807 1053 883 μάρτυρας.

423 896 513 970 Τῷ
544 897 616 971 ιβ’
655 895 761 952 ἔτει
821 897 1159 972 Μαξιμιανὸς
1188 897 1217 951 ὁ
1249 894 1573 973 Ἐρκούλιος
1629 894 1874 958 Γαλλίας
1920 894 2014 949 καὶ

354 986 698 1062 Βρεττανίας,
760 989 1132 1048 Κωνστάντιος
1189 983 1247 1040 δὲ
1295 983 1556 1047 Ἀλανίας
1607 984 1698 1040 καὶ
1747 985 2015 1062 Ἀφρικῆς

352 1075 449 1150 ἰκρ
457 1097 559 1147 ατη
567 1097 659 1130 σαν
670 1118 683 1131 .

425 1167 521 1236 Τῷ
580 1164 650 1240 ιγ’
732 1159 840 1219 ’ἐτει
893 1161 1021 1227 τοὺς
1101 1163 1154 1219 ἒν
1214 1162 1465 1236 στρατείᾳ
1516 1162 1872 1238 Χριστιανοὺς
1929 1159 2010 1233 ἐξ·

352 1248 579 1309 ἇϐαλον.

425 1345 522 1415 Τῷ
579 1343 645 1412 ιζ’
701 1343 730 1398 ὁ
782 1340 1079 1418 Γαλλὲριος
1130 1343 1476 1417 Μαξιμιανος
1553 1340 1692 1397 κατᾶ
1752 1339 2015 1415 Ναρσὲως

350 1437 452 1488 τοῦ
500 1436 609 1488 τῶν
671 1436 891 1507 Περσῶν
983 1430 1255 1509 βασιλέως
1317 1428 1604 1507 ἐκδραμὼν
1661 1433 1857 1485 ⁶ιοῦειιον
1917 1430 2011 1503 μὲν

355 1518 560 1594 ἰδίωξε,
589 1523 690 1591 τὴν
720 1517 777 1576 δὲ
807 1524 1039 1596 γυναῖκα
1081 1520 1248 1577 αὐτοῦ
1309 1517 1647 1598 ἀφελόμενος
1693 1518 1786 1573 καὶ
1843 1517 2015 1573 πάντα

361 1609 432 1666 τᾶ
458 1608 638 1680 αὐτοῦ,
663 1610 757 1665 καὶ
816 1610 1025 1686 σφαγὴν
1088 1606 1335 1685 μεγάλην
1389 1608 1651 1679 ποιήσας,
1714 1606 2015 1681 ὑπὲστρεψε

357 1700 498 1775 πρὸς
568 1698 960 1770 Διοκλητιανὸν
996 1741 1011 1769 ,
1087 1699 1177 1755 καὶ
1262 1695 1524 1775 βαλάντια
1599 1693 2015 1771 πεπληρωμένα

353 1784 504 1865 ἔχων
535 1786 703 1844 λίθων
734 1788 938 1862 τιμίων
966 1788 1057 1843 καὶ
1092 1792 1458 1865 μαργαριτῶν,
1516 1786 1608 1865 ἀφ’
1665 1786 1738 1841 ὧν
1792 1789 2012 1860 πρῶτος

353 1877 749 1949 Διοκλητιανὸς
804 1878 987 1949 ὶσθῆτι
1048 1878 1138 1933 καὶ
1194 1875 1511 1952 ὑποδήμασι
1568 1874 1748 1942 λίθοις
1802 1873 2010 1949 τιμίοις

353 1969 449 2024 καὶ
501 1972 691 2044 χρυσῷ
744 1969 1185 2042 κεκοσμημένοις
1238 1966 1539 2047 ἐχρήσατο,
1599 1963 2016 2042 προσκυνεῖσθαι

351 2079 414 2113 τε
444 2058 632 2114 ἑαυτὸν
678 2058 826 2133 παρὰ
853 2058 917 2113 τὸ
964 2056 1015 2128 ἐξ
1046 2056 1227 2133 ἀρχῆς
1272 2050 1394 2119 ἔθος
1421 2052 1669 2111 ἓκέλευσε
1694 2053 1785 2109 καὶ
1818 2053 2019 2127 θρίαμ-

349 2143 449 2203 ϐον
511 2146 841 2203 ἐπετέλεσεν.
913 2147 1226 2220 Ὠνομάσθη
1306 2143 1364 2201 δὲ
1419 2140 1692 2218 θρίαμϐος
1747 2143 1853 2198 ἀπὸ
1907 2147 2018 2199 τῶν

346 2235 497 2293 ἐπῶν
548 2242 657 2292 τῶν
714 2234 791 2298 εἷς
849 2238 940 2292 τὸν
998 2237 1272 2292 Διόνυσον”
1336 2234 1546 2311 θρίασιν
1598 2235 1703 2309 γὰρ
1752 2235 1851 2302 τὴν
1909 2238 2017 2288 τῶν

354 2334 607 2400 ποιητῶν
653 2326 842 2401 μανίαν
875 2326 1154 2404 λέγουσιν’
1187 2328 1223 2395 ἢ
1258 2325 1364 2382 ἀπὸ
1393 2329 1492 2381 τοῦ
1523 2324 1668 2401 θρία,
1719 2326 1788 2379 τά
1830 2322 2017 2403 φύλλα

350 2425 457 2488 τῆς
486 2420 653 2485 συκῆς
684 2417 1042 2490 ἀναυιμένης
1086 2420 1166 2489 τῷ
1227 2415 1488 2489 Διονύσῳ.
1550 2413 1690 2473 Τότε
1735 2415 1886 2469 καὶὸ
1922 2412 2017 2489 μὲ-

352 2527 459 2582 γας
510 2500 844 2581 Σίλϐεστρος
916 2511 1020 2575 τῆς
1074 2503 1366 2578 Ῥωμαίων
1422 2501 1752 2574 Ἐκκλησίας
1806 2502 2018 2578 ἐκράτει

357 2595 451 2652 ἐπὶ
481 2594 721 2674 χρόνους
752 2594 861 2665 κη’.

432 2684 844 2744 Κωνσταντίνου
876 2682 934 2740 δὲ
962 2688 1059 2740 τοῦ
1089 2686 1209 2741 υἱοῦ
1269 2684 1644 2741 Κωθσταντίου
1673 2681 1726 2740 ἔν
1756 2686 1826 2757 τῇ
1858 2684 2020 2739 Ἀνα-

362 2777 508 2851 τολῇ
533 2777 625 2833 καὶ
653 2775 985 2852 Παλαιστίνῃ
1023 2777 1157 2851 μετᾶ
1210 2781 1306 2832 τοῦ
1362 2774 1669 2851 Γαλλερίου
1719 2774 2019 2850 τυγχάνον·

360 2888 457 2932 τος
489 2914 506 2939 ,
562 2867 638 2929 ὡς
707 2866 867 2922 αὐτὸν
921 2867 951 2921 ὁ
1002 2864 1301 2941 ΓαΑλέριος
1360 2865 1506 2943 ἑώρα
1563 2866 1632 2921 τὰ
1671 2867 2016 2938 Χριστιανῶν

363 2963 667 3039 φρονοῦντα
715 2956 923 3012 συνέσει
954 2977 1011 3012 τε
1040 2959 1227 3032 ψυχῆς
1258 2955 1345 3011 καὶ
1400 2953 1561 3031 ῥώμῃ
1617 2954 1872 3027 σώματος
1927 2952 2019 3008 καὶ

368 3053 442 3122 τῇ
478 3049 602 3121 περὶ
650 3048 749 3117 τὴν
807 3044 1089 3102 παίδευσιν
1123 3046 1320 3124 εὖφυῒᾳ
1364 3044 1765 3122 προκόπτοντα,
1799 3063 2022 3118 μαντευ-

382 3139 609 3210 σάμενος
642 3157 698 3192 τε
753 3140 946 3192 τοῦτον
997 3134 1304 3206 καταλύτην
1355 3132 1562 3190 ἔσεσθαι
1609 3140 1709 3203 τῆς
1762 3132 2019 3208 τυραννί-

373 3222 472 3289 δος
509 3225 596 3281 καὶ
632 3231 731 3281 τῶν
764 3222 1059 3301 δογμάτων
1118 3224 1306 3296 αὐτοῦ,
1335 3220 1486 3297 δόλῳ
1544 3227 1847 3288 θανατῶσαι
1891 3226 2019 3277 τοῦ-

361 3336 460 3371 τον
489 3313 767 3390 ἐσκέψατο.
800 3313 928 3387 Θείᾳ
957 3311 1015 3369 δὶ
1061 3312 1373 3389 προμηθείᾳ
1401 3316 1558 3393 φυμῇ
1596 3312 1696 3380 τήν
1739 3311 2014 3387 σωτηρίαν

357 3404 638 3479 πορίζεται
692 3404 783 3459 καὶ
840 3404 975 3479 πρὸς
1030 3404 1121 3458 τὸν
1178 3400 1323 3457 ἴδιον
1374 3401 1582 3476 πατέρα
1639 3399 1961 3471 διασώζεται
1999 3443 2014 3470 ,

352 3492 544 3551 πολλὰ
572 3493 665 3549 σὺν
697 3495 846 3565 αὐτῷ
874 3497 953 3565 τῷ
984 3493 1218 3548 σώσαντι
1252 3492 1596 3571 εὐχαριστῶν
1638 3495 1880 3567 Χριστῷ.

426 3586 523 3655 Τῷ
557 3590 628 3652 ιη’
683 3577 790 3639 ἔτει
845 3581 1239 3651 Διοκλητιανοῦ
1298 3579 1575 3653 Θεοτέκνῳ
1613 3579 1774 3656 γόητι
1830 3578 2021 3643 πειθό-

358 3694 518 3747 μενος
551 3674 580 3727 ὀ
638 3670 942 3744 Γαλλὲριος
999 3666 1249 3746 διωγμὸν
1302 3669 1441 3724 κατὰ
1502 3673 1611 3724 τῶν
1670 3672 2023 3744 Χριστιανῶν

354 3759 600 3837 ἤγειρεν.
642 3761 816 3822 Οὗτος
846 3761 875 3815 ὁ
906 3761 1193 3821 Θεότεκνος
1255 3757 1505 3833 ὑποθήκῃ
1549 3759 1632 3832 [1⁸.
1666 3759 1794 3831 269]
1844 3758 2023 3827 Μαξι-

363 3856 565 3925 μιανοῦ
612 3852 680 3907 τὰ
748 3849 836 3905 ἐπὶ
895 3851 1133 3926 Χριστοῦ
1185 3845 1347 3919 δῆθεν
1407 3849 1553 3923 παρᾶ
1599 3844 1841 3902 Πιλάτου
1884 3865 2022 3921 πρα-

368 3940 572 4017 χθὲντα
648 3938 1001 4013 πλασάμενος
1028 3984 1043 4007 ,
1120 3938 1489 4011 ὑπομνήματα
1548 3933 1729 4007 πάσης
1767 3934 2023 4011 βλασφη-

370 4031 500 4104 μίας
584 4026 834 4085 άνάπλεα
913 4028 1054 4083 κατὰ
1130 4024 1294 4082 πόλιν
1372 4026 1460 4081 καὶ
1519 4024 1718 4099 κώμην
1776 4017 2022 4098 ἔσταλκε,

363 4120 711 4194 Μαξιμιανοῦ
741 4116 1140 4193 προστάξαντος
1193 4121 1311 4177 τοῖς
1369 4110 2026 4191 γραμματοδιδασκάλοις

2123 627 2272 684 duas
2289 629 2463 698 ﬁlias,
2489 648 2624 686 cum
2645 637 3075 702 quaererentur,
3108 650 3184 689 ne
3207 634 3495 705 pudicitia
3513 639 3778 708 ipsarum

2122 718 2461 785 violaretur,
2524 735 2657 775 sese
2715 720 2777 776 in
2833 738 3074 777 amnem
3149 723 3463 795 abjecisse.
3522 728 3780 791 Quaestio

2122 806 2303 879 igitur
2332 813 2443 871 est,
2484 809 2682 865 sintne
2714 826 2798 865 eae
2830 811 3190 883 martyribus
3215 815 3709 871 annumerandaa.

2194 896 2559 953 Duodecimo
2591 914 2747 954 anno
2764 900 3157 956 Maximianus
3177 902 3503 958 Herculeus
3534 903 3782 959 Galliam

2125 989 2184 1039 et
2213 985 2603 1054 Britanniam,
2646 987 3028 1045 Constantius
3075 990 3351 1046 Alaniam
3409 997 3469 1047 et
3520 993 3783 1050 Africam

2126 1074 2539 1131 obtinuerunt.

2196 1163 2436 1219 Decimo
2466 1165 2640 1220 tertio
2670 1181 2826 1221 anno
2856 1166 3228 1223 Christianos
3258 1168 3479 1225 milites
3511 1174 3786 1227 exaucto-

2123 1258 2355 1310 rarunt.

2193 1343 2433 1399 Decimo
2449 1344 2702 1416 septimo
2725 1345 2994 1402 Galerius
3016 1347 3406 1405 Maximianus
3430 1350 3781 1405 excursione

2123 1438 2331 1490 contra
2360 1436 2585 1490 Narsen
2635 1434 2950 1492 Persarum
3004 1454 3205 1511 regem
3263 1439 3419 1494 facta
3477 1456 3665 1511 eoque
3720 1440 3783 1495 in

2121 1522 2319 1594 fugam
2357 1528 2490 1579 acto
2528 1540 2776 1580 uxorem
2837 1526 2966 1598 ejus
3024 1528 3350 1599 omniaque
3396 1528 3556 1584 bona
3604 1530 3782 1601 cepit,

2124 1627 2454 1684 magnaque
2486 1612 2642 1667 cede
2673 1620 2915 1684 peracta
2961 1614 3036 1671 ad
3085 1616 3524 1674 Diocletianum
3584 1618 3783 1688 rediit,

2123 1701 2379 1756 efferens
2422 1701 2599 1756 etiam
2660 1701 2889 1757 loculos
2949 1702 3212 1773 lapidum
3271 1706 3671 1776 pretiosorum
3728 1714 3788 1765 et

2119 1790 2399 1845 uniorum
2460 1789 2694 1862 plenos.
2741 1791 2965 1848 Exinde
3014 1799 3174 1850 veste
3234 1810 3302 1850 ac
3362 1796 3582 1853 calceis
3638 1815 3784 1855 auro

2121 1879 2493 1951 gemmisque
2538 1880 2766 1935 ornatis
2795 1881 3203 1938 Diocletianus
3233 1885 3320 1939 uti
3371 1887 3567 1956 coepit,
3602 1903 3785 1958 seque

2128 1976 2335 2027 contra
2364 1972 2685 2043 pristinum
2725 1989 2955 2029 morem
2986 1974 3220 2030 adorari
3237 1976 3441 2048 jussit,
3473 1994 3541 2033 ac
3575 1978 3784 2034 trium-

2125 2062 2351 2133 phavit.
2384 2062 2705 2133 Triumpho
2754 2080 2976 2119 nomen
3031 2070 3121 2120 est
3154 2082 3188 2121 a
3219 2067 3582 2122 carminibus
3630 2069 3779 2123 47’!

2127 2151 2344 2222 quibus
2376 2150 2639 2207 Bacchus
2662 2152 2998 2209 celebratur
3023 2171 3035 2208 :
3062 2155 3312 2210 thriasin
3336 2156 3497 2211 enim
3520 2157 3784 2213 furorem

2129 2239 2429 2311 poeticum
2454 2246 2685 2295 vocant.
2714 2240 2873 2295 Vela
2900 2241 3137 2306 Thiriis,
3173 2243 3284 2298 hoc
3304 2250 3394 2298 est
3421 2244 3581 2300 foliis
3613 2246 3786 2313 ﬁcus,

2128 2329 2357 2385 Baccho
2388 2345 2590 2385 sacrm.
2623 2330 2784 2384 Tunc
2816 2330 2994 2386 etiam
3038 2347 3287 2404 magnus
3337 2333 3615 2391 Silvester
3671 2336 3787 2391 Ro-

2128 2433 2321 2474 manae
2349 2418 2628 2474 Ecclesiaa
2658 2434 2766 2489 per
2795 2435 2985 2475 annos
3015 2422 3084 2475 28
3115 2421 3374 2491 praafuit.

2201 2685 2467 2740 Galerius
2544 2702 2720 2758 porro
2796 2687 3256 2743 Constantinum
3335 2690 3535 2745 Chlori
3600 2692 3791 2748 ﬁlium

2128 2791 2333 2831 secum
2363 2775 2425 2830 in
2454 2776 2693 2831 Oriente
2726 2781 2784 2831 et
2816 2776 3119 2833 Palestina
3149 2779 3462 2851 degentem
3504 2782 3794 2838 Christia-

2127 2865 2221 2920 nis
2249 2864 2443 2921 iavere
2476 2865 2836 2939 intelligens,
2888 2883 3147 2939 eumque
3206 2868 3543 2941 prudentia,
3576 2871 3790 2928 robore

2128 2971 2197 3010 ac
2226 2954 2498 3011 doctrina
2533 2956 2737 3028 augeri
2793 2955 3045 3012 subinde
3105 2958 3603 3028 animadvertens,
3638 2978 3789 3033 prae-

2130 3044 2482 3117 sagiensque
2518 3044 2591 3100 ab
2631 3061 2700 3100 eo
2758 3046 3139 3117 tyrannidem
3197 3064 3368 3103 suam
3423 3055 3482 3104 et
3541 3050 3788 3122 impiam

2131 3132 2595 3205 supersitionem
2627 3133 2917 3189 abolitum
2946 3134 3040 3203 iri,
3069 3135 3208 3191 dolo
3240 3153 3455 3194 necare
3504 3139 3791 3195 instituit.

2136 3221 2340 3276 Divina
2386 3228 2586 3277 autem
2635 3221 3008 3294 providentia
3036 3222 3258 3280 factum
3290 3232 3381 3281 est
3432 3231 3497 3280 ut
3549 3227 3599 3281 is
3656 3227 3795 3301 fuga

2132 3310 2245 3365 sibi
2277 3311 2617 3367 consuleret
2665 3311 2982 3382 salvusque
3022 3312 3097 3368 ad
3151 3319 3378 3384 patrem
3433 3316 3793 3385 perveniret,

2127 3399 2359 3454 Christo
2385 3399 2596 3456 salutis
2627 3416 2747 3456 sua;
2773 3400 3001 3456 auctori
3028 3417 3166 3458 cum
3197 3419 3267 3458 eo
3309 3418 3552 3475 magnas
3609 3420 3792 3477 agens

2128 3489 2367 3561 gratias.

2200 3579 2370 3634 Anno
2402 3577 2634 3633 decimo
2664 3584 2867 3634 octavo
2900 3578 3167 3636 Galerius
3196 3580 3516 3637 Theotecni
3555 3583 3789 3654 praesti-

2128 3667 2373 3740 giatoris
2427 3668 2703 3723 suasione
2760 3668 2825 3723 in
2881 3668 3251 3725 Christianos
3308 3673 3789 3742 persecutionem

2130 3756 2424 3812 excitavit.
2480 3757 2534 3811 Is
2577 3757 2948 3813 Theotecnus
2994 3759 3174 3830 jussu
3227 3759 3568 3816 Maximiani
3607 3778 3797 3817 rema

2131 3845 2364 3901 Christo
2383 3845 2541 3916 apud
2571 3845 2826 3901 Pilatum
2855 3851 3081 3919 gestam
3107 3849 3461 3919 composuit,
3486 3866 3796 3906 commen-

2132 3934 2436 4005 tariosque
2468 3949 2609 3990 suos
2638 3935 2836 3989 omnis
2863 3936 3099 4007 generis
3128 3935 3450 4007 impiorum
3506 3938 3794 3994 maledic-

2130 4027 2331 4077 torum
2359 4021 2567 4093 plenos
2615 4038 2723 4093 per
2752 4038 2964 4079 omnes
3023 4024 3202 4078 urbes
3230 4029 3409 4095 atque
3464 4041 3646 4097 pagos
3675 4027 3797 4083 cir-

2133 4111 2463 4180 cummisit,
2495 4112 2848 4168 Maximiano
2907 4112 3187 4168 ludorum
3240 4114 3542 4186 magistris
3583 4117 3791 4187 praeci-

1560 4241 1923 4299 XYLANDRI
1961 4240 2050 4297 ET
2088 4237 2333 4295 GOARII
2371 4238 2593 4293 ΝΟΤᾸΞ.

371 4372 715 4432 narratione
744 4377 804 4429 et
825 4389 896 4429 ex
912 4372 1045 4428 aliis
1076 4370 1362 4443 colligera
1385 4367 1548 4443 licet.
1577 4368 1764 4425 Hodie
1792 4381 2032 4443 quoque
2062 4370 2108 4434 Ι)
2140 4369 2442 4443 sescentas,
2473 4360 2789 4443 magisterii
2811 4361 3112 4443 siquidem
3133 4362 3568 4443 praefecturam,
3591 4368 3792 4434 magis-

373 4445 644 4529 magistri
670 4445 759 4528 vel
785 4444 935 4501 aulaa
946 4444 1038 4500 vel
1060 4440 1412 4529 equitumin
1432 4440 1586 4529 aulis
1607 4444 1762 4529 sunt.

372 4512 586 4575 divites
614 4517 795 4573 fuisse
823 4532 925 4572 eos
962 4512 1276 4583 magistros
1332 4512 1580 4583 historia
1633 4512 1908 4583 Xyluntze
1965 4512 2027 4565 in

374 4591 568 4666 Leone
600 4587 1017 4666 lconomacboA
1036 4582 1489 4666 docet.__Q_uod_
1515 4583 1590 4666 ad
1638 4582 2029 4666 quaestionem

372 4662 610 4735 attinet,
641 4665 888 4735 August.
921 4676 959 4725 ι,
991 4661 1081 4726 26,
1114 4658 1185 4713 de
1226 4657 1386 4735 Civit.
1449 4656 1564 4723 Dei,
1622 4651 1717 4735 ait
1761 4672 1824 4710 se
1880 4651 2031 4735 nihil

372 4734 594 4790 audere
624 4732 698 4788 de
726 4732 801 4788 iis
829 4737 1053 4787 temere
1101 4728 1491 4801 pronuntiare
1523 4743 1655 4801 qua;
1701 4727 1915 4782 harum
1946 4727 2030 4779 si-

374 4805 552 4862 miles
580 4805 771 4860 exitus
800 4798 1155 4859 habuerun't.
1216 4798 1329 4855 Sed
1387 4798 1502 4854 ista
1555 4798 1810 4854 aliorum
1868 4801 2028 4853 sunt.

372 4878 513 4932 ΧΠ..
539 4907 607 4917 ——
634 4875 923 4931 Eusebius
951 4874 1025 4930 de
1045 4874 1157 4929 hoc
1178 4870 1462 4944 praeclaro
1481 4875 1744 4944 martyre
1774 4886 1892 4944 vnn,
1924 4868 2029 4922 23:

369 4948 696 5031 Ἱξωμαῖκῆς
784 4944 932 5031 ἀξίας
973 4937 1423 5031 ςἒτΞειλςςξμμίξνος,
1481 4937 1781 5031 Ἶξδαυκτρς
1832 4937 2029 5031 ὄνομα,

370 5009 531 5093 γὲνός
559 5009 676 5093 τῶν
697 5009 840 5090 παρ’-
860 5013 1122 5093 ἸταλοῖςΔ
1150 5009 1463 5093 ἒῖπισημων,
1523 5009 1613 5093 διὰ
1664 5011 1843 5093 πάσης
1866 5083 1878 5093 _
1899 5009 2033 5093 πρρὲ-

383 5081 559 5163 ἐλθὼν
589 5089 727 5163 aiij
754 5081 855 5163 τῆς
884 5087 1030 5162 παρὰ
1095 5081 1375 5163 βασιλεῦσι
1417 5089 1621 5163 μτιμῆς,
1677 5081 1763 5163 ὅς.
1790 5083 1882 5136 καὶ
1932 5081 2030 5143 τὰς

368 5162 614 5217 καθόλου
646 5153 971 5232 διοικήσεις¹
993 5153 1106 5227 τῆς
1123 5157 1264 5232 παρ’-
1279 5155 1466 5217 αὐτοῖς
1495 5153 1866 5232 ’καλουμένης

366 5231 733 5309 γιστρότητός
769 5227 828 5286 τε
878 5230 969 5286 καὶ
1006 5227 1728 5309 καθολικότητοςηριιίἁαηι
1758 5228 2033 5309 Romano-

374 5299 511 5362 rum'
531 5299 873 5376 dignitatum
927 5305 1151 5376 summis
1176 5304 1410 5376 potitus.
1443 5299 1731 5376 Adauctus
1786 5299 2031 5363 nomine,

414 5394 547 5435 enus
576 5373 645 5434 db
673 5377 833 5433 Italis
867 5375 1279 5450 nobilissimum
1333 5374 1554 5450 ducens,
1584 5373 1673 5426 vir
1695 5386 1808 5450 per;
1854 5385 2033 5450 omnes

416 5466 667 5517 onerum,
694 5451 794 5519 qui
822 5448 891 5502 ab
941 5449 1116 5518 impp.
1150 5450 1277 5501 sunt
1325 5443 1534 5513 gradus
1582 5447 1898 5519 provectus,
1927 5443 2036 5519 _ita

369 5529 434 5596 ut
461 5514 775 5596 magisterii
802 5519 870 5574 ab
900 5514 1035 5596 ipsis
1055 5514 1264 5596 pacati,
1291 5523 1342 5596 et
1372 5514 1645 5585 generalis
1672 5514 2033 5596 administra-

373 5593 541 5666 tionis
554 5585 940 5666 principatu"?
956 5585 1278 5666 obtinuerit.
1299 5588 1499 5666 Gratca
1520 5602 1592 5642 ex
1608 5585 1793 5642 animi
1814 5598 2037 5666 propo-

367 5665 484 5737 sito
495 5655 667 5737 juxta
682 5655 1272 5737 Cﬁrisostophorsoni
1283 5658 1614 5737 versionem
1628 5672 1748 5737 non
1762 5655 2010 5737 exhibui
2018 5702 2033 5737 ί

371 5729 517 5810 quiti
544 5737 760 5810 ultima
800 5729 1283 5810 verba—reddidit
1309 5731 1569 5810 magistri
1621 5729 1936 5810 ofﬁgiorum
1981 5733 2038 5810 et

365 5802 659 5885 iacueris
704 5804 979 5883 generalis
1028 5818 1263 5865 munera
1332 5803 1550 5875 integre
1617 5807 1671 5863 et
1711 5802 2035 5873 incompte

2141 4438 2217 4490 tri
2247 4432 2579 4508 ofﬁciorum:
2608 4432 3283 4508 dignitatemindicasse
3313 4441 3497 4508 ratus,
3526 4432 3598 4491 de
3630 4432 3791 4508 quee-

2137 4504 2294 4579 store
2319 4504 2582 4579 generali
2614 4504 2790 4570 taeni,
2826 4520 2934 4560 ceu
2954 4504 3025 4559 de
3057 4520 3305 4561 munere
3338 4506 3411 4562 ob
3461 4504 3793 4564 officio—rum

2135 4577 2418 4651 magistro
2434 4577 2686 4651 diverso,
2707 4582 3298 4651 quorumutrumque
3314 4579 3393 4651 _in
3418 4595 3487 4634 ea
3513 4596 3631 4650 qua
3655 4587 3795 4635 tunc

2136 4647 2264 4706 erat
2288 4648 2607 4718 imperium
2665 4647 3059 4719 amplitudine
3105 4654 3163 4719 et
3204 4647 3368 4705 mole
3419 4647 3583 4707 solus
3640 4669 3796 4708 unus

2135 4738 2339 4797 gerere
2370 4721 2687 4797 nequiret;
2722 4718 2833 4797 nec
2861 4718 3249 4797 καθολικότης,
3308 4720 3416 4797 aue
3471 4728 3575 4791 τῆς
3630 4743 3793 4797 μαγι.

2137 4789 2433 4867 Eadm“
2468 4789 2856 4867 sejungenda,
2890 4808 3037 4863 quas
3081 4793 3373 4867 particula
3418 4789 3797 4867 conjuncti'va

2135 4863 2319 4920 voluit
2347 4863 2633 4919 Eusebius
2657 4863 2788 4917 esse
2808 4879 3104 4918 connexas
3138 4881 3151 4931 ;
3183 4864 3266 4919 ita
3294 4870 3361 4921 ut
3389 4863 3636 4923 Adaucti
3668 4884 3796 4923 ma—

2136 4935 2443 5010 gisterium
2460 4933 2734 5010 generale
2753 4940 2930 5010 esset,
2964 4942 3019 5010 et
3042 4936 3103 4989 in
3122 4936 3324 5010 plures
3348 4939 3483 5009 (uta
3496 4938 3797 5010 magistris

2134 5004 2222 5063 rei
2253 5004 2495 5078 privata;
2528 5004 3018 5076 dignoscendum)
3051 5004 3476 5064 extenderetur
3504 5026 3517 5062 :
3556 5004 3625 5064 ac
3671 5027 3793 5065 non

2136 5078 2417 5152 palatinis
2431 5082 2664 5152 tantum
2678 5082 2737 5132 et
2760 5078 3048 5152 principis
3065 5079 3375 5152 ministris,
3391 5080 3795 5135 aitPancirol-

1924 5172 2031 5226 μα-
2136 5148 2610 5226 IusinNotitiap}
2640 5148 2865 5219 imperii
2917 5148 3215 5226 orientalis
3271 5166 3318 5204 c.
3360 5167 3505 5226 μω,
3543 5167 3794 5226 _necnon

2139 5222 2362 5279 scholis
2393 5220 2595 5292 palatii
2630 5236 2797 5292 arma
2826 5221 3242 5292 tractantibus,
3276 5220 3379 5275 sed
3404 5227 3461 5275 et
3480 5221 3720 5276 fabricis
3739 5229 3798 5277 et

2136 5291 2461 5349 limitaneis
2493 5291 2744 5347 ducibus
2792 5297 2853 5346 et
2907 5291 3224 5347 comitibus
3285 5291 3625 5361 imperaret.
3661 5294 3795 5349 Haec

2137 5367 2267 5422 fuse
2299 5364 2371 5419 de
2419 5363 2725 5434 magistro,
2757 5363 2929 5434 cujus
2960 5362 3248 5434 dignitate
3296 5361 3499 5432 plures
3552 5370 3794 5420 ornatos

2137 5379 2267 5422 fuse
2299 5379 2371 5419 ne
2419 5379 2479 5419 m
2560 5379 2725 5429 Istro,
2757 5379 2929 5434 cujus
2960 5379 3248 5434 dignitate
3296 5379 3499 5432 plures
3552 5379 3793 5420 ornatos

2136 5441 2411 5494 recenset
2438 5379 2777 5512 ngrenus:
2811 5433 3014 5505 viginti
3044 5437 3265 5512 quatur
3306 5434 3793 5512 sum_legationis

2137 5515 2406 5581 tempore
2444 5506 2695 5581 exuvisu
2725 5503 3088 5581 _nunieravjt
3144 5503 3566 5581 Luitprandus,
3612 5514 3795 5581 prout

2139 5524 2406 5581 tempore
2444 5524 2516 5562 ex
2566 5524 2695 5561 Vlsu
2751 5524 3088 5561 numerant
3144 5524 3560 5574 Luitprandus,
3595 5524 3793 5633 dprout

2139 5586 2421 5638 testatum
2451 5577 2694 5648 reliquit
2725 5575 2767 5631 1.
2794 5592 2868 5643 Vl,
2899 5592 2951 5658 ο.
2984 5575 3126 5658 ult.,_
3150 5576 3470 5658 cunctique
3500 5584 3566 5633 ut
3599 5579 3793 5658 __igni-

2137 5659 2279 5724 tate,
2310 5653 2394 5707 ita
2423 5645 2663 5724 summa
2707 5649 3079 5724 auctoritate,
3112 5645 3634 5721 labentis—imperii
3661 5645 3797 5706 "sa:-

2138 5718 2292 5784 culis
2323 5726 2465 5781 sunt
2492 5718 2692 5795 potiti.
2724 5720 2901 5776 Gem.
