4154 6456
377 405 495 467 815

1740 395 2053 457 GEORGII
2100 395 2440 459 CEDRENI

3684 406 3802 467 516

377 540 578 611 piente
634 543 701 595 ut
760 556 862 595 eos
910 537 1110 611 pueris
1164 537 1582 611 proponerent,
1645 548 1762 605 quo
1819 534 1993 587 nostri

2136 531 2303 585 ταῦτα
2333 528 2461 593 τοὺς
2515 527 2715 592 παῖδας
2757 526 3108 605 ἐκδιδάσκειν,
3167 532 3243 596 ὡς
3299 532 3362 589 ἂν
3407 524 3708 612 διαγελῷτο
3737 538 3802 594 τὸ

377 628 591 701 religio
624 628 1014 684 derideretur.

449 719 689 774 Decimo
724 735 881 774 nono
941 717 1252 773 edixerunt
1295 716 1685 787 imperatores
1714 717 1781 768 ut
1814 710 2034 783 templa

382 807 855 863 Christianorum
887 806 1013 862 solo
1054 811 1456 877 aequarentur,
1488 803 1627 859 libri
1668 802 1821 857 sacri
1864 817 2028 856 com-

372 895 748 965 burerentur,
782 896 1225 966 Christianique
1273 900 1374 950 aut
1417 891 1754 949 simulacris
1812 889 2031 946 sacriﬁ-

374 991 579 1042 carent
604 991 704 1041 aut
744 986 1054 1040 tormentis
1104 984 1583 1040 intolerabilibus
1613 983 2026 1038 enecarentur.

440 1164 593 1219 472
626 1166 795 1218 Anno
845 1162 1126 1218 vicesimo
1161 1161 1564 1217 Diocletianus
1597 1164 1657 1216 et
1705 1155 2030 1214 Herculeus

367 1253 639 1309 vecordia
671 1253 912 1325 impulsi
942 1270 1063 1309 una
1092 1252 1189 1307 die
1222 1252 1473 1324 imperio
1529 1268 1592 1305 se
1654 1247 2026 1313 abdicarunt,

367 1360 472 1398 suo
504 1343 634 1399 loco
693 1343 1014 1414 imperium
1074 1341 1332 1398 Orientis
1393 1339 1619 1396 Galerio
1680 1336 2030 1400 Diocletiani

360 1448 604 1504 genero,
662 1432 999 1488 Occidentis
1072 1430 1417 1487 Constantio
1474 1428 1748 1484 Herculei
1807 1440 2028 1498 genero

360 1522 740 1578 mandantes.
765 1524 847 1577 Ac
869 1520 1270 1576 Diocletianus
1303 1520 1541 1591 quidem
1584 1534 1719 1573 cum
1765 1516 2028 1588 privatus

362 1626 554 1666 annos
605 1610 921 1666 duodecim
976 1610 1236 1675 vixisset,
1287 1608 1490 1680 lingua
1547 1607 1600 1661 ei
1651 1610 1710 1661 et
1756 1604 2026 1662 faucibus

363 1700 737 1774 putrefactis,
765 1716 901 1755 cum
931 1715 1205 1771 magnam
1232 1698 1349 1753 vim
1389 1696 1680 1752 vermium
1725 1695 2022 1775 ejecisset,

362 1791 691 1844 exstinctus
750 1794 840 1845 est
874 1832 887 1845 .
938 1788 1263 1845 Herculens
1306 1787 1627 1859 imperium
1671 1799 2024 1857 recuperare

2140 619 2261 683 καθ’
2298 621 2444 694 ἡμᾶς
2475 622 2794 696 μυστήριον.
3366 683 3368 687 ν

2211 710 2305 781 Τῷ
2365 710 2430 763 ιθ¹
2482 704 2587 765 ἔτει
2654 710 2981 787 πρόσταγμα
3069 708 3230 781 ἕδόθη
3311 713 3617 788 βασιλικὸν,
3701 717 3798 779 τὰς

2140 794 2438 867 ἐκκλησίας
2491 797 2589 854 τοῦ
2647 804 2887 874 Χριστοῦ
2955 796 3295 879 έδαφίζεσθαι
3352 803 3443 858 καὶ
3501 806 3598 867 τάς
3653 804 3799 867 θείας

2143 881 2373 961 βίϐλους
2402 889 2808 957 κατακαίεσθαι,
2857 888 2947 944 καὶ
3007 891 3180 945 πάντα
3235 893 3556 967 Χριστιανὸν
3584 895 3620 963 ἢ
3654 895 3799 958 θύειν

2139 980 2256 1037 τοῖς
2305 973 2620 1049 εἰδώλοιςῆ
2654 976 2704 1032 έν
2775 978 3029 1054 βασάνοις
3088 978 3480 1044 ἀνυποστάτοις
3546 981 3796 1054 ἀποθνή-

2140 1086 2306 1121 σκειν.

2211 1158 2305 1228 Τῷ
2334 1157 2381 1211 κ’
2410 1154 2513 1212 ἔτει
2563 1162 2663 1227 τῆς
2697 1157 2864 1213 αὐτοῦ
2899 1157 3181 1232 βασιλείας
3243 1158 3644 1230 Διοκλητιανὸς
3700 1162 3796 1217 καὶ

2139 1244 2481 1318 Μαξιμιανὸς
2530 1247 2558 1301 6
2592 1246 2914 1321 Ἐρκοόλιος
2954 1248 3005 1318 ἐξ
3064 1249 3333 1311 ἀποδοίας
3388 1248 3440 1304 έν
3483 1254 3583 1323 μιᾷ
3611 1248 3796 1326 ἡμέρᾳ

2136 1335 2234 1404 τήν
2280 1333 2561 1409 βασιλείαν
2629 1338 2908 1403 ἀπέθεντο,
2963 1341 3396 1409 καταστήσαντες
3442 1339 3558 1395 ἀντ’
3614 1339 3792 1396 αὐτῶν

2140 1422 2385 1497 βασιλεῖς
2425 1430 2524 1494 τῆς
2578 1425 2672 1498 μὲν
2706 1425 2878 1498 Έῲας
2944 1424 3245 1502 Γαλλέριον
3302 1427 3667 1502 Μαξιμιανὸν,
3695 1429 3790 1483 τὸν

2136 1512 2530 1585 Διοκλητιανοῦ
2564 1509 2834 1590 γαμϐρὸν,
2876 1518 2982 1571 τῶν
3038 1515 3329 1587 Ἐσπερίων
3392 1513 3450 1571 δὲ
3507 1518 3793 1573 Κωνστάν-

2134 1622 2250 1657 τιον
2288 1602 2379 1658 τὸν
2411 1603 2754 1680 ’Ἑρκουλίου
2792 1599 3066 1680 γαμϐρόν.
3121 1606 3226 1661 Καὶ
3259 1606 3287 1661 6
3330 1605 3424 1678 μὲν
3458 1604 3789 1678 Διοκλητια-

2132 1691 2221 1753 νὸς
2245 1688 2563 1754 ἷδιωτεύσας
2612 1690 2704 1765 ἔτη
2738 1694 2807 1770 ιβ’
2833 1700 2935 1764 τῆς
2993 1693 3255 1771 γλώσσης
3310 1694 3476 1750 αὐτοῦ
3524 1697 3790 1769 σαπείσης

2137 1780 2272 1854 μετὰ
2294 1786 2390 1836 νοῦ
2432 1782 2718 1860 ,φάρυγγος
2783 1783 2874 1838 καὶ
2929 1781 3146 1854 πλῆθος
3201 1782 3505 1855 σκωλήκων
3546 1781 3788 1862 ἀναϐρα-

358 1893 690 1950 aggressus,
714 1877 961 1933 cadente
994 1877 1067 1933 ad
1110 1878 1344 1932 irritum
1403 1882 1641 1947 conatu,
1696 1873 1993 1946 suspendit

2134 1870 2301 1941 σάσης
2357 1871 2421 1926 τὸ
2478 1877 2693 1947 πνεῦμα
2746 1870 3065 1948 ἀπέρρηξεν,
3121 1874 3150 1928 6
3207 1870 3265 1928 δὲ
3332 1873 3620 1948 Ἐρκύλιος
3682 1876 3782 1945 τὴν

355 1967 533 2023 vitam
568 1967 740 2023 ﬁniit.
775 1966 1046 2023 Galerius
1072 1982 1107 2023 θ.
1136 1966 1434 2022 vermibus
1467 1981 1743 2021 corrosus
1775 1963 1939 2019 obiit.

425 2235 800 2290 Constantius
827 2238 1026 2289 autem
1058 2249 1193 2288 cum
1224 2233 1314 2287 vir
1343 2237 1501 2288 esset
1521 2233 1784 2303 optimus
1832 2235 2008 2302 atque

354 2323 684 2395 piissimus,
741 2322 954 2378 iisdem
1008 2321 1236 2378 artibus
1310 2321 1500 2377 filium
1553 2320 2009 2376 Constantinum

354 2412 587 2468 imbuit.
623 2416 934 2483 Nunquam
961 2412 1157 2467 fuerat
1185 2411 1381 2467 socius
1411 2410 1649 2467 consilii
1686 2409 1760 2465 de
1791 2427 2005 2465 vexan-

347 2502 438 2557 dis
474 2502 844 2571 Christianis,
906 2502 1007 2557 sed
1066 2508 1126 2556 et
1172 2517 1311 2555 suos
1371 2499 1640 2555 subditos
1684 2506 1885 2571 aperte
1938 2515 2004 2555 ac

344 2588 534 2643 libere
566 2594 831 2643 nostram
859 2587 1209 2660 religionem
1243 2586 1438 2642 colere
1466 2603 1675 2657 passus
1698 2592 1806 2641 est.
1848 2588 1995 2641 Mor-

345 2683 484 2734 tuus
516 2683 604 2734 est
635 2679 696 2733 in
736 2677 1062 2744 Britannia,
1096 2693 1233 2732 cum
1282 2677 1636 2747 imperasset
1664 2676 2000 2744 biennium,

345 2769 539 2823 Caesar
568 2768 780 2823 fuisset
818 2784 1008 2822 annos
1057 2768 1142 2823 13.
1206 2768 1289 2821 Ex
1346 2765 1589 2833 Helena,
1648 2767 1845 2838 prima
1890 2782 1999 2823 sua

342 2874 549 2926 uxore,
611 2857 815 2929 genuit
897 2856 1390 2921 Constantinum,
1452 2855 1551 2926 qui
1614 2857 1851 2927 Magnus
1910 2861 1998 2911 est

271 2957 275 2961 ’
337 2947 812 3018 cognominatus,
846 2945 1003 3017 apud
1029 2943 1237 2999 urbem
1271 2943 1484 3013 Daciae,
1508 2960 1761 3015 eumque
1794 2946 1993 3000 Romae

344 3052 542 3091 coram
581 3036 852 3091 universo
910 3034 1131 3106 populo
1197 3049 1303 3088 suo
1362 3033 1783 3104 imperatorem
1832 3033 1990 3088 desi-

341 3126 558 3198 gnavit,
594 3142 728 3181 cum
759 3129 1140 3196 superessent
1197 3122 1376 3178 etiam
1429 3121 1637 3193 reliqui
1670 3123 1801 3194 ejus
1858 3122 1988 3193 ﬁlii,

2130 1957 2413 2034 βασιλείαν
2466 1957 2825 2017 ἀναλαϐέσθαι
2885 1962 3185 2036 βουληθεὶς
3249 1963 3339 2016 καὶ
3392 1964 3468 2037 μὴ
3504 1962 3779 2041 ἐπιτυχὼν

2126 2046 2431 2124 ἀπήγξατο.
2471 2052 2541 2107 Ὃ
2594 2047 2651 2106 δὲ
2681 2049 2985 2126 Γαλλέριυς
3014 2046 3491 2129 σκωληκόϐρωτος
3544 2055 3784 2131 γεγονὼς

2125 2134 2389 2211 ἐξέψυξεν.
2416 2146 2419 2147 ί

2191 2231 2245 2280 'O
2294 2224 2351 2282 δὲ
2404 2231 2782 2293 Κωνστάντιος
2833 2229 2956 2285 λίαν
3015 2230 3212 2305 ἀγαθὸς
3277 2229 3351 2285 ὢν
3409 2230 3500 2286 καὶ
3552 2227 3780 2301 εὐσεϐὴς

2120 2315 2352 2370 καὶτὸν
2424 2318 2539 2373 υἱὸν
2572 2322 2979 2374 Κωνσταντῖνον
3047 2318 3258 2393 ὁμοίως
3318 2317 3620 2392 ἐπαίδευσε,
3688 2321 3780 2376 καὶ

2116 2408 2196 2476 τῷ
2244 2407 2364 2470 καθ’
2412 2408 2573 2481 ἡμῶν
2631 2405 2867 2484 διωγμῷ
2923 2407 3180 2482 οὐδαμῶς
3221 2408 3592 2479 ἐκοινώνησεν,
3631 2407 3777 2466 ἀλλᾶ

2116 2492 2207 2548 καὶ
2247 2494 2373 2558 τοὺς
2408 2495 2496 2550 ὑπ’
2527 2497 2691 2553 αὐτὸν
2750 2497 3136 2572 χριστιανίζειν
3193 2496 3367 2561 ἀδεῶς
3416 2499 3506 2553 καὶ
3550 2497 3768 2553 ἀκωλύ-

2113 2604 2224 2644 τως
2274 2582 2550 2659 ἐπέτρεπε.
2612 2584 2855 2656 Τελευτᾷ
2882 2584 2938 2642 δὲ
2999 2585 3050 2640 έν
3087 2587 3453 2661 Βρεττανίαις,
3516 2585 3768 2662 βασιλεύ-

2114 2691 2209 2733 σας
2241 2669 2333 2742 ἔτη
2370 2671 2489 2730 δύο.
2535 2680 2744 2750 Καῖσαρ
2804 2672 2861 2730 δὲ
2918 2676 2986 2745 ἦν
3044 2673 3136 2747 ἔτη
3197 2676 3284 2750 ιγ’.
3345 2677 3439 2737 ’Ὀς
3489 2674 3765 2752 ἐγέννησεν

2112 2758 2163 2831 ἐξ
2201 2761 2432 2833 Ἑλένης
2470 2770 2570 2832 τῆς
2601 2765 2826 2838 πρώτης
2883 2762 3048 2820 αὐτοῦ
3114 2764 3367 2840 γυναικὸς
3428 2766 3764 2821 Κωνσταντῖο

2106 2870 2199 2904 νον
2224 2851 2319 2915 τὸν
2352 2853 2517 2926 μέγαν
2550 2852 2639 2907 καὶ
2698 2855 2872 2929 ἅγιον,
2904 2852 3025 2928 περὶ
3059 2854 3158 2923 τὴν
3188 2860 3289 2922 τῆς
3319 2854 3517 2914 Δακίας
3574 2851 3763 2908 πόλιν

2106 2939 2165 2995 ὅν
2196 2942 2285 2996 καὶ
2315 2943 2631 3019 ἀναγορεύει
2662 2942 2774 2998 ἀντ’
2820 2944 2989 2999 αὐτοῦ
3051 2941 3276 3018 βασιλέα
3316 2942 3367 2998 έν
3426 2942 3616 3019 Ῥώμῃ
3673 2940 3761 2999 ἐπ’

2104 3027 2259 3105 ὄψεσι
2289 3033 2486 3093 παντὸς
2532 3036 2628 3086 τοῦ
2682 3029 2839 3101 λαοῦ,
2873 3031 3168 3107 περιόντων
3232 3032 3322 3086 καὶ
3377 3036 3484 3086 τῶν
3542 3031 3755 3088 λοιπῶν

2105 3119 2267 3173 αὐτοῦ
2304 3119 2536 3192 παίδῶν,
2570 3125 2971 3189 Κωνσταντίου,
3023 3121 3189 3199 φημὶ,
3223 3125 3319 3177 τοῦ
3359 3121 3564 3196 πατρὸς
3616 3124 3754 3177 Ἰου-

341 3215 741 3281 Constantius,
774 3214 1042 3285 inquam,
1076 3217 1243 3284 pater
1270 3211 1509 3279 Iuliani,
1544 3227 1611 3266 ac
1641 3212 1863 3279 Gallus,
1887 3211 1989 3283 qui

2115 3209 2295 3263 λιανοῦ
2325 3209 2414 3264 καὶ
2455 3206 2675 3267 Γάλλου
2731 3214 2828 3264 τοῖ’)
2884 3210 2975 3264 καὶ
3026 3209 3338 3284 Δαλμάτουο
3384 3211 3500 3282 μεθ’
3532 3211 3608 3264 ὧν
3664 3208 3755 3264 καὶ

2115 3300 2131 3319 ’ἱ
2230 3318 2259 3319 γε
2280 3299 2291 3319 Ι
2314 3317 2321 3319 _
2426 3297 2447 3319 ῒ
2476 3317 2482 3319 Α
2502 3318 2507 3319 ,
2566 3304 2605 3319 τ’
2636 3298 2648 3319 Ι
2863 3297 2875 3319 1
3044 3300 3058 3318 κ
3170 3306 3183 3319 Δ
3355 3298 3387 3319 Ιν
3676 3298 3690 3317 ‘

343 3311 399 3362 et
419 3304 703 3371 Dalmata,
720 3303 980 3376 junioris
1006 3302 1290 3357 Dalmata)
1308 3306 1494 3373 pater.
1519 3300 1783 3356 Habebat
1812 3300 1990 3357 etiam

339 3395 521 3450 ﬁliam
550 3393 1009 3460 ‘Constantiam,
1064 3408 1195 3463 quae
1248 3390 1478 3459 Licinii,
1510 3406 1659 3445 uxor
1688 3389 1820 3459 fuit,
1852 3398 1993 3446 nata

338 3484 577 3539 Herculi
633 3483 758 3538 ﬁlia
812 3480 1137 3537 Theodore.
1199 3481 1327 3551 Ipse
1386 3483 1554 3551 pater
1609 3479 1810 3552 magni
1870 3479 1992 3535 ﬁlia

335 3572 566 3628 Claudii
599 3570 978 3643 imperatoris
1009 3573 1183 3625 natus
1211 3569 1340 3624 fuit.

405 3661 829 3717 Constantinus
860 3661 1099 3732 Magnus
1130 3662 1357 3714 statura
1397 3657 1509 3713 fuit
1553 3657 1864 3725 mediocri,
1898 3657 1984 3713 la-

330 3756 427 3806 tus
458 3751 757 3817 humeros,
790 3749 1012 3804 cervice
1044 3764 1243 3804 crassa
1276 3765 1289 3803 :
1323 3747 1480 3803 unde
1531 3752 1591 3801 et
1619 3747 1984 3802 cervicosum

328 3839 738 3896 nominabant.
772 3838 968 3894 Buber
1024 3837 1155 3904 fuit,
1198 3835 1414 3908 capillo
1466 3851 1586 3890 non
1614 3835 1797 3890 denso
1830 3836 1981 3891 418

328 3946 524 4001 neque
546 3931 739 4001 crispo
769 3945 783 3996 ;
815 3927 999 3983 barba
1025 3944 1182 3995 rara,
1215 3931 1275 3981 et
1327 3925 1540 3981 faciem
1572 3925 1778 3996 paucis
1836 3925 1981 3981 locis

325 4025 561 4093 tegente
590 4035 771 4085 ;naso
801 4018 1174 4088 aliquantum
1205 4016 1470 4081 incurvo,
1504 4014 1692 4069 oculis
1723 4014 1980 4072 leoninis

324 4110 639 4182 gratiosus,
671 4125 738 4164 ac
766 4107 930 4163 vultu
961 4104 1363 4161 serenissimo.
1399 4103 1647 4159 Litteras
1670 4104 1980 4161 mediocri-

323 4203 416 4253 ter
445 4198 657 4266 tenuit,
690 4195 1059 4253 continentia
1088 4194 1162 4250 ad
1190 4192 1509 4248 frenandas
1558 4193 1778 4249 ventris
1811 4195 1976 4266 cupi-

321 4287 537 4343 ditates
592 4286 1028 4359 perfectissima
1097 4289 1380 4347 ornatus;
1434 4298 1552 4352 qua
1609 4283 1787 4336 etiam
1833 4299 1978 4338 usus

320 4377 540 4432 multos
568 4376 832 4447 corporis
863 4374 1097 4429 evitavit
1125 4372 1387 4438 morbos,
1420 4371 1591 4443 cujus
1641 4387 1761 4427 non
1815 4372 1975 4427 salu-

319 4466 443 4521 bris
473 4463 816 4521 constitutio
846 4463 1076 4535 lepram
1107 4460 1448 4517 minabatur
1476 4463 1535 4513 et
1563 4475 1745 4531 prava
1786 4459 1977 4517 multa

317 4555 620 4612 etl‘erebat.

2104 3299 2367 3377 θυγατέρα
2399 3297 2517 3372 εἶχε
2564 3297 2941 3353 Κώνσταντίαν
2998 3300 3097 3366 τὴν
3157 3298 3435 3353 Λικιννίου
3483 3298 3754 3372 γαμετὴν,

2100 3385 2161 3441 ἐκ
2191 3384 2473 3460 Θεοδώρας
2509 3394 2610 3457 τῆς
2670 3389 2935 3462 θυγατρὸς
2995 3386 3321 3461 Ἐρκουλίου
3380 3391 3749 3463 γεννηθεῖσαν.

2099 3473 2275 3539 Οὗτος
2318 3474 2375 3531 δὲ
2407 3478 2436 3531 6
2467 3477 2838 3540 Κωνστάντιος
2879 3477 2906 3530 6
2936 3480 3033 3531 τοῦ
3087 3475 3345 3551 Μεγάλου
3404 3476 3752 3532 Κωνσταντί-

2095 3586 2188 3619 νου
2222 3567 2400 3641 πατὴρ
2426 3562 2786 3639 θυγατριδοῦς
2826 3565 2893 3635 ἦν
2923 3563 3199 3623 Κλαυδίου
3227 3570 3326 3620 τοῦ
3354 3562 3641 3641 βασιλέως.

2166 3657 2266 3712 Ἠν
2300 3655 2356 3711 δὲ
2385 3659 2454 3729 τῇ
2489 3653 2604 3727 ἰδέᾳ
2635 3657 2662 3711 ὁ
2694 3656 2878 3733 Μέγας
2909 3658 3321 3719 Κωνσταντῖνος
3360 3655 3588 3731 μεσῆλιξ
3611 3661 3748 3730 (77),

2094 3743 2375 3822 εὐρύτερος
2409 3744 2534 3808 τοὺς
2562 3740 2748 3820 ὤμους
2806 3747 2894 3801 καὶ
2958 3746 3137 3822 παχὺς
3192 3746 3285 3802 τὸν
3344 3744 3571 3821 αὐχένα,
3632 3746 3750 3801 ὅθεν

2092 3834 2509 3912 καὶΤραχηλᾶν
2559 3836 2719 3892 αὐτὸν
2774 3836 3151 3910 ἐπωνόμαζον,
3206 3837 3306 3906 τήν
3357 3837 3553 3913 ’χροιὰν
3616 3835 3741 3911 ἔρυ-

2092 3924 2239 4001 θρὸς,
2270 3926 2368 3995 τήν
2424 3926 2591 4001 τρίχα
2634 3934 2734 3997 τῆς
2770 3924 3025 4006 κεφαλῇς
3057 3926 3120 3981 οὐ
3153 3923 3365 3981 δασεῖαν
3404 3923 3532 3980 οὐδὲ
3563 3924 3736 3995 οῧλην

2088 4008 2386 4091 ἔχων,τήν
2417 4012 2473 4071 δὲ
2527 4019 2623 4071 τοῦ
2651 4014 2862 4091 γενείου
2917 4013 3084 4089 ψιλήν
3152 4036 3271 4077 πως
3327 4015 3413 4069 καὶ
3474 4015 3610 4089 πρὸς
3674 4016 3737 4069 τὸ

2090 4102 2232 4179 μηδὲ
2263 4105 2414 4183 φύειν
2444 4103 2741 4180 πολλαχοῦ
2786 4109 2882 4159 τοῦ
2944 4105 3267 4177 προσώπου,
3325 4106 3423 4174 τὴν
3459 4104 3581 4181 ῥῖνα
3616 4104 3739 4159 ἐπί-

2086 4215 2319 4271 γρυπον,
2359 4195 2424 4249 τὸ
2479 4191 2535 4249 δὲ
2591 4188 2750 4267 ὄμμα
2800 4192 3187 4269 παραπλήσιον
3264 4193 3466 4264 λέοντι,
3526 4192 3743 4270 χαρίεις

2084 4285 2174 4340 καὶ
2201 4284 2586 4364 φαιδρότατος,
2636 4281 2883 4344 παιδείας
2945 4285 3235 4360 μετασχὼν
3270 4285 3514 4360 μετρίας.
3572 4285 3650 4341 Τὸ
3683 4281 3742 4339 δὲ

2086 4374 2376 4450 έγκρατεὺς
2437 4375 2561 4451 περὶ
2639 4374 2734 4438 τὰς
2821 4374 3115 4449 ἐπιθυμίας
3191 4382 3292 4445 τῆς
3374 4374 3605 4451 γαστρὸς
3661 4372 3736 4436 εἷς

2084 4463 2247 4540 ἄκρον
2274 4466 2713 4539 κεκοσμημένος,
2763 4464 2815 4519 ἐν
2845 4470 3021 4538 τοῦτῳ
3082 4466 3180 4530 τὰς
3233 4464 3450 4528 πολλὰς
3516 4461 3739 4543 διαφεύ-

2085 4576 2201 4632 γειν
2257 4559 2355 4610 τοῦ
2423 4555 2680 4628 σώματος
2737 4553 2951 4625 νόσους,
3020 4555 3131 4635 οὐχ
3190 4556 3359 4632 ὑγιῶς
3408 4556 3574 4612 αὐτοῦ
3619 4553 3738 4610 δια-

2005 4623 2056 4686 D
2085 4644 2363 4719 κειμένου,
2395 4641 2749 4706 ἀπειλοῦντός
2801 4665 2858 4701 τε
2905 4623 3237 4717 λώϐηννκαί
3294 4645 3524 4725 φύοντος
3580 4642 3742 4700 πλεῖ-

393 4822 661 4878 Galerius
693 4838 828 4894 ergo
862 4819 1253 4876 Maximianus
1300 4818 1361 4873 in
1412 4816 1638 4883 Italiam
1703 4836 1973 4878 reversus

317 4913 580 4969 Caesares
611 4911 757 4966 duos
788 4910 1025 4966 creavit.
1061 4907 1481 4963 Maximianum
1526 4906 1716 4963 filium
1775 4927 1970 4979 suum,

316 5002 417 5074 qui
478 5000 777 5057 Orientem
828 5003 1055 5072 regeret
1109 4996 1243 5068 (sub
1276 5013 1393 5066 quo
1447 4996 1648 5066 etiam,
1682 4999 1783 5068 qui
1835 5017 1969 5056 cum

314 5107 530 5164 magno
563 5096 735 5145 erant
764 5088 980 5145 Basilio
1004 5089 1226 5154 Patres,
1259 5090 1501 5157 propter
1539 5086 1667 5159 ejus
1698 5104 1970 5160 persecu.

2083 4755 2181 4790 στα
2214 4733 2500 4809 μοχθηρά.

2155 4825 2238 4897 [Ρ.
2282 4826 2408 4896 270]
2462 4822 2763 4901 Γαλλέριος
2814 4824 2994 4880 τοίνυν
3052 4825 3390 4899 Μαξιμιανὸς
3447 4818 3534 4877 ἕπὶ
3596 4824 3737 4877 Ἰτα-

2082 4910 2202 4967 λίαν
2233 4909 2411 4978 έλθὼν
2454 4912 2835 4992 ἐχειροτόνησε
2894 4915 3162 4989 Καίσαρας
3219 4911 3336 4981 δύο,
3396 4909 3730 4982 Μαξιμιανὸν

2084 5003 2179 5076 μὲν
2207 5004 2299 5058 τὸν
2334 5001 2470 5058 ἴδιον
2508 5004 2622 5060 υἱὸν
2652 5007 2787 5061 κατᾶ
2815 5007 2914 5075 τήν
2941 5005 3133 5075 Ἑῴαν,
3176 5001 3256 5080 ἐφ’
3283 5002 3345 5056 οὗ
3391 4999 3481 5055 καὶ
3513 5001 3564 5053 οἱ
3595 4999 3731 5074 πρὸς

2080 5093 2286 5167 πατρὸς
2315 5097 2395 5165 τῷ
2440 5091 2670 5168 μεγάλῳ
2727 5092 3004 5164 Βασιλείῳ
3034 5089 3258 5165 πατέρες
3292 5087 3381 5145 διὰ
3431 5090 3521 5143 τὸν
3572 5087 3737 5142 αὐτοῦ

1520 5183 1880 5243 XYLANDRI
1922 5190 2008 5245 ET
2048 5191 2289 5248 GOARII
2332 5194 2555 5249 ΝΟΤᾸΞ.

386 5290 497 5360 (77)
530 5290 595 5342 1n
653 5283 1330 5360 descriptionejormge
1367 5281 1760 5360 Constantini
1785 5286 1970 5359 Magni

316 5350 407 5414 est
437 5350 572 5414 eum
603 5359 784 5414 fuisse
815 5350 1037 5413 dictum
1062 5350 1382 5429 Τραχηλᾶν,
1419 5352 1574 5422 quod
1610 5350 1973 5429 cervicosum

315 5431 613 5485 transtuli.
646 5430 814 5501 Apud
858 5426 1513 5501 Aurelium’Yictorem
1550 5430 1639 5479 est
1664 5427 1971 5485 Traculam

313 5501 497 5555 fuisse
530 5495 1030 5573 cognominatum,
1062 5499 1166 5573 sed
1196 5498 1375 5573 aliam
1408 5495 1482 5550 ob
1513 5512 1772 5573 causam.
1823 5502 1966 5557 XYL.

314 5574 513 5651 Apage
542 5590 578 5627 a
605 5566 1042 5651 iampreeclare
1072 5569 1446 5651 colendoque
1477 5566 1782 5651 principe_
1804 5576 1974 5629 cervi-

315 5638 653 5713 cosifquam
683 5638 781 5700 hic
811 5642 1283 5700 comminiscitur
1313 5638 1633 5713 X’ylande‘r,
1667 5638 1971 5713 infamem

312 5710 536 5770 vocem.
568 5715 640 5771 Et
668 5716 769 5789 qui
825 5732 890 5771 os
937 5716 1339 5785 numerosque
1372 5710 1492 5767 ’deo
1544 5710 1757 5771 similis
1824 5718 1968 5785 Con-

2086 5290 2384 5373 stantinus
2433 5287 2778 5373 Ἑρσιληλᾷςη
2831 5305 2937 5373 ceu
2999 5289 3133 5371 _lata
3180 5295 3473 5373 erectaque
3532 5287 3738 5373 cervice

2084 5362 2406 5435 (corporeae
2447 5360 2814 5435 fortitudinis
2883 5364 2940 5435 et
2996 5360 3215 5433 ingenii
3278 5360 3491 5435 animi
3529 5360 3734 5435 signis)

2082 5431 2428 5507 conspicuus,
2449 5432 2754 5507 communi
2775 5431 3103 5507 verborum
3157 5434 3328 5507 copia
3358 5431 3608 5489 laudern
3627 5431 3735 5505 po-

2078 5503 2347 5578 tius—suae
2380 5504 2721 5578 celsitudini
2771 5503 3061 5578 imparem
3096 5503 3367 5578 accipiat,
3402 5522 3579 5577 quam
3619 5503 3738 5559 uno

2086 5576 2212 5633 solo
2236 5577 2436 5651 minus
2488 5575 2743 5651 feliciter
2792 5574 3107 5633 adinvento
3152 5574 3437 5651 injuriaui
3469 5583 3528 5632 et
3558 5578 3741 5633 offen-

2086 5663 2214 5705 sam
2243 5649 2521 5722 patiatur.
2560 5647 2730 5704 Gosa.
