4154 6428
324 384 444 443 517

1476 371 2019 438 ElSTORlARUM
2067 368 2616 436 COMPENDIUM.

3626 381 3746 441 518

326 510 579 591 διωγμὸν
647 512 723 573 εἷς
779 508 1021 586 ἐρήμους
1085 504 1446 582 μακρῦναντες
1522 503 1976 586 ἐφυγαδεύθησαν,

2096 507 2313 563 tionem
2345 506 2406 562 in
2442 505 2797 564 solitudines
2825 505 3001 581 longe
3031 509 3233 581 fugere
3265 511 3451 566 coacti
3482 514 3663 586 sunt),
3689 519 3751 570 et

328 599 574 680 Σεϐῆρον
634 598 695 657 δὲ
747 602 886 656 κατα
948 601 1050 670 τὴν
1109 597 1368 657 Ἰταλίαν.
1429 599 1496 656 Οἱ
1564 595 1621 654 δὲ
1676 598 1728 654 ἓν
1783 598 1979 674 Ῥώμῃ

325 697 656 768 στρατιῶται
705 689 1077 768 ἀνηγόρευσαν
1135 686 1431 761 Μαξέντιον
1489 689 1581 745 τὸν
1633 688 1748 745 υἱὸν
1805 689 1978 761 Magi-

330 785 524 857 μιανοῦ
557 784 655 837 τοῦ
688 777 1013 856 Έρκουλίου
1048 776 1300 854 βασιλέα.

400 873 688 949 Κρατήσας
727 870 820 926 οὗν
880 870 908 926 ὁ
965 868 1239 934 θειότατος
1305 869 1397 924 καὶ
1459 869 1982 949 χριστιανικώτατος

330 959 586 1038 βασιλεὺς
654 963 1053 1021 Κωνσταντῖνος
1137 953 1454 1014 ἐϐασίλευσε
1538 957 1789 1015 Γαλλιῶν
1870 960 1983 1034 (78)

329 1050 417 1107 καὶ
449 1050 795 1126 Βρεττανίας.
838 1050 930 1122 Τῷ
974 1048 1177 1125 πρώτῳ
1237 1047 1329 1103 οὗν
1377 1047 1542 1105 αὐτοῦ
1595 1041 1725 1118 ἔτει,
1774 1054 1875 1119 τῆς
1926 1044 1985 1103 δὲ

328 1139 472 1206 θείας
509 1139 834 1213 σαρκώσεως
866 1138 1006 1217 alma‘,
1058 1143 1156 1195 τοῦ
1214 1134 1272 1193 δὲ
1317 1137 1529 1212 κόσμου
1577 1138 1743 1217 ἐψί-ιζῖ
1789 1139 1983 1194 τὲσσα·

327 1251 420 1307 ρες
481 1229 634 1284 οῦτοι
702 1223 1122 1283 συνεϐασίλευον
1182 1226 1350 1300 αὐτῷ,
1412 1228 1983 1302 ΜαξιμιανὸςὸΓαΑ-

326 1318 660 1393 λέριος,σῦν
722 1316 842 1374 δυσὶ
902 1318 1169 1394 Καίσαραι
1227 1314 1461 1395 Σεϐήρῳ
1519 1319 1610 1374 καὶ
1662 1319 1987 1394 Μαξιμιανῷ

326 1410 409 1482 τῷ
442 1406 748 1483 Γαλλερίου
780 1409 883 1480 υἱῴ
923 1408 1013 1464 καὶ
1075 1407 1358 1482 Μαξεντίῳ
1403 1412 1486 1481 τῷ
1534 1408 1637 1482 υἱῴ
1696 1412 1793 1465 τοῦ
1852 1414 1983 1484 Ἐρ-

325 1498 577 1569 κουλίου,
610 1497 662 1553 ἐν
691 1498 884 1573 Ῥώμῃ
946 1498 1050 1553 ὑπὸ
1107 1501 1217 1553 τῶν
1280 1501 1628 1572 στρατιωτῶν
1685 1497 1982 1575 ἀναγορευ-

333 1587 472 1644 θὲντι
512 1585 746 1663 βασιλεῖ.
782 1585 954 1645 Οὗτοι
984 1584 1274 1659 ἀλλήλους
1304 1580 1564 1643 ἔσπευδον
1620 1582 1987 1662 ὑπερϐάλλειν

334 1676 414 1740 εἰς
442 1676 527 1732 τὸν
569 1677 705 1732 κατὰ
772 1677 1112 1753 Χριστιανῶν
1174 1673 1446 1749 πόλεμον,
1507 1675 1650 1750 πάσῃ
1708 1696 1768 1730 τε
1824 1674 1988 1746 κακία

331 1766 426 1823 καὶ
484 1766 801 1840 θηλυμανίᾳ
858 1771 1122 1837 συζῶντες
1208 1767 1505 1840 ἀνατομαῖς
1601 1766 1814 1845 βρεφῶν
1879 1769 1987 1821 τῶν

322 1855 756 1933 ἐγκυμονουσῶν
801 1860 1068 1931 γυναικῶν
1134 1854 1185 1912 ἐν
1246 1856 1524 1930 μαντείαις
1564 1852 1829 1930 ἐχρῶντό,
1888 1854 1988 1931 ἆρ-
2017 1877 2067 1943 Β

321 1952 529 2025 παγαῖς
558 1967 617 2002 τε
645 1948 738 2002 καὶ
771 1946 986 2026 φόνοις,
1017 1945 1107 2002 καὶ
1139 1944 1240 2002 ὅσα
1268 1949 1513 2004 τοιαῦτα.

394 2038 510 2094 Τοῦ
568 2033 627 2091 δὲ
685 2030 939 2110 Σεϐήρου
995 2034 1429 2106 τελευτήσαντος
1486 2035 1731 2092 Λικίνιον
1774 2037 1826 2092 οἱ
1854 2039 1992 2095 Ῥω-

325 2131 487 2201 μαῖοι
546 2124 791 2202 Καίσαρα
850 2125 1246 2204 ἀνηγόρευσαν,
1307 2126 1699 2200 Κωνσταντίνῳ
1756 2126 1984 2206 χαριζό-

324 2237 481 2291 μενοι
512 2208 750 2294 γαμϐρῷ
782 2213 949 2270 αὐτοῦ
1006 2211 1118 2271 ὄντι
1151 2213 1228 2276 είς
1282 2210 1525 2295 ἀδελφὴν
1584 2216 1984 2288 Κωνσταντίαν,

321 2304 415 2359 καὶ
474 2304 906 2379 ὑποκρινόμενον
966 2300 1179 2378 ψευδῶς
1264 2305 1363 2373 τήν
1446 2305 1566 2370 καθ’
1619 2306 1768 2381 ἡμᾶς
1824 2307 1985 2363 εὐσέ-

324 2391 505 2450 ϐειαν.
539 2393 833 2468 Μαξὲντιος
865 2391 922 2450 δὲ
976 2391 1232 2450 πάνδεινα
1289 2400 1405 2458 τοῖς
1456 2396 1758 2471 Ῥωμαίοις
1817 2396 1987 2455 ἐποίει

319 2486 482 2541 κακαὶ·
528 2486 627 2548 τὰς
680 2506 738 2540 τε
793 2485 899 2560 γὰρ
957 2484 1144 2547 οὐσίας
1205 2483 1379 2539 αὐτῶν
1439 2484 1530 2540 καὶ
1589 2491 1840 2562 γυναῖκας
1897 2487 1989 2544 καὶ

333 2573 631 2651 θυγατέρας
672 2574 906 2649 ἥρπαζε,
946 2574 1038 2629 καὶ
1092 2573 1293 2636 αὐτοὺς
1350 2573 1716 2651 πολυτρόπως
1775 2576 1984 2653 ἀνῄρει,

320 2663 415 2720 καὶ
474 2662 687 2740 ἄμετρα
742 2669 858 2725 τοῖς
927 2660 1179 2737 δαίμοσιν
1260 2662 1632 2735 ἐξακολουθῶν
1720 2664 1983 2723 ἐπετέλει.

319 2755 479 2812 ⁰Οθεν
513 2754 605 2808 καὶ
667 2748 952 2828 πρεσϐείαν
1010 2753 1061 2808 οἱ
1119 2754 1387 2827 Ῥωμαῖοι
1444 2755 1582 2829 πρὸς
1643 2757 1984 2812 Κωνσταντῖ-

324 2865 417 2900 νον
454 2843 824 2916 ποιησὶμενοι
854 2843 990 2898 κατά
1016 2847 1113 2899 τοῦ
1153 2839 1446 2907 δυσσεϐοῦς
1503 2843 1803 2914 Μαξεντίου
1854 2851 1986 2901 τοῦ-

328 2956 421 2990 τον
457 2931 755 3009 διήγειραν.
788 2935 848 2991 Ὁ
881 2932 938 2988 δὲ
995 2933 1294 3003 Μαξὲντιος
1352 2935 1444 2990 τὸν
1494 2933 1865 3012 παραρρέοντα
1912 2941 1981 3012 τῇ

326 3022 488 3079 πόλει
511 3023 755 3097 ποταμὸν
794 3023 949 3078 ναυσὶ
1014 3024 1334 3100 γεφυρώσας
1391 3023 1533 3079 κατὰ
1579 3028 1675 3079 τοῦ
1736 3024 1982 3100 μεγάλου

333 3111 737 3167 Κωνσταντίνου
795 3112 1273 3188 ἀντιπαρετάξατα
1305 3112 1367 3170 Ὁ
1400 3110 1458 3167 δὲ
1506 3110 1698 3176 δεδιὼς
1741 3115 1837 3176 τὰς
1883 3119 1980 3171 τοῦ

337 3203 631 3274 Maia-nico
673 3202 926 3277 γοητείας
966 3200 1018 3257 ἐν
1069 3199 1263 3275 πολλῇ
1320 3202 1532 3277 ἀγωνίᾳ
1583 3202 1673 3272 ἦν.
1726 3202 1979 3260 Φαίνεται

331 3291 425 3347 οὖν
459 3291 603 3363 αὐτῷ
631 3289 682 3346 ἐν
710 3289 840 3366 ἕκτῃ
875 3290 993 3366 ὥρα
1018 3298 1118 3361 τῆς
1158 3290 1370 3367 ἡμέρας
1428 3292 1457 3346 δ
1494 3291 1679 3366 τίμίος
1728 3295 1980 3371 σταυρὸς,

322 3379 386 3436 ἐκ
463 3381 642 3458 φωτὸς
722 3381 1222 3454 κατεσκευασμένην
1308 3377 1454 3457 ἔχων
1533 3380 1837 3460 ἐπιγραφήν
1908 3383 1981 3439 δι’

320 3469 581 3543 ἀστέρων.
617 3470 704 3524 Ἐν
732 3469 911 3543 τούτῳ
939 3468 1082 3528 νίκα.
1119 3471 1207 3526 Ἐν
1252 3469 1489 3545 ὁράματι
1535 3467 1593 3526 δὲ
1635 3478 1736 3543 τῆς
1785 3472 1979 3536 νυκτὸς

320 3559 611 3635 ἐφίσταται
666 3556 873 3632 αὖτῷὁ
905 3559 1131 3635 Κύριος,
1193 3560 1394 3637 λὲγων⁸
1455 3561 1678 3634 Χρῆσαι
1728 3565 1810 3634 τῷ
1870 3559 1980 3617 δει-

319 3647 508 3725 χθέντι
550 3670 635 3704 σοι
669 3647 908 3722 σημείῳ,
938 3649 1029 3704 καὶ
1084 3648 1227 3733 νίκα.
1280 3649 1416 3706 Τότε
1463 3651 1691 3727 σταυρὸν
1739 3656 1976 3728 χρυσοῦν

320 3736 640 3817 σχεδιασας,
672 3738 732 3801 ὅς
762 3733 876 3794 ἔστι
911 3743 1079 3816 μεχρι
1106 3738 1198 3795 καὶ
1251 3743 1367 3807 νῦν,
1420 3737 1668 3796 ἐκέλευσε
1713 3742 1976 3820 προάγειν

320 3826 375 3882 ἐν
406 3831 488 3900 τῷ
518 3825 775 3901 πολέμῳ’
823 3827 913 3882 καὶ
972 3823 1261 3902 συμϐολῆς
1319 3830 1621 3904 γενομένης
1664 3831 1980 3902 ἡττήθησαν

321 3912 531 3989 οἱπερὶ
581 3910 902 3984 Μαξὲντιον,
959 3913 1047 3968 καὶ
1115 3916 1212 3968 τοῦ
1265 3911 1515 3985 πλήθους
1574 3912 1981 3991 ἀναιρουμένου

320 4000 622 4071 Μαξέντιος
658 4000 750 4056 σὺν
795 4007 914 4063 τοῖς
963 3998 1186 4065 λοιποῖς
1237 4005 1307 4076 τῇ
1361 3999 1567 4082 γεφύρᾳ
1627 3999 1795 4076 ἐπέϐη
1852 4003 1978 4084 φεύ-

320 4114 463 4170 γων,
494 4089 620 4163 ἥτις
662 4091 777 4163 θείᾳ
835 4088 1063 4167 δυνάμει
1120 4090 1475 4168 διαῤῥαγεῖσα
1515 4092 1567 4149 ἐν
1617 4097 1697 4166 τῷ
1746 4099 1980 4169 ποταμῷ

318 4182 522 4246 πάντας
578 4182 985 4240 κατεπόντισεν.
1043 4182 1113 4241 Οἱ
1171 4178 1228 4238 δὲ
1288 4183 1556 4256 Ῥωμαῖοι
1614 4181 1979 4260 λυτρωθὲντες

318 4279 424 4342 τῆς
455 4277 554 4328 τοῦ
593 4276 837 4348 πονηροῦ
896 4270 1193 4344 Μαξεντίου
1249 4270 1592 4348 τυραννίδος,
1653 4274 1753 4344 τὴν
1815 4274 1979 4332 πόλιν

319 4363 782 4443 στεφανώσαντες,
821 4359 1148 4433 εἴσεδέξαντο
1181 4363 1321 4437 μετὰ
1377 4367 1553 4442 χαρᾶς
1601 4364 1693 4419 τὸν
1749 4367 1979 4437 νικητήν

317 4454 741 4510 Κωνσταντῖνον
801 4453 893 4509 σὺν
947 4456 1029 4525 τῷ
1086 4458 1355 4527 νικοποιῷ
1429 4459 1666 4530 σταυρῷ,
1760 4463 1983 4533 σωτῆρα

319 4542 483 4599 αὐτὸν
511 4543 717 4623 ἀνευφη
728 4543 977 4619 μοῦντες.

2093 599 2392 669 Severum,
2454 599 2555 670 qui
2611 599 2798 655 Italia)
2858 600 3200 673 imperaret.
3280 603 3495 659 Milites
3552 611 3752 662 autem

2092 695 2292 748 Romae
2352 690 2712 747 Maxentium
2794 691 3135 748 Maximiani
3220 694 3492 749 Herculei
3557 696 3752 752 ﬁlium

2094 781 2513 854 imperatorem
2545 780 3004 838 constituerunt.

2168 872 2598 927 Constantinus
2621 888 2757 945 ergo
2781 887 3057 945 magnus,
3080 873 3409 945 imperator
3423 874 3752 946 piissimus,

2094 959 2414 1033 imperium
2482 961 2685 1016 Galliae
2735 978 2804 1018 ac
2853 962 3173 1019 Britannia;
3223 963 3501 1019 obtinuit.
3553 966 3754 1021 Primo

2096 1050 2226 1123 ejus
2255 1067 2435 1119 anno,
2471 1051 2571 1123 qui
2605 1051 2717 1106 fuit
2748 1067 2783 1107 a
2812 1052 2998 1108 natali
3023 1052 3239 1107 Christi
3265 1056 3393 1122 291,
3420 1053 3492 1109 ab
3507 1056 3751 1112 exordio

2096 1140 2303 1195 mundi
2336 1142 2498 1210 5797,
2532 1141 2739 1198 habuit
2769 1142 2833 1197 in
2872 1142 3122 1214 imperio
3173 1148 3429 1215 quatuor
3471 1145 3752 1217 collegas,

2096 1228 2422 1297 Galerium,
2455 1230 2638 1302 hujus
2664 1230 2852 1286 ﬁlium
2883 1231 3328 1301 Maximianum,
3363 1237 3422 1288 et
3452 1235 3752 1304 Severum,

2097 1319 2358 1374 Caesares
2389 1319 2497 1374 hos
2529 1320 2699 1388 duos,
2735 1324 2792 1375 et
2822 1322 3179 1377 Maxentium
3214 1324 3482 1380 Herculei
3539 1325 3752 1395 tilium,

2097 1409 2296 1464 Romae
2343 1425 2378 1465 a
2425 1408 2714 1465 militibus
2754 1410 3176 1482 imperatorem
3227 1412 3624 1485 designatum.
3685 1417 3751 1470 Hi

2097 1498 2370 1554 certatim
2401 1498 2764 1555 Christianos
2793 1507 3225 1572 persequentes
3250 1503 3430 1558 vitam
3448 1520 3555 1575 per
3574 1521 3750 1561 omne

2097 1587 2294 1643 scelus
2332 1604 2401 1643 ac
2429 1587 2740 1644 libidinem
2772 1589 3109 1659 habebant;
3171 1594 3326 1649 474
3375 1594 3749 1665 gravidarum

2099 1693 2334 1748 quoque
2364 1676 2520 1733 fetus
2546 1678 2921 1748 exsecabant,
2956 1681 3148 1752 iisque
3201 1682 3273 1737 ad
3324 1682 3749 1741 divinationem

2098 1765 2690 1840 utebantur,rapinis,
2721 1768 2985 1825 caedibus
3008 1769 3261 1841 aliisque
3279 1771 3520 1845 ﬂagitiis
3545 1774 3750 1832 dediti.

2169 2034 2394 2090 Mortuo
2418 2034 2628 2091 Severo
2655 2035 2904 2092 Romani
2920 2037 3209 2094 Licinium
3224 2044 3519 2099 Caesarem
3541 2049 3749 2101 creant

2100 2122 2164 2178 in
2193 2125 2444 2196 gratiam
2475 2126 2871 2198 Constantini,
2922 2128 3092 2201 cujus
3141 2147 3405 2187 sororem
3450 2134 3746 2191 Constan—

2101 2214 2246 2271 tiam
2286 2232 2532 2272 uxorem
2580 2216 2631 2271 is
2674 2215 2950 2286 habebat,
2995 2218 3268 2291 falsoque
3318 2222 3637 2279 simulabat
3686 2242 3748 2281 se

2100 2305 2524 2362 Christianum.
2557 2306 2632 2361 At
2662 2307 2938 2362 Maxentii
2969 2313 3198 2365 atroces
3229 2316 3399 2367 erant
3427 2313 3487 2368 in
3537 2316 3751 2371 Roma-

2099 2410 2210 2451 nos
2242 2395 2499 2469 injuria),
2523 2395 2857 2467 facultates,
2892 2414 3111 2455 uxores
3132 2399 3403 2472 ﬁliasque
3428 2419 3633 2461 eorum
3656 2421 3752 2460 ra-

2098 2484 2339 2557 pientis,
2372 2485 2652 2557 varieque
2674 2486 2835 2558 ipsos
2860 2487 3233 2556 trucidantis,
3258 2490 3750 2566 daemonibusque

2098 2574 2173 2629 ad
2205 2575 2427 2646 quasvis
2472 2574 2697 2649 ﬂagitia
2746 2575 3022 2632 obeunda
3071 2578 3560 2652 obtemperantis.
3611 2584 3749 2640 Ideo

2098 2668 2349 2723 Romani
2407 2669 2862 2724 Constantinum
2929 2671 3131 2726 missis
3202 2672 3409 2745 legatis
3466 2674 3751 2732 adversus

2094 2761 2454 2816 Maxentium
2504 2768 2914 2817 evocaverunt.
2968 2765 3298 2820 Maxentius
3348 2765 3593 2823 ﬂuvium
3644 2769 3747 2840 qui

2094 2852 2342 2906 Romam
2374 2851 2745 2922 praaterlluit,
2805 2858 2984 2925 ponte
3044 2871 3114 2910 ex
3171 2855 3418 2912 navibus
3479 2858 3748 2914 confecto

2086 2939 2308 3013 junxit,
2367 2946 2679 3013 castraque
2738 2944 2949 2998 castris
3005 2947 3374 3002 Constantini
3449 2950 3746 3019 opposuit.

2094 3030 2449 3087 Contantino
2482 3033 2812 3104 praestigias
2843 3034 3119 3089 Maxentii
3151 3038 3466 3105 metuenti,
3499 3038 3752 3110 ideoque

2090 3122 2251 3192 gravi
2273 3121 2677 3177 sollicitudine
2700 3122 2962 3191 detento,
2988 3131 3155 3181 sexta
3186 3126 3303 3181 diei
3337 3128 3483 3184 hora
3506 3146 3749 3185 venera-

2093 3214 2230 3269 bilis
2261 3232 2402 3272 crux
2435 3232 2507 3271 ex
2557 3216 2689 3271 luce
2737 3218 3010 3289 apparuit
3059 3236 3193 3275 cum
3245 3221 3632 3294 inscriptione
3681 3240 3752 3279 ex

2094 3304 2283 3360 stellis
2304 3304 2488 3361 facta:
2512 3307 2574 3360 In
2592 3306 2702 3362 hoc
2728 3307 3110 3364 vince.Noctu
3123 3327 3361 3382 quoque
3385 3312 3439 3365 ei
3462 3313 3753 3368 Dominus

2092 3395 2370 3465 apparuit
2397 3394 2663 3464 adstans,
2696 3397 3174 3470 promittensque
3208 3400 3283 3470 ei,
3311 3400 3359 3454 si
3384 3399 3752 3458 demonstra-

2090 3487 2149 3538 to
2181 3487 2449 3539 uteretur
2479 3484 2669 3557 signo,
2700 3485 3030 3542 victoriam.
3066 3487 3269 3560 Itaque
3322 3489 3744 3546 Constantinus

2091 3587 2337 3628 auream
2359 3590 2757 3646 crucem,quae
2783 3575 3112 3633 etiamnum
3136 3580 3745 3648 exstat,tumultuario

2095 3678 2275 3733 opere
2303 3662 2633 3719 confectam
2660 3665 2925 3737 praeferri
2949 3666 3011 3722 in
3035 3684 3297 3741 pugnam
3313 3670 3526 3742 jussit;
3558 3687 3744 3743 eaque

2090 3752 2416 3810 commissa
2434 3755 2624 3810 victus
2647 3761 2739 3810 est
2758 3758 3040 3812 Maxentii
3064 3759 3455 3830 exercitus,ac
3479 3761 3749 3834 plerique

2090 3842 2293 3898 occisi.
2325 3844 2458 3915 Ipse
2489 3860 2625 3903 cum
2656 3845 2905 3917 reliquis
2962 3847 3194 3919 fugiens
3242 3851 3572 3908 Maxentius
3610 3869 3746 3908 cum

2086 3928 2155 3984 in
2184 3936 2430 4001 pontem
2462 3933 2740 4001 venisset,
2771 3934 2824 3990 is
2852 3935 3050 3992 divina
3096 3938 3148 3992 vi
3182 3944 3392 4009 ruptus
3440 3940 3749 3996 universos

2104 4034 2144 4073 n
2175 4018 2421 4075 ﬂuvium
2443 4020 2663 4093 dejecit
2693 4028 2871 4094 atque
2903 4024 3247 4081 submersit.
3274 4028 3527 4083 Romani
3554 4034 3749 4099 tyran-

2095 4106 2233 4163 nide
2276 4108 2549 4165 scelerati
2615 4112 2892 4167 Maxentii
2948 4114 3187 4170 liberati
3241 4116 3453 4172 urbem
3515 4118 3753 4175 coronis

2090 4202 2327 4267 ornant,
2356 4198 2756 4272 victoremque
2797 4204 2947 4260 475
3011 4204 3469 4261 Constantinum
3520 4207 3639 4261 laeti
3688 4209 3752 4265 in

2090 4305 2222 4344 eam
2253 4289 2569 4362 recipiunt,
2612 4308 2732 4347 una
2776 4309 2913 4348 cum
2962 4312 3137 4350 cruce
3188 4296 3447 4351 victoriae
3498 4297 3747 4367 datrice,

2089 4384 2572 4451 servatoremque
2595 4398 2730 4437 cum
2753 4382 2961 4439 faustis
2988 4383 3522 4442 acclamationibus
3541 4387 3748 4458 praedi-

2089 4474 2248 4524 cant.

394 4634 478 4707 [Ρ.
516 4617 666 4707 271]’
690 4617 783 4707 Τήῴ
815 4635 855 4704 ζ’
886 4631 993 4690 ἔτει
1050 4641 1152 4705 τῆς
1209 4631 1491 4711 βασιλείας
1537 4634 1704 4691 αὐτοῦ
1735 4636 1763 4690 ὁ
1796 4638 1978 4713 Μέγας

2161 4649 2424 4721 Septimo
2456 4651 2693 4722 imperii
2724 4652 2815 4708 sui
2847 4669 3004 4709 anno
3037 4656 3281 4728 Magnus
3325 4656 3754 4713 Constantinus

317 4725 734 4786 Κωιισταντῖνος
818 4731 920 4794 τῆς
977 4724 1203 4797 Ῥώμης
1264 4726 1539 4799 κρατήσας
1597 4725 1704 4802 πρὸ
1762 4728 1976 4783 πάντων

313 4810 385 4867 τὰ
443 4809 673 4885 λείψανα
730 4815 839 4867 τῶν
895 4812 1066 4887 ἁγίων
1153 4812 1446 4889 μαρτύρων
1532 4816 1599 4887 τῇ
1655 4812 1779 4887 ὁσίᾳ
1831 4819 1976 4893 ταφῇ

314 4897 626 4975 παρὲδωκε,
686 4902 776 4955 καὶ
834 4901 962 4962 τοὺς
1021 4899 1081 4956 ἐν
1138 4899 1371 4975 ἐξορίαις
1430 4900 1810 4961 ἀνεκαλέσατο.
1871 4906 1977 4960 Καὶ

313 4989 425 5045 ὕπὸ
475 4986 816 5066 Σιλϐἐστρου
874 4995 971 5045 τοῦ
1031 4990 1333 5046 όσιωτατου
1388 4991 1542 5046 πάπα
1596 4993 1824 5067 Ῥώμης
1885 4995 1978 5070 βα-

314 5080 567 5151 πτίζεται
603 5080 693 5136 καὶ
722 5086 823 5149 τῆς
855 5076 1047 5152 λώϐης
1076 5078 1507 5156 ἔξελευθεροῦται
1537 5080 1726 5156 τρόπῳ
1754 5082 1972 5158 τοιῷδε·

312 5169 414 5233 Εἷς
443 5170 671 5243 Ῥώμην
696 5166 959 5233 εἰσελθὼν
1022 5172 1155 5244 μετᾶ
1200 5171 1298 5239 τήν
1355 5170 1490 5226 κατὰ
1546 5172 1838 5242 Μαξεντίου
1894 5173 1975 5228 νί-

309 5281 417 5331 κην
474 5264 630 5331 ζητεῖ
690 5259 907 5335 ἰατροὺς
985 5261 1379 5339 θεραπευθῆναι
1446 5268 1546 5331 τῆς
1622 5264 1809 5320 νόσου.
1872 5268 1975 5324 Καὶ

2093 4741 2278 4795 Roma
2302 4741 2502 4813 potius
2532 4742 2685 4797 nihil
2714 4744 3020 4814 antiquius
3037 4744 3246 4802 habuit
3267 4763 3444 4818 quam
3465 4747 3751 4820 reliquias

2087 4835 2431 4885 sanctorum
2464 4839 2791 4905 martyrum
2823 4834 3071 4892 honeste
3104 4835 3357 4908 sepelire
3410 4842 3470 4892 et
3520 4838 3755 4893 exsules

2087 4934 2384 4974 revocare.
2409 4921 2569 4976 Tunc
2593 4921 2771 4978 etiam
2791 4941 2827 4979 a
2852 4924 3131 4981 Silvestre
3157 4926 3533 4982 sanctissimo
3553 4928 3746 4982 Roma:

2085 5023 2237 5077 papa
2266 5006 2601 5080 baptizatus
2631 5011 2919 5085 lepraqne
2953 5014 3068 5070 hoc
3098 5022 3268 5086 pacto
3314 5016 3601 5071 liberatus
3635 5021 3741 5071 est.

2086 5096 2232 5150 Cum
2260 5097 2408 5153 victo
2441 5100 2736 5156 Maxentio
2769 5103 3017 5158 Romam
3048 5105 3351 5173 intrasset,
3388 5105 3648 5159 medicos
3670 5103 3741 5158 ad

2088 5201 2150 5240 se
2181 5193 2466 5243 convocat
2492 5190 2595 5260 qui
2625 5190 2900 5247 morbum
2928 5192 3319 5264 depellerent.
3364 5193 3509 5247 Ecce
3540 5196 3738 5246 autem

2084 5274 2271 5330 Judaei
2299 5277 2979 5352 quidamimperatorem
3002 5279 3736 5351 accedunt,quilavacrum

1510 5394 1874 5450 XYLANDRI
1914 5398 2002 5453 ET
2040 5399 2287 5458 GOARII
2326 5404 2552 5463 ΝΟΤἈΕ.

382 5520 498 5594 (78)
534 5521 654 5594 Hoc
689 5535 889 5594 secum
908 5519 1099 5594 felicis
1126 5518 1345 5594 ominis
1366 5518 1690 5594 Galliarum
1720 5537 1971 5594 regnum

304 5591 640 5675 portendit,
672 5591 882 5675 absim
939 5597 1016 5675 et.
1044 5592 1348 5674 Ecclesia).
1370 5591 1969 5675 datus‘epce‘lo'hrex,

304 5662 469 5724 sicut
497 5665 660 5721 inter
690 5662 897 5719 ﬁdeles
928 5664 1230 5736 principes
1260 5663 1484 5735 primas
1515 5662 1766 5733 obtinet,
1800 5665 1882 5722 ita
1914 5662 1973 5724 et

2084 5526 2543 5603 Christianissimi
2571 5548 2790 5588 nomen
2847 5535 3288 5603 assequeretur,
3320 5546 3599 5603 unusque
3655 5547 3739 5587 sa-

2082 5602 2344 5729 perriigus
2375 5606 2435 5656 et
2461 5604 2834 5662 divinissimus
2882 5602 3017 5675 prie
3057 5606 3289 5660 caeteris
3335 5602 3741 5675 proclamare-

2108 5686 2199 5727 ur.
2280 5688 2412 5729 ou.

2108 5686 2199 5727 lll‘.
2234 5686 2388 5728 liOAB
2399 5715 2412 5729 .
