4154 6442
295 338 412 397 519

1658 328 1977 392 GEORGII
2021 328 2360 391 CEDRENI

3594 323 3717 387 520

296 471 647 528 lactentium
678 485 1003 544 puerorum
1032 468 1318 543 sanguine
1367 466 1604 539 impleri
1649 468 1712 522 in
1766 482 1951 538 eaque

2070 464 2136 536 δὴ
2172 463 2427 522 Ἰουδαῖοί
2456 487 2599 530 τινες
2629 463 2889 543 ἔρχονται
2918 465 3174 542 λέγοντες
3203 465 3292 520 ὃτι
3320 457 3720 537 κολυμϐήθραν

296 561 460 616 ablui
485 561 788 632 juberent,
820 560 903 615 ita
932 561 1099 632 lepra
1116 556 1954 615 liberandum.Conducuntur

294 649 498 721 itaque
529 652 660 723 ejus
691 650 775 705 rei
806 666 985 705 causa
1013 648 1270 703 infantes
1293 662 1428 701 cum
1445 644 1737 701 matribus
1762 662 1777 711 ;
1805 660 1924 716 qua

302 756 436 795 rum
468 740 748 811 ejulatus,
781 738 1036 793 crinium
1067 736 1427 801 evulsiones,
1475 734 1711 806 aliaque
1753 733 1956 805 qualia

298 830 545 885 intimus
577 830 745 884 dolor
796 827 1138 883 hominibus
1186 826 1484 898 exprimit,
1540 824 1684 895 quid
1732 824 1951 879 referre

297 918 554 974 attinet?
585 919 731 973 Sane
761 916 1181 971 Constantinus
1211 916 1325 970 ista
1342 915 1548 970 videns
1566 914 1693 984 ipse
1714 929 1953 983 quoque

298 1006 706 1077 illacrymavit,
741 1005 1049 1076 dixitque:
1106 1005 1356 1058 Praastat
1404 1019 1499 1058 me
1544 1001 1740 1056 solum
1794 1000 1952 1056 male

297 1096 447 1150 mori
482 1111 659 1165 quam
700 1094 846 1148 istos
877 1093 1159 1160 infantes,
1206 1092 1539 1163 praisertim
1588 1091 1815 1145 incerto
1863 1089 1950 1143 rei

297 1184 478 1239 exitu.
514 1182 822 1253 Simulque
855 1183 949 1237 his
971 1181 1145 1237 dictis
1184 1187 1407 1236 matres
1424 1180 1679 1252 benigne
1704 1179 1951 1234 donatas

298 1273 615 1328 indemnes
648 1272 896 1327 dimisit.
931 1273 1057 1325 Mox
1089 1287 1197 1343 per
1235 1268 1601 1324 insomnium
1631 1267 1777 1322 vidit
1804 1266 1952 1322 duos

299 1379 546 1435 magnos
577 1361 715 1416 illos
750 1361 1055 1433 apostolos
1088 1362 1327 1414 Petrum
1359 1364 1417 1413 et
1444 1357 1719 1424 Paulum,
1752 1372 1787 1411 a
1815 1356 1951 1427 qui-

298 1452 409 1507 bus
448 1450 806 1507 monebatur
860 1450 948 1505 uti
999 1448 1163 1504 urbis
1204 1447 1548 1519 episcopum
1607 1446 1951 1500 Silvestrum

298 1541 669 1611 requireret:
705 1538 777 1594 ab
808 1539 921 1593 hoc
946 1538 1002 1593 ei
1032 1537 1331 1592 lavacrum
1354 1535 1831 1590 demonstratum
1853 1534 1949 1601 iri,

296 1628 456 1700 quod
499 1634 557 1684 et
596 1628 812 1684 animae
864 1632 922 1682 et
968 1626 1231 1696 corporis
1281 1623 1441 1680 mala
1488 1628 1688 1694 posset
1726 1622 1949 1677 eluere.

304 1717 477 1774 Redit
504 1733 641 1789 ergo
674 1717 951 1771 Silvester
980 1715 1246 1782 Romam,
1288 1730 1406 1784 qua
1436 1711 1510 1768 ob
1532 1711 1950 1784 ingravescen-

2059 556 2173 634 χρή
2206 559 2435 621 ποιῆσαι
2473 556 2561 635 ἀφ’
2621 556 2852 631 α’ίματος
2915 555 3238 629 ὑπομαζίων
3302 553 3516 629 βρεφῶν
3547 551 3639 607 καὶ
3670 550 3725 608 έν

2059 644 2195 717 αὐτῇ
2255 643 2590 717 λουσάμενον
2645 650 3059 718 καθαρισθῆναι.
3128 643 3464 719 Συνάγονται
3522 640 3616 696 οὗν
3653 641 3722 695 τὰ

2061 732 2236 809 βρέφη
2273 733 2408 807 μετά
2456 739 2565 788 τῶν
2625 733 2899 808 μητέρων.
2961 733 3065 789 Καὶ
3116 730 3170 787 τί
3228 729 3310 787 δεῖ
3366 728 3548 805 λέγειν
3589 728 3719 792 τοὺς

2054 826 2164 875 τῶν
2197 822 2448 897 μητέρων
2477 819 2756 898 ὀδυρμοὺς
2810 823 2901 877 καὶ
2958 822 3053 884 τὰς
3108 826 3213 876 τῶν
3240 825 3453 897 τριχῶν
3487 819 3723 883 έκκοπάς

2056 910 2147 963 καὶ
2203 910 2383 966 τᾶλλα
2443 911 2540 965 ὅσα
2590 917 2709 973 τοῖς
2769 910 2829 966 έκ
2885 915 3071 985 ψυχῆς
3133 907 3499 981 ὀδυνωμένοις
3565 907 3721 978 ἐστίς

2054 1001 2232 1053 Ταῦτα
2286 996 2414 1054 ἰδὼν
2471 997 2678 1062 ἐκεῖνος
2735 1001 2825 1054 καὶ
2883 997 3183 1073 σύνδακρυς
3235 997 3528 1073 γενόμενος
3580 997 3720 1051 εἴπεο

2058 1086 2239 1144 Καλόν
2269 1088 2381 1144 ἐστι
2415 1088 2630 1163 μᾶλλον
2660 1089 2759 1164 ἐμὶ
2792 1090 2958 1164 μόνον
3013 1090 3167 1160 κακῷ
3217 1090 3377 1164 μόρῳ
3436 1089 3723 1151 ἀποθανεῖν

2055 1176 2091 1245 ἦ
2150 1182 2322 1233 ταῦτα
2375 1180 2443 1233 τὰ
2514 1178 2707 1259 βρέφη.
2769 1178 2950 1235 Ἀλλά
3004 1177 3096 1234 καὶ
3147 1178 3228 1238 τίς
3284 1175 3426 1232 οἶδεν
3471 1177 3531 1231 τὸ
3563 1174 3726 1237 τέλος

2057 1266 2250 1321 ὁποῖον
2279 1287 2293 1337 ;
2327 1265 2511 1324 Ταῦτα
2542 1269 2709 1323 εἰπὼν
2750 1268 2841 1323 καὶ
2897 1268 2996 1329 τάς
3056 1267 3295 1341 μητέρας
3328 1263 3530 1343 δώροις
3562 1265 3725 1345 φιλο-

2056 1357 2474 1432 φρονησάμενος
2534 1356 2798 1413 ἀπέλυσεν
2864 1357 2916 1411 έν
2973 1357 3187 1432 εἰρήνῇ,
3248 1356 3427 1430 Ταύτῃ
3487 1375 3574 1409 τοι
3629 1362 3726 1417 καὶ

2055 1448 2173 1501 κατ’
2202 1446 2328 1520 ὄναρ
2379 1448 2480 1522 ὁρᾷ
2532 1446 2662 1510 τοὺς
2718 1444 2814 1502 δύο
2879 1446 3149 1521 μεγάλους
3207 1444 3551 1506 ἀποστόλους
3609 1442 3717 1498 Πέ-

2053 1555 2182 1610 τρον
2209 1536 2302 1591 καὶ
2359 1535 2577 1593 Ηαῦλον
2635 1537 3115 1613 προτρεπομένους
3169 1534 3334 1591 αὐτὸν
3379 1529 3720 1608 Σίλϐεστρον

2060 1631 2293 1696 ζητῆσαι
2358 1626 2451 1681 τὸν
2523 1625 2817 1682 ἐπίσκοπον
2901 1632 3003 1694 τῆς
3084 1622 3322 1687 πόλεως·
3393 1621 3492 1679 Καὶ
3560 1621 3723 1684 αὐτὸς

2059 1711 2327 1784 ὑποδείξει
2361 1736 2448 1769 σοι
2478 1710 2880 1790 κολυμϐήθραν
2940 1711 3008 1769 δι’
3062 1715 3131 1783 ἧς
3188 1720 3289 1783 τῆς
3321 1733 3379 1768 τε
3411 1716 3597 1787 ψυχῆς
3626 1711 3724 1773 τὰς

301 1813 390 1862 tes
429 1807 874 1878 persecutiones
933 1803 1323 1868 exsulaverat,
1380 1807 1440 1857 et
1496 1800 1951 1856 Constantinum

2064 1803 2254 1866 νόσους
2282 1804 2373 1858 καὶ
2421 1805 2523 1859 τοῦ
2582 1805 2838 1878 σώματος
2899 1804 3293 1879 θεραπευθήσῃ.
3338 1802 3601 1877 Ἔρχεται
3631 1796 3725 1854 οὖν

298 1895 646 1951 Christianas
681 1893 984 1966 religionis
1016 1892 1287 1948 doctrina
1331 1890 1568 1958 imbuit,
1629 1895 1809 1960 atque
1854 1889 1952 1943 ba-

293 1985 490 2057 ptizat.
522 1984 631 2049 Qui
687 2000 822 2038 cum
888 1982 961 2038 de
1021 1998 1187 2037 sacro
1218 1978 1641 2052 ‘adscenderet
1694 1979 1951 2042 lavacro,

296 2074 461 2130 illico
478 2088 730 2144 corpore
754 2073 883 2143 ejus
910 2071 1184 2141 quasdam
1215 2085 1494 2141 squamas
1514 2068 1769 2139 piscium
1786 2065 1950 2122 simi-

300 2162 557 2218 litudine
572 2160 922 2233 attingentia
935 2160 1087 2215 476
1107 2158 1476 2224 deciderunt,
1495 2158 1725 2228 fuitque
1744 2172 1953 2229 purga-

302 2260 417 2317 tus,
443 2258 501 2306 et
525 2256 678 2305 totus
700 2252 780 2305 ita
798 2249 1060 2304 mundus
1074 2254 1140 2303 ut
1156 2248 1307 2303 solet
1325 2247 1584 2302 mundus
1605 2263 1737 2301 esse
1753 2245 1952 2300 infans

302 2358 515 2396 recens
547 2345 737 2395 natus.
772 2339 838 2393 ld
867 2355 1002 2393 cum
1032 2338 1257 2392 videret
1274 2336 1549 2408 populus,
1573 2337 1784 2408 ingens
1800 2334 1954 2390 mul-

297 2430 486 2486 titudo
518 2429 811 2501 baptizata
841 2435 951 2494 est,
985 2432 1162 2497 atque
1187 2425 1951 2499 etiam,Crispus}Constan-

304 2519 414 2574 tini
448 2518 629 2574 ﬁlius.

363 2608 471 2674 Qui
504 2612 703 2663 autem
735 2606 942 2662 dicunt
969 2605 1420 2661 Constantinum
1468 2609 1659 2659 morte
1709 2602 1951 2658 demum

292 2697 810 2769 appropinquante
843 2695 915 2750 ab
974 2694 1225 2750 Eusebio
1276 2691 1634 2749 Nicomedia:
1665 2692 1949 2763 episcopo

293 2787 511 2842 Ariano
542 2785 724 2841 fuisse
757 2784 1114 2840 Nicomediae
1146 2783 1525 2855 baptizatum,
1579 2786 1799 2837 errant.
1854 2782 1948 2837 Di-

295 2880 438 2931 cunt
467 2874 539 2929 ab
581 2890 648 2928 eo
716 2873 1078 2944 baptismum
1138 2872 1411 2935 dilatum,
1470 2868 1629 2940 quod
1684 2874 1953 2940 speraret

298 2980 361 3019 se
392 2964 455 3018 in
483 2963 736 3018 Iordane
763 2962 1121 3033 baptizatum
1152 2961 1245 3016 iri.
1296 2959 1447 3026 Quid
1492 2975 1629 3014 vero
1678 2958 1951 3014 obstabat

304 3070 411 3108 cur
440 3069 561 3107 non
582 3052 710 3123 jam
742 3051 948 3106 tumin
973 3051 1229 3107 Jordane
1256 3049 1674 3121 baptizaretur,
1725 3064 1859 3102 cum
1892 3052 1952 3102 et

301 3140 601 3196 Galerium
631 3140 692 3194 in
724 3139 962 3195 Oriente
1002 3138 1332 3193 debellaret
1375 3142 1434 3192 et
1468 3137 1662 3192 denuo
1704 3135 1766 3190 in
1808 3137 1944 3191 Per-

295 3229 445 3284 siam
470 3227 984 3301 proficisceretur?
1010 3229 1137 3283 Jam
1161 3227 1320 3299 quod
1343 3243 1478 3282 eum
1501 3225 1772 3281 nonnulli
1805 3241 1947 3296 spu-

290 3318 445 3373 rium
470 3318 936 3387 calumniantur,
967 3323 1250 3373 extremm
1273 3321 1364 3372 est
1384 3315 1953 3386 improbitatis,cum

293 3408 423 3479 ejus
455 3408 634 3479 stirps
664 3407 1052 3477 imperatoria
1082 3407 1262 3461 fuerit
1307 3406 1487 3460 etiam
1536 3410 1673 3459 ante
1725 3403 1952 3459 Diocle-

299 3500 551 3554 tianum.
584 3501 760 3553 Pater
792 3499 952 3553 enim
985 3500 1183 3572 magni
1217 3497 1591 3555 Constantini
1640 3496 1754 3551 fuit
1801 3497 1957 3551 Con-

304 3589 599 3657 santinus,
635 3589 759 3645 filia
780 3589 1007 3644 Claudii
1035 3589 1410 3661 imperatoris
1428 3592 1605 3643 natus
1630 3604 1643 3641 :
1673 3588 1723 3643 is
1749 3586 1956 3659 expri-

302 3695 709 3733 masuauxore
740 3678 964 3734 Helena
991 3680 1449 3735 Constantinum
1481 3676 1736 3745 sustulit,
1769 3676 1953 3733 veluti

300 3768 633 3824 indicatum
664 3786 697 3825 a
728 3769 903 3824 nobis
933 3768 1064 3825 fuit.

373 3858 670 3930 Baptizato
702 3858 1091 3914 Constantino
1148 3858 1306 3912 Deus
1352 3873 1460 3928 per
1504 3857 1744 3912 beatum
1777 3857 1954 3913 Silve-

299 3953 489 4004 strum
523 3963 736 4020 magna
769 3946 957 4002 edidit
984 3945 1306 4013 miracula;
1340 3945 1412 4000 de
1436 3945 1652 4016 quibus
1673 3945 1951 4002 omnibus

296 4037 543 4092 unicum
583 4035 1088 4092 commemorabo.
1122 4033 1212 4090 Ad
1244 4034 1636 4091 fundamenta
1676 4034 1951 4107 Capitolii

300 4127 522 4194 Romae,
555 4125 845 4181 descensu
877 4124 1170 4196 graduum
1201 4125 1326 4191 365,
1358 4123 1590 4181 inferne
1647 4124 1954 4180 habitabat

297 4214 474 4270 draco
498 4213 764 4286 quidam,
796 4213 893 4269 cui
923 4212 1105 4268 Graeci
1139 4212 1407 4284 quotidie
1437 4230 1563 4269 rem
1605 4230 1835 4269 sacram
1863 4214 1952 4269 fa-

298 4304 554 4359 ciebant.
588 4303 828 4373 Absque
859 4302 1018 4357 enim
1068 4302 1180 4358 hoc
1240 4308 1415 4369 esset,
1465 4302 1663 4357 subito
1713 4302 1950 4357 irruens

298 4392 522 4448 multos
554 4392 825 4446 laedebat.
859 4394 938 4446 Eo
971 4392 1250 4448 Silvester
1277 4390 1606 4457 descendit,
1632 4392 1951 4446 etinventa

296 4482 509 4554 exigua
541 4483 688 4535 477
728 4480 900 4546 cella,
934 4498 1065 4553 qua:
1119 4482 1291 4537 tereis
1343 4487 1483 4552 apta
1524 4486 1653 4535 erat
1699 4480 1947 4547 foribus,

2065 1894 2093 1948 6
2164 1888 2499 1969 Σίλϐεστρος
2568 1891 2658 1948 διά
2721 1894 2850 1956 τοὺς
2915 1892 3293 1967 ἐπικειμένους
3361 1887 3639 1964 διωγμοὺς
3677 1888 3732 1943 ἐν

2066 1981 2328 2060 φυγαδείᾳ
2393 1982 2593 2049 τελῶν,
2652 1983 2744 2038 καὶ
2809 1984 3055 2056 βαπτίζει
3122 1983 3444 2056 κατηχήσας
3508 1985 3726 2035 τοῦτον.

2067 2072 2240 2135 Εὐθὺς
2269 2072 2360 2127 οὖν
2405 2073 2512 2127 ἀπὸ
2561 2079 2663 2143 τῆς
2721 2072 2865 2135 θείας
2921 2066 3321 2145 κολυμϐήθρας
3351 2066 3725 2145 ἀνερχομένου

2061 2165 2158 2217 τοῦ
2189 2161 2597 2218 Κωνσταντίνου
2647 2159 2892 2232 ἐξέπεσον
2952 2160 3059 2215 ἀπὸ
3115 2164 3212 2214 τοῦ
3273 2159 3528 2231 σώματος
3559 2157 3724 2213 αὐτοῦ

2062 2251 2191 2305 ὡσεὶ
2225 2249 2466 2318 λεπίδες,
2499 2251 2589 2307 καὶ
2634 2249 2983 2325 ἐκαθαρίσθη,
3032 2247 3122 2304 καὶ
3165 2250 3380 2325 γέγονεν
3412 2245 3544 2302 ὅλον
3580 2247 3723 2323 ὑγιὲς

2063 2340 2136 2402 ὡς
2168 2337 2459 2415 παιδαρίου
2494 2344 2713 2415 μικροῦ.
2772 2342 2949 2396 Τοῦτο
3006 2337 3216 2398 ῗδόντες
3259 2338 3312 2391 οἱ
3344 2335 3472 2392 λαοὶ
3503 2331 3731 2391 ἐϐαπτί-

2063 2438 2264 2498 σθησαν
2297 2426 2537 2503 ἄπειροι,
2585 2428 2676 2483 καὶ
2728 2428 2973 2503 Κρίσπος
3026 2428 3054 2482 6
3113 2426 3228 2489 υίὸς
3289 2424 3724 2484 Κωνσταντίνου.

2133 2604 2200 2662 Οἱ
2260 2601 2319 2659 δὲ
2389 2602 2636 2680 λέγοντες
2697 2604 2749 2660 έν
2806 2601 3153 2678 Νικομηδείᾳ
3206 2604 3344 2659 κατά
3399 2603 3489 2658 τὸν
3551 2603 3724 2658 αὐτοῦ

2062 2693 2291 2758 θάνατον
2328 2695 2690 2768 βαπτισθῆναι
2740 2694 2844 2749 ὑπὸ
2897 2689 3159 2750 Εὐσεϐίου
3211 2697 3312 2748 τοῦ
3341 2689 3724 2764 Νικομηδείας

2059 2787 2156 2838 τοῦ
2215 2784 2495 2858 ’Λρειανοῦ
2552 2780 2858 2857 ψεύδονται.
2933 2784 3072 2838 Φασὶ
3156 2786 3260 2857 γὰρ
3321 2777 3723 2837 ἀναϐάλλεσθαι

2059 2872 2222 2926 αὐτὸν
2254 2873 2316 2927 τὸ
2351 2872 2635 2947 βάπτισμα
2683 2869 2772 2927 διὰ
2809 2874 2872 2928 τὸ
2930 2869 3173 2941 ἐλπίζειν
3206 2871 3366 2926 αὐτὸν
3399 2868 3450 2925 έν
3483 2874 3562 2942 τῷ
3594 2871 3727 2944 Ἰορ-

2061 2960 2192 3038 δάνῃ
2254 2965 2642 3038 βαπτισθῆναι.
2699 2964 2767 3020 Τί
2821 2964 2925 3040 γάρ
2985 2963 3052 3032 ἦν
3109 2961 3256 3034 αὐτῷ
3302 2961 3393 3016 καὶ
3444 2958 3721 3035 ἐμποδὼν,

2058 3053 2153 3109 τὸν
2198 3052 2498 3128 Γαλλέριον
2558 3051 2610 3108 ἒν
2670 3057 2739 3127 τῇ
2796 3051 3070 3125 Ἀνατολῇ
3128 3050 3601 3124 καταπολεμοῦντι
3627 3049 3719 3105 καὶ

2062 3142 2137 3205 εἷς
2166 3143 2392 3217 Περσίαν
2420 3142 2588 3199 πάλιν
2647 3141 2706 3198 ἐκ
2754 3138 3011 3215 δευτέρου
3057 3140 3379 3209 εἰσελθόντι,
3441 3140 3516 3214 μή
3545 3137 3721 3195 ἀπελ-

2063 3233 2172 3287 θεῖν
2199 3233 2286 3287 καὶ
2326 3233 2690 3307 βαπτισθῆναι
2748 3229 2800 3286 έν
2858 3234 2938 3303 τῷ
2991 3227 3281 3304 Ἱορδάνῃς
3328 3226 3508 3286 Ἀλλά
3535 3227 3722 3284 καὶτὸ

2064 3323 2139 3384 ὡς
2185 3324 2344 3387 νόθον
2406 3318 2723 3377 δίαϐάλλειν
2781 3321 2940 3377 αὐτὸν
3000 3321 3178 3392 πάσης
3234 3319 3422 3381 κακίας
3455 3317 3620 3373 ἐστίν.
3652 3318 3717 3371 ’Π

2063 3412 2167 3489 γὰρ
2205 3412 2357 3490 γενεά
2387 3412 2552 3468 αὐτοῦ
2589 3409 2845 3486 βασιλική
2909 3410 3127 3485 ὑπῆρχε
3184 3409 3274 3464 καὶ
3330 3407 3435 3479 πρὸ
3478 3404 3726 3477 Διοκλη-

2061 3507 2269 3559 τιανοῦ.
2330 3502 2431 3558 Καὶ
2489 3502 2592 3576 γάρ
2652 3501 2680 3555 ὁ
2738 3501 2920 3575 πατὴρ
2978 3500 3150 3555 αὐτοῦ
3212 3496 3590 3558 Κωνστάντιος
3630 3497 3722 3550 θυ-

2060 3588 2352 3666 γατριδοῦς
2406 3593 2471 3660 ἦν
2534 3587 2804 3645 Κλαυδίου
2859 3594 2956 3644 τοῦ
3020 3584 3312 3665 βασιλέως,
3368 3584 3461 3641 καὶ
3520 3583 3579 3640 έκ
3622 3590 3725 3654 τῆς

2059 3675 2285 3748 Ἑλένης
2314 3680 2414 3748 τῆς
2467 3679 2692 3752 πρώτης
2743 3677 2909 3732 αὑτοῦ
2966 3675 3217 3752 γυναικὸς
3262 3668 3391 3752 ἔσχε
3416 3670 3505 3727 τὸν
3537 3670 3717 3746 Μέγαν

2064 3773 2109 3823 Κ
2116 3771 2410 3823 ωνσταντῖν
2419 3788 2500 3836 ον,
2533 3766 2711 3829 καθὼς
2741 3764 3015 3822 λέλεκται.

2134 3857 2341 3914 Τούτου
2373 3857 2466 3912 οὗν
2497 3854 2886 3933 βαπτισθέντος
2946 3854 3161 3930 μεγάλα
3218 3852 3491 3927 θαυμάσια
3521 3850 3722 3921 ἐπαίη-

2060 3968 2145 4002 σεν
2177 3948 2205 4002 ὁ
2237 3947 2369 4009 Θεὸς
2400 3944 2490 4002 διὰ
2530 3951 2632 4002 τοῦ
2689 3944 2742 4000 έν
2802 3944 2979 4021 ἁγίοις
3036 3939 3394 4015 Σιλϐέστρου.
3447 3942 3633 3999 Πάντα
3662 3936 3722 3993 δὶ

2059 4036 2249 4113 παρεὶς
2294 4034 2349 4092 έν
2404 4036 2569 4111 μόνον
2629 4038 2840 4113 φράσω.
2901 4036 2990 4092 Ἐν
3050 4038 3130 4108 τῷ
3186 4029 3523 4103 Καπιτωλίῳ
3580 4028 3721 4086 Ῥώ-

2060 4148 2192 4200 μης,
2242 4124 2484 4202 βαθμοὺς
2542 4118 2725 4201 ἔχοντι
2783 4122 3125 4199 τριακοσίους
3179 4120 3616 4193 έξηκονταπέντε,
3665 4117 3718 4173 έν

2058 4218 2128 4288 τῇ
2159 4211 2447 4270 καταδύσει
2477 4218 2585 4268 τῶν
2620 4214 2843 4288 βαθμῶν
2881 4212 2970 4268 καὶ
3030 4216 3138 4267 τῶν
3197 4208 3470 4284 θεμελίων
3506 4206 3719 4283 δράκων

2056 4304 2185 4375 ᾢκει
2226 4305 2314 4376 [Ρ.
2344 4305 2471 4377 272]
2495 4302 2914 4376 λπαμμεγέθης,
2951 4301 2998 4374 ᾧ
3034 4299 3311 4369 έθυσίαζον
3340 4300 3459 4362 καθ’
3491 4295 3703 4371 ἡμέραν

2057 4392 2348 4463 Ἕλληνες.
2384 4392 2445 4448 El
2489 4388 2650 4461 δὀὕ,
2707 4388 2855 4447 ἀλλά
2902 4391 3153 4467 ἐξαίφνης
3206 4388 3515 4445 ἐπιπίπτων
3579 4384 3724 4440 πολ-

2055 4480 2189 4542 λοὺς
2245 4481 2590 4555 ἐλυμαίνετο.
2653 4483 2859 4537 Ἐκεῖσε
2919 4476 3258 4555 Σίλϐεστρος
3315 4473 3573 4544 καταϐὰς,
3630 4471 3722 4529 καὶ

296 4571 403 4625 has
435 4568 663 4623 obdens
694 4569 756 4624 in
787 4570 1029 4626 nomine
1060 4572 1200 4626 Jesu
1228 4568 1444 4625 Christi
1478 4568 1799 4624 draconem
1854 4568 1945 4623 in-

2064 4572 2302 4626 οἶκίσκον
2367 4570 2562 4647 μικρὸν
2611 4569 2812 4646 ἔχοντα
2859 4568 3037 4634 πύλας
3091 4567 3303 4645 χαλκᾶς
3354 4567 3525 4645 εὑρὼν
3565 4564 3627 4619 οὗ
3658 4566 3724 4632 ἦν

298 4658 552 4713 terfecit.

368 4836 601 4893 Nonum
633 4855 857 4895 annum
915 4839 1247 4910 imperante
1295 4836 1703 4902 Constantino,
1752 4836 1958 4892 Metro-

296 4926 529 4998 phanes
552 4944 603 4981 IV
632 4928 948 5000 episcopus
970 4926 1228 4999 Byzantii
1247 4933 1480 4982 creatus
1512 4931 1620 4982 est.
1655 4926 1788 4981 Haac
1818 4942 1953 4982 cum

294 5015 357 5070 in
376 5016 613 5071 Oriente
638 5018 1026 5072 Maximianus
1057 5015 1324 5072 Galerius
1354 5014 1695 5084 audivisset,
1727 5014 1952 5070 bellum

2066 4657 2340 4736 ὁδράκων
2408 4660 2627 4723 κλείσας
2693 4661 2789 4723 τὰς
2855 4661 3018 4736 θύρας
3081 4663 3153 4734 τῇ
3210 4657 3499 4728 ἐπικλήσει
3537 4656 3723 4725 Ἰησοῦ

2064 4752 2302 4825 Χριστοῦ
2334 4755 2525 4806 τοῦτον
2556 4749 2853 4809 ἀπέκτεινε.

2134 4844 2219 4912 Τῷ
2249 4834 2426 4903 θ’ἕτει
2491 4843 2592 4906 τῆς
2663 4839 2946 4916 βασιλείας
3010 4836 3438 4898 Κωνσταντίνου,
3499 4838 3720 4916 Μητρο-

2064 4929 2237 5007 φάνης
2285 4927 2581 4992 ἐπίσκοπος
2638 4915 2938 4999 Βυζαντίου
3000 4926 3044 4982 δ’
3107 4924 3312 5000 γέγονε,
3371 4923 3544 5007 Ταῦτα
3598 4915 3719 5007 τοί-

2062 5004 2152 5072 νυν
2205 5019 2233 5073 6
2274 5020 2377 5087 τῆς
2434 5020 2608 5092 Ἑῴας
2663 5018 3003 5090 Μαειμιανὸς
3057 5015 3085 5068 6
3141 5008 3448 5082 Καλλέριος
3480 5004 3717 5068 ἀκούσας

295 5105 576 5160 adversus
607 5106 975 5160 Christianos
1002 5105 1203 5160 movit.
1248 5106 1486 5160 Decimo
1517 5121 1674 5160 anno
1718 5105 1807 5160 sui
1842 5105 1951 5159 im-

2064 5109 2154 5163 τὸν
2184 5109 2322 5162 κατὰ
2372 5112 2715 5184 Χριστιανῶν
2771 5106 2937 5174 ἀνῆκε
2991 5102 3262 5176 πόλεμον.
3316 5101 3404 5157 Ἐν
3434 5102 3513 5170 τῷ
3548 5097 3575 5151 ι’
3607 5092 3716 5151 ἔτει

299 5196 470 5266 perii,
505 5196 932 5251 Constantinus
964 5196 1206 5267 Magnus
1239 5198 1299 5248 et
1328 5194 1588 5249 Licinius
1605 5195 1800 5248 Cassar
1821 5210 1951 5249 con-

2064 5205 2162 5268 τῆς
2230 5197 2511 5271 βασιλείας
2576 5196 2745 5250 αὐτοῦ
2813 5195 2841 5249 6
2909 5192 3094 5269 Μέγας
3159 5194 3564 5250 Κωνσταντῖνος
3622 5186 3716 5241 σὺν

296 5291 389 5341 tra
419 5286 718 5342 Galerium
762 5303 930 5342 arma
984 5292 1358 5359 paraverunt.
1419 5287 1489 5339 Et
1529 5285 1951 5340 Constantinus

2064 5288 2292 5361 Λικινίῳ
2336 5286 2559 5361 Καίσαρι
2591 5284 2726 5339 κατὰ
2773 5288 2871 5341 τοῦ
2918 5281 3225 5359 Γαλλερίου
3268 5279 3509 5355 ἀθροίζει
3554 5276 3723 5332 πόλε-

293 5373 427 5429 fuso
461 5376 727 5430 exercitu
760 5376 997 5441 Galerii,
1032 5375 1341 5431 universos
1375 5374 1608 5430 occidit.
1657 5374 1788 5445 Ipse
1838 5375 1951 5429 Ga-

2066 5398 2189 5450 μον,
2255 5376 2347 5430 καὶ
2411 5378 2605 5431 τοῦτον
2668 5374 3003 5451 τρεψάμενος
3071 5375 3272 5432 πάντας
3337 5370 3721 5444 κατασφάττει.

296 5461 480 5516 lerius
507 5463 773 5534 projecto
806 5464 1162 5532 diademate,
1197 5480 1334 5520 cum
1392 5462 1595 5535 paucis
1646 5460 1951 5520 fidissimis

2064 5465 2233 5529 Αὐτὸς
2293 5463 2351 5520 δὲ
2417 5466 2445 5518 6
2505 5461 2806 5540 Γαλλέριος
2868 5464 2931 5520 τὸ
2999 5459 3245 5537 διάδημα
3289 5460 3450 5536 ῥίψας
3479 5456 3571 5512 καὶ
3604 5453 3721 5529 μετ’

289 5550 431 5622 fuga
461 5550 719 5623 elapsus,
753 5570 788 5610 a
814 5571 961 5629 pago
993 5555 1067 5611 ad
1096 5571 1312 5629 pagum
1345 5552 1651 5621 discurrit,
1677 5553 1951 5610 sacerdo-

2064 5553 2270 5633 ὁλίγων
2328 5551 2695 5609 εὐνουστάτων
2758 5550 2983 5631 διαδρὰς
3039 5552 3145 5608 ἀπὸ
3218 5548 3416 5623 κώμης
3475 5545 3551 5606 εἰς
3607 5543 3724 5599 κώ-

298 5644 511 5709 tesque
542 5640 1020 5715 simulacrorum,
1055 5650 1299 5716 mystas,
1329 5647 1489 5699 vates
1541 5646 1601 5697 et
1636 5641 1858 5700 ariolos
1885 5650 1951 5703 ut

2067 5665 2177 5719 μην
2209 5643 2415 5721 ᾤχετο,
2454 5640 2546 5697 καὶ
2570 5641 2698 5708 τοὺς
2725 5644 2892 5719 ἱερεῖς
2946 5644 3057 5698 τῶν
3117 5635 3366 5695 εἰδώλων
3392 5635 3483 5692 καὶ
3519 5634 3726 5711 μύστας
