4154 6442
325 346 439 406 521

1430 340 1982 441 HlSTORIARUM
2028 342 2585 406 COMPENDIUM.

3618 353 3738 413 522

312 477 401 534 καὶ
432 474 723 553 προφήτας
762 473 852 528 καὶ
915 473 1136 539 μάντεις
1194 471 1268 534 ὡς
1328 471 1643 538 ἀπατεῶνας
1699 472 1973 551 κατέσφα-

2110 480 2443 547 mpostores
2501 476 2832 533 trucidavit.
2866 479 3190 536 Undecimo
3220 497 3400 551 anno,
3430 500 3565 540 cum
3606 485 3735 554 jam

317 568 415 638 ξεν.
448 565 535 621 Ἐν
568 563 626 619 δὲ
678 567 760 635 τῷ
818 563 884 616 ια’
940 560 1049 618 ἔτει
1120 560 1422 635 μέλλοντος
1479 570 1818 637 κρατηθῆναι
1874 566 1972 617 τοῦ

320 656 667 727 Μαξιμιανοῦ
728 653 831 707 ὑπὸ
876 655 975 707 τοῦ
1032 650 1297 727 Μεγάλου
1355 651 1791 721 Κωνσταντίνου,
1835 670 1975 728 προ-

320 742 564 800 λαϐοῦσα
596 739 712 806 θεία
743 741 883 817 ὀργὴ
943 735 1238 797 κατέλαϐεν
1295 740 1478 797 αὐτόν’
1541 741 1678 820 φλὸξ
1707 742 1810 817 γὰρ
1867 740 1973 795 ἀπὸ

315 838 420 890 τῶν
454 831 795 910 σπλάγχνων
828 830 992 886 αὐτοῦ
1051 831 1141 887 καὶ
1195 828 1379 905 μελῶν
1437 831 1729 905 ἀναφθεῖσαι
1793 830 1978 909 ἀμφο-

317 923 507 999 τέρους
536 920 665 983 τοὺς
695 919 1021 998 ἀφθαλμοὺς
1069 921 1237 976 αὐτοῦ
1292 919 1600 992 ἐκπηδῆσαι
1657 920 1975 992 πεποίηκεν,

325 1017 376 1070 αἱ
410 1011 468 1069 δὲ
498 1013 692 1087 σάρκες
746 1010 910 1085 αὐτοῦ
978 1016 1227 1065 σαπεῖσαι
1287 1015 1395 1065 τῶν
1454 1010 1653 1065 ὀστέων
1708 1005 1975 1081 ἐξέπεσον,

320 1104 411 1159 καὶ
457 1104 608 1159 οὕτω
668 1098 931 1162 διατεθεὶς
997 1102 1098 1171 τὴν
1145 1102 1421 1176 θεομάχον
1480 1100 1646 1156 αὐτοῦ
1712 1098 1980 1175 ἀπέρρηξε

324 1194 527 1272 ψυχήν.
590 1194 685 1262 Τῷ
745 1190 900 1262 αὐτῷ
959 1187 1017 1244 δὲ
1053 1190 1243 1265 τρόπῳ
1300 1190 1393 1244 καὶ
1444 1192 1744 1263 Μαξιμῖνος
1797 1191 1827 1244 6
1882 1193 1978 1243 τοῦ

329 1285 528 1357 μιαροῦ
562 1280 908 1355 μιαρώτατος
938 1278 1077 1346 υἱὸς,
1113 1277 1280 1353 μυρία
1327 1277 1425 1333 ὅσα
1454 1277 1544 1332 καὶ
1602 1276 1812 1353 ἄρρητα
1845 1278 1980 1333 κατά

324 1377 435 1428 τῶν
457 1372 800 1445 Χριστιανῶν
834 1367 1149 1439 ἐπινοήσας,
1180 1367 1571 1441 ἀναριθμήτοις
1609 1372 1798 1430 κακοῖς
1852 1368 1977 1422 ὑπε-

329 1456 538 1529 ϐλήθη,
565 1455 658 1511 καὶ
684 1456 866 1517 νόσοις
896 1456 1046 1530 παρά
1085 1453 1241 1533 φύσιν
1288 1454 1379 1509 καὶ
1432 1454 1672 1530 πληγαῖς
1724 1453 1980 1525 ἐξαισίαις

330 1543 838 1618 ποινηλατοόμενος
868 1543 1105 1617 έξέψυξε.

411 1640 500 1708 Τῷ
555 1636 627 1707 ιβ¹
685 1631 790 1689 ἔτει
854 1632 1095 1688 Λικίνιον
1179 1630 1443 1703 διαθήκας
1526 1632 1829 1704 ἀπαιτήσας
1887 1635 1984 1687 τοῦ
2068 1649 2073 1654 ‘

339 1723 505 1799 μηδὲν
549 1723 690 1780 κατά
743 1723 1083 1797 Χριστιανῶν
1140 1722 1395 1797 πράττειν
1489 1722 1681 1792 κακὸν,
1756 1719 1984 1797 βασιλέα

2086 564 2509 622 Constantinus
2540 568 2960 624 Maximianum
2993 575 3151 625 esset
3192 571 3253 625 in
3280 588 3446 627 suam
3477 579 3735 644 potesta-

2085 658 2204 709 tem
2234 655 2603 726 redacturus,
2639 657 2741 711 Dei
2773 657 2863 712 ira
2891 657 3273 729 imperatoris
3303 666 3583 717 conatum
3614 680 3737 717 cor-

2085 743 2360 814 ripiendo
2392 745 2507 800 isto
2536 746 2870 801 antevertit.
2905 747 3174 804 Flamma
3205 749 3368 805 enim
3409 767 3480 805 ex
3510 750 3738 806 intesti-

2085 832 2178 887 nis
2209 832 2518 889 Galleriiet
2544 835 2831 890 membris
2851 840 3403 909 exorta,utrumque
3423 839 3478 894 ei
3500 839 3741 895 oculum

2089 923 2285 978 elisit:
2321 940 2651 996 carnesque
2676 926 2748 981 ab
2814 926 3049 982 ossibus
3106 927 3477 984 deciderunt.
3504 930 3598 985 Sic
3636 930 3741 985 ille

2088 1013 2335 1069 aﬂ‘ectus
2365 1015 2483 1070 Deo
2515 1014 2924 1071 adversantem
2946 1017 3208 1073 animam
3241 1018 3376 1089 egit.
3398 1019 3743 1090 Eodemque

2091 1101 2265 1157 modo
2296 1104 2672 1172 Maximinus,
2704 1104 2983 1161 scelerosi
3022 1106 3199 1178 hujus
3249 1107 3746 1164 sceleratissimus

2092 1191 2271 1258 ﬁlius,
2303 1192 2404 1262 qui
2437 1192 2673 1248 inﬁnita
2701 1199 2760 1248 et
2779 1194 3107 1249 ineffabilia
3134 1200 3342 1251 contra
3376 1197 3746 1253 Christianos

2092 1281 2541 1353 excogitaverat,
2556 1282 2888 1337 innumeris
2910 1283 3101 1354 pomis
3131 1284 3457 1357 subjectus,
3492 1286 3747 1340 morbis-

2093 1386 2206 1439 que
2234 1369 2675 1426 innaturalibus
2689 1375 2748 1426 et
2775 1371 3064 1427 inauditis
3093 1373 3349 1430 miseriis
3370 1375 3748 1431 excarniﬁca-

2091 1463 2187 1513 tus
2222 1457 2390 1513 obiit.

2170 1635 2532 1693 Duodecimo
2563 1655 2719 1694 anno
2760 1637 3076 1707 Licinium,
3106 1656 3243 1694 cum
3296 1640 3347 1696 is
3402 1646 3575 1713 pacto
3633 1643 3749 1699 isto

2099 1725 2417 1796 stipulatus
2448 1731 2624 1794 esset,
2656 1726 2808 1781 nihil
2837 1743 2898 1782 se
2929 1732 3137 1782 contra
3166 1728 3532 1786 Christianos
3551 1735 3751 1786 tenta-

331 1813 642 1889 ἀναγορεύει
697 1810 791 1866 καὶ
853 1810 1114 1890 ἀφορίσας
1159 1817 1354 1886 μοῖραν
1411 1817 1510 1879 τῆς
1564 1811 1854 1884 Ῥωμαίων
1881 1816 1983 1884 γῆς

2110 1821 2323 1888 turum,
2346 1818 2769 1889 imperatorem
2798 1817 3140 1888 declaravit,
3174 1824 3527 1891 partemque
3558 1820 3613 1874 ei
3636 1822 3752 1876 Ro-

328 1901 575 1959 δίδωσιν.
603 1902 877 1959 Ἐντεῦθεν
938 1901 966 1955 6
1033 1899 1170 1955 κατά
1224 1903 1562 1975 Χριστιανῶν
1608 1900 1798 1977 χάριτι
1856 1902 1989 1953 Θεοῦ

335 1991 605 2047 πέπαυται
634 1987 899 2066 διωγμὸς.
933 1989 1057 2045 Ἐπὶ
1104 1989 1302 2044 τούτου
1357 1994 1455 2044 τοῦ
1511 1990 1759 2044 Λικινίου
1817 1987 1988 2064 ἐμαρ-

327 2081 565 2155 τύρησεν
597 2080 624 2134 ὁ
656 2077 814 2153 ’ἀγιυς
844 2075 1147 2153 Θεόδωρος.

401 2173 498 2241 Τῷ
543 2165 610 2223 ιδ’
674 2165 781 2223 ἔτει
842 2166 1199 2243 μονοκράτωρ
1255 2167 1283 2220 6
1340 2167 1525 2242 Μέγας
1585 2167 1994 2228 Κωνσταντῖνος

325 2258 511 2326 πάσης
564 2259 665 2321 τῆς
723 2255 1014 2329 Ῥωμαίων
1074 2260 1180 2329 γῆς
1227 2253 1519 2329 γενόμενος
1594 2257 1766 2308 πᾶσαν
1825 2253 1992 2308 αὑτοῦ

324 2352 429 2418 τήν
462 2341 667 2402 ἔννοιαν
740 2344 818 2407 εἷς
879 2344 1023 2409 θείας
1081 2341 1372 2422 φροντίδας
1428 2346 1746 2422 μετήγαγεν,
1796 2341 1995 2413 ἐκνλη-

330 2439 451 2499 σίας
511 2434 801 2510 ἀνεγείρων
870 2435 961 2490 καὶ
998 2432 1334 2514 ’φιλοτίμως
1398 2434 1593 2497 ταύτας
1660 2431 1990 2502 πλουτίζων.

327 2530 531 2607 Γράφει
563 2526 624 2583 δὲ
654 2528 745 2583 καὶ
792 2532 1008 2601 πρῶτον
1036 2528 1223 2602 νόμον,
1264 2526 1392 2590 τοὺς
1422 2533 1531 2582 τῶν
1553 2523 1801 2582 εἰδώλων
1831 2525 1995 2588 ναοὺς

323 2617 690 2683 ἀποδίδοσθαι
760 2623 878 2680 τοῖς
936 2622 1017 2690 τῷ
1066 2622 1287 2693 Χριστῷ
1348 2617 1750 2692 ἀφιερωμένοις
1819 2620 1990 2678 ναοῖς’

336 2707 604 2785 δεύτερον,
676 2706 1034 2784 Χριστιανοὺς
1096 2707 1292 2781 μόνους
1366 2706 1749 2781 στρατεύεσθαι
1827 2705 1992 2761 ἐθνῶν

332 2818 391 2853 τε
421 2796 511 2854 καί
542 2793 924 2871 στρατοπέδων
948 2794 1165 2875 ἄρχειν,
1216 2795 1347 2859 τοὺς
1407 2793 1464 2851 δὶ
1523 2794 1879 2869 ἒπιμένοντας
1927 2794 1999 2866 τῇ

333 2885 767 2962 εἷδωλολατρείᾳ
825 2883 1139 2960 κεφαλικῶς
1210 2886 1593 2960 τιμωρεῖσθαι·
1648 2885 1852 2958 τρίτον,
1902 2882 1999 2946 τὰς

337 2975 650 3037 acac/alia;
684 2972 783 3029 δύο
814 2969 1123 3048 ἑϐδομάδας
1175 2973 1487 3049 ἀπράκτους
1542 2971 1745 3044 τελεῖν,
1781 2973 1882 3042 τήν
1939 2990 1998 3026 τε

344 3068 452 3141 πρὸ
474 3063 569 3120 τοῦ
602 3064 797 3139 Πάσχα
824 3063 916 3118 καὶ
943 3064 1043 3126 τὴν
1078 3064 1197 3137 μετ’
1225 3061 1415 3133 αὐτήν.
1456 3064 1532 3117 Τά
1567 3059 1625 3117 δὲ
1653 3065 1761 3117 τῶν
1792 3064 1996 3139 πηχῶν

356 3160 456 3223 τῆς
484 3149 786 3215 ἀναϐάσεως
812 3156 911 3209 τοῦ
944 3149 1144 3210 Νείλου
1195 3151 1249 3208 ἐν
1295 3155 1365 3226 τῇ
1418 3150 1686 3223 ἐκκλησίᾳ
1744 3150 2000 3223 ἐνομοθέ-

352 3263 515 3312 τησεν
536 3241 901 3320 ἀναφέρεσθαι,
931 3241 1020 3297 καὶ
1045 3240 1144 3297 οὐκ
1173 3239 1225 3296 ἐν
1257 3246 1336 3311 τῷ
1370 3238 1664 3317 Σαράπιδι,
1687 3240 1762 3304 ὡς
1791 3238 1996 3305 εἷ’θιστο

340 3338 461 3394 τοῖς
500 3330 1004 3404 Ἕλλησιν.Ἀλλά
1034 3329 1153 3388 δέον
1179 3330 1290 3387 ἐστὶ
1346 3332 1471 3405 περὶ
1528 3338 1631 3402 τῆς
1686 3334 1784 3385 τοῦ
1841 3331 1997 3404 ἁγίου

340 3416 678 3498 Σιλϐέστρου
710 3419 1001 3491 διαλέξεως
1033 3420 1196 3496 ὀλίγα
1224 3420 1346 3476 τινὰ
1376 3420 1569 3479 εἰπεῖν.

410 3514 490 3585 [Ρ.
538 3512 666 3584 2'73]
725 3513 814 3584 Τῷ
871 3508 915 3566 δ’
973 3504 1080 3566 ἔτει
1145 3517 1246 3580 τῆς
1319 3508 1599 3585 βασιλείας
1654 3512 1751 3564 τοῦ
1790 3502 2000 3564 εὐσεϐε-

339 3604 536 3656 στάτου
561 3600 653 3654 καὶ
683 3597 942 3676 Μεγάλου
975 3599 1380 3657 Κωνσταντίνου
1420 3592 1655 3669 διάλεξις
1695 3599 1912 3674 γέγονεν
1945 3596 1998 3653 έν

340 3690 542 3763 Ῥώμῃ
575 3690 909 3765 Χριστιανῶν
941 3688 1031 3743 καὶ
1063 3685 1364 3746 Ἰουδαίων.
1407 3688 1512 3744 Καὶ
1568 3691 1677 3742 τῶν
1738 3688 1832 3761 μὲν
1864 3690 1999 3760 Χρι.

341 3783 574 3834 στιανῶν
617 3779 645 3832 ὁ
681 3777 846 3854 μέγας
904 3779 1094 3854 ἡγεῖτο
1156 3772 1486 3850 Σίλϐεστρος
1531 3775 1714 3838 πάπας
1771 3771 1845 3831 ὤν
1898 3782 2000 3845 τῆς

334 3867 586 3939 Ῥώμης,
606 3864 887 3924 Ἰουδαίων
921 3864 981 3921 δὲ
1002 3867 1098 3922 σὺν
1128 3864 1324 3927 ἄλλοις
1347 3865 1629 3926 πλείστοις
1658 3865 2000 3939 νομομαθέσι

338 3950 432 4011 κάὶ
462 3950 728 4033 Ζαμϐρῆς
761 3956 789 4011 ὁ
825 3956 1022 4033 μάγος,
1047 3950 1305 4032 Ἑϐραῖος
1335 3955 1426 4010 καὶ
1480 3954 1639 4029 γόης,
1671 3952 1723 4008 ἐν
1754 3954 1800 4025 ᾦ
1831 3959 2002 4009 πᾶσαν

335 4047 440 4116 τήν
506 4046 835 4116 πεποίθησιν
895 4048 1049 4121 εἶχον
1105 4046 1158 4100 οἱ
1199 4041 1478 4103 Ἰουδαῖοι.
1538 4044 1771 4117 Λέγουσι
1821 4042 2000 4098 τοίνυν

342 4132 630 4193 Ἰουδαῖοι*
694 4133 1015 4206 Ἐκλέξασθε
1091 4131 1300 4189 δώδεκα
1364 4133 1744 4208 Χριστιανοὺς,
1806 4132 2002 4193 οἳτινες

344 4223 630 4303 ὀφείλουσι
656 4220 1148 4299 δικαιολογηθῆναι
1171 4223 1403 4296 ἡμῖν.Ὁ
1426 4219 1483 4277 δὲ
1503 4223 1654 4298 ἅγιος
1673 4215 2005 4296 Σίλϐεστρος

345 4308 477 4388 ἔφη·
503 4313 698 4386 Ἡμεῖς
748 4313 827 4376 εἷς
857 4315 955 4383 τήν
987 4316 1084 4368 τοῦ
1141 4317 1275 4368 Θεοῦ
1307 4311 1534 4385 δύναμιν
1566 4312 1875 4389 ἀφορῶμεν.
1910 4311 2006 4373 Εἷς

341 4403 451 4477 γάρ
478 4401 622 4457 ἐστιν
657 4400 703 4474 ᾦ
730 4399 985 4477 λέγομεν
1010 4400 1242 4457 Ἀνάστα
1273 4401 1301 4455 ὁ
1332 4398 1709 4472 Θεὸς,δίκασον
1733 4396 2004 4470 τὴνδικην

341 4514 463 4546 σου.
494 4494 663 4550 *Οσον
691 4491 795 4567 γάρ
823 4495 921 4557 τῆς
963 4495 1073 4546 τῶν
1115 4490 1412 4566 ἀνθρώπων
1445 4489 1700 4565 βοηθείας,
1751 4489 2008 4564 ὑστερού-

2100 1906 2261 1961 mani
2285 1905 2519 1977 imperii
2550 1905 2839 1974 attribuit,
2866 1906 3034 1962 Tunc
3073 1908 3176 1963 Dei
3206 1907 3500 1964 beneﬁcio
3522 1909 3751 1964 vexatio

2100 1995 2573 2051 Christianorum
2603 1995 2756 2050 478
2815 1995 2986 2051 finita
3041 2001 3151 2052 est.
3214 1996 3331 2052 Sub
3364 1997 3477 2053 hoc
3524 1996 3751 2053 Licinio

2098 2083 2307 2139 beatus
2326 2083 2665 2138 Theodorus
2696 2088 2922 2156 martyr
2950 2101 3159 2156 passus
3185 2089 3275 2139 est
3294 2085 3676 2157 supplicium.

2169 2174 2342 2227 Anno
2371 2171 2600 2247 decimo
2634 2179 2842 2244 quarto
2873 2174 3458 2242 Constantinus,cum
3473 2174 3547 2230 ad
3560 2174 3758 2246 ipsum

2101 2278 2290 2317 unum
2327 2262 2523 2317 omnis
2581 2261 2817 2333 imperii
2866 2267 3128 2333 potestas
3158 2263 3514 2331 devenisset,
3549 2279 3757 2318 omnes

2103 2367 2241 2407 suas
2272 2350 2657 2424 cogitationes
2688 2350 2763 2406 ad
2792 2367 2990 2408 sacras
3045 2369 3142 2407 res
3200 2353 3508 2420 convertit,
3541 2353 3765 2425 templa

2105 2441 2392 2497 exstruxit
2419 2457 2488 2496 ac
2517 2441 2835 2513 magniﬁce
2888 2441 3115 2498 ditavit.
3152 2442 3309 2497 Tulit
3355 2443 3535 2498 etiam
3578 2441 3762 2513 leges.

2104 2531 2305 2586 Prima
2334 2530 2467 2598 fuit,
2496 2534 2565 2585 ut
2592 2530 2731 2585 fana
2761 2530 3093 2586 simulacris
3147 2537 3494 2587 consecrata
3532 2532 3763 2587 Christo

2106 2619 2395 2676 dedicatis
2422 2617 3410 2690 templis’addicerentur.Secunda
3441 2636 3454 2674 :
3480 2620 3592 2675 soli
3605 2621 3766 2675 Chri-

2104 2709 2282 2764 stiani
2314 2706 3065 2780 militent,nationibusque
3097 2714 3155 2763 et
3183 2709 3542 2764 exercitibus
3571 2708 3767 2780 impe-

2106 2801 2259 2852 rent.
2294 2795 2402 2861 Qui
2433 2796 2495 2850 in
2528 2795 2692 2851 cultu
2746 2796 3034 2852 falsorum
3093 2796 3344 2852 deorum
3402 2804 3765 2870 perseverat,

2107 2883 2299 2955 capite
2329 2881 2641 2955 plectatur.
2665 2883 2889 2939 Tertia:
2921 2901 3028 2956 per
3053 2884 3201 2939 duas
3232 2884 3767 2955 septimanas,qua-

2109 2989 2243 3028 rum
2274 2972 2464 3028 altera
2491 2972 3006 3041 antecedit,altera
3035 2973 3305 3043 sequitur
3335 2973 3581 3042 Pascha,
3599 2973 3763 3029 feriae

2108 3067 2306 3118 sunto.
2364 3063 2697 3117 Mensuram
2729 3078 2966 3134 quoque
3024 3062 3362 3117 cubitorum
3387 3062 3760 3118 ascensionis

2107 3150 2243 3218 Nili,
2270 3151 2451 3223 jussit
2480 3151 2543 3206 in
2576 3152 2862 3222 templum
2911 3152 3144 3220 referri,
3176 3168 3297 3206 non
3344 3154 3435 3219 (ut
3492 3151 3767 3207 solebant

2028 3224 2071 3292 C
2110 3240 2293 3296 Graeci
2324 3240 2543 3311 facere)
2564 3239 2626 3295 in
2657 3240 2794 3294 fano
2853 3240 3169 3311 Serapidis.
3212 3241 3429 3295 Verum
3470 3241 3582 3296 hoc
3635 3240 3766 3296 loco

2111 3332 2345 3400 oportet
2362 3345 2552 3401 pauca
2583 3328 2854 3401 quaedam
2879 3328 2950 3385 de
2963 3329 3152 3385 sancti
3184 3328 3444 3385 Silvestri
3466 3328 3765 3401 colloquio

2113 3417 2400 3473 inserere.

2183 3508 2391 3562 Annus
2422 3511 2546 3563 erat
2575 3512 2821 3577 quartus
2870 3507 3102 3579 imperii
3147 3506 3521 3563 Constantini
3551 3507 3766 3581 Magni,

2112 3614 2248 3653 cum
2276 3598 2474 3654 Romae
2493 3596 2650 3653 inter
2672 3597 3037 3653 Christianos
3065 3602 3124 3653 et
3149 3597 3382 3653 Judaaos
3402 3597 3771 3669 colloquium

2110 3686 2243 3743 fuit.
2286 3684 2759 3743 Christianorum
2791 3704 3030 3743 causam
3079 3687 3289 3760 agebat
3345 3687 3621 3743 Silvester
3668 3687 3771 3743 ille

2112 3792 2384 3847 magnus,
2412 3792 2567 3848 papa
2597 3776 3457 3844 RomanusJudasorumﬁnter
3476 3776 3768 3850 plurimos

2114 3867 2264 3923 alios
2320 3866 2467 3939 legis
2498 3868 2720 3939 peritos
2750 3868 3029 3924 Zambres
3059 3885 3187 3924 rem
3234 3868 3513 3924 tuebatur
3538 3885 3766 3941 magus,

2113 3956 2355 4011 Ebraaus
2382 3956 2761 4027 impostor,in
2793 3974 2910 4027 quo
2941 3957 3133 4013 Judasi
3155 3974 3395 4012 omnem
3409 3973 3575 4029 spem
3596 3973 3769 4012 suam

2113 4048 2525 4115 reposuerant.
2553 4044 2775 4099 Judaei:
2808 4045 3017 4117 Eligite
3038 4045 3351 4101 duodecim
3374 4046 3766 4114 Christianos,

2116 4149 2265 4204 quos
2291 4131 2448 4204 apud
2477 4148 2588 4188 nos
2620 4138 2854 4204 oportet
2899 4149 3138 4189 causam
3187 4134 3403 4189 dicere.
3438 4135 3716 4190 Silvester
3752 4150 3766 4188 :

2116 4225 2230 4279 Nos
2261 4222 2335 4278 de
2364 4222 2635 4294 potentia
2664 4224 2766 4278 Dei
2818 4224 3170 4295 pendemur.
3231 4226 3393 4281 Unus
3451 4226 3611 4281 enim
3658 4231 3771 4291 est,

2117 4327 2294 4384 quem
2329 4313 2413 4367 sic
2453 4312 2903 4384 compellamus.
2938 4313 3139 4386 Surge,
3186 4314 3362 4384 Deus,
3423 4319 3482 4369 et
3529 4329 3772 4369 causam

2117 4406 2281 4457 tuam
2304 4417 2524 4457 assere.
2565 4402 2797 4466 Quanto
2831 4403 2991 4456 enim
3048 4402 3236 4474 magis
3293 4401 3467 4458 nobis
3525 4401 3774 4458 humani

2117 4489 2323 4545 auxilii
2354 4488 2540 4557 deest,
2573 4491 2727 4546 479
2759 4495 2926 4545 tanto
2982 4489 3118 4561 plus
3175 4491 3237 4545 in
3293 4490 3492 4546 divino
3550 4490 3773 4546 auxilio

341 4583 501 4654 μεθα,
547 4580 806 4635 τοσοῦτον
862 4583 932 4653 τῇ
989 4584 1087 4635 τοῦ
1145 4583 1279 4634 Θεοῦ
1336 4577 1559 4652 δυνάμει
1616 4577 1996 4653 στηριζόμεθα.

2117 4578 2349 4634 fiducia:
2380 4578 2745 4649 reponimus.
2766 4578 2854 4634 Ad
2878 4579 3006 4634 haac
3035 4579 3320 4634 Abiathar
3346 4578 3612 4636 Iudaeus:
3637 4579 3776 4635 Haac

349 4669 497 4745 Πρὸς
528 4672 696 4724 ταῦτα
726 4665 985 4744 Ἀϐιάθαρ
1014 4665 1279 4731 Ἰουδαῖος
1334 4662 1459 4746 ἔφη’
1519 4669 1695 4726 Τοῦτο
1750 4668 1813 4723 τὸ
1843 4668 2010 4743 ῥητὸν

348 4761 378 4814 6
413 4759 684 4835 ἡμέτερος
742 4753 843 4836 ἔφη
903 4760 1218 4837 προφήτης.
1277 4757 1381 4816 Καὶ
1412 4759 1441 4813 6
1473 4753 1624 4832 άγιος
1655 4752 2005 4833 Σίλϐεστρος·

341 4849 534 4905 Πάντα
592 4849 835 4924 σήμερον
898 4847 1122 4913 ἐνταῦθα
1178 4847 1238 4904 ἐκ
1292 4852 1402 4903 τῶν
1462 4848 1738 4922 ῦμετέρων
1796 4842 2007 4923 βίϐλων

351 4943 740 5015 προσενεγκεῖν
798 4932 1000 5014 ἔχομεν
1056 4938 1178 4993 καθ’
1238 4937 1390 5013 ὑμῶν
1447 4937 1648 4993 αὐτῶν·
1716 4937 1841 4992 τότε
1908 4937 2009 5012 γὰρ

347 5026 589 5103 λαμπρὰ
616 5028 825 5104 γίνεται
855 5027 1007 5098 νίκη,
1038 5026 1163 5082 ’ὁταν
1194 5026 1258 5081 τὸ
1317 5025 1369 5098 ἐξ
1420 5023 1660 5088 ἐναντίας
1721 5023 1885 5099 μέρος
1941 5027 2010 5098 τῇ

345 5122 462 5172 τῶν
493 5115 710 5172 οἰκείων
741 5112 1107 5172 διδασκαλιῶν
1149 5114 1394 5188 αὖθεντίᾳ
1448 5117 1685 5190 ἡττηθῇ.
1727 5117 1786 5173 Ὀ
1847 5114 2010 5190 βασι-

346 5209 479 5271 λεὺς
509 5203 635 5287 ἔφη’
669 5208 822 5280 Αὕτη
855 5205 1039 5264 δικαία
1087 5210 1122 5278 ἡ
1161 5209 1362 5286 κρίσις,
1410 5205 1465 5263 ἐν
1516 5206 1553 5282 ᾖ
1612 5206 2014 5280 καταναγκάζε-

342 5319 437 5354 ται
461 5297 689 5363 ’ἕκαστος
718 5301 788 5372 τῇ
840 5304 944 5367 τῆς
994 5294 1134 5359 ἰδίας
1195 5294 1482 5373 θρησκείας
1542 5294 1791 5367 αὐθεντίᾳ
1845 5296 2013 5366 ἡττᾶ-

344 5398 495 5452 σθαι.
532 5381 796 5461 Ἀϐιάθαρ
857 5386 999 5442 εἶπε·
1059 5389 1167 5442 Τοῦ
1221 5383 1664 5460 παντοκράτορος
1718 5386 1877 5451 Θεοῦ,
1913 5387 2012 5437 τοῦ

342 5478 648 5553 ἡμετέρου,
678 5474 850 5553 λέγω,
889 5474 1013 5550 ἰδίῳ
1043 5476 1275 5552 στόματι
1311 5474 1593 5553 λέγοντος,
1627 5472 1818 5548 Ἴδετε,
1841 5470 2011 5545 ἲδετε,

422 5627 472 5663 ⁶⁴
502 5629 674 5686 Deut.
697 5645 857 5686 xxxn
891 5647 906 5697 ;
937 5630 1049 5685 Isa.
1084 5644 1211 5695 va,
1232 5628 1301 5682 46
1315 5628 1543 5698 passim.

494 5746 541 5801 ἱ-
592 5748 858 5809 Pauor.
907 5747 1017 5808 Gn.
1065 5743 1273 5807 CXXI.

2119 4668 2334 4740 inquit,
2360 4667 2537 4724 verba
2567 4673 2708 4723 sunt
2735 4668 2923 4724 nostri
2944 4669 3113 4724 vatis.
3160 4668 3421 4741 Subjecit
3451 4669 3729 4727 Silvester
3760 4687 3775 4725 :

2121 4759 2235 4813 Nos
2264 4757 2441 4813 hodie
2490 4758 2693 4813 omnia
2722 4775 2852 4829 quae
2893 4758 3173 4815 adversus
3203 4776 3305 4814 vos
3352 4777 3779 4833 proponemus,

2123 4863 2194 4902 ex
2221 4847 2431 4903 vestris
2488 4846 2661 4901 libris
2706 4847 3027 4904 statuimus
3084 4849 3373 4920 proferre.
3405 4851 3566 4906 Tunc
3615 4850 3780 4906 enim

2122 4934 2371 4991 illustris
2398 4939 2488 4990 est
2516 4935 2940 5005 victoria,cum
2972 4937 3220 4994 adversa
3255 4955 3395 5010 pars
3436 4955 3558 4995 sum
3617 4937 3782 5010 ipso-

2120 5041 2255 5080 rum
2286 5023 2572 5080 doctrinae
2603 5026 2955 5082 auctoritate
2985 5026 3615 5099 vincitur.Imperator
3639 5044 3781 5097 pro-

2121 5114 2419 5170 nuntiavit
2429 5114 2664 5187 justum
2696 5113 2757 5169 id
2811 5132 2940 5172 esse
2997 5116 3298 5189 judicium
3329 5132 3466 5171 cum
3492 5115 3778 5171 alterutra

2122 5222 2261 5278 pars
2292 5221 2413 5260 sum
2464 5221 2644 5276 quam
2702 5206 3018 5278 profitetur
3072 5205 3377 5278 religionis
3424 5206 3776 5261 auctoritate

2122 5295 2354 5368 cogitur
2383 5310 2446 5349 se
2468 5294 2684 5350 victam
2702 5294 3358 5352 ostendere.Abiathar:
3376 5294 3492 5350 Suo
3511 5310 3611 5349 ore
3630 5293 3782 5349 dixit

2124 5385 2505 5457 omnipotens
2533 5388 2739 5440 noster
2768 5385 2925 5440 Deus
2959 5383 3222 5451 :Videte,
3247 5382 3461 5440 videte.
3493 5385 3610 5457 Ego
3642 5400 3775 5441 sum

2122 5476 2297 5544 Deus,
2329 5490 2525 5545 neque
2556 5474 2711 5530 alius
2739 5477 2829 5529 est
2856 5476 3073 5544 prater
3098 5487 3195 5528 me
3207 5473 3363 5528 Deus
3382 5471 3452 5531 ⁶⁴.
3475 5473 3780 5540 Quomodo

3461 5743 3536 5800 17
