4144 6446
323 343 445 404 523

1684 334 2006 395 GEORGII
2050 333 2393 396 CEDRENI

3625 336 3745 394 524

329 494 464 551 ergo
495 476 818 533 Christiani
871 475 1041 531 aiunt
1091 479 1211 529 tres
1270 489 1398 529 esse
1457 470 1813 539 adorandos,
1871 473 1955 527 Pa

2089 470 2174 525 ’ὁτι
2207 468 2313 547 ἐγώ
2343 469 2458 543 εἶμι
2502 470 2654 539 Θεὸς,
2710 471 2801 524 καὶ
2861 469 2959 525 οὐκ
3014 467 3125 525 ἔστι
3182 467 3333 539 πλὴν
3397 469 3555 543 ἐμοῦ,
3623 475 3742 532 πῶς

328 573 482 623 trem
512 568 577 624 in
612 583 789 638 quem
843 570 903 620 et
952 582 1063 620 nos
1119 563 1494 629 conﬁdimus,
1535 560 1752 616 Filium
1807 578 1985 632 quem

328 658 594 729 majores
624 655 815 712 nostri
837 656 899 709 in
931 669 1156 710 crucem
1186 657 1452 724 egerunt,
1486 668 1553 707 ac
1585 651 1827 706 tertium
1854 650 1983 722 Spi-

324 748 513 803 ritum
546 751 817 802 sanctum
843 745 870 799 ?
898 746 1047 817 Ergo
1078 758 1319 798 necesse
1352 747 1443 797 est
1488 747 1555 796 ut
1611 758 1746 797 cum
1777 740 1865 795 illi
1887 741 1984 811 ju-

324 836 509 893 beant
537 842 654 892 tres
679 834 934 898 adorari,
975 834 1136 888 hunc
1158 832 1466 887 offendant
1491 832 1593 902 qui
1643 849 1705 887 se
1737 831 1982 887 unicum

331 943 458 981 esse
491 926 675 980 Deum
707 924 874 977 dixit.
911 923 1184 978 Silvester
1208 938 1220 975 :
1243 923 1360 977 Nos
1404 922 1649 977 unicum
1683 922 1870 976 Deum
1925 925 1984 974 et

328 1014 576 1069 colimus
609 1018 667 1068 et
688 1012 1057 1084 proﬁtemur.
1089 1012 1292 1081 Neque
1322 1016 1525 1066 tamen
1555 1012 1637 1066 ita
1681 1010 1980 1065 desertam

322 1118 634 1159 censemus
656 1102 937 1156 deitatem
965 1105 1034 1157 ut
1062 1117 1183 1156 non
1206 1100 1422 1156 habeat
1452 1100 1666 1157 Filium
1699 1116 1813 1171 quo
1837 1115 1979 1172 gau-

331 1192 484 1247 deat.
517 1193 640 1245 Jam
670 1189 886 1245 Filium
918 1188 1049 1260 ejus
1078 1189 1236 1245 hunc
1268 1206 1398 1244 esse
1440 1189 1717 1255 dicimus,
1752 1189 1823 1243 de
1862 1204 1979 1258 quo

317 1285 478 1337 vates
498 1285 693 1335 vester
733 1281 817 1334 ait
860 1279 1049 1334 Verbo
1102 1279 1336 1334 Domini
1368 1278 1547 1335 ccelos
1606 1295 1735 1334 esse
1765 1277 1981 1333 funda-

318 1376 430 1435 tos,
463 1386 827 1440 omnemque
882 1385 1087 1425 eorum
1144 1371 1260 1424 vim
1321 1369 1535 1441 spiritu
1587 1368 1710 1424 oris
1749 1369 1878 1442 ejus
1908 1367 1974 1420 ⁸⁵.

317 1459 485 1515 Hunc
505 1459 720 1514 Filium
743 1459 1312 1530 appellamus,quem
1339 1459 1496 1530 apud
1510 1464 1700 1514 vatem
1716 1462 1976 1513 vestrum

317 1549 494 1605 Pater
525 1549 609 1604 sic
632 1548 960 1619 alloquitur
984 1565 996 1602 :
1020 1550 1102 1603 Tu
1127 1565 1189 1603 es
1207 1548 1389 1603 Filius
1405 1564 1708 1620 meus,ego
1724 1552 1778 1602 te
1799 1546 1978 1601 hodie

322 1638 501 1711 genui
544 1637 614 1692 ⁸⁸.
644 1638 826 1709 Atqui
880 1638 1035 1692 Deus
1084 1653 1219 1692 cum
1264 1638 1549 1709 temporis
1607 1653 1820 1708 expers
1878 1636 1974 1703 sit,

320 1728 541 1799 quippe
573 1744 640 1783 eo
673 1727 1071 1799 praastantior,
1115 1727 1472 1783 hodiernum
1522 1731 1624 1782 aut
1653 1726 1976 1782 crastinum

2088 560 2242 616 αὐτοὶ
2275 559 2496 637 λέγουσι
2527 564 2674 636 τρεῖς
2734 559 2972 639 ὀφείλειν
3031 560 3468 634 προσκυνεῖσθαι,
3510 559 3743 633 Πατέρα,

2090 647 2275 704 ὅντινα
2303 649 2392 703 καὶ
2426 651 2591 721 ἡμεῖς
2632 649 3098 723 πεπιστεύκαμεν,
3156 649 3304 719 Υἱὸν,
3367 647 3424 703 ὅν
3486 650 3537 703 οἱ
3585 649 3749 703 πατέ-

2093 757 2177 813 ρες
2234 741 2396 812 ἡμῶν
2452 738 2819 811 ἐσταύρωσαν,
2873 740 3060 814 τρίτον
3145 737 3366 812 Πνεῦμα
3430 740 3493 793 τὸ
3544 740 3746 814 ἅγιονς

2087 831 2250 903 Τρεῖς
2317 829 2408 884 οὗν
2466 833 2897 905 προσκυνοῦντες
2964 829 3144 902 τούτῳ
3196 833 3275 902 τῷ
3350 827 3593 904 εἷρηκότι
3650 825 3745 882 ἕνα

2089 918 2255 991 μόνον
2289 919 2424 973 εἶναι
2459 919 2588 974 Θεὸν
2617 918 2667 991 ἐξ
2690 920 2926 993 ἀνάγκης
2956 918 3407 994 προσκρούουσιν.
3466 919 3526 975 Ὁ
3584 918 3742 993 ἅγιος

2087 1004 2422 1084 Σίλϐεστρος
2454 1004 2576 1087 ἔφη·
2608 1009 2798 1082 Ἡμεῖς
2827 1006 2917 1064 ἕνα
2954 1009 3083 1065 Θεὸν
3139 1004 3367 1082 σέϐομεν
3404 1009 3493 1063 καὶ
3527 1008 3739 1081 ὁμολο-

2085 1102 2307 1175 γοῦμεν.
2353 1096 2507 1155 Ἀλλ’
2538 1098 2649 1173 οὐχ
2679 1097 2851 1160 οὕτως
2897 1095 3102 1173 ἔρημον
3155 1099 3319 1153 αὐτοῦ
3372 1099 3472 1167 τὴν
3507 1098 3741 1167 θεότητά

2085 1208 2258 1266 φαμεν
2291 1187 2429 1242 ὥστε
2463 1189 2539 1260 μή
2573 1183 2719 1263 ἔχειν
2765 1185 3098 1264 ἀγαλλίααιν
3151 1189 3299 1243 Υἱοῦ.
3355 1187 3479 1241 Υῖὸν
3530 1184 3588 1241 δὲ
3643 1186 3740 1240 αὐ-

2083 1280 2180 1332 τοῦ
2211 1280 2407 1332 τοῦτον
2468 1275 2707 1352 λέγομεν
2764 1277 2888 1352 περὶ
2939 1276 3002 1331 οὗ
3044 1277 3071 1330 ὁ
3132 1276 3392 1352 ὑμέτερος
3450 1278 3743 1354 προφήτης

2086 1366 2222 1420 εἴπεο
2256 1370 2343 1439 Τῷ
2374 1365 2529 1442 λόγῳ
2562 1364 2757 1439 Κυρίου
2799 1366 2850 1419 οἱ
2892 1364 3109 1440 οὐρανοὶ
3167 1363 3588 1440 ἐστερεώθησαν,
3646 1365 3739 1418 καὶ

2083 1458 2163 1527 τῷ
2203 1454 2469 1527 πνεύματι
2525 1457 2623 1510 τοῦ
2683 1456 2954 1528 στόματος
3008 1453 3169 1509 αὐτοῦ
3224 1458 3367 1508 πᾶσα
3412 1456 3447 1523 ἡ
3507 1452 3736 1527 δύναμις

2084 1542 2283 1598 αὐτῶν.
2307 1544 2433 1598 Υἱὸν
2468 1540 2525 1597 δὲ
2556 1541 2759 1598 ἐκεῖνον
2792 1541 3027 1621 λέγομεν
3059 1543 3195 1617 πρὸς
3231 1542 3284 1597 ἓν
3345 1539 3435 1597 διὰ
3474 1547 3570 1597 τοῦ
3604 1544 3737 1616 ὑμε-

2080 1631 2241 1707 τέρου
2273 1635 2561 1708 προφήτου
2593 1634 2620 1688 ὁ
2652 1634 2839 1707 Πατὴρ
2873 1635 2977 1707 βοᾷ
3006 1630 3206 1709 λέγων·
3258 1633 3382 1693 Υἱός
3441 1652 3545 1707 μου
3572 1634 3618 1687 εἴ
3651 1631 3736 1686 σύ·

2088 1719 2196 1795 ἐγὼ
2229 1723 2470 1798 σήμερον
2501 1721 2800 1798 γεγέννηκά
2832 1743 2909 1779 σε.
2943 1722 3074 1784 Θεὸς
3106 1720 3163 1776 δὲ
3190 1722 3319 1797 χθὲς
3348 1720 3439 1776 καὶ
3472 1724 3739 1796 σήμερον,

321 1817 383 1872 in
414 1835 477 1872 se
510 1817 663 1872 nihil
694 1817 892 1872 habet.
927 1817 1051 1881 Quo
1093 1816 1411 1871 conficitur
1442 1822 1500 1871 et
1527 1816 1741 1871 Filium
1777 1820 1836 1870 et
1865 1816 1957 1869 Pa-

2084 1810 2184 1865 οὐκ
2214 1808 2331 1885 ἔχει
2359 1808 2743 1879 τέλος,ἐπειδή
2778 1809 3117 1885 ὑπέρχρονός
3146 1809 3309 1866 ἐστιν.
3344 1812 3620 1886 Ἀναρχος
3645 1809 3738 1865 οὖν

314 1912 464 1961 trem
496 1923 754 1978 quoque,
797 1906 926 1961 sine
960 1906 1116 1961 480
1162 1905 1454 1978 principio
1496 1923 1645 1961 esse.
1680 1905 1768 1960 Ad
1792 1921 1971 1975 quem

315 1996 476 2051 enim
508 1996 676 2066 dixit,
708 1995 1008 2051 Faciamus
1057 1996 1362 2051 hominem
1419 1995 1494 2051 ad
1545 1996 1864 2067 imaginem
1915 2000 1969 2048 et

315 2085 770 2142 similitudinem
784 2090 1054 2141 nostram
1069 2086 1113 2121 ⁸⁷
1136 2086 1163 2139 ‘?
1184 2085 1333 2141 Nam
1378 2085 1427 2139 si
1460 2084 1706 2140 dixisset
1736 2084 1969 2139 Faciam

311 2176 620 2231 hominem
677 2175 750 2231 ad
807 2176 1130 2247 imaginem
1175 2180 1233 2230 et
1262 2174 1720 2230 similitudinem
1751 2191 1966 2243 meam,

308 2268 543 2334 poterat
566 2263 753 2319 videri
781 2264 1076 2319 unitatem
1107 2280 1275 2319 suam
1298 2264 1567 2319 innuere.
1593 2264 1737 2319 Cum
1769 2268 1969 2319 autem

305 2351 495 2406 dixit:
538 2351 875 2407 Secundum
935 2356 1200 2407 nostram
1249 2351 1594 2423 imaginem,
1654 2352 1967 2423 perspicue

307 2440 523 2495 Filium
554 2456 812 2511 eumque
844 2440 955 2496 sibi
981 2440 1273 2512 aequalem
1304 2439 1890 2509 indica_t.Nihilenim
1904 2456 1965 2494 se

299 2529 496 2598 majus
511 2530 780 2601 accipere
798 2534 1014 2602 potest,
1034 2547 1168 2586 cum
1184 2530 1611 2603 magnitudinis
1626 2529 1964 2585 incremen-

298 2626 425 2674 tum
458 2635 581 2674 non
612 2619 927 2686 admittat;
963 2637 1030 2675 ac
1061 2637 1134 2675 ne
1189 2620 1388 2674 minus
1437 2618 1681 2691 quidem
1734 2619 1962 2690 aliquid

302 2709 559 2764 asciscit.
595 2708 741 2764 Rabi
772 2710 948 2765 Jonas
976 2726 988 2764 :
1017 2710 1303 2764 Humanae
1334 2708 1778 2764 ratiocinationi
1838 2726 1963 2764 non

304 2803 396 2853 est
415 2797 757 2853 adhibenda
786 2798 1208 2864 ﬁdes.Qualem
1231 2798 1394 2854 enim
1412 2798 1679 2853 consulit
1694 2800 1960 2854 eaDeum

299 2890 486 2959 credi,
519 2891 622 2961 qui
653 2895 711 2946 et
738 2892 914 2946 Pater
973 2889 1205 2945 dicatur
1263 2894 1322 2945 et
1349 2891 1532 2945 Filius
1564 2896 1623 2945 et
1654 2890 1904 2962 Spiritus
1934 2890 1962 2945 ‘2

305 2977 613 3033 Silvester:
635 2980 779 3033 Cum
797 2978 860 3033 in
883 2979 1068 3034 sacris
1084 2979 1478 3052 Litterislegis
1509 2980 1579 3034 de
1598 2981 1765 3034 Patre
1786 2995 1958 3034 suum

299 3065 514 3121 Filium
532 3066 951 3138 compellante.
984 3068 1165 3123 Filius
1191 3084 1360 3123 meus
1392 3085 1454 3123 es
1488 3074 1549 3122 tu
1576 3068 1641 3122 ⁸⁸.
1671 3069 1739 3122 Et
1768 3066 1911 3123 alibi
1941 3085 1953 3123 :

298 3157 354 3211 Is
377 3173 472 3212 me
501 3159 737 3212 Patrem
770 3175 942 3213 suum
982 3157 1281 3213 invocabit
1308 3156 1374 3227 ⁸9,
1400 3164 1540 3214 tunc
1572 3158 1811 3214 evidens
1840 3159 1949 3213 tibi

296 3245 400 3301 fiet
426 3246 585 3318 quod
617 3246 892 3317 dicimus,
926 3264 1121 3317 neque
1151 3247 1666 3319 suspicaberisnos
1689 3248 1761 3303 de
1783 3266 1952 3304 sacra

294 3335 580 3392 Trinitate
629 3336 857 3407 aliquid
914 3337 1051 3391 novi
1099 3336 1314 3393 dicere.
1366 3338 1446 3392 De
1505 3337 1727 3409 Spiritu
1757 3342 1958 3393 autem

293 3430 520 3495 sancto,
552 3443 791 3481 rursum
823 3424 959 3480 audi
989 3431 1181 3481 vatem
1213 3432 1380 3481 tuum
1408 3426 1565 3481 inter
1592 3426 1957 3498 precandum

294 3512 379 3569 sic
410 3512 730 3578 dicentem,
758 3514 1044 3587 Spiritum
1077 3520 1243 3570 tuum
1275 3521 1549 3571 sanctum
1607 3532 1683 3569 ne
1719 3516 1955 3571 auferas

292 3618 327 3658 a
357 3618 451 3656 me
479 3601 547 3657 7°.
579 3604 651 3657 Et
682 3602 825 3658 alibi
854 3619 866 3657 :
900 3604 1122 3674 Spiritu
1148 3604 1266 3659 oris
1298 3603 1429 3674 ejus
1469 3605 1664 3659 omnis
1713 3604 1953 3659 illorum

290 3690 375 3745 vis
395 3689 461 3747 ⁷⁸.
491 3692 782 3761 Loquitur
801 3696 999 3749 autem
1041 3691 1111 3747 de
1156 3692 1552 3764 potestatibus
1585 3692 1949 3749 ccelestibus.

294 3779 722 3835 Constantinus
753 3784 1053 3853 Augustus
1086 3781 1458 3835 dixitzMiror
1476 3782 1814 3837 Judaaorum
1851 3783 1956 3837 im-

292 3867 666 3940 pudentiam,
690 3870 789 3940 qui
813 3870 1019 3926 multis
1040 3870 1235 3925 modis
1263 3887 1332 3925 ex
1360 3870 1637 3926 universa
1665 3888 1772 3927 sua
1795 3873 1951 3927 Scri-

292 3963 467 4030 ptura
494 3961 767 4031 convicti,
803 3966 1003 4016 tamen
1045 3960 1241 4016 adhuc
1269 3967 1476 4016 contra
1512 3962 1819 4018 veritatem
1851 3963 1953 4017 ali-

290 4048 433 4119 quid
444 4049 1013 4121 voluntconquirere
1024 4048 1300 4105 .Proinde
1315 4050 1455 4121 quia
1473 4050 1545 4105 de
1558 4053 1750 4121 Patre,
1775 4052 1946 4119 Filio,

288 4142 347 4193 et
375 4138 599 4209 Spiritu
624 4145 828 4195 sancto
852 4138 1212 4194 satisfactum
1250 4144 1358 4209 est,
1393 4140 1717 4211 proferant,
1752 4143 1800 4196 si
1830 4158 1947 4213 qua

283 4226 526 4299 habent,
550 4228 687 4284 alia.
717 4228 987 4285 Codolias
1030 4228 1269 4285 Judmus
1302 4244 1316 4284 :
1350 4230 1484 4298 Nos,
1519 4230 1735 4301 inquit,
1772 4230 1843 4285 de
1872 4249 1941 4287 eo

279 4316 603 4388 loquimur,
639 4318 741 4390 qui
800 4324 976 4374 natus
1033 4318 1165 4387 fuit,
1222 4319 1347 4390 qui,
1397 4324 1465 4373 ut
1519 4320 1581 4374 in
1622 4320 1754 4391 ejus
1783 4320 1929 4376 481

277 4407 610 4479 Evangeliis
633 4406 1010 4477 describitur,
1048 4412 1273 4463 statura
1298 4413 1357 4463 et
1382 4408 1675 4481 sapientia
1705 4411 1886 4464 crevit
1923 4427 1936 4479 ;

278 4495 380 4566 qui
412 4512 446 4549 a
485 4495 722 4551 diabolo
755 4500 1267 4569 tentatus,postea
1294 4497 1638 4569 temporisa
1669 4515 1773 4553 suo
1800 4517 1937 4571 pro-

2086 1900 2342 1975 ὑπάρχει·
2378 1899 2613 1976 ἄναρχος
2645 1898 2748 1973 ἄρα
2778 1900 2869 1955 καὶ
2928 1901 2956 1955 ὁ
3017 1902 3223 1975 Πατήρ.
3269 1899 3418 1955 Ἐπεὶ
3458 1899 3563 1955 τίνι
3594 1901 3734 1955 εἴπεο

2078 1991 2407 2062 Ποιήσωμεν
2436 1987 2721 2063 ἂνθρωπον
2755 1990 2870 2043 κατ’
2902 1988 3082 2044 είκόνα
3138 1991 3227 2044 καὶ
3286 1990 3407 2045 καθ’
3468 1989 3733 2063 ὁμοίωσιν

2075 2079 2348 2153 ἡμετέραν
2374 2098 2387 2147 ;
2422 2079 2489 2135 Εἴ
2515 2079 2615 2154 γὰρ
2634 2076 2842 2151 ε’ίρηκε,
2865 2080 3090 2149 Ποιήσω
3120 2077 3730 2153 ἄνθρωπονκατέἰκόνα

2072 2168 2163 2222 καὶ
2193 2169 2314 2223 καθ’
2347 2166 2615 2242 ὁμοίωσιν
2645 2166 2809 2241 ἐμὴν,
2833 2164 3007 2222 ἐδόκει
3038 2167 3099 2224 ἄν
3130 2169 3301 2237 τὸτῆς
3318 2168 3620 2242 μονότητος
3635 2169 3731 2223 αὐ-

2070 2257 2168 2312 τοῦ
2200 2257 2506 2331 σημαίνειν.
2540 2258 2618 2315 Τὸ
2653 2254 2731 2326 δὲ,
2762 2258 2887 2312 Κατ’
2914 2256 3096 2313 εἰκόνα
3155 2256 3245 2312 καὶ
3296 2258 3561 2331 ὁμοίωσιν
3590 2260 3733 2331 ἡμε-

2070 2347 2247 2418 τέραν,
2280 2351 2463 2425 σαφῶς
2495 2347 2586 2402 καὶ
2618 2348 2708 2402 τὸν
2742 2347 2865 2401 Υἱὸν
2898 2348 2987 2401 καὶ
3018 2348 3117 2416 τήν
3161 2346 3385 2419 ἰσότητα
3441 2347 3730 2420 ἐσήμανεν.

2070 2435 2143 2490 Οὗ
2171 2435 2274 2512 γὰρ
2309 2436 2497 2509 μεῖζόν
2527 2458 2579 2491 τι
2611 2430 2944 2511 προσλαϐεῖν
2979 2433 3220 2506 δύναται,
3255 2433 3442 2507 ἐπειδὴ
3503 2436 3730 2507 ἡλικίας

2068 2522 2289 2599 αὔξησιν
2348 2525 2447 2581 οὐκ
2503 2523 2667 2581 οἶδεν
2739 2524 3036 2581 ἐλάττωσιν
3094 2524 3260 2581 πάλιν
3337 2526 3398 2580 οὐ
3482 2524 3722 2602 δέχεται.

2069 2617 2254 2678 Ἰωνᾶς
2311 2612 2466 2691 ῥαϐἲς
2530 2618 2700 2672 εἶπεν·
2768 2616 3127 2692 Ἀνθρωπίνῳ
3158 2618 3242 2691 [Ρ.
3293 2619 3419 2691 274]
3462 2616 3722 2693 λογισμῷ

2069 2706 2167 2762 οὐκ
2222 2704 2334 2761 ἔστι
2395 2705 2584 2762 δεκτέα
2634 2709 2669 2777 ἡ
2719 2707 2921 2769 πίστις.
2966 2713 3129 2762 Ποῖον
3178 2708 3280 2783 γὰρ
3315 2709 3443 2762 Θεὸν
3478 2703 3723 2782 συμϐου-

2067 2793 2215 2851 λεύει
2249 2794 2407 2859 οὖτος
2457 2804 2829 2868 πιστευθῆναι,
2885 2796 2942 2851 ὅν
2987 2799 3077 2852 καὶ
3138 2799 3370 2872 Πατέρα,
3429 2797 3519 2851 καὶ
3571 2799 3719 2866 Υἱὸν,

2063 2885 2151 2941 καὶ
2184 2891 2406 2961 Πνεῦμα
2436 2889 2593 2963 ἅγιον
2628 2886 2896 2965 ὁμολογεῖ
2926 2889 3024 2957 ;Ὀ
3057 2882 3209 2962 ἅγιος
3244 2884 3576 2961 Σίλϐεστρος
3591 2883 3715 2969 ἔφη·

2063 2979 2230 3034 Ὅταν
2263 2975 2503 3052 ἀναγνῷς
2531 2976 2583 3033 ἐν
2612 2982 2731 3040 ταῖς
2760 2973 2989 3039 Βίϐλοις
3036 2977 3160 3054 περὶ
3222 2979 3314 3051 μὲν
3355 2982 3450 3033 τοῦ
3484 2980 3718 3053 Πατρὸς,

2059 3064 2218 3134 ἡνίκα
2248 3063 2396 3140 λέγει
2428 3065 2551 3141 περὶ
2588 3071 2684 3122 τοῦ
2716 3063 2857 3122 ἰδίου
2914 3066 3062 3120 Υἱοῖν
3124 3067 3250 3127 Υἱός
3304 3087 3407 3140 μου
3461 3067 3513 3121 εἴ
3542 3067 3625 3137 σὺ,
3656 3068 3712 3120 ὀ-

2066 3156 2240 3226 μοίως
2273 3153 2329 3209 δὲ
2358 3154 2447 3210 καὶ
2476 3154 2526 3211 ἐν
2560 3154 2727 3232 ἐτέρῳ
2756 3158 2935 3228 τόπῳ,
2965 3154 3141 3217 Δύτὸς
3196 3153 3575 3211 ἐπικαλέσεταί
3627 3177 3716 3230 με,

2062 3245 2253 3319 Πατήρ
2288 3265 2393 3319 μου
2445 3246 2490 3298 εἷ
2532 3242 2617 3315 σὺ,
2675 3243 2798 3299 τότε
2858 3244 2976 3319 εἲσῃ
3037 3249 3220 3321 σαφῶς
3274 3244 3335 3298 τὸ
3395 3242 3713 3320 λεγὸμενον,

2058 3333 2148 3387 καὶ
2178 3330 2328 3388 οὐδὲν
2386 3335 2532 3404 ξένον
2592 3333 2714 3408 περὶ
2770 3336 2868 3402 τῆς
2928 3334 3083 3409 ἁγίας
3143 3332 3380 3408 Τριάδος
3425 3328 3710 3406 ὑπολάϐῃς

2060 3421 2229 3494 λέξειν
2262 3425 2434 3497 ἡμᾶς.
2494 3423 2623 3497 Περὶ
2691 3421 2747 3478 δὲ
2811 3428 2906 3478 τοῦ
2964 3423 3124 3498 ἁγίου
3177 3423 3488 3498 Πνεῦματος
3550 3420 3713 3477 ἄκουε

2058 3510 2222 3567 πάλιν
2254 3517 2351 3567 τοῦ
2379 3514 2671 3590 προφήτου
2703 3533 2797 3567 σου
2838 3510 3095 3587 λέγοντος
3128 3512 3217 3566 καὶ
3269 3510 3592 3588 εὐχομένου·
3634 3513 3712 3568 Τὸ

2058 3602 2277 3675 1]νεῦμά
2304 3622 2398 3656 σου
2429 3601 2491 3656 τὸ
2545 3603 2697 3675 ἅγιον
2761 3603 2834 3674 μὴ
2897 3599 3191 3674 ἀντανέλῃς
3248 3601 3338 3655 ἀπ’
3396 3600 3550 3673 ἐμοῦ.
3614 3601 3714 3655 Καὶ

2058 3689 2228 3746 πάλιν
2261 3692 2288 3745 ὁ
2321 3689 2503 3754 αὐτός·
2540 3691 2635 3747 Καὶ
2668 3695 2748 3763 τῷ
2783 3691 3051 3765 πνεύματι
3084 3694 3182 3745 τοῦ
3215 3690 3492 3764 στόματος
3551 3689 3715 3746 αὐτοῦ

2055 3785 2199 3834 πᾶσα
2254 3784 2288 3851 ἡ
2367 3777 2591 3853 δόναμις
2652 3778 2826 3835 αὐτῶν
2862 3826 2875 3851 ,
2951 3780 3195 3836 τουτέστι
3253 3784 3363 3835 τῶν
3451 3778 3713 3856 οὐρανίων

2056 3869 2355 3944 δυνάμεων.
2408 3872 2813 3932 Κωνσταντῖνος
2873 3868 3185 3943 Αὔγουστος
3226 3869 3365 3924 εἶπε·
3435 3870 3710 3943 Θαυμάζω

2053 3964 2160 4014 τῶν
2195 3956 2473 4016 Ἰουδαίων
2503 3959 2566 4015 τὸ
2596 3959 2974 4034 ἀναίσχυντον
3037 3959 3142 4014 ἀπὸ
3197 3963 3385 4014 πασῶν
3439 3960 3545 4034 γὰρ
3600 3963 3708 4013 τῶν

2054 4048 2270 4103 οἷ’κείων
2352 4053 2576 4126 Γραφῶν
2663 4047 3028 4123 πολυτρόπως
3111 4048 3421 4121 ἡττώμενοι
3528 4048 3714 4122 ἀκμὴν

2055 4136 2273 4201 θέλουσί
2328 4159 2447 4193 τινα
2503 4139 2639 4193 κατὰ
2716 4144 2818 4207 τῆς
2876 4135 3138 4207 ἀληθείας
3205 4137 3501 4207 ἐπιζητεῖν.
3550 4139 3712 4195 ’Όθεν

2051 4226 2166 4284 ἐπεὶ
2198 4227 2447 4302 περὶτοῦ
2478 4227 2710 4302 Ματρὸς,
2741 4227 2831 4281 καὶ
2891 4226 2988 4281 τοῦ
3046 4227 3199 4297 Υἱοῦ,
3251 4226 3339 4281 καὶ
3397 4230 3494 4281 τοῦ
3552 4227 3709 4302 ἁγίου

2051 4320 2361 4393 Πνεύματος
2400 4317 2462 4372 τὸ
2511 4317 2693 4371 ἱκανὸν
2751 4315 2987 4393 γέγονεν,
3040 4314 3092 4371 εἷ’
3144 4337 3197 4372 τι
3248 4315 3406 4390 ’ἐτερά
3464 4316 3564 4370 εἰσι
3599 4314 3708 4370 δει-

2049 4408 2195 4481 κτέα,
2254 4405 2760 4485 προσφερέσθωσαν.
2840 4403 3108 4469 Γοδυλίας
3192 4402 3461 4467 Ἰουδαῖος
3534 4407 3701 4461 εἶπεν·

2043 4503 2232 4575 Ἡμεῖς
2261 4498 2384 4573 περὶ
2439 4496 2645 4552 ἐκείνου
2704 4496 2938 4575 λέγομεν
2980 4501 3077 4552 τοῦ
3132 4496 3441 4572 τεχθέντος,
3501 4501 3597 4552 τοῦ
3657 4496 3710 4552 ἐν

277 4583 439 4639 ditus
473 4583 788 4655 discipulo,
824 4566 1096 4653 traditus,
1131 4592 1359 4660 captus,
1394 4566 1628 4654 illusus,
1670 4566 1935 4662 ﬂagella-

2065 4566 2161 4651 :o'i'c
2216 4566 2573 4662 Εὐαγγελίοις
2633 4566 2797 4642 αὐτοῐί
2845 4566 3334 4664 ’ἀναγεγραμμένου
3413 4583 3704 4658 ηὖξηκέναι

280 4679 396 4740 tus,
429 4673 563 4729 felle
585 4675 830 4731 mistum
863 4681 1096 4731 acetum
1117 4676 1574 4748 potatus,spinis
1597 4684 1932 4747 coronatus,

278 4762 560 4831 nudatus,
595 4764 862 4820 vestibus
918 4765 1040 4820 suis
1092 4769 1247 4820 sorte
1279 4764 1505 4825 divisis.
1561 4764 1688 4835 ipse
1748 4768 1936 4821 cruci-

279 4853 454 4923 ﬁxus,
489 4860 759 4912 mortuus
800 4862 858 4910 et
907 4855 1175 4928 sepultus
1229 4860 1335 4909 est.
1371 4854 1669 4909 'Silvester
1702 4872 1714 4909 :
1751 4857 1932 4914 Hodie

278 4942 828 5001 demonstrabimus
858 4946 984 5001 haec
1016 4963 1051 5001 a
1085 4944 1318 5000 vatibus
1351 4944 1422 4999 de
1469 4945 1699 5001 Christo
1732 4949 1933 5004 omnia

274 5050 401 5089 esse
436 5035 722 5106 praedicta
752 5052 820 5090 ac
848 5036 1216 5106 praescripta.
1263 5036 1343 5089 De
1374 5035 1679 5092 nativitate
1712 5037 1932 5094 Christi

270 5123 473 5180 Isaias.
508 5126 654 5181 Ecce
686 5125 860 5197 Virgo
886 5131 1124 5179 uterum
1174 5123 1345 5191 feret,
1380 5129 1439 5178 et
1494 5124 1680 5180 filium
1713 5127 1927 5197 pariet,

266 5214 438 5285 cujus
468 5230 689 5269 nomen
718 5212 951 5269 dicetur
1004 5212 1359 5268 Emmanuel
1414 5213 1478 5271 τ’.
1530 5214 1695 5280 Quod
1728 5220 1930 5271 autem

262 5300 423 5358 inter
450 5303 727 5359 homines
780 5302 962 5358 fuerit
989 5307 1351 5372 versaturus,
1403 5302 1540 5359 audi
1594 5305 1929 5361 Baruchum

263 5393 834 5450 vaticinantem.Hic
866 5399 954 5451 est
977 5395 1133 5451 Deus
1161 5398 1388 5465 noster,
1419 5410 1615 5465 neque
1645 5395 1801 5452 alius
1834 5415 1927 5452 re-

2042 4702 2102 4734 τε
2160 4677 2356 4748 ἡλικίᾳ
2407 4677 2497 4731 καὶ
2557 4677 2738 4756 σοφίᾳ,
2818 4677 2907 4732 καὶ
2965 4677 3338 4752 πειρτσθέντος
3395 4677 3541 4751 παρὰ
3607 4679 3703 4732 τοῦ

2046 4764 2333 4836 διαϐόλου,
2370 4766 2502 4839 μετὰ
2536 4762 2592 4820 δὲ
2620 4770 2785 4820 ταῦτα
2844 4765 3141 4841 πραθέντος
3172 4765 3317 4840 παρᾶ
3361 4768 3457 4818 τοῦ
3489 4764 3694 4818 οἰκείου

2048 4860 2344 4931 μαθητοῦ,
2420 4851 2863 4931 παραδοθέντος,
2927 4853 3305 4929 κρατηθέντος,
3365 4848 3698 4928 ἐμπαιχθέν-

2043 4969 2160 5017 τος,
2222 4945 2712 5026 φραγελωθέντος,
2767 4943 2947 5023 χολὴν
3012 4941 3105 4995 σὺν
3162 4939 3269 5009 ὄξει
3327 4938 3697 5011 ποτισθέντος,

2044 5036 2300 5101 ἀκάνθαις
2363 5035 2794 5113 στεφανωθέντος
2856 5031 2948 5085 καὶ
3006 5028 3405 5107 γυμνωθέντος,
3455 5027 3544 5082 καὶ
3598 5034 3700 5097 τῆς

2043 5127 2206 5183 αὑτοῦ
2239 5125 2465 5195 ἐσθῆτος
2499 5125 2553 5180 ἐν
2583 5123 2779 5196 κλήρῳ
2839 5117 3090 5190 δοθείσης
3148 5118 3237 5174 ἐπὶ
3291 5122 3523 5194 σταυροῦ
3583 5140 3698 5175 πα-

2043 5217 2250 5292 γέντος,
2284 5214 2653 5274 ἀποθανόντος
2682 5211 2769 5264 καὶ
2829 5203 3106 5284 ταφέντος.
3163 5209 3224 5266 Ὀ
3282 5209 3436 5285 ’ἅγιος
3496 5204 3699 5266 Σίλϐε-

2045 5325 2203 5383 στρος
2231 5299 2354 5381 ἔφη·
2391 5304 2576 5359 Ταῦτα
2633 5299 2810 5355 πάντα
2859 5297 2933 5363 ὡς
2987 5297 3446 5380 προκηρυχθέντα
3490 5297 3697 5375 ἐγράφη

2042 5394 2167 5471 περὶ
2226 5397 2327 5449 τοῦ
2374 5392 2611 5468 Χριστοῦ
2668 5387 2815 5464 παρᾶ
2894 5394 3003 5445 τῶν
3063 5393 3396 5469 προφητῶν,
3455 5392 3699 5464 σήμερον

333 5532 383 5566 ⁸⁵
410 5536 764 5605 Psal.mn,
796 5542 848 5592 6.
880 5537 926 5574 ⁸⁸
956 5539 1108 5594 Psal.
1146 5557 1205 5605 ιι,
1230 5542 1280 5593 7.
1306 5537 1353 5573 67
1384 5538 1527 5595 Gen.
1563 5556 1599 5607 ι,
1634 5542 1722 5597 26.
1758 5539 1808 5574 6⁸
1864 5544 1957 5599 Ps:

2065 5560 2117 5611 ιι,
2153 5546 2205 5596 7.
2237 5539 2285 5576 ⁶⁹
2310 5537 2466 5593 Psal.
2500 5553 2788 5608 Lxxxvun,
2826 5542 2915 5593 2‘7.
2946 5537 2995 5572 το
3025 5538 3179 5594 Psal.
3213 5553 3265 5605 L,
3300 5539 3384 5591 13.
3427 5534 3469 5571 ⁷¹
3524 5536 3680 5592 Psal.

260 5633 381 5676 xxx
402 5640 462 5693 ιι,
495 5627 546 5677 6.
570 5624 617 5661 ⁷³
640 5627 756 5697 Isa,
786 5644 878 5696 v11,
904 5630 990 5682 14.
