4144 6436
300 391 421 453 525

1448 386 2004 452 HISTORlABUM
2047 387 2617 449 COMPENDIUM.

3607 394 3730 452 526

307 521 681 599 ἐπιδείξομεν.
741 524 969 587 Ἠσαίας
1051 523 1155 600 γὰρ
1205 524 1329 598 περὶ
1416 530 1517 593 τῆς
1580 526 1676 579 τοῦ
1730 522 1961 596 Χριστοῦ

2085 525 2291 592 spectu
2322 521 2452 592 ejus
2480 519 3045 593 reputabitur7'.Hic
3073 520 3299 576 invenit
3328 525 3735 582 omnemviam

304 615 612 689 γεννήσεως
661 613 988 688 προείρηκεν
1039 612 1232 675 οὕτως’
1297 610 1435 668 Ἰδοὺ
1492 615 1528 683 ἡ
1590 610 1855 684 Παρθένος
1911 608 1963 664 ιν

301 703 494 779 γαστρὶ
553 697 680 772 ἕξει,
730 702 820 757 καὶ
880 704 1084 774 τέξεται
1169 703 1320 774 Υἱὸν,
1381 701 1473 757 καὶ
1556 700 1847 757 καλέσουσι
1904 696 1967 753 τὸ

303 792 477 865 ’ὄνομα
524 790 692 846 αὐτοῦ
752 788 1138 864 Ἐμμανουήλ.
1201 793 1327 850 ’Ότι
1394 788 1453 847 δὶ
1508 791 1599 846 καὶ
1656 788 1965 863 ἀνθρώποις

2082 609 2439 678 scientim,et
2468 625 2599 665 eam
2630 609 2876 666 tradidit
2905 609 3119 665 Jacobo
3150 610 3273 666 ﬁlio
3291 627 3397 666 suo
3429 618 3488 668 et
3515 616 3735 671 Israelo

2082 696 2303 755 dilecto
2336 699 2472 755 sibi.
2505 701 2646 755 Post
2674 700 2802 755 haec
2834 700 2898 755 in
2947 699 3122 755 terris
3154 698 3313 756 visus
3344 708 3432 757 est
3461 702 3735 775 interque

2078 787 2355 843 homines
2380 794 2669 844 versatus.

311 881 904 960 συναναστραφήσεται,
931 879 1095 936 ἄκουε
1124 885 1221 936 τοῦ
1251 882 1540 958 προφήτου
1568 877 1856 953 Ἱερεμίου¹
1893 877 2067 960 Οὗτος
2107 876 2136 930 6
2176 875 2311 935 Θεὸς
2341 877 2524 948 ἡμῶν·
2585 874 2646 929 οὐ
2706 875 3088 951 λογισθήσεται
3146 874 3329 952 ἕτερος
3373 879 3512 951 πρὸς
3542 878 3731 937 αὐτόν.

312 970 530 1045 Ἐξεῦρε
560 959 733 1025 πᾶσαν
769 967 894 1025 ὁδὸν
927 967 1258 1044 ἒπιστήμης,
1291 969 1379 1025 καὶ
1410 964 1607 1025 ἔδωκεν
1645 966 1813 1037 αὐτὴν
1848 959 2043 1023 Ἰακὼϐ
2070 968 2150 1037 τῷ
2177 962 2332 1020 παιδὶ
2364 964 2532 1020 αὐτοῦ
2561 964 2652 1019 καὶ
2686 962 2906 1039 Ἰσραὴλ
2936 970 3014 1037 τῷ
3057 965 3398 1040 ἠγαπημένῳ
3430 967 3520 1022 ὑπ’
3541 967 3730 1025 αὐτοῦ.

306 1060 457 1115 Μετά
484 1062 653 1114 ταῦτα
683 1057 775 1114 ἐπὶ
804 1060 902 1131 τῆς
931 1065 1034 1134 γῆς
1066 1055 1219 1139 ὤφθη
1251 1059 1343 1115 καὶ
1369 1064 1486 1121 τοῖς
1518 1057 1830 1133 ἀνθρώποις
1862 1054 2289 1133 συνανεστράφη.

376 1154 497 1206 Ὀτι
529 1144 588 1203 δὲ
627 1148 718 1203 καὶ
750 1151 1168 1225 πειρασθήσεται
1223 1149 1328 1205 ὑπὸ
1383 1153 1481 1205 τοῦ
1550 1143 1814 1204 διαϐόλου
1875 1143 1967 1200 καὶ

303 1241 515 1310 νικήσει
543 1239 731 1307 αὐτὸν,
782 1238 1054 1314 Ζαχαρίας
1114 1240 1141 1294 ὀ
1198 1241 1489 1317 προφήτης
1544 1237 1713 1314 λέγει’
1803 1234 1964 1295 Εἶδον

305 1329 516 1399 Ἰησοῦν
549 1328 642 1384 τὸν
674 1328 821 1386 ἱερέα
851 1329 943 1383 τὸν
978 1325 1145 1403 μέγαν
1215 1327 1446 1396 ἑστῶτα,
1494 1328 1587 1382 καὶ
1645 1327 1673 1381 6
1706 1321 1965 1388 διάϐολος

304 1418 545 1489 εἱστήκει
570 1414 632 1472 ἐκ
677 1414 865 1488 δεξιῶν
914 1418 1083 1473 αὐτοῦ
1132 1421 1231 1473 τοῦ
1288 1419 1612 1482 ἀντικεῖσθαι
1662 1416 1829 1488 αὐτῷ.
1864 1415 1960 1470 Καὶ

306 1509 429 1562 εἶπε
454 1505 590 1579 πρὸς
642 1505 823 1576 αὐτὸν,
879 1507 1236 1581 Ἐπιτιμήσαι
1293 1528 1378 1563 σοι
1430 1506 1654 1581 Κύριος,
1714 1501 1960 1562 διάϐολε.

305 1591 506 1650 Ὃτιδὶ
532 1596 624 1649 καὶ
675 1597 1079 1673 κρατηθήσεται
1134 1598 1169 1665 ἡ
1229 1596 1391 1673 σοφία
1448 1593 1538 1651 διὰ
1599 1593 1961 1668 Σολομῶντος

311 1682 472 1759 λέγει·
529 1684 705 1739 Εἶπον
762 1682 813 1738 ἐν
876 1683 1087 1746 ἑαυτοῖς
1143 1684 1197 1738 οἱ
1253 1679 1487 1747 ἀσεϐεῖς·
1548 1684 1809 1756 Δήσωμεν
1869 1681 1959 1737 τὸν

304 1773 535 1845 δίκαιον,
559 1772 644 1830 ὅτι
677 1770 1021 1849 δύσχρηστος
1054 1776 1189 1847 ἡμῖν
1218 1772 1382 1832 ἐστιν.
1432 1776 1555 1830 Ὅτι
1585 1771 1643 1829 δὲ
1672 1774 1761 1828 καὶ
1812 1770 1959 1846 παρά

310 1865 559 1968 μαθητοῦ
610 1860 1026 1968 προδοθήσξται,
1060 1862 1204 1968 λέγει
1236 1865 1280 1968 ὁ,
1322 1861 1645 1939 ψαλμῳδός⁶
1678 1864 1736 1920 Ὁ
1766 1860 1957 1926 ἐσθίων
1997 1902 2043 1968 Β

304 1949 505 2027 ἄρτους
566 1972 672 2026 μου
732 1950 1061 2026 ἐμεγάλυνεν
1121 1952 1204 2008 ἐπ’
1261 1951 1360 2027 ἐμὲ
1416 1954 1504 2026 [Ρ.
1561 1954 1691 2026 27ὅ]
1747 1971 1966 2027 πτερνι-

306 2042 472 2114 σμόν.
502 2042 621 2096 Ὀτι
657 2039 716 2096 δὲ
743 2040 835 2097 καὶ
894 2039 1244 2112 ἐκδοθήσεται
1298 2041 1388 2097 καὶ
1435 2043 1503 2097 τὰ
1557 2040 1749 2115 ἰμάτια
1799 2038 1964 2095 αὐτοῦ

303 2129 358 2186 ἐν
386 2128 588 2203 κλήρῳ
620 2126 935 2201 δοθήσεται,
996 2130 1318 2206 προείρηκεν
1380 2132 1408 2186 ὁ
1456 2130 1617 2193 αὐτὸς
1675 2131 1965 2209 προφήτης

306 2220 505 2295 λέγων·
540 2219 925 2294 Διεμερίσαντο
953 2221 1021 2275 τὰ
1069 2219 1261 2293 ἱμάτιά
1304 2240 1409 2293 μου
1467 2218 1521 2275 ἐν
1580 2219 1814 2289 ἑαυτοῖς,
1872 2218 1967 2275 καὶ

298 2306 396 2363 ἐπὶ
426 2308 521 2363 τὸν
553 2307 856 2382 ἱματισμόν
895 2327 1000 2383 μου
1031 2302 1229 2364 ἔϐαλον
1294 2306 1527 2383 κλῆρον.
1584 2310 1708 2367 Ὅτι
1761 2305 1819 2364 δὶ
1874 2307 1964 2362 καὶ

298 2399 452 2474 παρά
482 2394 950 2474 ψευδομαρτύρων
1008 2400 1541 2473 κατηγορηθήσεται,
1576 2399 1605 2454 6
1637 2397 1798 2460 αὐτὸς
1827 2417 1963 2472 προ-

298 2490 483 2565 φήτης
550 2487 721 2543 εἶπεν·
786 2488 1187 2558 Ἐπανὲστησάν
1245 2509 1339 2562 μοι
1414 2487 1679 2564 μάρτυρες
1756 2484 1960 2543 ἄδικοι.

295 2577 439 2655 ε’Ὀτι
498 2574 556 2633 δὲ
601 2577 692 2631 καὶ
771 2576 1026 2642 ἀκάνθαις
1084 2580 1572 2655 στεφανωθήσεται,
1639 2577 1962 2652 προείρηκεν

315 2665 566 2740 ιερεμίας
600 2665 800 2742 λέγων’
863 2665 1145 2729 Ἀκάνθαις
1199 2671 1309 2723 τῶν
1364 2668 1557 2723 ἑαυτοῦ
1603 2666 1960 2739 πταισμάτων

303 2757 332 2810 6
365 2754 499 2817 λαὸς
532 2756 691 2818 οὗτος
749 2755 1151 2831 περιεστοίχισέ
1210 2778 1297 2830 με.
1342 2758 1462 2814 *Οτι
1523 2754 1581 2811 δὶ
1637 2756 1729 2814 καὶ
1780 2754 1964 2830 χολὴν

300 2847 637 2921 τραφήσεται
668 2844 757 2899 καὶ
792 2841 913 2915 ὄξος
942 2848 1352 2917 ποτισθήσεται,
1389 2847 1416 2900 6
1445 2848 1738 2922 προφήτης
1794 2839 1961 2901 Δαϐὶδ

309 2932 484 3011 λέγει’
515 2932 765 2993 ’Έδιυκαν
795 2933 873 2996 είς
900 2935 964 2989 τὸ
998 2936 1201 3010 βρῶμά
1230 2956 1335 3008 μου
1373 2934 1579 3008 χολήν,
1609 2935 1701 2990 καὶ
1744 2934 1822 2996 εἰς
1859 2934 1958 3002 τὴν

306 3022 469 3097 δίψαν
503 3045 608 3097 μου
646 3022 897 3079 ἐπότισάν
937 3044 1002 3099 με
1028 3021 1169 3095 ὅξος.
1223 3026 1346 3082 Ὃτι
1405 3022 1432 3079 δ
1498 3024 1960 3099 ἐμπαιχθήσεται,

305 3111 573 3185 Ἱερεμίας
624 3112 794 3189 λέγει·
856 3113 951 3175 Εἰς
1009 3113 1318 3188 ἐμπαιγμὸν
1377 3113 1645 3189 ἐγενόμην
1702 3117 1784 3185 τῷ
1843 3116 1961 3184 Λαῷ

316 3200 517 3272 τούτῳ.
544 3203 659 3257 Ὅτι
685 3200 858 3257 δὲκαὶ
889 3208 1007 3261 τοῖς
1048 3201 1271 3277 δεσμοῖς
1303 3202 1476 3258 αὐτῶν
1545 3200 1830 3273 δεθήσεται
1866 3201 1957 3256 καὶ

2149 1145 2314 1210 Quod
2336 1151 2536 1202 autem
2567 1146 2747 1202 fuerit
2766 1162 2801 1202 a
2821 1145 3056 1202 diabolo
3111 1147 3428 1203 tentandus
3478 1153 3537 1203 et
3592 1166 3731 1207 eum

2078 1240 2487 1306 superatums,
2521 1236 2835 1291 Zacharias
2888 1241 3049 1292 vates
3105 1237 3189 1292 ita
3246 1237 3561 1308 praedicit:
3602 1237 3730 1292 Vidi

2075 1325 2274 1379 Jesum
2308 1324 2680 1381 sacerdotem
2735 1341 3015 1397 magnum
3071 1330 3350 1391 stantem,
3382 1327 3731 1398 astabatque

2074 1413 2146 1469 ad
2179 1413 2309 1484 ejus
2361 1414 2665 1471 dexteram
2724 1414 3017 1482 diabolus,
3079 1420 3144 1469 ut
3199 1415 3395 1486 ipsum
3455 1421 3731 1473 tentaret.

2072 1504 2349 1575 Dixitque
2373 1504 2426 1560 ei
2447 1507 2616 1561 Jesus
2643 1522 2655 1560 :
2685 1505 2948 1574 Diabole,
2975 1506 3263 1562 Dominus
3286 1511 3341 1561 te
3369 1508 3636 1578 increpet
3663 1506 3730 1563 ⁷⁸.

2070 1594 2581 1664 Comprehensum
2612 1596 2683 1650 iri
2718 1595 3011 1667 sapientia
3039 1595 3234 1651 verbis
3271 1596 3602 1653 Solomonis
3633 1614 3733 1653 os-

2070 1682 2267 1737 tendit
2292 1700 2304 1737 :
2328 1684 2616 1740 Dixerunt
2646 1684 2805 1740 inter
2826 1701 2888 1740 se
2911 1684 3450 1756 impii,Vinciamus
3472 1686 3731 1757 justum,

2069 1772 2210 1843 quia
2240 1772 2415 1828 nobis
2447 1778 2537 1828 est
2565 1773 2982 1829 incommodus
3011 1772 3080 1830 75.
3112 1774 3734 1832 Prodendumadisci'

2072 1861 2212 1932 pulo
2243 1878 2371 1931 suo,
2404 1862 2681 1933 prmdixit
2708 1863 3081 1919 Psalmorum
3113 1867 3319 1919 auctor
3342 1879 3356 1919 :
3378 1865 3432 1919 Is
3456 1865 3557 1934 qui
3588 1882 3723 1922 meo

2074 1952 2333 2007 vescitur
2359 1953 2769 2024 pane,calcem
2800 1953 2947 2009 mihi
2968 1953 3215 2026 impegit
3236 1951 3303 2011 ⁷⁸.
3327 1953 3490 2009 Idem
3521 1956 3727 2012 vatici-

2076 2049 2251 2100 natus
2302 2050 2391 2100 est
2441 2045 2703 2102 vestibus
2759 2046 3059 2102 Christum
3114 2046 3266 2103 482
3326 2047 3725 2118 spoliandum,

2077 2149 2297 2204 easque
2329 2139 2485 2190 sorte
2513 2134 2767 2191 divisum
2798 2136 2872 2190 iri
2906 2151 2920 2190 :
2982 2135 3338 2203 Diviserunt,
3370 2136 3587 2207 inquit,
3621 2155 3726 2194 ve-

2077 2226 2196 2277 stes
2221 2239 2408 2289 meas,
2442 2229 2499 2279 et
2547 2229 2704 2279 sorte
2744 2224 3069 2280 amiculum
3099 2241 3301 2279 meum
3333 2224 3636 2281 duxerunt
3657 2224 3726 2282 ⁷⁷.

2076 2311 2435 2368 Accusatum
2467 2312 2539 2367 iri
2563 2330 2598 2369 a
2623 2313 2790 2368 falsis
2808 2313 3060 2370 testibus
3091 2313 3252 2369 idem
3283 2318 3445 2370 vates
3492 2314 3734 2371 demon-

2077 2401 2322 2457 stravit:
2359 2403 2837 2472 Insurrexerunt,
2871 2404 3089 2475 inquit,
3148 2409 3355 2461 contra
3411 2421 3506 2460 me
3553 2410 3733 2462 testes

2076 2490 2285 2563 injusti
2318 2490 2385 2545 ⁷⁸.
2420 2493 2616 2564 Spinis
2675 2492 3083 2549 coronandum
3139 2493 3425 2551 Jeremias
3456 2494 3732 2565 praadixit

2074 2579 2167 2635 his
2196 2580 2421 2636 verbis:
2454 2581 2715 2653 POpulus
2744 2582 2841 2637 hic
2871 2581 3059 2653 spinis
3084 2599 3327 2637 suorum
3350 2588 3729 2652 peccatorum

2072 2684 2167 2724 me
2188 2670 2582 2725 circumdedit
2607 2668 2675 2725 7°.
2699 2662 2866 2735 Quod
2894 2676 3094 2725 autem
3124 2670 3206 2726 fel
3234 2687 3340 2743 pro
3359 2670 3490 2726 cibo
3522 2676 3581 2726 et
3596 2688 3727 2728 ace-

2071 2762 2199 2813 tum
2226 2774 2332 2829 pro
2362 2765 2504 2831 potu
2531 2759 2584 2814 ei
2616 2758 3019 2815 exhibendum
3047 2759 3368 2831 aliquando
3400 2766 3577 2825 esset,
3610 2762 3725 2819 Dao

2069 2846 2239 2903 vidus
2270 2848 2383 2904 hoc
2413 2849 2653 2904 oraculo
2681 2849 3041 2920 praemonuit
3063 2865 3076 2903 :
3100 2848 3202 2904 Fel
3222 2848 3284 2904 in
3306 2849 3504 2904 cibum
3524 2865 3723 2906 meum

2070 2937 2468 3005 immiserunt,
2504 2939 2847 3010 sitientique
2876 2943 3111 2995 acetum
3131 2937 3460 2994 bibendum
3493 2939 3723 2995 obtule-

2068 3031 2209 3081 runt
2236 3024 2302 3082 ⁸ο.
2337 3027 2614 3083 Ludibrio
2648 3027 2917 3083 habitum
2947 3027 3022 3082 iri
3050 3028 3336 3083 Jeremias
3366 3043 3606 3083 rursum
3636 3028 3721 3083 in-

2071 3114 2229 3171 dicat
2250 3133 2262 3170 :
2298 3116 3083 3188 Ludibrium,inquit,factus
3103 3134 3236 3172 sum
3255 3117 3394 3173 huic
3405 3116 3630 3189 populo
3653 3116 3723 3174 δι.

2072 3205 2238 3270 Quod
2265 3205 2449 3261 Judaei
2480 3222 2616 3261 eum
2642 3206 2899 3263 vincturi
2955 3211 3014 3262 et
3068 3206 3131 3261 in
3182 3206 3440 3278 ligneam
3485 3222 3725 3263 crucem

310 3266 741 3365 σταυρωθήσεται
769 3290 856 3347 ἐπὶ
886 3291 1052 3361 ξύλου
1082 3266 1229 3367 παρὰ
1255 3296 1362 3347 τῶν
1402 3266 1706 3363 Ἰουδαίων,
1741 3290 1890 3366 λέγει
1923 3291 1952 3346 6

2074 3266 2260 3349 acturi
2294 3300 2513 3363 essent,
2553 3295 2770 3351 Esdras
2817 3295 3095 3367 prmdixit
3127 3311 3140 3350 :
3183 3266 3430 3367 Ligastis
3473 3310 3569 3349 me
3603 3311 3727 3352 non

302 3376 554 3456 Ἔσδρας·
588 3379 850 3453 Ἐδήσατέ
878 3403 944 3456 με
1008 3381 1118 3458 οὐχ
1174 3383 1250 3446 ὡς
1280 3384 1483 3458 πατέρα
1521 3384 1613 3439 τὸν
1646 3380 1946 3459 ῥυσάμενον

299 3472 441 3546 ὑμᾶς
474 3471 533 3527 ἐκ
561 3480 662 3549 γῆς
694 3472 1000 3548 Αίγύπτου.
1034 3476 1336 3548 Κράζοντες
1354 3475 1439 3530 ἀπὶ
1463 3478 1559 3529 τοῦ
1588 3476 1837 3549 βήματος
1852 3477 1949 3529 τοῦ

296 3566 490 3637 κριτοῦ
520 3561 916 3618 ἐταπεινώσατέ
975 3583 1062 3636 με,
1119 3564 1492 3639 κρεμασθῆναι
1532 3561 1621 3618 ἐπὶ
1658 3567 1755 3619 τοῦ
1785 3562 1950 3634 ξύλου

294 3650 650 3726 παρεδώκατὲ
710 3675 795 3726 με.
854 3656 974 3708 ’Ὁτι
1032 3651 1090 3709 δὲ
1144 3654 1236 3708 καὶ
1299 3656 1618 3729 ταφήσεται,
1687 3653 1953 3728 Ἱερεμίας

292 3740 458 3817 λέγει’
488 3744 581 3798 Ἐν
609 3745 678 3816 τῇ
706 3746 852 3820 ταφῇ
903 3743 1068 3798 αὐτοῦ
1118 3745 1629 3813 ζωοποιηθήσονται
1661 3743 1713 3798 οἱ
1744 3744 1949 3818 νεκροί.

298 3832 389 3888 Ἐν
417 3832 521 3907 γὰρ
545 3836 628 3904 τῷ
654 3837 833 3907 καιρῷ
862 3832 1073 3905 ἐκείνῳ,
1104 3831 1193 3887 ὅτε
1232 3833 1261 3887 6
1320 3832 1597 3902 Δεσπότης
1654 3834 1815 3905 ἡμῶν
1847 3835 1955 3903 Ἰη-

300 3927 428 3982 σοῦς
458 3920 510 3977 ἐν
542 3921 622 3995 τῷ
649 3921 822 3996 τιμίῳ
856 3922 1018 3977 αὐτοῦ
1070 3922 1231 3978 πάθει
1259 3918 1543 3997 παρέδωκε
1598 3922 1660 3977 τὸ
1716 3926 1951 3995 πνεῦμα,

300 4012 351 4065 οἱ
380 4011 548 4088 τάφοι
582 4012 971 4086 ἠνεῴχθησαν,
1003 4013 1090 4067 καὶ
1149 4009 1336 4067 πολλὰ
1384 4011 1612 4085 σώματα
1639 4015 1748 4066 τῶν
1776 4032 1954 4067 κεκοι-

306 4100 572 4174 μημένων
606 4099 776 4177 ἁγίων
806 4101 1035 4177 ἠγέρθη,
1086 4103 1114 4156 6
1170 4099 1336 4171 ἣλιος
1382 4100 1698 4172 ἐσκοτίσθη,
1744 4101 1808 4156 τὸ
1854 4121 1956 4156 κα-

296 4190 623 4263 ταπέτασμα
642 4193 742 4244 τοῦ
779 4195 910 4245 ναοῦ
934 4189 1186 4269 ἐσχίσθη,
1218 4188 1308 4245 καὶ
1352 4191 1574 4263 σεισμὸς
1606 4189 1770 4267 μέγας
1822 4189 1958 4246 κατὰ

300 4285 483 4335 πᾶσαν
509 4280 612 4349 τήν
640 4277 968 4353 οἰκουμένην
1003 4278 1234 4354 ἐγένετο.
1293 4281 1476 4338 Ταῦτα
1505 4279 1683 4335 πάντα
1719 4279 1769 4335 εἳ
1797 4277 1959 4351 δυνη-

300 4372 409 4440 θῇς
439 4370 508 4439 ⁸³,
540 4369 585 4424 ὦ
618 4366 871 4438 Ἰουδαῖε,
905 4370 982 4443 μὴ
1014 4368 1151 4426 εἶναι
1182 4369 1329 4444 παρὰ
1359 4373 1466 4425 τῶν
1498 4367 1771 4444 ὑμετέρων
1822 4389 1960 4444 προ-

306 4462 500 4535 φητῶν
528 4457 1013 4534 προκηρυχθὲντα,
1041 4459 1117 4521 ὡς
1148 4459 1386 4533 ψεύστην
1444 4457 1698 4528 ἐνίκησας
1753 4479 1838 4532 με·
1898 4457 1962 4516 Εἰ

301 4545 348 4601 δ’
373 4545 605 4619 ἀληθῶς
627 4550 753 4623 παρ’
785 4545 1005 4604 ἐκείνων
1052 4544 1490 4628 προφητευθέντα
1545 4546 1671 4616 εἰσὶ,
1700 4554 1818 4612 τοῖς
1846 4553 1965 4603 σοῖ-

2062 3388 2130 3439 ut
2143 3386 2401 3454 Patrem,
2416 3386 2519 3457 qui
2539 3402 2640 3441 vos
2657 3402 2727 3441 ex
2742 3388 2985 3458 Egypto
2998 3385 3315 3441 liberasset
3330 3402 3343 3451 ;
3368 3383 3626 3440 clamore
3649 3384 3725 3440 ad

2061 3474 2325 3531 tribunal
2346 3475 2571 3547 judicis
2610 3476 2992 3549 oppugnastis
3032 3491 3148 3545 me,
3184 3472 3565 3545 oppressistis
3594 3490 3711 3541 me,

2064 3579 2133 3618 ac
2167 3565 2496 3621 tradidistis
2524 3566 2586 3621 in
2616 3564 2773 3637 ligno
2805 3563 3315 3638 suspendendum.
3338 3562 3722 3634 Sepulturam

2062 3668 2300 3725 quoque
2323 3655 2454 3727 ejus
2469 3656 2753 3712 Jeremias
2768 3655 3043 3727 praedixit
3065 3671 3201 3710 eum
3223 3653 3449 3724 inquit:
3474 3656 3531 3708 Is
3553 3669 3724 3724 sepe-

2062 3744 2258 3813 lietur,
2270 3763 2338 3802 ea
2350 3762 2444 3802 res
2458 3748 2708 3803 mortuis
2720 3747 2897 3803 vitam
2910 3746 3267 3811 reddet.Quo
3281 3743 3441 3800 enim
3457 3748 3723 3815 tempore

2064 3836 2352 3891 Dominus
2381 3842 2585 3892 noster
2613 3836 2880 3892 Christus
2909 3837 3171 3907 pretiosa
3199 3851 3307 3890 sua
3337 3834 3399 3888 in
3442 3832 3722 3904 passione

2066 3924 2405 3995 exspiravit,
2440 3940 2509 3978 eo
2541 3924 2815 3996 sepulcra
2834 3927 2974 3979 sunt
2992 3928 3216 3995 aperta,
3249 3920 3545 3989 multique
3568 3934 3722 3974 mor-

2066 4020 2302 4069 tuorum
2322 4017 2663 4068 sanctorum
2674 4013 3009 4069 reviverunt
3028 4027 3041 4077 ;
3059 4011 3148 4067 sol
3161 4008 3586 4066 obtenebratus
3605 4012 3718 4073 est,

2066 4102 2262 4157 velum
2284 4102 2492 4172 templi
2512 4102 2783 4172 scissum,
2805 4116 3174 4173 magnusque
3195 4115 3305 4170 per
3316 4102 3503 4153 totum
3516 4095 3723 4151 orbem

2067 4198 2240 4247 terras
2255 4195 2451 4247 motus
2468 4189 2598 4247 fuit.
2620 4192 2753 4245 Haac
2771 4187 3281 4256 omnia,Judaee,si
3297 4200 3512 4256 negare
3528 4189 3719 4256 potes,

2069 4298 2104 4337 ιι
2123 4281 2332 4336 vestris
2351 4280 2533 4336 fuisse
2548 4279 2834 4351 praedicta
2855 4279 3108 4343 vatibus,
3131 4275 3428 4334 mendacii
3460 4291 3603 4330 sane
3626 4290 3724 4330 me

2071 4370 2417 4427 conviceris.
2452 4370 2555 4425 Sin
2593 4386 2665 4426 ea
2691 4386 2826 4426 vere
2856 4373 2998 4424 sunt
3028 4368 3292 4440 ipsorum
3324 4364 3586 4430 oracula,
3610 4363 3731 4419 tuis

2073 4462 2226 4518 488
2250 4461 2432 4518 debes
2472 4461 2715 4517 credere
2747 4459 2978 4516 vatibus
3009 4464 3068 4514 et
3107 4461 3379 4513 nostrum
3429 4454 3732 4510 Christum

2075 4552 2166 4608 vel
2196 4551 2416 4607 invitus
2464 4550 2734 4607 adorare.
2767 4548 3187 4606 Constantinus
3220 4564 3234 4603 :
3265 4546 3324 4603 Si
3367 4545 3494 4601 haec
3524 4542 3733 4599 vestris

305 4635 555 4714 ὀφείλεις
582 4639 872 4708 πεισθῆναι
901 4638 1210 4717 προφήταις
1236 4636 1326 4693 καὶ
1382 4638 1474 4693 τὸν
1527 4638 1796 4713 ἡμετερον
1828 4641 1959 4713 Χρις

2074 4643 2455 4697 continentur
2474 4640 2666 4708 libris,
2686 4654 3194 4711 supervacaneum
3210 4641 3321 4705 est,
3345 4652 3378 4690 o
3408 4633 3618 4703 Judaei,
3632 4648 3739 4687 vos

313 4727 441 4781 στὸν
469 4725 614 4781 ἃκων
672 4728 763 4782 καὶ
826 4729 903 4803 μὴ
966 4725 1306 4804 βουλόμενος
1362 4734 1759 4802 προσκυνῆσαι.
1819 4732 1968 4783 Κων-

307 4819 600 4875 σταντῖνος
629 4813 941 4889 Αὔγουστος
975 4815 1137 4871 εἶπενο
1192 4814 1253 4872 Εἰ
1310 4818 1478 4871 ταῦτα
1532 4819 1651 4877 ταῖς
1685 4814 1971 4890 ὑμετέραι-

312 4902 630 4977 περιέχεται
693 4899 935 4978 βίϐλοις,
1005 4906 1277 4982 περισσῶς
1339 4902 1672 4979 ἀντιλέγετε,
1732 4906 1777 4960 ὧ
1833 4905 1969 4968 Ἰους

315 4988 485 5060 δαῖοι,
548 4995 654 5047 τῶν
710 4991 1050 5066 παθημάτων
1132 4991 1305 5049 ἕνεκεν
1363 4997 1462 5048 τοῦ
1516 4994 1777 5065 Χριστοῦ,
1834 4992 1970 5068 ἅπερ

315 5082 456 5138 κατὰ
482 5083 630 5153 τάξιν
682 5081 1058 5159 προλεχθέντα
1110 5083 1162 5139 ἐν
1224 5088 1304 5157 τῷ
1359 5085 1588 5158 Χριστῷ
1644 5082 1970 5158 ἐπληρώθη.

307 5171 492 5229 Λύνᾶν
522 5169 786 5234 Ἰουδαῖος
852 5171 1022 5248 λέγει·
1058 5173 1330 5250 Ὀφείλεις
1371 5170 1540 5243 δεῖξαι
1570 5174 1706 5245 ἡμῖν
1760 5174 1823 5229 τὸ
1885 5195 1971 5230 τε-

311 5263 517 5337 χθῆναι
620 5261 782 5317 αὐτὸν
868 5263 960 5317 καὶ
1041 5269 1383 5336 κρατηθῆναι
1471 5261 1562 5318 καὶ
1650 5257 1973 5338 ὑϐρισθῆναι

314 5350 413 5405 καὶ
493 5347 872 5425 ἔμπαιχθῆναι
951 5350 1042 5406 καὶ
1123 5353 1500 5428 σταυρωθῆναι
1560 5352 1650 5409 καὶ
1726 5354 1974 5416 τεθνάναι

308 5441 406 5495 καὶ
451 5444 593 5514 ταφῇ
650 5438 1073 5517 παραδεδόσθαι.
1132 5443 1194 5501 '0
1250 5440 1409 5517 ἅγιος
1459 5436 1790 5516 Σίλϐεστρος
1847 5442 1973 5522 ἔφη·

383 5556 434 5594 ⁷³
480 5560 711 5616 Baruch
761 5577 841 5633 ιιι,
920 5563 1010 5632 36,
1062 5561 1148 5617 37.

314 5647 366 5683 ⁷⁸
386 5649 545 5705 Psal.
578 5667 730 5719 xxvi,
758 5653 812 5707 2.

2080 4732 2489 4789 contradicere
2538 4730 2611 4785 iis
2654 4728 2866 4785 Christi
2899 4725 3407 4800 perpessionibus,
3443 4740 3593 4796 quas
3641 4739 3740 4776 or-

2083 4820 2221 4877 dine
2249 4826 2411 4877 vates
2461 4819 2513 4875 ei
2561 4823 2869 4876 eventuras
2926 4817 3356 4889 prwdixerunt,
3409 4827 3740 4882 eorumque

2083 4910 2325 4967 oracula
2375 4910 2639 4964 Christus
2688 4906 2974 4980 implevit.
3049 4908 3264 4964 Aunan
3317 4903 3554 4962 Iudaeus
3605 4901 3733 4958 ait:

2081 4999 2347 5056 Debebas
2367 4998 2582 5054 nostris
2612 4997 3023 5055 demonstrare
3044 4996 3120 5052 de
3137 4997 3366 5053 Christo
3391 4991 3745 5064 praedictum

2079 5090 2289 5156 fuisse,
2347 5104 2485 5144 eum
2526 5087 2922 5154 nasciturum,
2988 5091 3255 5158 captum,
3306 5077 3740 5138 contumeliose

2083 5184 2402 5236 tractatum
2420 5182 2480 5233 et
2494 5177 2741 5235 illusum
2761 5177 3042 5248 crucique
3066 5174 3334 5240 afﬁxam,
3354 5169 3738 5234 moriturum,

2085 5269 2524 5341 sepulturaeque
2543 5268 2829 5324 traditum
2860 5267 2952 5322 iri.
2981 5264 3261 5322 Silverter
3294 5278 3306 5317 :
3340 5261 3583 5332 Oportet
3598 5270 3736 5327 ergo

2085 5375 2181 5414 me
2208 5374 2415 5415 omnes
2437 5357 2769 5428 Scripturas
2790 5369 3105 5429 exponere.
3130 5351 3302 5406 Prius
3324 5354 3525 5404 tamen
3554 5344 3742 5401 fatere

2088 5453 2145 5504 te
2175 5464 2276 5504 eas
2305 5447 2586 5519 amplecti
2614 5459 2901 5515 verasque
2925 5441 3217 5513 judicare.
3242 5441 3457 5495 Aunan
3484 5453 3497 5491 :
3533 5436 3747 5491 Vatum

1252 5561 1299 5597 ⁷⁸
1359 5561 1597 5618 Zachar.
1650 5577 1737 5627 ιιι,
1791 5565 1841 5631 1,
1892 5568 1944 5620 2.

2124 5564 2257 5637 Sap.
2290 5582 2350 5631 ιι,
2415 5564 2502 5618 12.
2581 5561 2627 5604 ⁷⁸
2670 5560 2825 5618 Psal.
2870 5575 2963 5628 xL,
3015 5560 3101 5612 10.
3177 5555 3223 5592 ⁷⁷
3273 5553 3427 5611 Psal.
3479 5570 3599 5622 xxi,
3649 5554 3736 5607 19·

916 5652 967 5687 ⁷9
993 5652 1207 5707 Jerem.
1243 5669 1318 5720 1x,
1351 5655 1404 5707 2.
1479 5651 1524 5686 ⁸ο
1554 5651 1708 5707 Psal.
1744 5669 1933 5724 vam,
1959 5658 2047 5710 22.
2122 5654 2168 5693 ει
2200 5655 2412 5710 Thren.
2445 5669 2527 5725 ιιι,
2566 5654 2649 5706 lli.
