4144 6466
388 386 508 450 527

1708 385 2034 447 GEORGII
2077 389 2434 454 CEDRENI

3679 403 3795 464 528

367 520 608 577 oracula
637 535 764 575 esse
798 534 955 585 vera,
1012 532 1187 571 nemo
1233 520 1424 587 negat.
1487 514 1598 570 Sed
1648 519 1709 569 tu
1760 514 1834 570 ad
1864 515 2012 572 alios

2134 519 2349 576 Οὐκοῦν
2398 522 2604 598 ἀνάγκη
2665 524 2779 579 ἐστί
2841 525 3013 588 πάσας
3072 547 3161 581 σοι
3218 527 3314 588 τὰς
3371 531 3586 609 Γραφάς
3644 528 3792 587 ἐκθὲὲ

361 612 550 667 trahis
581 627 713 681 quae
749 608 822 663 de
855 607 987 663 aliis
1019 612 1181 662 sunt
1214 605 1517 676 praedicta.
1573 604 1848 660 Silvester
1881 623 1893 661 :
1960 611 2023 660 tu

362 702 546 773 igitur
566 700 751 755 alium
781 698 1002 769 profer,
1035 696 1131 750 cui
1162 694 1238 749 fel
1269 711 1376 765 pro
1410 693 1565 762 cibo,
1616 701 1852 749 acetum
1909 712 2016 766 pro

361 797 506 863 potu
541 791 617 846 sit
643 788 973 844 exhibitum
1007 801 1020 851 ;
1056 784 1157 855 qui
1214 783 1401 854 spinis
1452 789 1794 849 coronatus,
1829 784 2025 838 cruci-

361 880 513 935 ﬁxus
543 895 611 934 ac
643 876 908 947 sepultus
938 873 1234 928 revixerit.
1295 873 1496 928 Judan
1551 872 1907 943 aliquandiu
1940 873 2021 928 si-

363 969 547 1035 lente,
581 965 1004 1022 Constantinus
1030 963 1115 1017 ait
1148 979 1162 1016 :
1191 962 1246 1016 Si
1280 961 1465 1017 alium
1507 964 1720 1016 Aunan
1773 962 2023 1016 demon-

364 1063 551 1111 strare
584 1071 703 1108 non
733 1057 950 1123 potest,
977 1051 1127 1106 sciat
1157 1067 1219 1106 se
1251 1051 1401 1106 citra
1431 1066 1669 1105 omnem
1702 1050 2022 1105 dubitatio-

359 1162 498 1202 nem
529 1147 873 1215 superatum
905 1158 1059 1197 esse.
1094 1145 1250 1213 Doeg
1278 1139 1514 1195 Judzeus
1537 1140 1733 1210 inquit
1759 1140 2022 1211 :Optime

359 1237 706 1307 imperator,
742 1232 1022 1287 Silvester
1073 1231 1379 1303 pollicitus
1410 1235 1499 1285 est
1549 1247 1609 1285 se
1633 1230 1861 1302 justam
1895 1230 2024 1284 edi-

362 1330 562 1380 turum
598 1339 841 1379 causam
876 1322 949 1377 ob
983 1337 1161 1392 quam
1193 1320 1461 1375 Christus
1493 1319 1678 1387 nasci,
1712 1336 1747 1374 a
1785 1318 2022 1373 diabolo

356 1413 573 1469 tentari
607 1419 667 1468 et
711 1411 1072 1483 supplicium
1132 1409 1362 1481 perpeti
1413 1408 1703 1464 debuerit.
1758 1406 1847 1462 Ad
1898 1408 2023 1462 haec

359 1503 674 1561 Silvester:
711 1502 1001 1567 Quoniam
1052 1499 1294 1571 quidem
1354 1497 1596 1553 oracula
1654 1502 1849 1552 vatum
1886 1513 2023 1551 vera

359 1610 496 1650 esse
527 1592 672 1648 fassi
705 1592 868 1659 estis,
897 1588 1330 1646 conﬁtebimini
1356 1588 1561 1658 utique
1582 1586 1866 1658 virginem
1897 1602 2023 1658 gra-

358 1684 555 1740 vidam
587 1700 717 1739 esse
742 1683 978 1748 factam,
1009 1684 1301 1751 partuque
1353 1677 1826 1744 Emmanuelem,
1862 1676 2021 1747 quod

364 1766 586 1829 nomen
620 1777 794 1827 sonat
822 1772 977 1825 Deus
1009 1766 1638 1832 nobiscum,edidisse.
1670 1765 2022 1841 Tacentibus

358 1863 578 1918 Judmis
609 1861 874 1917 addidit:
913 1858 1170 1914 Omnino
1203 1858 1265 1911 in
1299 1857 1484 1912 sacris
1506 1856 1739 1911 Litteris
1770 1856 2021 1928 legistis,

364 1953 660 2025 quomodo
690 1953 847 2006 Deus
878 1951 1140 2021 primum
1200 1947 1505 2002 hominem
1556 1963 1627 2000 ex
1682 1946 1806 2001 luto
1868 1944 2026 2000 481

362 2042 727 2107 formaverit,
761 2040 862 2111 qui
897 2040 1075 2094 homo
1100 2036 1395 2108 serpentis
1417 2035 1669 2091 consilio
1712 2034 2031 2089 obsecutus

365 2132 645 2205 paradiso
671 2131 900 2203 cjectus
932 2128 1233 2199 mortique
1267 2132 1357 2181 est
1409 2125 1701 2182 addictus.
1734 2126 1861 2181 Jam
1895 2141 2030 2195 ergo

373 2222 542 2288 mihi,
574 2221 796 2289 Judaze,
829 2217 1145 2289 responde,
1170 2222 1329 2271 terra
1385 2233 1453 2271 ex
1495 2231 1613 2286 qua
1642 2215 1755 2269 fuit
1801 2215 2032 2269 efﬁctus

371 2311 657 2377 Adamus,
694 2307 1063 2379 corruptioni
1094 2306 1286 2359 fuitne
1320 2310 1593 2376 exempta
1614 2320 1690 2359 an
1722 2302 1988 2374 subjecta
2008 2301 2036 2356 ?

368 2400 597 2456 Cusech
656 2396 965 2469 respondit
1016 2395 1200 2450 fuisse
1261 2398 1626 2464 exemptam.
1705 2392 2029 2447 Silvester:

371 2494 553 2548 Recte
586 2488 809 2544 dixisti.
844 2489 986 2542 Nam
1021 2490 1079 2541 et
1138 2485 1297 2557 virgo
1338 2484 1451 2538 fuit
1511 2488 1668 2538 terra
1716 2483 1849 2548 ista,
1898 2499 2031 2537 cum

367 2579 638 2637 nondum
670 2577 858 2649 spinis
891 2593 956 2631 ac
1007 2574 1244 2629 tribulis
1297 2589 1427 2628 eam
1473 2573 1671 2628 divina
1718 2572 2031 2627 detestatio

368 2669 771 2741 exposuisset,
798 2682 993 2736 neque
1045 2664 1108 2719 in
1136 2680 1206 2719 ea
1233 2662 1424 2718 ullum
1454 2663 1784 2717 humanum
1817 2678 2032 2733 corpus

366 2759 589 2815 fuisset
612 2754 1079 2829 sepultum.ldeo
1097 2769 1341 2809 necesse
1365 2756 1492 2807 erat
1508 2768 1724 2806 novum
1737 2751 2030 2807 Adamum

366 2864 436 2903 ex
468 2847 651 2902 Maria
709 2845 946 2917 Virgine
997 2843 1182 2908 nasci,
1254 2848 1321 2896 ut
1374 2841 1470 2895 hic
1508 2845 1869 2911 serpentem,
1929 2840 2031 2911 qui

362 2936 629 3008 primum
662 2934 973 2989 hominem
1015 2930 1297 2986 tentando
1331 2930 1569 2995 vicerat,
1602 2929 1861 2984 vicissim
1912 2929 2033 2983 vin-

371 3030 541 3080 ceret
579 3021 937 3096 jejunando,
972 3020 1145 3075 sicuti
1194 3018 1452 3074 Adamus
1503 3018 1633 3073 cibo
1667 3024 1838 3090 capto
1897 3034 2030 3072 suc-

367 3115 675 3170 cubuerat.
720 3112 915 3168 Victor
973 3126 1113 3181 ergo
1178 3107 1396 3164 diaboli
1455 3106 1797 3179 paradisum
1857 3106 2030 3162 nobis

363 3202 629 3259 restituit
685 3200 936 3272 vitaeque
993 3203 1231 3252 mternaa
1305 3200 1506 3267 portas
1572 3196 1825 3267 aperuit.
1885 3197 2029 3250 Tum

2138 610 2279 679 σθαι,
2362 610 2482 675 ὅθεν
2565 618 2781 688 πρῶτον
2874 614 3227 690 ὁμολόγησον
3307 618 3401 681 σὰς
3488 619 3627 673 εἶναι
3699 622 3794 683 τὰς

2137 700 2352 775 Γραφτὶς
2382 701 2473 755 καὶ
2502 700 2727 773 ἀληθεῖς
2771 704 3060 781 ὑπάρχειν.
3103 706 3284 761 Αὖνᾶν
3342 707 3480 765 εἶπε.
3513 709 3594 764 Τὰ
3648 712 3796 785 παρὰ

2137 791 2244 841 τῶν
2280 796 2578 869 προφητῶν
2639 793 2903 867 λεχθέντα
2965 791 3149 864 ἀληθῆ
3205 796 3338 849 εἴναι
3396 798 3593 860 πάντες
3651 799 3794 870 ὁμο-

2139 879 2415 952 λογοῦσιν.
2445 879 2623 938 Ἀλλὰ
2657 881 2720 936 σὺ
2745 883 2810 937 τὰ
2840 884 2978 959 πρὸς
3032 882 3240 946 ἄλλους
3299 885 3559 959 εἰρημένα
3585 884 3792 951 ἄλλους

2136 970 2461 1035 πεπονθέναι
2499 975 2628 1052 φής.
2661 975 2722 1031 Ὀ
2764 972 2918 1049 ἅγιος
2971 971 3308 1050 Σίλϐεστρος
3354 978 3519 1033 εἶπεν
3580 979 3790 1036 Οὐκοῦν

2138 1055 2302 1122 δίδως
2333 1059 2504 1116 ἄλλον
2532 1063 2648 1119 τινα
2678 1085 2809 1119 ποτε
2838 1062 3020 1138 χολήν
3049 1066 3317 1140 τραφέντα
3372 1069 3463 1121 καὶ
3522 1066 3643 1139 ὅξος
3690 1089 3791 1123 πο-

2135 1150 2382 1204 τισθὲντα
2437 1151 2528 1205 καὶ
2587 1151 2841 1207 ἀκάνθαις
2899 1156 3300 1231 στεφανωθέντα
3378 1155 3468 1210 καὶ
3547 1178 3790 1232 σταυρω-

2139 1236 2293 1301 θέντα
2350 1241 2439 1294 καὶ
2496 1242 2725 1320 ταφέντα
2780 1242 2869 1296 καὶ
2919 1242 3221 1299 ἀναστάντα
3265 1263 3277 1314 ;
3337 1244 3440 1301 Καὶ
3501 1245 3589 1300 ἐπὶ
3643 1244 3789 1301 πολὺ

2139 1332 2456 1392 σιωπῶντος
2483 1329 2671 1397 αὐτοῦ,
2704 1334 3105 1394 Κωνσταντῖνος
3165 1333 3481 1409 Αὔγουστος
3539 1331 3663 1414 ἔφη·
3726 1334 3789 1392 Εἰ

2138 1415 2310 1470 ἄλλον
2344 1413 2600 1490 ἐπιδεῖξαι
2632 1418 2807 1475 Αὐνᾶν
2841 1420 2902 1474 οὐ
2937 1417 3174 1491 δύναται,
3231 1423 3545 1497 γινωσκέτω
3582 1413 3792 1479 ἐαυτὸν

2139 1510 2378 1581 φανερῶς
2409 1508 2731 1580 ἡττημένον.
2767 1511 2848 1583 [Ρ.
2907 1512 3034 1584 276]
3093 1513 3256 1580 Δωὴκ
3305 1509 3568 1573 Ἰουδαῖος
3626 1510 3790 1588 λέγει·

2138 1593 2375 1650 Βασιλεῦ
2420 1597 2693 1671 κράτιστε,
2754 1592 3094 1673 Σίλϐεστρος
3153 1598 3521 1677 ἐπηγγείλατο
3582 1598 3792 1663 δικαίας

2137 1682 2274 1758 ἐρεῖν
2306 1684 2483 1749 αἰτίας
2513 1686 2637 1763 περὶ
2688 1691 2786 1741 τοῦ
2845 1690 3169 1764 γεννηθῆναι
3225 1689 3384 1745 αὐτὸν
3432 1690 3523 1745 καὶ
3590 1711 3790 1766 πειρα-

2138 1776 2327 1842 σθῆναι
2363 1775 2466 1829 ὑπὸ
2496 1779 2592 1831 τοῦ
2651 1771 2918 1832 διαϐόλου
2968 1777 3059 1832 καὶ
3117 1784 3328 1843 παθεῖν.
3362 1780 3432 1836 ’Ὁ
3463 1778 3618 1854 ἅγιος
3660 1778 3796 1835 Σίλ-

2140 1857 2363 1938 ϐεστρος
2390 1857 2516 1942 ἔφη·
2552 1863 2773 1935 Ἐπειδὴ
2807 1864 2996 1921 τοίνυν
3029 1866 3211 1938 ἀληθῆ
3245 1869 3309 1922 τὰ
3351 1871 3794 1946 προφητευθέντα

2139 1952 2409 2027 εἰρήκατε,
2447 1954 2835 2030 ὁμολογήσατε
2866 1955 2949 2011 ὅτι
2980 1959 3015 2026 ἡ
3081 1957 3355 2032 Παρθενος
3412 1953 3677 2013 συνέλαϐε
3706 1958 3797 2013 καὶ

2138 2035 2808 2117 ἔτεκετὸνἘμμανουηλ,
2849 2046 2877 2099 ὃ
2938 2043 3071 2116 ἐστι,
3132 2052 3264 2110 Μεθ’
3330 2048 3496 2119 ἡμῶν
3556 2049 3584 2101 6
3644 2048 3795 2109 Θεός.

2138 2130 2489 2185 Σιωπώντων
2516 2129 2573 2186 δὲ
2598 2136 2706 2187 τῶν
2735 2130 3033 2202 Ἰουδαίων,
3094 2135 3121 2188 6
3182 2133 3340 2210 ἅγιος
3372 2135 3510 2189 εἶπε·
3573 2134 3797 2195 Πάντως

2138 2221 2433 2294 γινώσκετε
2489 2219 2539 2273 ἐν
2596 2226 2714 2283 ταῖς
2763 2221 2932 2285 θείαις
2989 2228 3227 2300 Γραφαῖς
3287 2222 3475 2299 ὅτιπερ
3520 2223 3579 2279 ἐκ
3609 2224 3794 2294 πηλοῦ

2135 2307 2392 2379 ἐποίησεν
2422 2309 2450 2363 6
2482 2309 2610 2373 Θεὸς
2639 2311 2732 2365 τὸν
2791 2315 3006 2387 πρῶτον
3062 2311 3372 2389 ἄνθρωπον,
3427 2315 3485 2376 ’ὀς
3524 2318 3593 2387 τῇ
3656 2334 3797 2386 συμ-

2139 2393 2342 2470 δουλίᾳ
2369 2403 2467 2453 τοῦ
2499 2397 2675 2476 ὄφεως
2703 2395 2969 2471 ἐξεϐλήθη
3029 2404 3127 2457 τοῦ
3180 2399 3508 2476 παραδείσου
3567 2401 3657 2457 καὶ
3709 2414 3796 2466 θα-

2137 2489 2284 2560 νάτῳ
2313 2487 2745 2562 περιπέπτωκεν.
2800 2488 3005 2545 Οὐκοῦν
3063 2489 3178 2547 εἰπὲ
3238 2513 3352 2564 μοι,
3388 2493 3432 2545 ὡ
3474 2488 3725 2561 Ἰουδαῖε,
3759 2494 3795 2561 ἡ

2137 2584 2206 2651 γῆ
2239 2577 2327 2655 ἀφ’
2357 2577 2425 2646 ἧς
2456 2576 2694 2650 ἐπλάσθη
2732 2581 2759 2633 ὁ
2785 2577 2986 2654 ’Δδὰμ,
3046 2579 3314 2655 ἄφθαρτος
3353 2581 3420 2650 ἦν
3490 2578 3525 2650 ἦ
3560 2582 3796 2658 φθαρτὴν

2139 2667 2374 2740 Κουσήχ
2430 2666 2597 2721 εἶπεν⁶
2656 2670 2981 2746 Ἃφθαρτος.
3041 2664 3368 2744 Σίλϐεστρος
3409 2668 3543 2723 εἶπε·
3588 2667 3786 2729 Καλῶς

2139 2754 2315 2817 εἶπας·
2349 2753 2620 2833 ἄφθαρτος
2668 2757 2771 2833 γὰρ
2828 2759 2893 2825 ἦν
2951 2757 3042 2812 καὶ
3085 2758 3349 2833 παρθένος
3417 2755 3506 2812 διὰ
3549 2757 3614 2811 τὸ
3649 2758 3790 2828 μήτε

2136 2841 2372 2915 κατάραν
2431 2840 2599 2911 αὐτὴν
2679 2839 2958 2919 εἰληφέναι
3017 2843 3261 2907 ἀκανθῶν
3322 2841 3410 2897 καὶ
3485 2836 3792 2916 τριϐόλων,

2141 2931 2282 3002 μήτε
2338 2928 2395 2984 δὲ
2476 2932 2653 3006 ταφὴν
2711 2930 2965 3004 σώματος
3046 2932 3387 3007 ἀνθρωπίνου
3468 2930 3785 3011 ἐσχηκέναι.

2135 3018 2330 3075 Τοίνυν
2360 3016 2533 3096 ἐχρῆν
2566 3020 2654 3074 καὶ
2686 3017 2746 3074 ἐκ
2775 3026 2874 3089 τῆς
2935 3022 3216 3095 Παρθένου
3269 3020 3482 3096 Μαρίας
3529 3020 3621 3074 τὸν
3675 3021 3793 3075 νὲον

2139 3104 2315 3181 Ἀδὰμ
2343 3110 2688 3182 γεννηθῆναι,
2721 3108 2779 3172 ὅς
2830 3107 3035 3187 ὣφειλε
3092 3111 3181 3165 τὸν
3239 3111 3472 3181 νικητὴν
3502 3112 3599 3164 τοῦ
3631 3109 3785 3183 πρώ-

2135 3217 2232 3252 του
2286 3198 2595 3271 ἆνθρώπου,
2649 3200 2742 3254 τὸν
2798 3200 3120 3275 πειράζοντα
3181 3195 3327 3277 ὅφιν,
3385 3207 3625 3270 νικῆσαι.
3681 3199 3791 3255 Καὶ

361 3291 602 3347 Judazus
629 3307 642 3345 :
678 3291 806 3345 Non
837 3270 1015 3344 modo
1048 3303 1157 3342 cur
1186 3290 1361 3341 natus
1392 3289 1550 3340 esset
1582 3284 1872 3350 Christus,
1921 3283 2022 3338 sed

2135 3283 2322 3355 ἐπειδή
2354 3270 2445 3343 τὸν
2479 3286 2660 3362 Ἀδὰμ
2690 3286 2780 3343 διὰ
2812 3270 3067 3363 βρώσεως
3098 3270 3331 3362 ἐνίκησε,
3389 3286 3479 3344 διὰ
3529 3287 3781 3359 νηστείας

361 3383 540 3438 etiam
604 3398 709 3437 cur
756 3379 1016 3436 ludibrio
1075 3377 1333 3443 habitus,
1386 3375 1679 3447 proditus,
1731 3374 2019 3447 supplicio

361 3473 610 3527 affectus
669 3475 728 3526 et
784 3473 1075 3535 mortuus,
1131 3482 1371 3522 causam
1420 3464 1776 3536 postulatus,
1832 3480 2021 3534 pauca

361 3558 634 3632 quaedam
666 3558 738 3614 de
770 3557 1075 3613 nativitate
1107 3556 1234 3627 ejus
1265 3553 1541 3610 docuisti.

2128 3376 2364 3447 ἡττήθη.
2391 3377 2453 3434 Ὀ
2484 3381 2618 3450 γοῦν
2645 3379 2875 3449 νικήσας
2906 3379 2999 3433 τὸν
3057 3374 3320 3435 διάϐολον
3373 3378 3464 3433 τὸν
3520 3374 3783 3452 παράδει-

2131 3484 2224 3518 σον
2252 3467 2387 3537 ἡμῖν
2421 3463 2671 3521 ἀπέδωκε
2699 3466 2919 3536 καὶτῆς
2979 3466 3205 3522 αἰωνίου
3262 3473 3408 3537 ζωῆς
3460 3466 3555 3529 τὰς
3612 3464 3794 3527 πύλας

2129 3551 2351 3625 ἡνὲῳξε.
2386 3554 2552 3610 Καὶὸ
2596 3552 2858 3619 Ἰουδαῖος
2918 3556 3089 3611 εἶπεν⁸
3147 3556 3224 3613 Οὐ
3285 3556 3450 3630 μόνον
3510 3555 3634 3629 περὶ
3687 3561 3792 3623 τῆς

354 3651 653 3721 γεννήσεως
686 3651 783 3701 τοῦ
817 3643 1084 3718 ὑμετέρου
1113 3646 1387 3717 Χριστοῦ,
1422 3639 1569 3696 ἀλλὰ
1593 3640 1683 3695 καὶ
1714 3640 1839 3715 περῖ
1868 3647 1968 3710 τῆς
1998 3639 2304 3714 ἐμπαίξεως
2331 3642 2496 3698 αὐτοῦ
2525 3644 2616 3699 καὶ
2649 3642 2945 3721 προδοσίας
2992 3646 3082 3701 καὶ
3139 3646 3347 3708 πάθους
3402 3645 3492 3700 καὶ
3550 3642 3786 3700 θανάτου

356 3737 680 3813 ἐρωτηθεὶς,
712 3734 835 3810 περέ
872 3735 1042 3809 μόνης
1074 3739 1172 3802 τῆς
1214 3731 1522 3807 γεννήσεως
1546 3726 1789 3800 ἐδίδαξας
1822 3727 1987 3805 ὀλίγα
2017 3731 2158 3787 τινά.

429 3831 670 3902 Oportet
699 3831 897 3882 autem
929 3824 1001 3880 de
1024 3822 1275 3896 singulis
1306 3827 1364 3876 te
1418 3820 1711 3875 rationem
1744 3819 2018 3877 reddere.

360 3919 640 3974 Silvester
665 3933 676 3973 :
699 3917 779 3971 De
811 3929 1071 3986 quonam
1103 3911 1253 3967 dixit
1282 3908 1647 3982 magnusille
1680 3908 1860 3965 Isaias
1882 3909 2018 3976 ista,

358 4010 506 4063 Ecce
564 4007 737 4079 Virgo
798 4003 1117 4074 concipiet,
1204 4006 1261 4055 et
1316 3998 1509 4072 pariet
1566 3998 1784 4054 Filium
1842 4016 2019 4069 quem

358 4095 812 4153 Emmanuelem
843 4090 1244 4149 nominabunt
1266 4090 1293 4144 ?
1325 4089 1381 4144 Is
1436 4095 1758 4159 antequam
1790 4094 2020 4159 patrem

359 4196 462 4246 aut
519 4193 770 4244 matrem
820 4201 1029 4241 vocare
1088 4182 1296 4250 discat,
1331 4183 1688 4237 Damascum
1739 4180 1802 4235 in
1850 4197 2020 4236 suam

358 4280 587 4353 rediget
612 4282 965 4351 potestatem
1000 4280 1058 4330 et
1096 4272 1423 4329 Samariam
1455 4271 1699 4342 diripiet
1721 4287 1789 4326 ac
1820 4287 2019 4343 regem

354 4371 612 4442 Assyria;
638 4370 835 4425 vincet
859 4368 928 4422 ".
957 4364 1217 4422 Balaami
1263 4367 1555 4436 praeterea
1583 4363 1695 4417 hoc
1757 4366 1845 4416 est
1874 4361 2022 4416 vati-

356 4461 605 4517 cinium.
659 4458 832 4513 Sidus
881 4473 951 4511 ex
1009 4454 1224 4511 Jacobo
1292 4453 1537 4521 orietur,
1592 4451 1889 4521 homoque
1949 4449 2020 4505 de

356 4550 574 4606 lsraele
608 4552 943 4613 enascetur,
965 4544 1067 4617 qui
1099 4544 1406 4615 principes
1438 4540 1733 4596 Moabicos
1755 4544 2020 4596 conterat

356 4655 415 4704 et
445 4648 606 4704 Sethi
658 4647 811 4703 ﬁlios
864 4642 1307 4701 incursionibus
1356 4639 1531 4695 laedat
1579 4638 2017 4710 imperiumque

355 4738 419 4793 in
451 4737 668 4793 multas
699 4741 904 4809 gentes
934 4737 1185 4803 occupet
1203 4730 1380 4784 9°.His
1411 4727 1706 4783 vaticiniis
1737 4727 1887 4782 485
1916 4728 2018 4781 de-

358 4827 697 4884 nuntiatum
716 4831 807 4881 est
831 4840 968 4881 eum
989 4821 1295 4877 hominem
1316 4819 1605 4873 futurum.
1631 4815 1797 4881 Quod
1819 4821 2018 4872 autem

360 4917 627 4973 omnium
647 4930 849 4971 rerum
871 4911 1160 4969 Dominus
1187 4909 1423 4964 futurus
1454 4911 1629 4975 esset,
1654 4923 1891 4962 rursum
1924 4906 2017 4961 his

353 5006 552 5063 verbis
572 5010 732 5062 vates
791 5001 1238 5075 praedixerunt:
1274 4999 1422 5052 Ecce
1479 4996 1764 5052 Dominus
1794 4996 2016 5051 insidet

355 5094 589 5152 nebulae
634 5092 769 5161 levi,
831 5103 1057 5161 suoque
1102 5088 1165 5141 in
1203 5086 1511 5158 ABgyptum
1542 5084 1798 5141 adventu
1831 5101 2015 5140 manu

348 5186 540 5241 factos
572 5198 780 5241 eorum
810 5180 952 5235 deos
983 5175 1696 5241 concutiet".1tem,Ecce
1722 5173 2014 5228 Dominus

350 5276 509 5330 Deus
534 5277 739 5328 noster
768 5270 986 5337 veniet,
1020 5283 1248 5338 nosque
1281 5264 1512 5336 eripiet.
1546 5265 1708 5318 Tunc
1732 5263 2011 5333 aperien-

351 5370 449 5419 tur
478 5362 635 5419 oculi
667 5375 962 5416 caecorum
993 5373 1287 5427 auresque
1322 5354 1736 5417 surdorum,et
1759 5350 2010 5406 claudus

351 5454 504 5508 cervi
537 5453 728 5508 instar
757 5444 1315 5518 saltabit,balhique
1338 5444 1559 5499 diserte
1588 5441 1916 5512 loquentur
1936 5440 2004 5496 ⁸⁵.

351 5544 471 5599 Hoc
502 5559 645 5599 sane
675 5541 979 5598 oraculum
1029 5540 1213 5594 Deum
1255 5537 1317 5591 in
1347 5533 1523 5590 terris
1558 5532 2003 5588 ambulaturum

2205 3822 2439 3898 Ἀνάγκη
2477 3822 2569 3878 οὖν
2617 3823 2731 3879 ἐστι
2781 3825 2904 3901 περὶ
2961 3826 3174 3880 πάντων
3215 3822 3691 3899 ἀπολογήσασθαι.
3729 3823 3793 3879 Ὀ

2132 3910 2292 3989 ἅγιος
2335 3910 2667 3990 Σίλϐεστρος
2718 3912 2845 3990 ἔφη’
2901 3917 3034 3991 Περὶ
3074 3917 3222 3980 τίνος
3273 3916 3301 3970 6
3365 3916 3534 3990 μέγας
3565 3910 3793 3973 Ἠσαίας

2132 4000 2257 4082 ἔφη,
2287 4001 2433 4061 Ἰδοὺ
2488 4006 2523 4073 ἡ
2584 4002 2853 4079 Παρθένος
2913 4004 2964 4059 ἐν
3025 4005 3219 4080 γαστρὶ
3272 4000 3376 4076 ἕξει
3434 4002 3521 4057 καὶ
3573 4001 3779 4075 τέξεται

2132 4094 2274 4160 Υἱὸν,
2306 4092 2396 4148 καὶ
2427 4091 2720 4149 καλέσουσι
2751 4095 2812 4149 τὸ
2845 4093 3021 4167 ὄνομα
3087 4094 3253 4149 αὐτοῦ
3311 4090 3695 4166 Ἐμμαωουήλ
3755 4091 3789 4147 6'

2132 4181 2268 4250 ἐστι,
2299 4183 2433 4246 Μεθ’
2460 4184 2670 4255 ἡμῶνὸ
2701 4184 2831 4246 Θεός
2867 4202 2880 4253 ;
2915 4184 3039 4253 Καὶ,
3073 4184 3208 4259 ΙΙρὶν
3323 4186 3522 4258 γνῶναι
3561 4180 3626 4236 τὸ
3655 4201 3785 4234 παι-

2132 4272 2251 4329 δίον
2288 4274 2473 4331 καλεῖν
2506 4276 2711 4351 πατέρα
2740 4276 2775 4345 ἤ
2831 4274 3063 4351 μητέρα,
3114 4275 3348 4349 λήψεται
3391 4271 3614 4345 δύναμιν
3676 4281 3785 4327 Δα-

2135 4369 2343 4437 μασκοῦ
2381 4364 2471 4419 καὶ
2527 4364 2593 4419 τὰ
2651 4361 2823 4418 σκῦλα
2882 4362 3218 4439 Σαμαρείας,
3278 4358 3449 4417 ἔναντι
3512 4359 3787 4437 βασιλέως

2132 4453 2450 4528 Ἀσσυρίων.
2484 4454 2585 4511 Καὶ
2620 4454 2647 4508 6
2680 4451 2930 4526 Βαλαάμε
2994 4451 3285 4512 Ἀνατελεῖ
3339 4451 3535 4525 ἄστρον
3569 4449 3618 4520 ἐξ
3676 4452 3787 4506 Ἰα-

2128 4538 2269 4613 κὼϐ,
2325 4543 2417 4599 καὶ
2481 4544 2836 4614 ἀναστήσεται
2886 4542 3172 4617 ἄνθρωπος
3248 4541 3298 4612 ἐξ
3381 4538 3626 4615 Ἰσραήλ,
3694 4537 3790 4593 καὶ

2129 4636 2344 4708 θραύσει
2376 4623 2505 4696 τοὺς
2532 4632 2818 4707 ἀρχηγοὺς
2849 4626 3045 4702 Μωὰϐ,
3086 4631 3175 4687 καὶ
3232 4628 3597 4706 προνομεύσει
3654 4626 3784 4690 τοὺς

2054 4763 2096 4828 D
2128 4722 2278 4785 υἱοὺς
2328 4724 2464 4791 Σήθ,
2517 4722 2607 4778 καὶ
2662 4721 3072 4797 κατακυριεῦσει
3130 4720 3294 4775 ἐθνῶν
3353 4718 3602 4775 πολλῶν.
3661 4718 3790 4774 Ὅτι

2171 4813 2187 4828 \
2282 4813 2311 4828 ⁸)·
2373 4810 2400 4828 Ἄ
2444 4824 2459 4828 -
2828 4814 2839 4828 1
3080 4807 3104 4828 ᾗ
3144 4810 3157 4828 \
3294 4808 3307 4828 Ι
3487 4825 3721 4828 ,,_,__-_-x_
3756 4827 3761 4828 γ

2133 4813 2225 4886 μὲν
2250 4813 2342 4867 οὖν
2372 4810 2658 4887 ἅνθρωπος
2698 4814 3015 4887 φανήσεται,
3077 4807 3167 4865 διὰ
3213 4808 3422 4863 τούτων
3479 4825 3793 4879 προκαταγ-

2124 4901 2400 4980 γὲλλεται·
2475 4902 2557 4958 ὅτι
2619 4901 2677 4957 δὲ
2734 4902 2934 4977 Κύριος
3016 4899 3252 4964 πάντων,
3339 4891 3782 4969 προσημαίνουσι

2123 4991 2293 5048 πάλιν
2327 4993 2377 5048 οἱ
2406 5000 2686 5073 προφῆται
2745 4991 3058 5070 φάσκοντες·
3104 4983 3242 5043 Ἰδοὺ
3274 4983 3479 5058 Κύριας
3538 4982 3773 5051 κάθηται

2124 5081 2211 5141 ἐπὶ
2270 5070 2792 5162 νεφέληςήκούφης,
2852 5079 2940 5134 καὶ
3015 5075 3132 5149 ἥξει
3186 5073 3264 5136 εἷς
3323 5070 3622 5151 Αἴγυπτον,
3679 5071 3775 5125 καὶ

2124 5157 2499 5245 σεισθήσ-ονται
2550 5173 2618 5227 τὰ
2667 5166 3031 5242 χειροποίητα
3090 5163 3388 5240 Αἰγύπτου.
3448 5161 3576 5230 Καὶ,
3630 5157 3776 5216 Ἰδοὺ

2122 5265 2316 5339 Κύριος
2349 5265 2377 5318 6
2418 5264 2547 5322 Θεὸς
2578 5263 2738 5332 ἡμῶν
2770 5258 2881 5326 ἣξει
2910 5256 3001 5311 καὶ
3061 5255 3223 5311 σώσει
3271 5256 3442 5326 ἡμᾶς,
3503 5252 3589 5306 καὶ
3651 5251 3781 5305 τότε

2119 5354 2523 5430 ἀνοιγήσονται,
2600 5346 2876 5428 ὀφθαλμοὶ
2930 5346 3172 5424 τυφλῶν,
3251 5343 3343 5398 καὶ
3401 5341 3515 5397 ὦτα
3571 5343 3778 5415 κωφῶν

2116 5428 2520 5517 ἀνοιγήσονται,
2551 5437 2642 5493 καὶ
2672 5434 2887 5492 ἀλεῑται
2937 5436 3010 5498 ὡς
3069 5429 3272 5513 ἔλαφος
3335 5432 3362 5487 6
3420 5428 3636 5506 χωλὸς,
3686 5428 3785 5483 καὶ

2116 5531 2285 5604 τρανή
2321 5523 2469 5584 ἔσται
2516 5525 2741 5602 γλῶσσα
2810 5522 3157 5599 μογιλάλων.
3206 5523 3275 5578 Ἡ
3335 5520 3429 5593 μὲν
3492 5518 3584 5573 οὗν
3637 5536 3790 5593 προ-

405 5741 455 5776 εε
488 5743 600 5797 Isa.
630 5755 730 5810 vn,
766 5741 944 5795 14-16.
976 5739 1022 5774 ³³
1054 5739 1223 5793 Num.
1248 5752 1405 5801 xxiv,
1432 5737 1521 5800 17,
1558 5735 1642 5788 18.
1677 5734 1723 5769 ⁸⁸
1748 5735 1999 5803 Isa.xlx,

2138 5735 2158 5770 ⁸
2191 5736 2300 5790 Isa.
2334 5750 2504 5803 xxxv,
2559 5735 2613 5788 4.
