4144 6424
330 421 454 483 529

1443 422 2003 485 HISTORIARUM
2047 424 2590 490 GOMPENDIUM.

3639 428 3757 487 530

336 554 539 635 φητεία
567 554 695 609 Θεὸν
756 549 1045 627 ἐπιδημεῖν
1102 554 1269 628 λέγει,
1300 555 1366 610 τὰ
1419 552 1475 610 δὲ
1532 561 1734 628 σημεῖα
1778 555 1990 611 καὶτὸν

2108 562 2387 628 ostendit,
2421 562 2718 634 simulque
2748 567 2910 617 certa
2939 561 3106 634 signa
3140 561 3422 632 temporis
3452 578 3566 632 quo
3590 562 3759 616 Chri-

335 644 544 721 χρόνον
600 649 703 711 τῆς
787 642 1090 718 παρουσίας
1143 644 1421 719 γνωρίζει·
1502 644 1627 700 τότε
1679 645 1780 720 γὰρ
1828 649 1997 700 ταῦτα

333 731 737 809 πεπλήρωνται
767 730 903 806 ἃπερ
936 729 1060 787 οὖδὲ
1088 752 1221 788 ποτε
1268 732 1549 808 γενόνασιν
1582 732 1633 787 ἐν
1662 738 1742 805 τῷ
1776 731 1995 808 Ἰσραὴλ

331 822 624 900 πρότερον.
658 825 745 892 [Ρ.
781 822 908 894 277]
953 819 1083 896 Περὶ
1133 818 1191 875 δὲ
1247 825 1344 877 τοῦ
1400 820 1606 886 πάθους
1635 820 1800 877 αὐτοῦ
1829 820 1995 878 πάλιν

333 911 523 990 φησίνι
580 910 912 985 ’Ἄνθρωπος
968 907 1022 963 ἐν
1079 909 1276 985 πληγῇ
1334 908 1408 965 ὢν
1468 911 1559 966 καὶ
1612 908 1771 971 εἰδὼς
1820 908 1999 988 φὲρειν

337 997 616 1073 μαλακίαν
673 996 953 1071 ἠτιμάσθη
1012 999 1101 1053 καὶ
1161 996 1261 1053 οὒκ
1326 997 1609 1075 ἐλογίσθη.
1672 999 1844 1061 Οὗτος
1899 998 1997 1062 τὰς

335 1088 614 1163 ἁμαρτίας
646 1088 808 1161 ἡμῶν
851 1088 1000 1163 φέρει
1056 1087 1146 1142 καὶ
1206 1088 1331 1162 περὶ
1393 1091 1556 1162 ἡμῶν
1586 1085 1858 1144 tamam.
1892 1089 1997 1145 Καὶ

330 1185 503 1255 ἡμεῖς
569 1178 939 1256 ἐλογισάμεθα
1004 1178 1166 1234 αὐτὸν
1235 1179 1368 1234 εἶναι
1445 1178 1496 1234 ἐν
1565 1179 1713 1253 πόνῳ
1786 1182 1876 1235 καὶ
1943 1179 1997 1234 ἐν

326 1270 530 1344 πληγῇ
588 1269 679 1324 καὶ
737 1268 788 1323 ἐν
826 1268 1057 1323 tumbae:
1117 1268 1280 1330 αὐτὸς
1339 1266 1397 1324 δὲ
1455 1269 1858 1346 ἐτραυματίσθη
1910 1267 2000 1324 διὰ

327 1360 430 1421 τὰς
462 1357 735 1433 ἁμαρτίας
792 1358 959 1431 ἡμῶν
1017 1355 1108 1412 καί
1169 1355 1559 1431 μεμαλάκηται
1617 1356 1706 1413 διὰ
1742 1358 1839 1421 τὰς
1871 1359 1999 1414 ἀνο-

337 1448 466 1522 μίας
528 1450 712 1522 ἡμῶν.
769 1443 992 1501 Παιδεία
1048 1446 1269 1522 εἰρήνης
1326 1449 1486 1521 ἡμῶν
1548 1447 1632 1502 ἐπ’
1682 1448 1852 1520 αὐτῷ.
1911 1452 1997 1518 Τῷ

344 1535 583 1610 μώλωπι
614 1536 783 1591 αὐτοῦ
840 1537 1005 1608 ἡμεῖς
1069 1535 1322 1609 ἰάθημεν.
1371 1537 1477 1592 Καὶ
1535 1533 1619 1591 ὅτι
1650 1533 1861 1606 αἶ’ρεται
1891 1534 1997 1591 ἀπὸ

341 1632 442 1694 τῆς
469 1631 569 1700 ﬁ:
599 1626 635 1694 ἡ
672 1625 785 1694 ζωὴ
838 1624 1030 1679 αὐτοῦ.
1090 1626 1208 1693 Τήν
1247 1622 1304 1679 δὲ
1360 1625 1542 1699 γενεὰν
1597 1623 1762 1680 αὐτοῦ
1789 1624 1873 1687 τίς
1905 1623 1996 1681 δι·-

337 1716 644 1789 ηγήσεται;
678 1712 777 1768 Καὶ
806 1713 835 1767 6
870 1715 1130 1782 Μωϋσῆς·
1192 1713 1423 1787 Ὀψεσθε
1480 1716 1583 1784 τήν
1644 1715 1789 1784 ζωὴν
1844 1714 1997 1788 ὑμῶν

329 1804 686 1878 κρεμαμένην
751 1801 1008 1858 ἀπέναντι
1065 1807 1174 1865 τῶν
1235 1800 1538 1880 ὀφθαλμῶν
1591 1803 1765 1876 ὑμῶν,
1797 1802 1887 1858 καὶ
1932 1803 1994 1858 οὐ

330 1893 411 1964 μή
444 1892 794 1962 πιστεύσητε.
829 1891 934 1948 Καὶ
965 1885 1132 1947 Δαϐἰδ
1183 1890 1244 1947 ἐκ
1298 1890 1601 1968 προσώπου
1629 1896 1727 1947 τοῦ
1755 1894 1993 1968 Χριστοῦ
2024 1927 2069 1992 Β

328 1979 507 2058 λέγει·
540 1979 771 2055 Ὤροξαν
801 1980 994 2056 χεῖράς
1029 2000 1133 2053 μου
1175 1980 1266 2035 καὶ
1322 1977 1493 2042 πόδας
1524 2001 1651 2054 μου,
1681 1979 1769 2035 καὶ
1803 1978 1990 2055 διεμε-

327 2070 556 2146 ρίσαντο
587 2072 655 2125 τὰ
682 2069 879 2144 ἱμάτιά
911 2090 1015 2143 μου
1069 2071 1303 2138 ἑαυτοῖς,
1336 2069 1428 2125 καὶ
1484 2072 1551 2127 τὰ
1603 2072 1746 2143 ἑξῆς.
1776 2074 1899 2129 ’Ὁτι
1933 2069 1991 2126 δὲ

324 2159 561 2213 καὶτῶν
595 2158 763 2223 ἐθνῶν
816 2156 979 2222 ἒλπῖς
1033 2159 1122 2229 ἦν,
1182 2160 1211 2213 6
1273 2159 1367 2233 μὶν
1426 2156 1626 2215 Ἰακὼϐ
1679 2161 1845 2217 εἶπεν·
1877 2161 1993 2218 Οὐκ

324 2246 574 2322 ἐκλείψει
630 2244 823 2327 ἄρχων
855 2247 908 2318 ἐξ
941 2246 1117 2305 Ἰούδα
1173 2248 1264 2303 καὶ
1326 2249 1643 2324 ἡγούμενος
1700 2249 1760 2305 ἐκ
1794 2256 1988 2325 μηρῶν

323 2336 522 2406 αὑτοῦ,
552 2333 659 2400 ἓως
687 2337 748 2390 ἄν
777 2331 912 2411 ἔλθῃ
945 2336 992 2409 ᾧ
1022 2336 1329 2409 ἀπόκειται,
1360 2338 1450 2393 καί
1481 2337 1643 2404 αὐτὸς
1689 2336 1991 2415 προσδοκία

324 2423 520 2482 ἐθνῶν.
578 2425 642 2482 ’0
700 2420 759 2478 δὲ
816 2425 1035 2487 Ἦσα³ιας
1090 2420 1215 2502 ἔφη’
1275 2424 1378 2482 Καὶ
1436 2422 1583 2481 ἔσται
1640 2430 1676 2497 ἡ
1736 2426 1860 2502 ῥίζα
1893 2432 1990 2482 τοῦ

322 2512 526 2568 Ἰεσσαῖ
581 2513 673 2567 καὶ
728 2513 756 2567 6
813 2511 1163 2587 ἀνιστάμενος
1215 2512 1408 2590 ἄρχειν
1465 2514 1656 2579 ἐθνῶνσ
1715 2515 1799 2572 ἐπ’
1836 2516 1988 2590 αὐτῷ

325 2598 455 2673 ἔθνη
490 2599 767 2660 ἐλπιοῦσι.
829 2600 928 2656 Καὶ
968 2606 1137 2657 ταῦτα
1192 2606 1286 2677 μὲν
1337 2602 1504 2681 ὀλίγα
1546 2606 1684 2680 πρὸς
1715 2603 1988 2675 ἀπόδειξιν

324 2694 436 2748 τῶν
471 2692 813 2769 γενομένων,
848 2696 991 2746 πᾶσα
1021 2689 1078 2747 δὲ
1117 2694 1152 2762 ἡ
1202 2695 1387 2771 Γραφή
1421 2693 1737 2766 πέπλησται
1767 2692 1986 2771 διελέγ-

328 2800 507 2856 χουσα
561 2782 661 2850 τήν
719 2776 981 2854 ὑμετέραν
1037 2781 1312 2839 ἀπιστίαν.
1342 2783 1439 2847 Τίς
1486 2785 1587 2859 γάρ
1629 2805 1769 2840 ποτε
1794 2789 1903 2840 τῶν
1931 2785 1986 2841 ἐν

322 2876 443 2931 ταῖς
504 2869 672 2933 θείαις
732 2874 969 2947 Γραφαῖς
1005 2870 1416 2945 ἱστορουμένων
1468 2869 1692 2928 δικαίων
1723 2873 1815 2928 καὶ
1848 2895 1986 2949 προ-

333 2964 522 3038 φητῶν
566 2959 736 3035 ἁγίων
789 2957 849 3014 ἐκ
896 2956 1170 3036 Παρθένου
1201 2962 1375 3036 μόνης
1406 2956 1535 3037 ἔσχε
1565 2964 1667 3033 τὴν
1695 2962 1943 3038 γέννησιν
1971 2985 1986 3035 ;

330 3049 486 3111 Τίνος
534 3046 590 3102 δὲ
635 3055 737 3119 τῆς
784 3051 1088 3127 γεννήσεως
1120 3048 1461 3125 προέδραμεν
1502 3052 1667 3123 ἀστὴν
1721 3054 1774 3109 ἐν
1823 3056 1987 3130 οὐρα-

340 3142 479 3206 νοῖς,
534 3137 624 3192 καὶ
679 3138 772 3193 τὸν
828 3139 1155 3215 γεννηθέντα
1210 3138 1507 3215 διεσήμανε
1544 3147 1613 3219 τῇ
1646 3143 1986 3220 οἷκουμὲνῃ;

341 3224 440 3288 Τίς
471 3223 526 3281 δὲ
556 3227 828 3302 βασιλεὺς,
883 3230 1010 3302 πρὶν
1067 3230 1287 3306 ἰσχῦσαι
1347 3230 1532 3287 καλεῖν
1578 3233 1783 3309 πατέρα
1808 3235 1843 3305 ἢ
1879 3258 1989 3309 μη-

330 3313 480 3389 τέρα,
511 3312 821 3373 ἐϐασίλευσε
878 3319 969 3373 καὶ
1024 3319 1260 3396 τρόπαια
1312 3321 1449 3377 κατὰ
1503 3326 1609 3378 τῶν
1665 3322 1878 3401 ἐχθρῶν
1908 3324 1985 3380 εἷ’-

329 3402 512 3479 ληφε;
545 3409 645 3493 Τίς
702 3405 794 3462 οὖν
854 3408 955 3483 ἄρα
1010 3407 1203 3486 γὲγονε
1237 3407 1491 3483 βασιλεὺς
1524 3409 1575 3466 ἐν
1628 3413 1852 3488 ἰσραήλ
1904 3413 1987 3493 ἐφ’

329 3494 388 3549 ὅν
446 3497 513 3551 τὰ
552 3490 687 3575 ἔφνη
742 3496 916 3554 πάντα
970 3500 1070 3568 τήν
1127 3496 1325 3553 ἐλπίδα
1376 3498 1660 3571 τέθεινται,
1708 3504 1798 3558 καὶ
1849 3490 1984 3579 οὐχὶ

328 3582 549 3657 μᾶλλον
611 3585 761 3658 αὐτῷ
816 3586 1163 3656 ἠναντιοῦντο
1228 3590 1609 3668 πανταχόθενς
1678 3593 1823 3655 Ἕως
1881 3594 1982 3671 γὰρ

323 3674 610 3729 συνίστατο
650 3675 1043 3750 Ἰερουσαλὴμ,
1090 3676 1339 3751 πόλεμος
1386 3677 1652 3743 ἄσπονδος
1680 3682 1747 3751 ἦν
1779 3682 1985 3755 αὐτοῖς,

322 3764 412 3817 καὶ
445 3761 776 3840 διεμάχοντο
807 3765 941 3839 πρὸς
967 3815 978 3827 ,
998 3766 1090 3821 τὸν
1146 3766 1366 3841 Ἰσραὴλ
1412 3768 1702 3844 Ἀσσύριον
1739 3773 1833 3844 μὶν
1864 3770 1986 3836 θλί-

324 3848 535 3923 ϐοντες,
579 3853 872 3929 Αἰγύπτιοι
898 3852 956 3910 δὲ
986 3852 1305 3923 διώκοντες,
1329 3855 1717 3931 πολεμοῦντες.
1749 3861 1820 3917 "II
1853 3861 1984 3939 οὐχὶ

329 3944 358 3999 6
384 3944 480 4016 μὲν
514 3939 683 3999 Δαϐἰδ
713 3949 828 4005 τοῖς
860 3940 1175 4007 Μωαϐίταις
1206 3945 1465 4021 ὲπολέμει
1509 3949 1599 4003 καὶ
1631 3947 1985 4023 ἐπολεμεῖτο,

327 4034 355 4087 ὁ
388 4030 448 4088 δὲ
478 4033 692 4097 Ἰωσίας
725 4034 852 4096 τοὺς
884 4033 1118 4105 πλησίον
1151 4036 1635 4112 παρεφυλάττετο;
1671 4039 1768 4093 Καὶ
1802 4040 1986 4113 μέντοι

322 4121 415 4176 καὶ
448 4123 693 4192 Ἐζεκίας
726 4120 932 4178 ἐδειλία
980 4126 1078 4194 τὴν
1129 4124 1447 4195 ἀλαζονείαν
1478 4131 1576 4181 τοῦ
1607 4130 1984 4203 Σεναχηρεὶμ,

324 4212 418 4267 καὶ
447 4217 528 4285 τῷ
570 4214 665 4286 μὲν
710 4214 892 4283 Ἰησοῦ
944 4214 996 4269 οἱ
1044 4214 1368 4292 Ἀμορῥαῖοι
1416 4218 1788 4287 ἠναντιοῦντο,
1822 4223 1901 4290 τῷ
1931 4216 1989 4273 δὲ

324 4308 535 4378 Μωϋσῇ
569 4306 596 4359 ὁ
638 4305 901 4377 Ἀμαλήκ
958 4305 1427 4381 ἀντεστρατεύετο,
1459 4309 1550 4365 καὶ
1580 4304 1752 4371 ὅντως
1783 4307 1989 4366 ἄσπον-

326 4390 420 4448 δον
448 4394 515 4463 ἦν
544 4392 623 4465 τῷ
654 4393 875 4468 Ἰσραὴλ
906 4395 1044 4469 πρὸς
1099 4396 1167 4451 τὰ
1223 4391 1349 4468 ἔθνη
1407 4398 1472 4453 τὸ
1526 4406 1627 4469 τῆς
1668 4397 1879 4477 φιλίας,
1911 4400 1986 4463 ὡς

329 4485 497 4559 μέχρι
559 4486 648 4536 νῦν
708 4488 1043 4559 μαρτυροῦσι
1101 4485 1169 4539 τὰ
1224 4485 1543 4560 γράμματα.
1577 4488 1680 4544 Καὶ
1729 4489 1780 4542 ol
1809 4509 1985 4562 γραμ-

332 4577 525 4647 ματεῖς
573 4571 952 4647 ἀποκριθέντες
1010 4574 1186 4629 εἶπονσ
1222 4575 1335 4632 Οὐκ
1377 4576 1687 4650 ἀρνούμεθα
1719 4578 1794 4642 ὡς
1821 4582 1988 4633 ταῦτα

332 4663 432 4737 μὲν
492 4662 670 4716 πάντα
718 4661 1040 4739 γέγραπται,
1094 4662 1488 4739 προσδοκῶμεν
1524 4664 1582 4721 δὲ
1612 4667 1702 4721 τὸν
1759 4664 1991 4741 μηδέπω
2026 4642 2068 4706 D

330 4752 777 4830 παραγενόμενον
830 4756 958 4810 Θεὸν
1020 4751 1220 4830 Λόγον.
1275 4756 1331 4811 '0
1389 4753 1445 4812 δέ
1501 4753 1836 4833 Σίλϐεστρος
1864 4755 1989 4836 ἔφη’

334 4842 441 4900 Καὶ
473 4847 594 4904 πῶς
624 4841 727 4897 οὐκ
775 4843 1049 4914 ἠκούσατε
1099 4844 1197 4900 τοῦ
1257 4844 1462 4915 Δανιὴλ
1494 4846 1864 4923 προλέγοντος
1891 4869 1995 4927 φα-

331 4935 508 5006 νερῶς
566 4933 648 5005 [Ρ.
679 4935 809 5006 278]
866 4932 955 4988 καὶ
1009 4934 1102 4989 τὸν
1158 4934 1347 5009 καιρὸν
1405 4936 1493 4990 καὶ
1551 4939 1652 5007 τὴν
1709 4938 1852 4992 Θείαν
1896 4942 1993 4992 τοῦ

334 5027 603 5091 Σωτῆρος
636 5018 977 5095 ἐπιδημίανς
1029 5023 1174 5094 Φησὶ
1223 5025 1327 5099 γὰρ
1378 5025 1406 5079 6
1457 5023 1993 5102 προσδιαλεγόμενος

328 5108 483 5183 αὖτῷ
512 5108 772 5186 ἅγγελος·
809 5106 1227 5185 Ἐὅδομνςκοντα
1256 5110 1557 5188 ἐϐδομαδες
1580 5120 1992 5191 συνετμήθησαν

331 5198 423 5254 ἐπὶ
450 5199 542 5255 τὸν
576 5199 711 5255 λαόν
770 5221 865 5256 σου
922 5202 1013 5257 καὶ
1066 5201 1157 5258 ἐπὶ
1213 5204 1312 5273 τήν
1372 5203 1538 5260 πόλιν
1576 5207 1677 5275 τήν
1708 5206 1861 5280 ἁγίαν
1893 5211 1994 5262 τοῦ

328 5286 755 5360 συντελεσθῆναι
811 5290 1079 5365 ἁμαρτίαν
1162 5294 1254 5348 καὶ
1319 5298 1416 5349 τοῦ
1475 5293 1818 5366 ἐξιλάσασθαι
1877 5293 1995 5352 ἀδι-

323 5378 477 5446 κίαν,
536 5379 627 5433 καὶ
684 5382 783 5434 τοῦ
841 5382 1135 5458 σφραγίσαι
1192 5383 1458 5460 ἁμαρτίαν
1508 5384 1601 5440 καὶ
1639 5389 1737 5440 τοῦ
1768 5385 1998 5442 ἀπαλεῖ-

329 5475 431 5547 ψαι
491 5466 730 5540 ἀδικίαν,
787 5470 876 5526 καὶ
938 5475 1035 5527 τοῦ
1092 5472 1317 5549 ἀγαγεῖν
1371 5472 1719 5547 δικαιοσύνην
1774 5475 1995 5531 αἰώνιον

324 5560 421 5616 καὶ
476 5563 574 5615 τοῦ
631 5560 925 5637 σφραγίσαι
982 5561 1167 5638 ’ὀρασιν
1220 5564 1312 5618 καὶ
1377 5568 1479 5619 τοῦ
1550 5570 1741 5641 χρῖσαι
1808 5566 1998 5641 Ἀγιον

403 5714 451 5751 ⁸⁸
480 5716 594 5773 Isa.
629 5734 751 5782 Lm,
783 5720 813 5772 3
845 5735 1012 5790 seqq.

2105 656 2200 706 tus
2254 652 2614 707 adventurus
2670 657 2827 707 esset
2876 650 3123 706 indicat.
3157 652 3305 705 Tum
3353 651 3514 705 enim
3549 667 3618 706 ea
3647 651 3757 705 im-

2102 740 2263 811 pleta
2292 747 2453 809 sunt,
2486 759 2618 814 quas
2676 747 2812 797 ante
2870 742 2931 795 in
3000 740 3222 797 Israelo
3257 756 3574 811 nunquam
3601 740 3756 795 facta

2104 829 2358 886 fuerant.
2387 832 2469 887 De
2500 831 2784 886 aerumnis
2806 847 2983 902 porro
3015 830 3144 900 ejus
3174 830 3256 885 ita
3287 828 3538 884 dicitur:
3573 829 3758 883 Homo

2104 919 2294 990 plagis
2321 919 2625 991 subjectus
2670 925 2729 975 et
2774 920 3045 974 miserias
3076 917 3307 973 ferendi
3337 918 3564 989 peritus
3594 917 3759 989 igno-

2103 1008 2291 1063 minia
2320 1008 2565 1064 allectus
2598 1013 2687 1063 est
2711 1024 2778 1063 ac
2809 1025 2913 1080 pro
2947 1008 3135 1062 nihilo
3159 1007 3417 1062 habitus.
3444 1006 3497 1061 Is
3519 1011 3763 1077 peccata

2108 1103 2314 1153 nostra
2343 1099 2619 1169 portavit,
2654 1097 2960 1168 nostrique
2993 1114 3171 1152 causa
3200 1097 3260 1151 in
3287 1095 3594 1151 doloribus
3625 1096 3756 1150 fuit.

2103 1189 2184 1241 Ac
2242 1204 2352 1242 nos
2410 1187 2653 1258 quidem
2713 1187 3178 1242 existimavimus
3232 1202 3368 1240 eum
3428 1184 3756 1251 laboribus,

2101 1274 2446 1332 verberibus
2512 1293 2580 1332 ac
2639 1276 2898 1332 miseriis
2958 1275 3341 1346 subjectum:
3416 1274 3541 1345 ipse
3620 1290 3759 1329 vero

2103 1366 2401 1421 sauciatus
2458 1365 2572 1421 fuit
2626 1370 3004 1437 peccatorum
3061 1370 3401 1421 nostrorum
3460 1379 3658 1427 causa,
3699 1368 3761 1418 et

2100 1459 2342 1526 propter
2394 1454 2612 1511 delicta
2666 1460 2873 1511 nostra
2928 1454 3248 1526 aegrotavit.
3283 1452 3614 1524 Castigatus
3645 1440 3755 1535 θεῖ,

2100 1549 2166 1598 ut
2221 1542 2394 1598 nobis
2449 1560 2659 1615 pacem
2718 1549 2973 1615 pareret,
3034 1544 3280 1614 ejusque
3313 1541 3601 1596 vibicibus
3645 1557 3758 1596 nos

2101 1649 2308 1689 sumus
2340 1632 2552 1688 sanati.
2586 1632 2868 1688 Aufertur
2897 1649 2932 1688 a
2962 1639 3121 1688 terra
3152 1631 3281 1702 ejus
3311 1631 3465 1685 vita:
3495 1628 3601 1684 sed
3623 1629 3756 1700 quis

2098 1739 2286 1794 genus
2319 1721 2447 1792 ejus
2505 1720 2914 1776 enarrabits‘?
2963 1722 3151 1776 Moses
3209 1734 3448 1791 quoque
3477 1719 3597 1773 ait:
3656 1718 3757 1772 Vi-

2099 1810 2316 1866 debitis
2346 1810 2525 1866 vitam
2556 1815 2810 1865 vestram
2842 1825 3195 1880 suspensam
3243 1813 3380 1864 ante
3419 1807 3624 1863 oculos
3656 1824 3755 1861 ve-

2100 1904 2276 1967 stros,
2327 1904 2387 1954 et
2442 1898 2621 1954 ﬁdem
2678 1915 2799 1954 non
2846 1897 3141 1953 habebitis
3161 1895 3230 1952 ⁸⁷.
3292 1896 3544 1951 Davidus
3574 1912 3753 1967 porro

2100 1987 2162 2042 in
2191 1987 2408 2043 Christi
2440 2003 2694 2059 persona
2723 1988 2807 2042 sic
2854 1986 3156 2057 loquitur:
3206 1984 3600 2040 Perfoderunt
3629 2001 3755 2038 ma-

2101 2093 2216 2132 nus
2246 2093 2408 2132 meas
2439 2081 2497 2131 et
2522 2075 2703 2149 pedes
2748 2092 2934 2143 meos,
2962 2080 3278 2145 vestesque
3306 2089 3472 2129 meas
3502 2073 3659 2127 inter
3690 2088 3752 2127 se

2099 2166 2449 2233 diviserunt,
2465 2167 2879 2222 etc.Preeterea
2903 2166 2968 2220 in
2991 2181 3060 2220 eo
3082 2164 3269 2220 fuisse
3290 2162 3566 2235 gentibus
3587 2179 3754 2234 spem

2098 2255 2699 2327 repositam,Jacobus
2720 2254 2816 2310 his
2836 2254 3031 2309 verbis
3060 2258 3312 2309 testatur
3326 2251 3407 2307 ‘3:
3438 2253 3756 2323 Nunquam

2097 2343 2292 2401 deerit
2320 2346 2598 2417 princeps
2626 2344 2776 2400 Juda
2823 2349 3011 2415 ortus,
3067 2349 3127 2398 et
3182 2343 3393 2398 ductor
3424 2359 3496 2397 ex
3525 2341 3752 2397 femore

2098 2436 2230 2507 ejus
2287 2452 2581 2508 egressus,
2639 2435 2795 2491 486
2853 2440 3170 2506 antequam
3223 2434 3275 2488 is
3314 2433 3511 2488 veniat
3540 2433 3636 2488 cui
3672 2449 3759 2487 re-

2097 2525 2292 2596 posita
2320 2524 2524 2580 omnia
2551 2529 2692 2580 sunt
2718 2540 2731 2578 :
2764 2525 2832 2579 In
2862 2540 2931 2579 eo
2964 2539 3131 2595 spem
3162 2527 3390 2594 ponent
3418 2525 3624 2593 gentes
3652 2522 3746 2576 δν.

2096 2614 2278 2669 Isaias
2325 2630 2604 2685 quoque:
2663 2613 2924 2668 Exsistet
2980 2612 3147 2667 radix
3202 2612 3405 2679 Jessaa,
3440 2618 3500 2666 et
3547 2616 3748 2682 surget

2097 2705 2200 2777 qui
2231 2704 2575 2760 nationibus
2603 2703 2927 2776 imperabit
2951 2720 2963 2757 :
2998 2703 3061 2758 in
3084 2719 3151 2757 eo
3184 2718 3350 2774 spem
3372 2706 3598 2772 ponent
3617 2716 3758 2773 gen-

2097 2799 2187 2849 tes
2217 2792 2282 2848 8°.
2317 2795 2452 2848 Haec
2486 2809 2675 2865 pauca
2729 2791 2806 2848 ad
2862 2808 3069 2847 eorum
3120 2808 3251 2862 quas
3292 2790 3448 2846 facta
3478 2796 3618 2844 sunt
3649 2789 3756 2843 de-

2097 2882 2592 2938 monstrationem
2624 2881 2946 2953 protulisse
3011 2879 3286 2936 sufﬁciat.
3337 2881 3519 2934 Porro
3555 2884 3755 2934 autem

2100 2977 2222 3028 tota
2252 2972 2555 3044 Scriptura
2583 2971 2763 3044 plena
2801 2974 2893 3026 est
2940 2969 3519 3025 demonstrationum
3548 2973 3757 3024 vestrm

2097 3062 2492 3118 inﬁdelitatis.
2527 3061 2667 3127 Quis
2698 3060 2856 3115 enim
2877 3076 3141 3129 unquam
3176 3074 3382 3114 eorum
3414 3062 3757 3114 sanctorum

2099 3155 2203 3206 aut
2230 3156 2452 3218 vatum,
2484 3149 2587 3221 qui
2614 3149 2799 3205 sacris
2828 3148 3064 3203 Litteris
3095 3147 3494 3213 celebrantur,
3528 3162 3601 3201 ex
3632 3145 3761 3201 sola

2100 3239 2337 3311 Virgine
2369 3244 2544 3294 natus
2574 3237 2963 3310 perhibetur?
2992 3237 3162 3309 cujus
3194 3235 3426 3292 natales
3454 3235 3760 3306 praecessit

2099 3329 2161 3383 in
2193 3328 2339 3384 cmlo
2364 3328 2557 3396 stella,
2583 3345 2709 3399 quas
2732 3325 2954 3382 mundo
2976 3327 3245 3399 genitum
3266 3324 3601 3381 indicaret?
3622 3323 3757 3394 quis

2094 3424 2423 3474 vestrorum
2454 3434 2683 3489 regum,
2717 3422 3037 3487 antequam
3093 3418 3373 3488 parentes
3398 3413 3757 3468 nominatim

2097 3508 2395 3580 appellare
2425 3512 2648 3579 posset,
2681 3505 2949 3578 regnavit
2994 3510 3053 3560 et
3102 3504 3174 3559 de
3221 3502 3496 3559 hostibus
3527 3507 3750 3573 tropaea

2096 3597 2348 3654 statuit“?
2379 3596 2521 3662 Quis
2550 3595 2809 3666 denique
2858 3610 2965 3655 rex.
3012 3592 3124 3648 fuit
3169 3592 3503 3659 Israelicus,
3535 3591 3598 3646 in
3630 3607 3749 3662 quo

2097 3704 2263 3759 spem
2295 3703 2464 3741 suam
2490 3690 2696 3758 gentes
2726 3684 3089 3740 collocarent
3106 3682 3134 3737 ‘2
3162 3684 3285 3737 Imo
3307 3689 3506 3737 autem
3538 3697 3749 3735 omnes

2095 3779 2369 3833 nationes
2398 3775 2784 3846 undiquaque
2834 3780 3087 3830 vestram
3118 3778 3357 3847 gentem
3385 3771 3560 3827 bellis
3591 3770 3747 3826 infe-

2097 3871 2351 3934 starunt,
2383 3881 2693 3936 nunquam
2725 3862 3139 3919 desinentibus
3170 3861 3458 3933 quamdiu
3483 3862 3756 3916 Hieroso-

2096 3955 2327 4025 solyma
2357 3954 2542 4009 stetit.
2575 3953 2864 4008 Israelum
2911 3953 3073 4007 enim
3120 3951 3360 4006 assiduo
3389 3949 3614 4020 Assyrii
3646 3966 3755 4020 op-

2096 4045 2464 4114 presserunt,
2490 4039 2734 4111 Aigyptii
2758 4039 2979 4109 aliique
3002 4038 3208 4109 populi
3242 4037 3418 4092 bellis
3443 4043 3749 4092 vexarunt.

2095 4134 2303 4187 Nonne
2337 4135 2397 4185 et
2424 4130 2679 4185 Davidus
2723 4128 3010 4184 Moabitas
3049 4127 3207 4182 bello
3238 4127 3433 4197 petiit,
3464 4126 3757 4181 vicissim-

2099 4239 2212 4292 que
2243 4221 2316 4275 ab
2348 4221 2433 4275 eis
2463 4223 2553 4275 est
2580 4218 2741 4274 bello
2791 4218 3097 4289 impetitus
3120 4216 3148 4271 ‘l
3191 4232 3391 4272 nonne
3443 4216 3633 4270 Josias
3665 4216 3753 4269 vi-

2098 4311 2264 4367 cinos
2287 4310 2539 4365 metuit?
2563 4324 2764 4363 nonne
2789 4305 3213 4362 Sennacheribi
3238 4305 3590 4377 jactantiam
3622 4306 3754 4358 Eze-

2098 4401 2264 4457 chias
2297 4398 2612 4455 extimuit?
2635 4401 2839 4453 Nonne
2866 4401 2923 4452 et
2944 4395 3255 4453 adversum
3277 4396 3513 4450 Josuam
3542 4397 3756 4449 Amor-

2099 4491 2225 4558 raei,
2260 4496 2318 4545 et
2372 4489 2686 4545 Amalecus
2744 4492 2952 4542 contra
3008 4488 3227 4540 Mosem
3282 4485 3529 4540 adversa
3586 4484 3756 4557 signa

2102 4581 2369 4636 tulerunt
2393 4579 2405 4634 ἔ
2440 4579 2588 4634 adeo
2615 4577 2785 4633 nulla
2814 4592 3078 4647 unquam
3101 4575 3162 4630 in
3194 4575 3353 4630 hunc
3383 4592 3571 4646 usque
3595 4574 3755 4629 diem

2103 4687 2217 4742 pax
2243 4671 2398 4724 inter
2417 4667 2707 4724 Israelum
2738 4670 2798 4720 et
2824 4670 3029 4738 gentes
3053 4664 3247 4737 potuit
3266 4665 3542 4736 componi
3563 4680 3577 4731 ;
3597 4664 3758 4735 quod

2105 4760 2305 4815 doceri
2335 4763 2532 4831 potest
2560 4773 2630 4811 ex
2662 4753 3126 4811 commentariis.
3151 4756 3297 4810 Tum
3326 4753 3759 4825 respondentes

2104 4850 2311 4905 scribus
2360 4848 2673 4902 dixerunt:
2724 4846 2851 4900 Non
2882 4844 3225 4899 inﬁciamur
3254 4843 3367 4899 ista
3396 4844 3600 4900 omnia
3630 4860 3759 4899 esse

2104 4939 2346 5010 scripta,
2370 4941 2786 5007 exspectamus
2809 4938 3008 4989 autem
3032 4933 3283 4989 Verbum
3307 4932 3598 5004 Dei,quod
3618 4949 3764 4988 non-

2104 5028 2245 5083 dum
2271 5027 2334 5081 in
2360 5040 2602 5081 carnem
2633 5024 2812 5080 venit.
2845 5023 3125 5079 Silvester
3152 5022 3331 5077 dixit:
3365 5025 3434 5076 Et
3461 5021 3760 5092 quomodo

2104 5133 2225 5173 non
2246 5114 2555 5171 audivistis
2576 5113 2724 5170 481
2763 5112 3077 5169 Danielum
3099 5112 3316 5167 diserte
3348 5115 3581 5180 tempus
3611 5108 3761 5163 desi-

2104 5212 2408 5281 gnantem,
2432 5221 2549 5275 quo
2572 5203 2634 5259 in
2664 5207 2856 5258 terras
2887 5204 3159 5258 Servator
3181 5198 3539 5254 adventurus
3566 5202 3723 5252 esset
3746 5196 3758 5251 l

2108 5297 2192 5350 sic
2222 5294 2384 5350 enim
2416 5293 2469 5348 ei
2493 5293 2638 5348 dicit
2656 5291 2925 5363 angelus,
2949 5289 3050 5360 qui
3074 5302 3212 5343 eum
3234 5286 3362 5357 ipso
3386 5284 3765 5355 colloqueba—

2107 5391 2239 5441 tur:
2273 5383 2496 5439 Decisaa
2529 5386 2670 5439 sunt
2723 5378 2942 5452 populo
3001 5384 3101 5432 tuo
3158 5374 3414 5445 urbique
3445 5380 3664 5430 sanctas
3694 5378 3756 5429 71

2108 5475 2454 5546 septimanae
2487 5470 2705 5544 quibus
2733 5473 3042 5540 peccatum
3074 5464 3415 5537 perficiatur
3445 5470 3506 5518 et
3546 5463 3766 5520 delicta

2109 5564 2443 5636 expientur,
2476 5560 2942 5632 obsigneturque
2985 5557 3321 5626 peccatum,
3371 5558 3431 5608 et
3476 5553 3763 5625 iniquitas

1117 5717 1162 5754 ⁸⁷
1194 5718 1363 5774 Deut.
1396 5737 1591 5790 xxvm,
1626 5723 1714 5790 66,
1791 5720 1841 5757 ⁸³
1871 5722 1990 5778 Psal

2100 5738 2173 5788 ιι,
2211 5721 2296 5775 19.
2373 5716 2446 5751 ⁸⁸⁶
2476 5716 2616 5771 Gen.
2651 5729 2801 5782 xmx,
2835 5712 2921 5766 1οο
2999 5707 3048 5744 ⁸*
3075 5708 3186 5763 Isa.
3218 5722 3298 5774 ιι,
3334 5708 3384 5773 1,
3416 5709 3470 5760 2.
