4144 6424
324 407 440 467 531

1666 397 1981 463 GEORGII
2024 398 2370 460 CEDRENI

3633 401 3751 461 532

330 540 623 609 deleatur,
656 556 723 595 ac
773 545 999 596 aeterna
1052 540 1285 612 justitia
1338 539 1788 595 introducatur:
1823 536 1980 592 obsi-

2097 533 2289 608 ἁγίων.
2351 532 2451 588 Καὶ
2501 535 2685 609 γνώσῃ
2745 533 2836 589 καὶ
2896 537 3167 607 συνήσεις,
3225 538 3331 591 ἀπὸ
3363 534 3549 607 ἐξόδου
3576 533 3749 614 λόγου

328 637 543 703 gnetur
570 631 738 701 visio,
784 636 843 685 et
889 632 1137 687 Sanctus
1184 634 1525 685 sanctorum
1564 633 1840 701 ungatur.
1871 628 1979 681 Co-

328 738 700 794 gnoscesque
732 726 791 776 et
819 722 1114 794 intelliges
1170 720 1243 776 ab
1303 736 1371 775 eo
1431 725 1699 791 tempore
1732 735 1850 790 quo
1878 717 1979 771 de-

327 818 553 868 cretum
579 811 787 865 edetur
816 811 887 864 de
909 808 1334 881 Hierosolymis
1355 807 1980 876 instaurandis,usque

328 901 401 956 ad
441 901 650 956 ducem
681 904 951 963 unctum,
984 897 1228 953 efﬂuere
1260 898 1624 969 septimanas
1654 901 1685 950 7
1718 900 1776 951 et
1805 894 1982 966 septi-

329 1004 535 1048 manas
566 992 634 1042 62
657 988 720 1042 9°.
777 988 1001 1041 Cmtera
1058 986 1299 1057 quidem
1357 1001 1488 1057 quas
1539 986 1724 1041 sacris
1780 983 1979 1038 consi-

326 1082 506 1151 gnata
562 1082 701 1132 sunt
758 1076 1013 1143 Litteris,
1072 1075 1344 1131 fortassis
1416 1074 1808 1131 causabimini
1860 1072 1978 1127 alio

327 1184 453 1224 esse
485 1164 791 1237 implenda
837 1170 1124 1236 tempore.
1185 1164 1285 1220 His
1342 1169 1541 1220 autem
1572 1164 1715 1235 quid
1746 1162 1979 1217 habetis

322 1256 480 1329 quod
539 1254 886 1326 opponatis!
944 1271 1081 1309 cum
1138 1260 1198 1309 et
1253 1270 1482 1325 ungens
1527 1252 1891 1319 nominatur,
1923 1255 1981 1306 et

319 1348 371 1402 is
402 1347 501 1417 qui
535 1346 778 1418 ungitur
807 1360 927 1400 non
984 1344 1163 1399 homo
1218 1344 1322 1399 sed
1354 1344 1605 1399 Sanctus
1637 1348 1980 1398 sanctorum

318 1436 671 1508 appelletur.
704 1434 793 1490 Ad
824 1434 1094 1506 ejusdem
1121 1450 1313 1505 usque
1353 1433 1673 1489 adventum
1709 1433 1978 1487 Hieroso-

321 1527 483 1596 lyma
512 1525 694 1581 stetit.
728 1525 1051 1595 Postquam
1080 1524 1338 1590 advenit,
1367 1538 1562 1594 neque
1583 1526 1777 1578 vatem
1810 1538 1879 1576 ex
1911 1536 1980 1575 eo

324 1616 513 1670 ullum
541 1613 727 1669 Judaei
758 1613 1098 1669 habuerunt
1146 1629 1343 1684 neque
1388 1612 1648 1667 visiones
1680 1610 1764 1665 eis
1795 1626 1979 1682 appa-

324 1708 595 1758 ruerunt.
629 1704 778 1757 Sane
837 1701 1069 1773 pridem
1129 1707 1187 1756 et
1243 1700 1499 1757 Davidus
1539 1699 1651 1754 fuit
1679 1705 1893 1754 unctus
1925 1703 1984 1753 et

326 1792 604 1847 Solomon
636 1797 694 1845 et
723 1790 1019 1860 Ezechias,
1080 1790 1185 1845 sed
1244 1790 1316 1844 iis
1369 1789 1513 1844 vivis
1544 1794 1603 1843 et
1629 1788 1773 1843 urbs
1817 1788 1983 1842 stetit

323 1887 500 1953 atque
558 1896 725 1936 sacer
777 1880 964 1949 locus,
1024 1885 1082 1935 et
1136 1885 1300 1935 vates
1354 1879 1596 1935 oracula
1641 1878 1975 1933 ediderunt.
2013 1905 2057 1967 Β

319 1972 462 2024 Tum
490 1969 653 2024 uncti
680 1968 770 2023 illi
803 1969 991 2024 sancti
1022 1968 1265 2040 quidem
1297 1968 1593 2036 homines,
1624 1983 1745 2022 non
1779 1971 1979 2020 tamen

322 2059 511 2113 sancti
560 2062 905 2113 sanctorum
950 2063 1089 2112 sunt
1137 2056 1439 2129 appellati.
1487 2058 1660 2111 Vates
1691 2060 1890 2111 autem
1922 2060 1981 2109 et

320 2146 580 2201 visiones
603 2146 842 2216 quando
865 2145 1041 2201 desiit
1059 2146 1281 2202 habere
1311 2145 1566 2201 Israelus
1594 2161 1771 2215 quam
1795 2160 1978 2213 nunc,

326 2235 582 2290 adventu
604 2236 751 2289 vatis
784 2239 842 2289 et
870 2235 1065 2289 Sancti
1099 2240 1440 2290 sanctorum
1462 2234 1724 2288 Christi?
1753 2233 1817 2287 Id
1844 2248 1980 2288 vero

327 2325 596 2395 apprime
619 2324 860 2380 evidens
882 2324 1114 2395 signum
1136 2329 1313 2394 atque
1335 2323 1622 2377 indicium
1656 2327 1745 2377 est
1772 2321 1984 2376 adven-

326 2419 423 2468 tus
449 2413 616 2469 Verbi
640 2414 760 2481 Dei,
783 2413 941 2483 quod
965 2429 1157 2484 neque
1178 2412 1584 2482 Hierosolyma
1605 2410 1781 2465 hodie
1801 2415 1980 2478 stant,

327 2519 522 2573 neque
554 2508 718 2557 vates
747 2503 905 2557 inter
931 2502 1165 2556 Judaaos
1187 2500 1346 2556 ullus
1370 2501 1563 2555 ullave
1596 2500 1741 2554 visio
1770 2504 1980 2554 exstat.

334 2595 488 2650 488
556 2595 721 2660 Quod
791 2592 1032 2665 quidem
1100 2598 1228 2649 erat
1284 2598 1773 2648 consentaneum.
1837 2590 1984 2645 Cum

328 2683 486 2737 enim
508 2683 638 2754 jam
673 2682 1006 2737 exhibitum
1037 2686 1195 2736 esset
1232 2681 1294 2736 id
1325 2680 1485 2752 quod
1516 2678 1889 2734 indicabatur
1918 2694 1986 2733 ac

327 2772 623 2827 vaticiniis
653 2771 1110 2843 preedicebatur,
1143 2771 1326 2842 signis
1358 2775 1415 2824 et
1440 2768 1668 2825 vatibus
1699 2783 1987 2839 quorsum

2090 626 2188 677 τοῦ
2238 622 2601 697 ἀποκριθῆναι
2658 624 2747 678 καὶ
2804 628 2900 679 τοῦ
2950 622 3323 697 οἰκοδομῆσαι
3381 626 3749 701 Ἰερουσαλὴμ

2088 705 2193 771 ἕως
2260 712 2497 786 Χριστοῦ
2551 713 2858 785 ἡγουμένου
2917 708 3215 785 ἐϐδομάδες
3269 715 3309 783 ζ’
3358 715 3447 769 καὶ
3504 710 3747 787 ἑϐδομα-

2091 797 2177 861 δες
2208 801 2307 874 ξβ“.
2342 802 2444 856 Καὶ
2476 802 2611 875 πρὸς
2645 802 2742 873 μὲν
2782 808 2897 863 τοῖς
2948 800 3145 864 ἄλλοις
3176 800 3311 866 ἴσως
3344 807 3751 883 προφασιζόμε-

2088 909 2173 943 νοι
2204 889 2280 950 εἰς
2316 886 2596 961 μέλλοντα
2628 890 2828 965 χρόνον
2862 886 3230 947 ἀναϐάλλεσθε
3271 895 3343 949 τὰ
3371 895 3747 970 γεγραμμένα*

2087 978 2141 1034 τί
2174 975 2231 1032 δὲ
2259 978 2395 1053 πρὸς
2425 984 2594 1034 ταῦτα
2647 978 2825 1054 λέγειν
2858 980 2893 1050 ἢ
2927 978 3074 1042 ὅλως
3140 981 3463 1052 ἀντωπῆσαι
3496 981 3746 1053 δύνασθε,

2089 1066 2225 1121 ὅπου
2273 1087 2337 1142 γε
2392 1068 2483 1122 καὶ
2515 1069 2542 1122 6
2576 1070 2751 1143 χρίων
2807 1067 3072 1140 δηλοῦται
3128 1070 3217 1125 καὶ
3252 1072 3279 1125 ὁ
3306 1072 3607 1147 χριόμενος
3650 1074 3748 1129 οὐκ

2088 1155 2370 1231 ἄνθρωπος
2400 1154 2529 1211 ἀλλ’
2568 1158 2761 1235 ’Ἄγίος
2820 1158 2986 1231 ἁγίων
3035 1158 3487 1236 καταγγέλλεται,
3518 1162 3610 1217 καὶ
3639 1160 3746 1227 ἓως

2086 1251 2187 1314 τῆς
2243 1245 2542 1321 παρουσίας
2619 1244 2787 1302 αῦτοῦ
2869 1247 3237 1323 Ἰερουσαλὴμ
3293 1251 3596 1323 συνίστατο,
3655 1254 3747 1307 καὶ

2090 1333 2285 1389 λοιπὸν
2345 1337 2483 1399 ἅπας
2533 1339 2822 1416 προφήτης
2875 1337 3145 1393 πέπαυται
3198 1340 3286 1394 καὶ
3348 1340 3535 1415 ὅρασις
3586 1342 3636 1396 ἐν
3668 1347 3748 1415 τῷ

2089 1424 2348 1499 Ἰσραήλ;
2385 1425 2649 1503 Ἐχρίσθη
2686 1427 2868 1499 μέντοι
2916 1425 3089 1483 πάλαι
3145 1422 3312 1483 Δαϐἒδ
3342 1430 3433 1484 καὶ
3465 1429 3745 1504 Σολομῶν

2088 1512 2179 1566 καὶ
2228 1511 2495 1583 Ἑζεκίας,
2548 1511 2675 1567 ἀλλ’
2735 1513 3102 1587 Ἰερουσαλὴμ
3158 1515 3250 1569 καὶ
3286 1516 3514 1579 ὁτόπος
3571 1538 3747 1572 συνει-

2091 1602 2276 1672 στήκει
2334 1601 2423 1655 καὶ
2481 1609 2757 1679 προφῆται
2816 1605 3210 1680 προεφήτευον.
3273 1604 3497 1667 ’Ἄλλως
3550 1604 3609 1660 δὲ
3655 1608 3742 1662 καὶ

2090 1690 2246 1745 αὐτοὶ
2282 1691 2333 1744 οἱ
2391 1691 2701 1768 χρισθέντες
2757 1691 2901 1766 ἅγιοι
2960 1691 3240 1767 ἄνθρωποι
3298 1694 3388 1749 καὶ
3449 1695 3558 1773 οὐχ
3596 1691 3745 1771 ἅγιοι

2090 1780 2263 1853 ἁγίων
2294 1779 2621 1851 ἐκλήθησαν.
2685 1782 2822 1837 Πότε
2875 1780 2933 1837 δὲ
2981 1783 3072 1837 καὶ
3130 1786 3423 1862 προφήτης
3475 1784 3746 1841 ἐπαύσατο

2088 1870 2179 1924 καὶ
2210 1869 2394 1942 ὅρασις
2453 1871 2557 1924 ἀπὸ
2612 1875 2710 1925 τοῦ
2761 1870 3005 1948 Ἰσραὴλ,
3067 1872 3112 1926 εί
3175 1873 3251 1945 μή
3283 1876 3398 1943 νῦν,
3430 1873 3520 1929 ὅτε
3550 1876 3578 1930 6
3609 1897 3749 1950 προ-

2089 1953 2464 2032 φητευὸμενος
2502 1960 2593 2014 καὶ
2643 1961 2672 2013 6
2719 1960 2926 2035 ’Ἀγίων
2988 1960 3152 2035 ἁγίων
3188 1962 3215 2016 ὁ
3247 1963 3479 2036 Χριστὸς
3510 1965 3747 2041 παρεγέ-

2087 2069 2207 2104 νετο
2232 2068 2247 2118 ;
2283 2056 2361 2120 Ση
2374 2054 2526 2122 μεῖον
2556 2048 2647 2104 οὖν
2681 2046 2851 2112 ὅντως
2879 2049 3013 2126 μέγα
3034 2049 3317 2126 πρόδηλον
3339 2052 3428 2107 καὶ
3460 2056 3751 2130 γνώρισμα

2088 2142 2184 2193 τοῦ
2211 2143 2344 2194 Θεοῦ
2379 2138 2553 2213 Λόγου
2610 2139 2699 2193 καὶ
2761 2146 2862 2208 τῆς
2921 2140 3092 2195 αὐτοῦ
3125 2140 3423 2215 παρουσίας
3456 2143 3518 2197 τὸ
3552 2143 3748 2216 μηκέτι

2089 2229 2189 2297 τὴν
2249 2226 2619 2302 Ἰερουσαλὴμ
2666 2227 2877 2283 ἑστάναι
2957 2230 3099 2303 μήτε
3175 2233 3469 2311 προφήτην
3530 2233 3752 2309 ἐνεργη-

2091 2320 2250 2385 θῆναι
2329 2319 2469 2391 μήτε
2546 2318 2729 2393 ὅρασιν
2793 2317 3270 2375 ἀποκαλύπτεσθαι
3345 2321 3587 2384 τούτοις.
3647 2325 3751 2380 Καὶ

2093 2406 2339 2468 εῗκότως⁸
2375 2404 2628 2470 ἐλθόντες
2666 2408 2769 2483 γὰρ
2824 2406 2922 2462 τοῦ
2975 2408 3382 2481 σημαινομένου
3412 2412 3502 2465 καὶ
3534 2433 3756 2489 προφη-

2090 2495 2371 2569 τευμένου,
2401 2495 2484 2558 τίς
2513 2498 2547 2565 ἡ
2581 2495 2741 2571 χρεία
2795 2500 2904 2551 τῶν
2965 2498 3348 2569 σημαινόντων
3404 2500 3497 2554 καὶ
3534 2522 3753 2578 προφη-

2091 2585 2359 2640 τευόντων
2389 2604 2401 2653 ;
2436 2586 2534 2640 Διά
2563 2587 2669 2660 γὰρ
2720 2590 2883 2641 τοῦτο
2941 2588 3334 2661 προεφήτευον,
3365 2585 3469 2653 ἕως
3520 2590 3581 2645 οὗ
3614 2586 3748 2666 ἔλθῃ

2097 2674 2124 2727 ὁ
2180 2673 2661 2750 προφητευόμενος
2737 2676 2829 2729 καὶ
2910 2674 3282 2751 λυτρούμενος
3328 2679 3425 2740 τὰς
3481 2679 3755 2754 ἁμαρτίας

2095 2764 2330 2818 πάντων.

327 2878 504 2933 porro
535 2878 682 2916 usus
713 2860 887 2916 erat?
917 2860 1053 2916 Ideo
1083 2860 1385 2916 vaticinati
1416 2863 1559 2914 sunt
1587 2858 1675 2913 illi
1709 2857 2022 2929 tantisper,
2057 2854 2199 2910 dum
2241 2854 2403 2910 venit
2448 2855 2499 2909 is
2547 2870 2724 2926 quem
2756 2856 2961 2912 adfore
2994 2855 3418 2928 praedicebant,
3453 2861 3757 2916 omnium-
3816 2899 3835 2914 ε

330 2966 445 3021 que
475 2950 730 3005 abolevit
755 2956 1017 3021 peccata.

398 3040 523 3095 Jam
545 3039 679 3110 quis
700 3039 814 3094 fuit
829 3038 927 3095 ille
945 3039 1222 3110 princeps
1241 3038 1342 3109 qui
1366 3053 1397 3093 e
1420 3037 1804 3093 Bethlehema
1822 3035 1985 3103 exiit,

328 3130 427 3201 qui
490 3127 770 3184 lsraelem
823 3126 1190 3198 gubernavit,
1250 3124 1424 3196 cujus
1482 3126 1672 3180 exitus
1712 3123 1785 3180 ab
1816 3122 1985 3178 initio

323 3219 456 3286 fuit,
490 3218 563 3272 ab
594 3218 723 3289 ipsa
754 3216 1106 3293 mternitate,
1165 3216 1340 3287 cujus
1396 3231 1620 3271 nomen
1654 3212 1780 3270 sole
1829 3212 1987 3267 anti-

328 3309 501 3379 quius
553 3312 644 3362 est
701 3311 761 3362 et
807 3306 1083 3361 nativitas
1139 3304 1609 3361 inenarrabilis?
1649 3304 1776 3358 haec
1824 3301 1986 3356 enim

329 3398 631 3467 Scriptura
657 3397 708 3451 ei
739 3396 1028 3451 attribuit.
1061 3395 1411 3450 Sanctorum
1442 3394 1687 3464 quidem
1717 3392 1986 3448 omnium

330 3492 527 3541 ortum
574 3486 794 3540 scimus
827 3483 1132 3539 memoriis
1163 3484 1487 3556 proditum,
1522 3481 1983 3554 principumque

2171 3034 2335 3094 1Ῐοῖος
2367 3033 2550 3086 τοίνυν
2604 3031 2917 3109 ἡγούμενος
2969 3032 3192 3107 ἐξῆλθεν
3248 3033 3309 3091 ἔκ
3367 3033 3621 3109 Βηθλεὲμ
3661 3036 3755 3091 καὶ

2095 3123 2188 3178 τὸν
2215 3120 2439 3193 Ἰσραὴλ
2497 3121 2811 3196 ἐποίμαινεν,
2870 3123 2933 3177 οὗ
2990 3125 3024 3193 ἡ
3086 3120 3271 3194 ἔξοδος
3326 3125 3417 3180 ἀπ’
3449 3126 3632 3202 ἀρχῆς
3663 3128 3755 3204 ἀφ’

2096 3216 2319 3288 ἡμερῶν
2373 3213 2591 3283 αἰῶνος,
2647 3214 2753 3288 πρὸ
2810 3217 2907 3268 τοῦ
2961 3212 3128 3284 ἡλίου
3189 3212 3434 3289 διαμένει
3483 3218 3546 3273 τὸ
3578 3212 3755 3291 ὄνομα

2095 3298 2283 3370 αὐτοῦ,
2330 3298 2421 3353 καὶ
2475 3295 2869 3374 ἀνεκδιήγητος
2923 3302 2957 3369 ἠ
3015 3301 3170 3374 γενεά
3226 3301 3414 3372 αὐτοῦ,
3457 3302 3633 3367 καθὼς
3664 3303 3754 3377 γέ-

2094 3409 2332 3465 γραπται
2358 3408 2371 3456 ;
2402 3389 2526 3443 Τῶν
2584 3391 2688 3462 γὰρ
2728 3388 2897 3463 ἁγίων
2946 3389 3165 3444 πάντων
3220 3388 3375 3463 ἴσμεν
3433 3393 3534 3461 τήν
3568 3393 3749 3468 γενεὰν

2094 3480 2517 3557 ίστορουμένην,
2578 3482 2669 3536 καὶ
2734 3486 2839 3536 τῶν
2899 3482 3168 3556 ἀρξάντων
3208 3488 3306 3537 τοῦ
3356 3483 3577 3562 Ἰσραὴλ
3610 3506 3750 3559 παρ-

326 3574 742 3630 Israelicorum
772 3573 1039 3628 omnium
1072 3577 1305 3629 exstant
1329 3577 1387 3627 et
1412 3571 1641 3627 natales
1672 3575 1731 3626 et
1759 3569 1976 3639 obitus,

2097 3575 2324 3626 ιστῶσαν
2381 3571 2480 3639 τὴν
2539 3570 2745 3645 γένεσιν
2804 3573 2891 3625 καὶ
2952 3573 3045 3626 τὸν
3116 3571 3365 3630 θάνατον.
3426 3574 3751 3646 Μεμνῆσθαι

335 3663 724 3718 monimentis
773 3661 1103 3717 litterarum
1149 3660 1497 3733 consignati.
1551 3662 1731 3715 Porro
1776 3659 1996 3714 memi-

341 3754 504 3808 nisse
530 3751 732 3816 debes,
768 3751 991 3818 Judwe,
1048 3767 1145 3806 me
1199 3751 1310 3806 hoc
1369 3748 1609 3815 dixisse,
1643 3749 1857 3805 Filium
1888 3749 1992 3811 Dei

332 3848 521 3897 totum
554 3857 674 3915 nqn
706 3841 889 3897 fuisse
947 3839 1438 3912 perpessionibus
1495 3838 1855 3910 subjectum,
1890 3840 1994 3895 sed

330 3932 636 3988 hominem
695 3931 867 4002 cujus
924 3930 979 3986 ei
1037 3929 1375 3984 substantia
1433 3930 1582 3984 citra
1634 3933 1988 3985 naturarum

331 4023 743 4078 confusionem
774 4023 837 4076 in
869 4025 1039 4076 utero
1078 4020 1266 4075 beatae
1304 4020 1564 4093 Virginis
1595 4021 1791 4075 Marim
1821 4022 1994 4078 unita

331 4110 462 4168 fuit.
492 4113 674 4177 Quem
708 4112 861 4165 Deus
909 4109 1248 4165 Abrahamo
1294 4110 1648 4181 promittens
1690 4110 1772 4165 ita
1798 4110 1993 4165 fuerat

331 4202 489 4257 fatus
515 4218 526 4254 :
561 4203 625 4257 In
657 4200 884 4256 semine
916 4205 1016 4254 tuo
1060 4186 1282 4254 omnes
1313 4199 1517 4270 populi
1550 4199 1888 4255 beabuntur
1919 4201 1986 4255 οι.

331 4291 665 4361 Davidoque
723 4289 1004 4344 similiter
1068 4289 1391 4360 promisit:
1468 4290 1714 4344 Fructus
1765 4289 1990 4344 ventris

332 4381 414 4434 tui
443 4378 744 4435 collocabo
775 4379 835 4431 in
885 4377 1034 4432 solio
1092 4383 1195 4433 tuo
1217 4377 1283 4433 9’.
1356 4379 1520 4432 Hunc
1552 4395 1662 4433 nos
1692 4383 1989 4432 tentatum

333 4470 607 4535 dicimus,
653 4473 721 4523 ut
757 4467 1083 4536 diabolum,
1126 4484 1160 4522 a
1209 4484 1323 4538 quo
1366 4467 1728 4536 tentabatur,
1768 4467 1989 4522 victum

333 4559 749 4630 captivumque
779 4557 1089 4628 redigeret.
1124 4559 1369 4613 Passum
1402 4558 1677 4625 dicimus,
1701 4562 1768 4611 ut
1786 4557 1991 4613 omnia

332 4648 643 4703 adversum
676 4646 1033 4717 subjiceret;
1069 4653 1394 4712 mortuum,
1424 4653 1491 4701 ut
1520 4663 1657 4702 eum
1704 4646 1989 4718 dejiceret

334 4737 435 4808 qui
457 4738 667 4791 mortis
689 4736 1012 4807 potentiam
1043 4736 1316 4793 habebat.
1340 4735 1577 4791 Iudaeus
1595 4739 1793 4790 autem
1817 4735 1983 4792 dixit:

334 4829 478 4898 Ergo
510 4828 613 4882 Dei
645 4827 760 4882 duo
793 4833 933 4882 sunt
964 4827 1092 4897 filii,
1144 4844 1300 4882 unus
1359 4842 1539 4897 quem
1588 4826 1761 4881 beata
1817 4827 1985 4899 Virgo

2105 3660 2197 3717 οὖν
2223 3660 2485 3735 ὀφείλεις,
2520 3659 2564 3714 ὦ
2596 3657 2847 3728 Ἰυυὸαἲε,
2909 3659 3182 3736 εἰρηκέναι
3245 3681 3310 3735 με
3359 3663 3453 3717 τὸν
3485 3663 3607 3718 Υίὸν
3656 3668 3754 3719 τοῦ

2103 3754 2237 3805 Θεοῦ
2277 3751 2431 3804 πάθει
2487 3750 2549 3804 τὸ
2608 3748 2833 3805 σύνολον
2897 3752 2971 3824 μὴ
3036 3750 3435 3807 ὑποπίπτοντα·
3486 3751 3633 3808 ἀλλά
3661 3754 3752 3807 τὸν
3830 3780 3838 3785 -

2103 3841 2363 3895 ἐνίιιθέντα
2420 3840 2569 3913 αὐτῷ
2625 3838 2911 3915 ἄνθρωπον
2970 3843 3088 3905 καθ’
3158 3841 3449 3897 ὑπόστασιν
3505 3842 3757 3918 ἀσυγχύ-

2098 3952 2209 3994 τως
2260 3929 2321 3986 ἐκ
2374 3937 2473 4000 τῆς
2530 3930 2685 4005 ἁγίας
2718 3930 2994 4004 Παρθένου
3029 3930 3257 4005 Μαρίας,
3291 3930 3350 3986 ὅν
3383 3932 3753 4007 ἐπηγγείλατο

2102 4021 2129 4075 6
2183 4021 2312 4085 Θεὸς
2363 4025 2444 4093 τῷ
2496 4016 2749 4094 Ἀϐραὰμ
2809 4018 3012 4094 λέγων,
3074 4022 3159 4075 Ἐν
3213 4026 3294 4094 τῷ
3353 4022 3617 4098 σπέρματί
3655 4043 3753 4078 σου

2101 4108 2566 4184 εὐλογηθήσονται
2597 4108 2772 4164 πάντα
2818 4107 2884 4164 τὰ
2931 4103 3078 4180 ἔθνη,
3112 4109 3199 4164 καὶ
3233 4115 3314 4184 τῷ
3342 4107 3508 4166 Δαϐἷδ
3540 4112 3753 4187 ὁμοίως

2101 4198 2300 4277 λέγων·
2362 4200 2457 4255 Ἐκ
2514 4203 2729 4274 καρποῦ
2788 4206 2887 4268 τῆς
2944 4197 3161 4261 κοιλίας
3221 4221 3317 4255 σου
3375 4203 3616 4275 θήσομαι
3667 4203 3753 4258 ἐπὶ

2097 4293 2194 4342 τοῦ
2249 4287 2439 4363 θρόνου
2520 4308 2635 4343 σου.
2716 4289 2924 4344 Τοῦτον
2998 4289 3355 4365 πειρασθῆναί
3414 4312 3611 4367 φαμεν,
3668 4294 3757 4348 ἳνα

2096 4378 2187 4435 τὸν
2255 4377 2580 4451 πειράζοντα
2629 4375 2790 4432 αὐτὸν
2845 4379 3073 4447 νικήσας
3123 4373 3385 4434 διάϐολον
3456 4380 3756 4456 αἰχμαλω-

2095 4468 2237 4543 τίσῃ,
2293 4468 2613 4530 πεπονθέναι
2669 4469 2755 4539 [Ρ.
2788 4469 2914 4540 279]
2976 4465 3053 4537 δὲ,
3108 4465 3199 4523 ἵνα
3256 4470 3428 4524 πάντα
3485 4472 3551 4527 τὰ
3607 4473 3753 4542 πάθη

2099 4556 2365 4631 ὑποσάξῃ,
2433 4556 2675 4610 τεθνάναι
2745 4552 2822 4627 δὲ,
2887 4556 2977 4611 ἳνα
3040 4557 3102 4612 τὸ
3167 4559 3367 4633 κράτος
3432 4564 3529 4615 τοῦ
3598 4564 3760 4625 θανά-

2094 4666 2191 4700 του
2223 4642 2525 4718 καταλύσῃ.
2559 4645 2621 4701 Ὀ
2674 4643 2943 4709 Ἰουδαῖος
3006 4646 3172 4702 εἶπενο
3235 4648 3457 4705 Οὐκοῦν
3492 4652 3589 4705 δύο
3622 4651 3754 4707 εῗσῖν

2094 4735 2207 4789 υἱοὶ
2260 4737 2357 4789 τοῦ
2405 4737 2560 4803 Θεοῦ,
2612 4736 2689 4797 εἷς
2744 4736 2836 4809 μὲν
2885 4737 2913 4790 6
2964 4734 3026 4791 ἐκ
3058 4744 3158 4806 τῆς
3211 4739 3486 4809 Παρθένου
3514 4741 3754 4817 τεχθεὶς,

2092 4822 2278 4901 ἕτερος
2311 4821 2369 4879 δὲ
2398 4822 2456 4878 ὅν
2491 4823 2877 4902 παντοκράτωρ
2935 4826 3067 4887 Θεὸς
3123 4825 3415 4901 ἐγέννησε;
3476 4828 3537 4883 '0
3597 4829 3755 4901 ἅγιος

332 4918 584 4989 peperit,
638 4917 789 4972 alter
837 4932 1013 4987 quem
1072 4916 1449 4986 omnipotens
1509 4916 1661 4970 Deus
1732 4916 1985 4987 genuit?

2100 4910 2428 4989 Σίλόεστρος
2483 4918 2649 4969 εἶπεν·
2711 4916 2834 4977 Υἱὸς
2877 4916 2958 4975 εἷς
3018 4912 3158 4967 ἐστιν
3191 4914 3219 4965 ὁ
3250 4912 3510 4986 Χριστός,
3551 4917 3754 4987 Ὥσπερ

334 5007 648 5063 Silvester:
711 5009 870 5063 Unus
929 5012 1019 5061 est
1074 5005 1279 5069 Filius,
1312 5005 1600 5061 Christus.
1633 5005 1795 5060 Sicut
1826 5006 1987 5060 enim

330 5115 465 5155 vere
494 5098 678 5153 Filius
735 5097 837 5151 Dei
896 5094 1234 5162 invisibilis,
1294 5093 1377 5149 ita
1433 5100 1523 5150 est
1581 5096 1759 5150 etiam
1808 5096 1988 5151 Filius

331 5187 595 5243 hominis
638 5186 913 5241 visibilis.
960 5184 1067 5250 Qui
1127 5183 1287 5239 enim
1327 5183 1625 5255 perfectus
1655 5192 1784 5239 erat
1812 5185 1988 5253 Deus,

334 5277 485 5333 489
537 5277 833 5348 perfectus
889 5275 1065 5330 homo
1125 5272 1581 5329 immutabiliter
1635 5273 1826 5329 factus
1881 5277 1990 5361 est,

333 5374 399 5422 ut
428 5371 706 5438 pertectae
756 5364 965 5421 salutis
1013 5367 1219 5418 auctor
1268 5362 1610 5417 hominibus
1658 5362 1845 5419 ﬁeret.
1892 5364 1993 5417 Ju-

337 5457 532 5509 daaus:
571 5454 634 5507 Et
662 5451 960 5524 quomodo
983 5452 1114 5507 fieri
1144 5457 1339 5522 potest
1357 5453 1441 5507 uti
1466 5452 1727 5522 patiatur
1758 5467 1992 5507 assum-

340 5550 474 5614 plus
504 5543 681 5597 homo
713 5542 842 5597 sine
874 5557 942 5596 eo
983 5543 1083 5611 qui
1132 5542 1327 5612 ipsum
1384 5540 1752 5611 assumpsit?
1809 5540 1994 5594 Silve-

413 5719 460 5755 ⁹⁰
490 5721 632 5775 Dan.
675 5736 752 5784 ιχ,
783 5720 852 5773 ⁸24
881 5734 1045 5789 seqq.

2096 5004 2197 5080 γὰρ
2232 5002 2454 5073 ἀληθῶς
2511 5002 2623 5058 ἐστι
2683 5007 2818 5058 Θεοῦ
2873 5002 2998 5061 Υἱὸς
3055 5001 3308 5074 ἀόρατος,
3352 4999 3527 5064 οὕτως
3557 5001 3635 5058 ἐτὶ
3666 5003 3757 5058 καὶ

2098 5093 2223 5156 Υἱὸς
2253 5093 2543 5167 ἀνθρώπου
2574 5091 2787 5167 ὁρατός·
2847 5088 3058 5153 τέλειος
3118 5088 3224 5164 γὰρ
3258 5087 3330 5145 ὢν
3361 5093 3514 5159 Θεὸς,
3546 5092 3756 5157 τέλειος

2101 5182 2386 5255 ἅνθρωπος
2443 5183 2723 5258 ἀτρέπτως
2783 5178 3016 5255 ἐγένετο,
3064 5176 3155 5234 ’ἶνα
3211 5179 3424 5237 τελείαν
3482 5184 3755 5259 σωτηρίαν

2100 5276 2217 5333 τοῖς
2248 5272 2557 5346 ἀνθρώποις
2588 5270 2871 5345 παράσχῃ.
2922 5269 2983 5326 Ὁ
3042 5267 3305 5333 Ἰουδαῖος
3338 5273 3475 5328 εἶπε·
3511 5272 3611 5328 Καί
3638 5280 3757 5338 πῶς

2101 5362 2338 5439 ἐγχωρεῖ
2383 5363 2446 5417 τὸ
2490 5360 2765 5437 ληφθὲντα
2814 5359 3096 5435 ἄνθρωπον
3146 5366 3377 5438 πάσχειν
3435 5368 3613 5440 χωρὶς
3661 5371 3758 5422 τοῦ

2101 5447 2469 5509 ἀναλαϐόντος
2501 5449 2704 5518 αὐτὸν;
2746 5450 2807 5507 Ὁ
2864 5450 3017 5525 ἃγιοτ
3058 5447 3393 5526 Σίλϐεστρος
3428 5453 3594 5507 εἶπεν·
3631 5453 3762 5509 067.-

2103 5545 2193 5596 οῦν
2246 5536 2610 5613 ὑποδείγματί
2658 5558 2764 5593 τινι
2816 5538 3057 5619 ὀφείλεις
3106 5537 3458 5615 διδαχθῆναι,
3491 5541 3580 5596 ἳνα
3609 5546 3758 5619 γνῷς

1123 5719 1168 5754 υι
1202 5718 1343 5774 Gen.
1379 5736 1507 5786 ινιτ,
1546 5721 1628 5773 16.
1704 5718 1752 5754 ⁹²
1786 5719 1933 5775 Psal.
1971 5736 2158 5791 cxxxv,
2197 5725 2281 5777 ll.
