4144 6420
338 436 462 501 5‘33

1483 430 2028 500 HISTORIARUM
2072 432 2632 499 GOMPENDIUM.

3659 436 3779 495 εει

347 577 432 631 ὅτι
465 572 561 630 δύο
592 575 729 629 κατά
788 575 982 630 ταυτὸν
1038 569 1337 648 ἡνωμένων
1396 573 1604 650 quidem:
1664 574 1699 642 ἡ
1764 573 1858 645 μὲν
1905 572 1986 644 μίε

2118 576 2277 629 ster:
2310 572 2593 644 Exemplo
2625 573 2808 644 igitur
2837 570 3037 626 doceri
3075 569 3256 626 debes
3284 571 3511 626 duabus
3539 572 3773 628 naturis

347 665 663 742 περιπίπτει
687 668 758 739 τῇ
818 660 995 739 ὕϐρει,
1054 665 1091 734 ἡ
1147 660 1203 719 δὲ
1262 662 1415 739 ἑτέρα
1463 662 1670 733 ταύτην
1703 659 2001 740 διαφεύγει.

351 755 448 813 Καὶ
481 755 508 809 6
538 749 797 830 Ἐϐραῖος
824 747 949 825 ἔφη·
1001 750 1299 812 ’Δδύνατόν
1353 750 1465 807 ἐστι
1522 749 1709 806 πεῖσαί
1743 771 1810 825 με
1839 750 1891 806 ἐν
1924 751 2003 806 ἑνὶ

348 842 445 900 δύο
514 843 651 898 εἶναί
710 864 851 914 τινα,
906 843 995 898 καὶ
1055 843 1169 916 ἅμα
1248 843 1342 915 μὲν
1398 839 1717 917 κατέχεσθαι
1776 835 1889 913 ἅμα
1947 837 2003 896 δὲ

345 936 605 1008 πάσχειν,
660 934 748 987 καὶ
807 929 862 987 ’ἐν
938 931 1146 987 τούτων
1199 933 1301 1001 τὴν
1367 926 1524 1006 ὕϐριν
1584 929 1889 1004 ὑπομένειν.
1940 930 2002 988 Ὁ

345 1021 500 1096 ἅγιος
554 1017 888 1097 Σίλϐεστρος
929 1020 1096 1076 εἶπενθ
1126 1022 1347 1091 Ἄκουε,
1399 1021 1444 1074 ὦ
1496 1013 1731 1095 Ἐὖραῖεο
1766 1016 1999 1073 Δυνατόν

347 1111 461 1168 ἐστι
492 1112 551 1165 τὸ
585 1105 801 1186 δένδρον
835 1103 963 1185 ἕχον
1024 1108 1076 1165 ἐν
1131 1110 1307 1181 ἑαυτῷ
1357 1110 1458 1179 τὴν
1488 1109 1674 1163 ἀκτῖνα
1702 1112 1801 1162 τοῦ
1830 1106 1999 1177 ἡλίου

343 1202 665 1274 τμηθῆναι;
726 1197 909 1275 Θάῥρα
965 1198 1132 1274 λέγει.
1212 1197 1442 1253 Δυνατόν
1501 1195 1665 1252 ἐστιν.
1725 1197 1786 1252 Ὁ
1840 1195 1999 1270 ἅγιος

343 1282 678 1359 Σίλϐεστρος
737 1282 862 1363 ἔφη·
926 1289 1109 1359 Δεῖξον
1163 1287 1300 1359 ἡμῖν
1355 1286 1454 1355 τὴν
1502 1286 1866 1339 ἀποκοπεῖσαν
1899 1287 1997 1339 τοῦ

342 1376 511 1447 ἡλίου
570 1378 761 1432 ἀκτῖνα
816 1374 867 1430 ἐν
903 1379 983 1449 τῷ
1037 1374 1318 1447 τέμνεσθαι
1378 1375 1532 1431 αὐτό.
1581 1378 1691 1429 Τοῦ
1731 1371 1788 1428 δὲ
1819 1372 1999 1448 Θάῥρα

344 1472 637 1535 σιωῶντος,
671 1464 699 1520 6
732 1466 882 1542 ἅγιος
931 1460 1264 1539 Σίλϐεστρος
1297 1460 1420 1542 ἔφη’
1455 1462 1581 1539 Οὐχ
1607 1463 1736 1539 ὁρᾷς
1782 1463 1864 1517 ’ὸτι
1894 1464 1994 1532 τὴν

348 1556 567 1634 πληγὴν
594 1560 693 1611 τοῦ
722 1554 1011 1628 τέμνοντος
1054 1550 1282 1629 σιδήρου
1336 1555 1371 1623 ἡ
1425 1553 1577 1616 ἀκτὶς
1628 1552 1822 1624 πρώτη
1857 1552 1996 1605 ὑπο-

351 1643 584 1721 δέχεται,
616 1642 743 1720 πρὶν
776 1643 811 1713 ἢ
841 1643 903 1698 τὸ
961 1642 1122 1713 ξύλον
1183 1639 1579 1712 ὑποδέξασθαι;
1611 1642 1675 1697 Ἠ
1734 1636 1792 1695 δὲ
1845 1638 1995 1712 λαμ-

344 1730 533 1804 πηδὼν
579 1731 758 1787 καίτοι
810 1730 921 1786 ἐκεῖ
967 1729 1099 1785 οὖσα
1147 1731 1273 1785 οὗτε
1316 1736 1599 1804 τμηθῆναι
1649 1724 1772 1783 οὕτε
1804 1725 1993 1782 διακο-

340 1831 511 1894 πῆναι
543 1822 786 1879 δύναται.
821 1822 1008 1885 Οὕτως
1062 1820 1242 1876 τοίνυν
1296 1821 1388 1876 καὶ
1448 1822 1482 1889 ὴ
1537 1819 1727 1890 θεότης
1784 1819 1993 1893 ἀχώρι-

339 1935 466 1976 στος
496 1917 592 1968 τοῦ
643 1910 1007 1986 Ἐμμανουὴλ
1064 1910 1199 1965 οὖσα
1251 1911 1437 1964 παθεῖν
1490 1906 1527 1978 ἤ
1584 1913 1861 1983 τμηθῆναι
1892 1906 1991 1962 οὐκ
2022 1950 2069 2016 Β

352 2004 366 2016 ι
385 2000 441 2016 δ’
664 2006 703 2016 σ-
741 2004 766 2016 u
914 1998 958 2016 εις
1040 1999 1054 2016 ο
1116 1997 1126 2016 Ι
1374 2002 1401 2013 ο
1546 1998 1588 2016 1-
1726 1995 1751 2016 ΩΙ
1895 2000 1920 2016 Λ
1941 1997 1953 2016 ι

338 2000 598 2073 ἠδύνατο.
664 2004 835 2056 Τοῦτο
912 1998 968 2056 δὲ
1035 1997 1264 2054 ὑπέπεσε
1334 2002 1413 2071 τῷ
1486 1998 1644 2062 πάθει
1721 1995 1751 2051 6'
1824 1997 1988 2051 καθά-

336 2113 437 2166 περ
470 2091 535 2148 τὸ
579 2091 741 2163 ξύλον
801 2088 890 2144 καὶ
948 2086 1166 2159 δεθῆναι
1222 2086 1311 2144 καὶ
1367 2091 1705 2162 κρατηθῆναι
1732 2084 1989 2167 ἠδύνατο.

338 2182 437 2238 Διά
493 2182 596 2257 γὰρ
657 2184 818 2236 τοῦτο
875 2179 1203 2250 κατηξίωσεν
1267 2179 1295 2234 6
1351 2177 1557 2253 Κύριος
1616 2172 1991 2241 ἀπολαϐἑσθαι

336 2271 508 2348 σάρκα
538 2264 723 2325 ἔννουν
751 2268 842 2324 καὶ
874 2265 1125 2348 ἔμψυχον
1162 2267 1222 2322 ἐκ
1267 2270 1366 2323 τοῦ
1412 2268 1688 2342 ἡμετέρου
1737 2268 1990 2345 φυράμα-

333 2382 450 2429 τος,
478 2357 571 2414 ’ίνα
619 2356 914 2421 κοινωνοὺς
972 2359 1121 2431 ἡμᾶς
1180 2356 1321 2421 θείας
1377 2356 1749 2433 ἀπεργάσηται
1781 2354 1990 2433 φύσεως

334 2452 427 2505 καὶ
489 2449 663 2524 ὲνώσῃ
722 2448 899 2521 ἑαυτῴ
949 2448 1049 2516 τὴν
1102 2443 1373 2520 ἡμετέραν
1435 2444 1615 2525 φύσιν.
1668 2446 1904 2503 Ἕνωσιν
1936 2442 1993 2500 δὲ

336 2539 487 2614 λέγω
520 2537 834 2615 ἀσόγχυτον
873 2535 964 2591 καὶ
1024 2535 1285 2611 ἄτρεπτον
1324 2535 1411 2590 καὶ
1473 2532 1872 2604 ἀναλλοίωτον,
1898 2533 1990 2589 καὶ

336 2628 403 2699 ἦν
461 2630 627 2701 μόνος
683 2625 845 2688 αὐτὸς
903 2624 1204 2681 ἐπίσταται.
1252 2623 1600 2699 ’Δποκριθεῖς
1657 2621 1717 2679 δὶ
1774 2621 1992 2695 Σιμεὼν

336 2720 505 2776 εἶπεν.
564 2718 626 2775 Εἰ
689 2718 811 2790 περί
866 2720 963 2771 τοῦ
1022 2712 1285 2791 ὑμετέρου
1340 2717 1577 2791 Χριστοῦ
1628 2715 1679 2768 οἱ
1728 2715 1989 2789 ἡμέτεροι

334 2815 614 2887 προφῆται
672 2807 1102 2884 προεφήτευσαν,
1160 2804 1255 2867 τὰς
1330 2803 1503 2865 αἰτίας
1568 2809 1670 2873 τῆς
1720 2803 1988 2873 τοσαύτης

333 2894 562 2974 ὕϐρεως,
621 2900 721 2953 τοῦ
778 2894 1118 2970 ἐμπαιγμοῦ,
1177 2898 1274 2949 τοῦ
1331 2893 1535 2957 πάθους
1601 2891 1692 2947 καὶ
1738 2895 1835 2947 τοῦ
1894 2903 1991 2956 θα-

329 2987 489 3044 νάτου
548 2983 904 3061 διασάφησον,
962 2986 1054 3040 ’ἱνα
1116 2988 1306 3040 τοῦτον
1371 2985 1507 3040 εἶναι
1563 2982 1656 3039 τὸν
1718 2981 1988 3061 ἐπηγγελ-

340 3075 491 3149 μένον
522 3074 759 3151 Χριστὸν
816 3073 907 3129 καὶ
959 3074 1125 3147 ἡμεῖς
1167 3068 1281 3145 ἅμα
1338 3072 1469 3147 ὑμῖν
1518 3072 1984 3147 ὁμολογήσωμεν.

338 3165 398 3217 '0
453 3164 607 3242 ’ἅγιος
661 3156 999 3237 Σίλϐεστρος
1059 3159 1183 3243 ἔφη’
1240 3163 1328 3235 Ἐξ
1385 3162 1567 3238 ἀρχῆς
1622 3164 1719 3216 τοῦ
1768 3161 1988 3232 αἰῶνος,

2114 663 2337 719 unione
2369 662 2710 719 constrictis
2735 662 2987 718 alteram
3021 661 3315 733 supplicio
3346 661 3775 734 subjici,altera

2113 751 2172 807 id
2229 752 2565 824 eﬂ‘ugiente.
2628 751 2909 806 Hebrmus
2966 751 3153 806 dixit:
3218 750 3570 806 Persuaderi
3624 752 3772 807 mihi

2112 842 2279 898 nullo
2338 840 2515 897 modo
2565 846 2780 914 potest,
2844 842 2905 895 in
2963 855 3099 896 uno
3145 855 3276 895 esse
3324 841 3442 896 duo
3473 840 3773 911 quadam,

2111 932 2327 1004 quibus
2367 931 2547 986 simul
2595 931 2934 986 constrictis
2988 936 3166 1002 atque
3213 930 3444 1001 aliquid
3493 932 3777 1002 patienti-

2110 1020 2220 1075 bus
2278 1020 2530 1075 alterum
2578 1024 2995 1075 tantummodo
3079 1020 3233 1075 male
3298 1024 3603 1076 tractetur.
3666 1020 3775 1075 Sil—

2109 1114 2339 1165 vester:
2398 1109 2572 1175 Audi,
2633 1110 2894 1164 Hebrtee.
2969 1112 3248 1165 Potestne
3318 1109 3496 1165 arbor
3552 1110 3768 1177 scindi,

2109 1200 2171 1256 in
2202 1216 2380 1272 quam
2412 1201 2554 1255 solis
2584 1199 2735 1255 radii
2768 1199 3080 1254 incidunt?
3126 1200 3378 1256 Tharras
3408 1199 3511 1266 ait,
3545 1200 3767 1254 Potest.

2109 1290 2423 1347 Silvester:
2457 1289 2714 1345 Ostende
2746 1288 2891 1343 mihi
2919 1289 3021 1343 ubi
3052 1288 3254 1343 radius
3287 1288 3431 1343 solis
3466 1287 3765 1343 abscissus

2108 1381 2206 1449 sit,
2256 1379 2397 1435 dum
2456 1379 2633 1434 arbor
2687 1378 3037 1434 secaretur?
3093 1378 3307 1433 silente
3362 1378 3584 1432 Tharra
3636 1378 3765 1433 huic

2107 1469 2376 1525 addidit:
2410 1470 2615 1523 Nonne
2645 1467 2809 1523 vides
2866 1468 3049 1522 ictum
3110 1467 3439 1523 scindentis
3467 1466 3609 1521 ferri
3641 1467 3767 1537 pri-

2105 1575 2269 1615 mum
2301 1574 2334 1613 a
2363 1558 2527 1613 radio
2558 1556 2772 1628 excipi,
2804 1562 3127 1628 antequam
3158 1557 3209 1611 is
3248 1557 3400 1611 ictus
3431 1556 3506 1611 ad
3534 1556 3764 1628 lignum

2103 1648 2447 1722 pertingat‘?
2503 1649 2568 1701 Et
2626 1652 2825 1701 tamen
2883 1646 3075 1718 fulgor
3123 1646 3225 1716 qui
3289 1645 3371 1700 ibi
3404 1650 3513 1710 est,
3567 1661 3765 1716 neque

2104 1736 2291 1793 secari
2323 1752 2517 1807 neque
2548 1734 2739 1790 scindi
2766 1740 2981 1806 potest.
3027 1735 3121 1789 Sic
3168 1740 3227 1788 et
3273 1734 3471 1789 Deitas
3518 1750 3655 1788 eum
3687 1733 3761 1789 ab

2101 1825 2488 1880 Emmanuele
2546 1823 2748 1879 divelli
2802 1840 2925 1878 non
2983 1823 3191 1894 possit,
3250 1824 3373 1894 pati
3424 1828 3625 1879 tamen
3657 1830 3761 1879 aut

2102 1915 2290 1972 scindi
2337 1916 2564 1986 nequit.
2618 1915 2681 1969 Id
2727 1914 2903 1969 modo
2951 1912 3441 1985 perpessionibus
3471 1914 3539 1968 fit
3567 1912 3756 1969 obno-

2099 2007 2285 2073 xium,
2344 2003 2503 2075 quod
2555 2004 2743 2058 instar
2794 2003 2940 2075 ligni
2992 2002 3162 2057 istius
3219 2001 3647 2073 comprehendi
3696 2008 3757 2057 et

2099 2094 2306 2149 vinciri
2336 2097 2551 2165 potest,
2610 2094 2834 2148 Idcirco
2894 2092 3056 2147 enim
3113 2091 3390 2164 dignatus
3448 2096 3537 2147 est
3600 2093 3756 2147 Deus

2098 2184 2429 2240 humanum
2462 2198 2677 2253 corpus
2707 2183 2908 2237 anima
2930 2187 2989 2236 et
3010 2186 3209 2237 mente
3238 2181 3556 2253 praeditum
3586 2197 3759 2238 assu-

2097 2290 2259 2330 mere
2287 2272 2359 2328 de
2390 2276 2597 2328 nostra
2624 2287 2842 2339 massa,
2868 2274 2935 2326 ut
2958 2286 3068 2327 nos
3093 2270 3307 2327 divina;
3330 2276 3558 2326 naturae
3578 2271 3760 2327 faciat

2095 2363 2414 2437 participes
2447 2377 2769 2433 secumque
2790 2365 3059 2416 nostram
3085 2360 3253 2415 uniat
3281 2365 3579 2415 naturam.
3607 2360 3753 2416 Uni-

2096 2454 2321 2509 tionem
2354 2455 2553 2507 autem
2585 2450 2717 2505 dico
2762 2450 3129 2505 confusionis
3178 2454 3239 2504 et
3283 2448 3632 2505 mutationis
3664 2465 3757 2505 ex-

2095 2548 2325 2615 pertem
2358 2541 2592 2613 ipsique
2625 2540 2735 2603 soli
2769 2538 3089 2611 cognitam.
3117 2540 3445 2611 Respondit
3472 2540 3752 2594 Simeon:

2096 2632 2153 2686 Si
2180 2631 2253 2686 de
2283 2636 2486 2685 vestro
2514 2629 2747 2685 Christo
2777 2629 2967 2683 nostri
2989 2634 3151 2683 vates
3171 2628 3537 2694 cecinerunt,
3558 2642 3767 2684 causas

2096 2720 2242 2777 mihi
2264 2720 2496 2791 aperias
2515 2719 2671 2773 400
2681 2718 2855 2772 velim
2869 2734 2975 2773 cur
2990 2719 3040 2772 is
3058 2721 3144 2772 tot
3157 2716 3391 2787 injuriis
3404 2716 3561 2772 affici
3578 2716 3753 2772 illudi

2095 2809 2348 2865 cruciari
2380 2825 2447 2864 ac
2478 2807 2631 2863 mori
2662 2806 2956 2875 debuerit,
3001 2811 3068 2861 ut
3106 2822 3241 2861 eum
3273 2821 3402 2861 esse
3434 2806 3616 2861 istum
3651 2806 3754 2876 qui

2092 2898 2424 2972 promissus
2483 2902 2590 2963 est,
2650 2913 2761 2952 nos
2814 2912 3052 2969 quoque
3117 2896 3424 2951 vobiscum
3480 2895 3755 2952 confiteri

2095 2989 2415 3061 possimus.
2475 2987 2795 3042 Silvester:
2846 2986 2933 3041 Ab
2991 2984 3235 3041 exordio
3268 2984 3498 3054 mundi,
3533 3001 3603 3041 ex
3634 3001 3752 3056 quo

2096 3078 2318 3134 invidia
2339 3075 2556 3133 diaboli
2578 3077 3019 3132 circumventus
3036 3076 3215 3131 homo
3234 3074 3510 3147 paradiso
3533 3074 3584 3147 ej
3594 3080 3758 3130 ectus

2096 3168 2392 3238 mortique
2424 3165 2697 3221 addictus
2755 3166 2887 3234 fuit,
2949 3180 3020 3220 ex
3076 3169 3198 3221 tota
3244 3165 3492 3221 humani
3520 3163 3758 3237 generis

334 3253 431 3332 ἀφ’
461 3253 521 3307 οὗ
551 3251 823 3330 ἅνθρωπος
880 3251 940 3307 ἐκ
983 3254 1081 3306 τοῦ
1137 3247 1468 3325 παραδείσου
1503 3248 1688 3330 φθόνῳ
1720 3244 1985 3304 διαϐόλου

2098 3272 2296 3312 massa
2323 3256 2729 3311 Abrahamum
2760 3259 3032 3310 sanctum
3083 3258 3143 3308 et
3181 3253 3420 3309 ﬁdelem
3450 3258 3756 3324 repertum

332 3315 597 3413 ἐξεϐλήθη
641 3315 744 3397 ’καὶ
800 3339 1010 3413 θανάτῳ
1066 3315 1453 3411 κατεδικάσθη,
1510 3315 1569 3393 έκ
1605 3315 1702 3393 τόδ
1731 3338 1979 3417 φυράμαο

2097 3348 2251 3401 Deus
2289 3346 2404 3400 ista
2456 3344 2855 3417 promissione
2913 3343 3188 3416 dignatus
3219 3348 3330 3410 est,
3361 3343 3487 3398 fore
3519 3315 3585 3397 ut
3624 3344 3755 3414 ejus

325 3453 419 3495 τος
466 3432 643 3501 πάσης
698 3430 1120 3507 ἀνθρωπότητος
1178 3425 1433 3503 Ἀϐραὰμ
1488 3423 1643 3504 ἅγιος
1672 3429 1763 3482 καὶ
1794 3427 1988 3491 πισκὸς

330 3521 565 3596 εὑρεθεὶς
619 3519 815 3576 τούτου
898 3522 994 3574 τοῦ
1072 3517 1485 3594 ἐπαγγέλματος
1570 3517 1781 3588 ἠξιώθη
1837 3517 1984 3591 παρὰ

328 3618 488 3683 Θεοῦ,
542 3615 641 3668 τοῦ
696 3610 745 3666 ἐν
824 3615 905 3683 τῷ
960 3611 1229 3685 σπέρματι
1286 3607 1452 3664 αἴ)τοῦ
1508 3607 1983 3684 ιῦλογηθήσεσθαι

325 3702 497 3757 πάντα
526 3702 593 3756 τὰ
641 3698 792 3771 ἔθνη,
851 3698 1137 3775 Ἐκλεγεὶς
1191 3697 1282 3752 οὖν
1346 3695 1436 3752 διὰ
1492 3698 1591 3765 τὴν
1617 3700 1717 3763 τῆς
1747 3697 1983 3759 πίστεως

326 3791 477 3862 ἀξίαν
534 3788 787 3868 ἐγέννησε
870 3789 961 3845 τὸν
1047 3788 1249 3857 Ἰσαὰκ,
1334 3787 1424 3841 καὶ
1498 3787 1676 3842 Ἰσαὰκ
1731 3784 1983 3860 ἐγέννησε

322 3881 415 3935 τὸν
477 3873 693 3937 Ἰακώϐ.
754 3879 855 3935 Καὶ
918 3877 1093 3940 οὕτως
1154 3874 1434 3950 ἄμεμπτοι
1491 3875 1785 3951 εὑρέθησαν
1843 3873 1982 3929 ὥστε

324 3972 419 4025 τὸν
450 3971 861 4043 παντοκράτορα
908 3970 1036 4024 Θεὸν
1092 3964 1382 4038 ἐνδιαθὲτῳ
1430 3964 1552 4039 ἀξίῃ
1590 3962 1886 4039 βούλεσθαι
1916 3964 1978 4017 τὸ

322 4057 463 4115 ἴδιον
498 4058 671 4133 ὄνομα
700 4057 751 4113 έν
782 4059 865 4132 [Ρ.
896 4058 1024 4131 280]
1052 4057 1270 4120 τούτοις
1313 4054 1692 4128 ὀνομάζεσθαι,
1726 4054 1976 4127 λέγοντα·

324 4149 471 4223 Ἐγώ
504 4147 618 4221 εἶμι
652 4148 680 4202 6
739 4147 870 4210 Θεὸς
927 4141 1198 4221 Ἀϐραὰμ,
1256 4145 1345 4199 καὶ
1380 4146 1408 4198 6
1439 4144 1570 4204 Θεὸς
1600 4143 1801 4210 Ἰσαὰκ,
1828 4143 1913 4197 καὶ
1950 4142 1978 4196 6

326 4240 458 4301 Θεὸς
518 4232 735 4296 Ἰακώϐο
794 4236 955 4292 τοῦτό
1018 4257 1110 4309 μοι
1169 4234 1341 4309 ὃνομα
1396 4234 1617 4289 αἰώνιον
1673 4233 1749 4296 εἷς
1791 4233 1980 4312 γενεὰς

322 4333 538 4401 γενεῶν.
591 4326 926 4407 Ἀνεφῦησαν
988 4325 1078 4380 οὖν
1142 4324 1331 4393 αἰτίαι,
1393 4321 1452 4386 ἃς
1507 4328 1599 4377 νῦν
1660 4324 1862 4398 μακρὸν
1916 4322 1977 4378 ἂν

321 4418 408 4489 εἴη
442 4415 779 4492 καταλέγειν,
813 4414 952 4471 ὥστε
999 4415 1125 4477 τοὺς
1185 4414 1336 4477 υἱοὺς
1393 4408 1646 4489 ’Λϐραάμ
1696 4412 1978 4477 κατελθεῖν

321 4509 373 4563 ἐν
409 4513 483 4584 γῇ
545 4508 810 4583 Αἷγύπτῳ
868 4506 971 4560 ὑπὸ
1030 4506 1128 4571 τὴν
1192 4500 1470 4579 βασιλείαν
1526 4504 1749 4577 Φαραώ.
1802 4500 1979 4560 Ἀλλά

322 4595 669 4671 μεμνημένος
698 4603 797 4666 τῆς
847 4596 1039 4651 ἑαυτοῦ
1071 4591 1392 4670 ἐπαγγελίας
1448 4593 1477 4646 6
1534 4593 1665 4654 Θεὸς
1723 4590 1976 4669 ἐξήγαγεν

2091 3451 2298 3491 semen
2328 3434 2605 3489 omnibus
2634 3433 2873 3506 populis
2903 3433 3251 3488 beatitatem
3289 3432 3658 3489 conciliaret.
3698 3434 3756 3487 Is

2089 3541 2227 3597 ergo
2258 3524 2332 3579 ob
2364 3524 2505 3578 fidei
2532 3523 2882 3595 dignitatem
2943 3523 3170 3578 electus
3223 3522 3494 3577 Isaacum
3525 3521 3752 3593 genuit,

2090 3615 2325 3670 Isaacus
2354 3613 2656 3669 Iacobum.
2711 3614 2798 3667 Ita
2857 3618 3059 3668 autem
3118 3611 3455 3682 inculpatos
3503 3626 3632 3666 sese
3664 3611 3755 3666 illi

2088 3708 2421 3777 gesserunt,
2454 3707 2519 3757 ut
2550 3718 2687 3757 eum
2735 3704 2892 3757 Deus
2942 3701 3320 3772 omnipotens
3365 3701 3629 3756 nominis
3660 3702 3754 3756 sui

2089 3794 2439 3865 dignitatem
2472 3806 2749 3863 expresse
2781 3796 3056 3847 testatam
3086 3790 3267 3846 vellet
3293 3790 3509 3860 facere,
3543 3806 3751 3845 eorum

2089 3899 2153 3938 se
2186 3888 2370 3936 Deum
2411 3896 2542 3936 esse
2600 3881 2839 3945 dixerit,
2898 3881 3037 3951 Ego,
3088 3880 3389 3951 inquiens,
3429 3894 3562 3933 sum
3593 3880 3749 3936 Deus

2088 3971 2432 4039 Abrahami,
2494 3971 2649 4025 Deus
2716 3970 2924 4035 Isaaci,
2962 3985 3037 4034 _ac
3074 3970 3227 4024 Deus
3256 3968 3477 4024 Jacobi.
3511 3969 3631 4023 Hoc
3662 3974 3752 4023 est

2086 4077 2307 4117 nomen
2353 4076 2554 4117 meum
2613 4061 3043 4131 sempiternum
3074 4076 3183 4131 per
3212 4074 3419 4114 omnes
3449 4064 3655 4114 mtates
3676 4058 3747 4115 ’3.

2087 4152 2288 4206 Causae
2309 4150 2560 4223 proinde
2582 4151 2957 4213 exstiterunt,
2984 4162 3132 4219 quas
3161 4149 3257 4203 hic
3278 4164 3749 4205 commemorare

2086 4242 2384 4316 prolixum
2428 4242 2525 4309 sit,
2578 4246 2821 4313 propter
2880 4256 3027 4311 quas
3082 4240 3304 4311 posteri
3336 4240 3655 4295 Abrahami
3688 4241 3751 4296 in

2086 4332 2397 4404 Egyptum
2429 4329 2795 4385 devenerunt
2822 4344 3124 4401 regnoque
3174 4328 3499 4383 Pharaonis
3526 4328 3749 4384 subditi

2084 4419 2347 4475 fuerunt.
2380 4417 2494 4474 Sed
2542 4433 2788 4473 suorum
2846 4433 3078 4471 memor
3132 4417 3561 4488 promissorum
3593 4418 3749 4473 Deus

2086 4509 2230 4565 inde
2262 4525 2362 4565 eos
2393 4507 2601 4564 eduxit
2631 4524 2812 4563 manu
2842 4507 3038 4563 valida
3095 4512 3448 4579 exsertaque
3479 4506 3745 4578 brachio,

2087 4599 2260 4655 sicuti
2294 4615 2503 4653 omnes
2532 4598 2742 4653 nostis.
2768 4599 2982 4653 Postea
3006 4598 3294 4669 temporis
3325 4613 3397 4652 ex
3425 4598 3747 4654 Abrahami

318 4688 517 4750 αὐτοὺς
578 4687 777 4743 ἐκεῖθεν
833 4688 884 4741 ἐν
949 4685 1096 4762 χειρὶ
1171 4687 1399 4760 κραταιᾷ
1455 4684 1543 4739 καὶ
1612 4682 1664 4738 ἰν
1723 4683 1980 4759 βραχίονι

2095 4690 2313 4744 semine
2346 4686 2800 4758 Christus,quod
2824 4686 2897 4742 ad
2919 4702 3161 4742 carnem
3194 4688 3423 4756 attinet,
3448 4692 3624 4744 natus
3657 4693 3748 4743 est

323 4776 548 4853 ὑψηλῷ,
577 4776 762 4855 καφὼς
795 4775 991 4838 πάντες
1047 4774 1180 4830 ἴστε.
1238 4774 1494 4849 Ὕστερον
1552 4770 1608 4827 δὲ
1647 4771 1706 4827 ἐκ
1732 4775 1975 4846 σπέρμα-

317 4891 411 4931 τος
470 4863 748 4941 Ἀϐραὰμ,
807 4866 870 4920 τὸ
925 4864 1063 4920 κατὰ
1116 4865 1307 4939 σάρκα,
1357 4862 1555 4937 ἐτέχθη
1617 4862 1644 4915 6
1698 4863 1815 4922 υἱὸς
1879 4865 1976 4916 τοῦ

319 4962 478 5028 Θεοῦ,
514 4956 575 5012 ἐκ
614 4962 716 5027 τῆς
775 4955 930 5028 ἀγίας
991 4953 1286 5029 Παρθένου,
1340 4949 1433 5006 ’ίνα
1486 4954 1651 5022 ἡμεῖς
1683 4950 1980 5025 ἀναγεννη-

318 5049 502 5121 θῶμεν
532 5045 593 5101 ἐκ
637 5044 870 5121 γαστρὸς
928 5050 1029 5112 τῆς
1086 5040 1351 5116 παρθένου
1410 5037 1758 5109 Ἐκκλησίας.
1795 5041 1979 5095 Ἐπει-

320 5138 515 5212 ράσθη,
563 5132 653 5191 ’ίνα
707 5136 872 5206 ἡμεῖς
930 5130 1321 5206 λυτρωθῶμεν.
1381 5127 1650 5204 Ἐπράθη,
1696 5128 1787 5183 ἳνα
1828 5130 1977 5201 ἡμᾶς

317 5227 641 5302 ἐξαγοράσῃ.
675 5220 1061 5281 Έταπείνωσεν
1095 5220 1304 5286 ἑαυτὸν,
1340 5217 1431 5274 ’ίνα
1490 5221 1638 5292 ἡμᾶς
1698 5219 1976 5293 ἀνυψώσῃ.

311 5317 626 5391 Ἑκρατήθη
687 5314 833 5388 παρά
911 5312 1232 5387 ἀνθρώπων,
1285 5307 1375 5364 ἵνα
1430 5311 1578 5382 ἡμᾶς
1635 5307 1974 5385 ἑλευτερώσῃ

314 5414 417 5476 τῆς
472 5408 582 5459 τῶν
644 5400 922 5475 δαιμόνων
976 5398 1390 5475 αἲχμαλωσίας.
1450 5398 1723 5473 Ἔσχατον
1791 5396 1842 5452 ἐν
1897 5404 1977 5471 τῷ

314 5496 465 5570 ξύλῳ
520 5498 619 5550 τοῦ
678 5495 914 5566 σταυροῦ
970 5489 1285 5559 ἐθυσιάσθη,
1338 5485 1426 5543 ’ίνα
1481 5489 1581 5555 τὴν
1637 5491 1735 5542 τοῦ
1772 5490 1974 5551 παντὸς

313 5586 527 5659 κόσμου
558 5582 828 5658 ἁμαρτίαν
872 5577 1174 5653 ἀπαλείψῃ.
1225 5580 1466 5647 Ἀνεστη,
1516 5576 1607 5631 ἳνα
1657 5580 1791 5650 ἡμῖν
1825 5580 1971 5648 ζωήν

385 5765 433 5803 ⁸³
457 5764 644 5823 Exod.
679 5779 767 5835 III,
799 5765 852 5820 6.

2089 4778 2160 4833 de
2192 4776 2366 4833 beata
2396 4777 2657 4850 Virgine,
2715 4776 2801 4831 uti
2860 4792 2970 4831 nos
3010 4776 3082 4831 de
3112 4792 3266 4832 novo
3295 4777 3455 4848 virgo
3484 4776 3748 4833 Ecclesia

2087 4867 2373 4939 gigneret.
2408 4866 2689 4920 Tentatus
2722 4868 2831 4930 est,
2874 4868 2942 4918 ut
2969 4879 3079 4918 nos
3138 4864 3570 4933 liberaremur;
3602 4880 3744 4919 ven-

2089 4954 2269 5022 ditus,
2301 4958 2365 5008 ut
2396 4969 2505 5009 nos
2536 4953 2892 5020 redimeret;
2927 4969 2988 5008 se
3021 4953 3219 5025 ipsum
3251 4954 3516 5023 demisit,
3538 4960 3606 5008 ut
3633 4970 3742 5009 nos

2088 5044 2431 5113 attolleret;
2488 5049 2696 5115 captus
2752 5046 2842 5098 est
2896 5043 2969 5098 ab
3035 5043 3400 5110 hominibus,
3446 5047 3514 5097 ut
3568 5058 3679 5097 nos
3710 5058 3746 5097 a

2091 5134 2432 5190 daemonum
2487 5132 2824 5205 captivitate
2863 5132 3170 5200 liberaret,
3203 5132 3461 5201 denique
3491 5131 3551 5185 in
3582 5130 3742 5203 ligno

2088 5221 2282 5278 crucis
2311 5237 2418 5294 pro
2459 5221 2700 5278 victima
2746 5220 2985 5277 oblatus
3036 5227 3146 5286 est,
3196 5225 3263 5273 ut
3308 5219 3489 5273 totius
3532 5218 3741 5273 mundi

2087 5318 2328 5385 peccata
2356 5312 2639 5384 expiaret.
2668 5312 2814 5366 491
2849 5311 2915 5363 In
2941 5310 3118 5363 vitam
3142 5324 3172 5362 e
3196 5307 3442 5362 mortuis
3472 5306 3748 5374 rediit,ut

2086 5401 2260 5457 nobis
2291 5400 2465 5456 vitam
2500 5400 2834 5473 largiretur.
2874 5400 2939 5452 In
2971 5396 3185 5451 ctrlum
3216 5395 3504 5463 ascendit,
3535 5402 3603 5451 ut
3631 5414 3742 5454 nos

2086 5508 2287 5548 secum
2319 5492 2612 5547 eveheret.
2646 5487 2824 5543 Sedet
2851 5502 3009 5541 nunc
3061 5485 3136 5540 ad
3184 5484 3492 5541 dexteram
3524 5488 3739 5554 Patris,

2090 5586 2156 5635 ut
2186 5580 2464 5636 ﬁdelibus
2496 5577 2875 5651 precantibus
2922 5579 3168 5631 annuat.
3203 5573 3411 5630 Veniet
3440 5581 3642 5632 autem
3675 5577 3741 5634 in
