4144 6428
325 403 442 463 535

1683 400 2006 466 GEORGII
2051 404 2394 471 CEDRENI

3632 414 3754 474 536

328 534 447 589 fine
480 534 689 589 mundi
713 534 1049 605 judicatum
1080 535 1239 589 vivos
1270 539 1327 587 et
1354 539 1643 603 mortuos,
1667 549 1734 589 ac
1765 535 1979 606 cuique

2098 536 2374 614 παράσχῃ.
2401 537 2594 613 Ἀνέϐη
2630 542 2707 607 εἷς
2763 541 3043 617 οὐρανοὺς,
3098 539 3188 596 ’ἱνα
3242 543 3395 615 ἡμᾶς
3435 543 3752 617 συνυῴώσῃ.

329 622 571 695 dignam
604 624 728 679 suis
754 624 924 679 factis
953 623 1288 678 mercedem
1318 621 1683 680 redditurus.

2092 625 2337 697 Κάθηται
2377 634 2468 683 νῦν
2520 629 2581 686 ἐκ
2635 628 2820 704 δεξιῶν
2852 635 2950 686 τοῦ
2979 631 3214 705 ῙΙατρὸς,
3242 628 3336 685 ’ἱνα
3361 635 3481 694 ταῖς
3511 630 3756 702 Ἐκκλη-

327 708 468 772 σίαις
497 715 608 766 τῶν
639 714 847 765 πιστῶν
878 710 1116 784 ὲπινεύῃ.
1148 707 1459 765 Ἐλεύσεται
1489 706 1547 765 δὲ
1578 709 1668 765 ἐπὶ
1699 709 1983 785 συντελείᾳ
2008 718 2117 769 τῶν
2166 716 2380 773 αἰώνων
2426 724 2610 793 κρῖναι
2669 725 2874 790 ζῶντας
2926 721 3015 775 καὶ
3072 719 3296 796 νεκροὺς
3328 720 3416 775 καὶ
3447 717 3743 776 ἀποδοῦναι

328 798 536 871 ἑκάστῳ
565 799 702 854 κατὰ
736 799 803 853 τὰ
831 798 959 873 ἔργά
988 798 1175 854 αὐτοῦ.
1798 862 1803 871 ε

398 891 543 946 Cum
599 890 980 945 disseruisset
1036 889 1266 961 prolixe
1312 890 1611 957 Silvester,
1644 891 1981 962 Christique

325 988 423 1035 res
454 996 523 1034 ex
549 978 732 1034 sacris
762 979 995 1034 Litteris
1017 979 1467 1035 accuratissime
1489 980 1980 1050 demonstrasset,

325 1069 629 1139 Judmique
652 1066 974 1123 admodum
1002 1073 1450 1139 superarentur,
1482 1069 1725 1139 quidam
1753 1085 1981 1135 eorum,

326 1156 601 1212 Zambres
631 1157 896 1224 nomine,
928 1156 1196 1228 reliquos
1232 1157 1467 1213 Judaaos
1501 1158 1584 1213 ita
1614 1163 1704 1213 est
1730 1159 1942 1214 affatus
1968 1175 1982 1213 :

327 1246 383 1301 Si
416 1246 677 1300 Silvestri
742 1262 1050 1301 sermones
1110 1246 1449 1316 admittitis,
1488 1263 1733 1303 necesse
1765 1253 1856 1303 est
1883 1265 1984 1303 vos

324 1334 484 1407 leges
542 1335 835 1405 majorum
894 1340 1226 1390 vestrorum
1293 1334 1592 1404 deserere,
1649 1352 1982 1409 vanumque

324 1423 630 1479 hominem
653 1424 845 1494 sequi,
868 1439 1047 1494 quem
1074 1424 1162 1478 illi
1193 1430 1385 1479 morte
1408 1424 1983 1491 multarunt,Verum

324 1512 473 1567 mihi
506 1513 833 1584 imperator
862 1513 1244 1585 obsequatur,
1269 1513 1597 1585 jubeatque
1636 1514 1830 1569 ferum
1857 1520 1983 1570 tau-

324 1618 457 1656 rum
515 1601 752 1669 adduci,
813 1606 878 1656 ut
935 1603 1045 1657 hac
1101 1619 1206 1674 ego
1263 1603 1359 1658 die
1416 1620 1614 1659 coram
1670 1604 1983 1659 ostendam

326 1695 551 1762 quanta
578 1692 666 1746 vis
697 1691 774 1746 sit
802 1691 1030 1746 nomini
1062 1693 1162 1746 Dei
1196 1692 1403 1749 nostri.
1439 1695 1564 1748 Non
1597 1693 1759 1748 enim
1790 1693 1982 1749 verbis

328 1780 432 1836 sed
463 1780 635 1836 factis
664 1781 972 1836 veritatem
1003 1781 1445 1839 demonstrabo.
1484 1782 1765 1837 Silvester
1792 1784 1983 1855 impe-

328 1876 588 1926 ratorem
620 1870 889 1926 hortatus
918 1877 984 1926 ut
1015 1876 1251 1927 taurum
1282 1872 1462 1927 talem
1477 1871 1721 1944 juberet
1743 1871 1980 1940 adduci,

2163 896 2288 952 Ἐπὶ
2318 898 2463 953 ποΛὸ
2494 896 2585 953 οὖν
2619 895 3005 974 διαλεχθέντος
3056 904 3154 954 τοῦ
3192 898 3349 976 ἁγίου
3383 893 3752 975 Σιλϐέστρου,

2092 988 2180 1037 καὶ
2233 985 2327 1038 σὺν
2380 985 2568 1060 πολλῇ
2602 982 2853 1062 ἀκριϐείᾳ
2907 984 3325 1049 ἀποδεικνύντος
3357 986 3417 1042 ἐκ
3443 992 3551 1042 τῶν
3586 987 3748 1043 θείων

2092 1076 2319 1150 Γραφῶν
2378 1075 2446 1129 τὰ
2501 1076 2626 1151 περὶ
2684 1080 2781 1130 τοῦ
2835 1079 3096 1150 Χριστοῦ,
3155 1077 3246 1130 καὶ
3304 1080 3413 1131 τῶν
3470 1073 3749 1133 Ἰουδαίων

2097 1162 2355 1239 μεγάλως
2409 1167 2779 1236 ἡττηθέντων,
2860 1162 2962 1237 ἔφη
3020 1187 3104 1225 τις
3174 1165 3226 1236 ἐξ
3284 1165 3459 1221 αὐτῶν
3519 1167 3750 1239 ὀνόματ.

2093 1237 2349 1319 Ζαμϐρῆς
2399 1245 2538 1321 πρὸς
2594 1247 2721 1307 τοὺς
2780 1245 3012 1310 λοιποὺς
3071 1244 3391 1309 Ἰουδαίους’
3450 1247 3509 1301 Εἰ
3555 1237 3753 1301 Σιλϐέ-

2093 1351 2255 1406 στρου
2343 1332 2529 1410 λόγοις
2610 1355 2933 1411 προσεχετε,
2992 1335 3195 1411 ἀνάγκη
3273 1335 3400 1398 τοὺς
3458 1337 3753 1411 πατρῴους

2095 1422 2300 1494 νόμους
2330 1429 2651 1479 καταλιπεῖν
2691 1425 2782 1479 καὶ
2834 1424 3152 1481 ἀκολουθεῖν
3204 1427 3477 1500 ἀνθρώπῳ
3511 1424 3756 1499 ματαίῳ,

2095 1510 2153 1564 δν
2213 1512 2267 1565 οἱ
2319 1513 2545 1587 πατέρες
2602 1515 2765 1586 ἡμῶν
2830 1512 3206 1571 κατεδίκασαν.
3262 1513 3415 1571 Ἀλλ’
3464 1513 3755 1569 ἀκουσάτω

2097 1620 2203 1673 μου
2255 1602 2283 1655 6
2341 1602 2618 1676 βασιλεὺς,
2677 1603 2766 1658 καὶ
2827 1603 3107 1679 ἐνεχθήτω
3135 1602 3333 1678 ταῦρος
3365 1600 3581 1679 ἄγριος,
3613 1600 3756 1658 ὥστε

2096 1710 2164 1762 με
2223 1687 2391 1762 δεῖξαι
2451 1693 2691 1766 σήμερον
2749 1693 2977 1748 ἐνώπιον
3034 1695 3201 1748 αὐτοῦ
3256 1694 3354 1759 τὴν
3389 1690 3620 1767 δύναμιν
3647 1697 3747 1747 τοῦ

2094 1777 2363 1852 ὀνόματος
2415 1784 2512 1835 τοῦ
2571 1784 2706 1836 Θεοῦ
2758 1784 2944 1854 ἡμῶν·
3006 1780 3133 1837 οὐδὲ
3190 1783 3296 1857 γὰρ
3343 1780 3433 1836 διά
3463 1782 3754 1857 ῥημάτων,

2094 1866 2238 1923 ἀλλὰ
2266 1866 2354 1923 διὰ
2403 1870 2737 1946 πραγμάτων
2806 1870 3080 1947 βούλομαι
3141 1869 3446 1936 δείκνυσθαι
3476 1873 3576 1940 τήν
3610 1872 3753 1942 ἀλή-

328 1959 569 2015 interim
599 1960 904 2015 Zambrem
936 1961 1263 2033 interrogat
1292 1978 1399 2016 cur
1429 1966 1665 2017 taurum
1695 1961 1983 2031 requirat.

2098 1958 2263 2017 θειαν.
2324 1959 2387 2021 Ὀ
2436 1952 2500 2014 δὲ’
2540 1954 2912 2035 Σίλϐρεστρος
2968 1960 3349 2036 παρακαλέσας
3392 1965 3640 2015 τοιοῦτον
3671 1958 3756 2015 ἐν·

339 2049 654 2105 Zambres:
688 2050 837 2115 Quia
866 2066 1085 2104 nomen
1134 2050 1325 2105 nostri
1369 2050 1472 2105 Dei
1521 2050 1690 2105 nulla
1718 2055 1992 2105 creatura

341 2137 549 2193 audire
579 2142 778 2209 potest
806 2139 952 2209 quin
983 2139 1293 2208 moriatur,
1324 2138 1454 2193 volo
1486 2139 1615 2211 ejus
1646 2140 1762 2194 vim
1788 2141 1849 2194 in
1880 2140 1991 2194 hoc

342 2232 509 2281 tauro
540 2233 744 2299 aperte
774 2234 1130 2284 monstrare.
1167 2230 1483 2284 Silvester:
1516 2229 1820 2294 Quomodo
1853 2246 1989 2302 ergo

337 2316 488 2371 illud
508 2333 730 2372 nomen
753 2322 817 2372 tu
841 2316 1097 2374 didicisti
1121 2318 1149 2372 ‘I
1165 2320 1245 2372 Ex
1269 2316 1550 2388 aliquone
1572 2318 1631 2372 id
1655 2317 1869 2373 audisti
1891 2323 1994 2373 aut

336 2405 579 2478 legisti?
606 2405 913 2461 Zambres:
946 2408 1147 2478 Neque
1173 2408 1378 2462 charta
1397 2423 1592 2479 neque
1613 2407 1766 2478 lapis
1798 2423 1990 2477 neque

335 2494 565 2567 lignum
599 2496 726 2567 ejus
776 2496 1036 2551 nominis
1080 2501 1171 2551 est
1224 2512 1430 2566 capax.
1477 2498 1594 2568 Ego
1625 2501 1825 2551 autem
1857 2513 1992 2551 cum

326 2584 723 2655 jejunassem,
757 2586 820 2640 in
850 2591 1191 2658 argenteam
1220 2586 1437 2657 pelvim
1481 2603 1693 2642 novam
1725 2588 1995 2643 immissa

336 2690 493 2745 aqua
522 2674 582 2729 id
607 2674 886 2730 addidici.
949 2675 1049 2729 His
1106 2675 1283 2731 dictis
1333 2677 1513 2731 simul
1546 2676 1725 2732 etiam
1758 2682 1993 2732 taurum

337 2766 510 2821 multi
545 2767 653 2822 viri
687 2768 950 2839 undique
987 2768 1229 2823 funibus
1260 2769 1519 2824 vinctum
1552 2771 1705 2826 492
1737 2775 1995 2825 attraxe-

338 2860 501 2922 runt,
556 2856 923 2912 ferissimum
955 2874 1023 2912 ac
1054 2858 1484 2929 praegrandem.
1529 2859 1612 2913 lbi
1647 2859 1994 2915 Silvestrum

341 2944 718 2999 subsannans
747 2945 1044 3014 Zambres,
1070 2948 1253 3015 Nunc,
1279 2947 1380 3015 ait,
1404 2947 1599 3003 verbis
1626 2948 1742 3003 tuis
1765 2964 1997 3002 eorum-

339 3049 454 3104 que
482 3034 844 3106 argumentis
867 3035 1002 3091 ﬁnis
1024 3036 1280 3091 advenit.
1306 3037 1364 3093 Si
1389 3038 1641 3093 confidis
1663 3038 1725 3092 in
1751 3036 1993 3092 nomine

340 3122 445 3178 Dei
507 3123 613 3188 tui,
673 3123 997 3195 pronuntia
1052 3125 1344 3198 agendum
1406 3126 1463 3181 id
1518 3128 1591 3182 ad
1637 3143 1810 3182 aures
1842 3127 1995 3182 tauri

338 3213 723 3285 hujus,atque
747 3214 829 3270 ita
849 3215 1156 3271 veritatem
1182 3221 1297 3272 tuas
1321 3216 1628 3289 religionis
1650 3217 1995 3288 imperatori

336 3302 541 3373 proba.
576 3303 676 3357 Sin
706 3320 863 3373 vero,
891 3304 1017 3375 ipse
1050 3305 1488 3376 pronuntiabo;
1522 3322 1851 3376 omnesque
1876 3311 1995 3362 sta-

337 3393 438 3447 tim
494 3391 566 3447 ad
620 3408 713 3447 me
763 3398 1078 3449 accurrent
1119 3393 1419 3465 ﬁdemque
1467 3394 1615 3449 mihi
1665 3394 1989 3450 habebunt.

332 3482 404 3535 Et
461 3480 757 3550 Zambres,
814 3481 1036 3537 Judmis
1088 3498 1157 3537 ac
1213 3483 1459 3553 reliquis
1517 3483 1989 3552 exhortantibus,

333 3583 555 3623 nomen
585 3568 658 3623 ad
689 3585 862 3623 aures
892 3570 1043 3623 tauri
1076 3571 1334 3640 proluit:
1382 3577 1559 3643 atque
1590 3571 1753 3626 illico
1787 3578 1990 3627 taurus

332 3672 549 3728 magno
577 3657 808 3727 mugitu
846 3657 1027 3727 edito,
1074 3659 1266 3714 oculis
1307 3660 1472 3715 elisis
1518 3661 1853 3732 exspiravit.
1888 3662 1990 3716 Hic

335 3744 552 3799 Iudaeis
583 3745 1019 3801 exsultantibus
1066 3763 1135 3802 ac
1185 3753 1394 3803 contra
1423 3749 1771 3804 Silvestrum
1803 3750 1991 3804 multa

327 3833 718 3905 jactantibus,
739 3835 1089 3891 Christianis
1114 3842 1313 3892 autem
1335 3838 1494 3910 gravi
1519 3837 1724 3893 dolore
1755 3838 1987 3905 oborto,

333 3923 611 3979 Silvester
639 3924 1061 3996 imperatorem
1094 3927 1320 3999 rogavit
1350 3932 1415 3981 ut
1459 3927 1766 3983 silentium
1800 3927 1989 3983 turbas

331 4014 671 4085 imperaret.
730 4016 854 4080 Quo
913 4015 1065 4071 facto
1123 4016 1250 4087 ipse
1309 4016 1551 4072 sublimi
1611 4022 1777 4073 stans
1829 4017 1983 4089 loco,

329 4103 563 4171 Audite,
596 4104 813 4175 inquit,
845 4121 1124 4176 proceres
1154 4110 1331 4177 atque
1381 4107 1704 4179 principes,
1751 4107 1987 4179 populi-

330 4208 444 4263 que
476 4208 683 4247 omnes
711 4193 889 4249 verba
920 4210 1051 4249 mea
1097 4195 1339 4250 attentis
1388 4196 1677 4267 percipite
1718 4196 1981 4251 auribus.

327 4280 591 4337 Praedico
613 4283 927 4339 Dominum
951 4284 1210 4338 universi
1236 4284 1441 4339 mundi
1461 4285 1661 4339 Jesum
1684 4285 1984 4339 Christum

328 4372 429 4442 qui
459 4372 632 4427 cmcis
662 4371 872 4441 visum,
906 4372 1102 4427 surdis
1141 4373 1435 4440 auditum,
1468 4374 1650 4428 mutis
1680 4374 1982 4445 loquelam

325 4459 611 4523 restituit,
656 4475 870 4516 manus
916 4461 1112 4516 aridas
1161 4462 1409 4524 sanavit,
1458 4461 1697 4517 claudos
1729 4463 1790 4516 in
1832 4463 1981 4517 inte-

327 4564 499 4620 grum
527 4549 794 4620 reposuit
824 4553 1062 4618 statum,
1095 4549 1362 4622 leprosos
1420 4551 1708 4623 purgavit,
1751 4551 1981 4607 luxatos

328 4641 492 4691 artus
524 4637 801 4706 ﬁrmavit,
851 4643 1116 4693 mortuos
1173 4638 1236 4693 in
1286 4639 1466 4693 vitam
1511 4639 1767 4694 reduxit.
1819 4641 1982 4697 Unde

2099 2053 2329 2122 εχθῆναι
2358 2052 2575 2121 ταῦρον,
2606 2052 2892 2125 ἠρώτησεν
2924 2050 2976 2105 ἐν
3003 2055 3083 2123 τῷ
3118 2049 3313 2123 μεταξὺ
3338 2051 3431 2105 τὸν
3465 2045 3751 2123 Ζαμϐρῆν·

2100 2135 2263 2198 Τίνος
2326 2134 2498 2192 ’ένεκεν
2563 2138 2836 2209 ἐπιζητεῖς
2911 2139 3003 2194 τὸν
3087 2143 3326 2212 ταῦρονς
3397 2138 3499 2195 Καὶ
3566 2158 3754 2217 φησιν·

2102 2223 2325 2295 Ἐπειδή
2357 2226 2419 2281 τὸ
2449 2222 2626 2301 ὄνομα
2669 2233 2767 2283 τοῦ
2818 2230 3090 2303 ἡμετέρου
3133 2233 3267 2284 Θεοῦ
3300 2227 3531 2301 οὐδεμία
3560 2230 3754 2297 κτιστὴ

2100 2314 2257 2393 φύσις
2315 2314 2589 2371 ἀκούσασα
2643 2320 2882 2389 ζήσεται,
2946 2316 3223 2392 βούλομαι
3284 2315 3375 2372 διὰ
3419 2321 3516 2372 τοῦ
3555 2314 3756 2391 ταύρου

2099 2405 2198 2472 τήν
2260 2406 2419 2484 ἰσχὺν
2472 2404 2752 2481 ἀποδεῖξαι
2806 2413 3011 2485 σαφῶς.
3067 2408 3210 2483 Πρὸς
3243 2406 3300 2463 δν
3352 2409 3381 2462 6
3422 2402 3757 2480 Σίλϐεστρος

2100 2488 2225 2571 ἔφη·
2259 2496 2365 2550 Καὶ
2396 2494 2459 2551 σὺ
2488 2496 2631 2569 ποίῳ
2658 2497 2847 2569 τρόπῳ
2873 2499 2935 2553 τὸ
2975 2496 3147 2570 ὄνομα
3194 2498 3356 2553 τοῦτο
3392 2497 3714 2570 μεμάθηκας
3740 2519 3755 2563 ;

2100 2586 2239 2655 Ἀρα
2296 2586 2443 2659 παρά
2498 2605 2646 2647 τινος
2699 2587 2932 2649 ἀκούσας
3027 2586 3340 2661 ἀναγνούς;
3396 2586 3458 2643 Ὁ
3500 2582 3557 2640 δὲ
3589 2584 3752 2639 εἶπεν·

2103 2670 2241 2730 Ούτε
2271 2673 2477 2748 χάρτης
2538 2671 2661 2729 οὔτε
2718 2673 2869 2736 λίθος
2931 2672 3056 2729 οὔτε
3109 2674 3270 2746 ξύλον
3305 2671 3661 2747 ὑποδέξασθαι
3691 2673 3755 2728 τὸ

2102 2761 2279 2836 ὄνομα
2331 2765 2443 2837 (79)
2501 2768 2662 2818 τοῦτο
2730 2761 2968 2819 δύναται·
3037 2763 3142 2839 ἐγὼ
3210 2761 3267 2818 δὲ
3327 2762 3622 2833 νηστεύσας
3663 2763 3756 2816 καὶ

2104 2852 2179 2914 είς
2246 2854 2480 2928 ἀργυρᾶν
2542 2851 2770 2925 λεκάνην
2832 2855 3019 2922 καινὴν
3076 2852 3222 2928 ὕδωρ
3276 2848 3536 2925 ἐμϐαλὼν
3593 2856 3757 2906 τοῦτο

2106 2942 2417 3014 μεμάθηκα.
2478 2943 2698 2999 Τούτων
2755 2940 2845 2996 οῦν
2903 2940 3216 3015 λεγομένων
3256 2938 3409 3016 ἤχθη
3441 2941 3531 2995 καὶ
3564 2942 3592 2995 ὁ
3624 2944 3762 2994 ταῦ-

2107 3052 2198 3106 ρος
2231 3032 2332 3087 ὑπὸ
2389 3030 2617 3087 πολλῶν
2678 3029 2886 3105 ἀνδρῶν
2946 3030 3266 3105 ἑλκόμενος,
3310 3028 3592 3103 δεδεμένος
3624 3031 3764 3084 πάν-

2103 3133 2256 3186 τοθεν
2317 3121 2611 3196 σχοινίοις,
2687 3121 3025 3197 ἀγριώτατος
3083 3121 3174 3175 καὶ
3235 3120 3400 3195 μέγας
3470 3119 3759 3194 ὑπάρχων.

2106 3210 2210 3268 Καὶ
2268 3205 2528 3284 Ζαμϐρῆς
2582 3210 2932 3279 ἐπιτωθάζων
2993 3215 3073 3283 τῷ
3129 3206 3446 3285 Σιλὸέστρῳ
3491 3203 3614 3288 ἔφη·
3651 3206 3757 3263 Νὖν

2103 3300 2172 3353 τὰ
2230 3298 2452 3374 ῥήματα
2504 3300 2595 3354 καὶ
2653 3301 2709 3353 αἱ
2759 3300 3039 3361 ὑποθέσεις
3089 3303 3199 3354 τῶν
3255 3300 3517 3373 ῥημάτων
3551 3320 3647 3352 σου
3676 3293 3764 3354 τέ-

2039 3376 2069 3402 U
2107 3386 2205 3451 λος
2238 3390 2322 3463 [Ρ.
2355 3392 2481 3462 281]
2509 3385 2741 3458 ἕξουσιν.
2773 3390 2838 3446 Εἰ
2873 3390 2967 3461 μὲν
3022 3390 3111 3445 οἷν
3144 3389 3364 3466 θαῤῥείς
3390 3388 3465 3451 εἷς
3499 3390 3559 3444 τὸ
3590 3385 3764 3462 ὄνομα

2099 3481 2196 3532 τοῦ
2226 3482 2360 3533 Θεοῦ
2392 3499 2509 3547 σου,
2570 3477 2685 3533 εἷπε
2740 3482 2902 3533 τοῦτο
2961 3479 3098 3533 κατὰ
3154 3482 3253 3549 τήν
3295 3479 3473 3548 ἀποήν
3503 3482 3600 3532 τοῦ
3629 3479 3761 3532 ταύ-

2102 3588 2222 3642 ρου,
2278 3567 2369 3622 καὶ
2438 3565 2705 3643 δειχθήσῃ
2779 3568 3181 3643 ῐΙαντοκράτορι
3247 3568 3579 3642 θρησκεύων·
3635 3568 3681 3622 εί
3710 3563 3759 3620 δ’

2101 3656 2213 3723 οὖν,
2273 3656 2410 3727 λέξω
2468 3656 2595 3732 ἐγὼ,
2654 3658 2743 3711 καὶ
2801 3656 2992 3720 πάντες
3049 3662 3119 3731 τῇ
3178 3656 3285 3732 ἐμῇ
3335 3654 3751 3732 προσδραμοῦσι

2099 3747 2297 3802 πίστει.
2326 3748 2447 3803 Τῶν
2497 3743 2554 3800 δὲ
2599 3743 2877 3801 Ἰουδαίων
2938 3747 3027 3800 καὶ
3085 3750 3193 3801 τῶν
3245 3745 3433 3802 ἄλλων
3462 3767 3754 3821 παρορμη-

2098 3836 2304 3891 σάντων
2338 3835 2506 3891 είπεῖν
2533 3836 2624 3891 τὸν
2674 3831 2938 3912 Ζαμϐρῆν
2993 3838 3056 3890 τὸ
3115 3834 3285 3909 ὄνομα
3319 3835 3420 3890 ὑπὸ
3449 3837 3549 3903 τήν
3581 3836 3751 3904 άκοὴν

2095 3930 2192 3981 τοῦ
2242 3925 2463 3995 ταύτου,
2521 3925 2612 3980 καὶ
2668 3925 2865 3980 τούτου
2924 3921 3194 3988 εἰπόντος,
3251 3925 3406 3987 εὐθὺς
3468 3926 3495 3980 6
3550 3930 3753 4000 ταῦρος

2102 4015 2481 4088 μυκησάμενος
2544 4013 2678 4090 μέγα
2734 4018 2841 4070 τῶν
2902 4014 3201 4092 ὀφθαλμῶν
3234 4016 3400 4071 αὐτοῦ
3432 4016 3753 4088 ἐξελθόντων

2095 4103 2354 4179 ἐξέψυξεν.
2416 4104 2894 4180 Ἀνασκιρτώντων
2970 4104 3062 4158 οὖν
3141 4109 3251 4159 τῶν
3330 4104 3607 4162 Ἰουδαίων
3665 4109 3756 4162 καὶ

2099 4192 2601 4269 μεγαλαυχούντων
2651 4193 2787 4247 κατά
2844 4190 3206 4268 Σιλὸέστρου,
3238 4193 3327 4249 καὶ
3358 4199 3465 4249 τῶν
3502 4196 3757 4269 Χριστια-

2092 4285 2196 4336 νῶν
2227 4279 2583 4352 λυπουμένων
2644 4278 2871 4359 σφόδρα,
2931 4281 3179 4337 κελεῦσαι
3210 4284 3291 4354 ἰᾠ
3322 4281 3442 4356 λαῷ
3471 4285 3753 4360 ἠσυχάσαι

2093 4366 2399 4445 παρακαλεῖ
2456 4370 2484 4423 6
2544 4363 2873 4445 Σίλϐεστρος
2932 4371 3023 4426 τὸν
3088 4369 3340 4446 βασιλέα.
3392 4374 3497 4429 Καὶ
3551 4374 3751 4429 τούτου

2092 4460 2391 4534 γενομένου
2448 4458 2538 4512 καὶ
2593 4455 2673 4535 ἐφ’
2734 4458 2953 4533 ὑψηλοῦ
3003 4460 3175 4515 τόπου
3232 4461 3359 4524 στὰς
3408 4463 3436 4516 6
3483 4481 3748 4535 μακαριος

2094 4543 2429 4621 Σίλϐεστρος
2456 4540 2581 4624 ἔφη·
2620 4546 2915 4605 Ἀκούσατὲ
2966 4570 3094 4622 μου,
3145 4548 3409 4628 ἄρχοντες
3451 4551 3542 4606 καὶ
3597 4547 3753 4605 δυνά-

2093 4658 2235 4706 σται,
2266 4637 2357 4691 καὶ
2388 4635 2729 4708 ἐνωτίσασθε,
2764 4638 2888 4693 Λαοὶ
2936 4640 3187 4709 ἆπαντες,
3244 4641 3311 4695 τά
3359 4640 3584 4716 ῥήματά
3618 4662 3748 4714 μου.

329 4725 558 4796 liquido
593 4730 683 4780 est
733 4726 1205 4782 demonstratum
1264 4743 1483 4782 nomen
1516 4727 1685 4796 illud,
1718 4729 1877 4799 quod
1907 4730 1980 4785 ad

2098 4722 2235 4801 Ἐγὼ
2284 4727 2376 4781 τὸν
2437 4725 2712 4796 Δεσπότην
2775 4728 2865 4782 καὶ
2925 4729 3126 4804 Κύριον
3183 4729 3380 4791 παντὸς
3410 4733 3508 4783 τοῦ
3538 4729 3750 4802 κόσμου

328 4815 665 4871 necandum
697 4820 930 4869 taurum
962 4814 1238 4870 Zambres
1269 4815 1806 4883 invocavit,diaboli
1831 4834 1979 4873 esse.

330 4906 387 4961 Si
420 4904 580 4959 enim
610 4909 845 4959 mortuo
877 4904 1054 4960 vitam
1094 4904 1345 4961 reddere
1378 4921 1495 4960 non
1528 4911 1742 4977 potest,
1775 4907 1983 4977 utique

324 4995 456 5050 vitas
488 4999 547 5048 et
575 4993 784 5049 salutis
817 4994 1001 5049 hostis
1034 4999 1143 5061 est,
1180 4996 1277 5066 qui
1317 4995 1507 5059 vivum
1557 5012 1793 5064 necare,
1821 5013 1980 5051 mor-

322 5090 491 5141 tuum
519 5088 719 5139 autem
751 5084 1045 5139 viviﬁcare
1076 5085 1303 5154 nequit.
1328 5085 1472 5139 Tum
1502 5084 1779 5141 Zambres
1811 5085 1973 5141 tuni-

320 5190 449 5231 cam
480 5190 649 5230 suam
679 5173 1078 5244 disrumpens.
1115 5175 1369 5245 Optime,
1400 5173 1616 5245 inquit,
1648 5174 1972 5245 imperator

2090 4816 2303 4886 Ἰησοῦν
2356 4815 2586 4891 Χριστὸν
2631 4817 2908 4890 κηρύττω,
2955 4818 3046 4871 τὸν
3101 4815 3456 4889 παρασχόντα
3514 4816 3745 4892 τυφλοῖς

2092 4900 2385 4979 ἀνάϐλεψιν
2419 4905 2508 4959 καὶ
2566 4910 2777 4983 κωφοῖς
2834 4904 3071 4973 ἀκούειν,
3104 4902 3334 4963 άλάλοις
3367 4905 3739 4978 γαρισάμενον

2093 4994 2304 5059 λαλεῖν,
2353 4999 2544 5069 ’χεῖρας
2593 4995 2758 5067 ξηρὰς
2813 4992 3127 5064 ἰασάμενον,
3203 4988 3419 5070 χωλοῖς
3450 4990 3597 5046 ’ἴασιν
3633 4989 3743 5046 δωο

2083 5082 2411 5159 ρησάμενον,
2477 5080 2714 5157 λεπροὺς
2777 5078 3160 5153 καθαρίσαντα,
3219 5081 3567 5156 παραλύτους
3627 5082 3749 5159 σφε,

2080 5174 2274 5248 γξαντα
2327 5174 2417 5227 καὶ
2464 5169 2683 5247 νεκροὺς
2738 5167 3037 5243 ἐγείραντα.
3089 5171 3249 5235 ’Ὀθεν
3301 5177 3544 5251 φανερῶς
3599 5174 3743 5227 ἀπο.

1530 5323 1891 5380 XYLANDRI
1928 5326 2016 5380 ET
2054 5326 2268 5382 GOARI
2309 5326 2532 5381 NOTAE.

409 5481 501 5547 79)
532 5478 651 5550 Ipsi
709 5478 893 5550 δι’ωοί
945 5478 1233 5533 fabulosus
1291 5477 1635 5550 Iudaeorum
1666 5475 1969 5550 traditioni

316 5548 643 5619 adhaerent,
674 5549 775 5605 ubi
809 5550 1138 5621 composita
1188 5548 1517 5621 Tryphonis
1564 5548 1808 5603 nomine
1841 5564 1971 5603 ora-

318 5622 479 5677 tione
511 5621 912 5691 pronuntiant
927 5619 1208 5676 adversus
1255 5619 1483 5675 insecta
1525 5636 1776 5691 quaeque
1805 5636 1975 5691 agros

323 5689 728 5748 devastantia:
761 5689 996 5765 Ὁρκίζω
1050 5691 1189 5761 ὑμᾶς
1236 5691 1372 5744 κατᾶ
1416 5693 1515 5745 τοῦ
1553 5689 1811 5766 μεγάλου
1847 5689 1978 5746 ’ὀνό-

2130 5495 2256 5536 ατος
2308 5494 2419 5554 ,του
2486 5471 2588 5554 ἐπὶ,
2618 5478 2761 5554 ’τῆςλ
2805 5470 3010 5554 πέτρας.
3061 5473 3473 5554 ἂπιγραφέντος,
3514 5478 3606 5554 καὶ

2130 5496 2256 5536 ατος
2323 5496 2419 5530 του
2486 5496 2573 5526 επι
2638 5496 2738 5543 της
2805 5496 3002 5550 πετρας
3061 5496 3473 5554 επιγραφεντος,
3514 5498 3606 5532 και
3669 5496 3746 5552 μη

2089 5496 2427 5625 gaudetis-qq
2497 5542 2677 5625 ἀλλᾶκ
2735 5542 3115 5622 διαρῥαγείσης
3207 5548 3331 5602 ὡσεί
3401 5549 3572 5625 κηρὸς
3642 5551 3748 5607 άπὸ

2084 5617 2384 5691 προσώπου
2414 5617 2605 5693 πυρός.
2640 5618 2814 5676 GOAR.
