4144 6414
341 402 463 464 537

1467 397 2019 462 HISTORIARUM
2063 398 2605 464 COMPENDIUM.

3636 400 3756 462 538

338 532 607 589 δείκνυται
632 533 716 589 δτι
739 536 903 588 τοῦτο
929 531 986 587 τὸ
1000 528 1197 605 ὅνομαι
1224 532 1254 588 6'
1275 532 1640 588 ἐπεκαλέσατο
1673 533 1700 585 ὁ
1732 525 1986 606 Ζαμῧρῆς

2106 537 2282 603 atque
2307 535 2459 589 493
2492 540 2735 600 azterne,
2779 533 3145 603 Silvestrum,
3198 552 3373 605 quem
3426 552 3459 591 a
3518 537 3757 592 nemine

331 628 431 680 τοῦ
460 623 778 679 ἀποκτεῖναι
833 630 926 677 τὸν
976 626 1173 697 ταῦρον
1225 626 1325 677 τοῦ
1384 617 1651 677 διαϐόλου
1704 621 1870 677 ἐστίν.
1934 620 1995 677 Ei

331 713 437 788 γὰρ
465 707 692 776 θανόντα
712 712 1012 780 ἀναστῆσαι
1042 709 1108 764 οὑ
1138 706 1382 780 δύναται,
1406 705 1548 764 ἔστιν
1584 707 1688 783 ἄρα
1732 714 1879 778 ζωῆς
1907 708 1996 762 καὶ

336 801 611 875 σωτηρίας
668 800 926 876 ἐχθρὸςὸ
970 805 1145 869 ζῶντα
1206 800 1302 874 μὲν
1361 799 1675 855 ἀποκτεῖναι
1727 796 1998 869 δυνηθεὶς,

334 890 527 966 νεκρὸν
573 886 631 945 δὶ
674 894 1014 959 ζωοποιῆσαι
1079 890 1157 962 μὴ
1211 887 1439 964 ἰσχύων.
1485 889 1623 946 Τότε
1652 889 1681 943 6
1739 883 1997 961 Ζαμϐρῆς

336 977 635 1055 διαρρήξας
666 978 759 1034 τὸν
793 978 985 1033 ἑαυτοῦ
1005 982 1219 1054 χιτῶνα
1275 976 1399 1056 ἔφη*
1463 976 1708 1033 Δέσποτα
1764 975 1999 1031 ἐπιεικὲ-

337 1088 523 1138 στατε,
556 1065 785 1142 βασιλεῦ
819 1066 1028 1134 αίώνιε,
1074 1061 1404 1141 Σίλϐεστρον
1434 1068 1493 1122 ὃν
1524 1067 1727 1143 Λέγεις,
1757 1068 1994 1135 Νικῆσαι

335 1154 514 1218 οὐδεὶς
546 1153 819 1225 ἠδυνήθη,
866 1153 975 1230 ἔγὼ
1033 1155 1085 1209 ἐν
1144 1159 1226 1228 τῷ
1263 1156 1660 1231 παντοκράτορι
1722 1160 1838 1227 Θεῷ
1890 1154 1998 1210 ἐνί-

332 1265 496 1316 κησα.
531 1245 748 1300 Δίκαιον
782 1243 1016 1299 οὖνέστι
1079 1245 1157 1316 μή
1215 1243 1305 1298 ἐπὶ
1360 1242 1506 1300 πολὺ
1566 1242 1789 1314 δοθῆναι
1848 1243 1994 1316 αὐτῷ

332 1331 576 1405 ἐξουσίαν
622 1337 722 1389 τοῦ
778 1330 991 1390 λαλεῖν.
1049 1333 1193 1387 Ξὲνα
1241 1333 1346 1409 γὰρ
1401 1333 1729 1409 ἓφευρίσγων
1792 1332 1872 1388 ἀεὶ
1902 1336 1993 1388 καί

334 1425 545 1480 ἐναντία
621 1426 720 1477 τοῦ
805 1420 992 1477 λαλῶν
1081 1421 1144 1476 οὐ
1226 1421 1478 1494 παύεται,
1546 1423 1635 1478 καὶ
1695 1426 1766 1496 τῇ
1822 1423 1994 1478 αὐτοῦ

338 1512 576 1589 φλυαρίᾳ
606 1505 870 1584 ἐπιϐαρυς
902 1510 1108 1588 γίνεται
1167 1514 1236 1585 τῇ
1300 1511 1454 1584 ὑμῶν
1514 1511 1790 1587 βασιλείᾳ.
1848 1513 1992 1587 Πρὸς

337 1603 396 1658 ’ὸν
443 1603 471 1656 6
525 1599 835 1675 Αὔγουστος
893 1596 1017 1677 ἔφη·
1074 1600 1148 1656 Τὸ
1214 1604 1310 1655 τοῦ
1361 1599 1802 1677 παντοκράτορος
1858 1608 1992 1658 Θεοῦ

334 1690 507 1765 ὄνομα
567 1690 661 1745 καὶ
730 1687 1023 1758 ἐπίκλησις
1078 1690 1362 1767 πρώτιστα
1419 1689 1634 1746 πάντων
1697 1696 1843 1761 ζωῆς
1900 1693 1991 1747 καὶ

329 1780 610 1855 σωτηρίας
667 1780 931 1853 πρόνοιαν
986 1777 1308 1853 παρέχεται.
1368 1779 1641 1842 Ὡσαύτως
1698 1780 1789 1835 καὶ
1846 1779 1910 1834 σὺ
1944 1780 1990 1836 εἰ

2102 622 2255 677 vinci
2280 623 2543 693 potuisse
2564 624 2825 693 dicebas,
2849 640 2955 696 ego
2978 623 3078 678 Dei
3102 624 3527 695 omnipotentis
3540 627 3758 681 auxilio

2104 711 2267 766 vici..I
2275 717 2475 767 ustum
2490 728 2626 785 ergo
2650 719 2739 768 est
2756 730 2879 769 non
2902 713 3165 784 permitti
3187 714 3241 769 ei
3267 713 3455 769 multa
3476 713 3757 785 loquendi

2104 798 2348 873 longum
2378 801 2656 872 spatium.
2680 803 2927 874 Semper
2956 803 3115 857 enim
3147 801 3418 858 inaudita
3443 803 3758 857 commini-

2104 906 2301 956 scens,
2337 890 2453 945 Deo
2501 890 2747 946 adversa
2806 890 3043 946 dicendi
3080 892 3260 947 finem
3310 892 3543 947 nullum
3593 891 3755 958 facit;

2104 995 2329 1049 suaque
2363 979 2721 1049 loquacitate
2754 980 3005 1052 imperio
3038 987 3135 1036 tuo
3195 980 3481 1036 molestus
3541 986 3650 1037 est.
3692 983 3755 1035 lit

2106 1071 2399 1139 Augustus
2453 1069 2761 1140 respondit
2811 1086 2823 1123 :
2879 1070 3105 1124 Nomen
3164 1070 3592 1141 omnipotentis
3650 1071 3754 1125 Dei

2103 1156 2351 1228 ejusque
2381 1157 2673 1213 invocatio
2705 1160 2973 1215 omnium
3000 1160 3130 1213 vitas
3163 1164 3221 1213 et
3249 1159 3429 1214 saluti
3471 1159 3754 1215 consulit.

2101 1247 2304 1316 Itaque
2342 1252 2406 1301 tu
2463 1246 2664 1316 etiam,
2721 1249 3016 1319 siquidem
3047 1249 3220 1304 aDeo
3280 1265 3364 1315 es,
3426 1254 3659 1302 taurum
3692 1247 3754 1303 in

2099 1335 2278 1390 vitam
2302 1351 2547 1391 revoca:
2575 1341 2701 1392 tum
2733 1338 3044 1393 credemus
3069 1342 3121 1391 te
3145 1336 3423 1393 divinitus
3444 1335 3753 1393 victoriam

2099 1431 2508 1481 consecutum.
2550 1426 2717 1491 Quod
2774 1426 2824 1481 si
2873 1427 2986 1482 hoc
3040 1432 3322 1498 praestare
3371 1443 3654 1496 nequeas,
3689 1426 3751 1479 in

2097 1519 2378 1585 promptu
2407 1521 2498 1570 est
2517 1515 2827 1571 diabolicis
2875 1517 3191 1588 prmstigiis
3225 1524 3279 1571 te
3322 1533 3498 1571 usum
3547 1516 3753 1570 fuisse.

2100 1602 2211 1656 Sed
2242 1607 2300 1658 et
2327 1602 2644 1659 Silvester:
2687 1604 2860 1671 Audi,
2893 1605 3108 1676 inquit,
3166 1605 3387 1672 ludwe,
3445 1604 3751 1659 veritatem

2099 1706 2169 1746 ex
2200 1691 2317 1746 tuis
2350 1691 2516 1746 libris
2545 1693 2934 1764 propositam.
2970 1695 3035 1748 In
3088 1693 3550 1749 Deuteronomio
3596 1694 3753 1747 Deus

2096 1777 2291 1833 fatur:
2324 1797 2346 1826 ε
2373 1778 2597 1847 Videte,
2630 1779 2846 1847 videte,
2872 1781 3030 1851 quod
3055 1797 3160 1853 ego
3193 1796 3346 1847 sum,
3381 1785 3439 1834 et
3468 1785 3635 1835 extra
3656 1796 3752 1833 me

323 1873 428 1927 τοῦ
459 1873 597 1925 Θεοῦ
635 1868 706 1934 εἶ,
737 1868 1043 1939 ἆνάστησον
1070 1869 1163 1923 τὸν
1211 1873 1430 1943 ταῦρον,
1489 1870 1580 1924 καὶ
1630 1869 1986 1943 πιστεύσομεν

2098 1882 2219 1921 non
2251 1867 2424 1922 Deus.
2475 1870 2592 1938 Ego
2647 1868 3005 1923 interﬁciam
3038 1874 3096 1924 et
3123 1869 3256 1924 vita;
3314 1868 3583 1931 reddam,
3645 1885 3750 1939 ego

325 1981 385 2016 σε
416 1959 527 2015 ἀπὸ
558 1962 691 2014 Θεοῦ
721 1952 868 2033 ἔχειν
915 1960 1015 2027 τήν
1069 1957 1243 2029 νίκην.
1304 1957 1373 2016 Εἰ
1433 1955 1489 2013 δὲ
1544 1959 1707 2014 τοῦτο
1740 1959 1802 2014 ού
1856 1956 1985 2034 δύνῃ

322 2056 599 2119 ποιῆσαι,
652 2048 854 2127 φανερά
910 2067 1005 2102 σου
1062 2050 1161 2112 τῆς
1223 2047 1557 2122 ὑποκρίσεως
1614 2046 1841 2122 γοητεία
1900 2046 1988 2104 διὰ

328 2137 612 2212 δαιμόνων
640 2138 980 2213 πεπρῆχθαι,
1040 2137 1181 2211 Πρὸς
1210 2137 1268 2191 ὃν
1300 2137 1388 2192 καὶ
1424 2138 1452 2193 ὁ
1507 2137 1656 2211 ἅγιος
1692 2133 1987 2214 Σίϐεστρος

328 2223 457 2307 ἔφη’
490 2231 714 2295 Ἄκουε,
746 2227 792 2280 ὦ
833 2223 1080 2294 Ἰουδαῖε,
1116 2226 1222 2281 ἀπὸ
1277 2230 1386 2281 τῶν
1446 2230 1554 2281 σῶν
1612 2231 1835 2304 Γραφῶν
1885 2228 1985 2296 τὴν

326 2316 613 2386 ἀλήθειαν.
650 2316 738 2372 Ἐν
768 2318 848 2386 τῷ
903 2314 1311 2390 Δευτερονομίῳ
1372 2314 1534 2377 αὐτὸς
1566 2316 1594 2369 6
1624 2316 1755 2377 Θεὸς
1813 2314 1984 2391 λέγει·

330 2427 357 2457 ιι
389 2402 589 2473 Ἴδετε,
619 2401 783 2472 ἴδετε,
817 2403 900 2458 ὅτι
932 2402 1042 2480 ἐγὼ
1072 2403 1210 2476 εἰμι,
1259 2403 1351 2459 καὶ
1382 2404 1485 2459 οὐκ
1513 2398 1626 2458 ἔστι
1657 2404 1788 2466 Θεὸς
1834 2405 1983 2474 πλὴν

332 2492 489 2567 ἐμοῦ.
552 2492 699 2568 Ἐγὼ
772 2493 1051 2548 ἀποκτενῶ
1126 2491 1217 2548 καὶ
1302 2498 1399 2568 ζῇν
1471 2495 1712 2566 ποιήσω,
1767 2494 1987 2566 πατάξω

330 2582 487 2659 κάγὼ
516 2581 765 2655 ἰάσομαι.
794 2605 824 2635 κ
860 2582 1142 2657 Εὐκαίρως
1173 2582 1271 2636 οὗν
1304 2581 1620 2652 ἐπικληθεὶς
1665 2584 1988 2650 ἀποκτείνει,

332 2673 418 2727 καὶ
455 2671 724 2745 εὐκαίρως
747 2669 915 2727 πάλιν
962 2676 1244 2740 ζωοποιεῖ.
1298 2670 1646 2727 Ἐπικάλεσαι
1706 2673 1801 2726 οὗν
1830 2673 1989 2727 αὐτὸν

338 2762 427 2817 ἐπὶ
458 2764 558 2830 τὴν
588 2760 767 2831 ἄλλην
794 2761 962 2830 ἀκοὴν
990 2765 1089 2815 τοῦ
1116 2761 1339 2835 ταύρου,
1386 2760 1477 2816 καὶ
1530 2760 1618 2816 ἐὰν
1658 2762 1821 2817 αὐτὸν
1850 2762 1985 2836 ἐγεί-

340 2872 465 2926 ρης,
521 2848 882 2923 πιστεύσομεν
954 2850 1170 2920 πάντες,
1230 2851 1412 2913 καθὼς
1469 2849 1531 2904 σὺ
1590 2851 1715 2927 φής.
1768 2851 1900 2906 Τότε
1957 2852 1985 2906 6

336 2937 597 3013 Ζαμὸρῆς
627 2939 793 3015 λέγει’
816 2939 933 2997 Οὐκ
961 2938 1112 2994 εἶπόν
1142 2960 1249 3008 σοι,
1300 2939 1697 2994 ἐπικεικὲστατε
1739 2940 1984 3015 βασιλεῦ,

338 3025 420 3081 ὅτι
459 3026 511 3083 ἐν
569 3028 765 3104 λόγοις
823 3021 1149 3102 Σίλόεστρον
1209 3024 1386 3089 οὐδεὶς
1442 3023 1658 3082 δύναται
1714 3036 1984 3098 νικῆσαι;

346 3116 607 3172 Κὲλευσον
643 3117 733 3171 οὖν
765 3117 930 3172 αὐτὸν
972 3118 1048 3190 μὴ
1083 3115 1321 3193 ῥήμασιν
1354 3114 1483 3171 ἀλλ’
1512 3111 1696 3193 ἔργοις
1725 3116 1986 3191 ἐπιδεῖξαί

341 3226 393 3260 τι
424 3207 575 3278 ἡμῖν.
600 3208 677 3279 ]Ρ.
732 3209 858 3278 282]
916 3206 978 3263 Ὀ
1021 3206 1176 3282 ἅγιος
1235 3201 1564 3281 Σίλϐεστρος
1619 3201 1743 3286 ἔφη’
1796 3206 1982 3269 Θέλεις

335 3293 448 3362 οὖν,
506 3296 549 3350 ὦ
608 3292 856 3365 Ἰουδαῖε,
916 3289 1023 3371 ἕγὼ
1080 3300 1149 3370 τῇ
1209 3294 1497 3368 ἐπικλήσει
1552 3302 1649 3351 τοῦ
1710 3297 1980 3353 Δεσπότου

335 3406 440 3457 μου
491 3386 672 3454 Ἰησοῦ
718 3386 965 3459 Χριστοῦ
1023 3383 1214 3459 ἐγείρω
1270 3385 1362 3440 τὸν
1418 3389 1660 3459 ταῦρον;
1723 3382 1985 3461 Ζαμϐρῆς

328 3472 494 3548 λέγει·
528 3476 703 3527 Τοῦτο
752 3470 814 3526 οὐ
843 3476 1044 3543 ποιεῖς,
1077 3472 1122 3527 εἰ
1178 3473 1267 3527 καὶ
1321 3478 1545 3548 πτεροῖς
1602 3478 1894 3548 πετασθῇς.
1929 3475 1985 3528 Ὀ

334 3559 590 3636 βασιλεὺς
620 3563 757 3615 εἷπε·
792 3561 1065 3633 Θαυμάζω
1094 3562 1193 3629 τήν
1248 3560 1633 3636 ἀναισχυντίαν
1688 3584 1807 3630 σου,
1840 3569 1988 3636 Ζαμ-

329 3645 460 3726 ϐρῆ.
518 3649 594 3705 Σὺ
644 3647 1273 3725 εἷπας,σχολαζὲτωσαν
1332 3651 1383 3704 οἱ
1442 3649 1601 3726 λόγοι
1659 3653 1769 3706 καῖ’
1805 3646 1984 3729 ἔργοις

328 3738 698 3815 ἀγωνιζέσθω,
730 3739 898 3802 Οὗτος
959 3735 1015 3793 δὶ
1073 3738 1414 3812 ὑπισχνεῖται
1470 3747 1695 3809 ποιῆσαι
1757 3742 1891 3815 ὅπερ
1923 3740 1984 3796 σὺ

325 3828 512 3906 λὲγεις
543 3826 826 3889 παντελῶς
866 3829 1004 3881 εἶναι
1034 3824 1313 3882 ἀδύνατον.
1364 3829 1521 3883 Ὥστε
1579 3825 1783 3883 δίκαιόν
1843 3831 1984 3885 ἔστιν

325 3918 681 3994 ὁμολογῆςαί
713 3938 770 3973 σε
800 3923 991 3973 τοῦτον
1039 3918 1172 3972 εἶναι
1221 3919 1349 3973 Θεὸν
1377 3916 1559 3988 ἀληθῆ
1618 3920 1709 3974 τὸν
1761 3920 1984 3991 νεκροὺς

322 4011 623 4078 ἀναστῆσαι
685 4005 1009 4081 δυνάμενον,
1067 4008 1270 4062 ἐκεῖνον
1329 4004 1387 4062 δὲ
1441 4006 1648 4063 πλάνον
1716 4008 1807 4062 καὶ
1868 4007 1986 4063 διά-

324 4091 500 4152 ϐολον
524 4096 619 4151 τὸν
677 4096 1070 4151 ἀποκτείναντα
1126 4096 1215 4151 καὶ
1259 4101 1598 4166 ζωοποιῆσαι
1633 4097 1709 4168 μὴ
1744 4093 1983 4169 δυνάμε-

318 4209 433 4247 νον,
468 4187 607 4244 Τότε
632 4187 661 4241 6
696 4182 958 4260 Σαμϐρῆς
987 4183 1174 4258 ὤμοσε
1232 4185 1432 4263 λέγων·
1464 4187 1591 4243 Ἐὰν
1648 4181 1981 4259 Σίλϐεστρος

318 4278 409 4332 τὸν
450 4276 640 4348 νεκρὸν
672 4279 870 4351 ταῦρον
932 4277 1231 4350 ἁναστήτῃ,
1292 4276 1487 4338 πάντες
1535 4276 1627 4331 τὸν
1684 4275 1983 4332 Ἰουδαϊκὸν

316 4362 754 4439 καταλείψαντες
803 4363 968 4437 νόμον
1031 4369 1167 4436 πρὸς
1213 4367 1313 4434 τὴν
1367 4369 1477 4419 τῶν
1520 4366 1853 4439 Χριστιανῶν
1896 4365 1986 4419 αύ-

312 4452 720 4528 τομολήσομεν
798 4454 1000 4512 πίστιν.
1085 4454 1147 4511 '0
1213 4450 1272 4508 δὲ
1332 4453 1596 4528 μακάρϊος
1652 4448 1983 4529 Σίλϐεστρος

318 4542 562 4604 ἐκτείνας
586 4542 676 4598 ἒπὶ
708 4540 854 4597 πολὺ
900 4543 995 4604 τὰς
1058 4547 1251 4618 χεῖρας
1310 4542 1387 4603 εἷς
1432 4543 1527 4598 τὸν
1584 4540 1836 4618 οὐρανὸν,
1891 4545 1982 4599 καὶ

2095 1955 2309 2011 feriam
2329 1954 2606 2028 idemque
2622 1956 2845 2013 sanabo
2866 1958 2928 2013 ⁸⁸.
2958 1959 3205 2029 ultaque
3228 1958 3756 2028 tempestiveinvo-

2098 2050 2265 2100 catus
2294 2052 2486 2108 necat,
2511 2047 2858 2117 tempestive
2887 2047 3193 2102 invocatus
3228 2062 3435 2101 rursus
3480 2046 3541 2100 in
3570 2046 3750 2100 vitam

2096 2134 2376 2189 restituit.
2408 2135 2663 2190 Proinde
2708 2136 2767 2189 in
2798 2136 3048 2190 alteram
3078 2151 3284 2190 aurem
3344 2136 3495 2190 tauri
3528 2151 3749 2189 nomen

2098 2224 2199 2278 Dei
2233 2224 2489 2279 inclama
2511 2243 2526 2291 ;
2552 2231 2611 2280 et
2639 2226 2687 2280 si
2719 2227 2770 2280 is
2816 2227 3112 2295 revixerit,
3171 2226 3349 2281 fidem
3407 2226 3603 2281 verbis
3633 2226 3749 2280 tuis

2096 2312 2532 2369 adhibebimus.
2551 2315 2829 2370 Zambres
2855 2332 2867 2369 :
2899 2318 3105 2371 Nonne
3127 2315 3270 2384 dixi,
3304 2315 3526 2387 optime
3559 2316 3747 2385 impe-

2095 2407 2278 2471 rator,
2327 2404 2520 2458 verbis
2572 2404 2916 2460 Silvestrum
2948 2422 2983 2461 a
3012 2405 3254 2460 nemine
3311 2405 3462 2459 vinci
3521 2420 3692 2476 posse
3724 2404 3752 2458 ?

2092 2490 2237 2546 Jube
2268 2492 2446 2564 igitur
2475 2509 2612 2547 eum
2644 2509 2764 2548 non
2797 2494 2991 2549 verbis
3026 2494 3129 2549 sed
3178 2494 3333 2549 facto
3392 2493 3592 2564 aliquo
3645 2508 3751 2547 sua

2096 2580 2483 2651 comprobare
2513 2581 2707 2637 nobis.
2740 2582 3052 2637 Silvester:
3086 2582 3188 2637 Vis
3220 2599 3380 2654 ergo,
3430 2581 3653 2648 Judaie,
3685 2587 3751 2635 ut

2096 2686 2201 2743 ego
2229 2669 2555 2725 invocando
2587 2670 2830 2727 nomine
2882 2671 3118 2725 Domini
3170 2670 3285 2725 mei
3338 2673 3476 2726 Jesu
3528 2670 3743 2725 Christi

2095 2766 2333 2816 taurum
2356 2760 2609 2814 excitem
2631 2760 2658 2814 ’ἶ
2687 2760 3001 2815 Zambres:
3048 2760 3109 2815 Id
3142 2776 3259 2814 non
3302 2760 3546 2825 efficies,
3591 2776 3664 2814 ne
3699 2761 3747 2813 si

2095 2849 2206 2904 alis
2236 2848 2480 2920 quidem
2510 2848 2804 2904 subvoles.
2842 2851 3197 2921 Imperator:
3230 2849 3440 2917 Tuam,
3501 2866 3533 2904 ο
3583 2851 3749 2904 Zam-

2095 2939 2250 3005 bres,
2278 2939 2433 2992 494
2464 2938 2894 3009 impudentiam
2957 2940 3157 2993 miror.
3193 2938 3399 2993 Petisti
3450 2945 3513 2993 ut
3558 2938 3751 2993 verbis

2098 3028 2337 3083 omissis
2369 3032 2675 3082 certamen
2732 3028 3026 3082 facturum
3060 3029 3424 3083 instituatur.
3457 3030 3586 3083 Jam
3643 3027 3754 3081 Sil-

2097 3123 2290 3171 vester
2321 3117 2616 3187 promittit
2646 3115 2707 3170 id
2729 3133 2789 3172 se
2825 3116 3139 3184 facturum,
3176 3118 3332 3186 quod
3361 3123 3423 3171 tu
3457 3118 3585 3171 ﬁeri
3634 3134 3752 3171 non

2097 3222 2270 3278 posse
2304 3205 2639 3261 contendis.
2678 3207 2784 3261 Par
2838 3211 2929 3261 est
2975 3223 3112 3278 ergo
3172 3211 3228 3261 te
3260 3207 3530 3261 conﬁteri
3590 3206 3750 3261 hunc

2096 3314 2226 3352 esse
2258 3314 2458 3351 verum
2491 3298 2698 3366 Deum,
2732 3297 2834 3367 qui
2866 3303 3131 3351 mortuos
3163 3296 3223 3351 in
3256 3296 3433 3351 vitam
3464 3297 3748 3351 reducere

2091 3388 2265 3453 valet,
2298 3388 2459 3441 hunc
2490 3392 2688 3441 autem
2720 3386 3107 3457 impostorem
3149 3402 3277 3441 esse
3310 3391 3370 3440 et
3419 3384 3745 3454 diabolum,

2092 3478 2193 3548 qui
2228 3483 2402 3532 necat
2432 3481 2492 3531 et
2522 3477 2700 3532 vitam
2730 3476 2979 3531 reddere
3011 3493 3133 3531 non
3166 3480 3381 3547 potest.
3414 3477 3558 3529 Tum
3590 3477 3749 3530 Zam-

2100 3567 2237 3622 bres
2258 3568 2515 3639 juravit:
2550 3568 2853 3638 Siquidem
2877 3568 3158 3622 Silvester
3189 3571 3423 3621 taurum
3469 3566 3753 3621 excitabit

2095 3673 2130 3711 a
2159 3663 2369 3717 morte.
2402 3657 2661 3712 universi
2688 3657 2933 3712 Judaica
2954 3656 3080 3728 lege
3107 3656 3340 3711 deserta
3358 3655 3761 3712 Christianam

2096 3744 2526 3817 amplectamur
2556 3746 2756 3801 fidem.
2790 3750 2861 3800 At
2891 3746 3099 3802 beatus
3132 3746 3427 3810 Silvester,
3474 3746 3751 3801 manibus

2092 3836 2463 3907 aliquamdiu
2522 3835 2583 3890 in
2625 3836 2840 3890 coelum
2877 3835 3146 3897 intentis,
3182 3840 3240 3889 et
3287 3851 3422 3889 cum
3473 3835 3752 3907 lacrymis

2092 3929 2389 3994 precatus,
2418 3923 2491 3978 ad
2515 3929 2751 3978 taurum
2774 3924 2917 3993 adit,
2941 3940 3274 3996 magnaque
3300 3940 3439 3979 voce
3463 3923 3577 3979 ait:
3610 3925 3748 3994 Ego,

2090 4011 2344 4066 Domine
2376 4012 2456 4066 mi
2486 4013 2623 4067 Jesu
2655 4013 2905 4067 Christe.
2940 4029 3140 4068 coram
3188 4012 3467 4066 omnibus
3499 4013 3749 4067 sanctis-

2091 4100 2310 4155 simum
2342 4106 2512 4155 tuum
2533 4117 2753 4156 nomen
2782 4101 3012 4169 invoco,
3036 4100 3377 4156 utuniversi
3408 4100 3751 4169 intelligant

2090 4193 2327 4243 taurum
2383 4189 2540 4243 hunc
2599 4206 2635 4244 a
2673 4188 2911 4244 diabolo
2969 4195 3268 4257 necatum,
3327 4190 3596 4244 invocato
3652 4195 3748 4244 tuo

2096 4276 2345 4331 viviﬁcio
2378 4276 2858 4332 etillustrissimo
2890 4278 3133 4331 nomine
3155 4278 3214 4330 in
3238 4277 3413 4330 vitam
3432 4276 3757 4337 reductum

2091 4381 2240 4421 esse.
2276 4365 2463 4420 Simul
2493 4365 2738 4437 propius
2796 4371 3029 4421 taurum
3089 4365 3374 4420 assistens
3432 4364 3552 4419 alta
3606 4382 3746 4420 voce

2092 4456 2455 4512 inclamavit.
2492 4458 2559 4511 In
2591 4457 2833 4511 nomine
2866 4457 3003 4511 Jesu
3051 4455 3286 4523 Christi,
3342 4471 3519 4525 quem
3580 4454 3748 4525 impii

2090 4546 2274 4601 Judaai
2308 4562 2492 4617 opera
2522 4546 2714 4601 Pontii
2741 4545 2913 4601 Pilati
2938 4546 3000 4600 in
3022 4560 3259 4601 crucem
3283 4550 3552 4615 egerunt,
3578 4560 3750 4616 surge

325 4632 468 4707 μετὰ
497 4629 744 4707 δακρύων
777 4631 948 4711 εὐχὴν
980 4634 1238 4700 ποιήσας,
1270 4632 1408 4705 πρὸς
1438 4632 1529 4687 τὸν
1567 4636 1765 4706 ταῦρον
1815 4632 1986 4688 ἀπελ-

2097 4652 2231 4690 cum
2259 4634 2591 4705 majestate.
2617 4635 2779 4690 Illico
2805 4641 3007 4690 taurus
3036 4639 3225 4689 totum
3247 4652 3462 4706 corpus
3495 4651 3753 4689 commo-

324 4722 436 4777 θὼν
474 4722 595 4776 εἷπε
627 4723 782 4798 φωνῇ
840 4717 1078 4794 μεγάλῃ·
1139 4720 1309 4794 Ἐγὼ,
1368 4720 1612 4775 Δὲσποτά
1655 4742 1761 4794 μου
1796 4720 1978 4791 Ἰησοῦ

324 4811 573 4886 Χριστὲ,
633 4811 696 4865 τὸ
751 4810 1017 4886 πανάγιον
1084 4805 1261 4881 ὄνομά
1320 4829 1415 4863 σου
1472 4804 1843 4883 ἐπικαλοῦμαι
1894 4810 1982 4866 ἐπὶ

320 4895 687 4967 πάντων,⁹ίνα
729 4899 872 4972 μάθῃ
929 4898 958 4952 6
1019 4898 1150 4960 λαὸς
1208 4896 1365 4960 οὗτος
1423 4898 1507 4953 ὅτι
1566 4895 1835 4954 διαϐόλου
1886 4902 1983 4974 μὲν

328 4985 509 5062 ὄνομα
566 4986 816 5065 ἐφόνευσε
870 4987 962 5041 τὸν
1018 4989 1239 5060 ταῦρον,
1296 4991 1392 5041 τοῦ
1447 4983 1505 5041 δὲ
1560 4992 1834 5057 ζωοποιοῦ
1891 4991 1983 5043 καὶ

318 5076 705 5154 φανερωτάτου
763 5096 860 5130 σου
935 5074 1201 5150 ὀνόματος
1258 5074 1544 5146 ἐπικλήσει
1600 5074 1980 5148 ἔζωοποιήθη.

321 5167 419 5224 Καὶ
455 5164 764 5236 πλησιάσας
824 5169 904 5236 τῷ
929 5165 1114 5239 ταύρῳ
1174 5165 1318 5239 λέγει
1382 5166 1519 5238 μετὰ
1570 5173 1816 5243 κραυγῆς
1881 5188 1980 5240 με-

319 5257 523 5333 γάλης·
568 5256 653 5311 Ἐν
690 5258 770 5325 τῷ
811 5253 1038 5326 ὀνόματι
1097 5255 1278 5323 Ἰησοῦ
1311 5258 1567 5329 Χριστοῦ,
1600 5257 1658 5310 ’ὀν
1693 5258 1744 5310 οἱ
1805 5256 1983 5331 παρά-

317 5367 484 5419 νομοι
545 5343 800 5403 Ἰουδαῖοι
862 5342 1202 5418 ἐσταύρωσαν
1271 5343 1359 5400 ἐπὶ
1421 5346 1655 5400 Ποντίου
1711 5345 1974 5416 Πιλάτου,

313 5433 578 5505 ἀνάστηθι
612 5433 746 5509 μετὰ
800 5433 1157 5505 σεμνότητος.
1216 5435 1312 5488 Καὶ
1370 5433 1639 5507 παρευθὺς
1696 5435 1726 5490 ὁ
1783 5439 1982 5511 ταῦρος

315 5522 446 5579 6'on
489 5523 679 5579 ἑαυτὸν
733 5522 961 5593 κίνήσας
1022 5521 1233 5592 ἀνέστη.
1298 5521 1398 5577 Καὶ
1457 5521 1627 5587 λύσας
1685 5523 1859 5578 αὐτοῦ
1915 5525 1982 5578 τὰ

392 5746 440 5784 ⁹⁴
467 5750 640 5807 Deut.
673 5750 853 5820 xxxii,
885 5749 975 5805 39.

2093 4741 2235 4780 vens
2277 4725 2552 4780 surrexit.
2612 4725 2798 4790 Quem
2857 4724 3135 4780 Silvester
3181 4724 3432 4779 vinculis
3491 4723 3750 4778 solutum

2094 4813 2257 4868 abire
2288 4814 2449 4869 unde
2496 4819 2739 4868 venerat
2797 4819 2855 4869 et
2911 4814 3069 4868 inter
3124 4813 3387 4869 eundum
3445 4813 3747 4869 neminem

2092 4902 2531 4974 laederejussit.
2568 4904 2685 4957 Hoc
2731 4908 2852 4957 tam
2910 4904 3119 4976 ingens
3169 4904 3521 4959 miraculum
3563 4903 3748 4957 Judmi

2096 4997 2432 5058 cernentes,
2467 5008 2653 5062 eoque
2676 4991 2953 5062 perculsi,
2978 4992 3175 5047 statim
3202 5009 3264 5047 se
3295 4992 3370 5047 ad
3391 4991 3570 5062 pedes
3594 4991 3749 5045 beati

2094 5080 2356 5135 Silvestri
2376 5079 2637 5134 universi
2694 5078 3064 5151 abjecerunt,
3096 5097 3165 5136 ac
3195 5085 3464 5134 sanctum
3522 5077 3748 5149 baptis-

2093 5185 2258 5224 mum
2292 5185 2429 5223 eum
2470 5168 2902 5240 ﬂagitaverunt.
2953 5170 3088 5240 Ipsa
3119 5184 3355 5239 quoque
3405 5166 3747 5222 felicissima

2090 5257 2298 5330 regina
2321 5257 2544 5313 Helena
2559 5257 2633 5313 ad
2664 5258 2846 5329 pedes
2870 5258 3135 5313 Silvestri
3166 5256 3401 5323 accidit,
3425 5254 3745 5326 locumque

2092 5347 2205 5401 sibi
2235 5347 2599 5418 paenitentia;
2631 5347 2781 5403 495
2819 5345 3061 5401 concedi
3112 5345 3301 5416 petiit.
3353 5346 3432 5399 Eo
3463 5343 3616 5399 facto
3648 5361 3746 5398 ve-

2090 5436 2404 5492 hementer
2456 5437 2688 5510 gavisus
2746 5443 2834 5491 est
2889 5435 3213 5505 imperator
3259 5433 3474 5489 Christi
3533 5449 3742 5488 amans

2090 5524 2553 5599 beatissimaque
2584 5528 2847 5597 Augusta
2875 5530 2935 5580 et
2959 5528 3116 5578 totus
3146 5523 3423 5595 populus,
3463 5522 3749 5578 universi-
