4144 6452
329 411 448 475 539

1699 407 2025 475 GEORGII
2067 409 2409 476 CEDRENI

3623 410 3747 477 540

331 565 445 620 que
462 564 570 620 per
598 548 746 604 duas
792 548 972 603 horas
1017 544 1317 604 vociferati
1367 549 1540 602 sunt:
1592 547 1834 619 Magnus
1893 552 1985 602 est

2115 547 2325 618 ῖεσμᾶὁ
2368 548 2519 623 ἅγιος
2581 540 2913 622 Σίλϐεστρος
2967 544 3233 602 ἀπέλυσεν
3291 545 3479 616 αὐτὸν,
3541 548 3739 623 λέγων·

328 639 485 693 Deus
515 638 1011 693 Christianorum.
1052 639 1137 692 Ita
1166 635 1238 691 ab
1287 634 1564 690 omnibus
1611 635 1983 691 admirabilis

330 732 421 781 est
502 728 858 799 praedicatus
936 726 1409 782 Christianorum
1482 726 1635 782 Deus
1683 725 1981 798 hujusque

329 816 605 871 minister
634 816 842 871 beatus
876 815 1170 871 Silvester.
1204 815 1421 869 Eadem
1456 815 1602 870 hora
1632 815 1753 869 suis
1772 815 1979 886 praeci-

331 905 441 959 bus
474 910 713 959 sanctus
743 920 894 975 papa
937 903 1159 958 multos
1203 919 1238 958 a
1282 903 1621 958 daemonum
1675 904 1981 958 vexatione

328 993 634 1061 liberavit;
695 994 986 1063 multique
1064 993 1166 1048 alii
1232 992 1423 1048 morbi
1484 994 1673 1049 sanati
1733 999 1872 1049 sunt
1925 993 1981 1048 vi

334 1085 566 1141 Domini
616 1085 803 1139 nostri
846 1085 985 1139 Jesu
1041 1084 1278 1149 Christi,
1340 1083 1651 1155 magniﬁce
1707 1100 1814 1156 per
1843 1099 1982 1138 suos

332 1174 558 1244 agentis
590 1179 847 1231 sanctos.
882 1173 1180 1244 Baptizata
1211 1177 1409 1228 autem
1440 1173 1683 1228 Judaica
1719 1172 1985 1229 multitu-

331 1263 467 1318 dine
492 1278 774 1335 magnum
804 1261 916 1316 fuit
973 1264 1175 1318 Romae
1207 1266 1266 1317 et
1316 1262 1379 1317 in
1412 1266 1532 1317 tota
1588 1263 1802 1318 vicinia
1839 1278 1982 1334 gau-

333 1352 517 1406 dium.

2095 634 2337 710 [Ῑορεύου
2363 636 2481 692 ὅθεν
2512 634 2699 706 ἦλθες,
2736 633 2940 710 μηδένα
2969 636 3105 690 κατὰ
3131 636 3229 704 τὴν
3269 633 3394 691 ὁδὸν
3449 634 3736 708 ἀδικήσας.

2089 726 2261 800 Ὅπερ
2297 728 2436 803 μέγα
2466 730 2650 799 θαῦμα
2704 721 2962 781 Ἰουδαῖοι
3019 724 3338 799 θεασάμενοι
3395 726 3484 781 καὶ
3536 725 3747 805 σφόδρα

2089 811 2520 891 καταπλαγέντες
2574 815 2766 869 αὐτίκα
2857 814 3189 889 προσέπεσον
3260 815 3336 877 είς
3382 816 3510 878 τοὺς
3568 814 3742 878 πόδας

2086 906 2183 958 τοῦ
2214 902 2373 977 ἁγίου
2422 900 2752 978 Σιλϐέστρου
2810 903 3026 974 πάντες,
3091 903 3406 977 αΐτούμενοι
3464 905 3525 959 τὸ
3584 901 3741 983 ἅγιον

2092 990 2392 1066 βάπτισμα.
2427 989 2605 1047 Ἀλλᾶ
2632 992 2725 1047 καὶ
2755 993 2892 1063 αύτή
2926 995 2960 1063 ἡ
3016 995 3402 1068 μακαριωτάτη
3441 992 3747 1068 βασίλισμα

2090 1080 2285 1152 Ἑλένη
2319 1085 2698 1155 προσπεσοῦσα
2732 1086 2857 1144 τοῖς
2887 1081 3015 1138 ποσὶ
3069 1082 3172 1137 τοῦ
3211 1081 3372 1157 ἁγίου
3407 1078 3744 1158 Σιλϐέστρου

2091 1168 2453 1245 παρεκαλεῐτο
2506 1172 2674 1226 τόπον
2748 1173 2887 1246 αὐτῇ
2967 1172 3252 1245 μετανοίας
3310 1178 3749 1247 παρασχεθῆναι.

2093 1260 2197 1318 Καὶ
2226 1261 2422 1317 τούτου
2454 1262 2751 1336 γενομένου
2783 1261 2959 1341 ἐχάρη
3020 1262 3273 1337 μεγάλως
3307 1262 3337 1317 6'
3392 1284 3451 1318 τε
3481 1261 3745 1340 φιλόχρι-

2094 1370 2217 1411 στος
2254 1350 2508 1426 βασιλεὺς
2538 1351 2628 1407 καὶ
2676 1354 2711 1420 ἡ
2763 1352 3147 1427 μακαριωτάτη
3185 1351 3465 1427 Λύγοῦστα
3519 1351 3609 1406 καὶ
3640 1354 3748 1407 πᾶν

323 1441 387 1495 τὸ
417 1439 633 1508 πλῆθος
662 1444 759 1495 τοῦ
790 1438 950 1508 λαοῦ,
985 1439 1123 1495 ὥστε
1153 1439 1262 1509 ἐπὶ,
1294 1438 1440 1514 ὥρας
1468 1436 1565 1493 δύο
1594 1440 1807 1512 κράζειν
1840 1438 2100 1501 ἅπαντας·
2141 1441 2330 1516 Μέγας
2359 1440 2387 1495 6
2419 1442 2548 1504 Θεὸς
2589 1445 2697 1496 τῶν
2731 1443 3093 1514 Χριστιανῶν.
3139 1440 3238 1496 Καὶ
3270 1442 3445 1503 οὕτως
3501 1441 3744 1514 ἐθαυμα-

333 1529 516 1598 στώθη
554 1529 657 1583 ὑπὸ
687 1527 900 1582 πάντων
930 1529 958 1582 6
989 1528 1118 1589 Θεὸς
1146 1532 1255 1583 τῶν
1287 1530 1622 1601 Χριστιανῶν
1652 1528 1740 1582 καὶ
1773 1527 1803 1581 6
1834 1528 2029 1582 τούτου
2062 1529 2308 1603 θεράπων
2339 1524 2490 1604 ἅγιος
2542 1525 2889 1604 Σίλϐεστρος.
2922 1531 3008 1587 Ἐν
3041 1529 3178 1605 αὐτῇ
3235 1534 3304 1604 τῇ
3363 1526 3481 1607 ὥρᾳ
3535 1529 3744 1585 πολλοὶ

340 1615 711 1690 δαιμονῶντες
743 1616 1175 1692 ἐθεραπεύθησαν
1205 1615 1272 1671 δι’
1305 1616 1483 1691 εὐχῶν
1516 1620 1612 1671 τοῦ
1640 1616 1793 1691 ἅγίου
1824 1615 1998 1688 πάπα,
2055 1618 2147 1672 καὶ
2205 1616 2350 1673 ἄλλα
2382 1617 2438 1673 δὲ
2466 1619 2609 1690 πάθη
2644 1619 2831 1675 πώλα
2871 1620 2961 1675 καὶ
2990 1621 3138 1675 νόσοι
3197 1620 3620 1691 ἐκαθαρίσθησαν
3678 1625 3749 1694 τῇ

338 1704 565 1779 δυνάμει
595 1711 693 1761 τοῦ
726 1705 930 1781 Κυρίου
955 1707 1115 1779 ἡμῶτ
1149 1709 1334 1775 Ἰησοῦ
1365 1708 1603 1782 Χριστοῦ
1631 1710 1728 1760 τοῦ
1788 1703 2211 1779 ἐνδοξαζομένου
2277 1706 2329 1761 ἐν
2396 1713 2512 1769 τοῖς
2567 1708 2744 1785 ἁγίοις
2807 1708 2995 1765 αὐτοῦ.
3055 1712 3165 1766 Τοῦ
3221 1706 3278 1764 δὲ
3342 1709 3591 1779 πλήθους
3646 1712 3756 1762 τῶν

332 1794 612 1852 Ἰουδαίων
648 1794 1035 1869 βαπτισθέντος
1072 1795 1273 1869 μεγέλη
1310 1794 1455 1870 χαρὰ
1482 1792 1691 1870 γέγονεν
1722 1793 1775 1849 ἐν
1804 1793 1948 1869 πάσῃ
1977 1800 2046 1870 τῇ
2069 1798 2257 1871 Ῥώμῃ
2292 1798 2383 1851 καὶ
2413 1800 2481 1871 τῇ
2511 1800 2813 1874 περιχώρῳ
2845 1796 3034 1867 αὒτῆς.

407 1888 578 1941 Anno
637 1886 871 1957 imperii
928 1886 1297 1941 Constantini
1357 1887 1424 1940 14
1491 1890 1551 1941 et
1608 1890 1672 1940 15
1733 1885 1991 1942 Licinius

2169 1889 2262 1958 Τῷ
2305 1884 2373 1940 ιδ’
2401 1887 2491 1941 καὶ
2527 1887 2586 1941 ιε’
2617 1882 2722 1942 ἔτει
2758 1887 3003 1951 Λικίνιος
3058 1885 3261 1961 ἤρξατο
3321 1887 3457 1942 κατὰ
3489 1891 3754 1962 Χριστια-

340 1980 648 2047 pactorum
684 1975 926 2045 oblitus,
980 1976 1458 2046 persecutionem
1494 1974 1775 2030 adversus
1828 1975 1995 2030 Chri-

340 2065 568 2120 stianos
627 2065 868 2119 molitus
926 2070 1035 2120 est.
1096 2066 1281 2131 Quem
1341 2080 1448 2136 per
1505 2064 1734 2120 litteras
1792 2064 1995 2119 offﬁcii

340 2171 592 2209 monens
624 2154 1070 2222 Constantinus,
1106 2159 1172 2209 ut
1201 2171 1236 2210 a
1277 2153 1507 2209 malitia
1535 2152 1849 2209 desisteret
1879 2169 1999 2209 non

343 2243 659 2313 persuasit.

417 2333 601 2387 Annis
634 2336 721 2399 16,
758 2336 823 2386 17
858 2338 915 2387 et
977 2335 1040 2387 18
1097 2349 1191 2387 res
1226 2336 1435 2388 contra
1492 2332 1743 2404 impium
1794 2332 2000 2387 Arium

347 2426 512 2493 gesta
542 2427 649 2488 est,
695 2421 1160 2492 concilliumque
1193 2437 1427 2476 sacrum
1480 2422 1741 2492 primum
1775 2438 1845 2475 ex
1876 2426 2000 2474 toto

346 2516 640 2565 terrarum
720 2511 861 2565 orbe
938 2510 1345 2578 collectorum,
1424 2526 1555 2581 qute
1631 2510 1998 2564 uecumenica

341 2599 656 2653 nominaut
686 2599 885 2664 Graeci,
949 2600 1175 2665 Nicaeae,
1239 2614 1273 2653 a
1330 2600 1432 2653 3l8
1490 2598 1711 2653 sanctis
1769 2614 1837 2652 ac
1895 2598 2001 2652 Dei

351 2690 564 2762 spiritu
594 2689 788 2761 plenis
809 2690 1081 2745 Patribus
1107 2690 1494 2755 celebratum,
1519 2689 1723 2743 Arium
1744 2688 1992 2760 ejusque

343 2784 665 2835 sectatores
686 2779 1053 2850 proscripsit.
1097 2779 1263 2834 Tunc
1293 2778 1621 2851 imperator
1677 2778 1859 2833 etiam
1892 2792 2002 2831 eos

347 2869 447 2941 qui
478 2868 816 2923 Iudaeorum
859 2884 1021 2923 more
1080 2868 1307 2923 Pascha
1362 2865 1766 2937 celebrabant,
1820 2882 2004 2939 opera

347 2958 709 3013 sanctissimi
741 2957 1025 3013 Cordubae
1084 2958 1344 3028 episcopi
1376 2956 1672 3022 inhibuit;
1742 2959 1801 3011 et
1856 2957 2001 3011 Con-

349 3053 608 3102 stantem
668 3047 857 3102 filium
924 3062 1098 3102 suum
1167 3047 1460 3102 Cassarem
1508 3046 1882 3119 designatum
1940 3045 2003 3100 in

352 3136 571 3192 Gallias
600 3136 782 3192 misit.
818 3140 946 3207 Ipse
1003 3137 1118 3191 isto
1173 3140 1440 3205 tempore
1494 3136 1839 3192 recordatus
1883 3135 2001 3191 sibi

2100 1979 2206 2028 νῶν
2241 1970 2482 2048 διωγμόν
2514 1980 2697 2044 κινεῖν,
2733 1974 2912 2046 λήθην
2946 1971 3132 2030 λαϐὼν
3153 1980 3261 2030 τῶν
3326 1974 3748 2052 προγεγονότων

2104 2068 2403 2134 συνθηκῶν.
2456 2068 2655 2119 Τοῦτον
2701 2062 2788 2120 διὰ
2813 2067 3150 2141 γραμμάτων
3209 2069 3475 2129 νουθετῶν
3510 2067 3537 2119 ὁ
3572 2061 3760 2141 Μέγας

2105 2155 2504 2214 Κωνσταντῖνος
2536 2155 2836 2223 ἀποστῆναι
2866 2156 2966 2223 τῆς
2990 2154 3179 2217 κακίας
3218 2154 3320 2209 οὐκ
3351 2152 3544 2213 ἔπεισε.

2176 2334 2260 2405 [Ρ.
2292 2333 2419 2407 283]
2449 2337 2541 2406 Τῷ
2575 2334 2638 2397 ις’
2665 2334 2756 2388 καὶ
2790 2335 2852 2403 ιζ
2882 2333 2971 2389 καὶ
3030 2340 3097 2405 ιη’
3127 2330 3231 2388 ἔτει
3260 2333 3327 2388 τὰ
3372 2334 3511 2388 κατὰ
3542 2334 3757 2410 Ἀρείου

2105 2424 2202 2475 τοῦ
2234 2416 2525 2484 δυσσεϐοῦς
2571 2422 2844 2501 ἐπράχθη,
2885 2423 2973 2477 καὶ
3002 2424 3037 2492 ἡ
3068 2424 3123 2477 εν
3172 2422 3371 2495 Νικαίᾳ
3406 2424 3600 2498 πρώτη
3633 2424 3761 2497 ἁγία

2104 2510 2195 2565 καὶ
2249 2510 2607 2583 οἶκουμενικὴ
2660 2508 2882 2573 σύνοδος
2932 2517 3039 2567 τῶν
3106 2511 3435 2587 τριακοσίων
3486 2510 3761 2567 δεκαοκτὼ

2108 2598 2278 2676 ἁγίων
2307 2600 2583 2679 θεοφόρων
2627 2596 2876 2675 Ιιατέρων
2937 2599 3171 2674 ἐγένετο,
3222 2600 3345 2672 ἥτις
3402 2602 3491 2656 τὸν
3542 2602 3762 2677 Ἀρειον

2108 2688 2360 2750 καὶτοὺς
2410 2688 2721 2764 ὁμόφρονας
2780 2688 2945 2744 αὐτοῦ
2976 2689 3374 2762 ἀνεθεμάτισεν.
3436 2691 3523 2746 Ἐν
3578 2690 3762 2763 τούτῳ

2107 2779 2363 2841 καὶτοὺς
2396 2775 2708 2841 Ἰουδαϊκῶς
2759 2779 2823 2834 τὸ
2880 2778 3076 2854 Πάσχα
3132 2779 3487 2854 ἑορτάζοντας
3519 2777 3607 2834 διὰ
3657 2782 3755 2835 τοῦ

2109 2866 2411 2923 ὁσιωτάτου
2497 2867 2794 2924 ἐπισκόπου
2871 2863 3195 2944 Κοδρούϐης
3250 2871 3360 2943 (80)
3447 2867 3757 2945 ἐπέστρεψε·

2111 2957 2201 3013 καὶ
2229 2958 2549 3019 Κώνςταντα
2601 2958 2695 3013 τὸν
2753 2957 2869 3013 υἱὸν
2930 2957 3094 3012 αὐτοῦ
3150 2953 3572 3034 προϐαλόμενος
3629 2955 3766 3016 Καί-

2112 3066 2247 3123 σαρα
2275 3047 2351 3109 εἷς
2383 3045 2620 3109 Γαλλίας
2671 3046 3006 3104 ἀπέστειλεν.
3041 3046 3130 3104 Ἐν
3184 3049 3404 3110 ταύταις
3470 3053 3590 3111 ταῖς
3620 3048 3769 3123 ᾑμέ-

2113 3157 2233 3210 ραις
2291 3135 2369 3200 εἷς
2445 3138 2665 3210 μνήμην
2745 3132 2963 3212 ἔρχεται
3020 3140 3119 3192 τοῦ
3172 3136 3472 3215 γενομένου
3528 3135 3767 3208 πλησίον

352 3226 652 3299 quondam
674 3243 856 3299 prope
877 3229 1123 3281 Romam
1156 3226 1219 3281 in
1250 3227 1473 3281 somnis
1504 3242 1537 3281 a
1568 3226 1817 3282 Domino
1840 3242 2002 3282 man-

2115 3225 2335 3298 Ῥώμης
2395 3225 2498 3279 ὑπὸ
2574 3227 2671 3281 τοῦ
2757 3225 2958 3299 Κυρίου
3028 3225 3165 3301 πρὸς
3233 3225 3391 3281 αὐτὸν
3449 3225 3586 3281 κατᾶ
3638 3226 3769 3288 τοὺς

351 3318 550 3372 datum
575 3318 660 3371 uti
683 3333 751 3372 eo
783 3316 935 3385 loco,
964 3332 1141 3387 quem
1172 3314 1299 3387 ipse
1331 3316 1384 3371 ei
1418 3321 1576 3372 esset
1608 3315 1999 3380 indicaturus,

348 3407 501 3462 496
524 3406 627 3461 Dei
658 3405 1008 3479 genenitrici
1024 3406 1233 3461 urbem
1258 3405 1708 3473 conderet,dum
1731 3404 2004 3476 regiones

348 3497 493 3552 istas
538 3500 597 3550 et
615 3495 747 3551 loca
772 3493 1228 3566 contemplatur,
1283 3493 1764 3550 Thessalonicam
1826 3493 2002 3548 venit.

349 3587 475 3650 Quo
500 3584 627 3640 loco
677 3583 1025 3650 delectatus,
1078 3584 1391 3639 biennium
1449 3584 1530 3638 ibi
1581 3586 2003 3651 commoratus,

356 3673 567 3729 urbem
581 3673 1183 3745 magniﬁcistemplis,
1208 3672 1439 3728 balneis
1461 3678 1519 3727 et
1551 3671 2006 3743 aqumductibus

354 3764 675 3819 exornavit.
708 3763 840 3831 Sed,
874 3769 1039 3835 peste
1089 3764 1431 3835 ingruente,
1466 3778 1597 3817 eam
1623 3761 2000 3833 relinquens,

352 3853 495 3907 inde
525 3851 958 3907 Chalcedonem
990 3852 1280 3925 Bithynia
1334 3850 1544 3905 urbem
1595 3865 1656 3906 se
1714 3850 2005 3919 contulit;

354 3958 607 4013 eamque
640 3942 766 3997 solo
798 3945 1153 4013 prostratam
1176 3959 1210 3997 ει
1231 3940 1427 3995 Persis
1448 3940 1756 3996 inveniens
1787 3941 2009 3995 instau-

354 4048 487 4087 rare
519 4046 826 4105 aggressus
858 4037 967 4086 est.
1014 4030 1224 4085 Statim
1267 4035 1464 4084 autem
1513 4029 1726 4102 aquilae
1780 4029 2008 4101 lapides

352 4121 538 4177 fabris
569 4125 803 4193 ereptos
835 4121 909 4175 ad
954 4119 1164 4175 urbem
1218 4119 1563 4192 Byzantium
1605 4120 2005 4192 projecerunt.

292 4237 310 4255 κ
351 4210 416 4265 Id
465 4227 600 4266 cum
633 4225 1043 4281 saepenumero
1103 4208 1276 4263 ﬁeret
1324 4207 1712 4279 omniumque
1778 4208 2008 4263 animos

357 4314 680 4370 suspensos
703 4295 1208 4367 teneret,quidam
1238 4296 1538 4368 regiorum
1572 4296 2008 4364 ministrorum,

353 4390 684 4460 Euphratas
714 4388 978 4451 nomine,
1014 4385 1322 4458 explicavit
1358 4403 1509 4455 rem,
1558 4402 1773 4459 nempe
1822 4388 2010 4441 Deum

354 4478 437 4531 ibi
470 4477 620 4531 velle
651 4477 859 4530 urbem
888 4491 1009 4530 sum
1038 4475 1205 4529 Matri
1239 4475 1434 4530 condi.
1459 4476 1790 4547 Imperator
1811 4475 2009 4529 statim

358 4567 593 4638 trajecit
621 4582 690 4619 eo
714 4583 727 4631 ;
773 4580 1029 4634 cumque
1060 4564 1257 4621 locum
1289 4565 1646 4636 inspexisset
1675 4569 1734 4619 et
1762 4564 2010 4635 probas-

360 4660 471 4719 set,
528 4655 892 4726 Euphratem
977 4652 1139 4725 operi
1216 4653 1486 4726 praeﬁcit,
1542 4653 1774 4724 magnis
1825 4654 2011 4725 copiis

358 4744 688 4815 opibusque
720 4743 1096 4799 instructum.
1130 4744 1261 4815 Ipse
1293 4743 1355 4797 in
1388 4744 1596 4797 Persas
1649 4742 2009 4814 proﬂcistur.

352 4834 438 4888 Ibi
472 4850 607 4888 cum
640 4833 692 4888 in
725 4833 987 4888 hostium
1019 4849 1229 4888 manus
1260 4831 1616 4897 devenisset,
1649 4831 1849 4887 divina
1879 4849 2010 4904 pro-

353 4923 617 4979 videntia
646 4928 1000 4995 procurante
1049 4939 1149 4977 eas
1206 4920 1429 4992 effugit,
1464 4936 1531 4975 ac
1561 4919 1635 4975 ad
1668 4920 2008 4993 Byzantium

2114 3313 2314 3374 ὕπνους
2342 3313 2785 3390 προστάγματος,
2827 3312 2959 3382 ὅπερ
3015 3315 3081 3382 ἦν
3138 3312 3399 3390 λέγοντος
3461 3311 3767 3388 οἰκοδομῆ-

2118 3423 2205 3456 σαι
2234 3404 2302 3475 τῇ
2361 3402 2610 3475 Θεοτόκῳ
2666 3402 2829 3458 πόλιν
2859 3404 2972 3477 (81)
3004 3402 3055 3459 έν
3108 3403 3154 3475 ᾧ
3206 3403 3359 3476 τόπῳ
3419 3403 3580 3466 αὐτὸς
3632 3405 3769 3459 ὑπο-

2119 3491 2273 3567 δείξω
2309 3513 2415 3551 σοι.
2450 3494 2548 3548 Καὶ
2581 3491 2648 3563 δὴ
2698 3491 2767 3548 τὰ
2821 3494 2958 3549 κατὰ
3009 3494 3196 3569 χώραν
3229 3493 3318 3549 καὶ
3373 3491 3575 3558 τόπους
3630 3494 3777 3570 ἐρευ-

2118 3586 2224 3638 νῶν
2256 3586 2324 3657 τῇ
2357 3580 2725 3657 Θεσσαλονίκῃ
2760 3578 3078 3653 ἐπιϐαίνειν,
3110 3582 3199 3638 καὶ
3237 3586 3317 3656 τῷ
3344 3580 3499 3656 τόπῳ
3531 3581 3775 3658 δρεσθεὶς

2121 3669 2239 3725 δυσὶ
2301 3670 2525 3747 χρόνοις
2590 3669 2703 3727 ἐκεῖ
2752 3667 3039 3748 διατρίϐει.
3097 3670 3277 3735 Ναοὺς
3330 3693 3388 3728 τε
3441 3672 3779 3746 θαυμασίους

2118 3761 2209 3816 καὶ
2268 3759 2473 3834 λουτρὰ
2529 3759 2617 3816 καὶ
2674 3757 2882 3816 ὑδάτων
2943 3760 3245 3839 εἰσαγωγὰς
3309 3762 3781 3836 κατασγευασάμε-

2118 3871 2231 3913 νος,
2266 3851 2339 3912 ὡς
2371 3847 2483 3905 εἶδε
2532 3848 2731 3925 λοιμὸν
2791 3849 3191 3924 ἐπιγενόμενον,
3222 3851 3426 3922 ταύτην
3465 3852 3559 3925 μὲν
3611 3871 3781 3906 κατα-

2121 3937 2407 4013 λιμπάνει,
2439 3938 2526 3993 ἐπὶ
2559 3936 2616 3994 δὲ
2665 3939 2766 4008 τήν
2835 3940 3074 3994 Βιθυνῶν
3136 3935 3465 4010 Χαλκηδόνα
3530 3937 3775 4014 ἔρχεται,

2124 4028 2227 4083 ὑπὸ
2283 4032 2390 4083 τῶν
2447 4031 2668 4102 Περσῶν
2751 4024 3181 4106 ἔξηδαφισμένην
3260 4026 3429 4102 εύρὼν
3493 4026 3783 4084 ἀνοικοδο-

2127 4122 2244 4191 μεῖν
2275 4115 2502 4193 ἤρξατο.
2560 4116 2665 4173 Καὶ
2716 4115 2916 4178 εὐθέως
2964 4116 3112 4171 ἀετοὶ
3164 4115 3291 4180 τοὺς
3348 4120 3455 4172 τῶν
3514 4122 3781 4196 τεχνιτῶν

2126 4205 2313 4265 λίθους
2398 4204 2727 4280 ἁρπάζοντες
2828 4209 2905 4276 τῷ
2991 4204 3271 4278 Βυζαντίῳ
3354 4207 3779 4283 προσέῤῥιπτονσ

2124 4293 2335 4352 Τούτου
2368 4290 2426 4348 δὲ
2454 4291 2727 4355 πολλάκις
2785 4293 3079 4369 γενομένου
3150 4296 3253 4350 ὑπὸ
3311 4294 3528 4350 πάντων
3588 4293 3785 4352 διαπο-

2130 4384 2416 4459 ρουμένου,
2452 4383 2529 4445 εἷς
2582 4388 2690 4437 τῶν
2746 4384 3197 4458 ὑπηρετουμένων
3253 4389 3332 4457 τῷ
3401 4384 3619 4459 βασιλεῖ
3678 4385 3781 4443 Eu-

2126 4476 2331 4550 φρατᾶς
2359 4471 2658 4547 λεγόμενος
2691 4470 3008 4552 διεσάφησεν
3060 4474 3134 4534 ὡς
3163 4470 3276 4529 ἐκεῖ
3329 4473 3491 4553 φίλον
3543 4474 3655 4530 ἐστὶ
3704 4478 3782 4547 τῷ

2128 4567 2244 4635 Θεῷ
2272 4564 2343 4635 τῇ
2394 4562 2580 4637 Μητρὶ
2627 4563 2793 4616 αὑτοῦ
2832 4566 3114 4632 κτισθῆναι
3171 4562 3355 4622 πόλιν.
3416 4562 3631 4627 Εὐθέως
3690 4564 3782 4618 οῦν

2122 4649 2470 4726 διαπεράσας,
2501 4650 2591 4704 καὶ
2631 4652 2723 4706 τὸν
2780 4652 2947 4706 τόπον
3000 4649 3238 4706 κατιδὼν
3293 4651 3382 4708 καὶ
3441 4651 3783 4727 ἀποδεξάμε-

2118 4760 2233 4810 νος,
2300 4740 2391 4795 τὸν
2453 4739 2737 4819 Εὖφρατᾶν
2794 4739 3088 4811 ἐπιστάτην
3135 4743 3233 4795 τοῦ
3289 4736 3451 4817 ἔργου
3498 4740 3774 4815 καταλιμ-

2118 4835 2273 4885 πάνει
2309 4831 2444 4901 μετὰ
2504 4831 2718 4906 βαρείας
2772 4828 3052 4903 δυνάμεως
3098 4831 3187 4886 καὶ
3227 4831 3473 4889 πλούτου
3531 4832 3771 4888 πολλοῦ.

2120 4920 2225 4976 Καὶ
2269 4918 2429 4983 αὐτὸς
2493 4919 2746 4996 βασιλεὺς
2801 4921 2938 4975 κατὰ
2996 4921 3216 4997 Περσῶν
3262 4920 3558 4996 ἀποδημεῖ.
3609 4924 3773 4984 Ἔνθα

1571 5075 1932 5132 XYLANDRI
1968 5079 2055 5132 ET
2092 5077 2305 5132 GOARI
2343 5078 2566 5134 NOT/E.

429 5197 543 5267 (80)
602 5195 849 5263 Scribe,
909 5184 1278 5267 Καρδούϐης.
1360 5189 1645 5267 Loquitur
1727 5190 1799 5246 de
1877 5192 2014 5247 Osio

356 5262 644 5325 Cordubae
678 5262 979 5338 episcopo,
995 5262 1130 5338 'viro
1142 5335 1151 5338 Α
1165 5277 1404 5338 magnai
1417 5333 1427 5338 _
1440 5262 1553 5338 isto
1612 5269 1876 5338 tempore
1888 5336 1895 5338 _
1908 5279 2015 5338 au-

357 5341 670 5399 ctoritatis.
715 5332 787 5393 ut
835 5332 906 5393 ex
940 5335 1194 5390 Eusebio
1238 5340 1296 5388 et
1326 5332 1570 5405 reliquis
1627 5332 2016 5405 scriptoribus

361 5410 782 5467 ecclesiasticis
844 5413 1055 5463 notum
1110 5412 1217 5461 est.
1270 5403 1413 5458 Vide
1472 5405 1582 5459 hac
1617 5404 1688 5459 de
1716 5403 1780 5460 re
1813 5407 2016 5461 Socra-

359 5488 480 5537 tem
510 5500 548 5548 ι,
578 5486 613 5549 7
657 5487 715 5549 et
742 5485 795 5549 9,
857 5482 1079 5549 Sozomr.
1136 5494 1170 5541 ι,
1210 5479 1295 5539 16,
1356 5476 1776 5549 Theodoritum
1810 5495 1846 5542 ι,
1878 5478 2017 5549 Χγῐτ.

358 5544 797 5624 τ-Κορδούϐηςξ
856 5548 1246 5624 Theophanes
1307 5563 1565 5624 quoque
1603 5548 1725 5624 vice
1787 5544 2020 5624 [{_op806-

356 5618 479 5691 6ης,
504 5618 677 5696 juxta
717 5618 1036 5696 receptum
1077 5619 1384 5696 a__Gra>cjs
1430 5619 1746 5696 modernis
1792 5618 2022 5696 litteras

354 5686 784 5767 transponendi
810 5686 1056 5747 morem.
1090 5692 1181 5745 Sic
1207 5686 1430 5763 κραδίαν
1476 5697 1535 5746 et
1578 5688 1869 5764 ἀμύγλαδα
1894 5693 2021 5747 loco

2124 5188 2348 5319 ἓαρδίαν
2408 5198 2467 5247 et
2523 5188 2819 5269 ἀμύγδαλα
2892 5194 3295 5265 pronuntiant
3373 5200 3429 5250 et
3496 5196 3785 5253 scribunt.

2173 5280 2302 5319 on.

2173 5280 2302 5319 OAR.

2198 5338 2322 5408 (8t),
2369 5336 2517 5391 Hinc
2574 5341 2641 5390 ut
2694 5335 2960 5408 Deiparaa
3037 5337 3232 5408 dicata
3297 5335 3562 5392 Θεότοκου
3618 5338 3784 5402 πόλις

2133 5407 2695 5483 quandoque,_sicut
2724 5406 3401 5483 et_'vao~cavnv061rokt5
3442 5411 3675 5483 legitur.
3706 5414 3791 5470 Ita

2129 5480 2415 5533 Maximum
2450 5482 2483 5533 2
2514 5478 2666 5539 Maii.
2702 5480 2873 5551 cujus
2911 5481 3316 5535 anniversario
3349 5480 3443 5537 die
3501 5478 3791 5540 redeunte

2131 5566 2239 5625 per
2266 5555 2455 5625 totum
2488 5551 2785 5625 Qrientem
2806 5551 3185 5625 celebrantur
3215 5554 3501 5619 encaenia,
3536 5571 3790 5625 quorum

2133 5623 2449 5697 historiam
2503 5622 2637 5677 festi
2696 5624 3398 5697 ejusdemisynaxariam
3440 5622 3702 5697 exhibet,
3736 5636 3796 5685 et

2133 5694 2387 5748 Zonaras
2418 5702 2845 5750 commemorat
2876 5696 2938 5749 in
2969 5695 3378 5751 Constantino.
3413 5697 3587 5753 Goxa.
