4144 6418
349 394 471 458 641

1489 395 1856 458 HISTORIA
1869 391 2039 457 RUM
2083 394 2633 462 COMPENDIUM.

3640 398 3762 460 542

346 523 418 597 δὴ
449 530 542 581 καὶ
583 526 876 601 κρατηθεὶς
931 530 1063 581 Θεοῦ
1120 528 1348 602 προνοίᾳ
1394 526 1488 589 τᾶς
1544 547 1752 582 τουτων
1812 523 1998 582 ἀποδι-

2121 545 2390 586 reversus
2439 536 2547 587 est.
2606 531 2938 603 Euphratas
3012 530 3321 586 canalibus
3367 531 3771 588 subterraneis

350 614 570 692 δράσκει
599 622 793 693 χεῖρας
821 618 911 672 καὶ
960 615 1096 692 πρός
1135 619 1198 673 τὸ
1255 618 1548 687 Βυζάντιον
1598 616 2007 695 ἑπαναστρέφει,

345 708 411 764 Ὀ
504 704 684 780 μέντοι
768 705 1056 783 Εὗφρατᾶς
1127 707 1254 771 τοὺς
1335 706 1606 769 κανάλους
1696 708 2010 781 ὖπονόμους

343 796 749 860 κατασκευάσας
777 796 869 851 καὶ
909 796 1085 858 πάσας
1144 796 1325 872 πηγὰς
1385 794 1597 853 ὑδάτων
1652 796 2008 873 ἀναστρομώ-

344 906 443 947 σας
476 889 581 940 τῶν
614 904 806 960 τειγων
855 880 1084 958 ἤρζατα·
1126 885 1218 939 καὶ
1270 883 1438 940 πάλιν
1502 886 1554 940 οἱ
1616 887 1816 960 Πέρσαι
1873 885 2007 941 κατὰ

334 975 760 1047 Ῥωμανίας.⁶0
799 969 857 1028 δὲ
916 973 1170 1048 βασιλεὺς
1219 978 1300 1046 τῷ
1362 973 1615 1053 Εὐφρατᾷ
1686 975 1811 1048 περὶ
1872 974 2004 1030 ναοῦ

343 1062 575 1124 κτίσεως
622 1061 925 1136 προστάξας
1028 1062 1191 1124 αὐτὸς
1274 1062 1366 1117 καὶ
1460 1064 1583 1138 περὶ
1675 1061 2003 1134 ἐνοικήσεως

343 1155 672 1229 προσέθηκε.
714 1153 815 1208 Καὶ
847 1151 976 1214 τοὺς
1027 1150 1352 1216 δακουλίους
1420 1153 1645 1208 ἑκάστου
1693 1158 1800 1209 τῶν
1858 1154 2006 1228 πρώ-

345 1266 456 1300 των
546 1240 828 1317 ἀρχόντων
904 1236 1338 1314 ἀναλαϐόμενος,
1415 1240 1599 1304 οἷ’κους
1674 1241 2001 1316 δειμάμενος

341 1336 655 1411 περιφανεῖς
701 1330 799 1391 τὰς
882 1335 1146 1403 γυναῖκας
1199 1331 1381 1386 αὐτῶν
1443 1332 1576 1404 μετὰ
1622 1336 1734 1387 τῶν
1787 1328 1999 1386 παίδων

2116 621 2340 691 paratis
2369 637 2577 675 omnes
2614 620 2815 676 funtes
2868 620 3165 675 obstruxit
3219 635 3539 690 murosque
3597 620 3774 692 ccepit

2116 709 2336 765 moliri.
2371 712 2595 766 Rursus
2626 711 2821 766 Persis
2852 710 2914 765 in
2936 710 3284 767 Romaniam
3313 710 3771 782 impressionem

2114 798 2493 867 facientibus,
2526 800 2852 871 imperator
2879 801 3193 872 Euphratae
3236 799 3311 855 de
3343 800 3549 871 templi
3582 805 3774 855 struc-

2115 894 2251 946 tura
2270 889 2625 945 demandato
2647 890 2883 961 negotio
2900 891 3027 961 ipse
3049 891 3230 945 etiam
3243 888 3314 944 de
3332 888 3771 959 frequentanda

2115 979 2457 1034 hominibus
2478 978 2624 1035 urbe
2645 994 2847 1034 curam
2874 979 3074 1052 gessit.
3091 981 3235 1034 Nam
3258 978 3532 1034 domibus
3547 979 3769 1050 magni-

2114 1068 2241 1123 ficis
2299 1069 2615 1123 exstructis
2671 1069 2926 1124 annulos
2993 1068 3261 1141 primarii
3312 1070 3602 1140 cujusque
3658 1068 3766 1122 viri

2113 1159 2355 1229 recepit,
2381 1172 2705 1229 eorumque
2728 1174 2961 1226 uxores,
2993 1158 3212 1213 liberos
3233 1173 3301 1213 ac
3328 1162 3480 1213 totas
3509 1156 3767 1212 familias

2113 1248 2260 1302 497
2301 1249 2360 1302 in
2391 1247 2612 1320 regiam
2661 1247 2870 1303 urbem
2921 1247 3197 1302 traduxit.
3255 1249 3385 1318 Ipse
3443 1263 3651 1301 rursus
3704 1247 3767 1301 in

2110 1335 2320 1389 Persas
2353 1333 2792 1405 expeditionem
2821 1334 2980 1402 fecit,
3014 1334 3208 1404 iisque
3233 1333 3424 1405 pulsis
3456 1333 3657 1387 rediit.

340 1421 435 1478 καὶ
469 1422 684 1476 πάντων
715 1423 824 1475 τῶν
860 1419 952 1473 ὑπ’
1009 1418 1206 1480 αὐτοὺς
1237 1419 1313 1482 εἷς
1370 1422 1468 1487 τήν
1541 1417 1800 1496 βασιλίδα
1856 1422 2148 1497 ἀνήγαγεν.
2207 1421 2270 1480 Ὀ
2328 1418 2385 1476 δὲ
2445 1420 2703 1498 βασιλεὺς
2755 1420 2921 1477 πάλιν
2977 1421 3086 1490 ἐπὶ,
3149 1422 3361 1498 Πέρσας
3390 1418 3761 1495 ἐκστρατεύει.

346 1510 447 1565 Καὶ
476 1510 708 1570 τούτους
736 1509 1160 1583 τροπωσὰμενος
1192 1508 1356 1564 πάλιν
1387 1508 1701 1584 ὑπέστρεψε.

413 1600 507 1671 Τῷ
540 1599 605 1672 ιρ“
654 1591 762 1653 ἔτει
793 1598 821 1651 ὁ
855 1597 1036 1673 Μέγας
1096 1600 1515 1661 Κωνσταντῖνος
1568 1601 1784 1672 θεωρῶν
1845 1599 2003 1655 Ami-

338 1707 455 1742 νιον
491 1687 863 1761 μανικώτερον
894 1688 1031 1741 κατά
1086 1690 1196 1741 τῶν
1226 1692 1563 1762 Χριστιανῶν
1627 1692 1708 1761 τῷ
1766 1684 2000 1765 διωγμῷ

2184 1602 2354 1654 Anno
2407 1601 2498 1655 sui
2557 1600 2792 1672 imperii
2848 1601 2912 1655 19
2958 1600 3406 1668 Constantinus,
3468 1599 3761 1655 Licinium

2110 1689 2313 1744 videns
2342 1688 2707 1744 Christianos
2731 1690 3000 1744 insanius
3030 1705 3245 1744 vexare
3277 1705 3346 1745 ac
3378 1688 3490 1743 sibi
3522 1703 3762 1759 quoque

338 1778 627 1853 χρώμενον
661 1777 753 1831 καὶ
788 1771 1092 1845 ἐπιϐουλὴν
1149 1777 1284 1832 κατᾶ
1339 1781 1435 1832 τοῦ
1488 1777 1771 1853 εὐεργέτου
1832 1777 1993 1851 μελε-

2112 1777 2469 1833 benefactori
2503 1794 2608 1832 suo
2654 1778 2946 1845 insidiari,
2978 1783 3186 1832 contra
3216 1792 3351 1832 eum
3405 1783 3566 1832 terra
3614 1792 3768 1831 mar-

334 1871 538 1934 τῶντα,
573 1863 861 1935 ὁπλίζεται
889 1868 1009 1921 κατ’
1068 1865 1233 1920 αὐτοῦ
1288 1863 1377 1920 διὰ
1436 1868 1601 1942 ξηρᾶς
1657 1867 1749 1921 καὶ
1799 1863 2000 1931 θαλάσ-

338 1979 463 2028 σης.
496 1954 723 2014 Ἕνδεκα
767 1955 826 2012 δὲ
878 1955 966 2013 καί
1026 1957 1169 2013 ὀκτὼ
1232 1958 1367 2029 μησί
1425 1961 1537 2031 (82)
1593 1962 1690 2013 τοῦ
1746 1959 1998 2033 πολέμου

344 2048 541 2122 μεταξὺ
608 2047 1018 2103 Κωνσταντίνον
1081 2046 1171 2102 καὶ
1237 2049 1482 2103 Λικινίου
1548 2048 1861 2120 ἱσταμένου,
1921 2048 1996 2109 ὡς

340 2138 593 2211 πόλεμος
646 2136 783 2192 κατὰ
810 2138 909 2206 τήν
945 2136 1193 2193 Βιθυνίαν
1254 2137 1549 2211 ἐκροτήθη,
1609 2142 1713 2207 ζῶν
1741 2139 1769 2191 ὁ
1800 2136 1998 2207 ἀλιτή-

339 2247 460 2301 ριος
502 2221 946 2300 συλλαμϐάνεται
1006 2224 1059 2280 ἓν
1096 2224 1465 2299 Χρυσοπόλει,
1525 2226 1610 2298 [Ρ.
1644 2228 1769 2299 284]
1805 2225 1895 2280 καὶ
1922 2225 2001 2288 είς

338 2315 745 2386 Θεσσαλονίκην
826 2313 1158 2387 ἐκπεμπεται
1240 2317 1645 2392 φρουρεῖσθαι,
1728 2316 1999 2390 πρότερον

348 2408 533 2481 μέντοι
594 2403 652 2460 ἓν
704 2425 766 2481 γε
818 2409 888 2478 τῇ
952 2403 1236 2461 Φιλίππου
1287 2403 1450 2460 πόλει
1529 2402 1855 2478 πολεμήσας
1909 2404 1999 2459 καὶ

336 2496 616 2566 ἡττηθείς.
685 2496 775 2559 Ὠς
858 2492 915 2549 δὲ
989 2494 1042 2549 ἐν
1126 2493 1498 2560 Θεσσαλονίκη
1583 2493 1832 2574 ἐπέμφθη
1907 2494 2001 2550 καὶ

340 2585 510 2641 πάλιν
537 2583 708 2641 ἐκεῖσε
746 2584 1082 2659 νεωτερίζειν
1134 2581 1342 2657 ἔμελλε
1403 2580 1713 2660 βαρϐάρους
1774 2584 2001 2658 μισθού-

343 2696 527 2749 μενος,
583 2679 776 2729 τοῦτον
833 2672 923 2729 διὰ
978 2672 1165 2753 ξίφους
1211 2673 1596 2746 ἀποτμηθῆναι
1645 2674 1811 2747 (83)ὀ
1847 2674 2001 2747 βασι-

347 2763 474 2826 λεὺς
530 2761 763 2819 κελεύει⁸
844 2764 936 2817 καὶ
994 2761 1132 2817 εὕτω
1191 2760 1391 2817 λοιπὸν
1443 2761 1658 2825 τελείας
1717 2760 2004 2832 ἀπήλαυσε

340 2853 595 2930 γαλήνης
624 2853 692 2908 τὰ
747 2850 1063 2930 πράγματα.
1125 2852 1265 2909 Τότε
1326 2853 1553 2922 καθιστᾷ
1599 2857 2003 2914 Κωνσταντῖνος

346 2941 473 3004 τοὺς
528 2939 703 3003 ἰδίους
784 2938 986 2999 παῖδας
1042 2939 1337 3016 Καίσαρας,
1384 2940 1475 2995 καὶ
1536 2940 1804 3015 Κυριακᾶς
1864 2940 2004 3015 πρὸς

341 3030 682 3109 ἐπιστροφὴν
713 3034 822 3085 τῶν
881 3029 1049 3095 ἐθνῶν
1106 3029 1246 3085 κατὰ
1299 3030 1505 3093 τόπους
1564 3030 1642 3092 εἷς
1683 3030 1850 3103 τιμὴν
1904 3033 2004 3086 τοῖ’)

353 3124 487 3174 Θεοῦ
513 3124 676 3176 ποιεῖ.

426 3211 516 3279 Τῷ
576 3209 618 3262 κ’
666 3207 777 3263 ἓτει
861 3210 964 3273 τῆς
1051 3204 1334 3280 βασιλείας
1427 3209 1525 3261 τοῦ
1593 3206 1999 3264 Κωνσταντίνου

350 3295 733 3371 πληρωθείσης
810 3303 913 3367 τῆς
987 3295 1208 3357 πόλεως
1295 3294 1619 3369 ἐθεματίσθη
1696 3298 1808 3370 (84)
1896 3295 1999 3350 ὑπὸ

346 3386 658 3448 Οὐάλεντος
688 3385 1056 3459 ἂστρονόμου,
1087 3384 1138 3440 ἐν
1185 3389 1253 3458 τῇ
1317 3386 1366 3457 ᾤ’
1425 3384 1606 3460 ἡμέρᾳ
1660 3389 1769 3441 τῶν
1818 3385 2001 3461 ἐγκαι-

339 3475 472 3531 νίων
504 3475 696 3545 αὐτῆς,
729 3474 790 3531 ἒκ
840 3475 1184 3549 προστάξεως
1242 3479 1340 3531 τοῦ
1395 3473 1662 3550 βασιλέως
1719 3480 2001 3530 Κωνσταν-

340 3565 522 3635 τίνου,
588 3566 715 3637 μηνὶ
776 3567 939 3638 Μαΐῳ
999 3566 1086 3633 ια’,
1143 3564 1325 3637 ἡμέρᾳ
1382 3565 1451 3638 β’,
1516 3561 1735 3637 ίνδίκτῳ
1776 3565 1824 3640 γ’
1864 3567 1997 3637 (85),

341 3649 448 3710 ἔτει
509 3654 619 3709 ἀπὸ
695 3652 926 3715 κτίσεως
977 3654 1191 3725 κόσμου
1242 3649 1445 3728 ,εωληξ
1505 3651 1758 3731 Περιέχει
1815 3651 1873 3708 δὲ
1934 3654 1998 3708 τὸ

339 3743 471 3799 ὅλον
537 3743 901 3818 συμπέρασμα
978 3735 1073 3812 ἔτη
1153 3740 1301 3818 χίιςλ
1360 3740 1554 3814 Τούτῳ
1609 3746 1689 3814 τῷ
1747 3737 1855 3797 ἔτει
1907 3742 1999 3799 καὶ

343 3832 584 3906 Κρίσπος
617 3834 645 3886 ὁ
677 3832 791 3894 υἱὸς
857 3831 1266 3889 Κωνσταντίνου
1321 3831 1641 3904 Χριστιανὸς
1700 3831 1997 3903 ἐκοιμήθη.

340 3923 441 3977 Καὶ
500 3919 694 3992 Ἐλὲνη
752 3924 786 3990 ἡ
844 3923 1030 3994 μήτηρ
1110 3923 1209 3975 τοῦ
1262 3917 1532 3992 βασιλέως
1591 3920 1876 3996 στεφθεῖσα
1935 3916 2001 3975 δι’

341 4011 606 4072 ὀπτασίας
658 4009 734 4071 εἷς
806 4010 873 4063 τὰ
923 4009 1280 4083 Ἱεροσόλυμα
1351 4006 1670 4084 ἀπέρχεται,
1729 4008 1820 4063 καὶ
1875 4006 2003 4073 τοὺς

2110 1883 2226 1939 que
2256 1867 2482 1922 bellum
2507 1868 2751 1938 paravit.
2784 1868 2846 1922 Id
2885 1866 3112 1921 bellum
3166 1882 3300 1921 cum
3334 1866 3607 1921 durasset
3657 1882 3765 1920 an-

2108 1974 2251 2013 num
2282 1962 2459 2027 atque
2492 1963 2623 2011 octo
2655 1972 2913 2024 menses,
2946 1955 3307 2026 tandemque
3339 1955 3400 2009 in
3430 1954 3767 2026 Bithyniam

2111 2047 2373 2101 delatum
2405 2051 2564 2101 esset
2593 2045 2673 2100 ibi
2704 2045 3031 2118 flagitiosus
3062 2045 3161 2100 ille
3195 2044 3452 2100 Licinius
3504 2045 3567 2097 in
3620 2042 3766 2098 urbe

2109 2134 2454 2206 Chrysopoli
2514 2140 2720 2205 captus
2776 2134 3391 2204 Thessalonicamque
3447 2134 3511 2187 in
3568 2137 3770 2187 custo-

2111 2225 2270 2280 diam
2301 2225 2474 2279 datus
2505 2227 2614 2279 est.
2674 2223 2746 2277 Et
2800 2222 3043 2294 quidem
3098 2222 3263 2293 prius
3319 2222 3637 2293 Philippis,
3700 2236 3768 2275 ac

2111 2313 2330 2369 deinde
2388 2312 2773 2383 Adrianopoli
2830 2311 3148 2367 rebellarat
3195 2312 3499 2382 victusque
3553 2310 3766 2365 fuerat.

2114 2406 2329 2459 Verum
2362 2408 2428 2457 ut
2475 2402 2867 2457 Tessalonicas
2911 2401 3092 2456 etiam
3154 2400 3445 2456 Barbaros
3494 2398 3768 2455 mercede

2112 2492 2445 2548 conducere
2474 2508 2773 2561 novasque
2805 2506 2900 2545 res
2947 2506 3083 2545 eum
3116 2490 3315 2545 moliri
3346 2490 3773 2545 Constantinus

2114 2583 2320 2649 sensit,
2352 2581 2549 2653 gladio
2575 2580 2838 2651 ei-caput
2858 2580 3155 2650 amputari
3171 2579 3375 2649 jussit.
3411 2580 3495 2633 Ita
3527 2577 3769 2632 demum

2112 2668 2370 2739 perfecte
2403 2667 2602 2722 omnia
2628 2664 3093 2737 fueruntpacata.
3126 2666 3251 2719 Tun
3276 2682 3307 2719 c
3341 2664 3770 2719 Constantinus

2115 2776 2253 2814 suos
2282 2757 2440 2813 ﬁlios
2470 2757 2731 2811 Caesares
2773 2755 3063 2827 designat,
3096 2759 3155 2809 et
3209 2754 3285 2809 ad
3337 2753 3770 2809 convertendos

2113 2848 2187 2905 ad
2217 2846 2614 2903 Christianam
2646 2845 2995 2916 religionem
3025 2843 3277 2916 populos
3308 2843 3530 2915 passim
3563 2842 3625 2897 in
3656 2842 3766 2897 ho—

2114 2954 2323 2993 norem
2354 2936 2457 2992 Dei
2486 2935 2712 3007 templa
2748 2935 2943 3006 ponit.

2162 3204 2332 3257 Anno
2352 3198 2631 3255 vicesimo
2650 3197 2885 3268 imperii
2911 3196 3286 3253 Constantini
3310 3195 3451 3251 urbs
3473 3194 3768 3267 absoluta,

2110 3292 2357 3363 ejusque
2384 3289 2588 3346 thema
2603 3287 2778 3359 jussu
2809 3286 3186 3357 imperatoris
3215 3302 3250 3341 a
3280 3285 3525 3340 Valente
3554 3289 3767 3340 ‘astro-

2110 3396 2287 3437 nomo
2318 3378 2683 3449 descriptum
2706 3380 2813 3446 est,
2837 3380 3038 3431 octavo
3060 3375 3345 3430 feriarum
3372 3373 3763 3429 dedicationis

2109 3471 2227 3538 die,
2252 3470 2351 3542 qui
2378 3468 2492 3524 fuit
2507 3468 2643 3523 Mail
2662 3466 3040 3535 undecimus,
3064 3466 3412 3537 septimana)
3443 3463 3765 3532 secundus,

2110 3560 2436 3616 indictione
2498 3557 2690 3624 tertia,
2753 3573 2909 3613 anno
2967 3572 3003 3612 a
3048 3554 3253 3611 mundi
3319 3554 3543 3626 origine
3593 3554 3762 3610 5838.

2110 3650 2388 3705 Continet
2409 3652 2611 3703 autem
2634 3650 2758 3701 tota
2777 3645 3109 3717 complexio
3134 3660 3324 3700 annos
3351 3646 3475 3698 696.
3507 3645 3588 3698 Eo
3604 3658 3764 3698 anno

2109 3739 2352 3809 Crispus
2380 3735 2755 3793 Constantini
2789 3735 2968 3803 ﬁlius,
3002 3733 3374 3789 Christianus
3412 3732 3530 3787 vita
3559 3731 3765 3787 decess

2110 3829 2204 3885 sit.
2240 3830 2308 3883 Et
2338 3826 2561 3881 Helena
2591 3830 2781 3881 mater
2811 3823 3190 3894 imperatoris
3216 3822 3514 3878 insomnio
3562 3821 3767 3878 admo-

2110 3917 2238 3973 nita
2290 3914 2758 3984 Hierosolymam
2823 3912 3270 3983 proﬁciscitur;
3321 3911 3524 3981 ibique
3583 3911 3769 3966 sacris

2110 4007 2257 4061 locis
2359 4003 2608 4059 detectis
2692 3999 3091 4056 venerandam
3186 4015 3423 4056 crucem
3517 3999 3770 4094 invenit,

1564 4133 1930 4189 XYLANDRI
1968 4134 2055 4189 ET
2096 4129 2311 4187 GOARI
2350 4127 2577 4182 NOTAE}.

408 4252 518 4323 (8'2)
552 4252 705 4306 Sane
735 4268 808 4307 ex
856 4250 1105 4306 historia
1156 4251 1336 4323 hujus
1384 4248 1524 4304 belli
1582 4249 1773 4323 liquet
1809 4250 1993 4323 fuisse

336 4321 708 4378 diuiurnum.
743 4323 896 4388 Quot
924 4328 1121 4378 autem
1154 4321 1484 4377 confectum
1519 4322 1825 4376 mensibus
1868 4322 1994 4377 fue-

338 4396 436 4463 rit,
469 4410 592 4486 noLn
624 4394 768 4486 satis
797 4396 1161 4486 appanet._Lln
1193 4394 1392 4449 Graeco
1440 4394 1718 4486 undecim
1775 4399 1837 4486 et
1864 4400 1997 4486 octo
2029 4421 2075 4486 Β

335 4466 645 4521 mensibus
677 4464 922 4522 durasse
958 4466 1193 4531 dicitur,
1227 4481 1476 4520 numero
1504 4465 1647 4519 satis
1685 4464 1994 4533 insolenti,

336 4539 454 4593 nisi
482 4540 635 4594 forte
662 4539 923 4609 primum
945 4536 1222 4609 undecim
1240 4536 1552 4609 mensibus
1579 4536 1996 4608 belligeratum

337 4616 399 4665 et
426 4615 579 4681 post,
612 4608 784 4681 rupto
817 4609 1058 4677 fmdere,
1094 4608 1340 4664 rebellio
1371 4608 1527 4664 facta
1555 4615 1614 4663 et
1639 4614 1769 4663 octo
1822 4625 1995 4664 men-

337 4682 819 4773 sihps\oppressa
977 4681 1118 4735 XvL.

412 4752 525 4834 (8-3)
574 4748 1016 4834 ΊᾹποτμηθῆναι,
1068 4750 1384 4834 “nimirum
1429 4754 1529 4817 τήν
1615 4748 1891 4834 κεφαλήνῐ
1946 4750 1995 4806 si

332 4823 576 4894 quidem
607 4824 852 4879 verbum
881 4823 1282 4894 rectehabet:
1318 4838 1458 4877 nam
1481 4823 1770 4894 occisum
1810 4823 1995 4878 fuisse

334 4891 693 4966 simpliciter
714 4895 953 4950 tradunt
979 4891 1523 4967 reliquirKuptaxa'zc
1553 4895 1713 4967 verti,
1750 4894 1993 4967 templa,

333 4963 633 5038 suppleto,
684 4967 926 5021 nomine
982 4963 1179 5038 οἰκίας,
1228 4963 1798 5038 Nosrrumukirchen
1856 4963 1994 5021 inde

336 5035 467 5094 esse
527 5036 848 5093 deductum
901 5037 1089 5092 multo
1149 5042 1238 5108 est
1272 5035 1639 5108 probabilius
1689 5053 1868 5108 quam
1900 5053 1992 5091 ec-

336 5110 540 5165 clesia.
571 5139 644 5150 -—-
671 5110 805 5166 XYL.
838 5109 1107 5180 Intellige
1131 5106 1327 5172 οἰκίας,
1360 5125 1393 5162 a
1445 5108 1663 5163 Latinis
1708 5106 1998 5163 dominica

332 5187 603 5247 vocatas;
636 5197 769 5251 quas
788 5179 1019 5254 κυριακά
1045 5179 1281 5252 quoque
1305 5180 1367 5234 in
1397 5185 1610 5234 neutro
1628 5180 1992 5236 scribuntur.

337 5255 516 5309 (ἴση.

412 5325 524 5397 (84)
560 5320 707 5395 eam
731 5322 929 5397 juxta
958 5321 1383 5397 moder_norum
1414 5338 1590 5397 usum
1625 5322 1995 5397 explicemus

339 5393 643 5465 legionem.
669 5393 1040 5465 provinciam.
1092 5394 1406 5462 mdiﬁcium,
1462 5393 1811 5464 positionem.
1847 5395 1995 5448 Hinc

341 5483 581 5537 quoque
595 5465 901 5521 stellarum
925 5466 1254 5521 errantium
1287 5467 1441 5519 sicut
1463 5473 1520 5519 et
1542 5465 1794 5537 fixarum
1826 5465 1992 5533 ordo,

340 5536 625 5594 leorum
661 5537 831 5602 situs,
865 5537 1128 5593 siderum
1171 5536 1533 5603 mansiones,
1595 5542 1662 5590 ut
1716 5536 1903 5600 aiunt,
1938 5543 1997 5592 et

340 5609 689 5665 eorumdem
748 5609 821 5664 ad
873 5625 1002 5664 sese
1060 5615 1364 5680 respectus
1423 5606 1580 5680 θέμα,
1633 5609 1873 5662 Zonaras
1915 5607 1991 5660 θε-

341 5681 534 5753 μάτιον
582 5687 983 5751 nuncupatur,
1014 5678 1174 5753 quod
1231 5679 1333 5753 alii
1379 5678 1850 5753 trito‘sermone
1896 5695 1994 5734 vo-

338 5748 481 5809 cant
531 5748 959 5823 horoscopium,
1033 5748 1204 5823 cujus
1264 5751 1311 5806 si
1363 5748 1469 5805 tibi
1525 5749 1770 5822 ﬁguram
1830 5767 1995 5806 com-

2105 4244 2416 4320 posueris,
2508 4232 2825 4313 θεματόζειν
2903 4237 3154 4294 Cedreni
3238 4236 3415 4292 verbo
3501 4237 3716 4293 diceris
3753 4278 3766 4293 .

2109 4320 2293 4460 (Ηίθῗῆ
2325 4385 2495 4460 Quod
2520 4385 2582 4460 in
2615 4382 2818 4460 codice
2848 4386 3149 4460 meopante
3178 4380 3225 4455 γ’
3256 4381 3490 4460 signum
3545 4385 3653 4460 est,
3697 4396 3766 4460 eo

2108 4451 2499 4529 signo'notari
2549 4455 2939 4529 indictionern
2987 4451 3350 4529 (ἰπινεμςησι-ξ)
3397 4453 3765 4529 deprehendi

2106 4525 2177 4589 ei
2207 4529 2525 4589 Iustiniani
2553 4544 2707 4584 anno
2728 4525 3073 4596 undecimo,
3103 4525 3207 4581 ubi
3236 4525 3430 4597 agitur
3461 4525 3533 4579 de
3567 4527 3765 4597 magni

2106 4604 2312 4675 templi
2345 4600 2798 4675 instauratione,
2832 4604 2901 4675 et_
2932 4595 3187 4675 zonaras
3246 4595 3557 4675 perspicue
3610 4595 3769 4675 indi-

2106 4667 2372 4757 ctionem
2397 4672 2646 4757 prouhoc
2688 4671 2862 4757 signo.
2888 4671 3084 4757 habet.
3120 4667 3286 4757 Quod
3317 4667 3404 4723 et"
3429 4668 3575 4757 aliis
3608 4667 3768 4757 locis

2105 4740 2445 4803 observabit
2464 4750 2727 4799 attentus
2750 4740 2958 4797 lector.
2988 4745 3171 4797 Porro
3193 4746 3394 4795 autem
3425 4740 3500 4796 ad
3520 4740 3767 4795 verbum

2106 4820 2311 4875 omnia
2340 4815 2595 4883 reddidi,
2636 4830 2712 4870 ne
2743 4814 2877 4884 quis
2910 4813 3263 4870 temeritatis
3309 4829 3404 4869 me
3434 4817 3764 4868 accusaret.

2104 4890 2276 4962 Apud
2304 4891 2592 4962 Zonaram
2624 4890 2762 4962 _es_t,
2813 4902 3020 4962 annos
3049 4888 3159 4962 _696
3218 4885 3567 4962 duraturam
3615 4885 3770 4955 Cpo-

2104 4957 2211 5017 lim
2234 4959 2576 5032 praedixisse
2624 4957 2951 5032 Valentem,
2999 4958 3186 5032 idque
3218 4973 3293 5032 ex_
3349 4958 3762 5032 thematc__s_eu

2104 5026 2301 5104 positu
2334 5031 2597 5104 siderum
2630 5029 2896 5104 innatali
2925 5026 3259 5104 urbis—eum
3279 5026 3765 5104 indicas_se:_H_inc

2103 5096 2282 5160 verba
2298 5102 2494 5158 Nostri
2517 5104 2685 5173 potes
2702 5099 3058 5173 intelligere.
3083 5099 3248 5165 Quod
3270 5098 3343 5173 de
3366 5102 3556 5173 morte
3573 5096 3765 5173 Crispi

2105 5175 2343 5240 dicitur,
2376 5168 2597 5229 menda
2625 5189 2747 5227 non
2777 5168 3009 5227 videtur
3026 5186 3252 5227 vacare.
3295 5170 3539 5240 Constat
3566 5183 3638 5220 ex
3668 5168 3762 5240 hi-

2105 5238 2340 5303 storicis
2370 5262 2505 5302 eum
2532 5244 2682 5301 falso
2714 5260 2751 5300 a
2776 5259 3028 5299 noverca
3081 5243 3297 5297 Fausta
3348 5239 3614 5295 delatum
3644 5238 3764 5292 cri-

2103 5319 2265 5374 mine
2306 5315 2475 5389 quasi
2501 5315 2846 5389 pudicitiam
2879 5315 3005 5389 ejus
3038 5310 3561 5389 tentasset,capite
3586 5305 3760 5389 dam-

2104 5376 2546 5446 natum'fuisse.
2581 5390 2650 5440 Et
2678 5386 2821 5457 quid
2853 5376 2965 5441 sibi
2999 5384 3136 5457 velit
3166 5376 3460 5457 στεφθεῖσα
3482 5376 3549 5433 δι’
3569 5376 3738 5457 _b_1tta_
3740 5412 3758 5423 -

2104 5461 2245 5530 σίας,
2279 5478 2398 5515 non
2429 5454 2799 5528 satisliquct.
2837 5457 3021 5530 _Vide_
3063 5454 3372 5530 Nicephor.
3394 5470 3526 5530 ‘vm,
3698 5454 3766 5509 Et

2146 5524 2261 5589 uod
2285 5532 2536 5587 obscure
2566 5546 2634 5584 ac
2658 5524 2917 5582 'concise
2976 5524 3217 5581 Noster’
3243 5524 3315 5579 de
3375 5524 3671 5579 Armeniis
3703 5531 3761 5580 et

2146 5551 2261 5589 1100
2285 5551 2536 5587 ODSCIJI‘B
2566 5551 2634 5584 ac
2681 5551 2917 5582 σοιιῦιδσ
2978 5551 3187 5581 nuswr
3243 5551 3315 5579 uc
3375 5551 3671 5579 ιιι-ιιιιςιιιιυ
3703 5551 3756 5580 et

2101 5551 2374 5660 $eridate
2406 5602 2602 5665 referi,
2636 5598 2934 5669 intelliges
2991 5614 3064 5653 ex
3115 5596 3325 5669 eodem
3354 5613 3435 5669 _c.
3476 5612 3641 5669 χειν.
3676 5597 3756 5651 De

2101 5677 2296 5733 Persis
2325 5675 2485 5732 idem
2515 5670 2746 5744 prolixe
2770 5665 3233 5744 cap._seq_uenti,
3264 5665 3369 5724 ubi
3399 5667 3757 5724 Usthazanes

2105 5747 2324 5805 dicitur
2350 5746 2451 5817 qui
2484 5737 2685 5799 n'ostro
2717 5737 2985 5809 Οὒθᾶξάδ.
3011 5737 3151 5796 XrL.
