4144 6414
337 373 458 433 543

1693 369 2013 430 GEORGII
2058 369 2404 436 GEDRENI

3649 369 3767 427 5M

337 505 490 561 498
552 505 872 575 omniaque
905 504 1186 573 restituit,
1219 508 1276 557 et
1316 503 1541 574 templa
1572 503 1644 556 iis
1676 503 1824 558 locis
1852 503 1997 558 tedi-

2117 504 2299 578 Ξιγίους
2336 507 2537 570 τόπους
2587 508 2934 585 φανερώσασα
2989 508 3080 562 καὶ
3136 507 3229 561 τὸν
3288 504 3477 576 τίμιον
3535 500 3765 576 σταυρὸν

342 596 537 651 iicavit
567 612 634 650 ac
684 594 995 665 splendide
1057 594 1376 648 exornavit.
1412 595 1490 645 E0
1554 598 1780 664 lempre
1838 594 1998 648 Con-

347 687 644 741 stantinus
684 685 871 740 andem
921 686 975 739 S.
1013 683 1260 755 Sophim,
1319 683 1380 737 id
1439 689 1530 737 est
1574 683 1910 754 Sapientia),
1944 688 2003 737 et

348 779 406 831 S.
441 779 648 840 Irenze,
681 775 741 828 id
773 779 863 829 est
910 772 1101 839 Pacis,
1135 776 1191 825 et
1244 772 1338 826 SS.
1398 772 1842 843 Apostolorum,
1874 777 2000 827 tum

344 866 657 921 beatorum
690 864 877 931 Mocii,
908 868 966 918 et
996 862 1369 933 Agathonici,
1404 867 1463 917 et
1511 863 1816 933 copiarum
1847 880 2004 933 prte-

344 956 483 1010 fecti
516 956 577 1008 in
611 952 835 1023 Anaplo
869 957 926 1005 et
957 951 1267 1005 Sosthenio
1320 952 1647 1017 exstruxit;
1680 951 1779 1006 ubi
1821 952 2001 1006 etiam

347 1042 697 1099 miraculose
730 1040 951 1095 audivit
981 1040 1314 1095 divinarum
1354 1057 1561 1096 vocum
1593 1041 1792 1096 omina
1823 1045 2001 1111 atque

342 1134 505 1187 vidit.
538 1132 720 1186 Jussit
745 1131 923 1185 etiam
969 1131 1307 1185 Graecorum
1362 1130 1701 1185 simulacris
1731 1130 2003 1187 dedicata

345 1224 483 1277 fana
513 1220 758 1284 destrui,
795 1236 1123 1288 eorumque
1156 1219 1384 1274 reditus
1428 1219 1669 1290 templis
1719 1220 2001 1275 Christia-

346 1328 561 1365 norum
610 1326 644 1364 a
698 1326 760 1363 se
813 1309 1121 1364 aediﬁcetis
1175 1308 1421 1363 addixit.
1477 1311 1595 1363 lloc
1644 1309 2001 1380 imperatore

346 1399 519 1455 multi
588 1397 790 1469 pepuli
877 1397 1274 1452 Christianam
1338 1397 1687 1469 religionem
1746 1397 2002 1467 amplexi

346 1495 507 1555 sunt,
539 1488 838 1542 Celtarum
888 1491 947 1540 et
977 1486 1279 1541 Gallorum
1339 1486 1820 1554 occidentalium,
1877 1490 2002 1540 tum

344 1577 475 1634 Indi
528 1577 844 1631 interiores
903 1575 1222 1645 lberesque
1279 1580 1336 1630 et
1396 1574 1681 1640 Armenii,
1732 1574 2000 1629 Teridate

346 1670 475 1739 ejus
506 1668 589 1722 rei
623 1666 907 1738 principe.
941 1667 1102 1720 Tunc
1154 1667 1314 1720 enim
1370 1666 1679 1738 Gregorius
1730 1682 1998 1734 magnus,

344 1756 640 1811 Armeniae
659 1772 884 1826 magnas
918 1755 1250 1825 episcopus,
1284 1772 1353 1809 ex
1394 1754 1643 1809 terribili
1696 1754 1808 1809 isto
1869 1754 2000 1809 lacu

2106 597 2337 670 εὑροῦσα
2398 600 2568 653 πάντα
2624 600 2922 668 ἀνέστησε,
2974 598 3065 652 καὶ
3130 598 3293 657 ναοὺς
3354 593 3767 667 οἰκοδομησασα

2104 683 2161 738 έν
2256 685 2440 750 αὐτοῖς
2519 692 2830 765 περιφανῶς
2912 686 3138 749 τούτους
3213 681 3611 743 έκαλλώπισεν.
3675 683 3764 738 Ἐν

2105 773 2324 839 τούτοις
2350 781 2467 838 τοῖς
2498 781 2715 851 καιροῖς
2741 777 2832 831 τὸν
2866 776 2994 830 ναὸν
3031 782 3131 843 τῆς
3169 772 3358 851 Ἀγίας
3414 772 3642 849 Σοφίας,
3672 771 3765 823 καὶ

2103 869 2204 927 τῆς
2235 864 2423 938 Ἀγίας
2467 864 2627 940 Είρήν
2640 886 2728 936 ης,
2758 866 2850 920 καὶ
2878 869 2987 920 τῶν
3012 864 3213 940 Ἀγίων
3249 859 3622 929 Ἀποστόλων,
3671 859 3763 914 καὶ

2104 956 2202 1007 τοῦ
2235 954 2421 1026 Ἀγίου
2452 955 2700 1024 Μωκίου,
2731 954 2820 1010 καὶ
2852 959 2948 1009 τοῦ
2989 954 3172 1028 Ἀγίου
3233 951 3614 1028 Ἀγαθονίκου,
3671 948 3763 1003 καὶ

2105 1045 2203 1096 τοῦ
2233 1040 2678 1117 ἀρχιστρατήγου
2711 1046 2821 1117 (86)
2854 1043 2905 1098 έν
2966 1047 3047 1114 τῷ
3078 1039 3337 1113 Ἀνάπλῳ
3392 1039 3485 1095 καὶ
3546 1040 3762 1093 Σωσθε·

2106 1131 2225 1204 νίῳ,
2284 1127 2410 1197 ἔνθα
2471 1135 2560 1187 καὶ
2621 1135 2765 1197 θείας
2825 1135 3009 1211 ἀμφὰς
3070 1136 3393 1206 θαυμαστῶς
3449 1129 3651 1200 ἤκουσέ
3707 1149 3767 1183 τε

2106 1222 2197 1275 καὶ
2259 1222 2512 1277 ἐθεάσατο
2568 1224 2596 1277 6
2649 1223 3014 1302 φιλόχριστος
3075 1220 3350 1297 βασιλεὺς,
3410 1216 3764 1292 ᾠκοδόμησε.

2106 1309 2246 1371 Τοὺς
2277 1308 2333 1365 δέ
2359 1315 2469 1366 τῶν
2518 1310 2801 1382 Ἑλλήνων
2862 1309 3189 1371 ετδωλικοὺς
3248 1308 3410 1370 ναοὺς
3469 1307 3768 1377 προσέταξε

2104 1397 2463 1454 καταλύεσθαι
2520 1400 2609 1455 καὶ
2676 1398 2970 1470 ἐκκλησίας
3037 1397 3471 1471 οἰκοδομεῖσθαι,
3528 1396 3618 1451 καὶ
3668 1396 3766 1457 τὰς

2106 1487 2312 1543 τούτων
2401 1487 2707 1564 προσόδους
2760 1489 2949 1551 αὐταῖς
3006 1487 3319 1561 δωρεῖσθαι·
3386 1489 3509 1543 Ἐπί
3566 1485 3765 1540 τούτου

2104 1581 2201 1629 τοῦ
2237 1577 2507 1651 βασιλέως
2563 1576 2748 1634 πολλὰ
2803 1583 2911 1633 τῶν
2968 1577 3135 1634 έθνῶν
3191 1578 3282 1632 τὸν
3338 1574 3765 1647 Χριστιανισμὸν

2102 1662 2488 1738 προσεδέξαντο
2523 1710 2536 1736 ,
2603 1666 2710 1722 άπό
2759 1688 2817 1722 τε
2885 1666 3107 1723 Κελτῶν
3164 1664 3258 1721 καί
3314 1663 3574 1720 Γαλατῶν
3650 1668 3760 1717 τῶν

2103 1754 2388 1828 ἑσπερίων·
2422 1755 2570 1811 ἀλλὰ
2623 1757 2716 1812 καὶ
2772 1754 2934 1814 Ἰνδοὶ
2995 1758 3049 1811 οἱ
3099 1753 3386 1830 ἐνδοτέρω,
3435 1749 3657 1830 Ἴϐηρές
3706 1773 3766 1807 τε

348 1846 593 1900 eductus
626 1844 697 1900 ad
730 1861 927 1917 regem
958 1844 1290 1899 'l‘eridatem
1337 1844 1607 1909 accessit,
1642 1849 1699 1898 et
1726 1844 2003 1899 universa

2117 1843 2195 1898 mi
2228 1843 2507 1919 Ἀρμένιοι
2553 1846 2734 1925 ἀρχὴν
2794 1845 2855 1901 ἐκ
2909 1843 3225 1919 Τηριὸάτου
3282 1840 3563 1905 λαϐόντες.
3625 1844 3766 1899 Τότε

345 1934 704 1990 Armeniain
737 1933 953 1988 Christi
982 1933 1161 1988 ﬁdem
1193 1933 1527 2000 concessit;
1569 1950 1680 1988 nec
1710 1950 1831 1987 non
1864 1935 2001 1988 Per-

353 2042 454 2091 sae,
486 2024 758 2078 Simeone
783 2024 1059 2093 episcopo
1093 2039 1192 2077 eos
1225 2023 1494 2078 docente.
1534 2022 1646 2077 Sed
1677 2028 1737 2077 et
1757 2023 2004 2078 Uthaxa-

350 2112 460 2167 dus
492 2112 823 2178 eunuchus,
854 2112 1090 2182 Saporis
1121 2113 1432 2166 Persarum
1452 2111 1607 2182 regis
1629 2111 2000 2183 paadagogus,

349 2203 424 2257 ob
457 2202 807 2256 Christianas
838 2200 1144 2272 religionis
1176 2200 1616 2255 confessionem
1646 2200 1885 2270 capitali
1919 2206 2007 2255 est

358 2292 604 2347 allectus
639 2290 949 2361 supplicio.

424 2565 847 2620 Constantinus
887 2581 1087 2635 porro,
1122 2581 1257 2619 cum
1316 2564 1370 2618 ei
1425 2564 1763 2635 philosophi
1824 2565 2006 2619 Graaci

355 2654 785 2727 exprobrarent
814 2653 972 2723 quod
1016 2653 1359 2725 religionem
1403 2653 1763 2720 innovasset,
1797 2669 2005 2725 quem-

355 2744 493 2800 dam
525 2743 1017 2814 pbilosophorum
1040 2742 1112 2797 ad
1153 2742 1576 2812 disputandum
1606 2743 1677 2797 de
1726 2743 1840 2798 ﬁde
1872 2760 2006 2797 cum

353 2831 692 2887 Alexandro
724 2832 1001 2902 episcopo
1045 2831 1345 2901 produxit.
1404 2834 1542 2885 Erat
1598 2832 1645 2886 is
1678 2832 2011 2887 Alexander

351 2923 529 2976 homo
559 2921 819 2988 divinus,
845 2926 1126 2976 caeterum
1151 2920 1443 2976 indoctus.
1477 2923 1531 2975 Is
1561 2938 1697 2976 cum
1745 2922 2005 2993 philoso-

351 3011 535 3083 phum
567 3010 793 3064 videret
840 3010 1218 3080 garrientem,
1251 3011 1504 3080 Impero,
1537 3010 1748 3080 inquit,
1811 3010 1913 3065 tibi
1946 3012 2006 3065 in

349 3101 593 3156 nomine
623 3101 758 3156 Jesu
804 3100 1041 3167 Christi,
1098 3099 1219 3154 veri
1277 3101 1401 3167 Dei,
1454 3105 1521 3155 ut
1578 3101 1756 3156 sileas
1814 3118 2006 3172 neque

2107 1936 2212 2011 γάρ
2238 1936 2266 1989 6
2300 1936 2468 2012 μέγας
2526 1936 2826 2012 Γρηγόριος
2870 1937 2898 1990 ὁ
2929 1942 3029 2004 τῆς
3080 1934 3327 2010 μεγάλης
3385 1935 3679 2010 Ἀρμενίας
3708 1933 3768 1991 έκ

2106 2029 2202 2079 τοῦ
2255 2020 2490 2100 φοϐεροῦ
2543 2024 2750 2081 λάκκου
2821 2025 3028 2080 ἐκείνου
3086 2020 3421 2095 έκϐέϐληται
3478 2024 3569 2079 καὶ
3628 2025 3766 2079 κατὰ

2105 2115 2195 2168 τὸν
2234 2114 2460 2190 βασιλέα
2487 2112 2795 2190 Τηριδάτην
2833 2114 3061 2190 γίνεται,
3131 2115 3220 2169 καὶ
3277 2117 3309 2184 ἡ
3370 2119 3514 2176 πᾶςα
3570 2115 3765 2188 Ἀρμε-

2107 2203 2193 2259 νία
2262 2203 2340 2266 είς
2415 2205 2513 2271 τήν
2565 2209 2664 2260 τοῦ
2714 2206 2946 2279 Χριστοῦ
3002 2206 3182 2259 πίστιν
3240 2204 3600 2276 μετατίθεται.
3662 2205 3768 2260 Καὶ

2119 2290 2317 2366 Πέρασι
2364 2293 2573 2365 ὁμοίως
2630 2292 2718 2348 ἐπὶ
2781 2295 3009 2365 Σιμεὼν
3069 2292 3393 2352 ἐπισκόπου.
3450 2292 3627 2349 Ἀλλᾶ
3677 2293 3770 2347 καὶ

2108 2378 2352 2451 Οὐθαξάδ
2403 2382 2672 2458 εὐνοῦχος
2722 2379 3071 2458 παιδαγωγὸς
3135 2382 3404 2457 Σαπώρου
3461 2379 3771 2455 ἐμαρτύρη-

2118 2490 2227 2527 σεν.

2182 2558 2356 2621 Οὗτος
2389 2562 2417 2615 6
2451 2562 2619 2637 μέγας
2667 2560 2925 2637 βασιλεὺς
2967 2563 3070 2617 ὕπὸ
3104 2560 3422 2639 φιλοσόφων
3477 2560 3764 2633 Ἐλλήνων

2111 2646 2514 2722 ὀνειδιζόμενος
2545 2650 2619 2711 ὡς
2644 2652 2979 2725 νεωτερίζων
3032 2652 3131 2719 τὴν
3193 2652 3507 2723 θρησκείαν,
3538 2648 3633 2706 ἕνα
3655 2656 3766 2705 τῶν

2110 2737 2426 2817 φιλοσόφων
2462 2738 2636 2794 αὐτῶν
2670 2739 2974 2813 παρέστησε
3007 2736 3371 2819 διαλεχθῆναι
3430 2739 3767 2815 Ἀλεξάνδρῳ

2110 2831 2188 2897 τῷ
2216 2827 2496 2900 έπισκόπῳ
2550 2830 2673 2902 περί
2725 2833 2828 2894 τῆτ
2884 2830 3136 2892 πίστεως.
3185 2833 3244 2887 Ὀ
3301 2828 3357 2885 δὲ
3407 2828 3765 2905 Ἀλέξανδρος

2110 2918 2253 2978 θεῖος
2287 2918 2383 2991 μὲν
2413 2920 2479 2986 ἦν
2508 2919 2667 2993 ἀνὴρ,
2702 2916 2878 2993 λόγων
2913 2918 2971 2974 δὲ
3000 2919 3249 2995 ἄπειρος.
3282 2922 3372 2982 Ὡς
3403 2920 3495 2976 οῦν
3540 2919 3649 2976 εἶδε
3675 2921 3769 2975 τὸν

2110 3006 2410 3084 φιλόσοφον
2443 3006 2932 3084 γλωσσαλγοῦντα,
2964 3001 3089 3086 ἔφη·
3125 3010 3430 3065 Ἐπίτάττω
3462 3030 3549 3065 σοι
3574 3008 3626 3064 έν
3652 3009 3777 3064 ὀνό-

2114 3117 2241 3167 ματι
2282 3098 2463 3166 Ἰησοῦ
2494 3099 2731 3168 Χριστοῦ
2762 3101 2857 3151 τοῦ
2887 3095 3154 3165 ἀληθινοῦ
3185 3102 3318 3152 Θεοῦ
3350 3100 3513 3170 ἡμῶν
3561 3104 3773 3169 σιωπᾷν

348 3190 636 3262 loquaris.
671 3189 877 3245 Adhuc
910 3190 1063 3244 499
1095 3205 1163 3244 ea
1212 3189 1546 3244 Alexandro
1577 3189 1834 3253 dicente,
1867 3192 2001 3261 phi-

2117 3185 2200 3239 καὶ
2239 3186 2314 3257 μή
2349 3184 2671 3261 φθέγγεσθαι
2705 3185 2805 3241 Καὶ
2840 3186 2953 3257 ἅμα
2982 3191 3062 3259 τῷ
3094 3183 3247 3260 λόγῳ
3279 3186 3531 3264 ἐφιμώθη
3558 3186 3649 3242 καὶ
3680 3187 3773 3264 γέ-

348 3281 634 3352 losophus
692 3280 991 3335 obmutuit
1053 3279 1413 3350 verbumque
1469 3279 1663 3335 facere
1713 3281 1999 3351 nequivit.

352 3376 434 3428 Ea
456 3378 804 3443 tempestate
836 3373 896 3426 in
929 3372 1253 3443 Campania
1280 3373 1460 3428 urbes
1494 3374 1559 3427 13
1609 3378 1779 3427 terras
1836 3379 2002 3427 motu

350 3467 663 3534 prostrata:
696 3468 873 3524 sunt;
930 3466 1246 3532 tantusque
1302 3462 1414 3517 fuit
1470 3462 1613 3516 solis
1643 3461 1910 3517 defectus
1939 3468 2005 3516 ut

355 3550 606 3606 meridie
648 3550 836 3603 stellae
869 3548 1228 3603 viderentur.
1284 3552 1354 3604 Et
1384 3550 1444 3605 in
1478 3551 1754 3606 Melitena
1809 3551 2005 3605 omnis

353 3641 588 3712 generis
662 3654 884 3709 angues
970 3640 1342 3707 exstiterunt,
1429 3641 1528 3710 qui
1613 3656 1674 3695 se
1749 3640 2004 3694 invicem

354 3728 672 3801 pugnando
732 3734 1136 3791 necaverunt,
1217 3745 1284 3783 ex
1346 3729 1535 3799 iisque
1580 3730 1769 3801 gravis
1818 3746 1887 3784 ea
1943 3731 2003 3784 in

352 3818 593 3889 regione
627 3823 717 3871 est
745 3817 988 3872 obortus
1018 3817 1187 3873 fetor.
1220 3818 1454 3873 Judaeos
1484 3835 1720 3889 quoque
1769 3835 2007 3874 rursum

356 3908 809 3969 tumultuantes,
827 3924 895 3962 ac
908 3907 1195 3978 templum
1210 3908 1504 3962 aedificare
1535 3914 1837 3976 conantes,
1863 3910 2010 3964 Con-

359 3997 655 4051 stantinus
678 3997 841 4051 ultus
863 4002 973 4064 est,
1006 4003 1183 4067 atque
1215 3996 1514 4067 dispersit.

430 4086 607 4141 Beata
636 4091 833 4141 autem
893 4086 1117 4141 Helena
1148 4086 1572 4158 Hierosolymis
1613 4087 1854 4143 domum
1912 4104 2010 4143 re-

362 4190 550 4241 versa,
586 4191 719 4229 cum
748 4175 871 4229 ﬁlio
904 4174 1093 4229 multa
1124 4174 1195 4228 de
1219 4175 1553 4229 Christiana
1585 4177 1801 4248 pietate
1842 4193 2011 4233 man-

361 4265 580 4330 dasset,
614 4264 791 4319 vitam
825 4263 981 4317 ﬁniit
1010 4280 1167 4318 anno
1199 4264 1386 4318 artatis
1407 4267 1512 4331 80;
1544 4266 1893 4337 sepultaque
1926 4271 2011 4320 est

360 4354 424 4408 in
447 4354 670 4425 templo
694 4353 1130 4425 Apostolorum.
1155 4354 1330 4409 Beata
1360 4354 1470 4409 ista
1502 4356 1718 4409 mulier
1737 4356 2014 4411 omnibus

365 4449 575 4499 ornata
604 4443 939 4506 virtutibus,
969 4443 1180 4498 Christi
1214 4444 1546 4499 imitatione
1597 4446 1777 4501 etiam
1828 4446 2012 4500 animi

362 4531 726 4588 demissione
757 4547 864 4586 usa
886 4538 975 4586 est
1003 4548 1135 4587 cum
1172 4548 1309 4603 erga
1338 4549 1548 4587 omnes
1583 4534 1857 4588 homines
1888 4540 2013 4589 tum

2111 3295 2270 3350 γονεν
2297 3272 2489 3338 ἄλλος.
2514 3275 2653 3331 Τότε
2677 3278 2761 3347 [Ρ.
2793 3278 2922 3347 285]
2954 3277 3175 3347 σεισμὸς
3206 3278 3396 3352 γέγονε
3435 3277 3768 3347 τηλικοῦτος

2106 3362 2160 3416 έν
2195 3363 2493 3436 Καμπανίᾳ
2522 3363 2596 3425 ὠς
2633 3364 2697 3439 ιγ’
2726 3359 2919 3425 πόλεις
2951 3370 3156 3433 πεσεῖν,
3189 3366 3276 3420 καὶ
3310 3365 3477 3434 ἡλίου
3521 3361 3764 3440 ἔκλειψις

2106 3451 2332 3522 τοιαύτη
2359 3453 2432 3513 ὡς
2463 3451 2688 3525 ἀστέρας
2721 3459 2955 3529 φανῆναι
2983 3455 3038 3507 ἓν
3068 3454 3269 3527 ἡμέρᾳ.
3303 3454 3443 3511 Τότε
3463 3455 3557 3509 καὶ
3588 3451 3766 3533 ὄφεων

2106 3547 2359 3597 παντοῖον
2390 3542 2542 3616 γένος
2573 3543 2660 3597 ἐπὶ
2715 3545 2814 3613 τήν
2878 3544 3198 3616 Μελιτηνὴν
3253 3549 3505 3619 φανῆναι·
3564 3544 3617 3601 οῖ
3673 3548 3765 3600 καὶ

2115 3634 2484 3707 μαχεσάμενοι
2513 3633 2853 3689 κατέκτειναν
2884 3636 3131 3702 ἑαυτοὺς,
3173 3636 3247 3697 ὡς
3306 3637 3396 3691 καὶ
3445 3639 3543 3707 τήν
3574 3638 3765 3712 χώραν

2112 3720 2383 3791 ἒποζέσαι.
2444 3724 2544 3779 Kal
2602 3721 2896 3786 Ὶουδαῖους
2965 3724 3087 3800 περί
3147 3726 3242 3793 τήν
3299 3723 3601 3799 οἰκοδομὴν
3670 3731 3769 3781 τοῦ

2116 3817 2243 3867 ναοῦ
2300 3813 2467 3868 πάλιν
2552 3816 2936 3883 στασιάζοντας

2118 3903 2579 3978 τιμωρησάμενος
2614 3902 3014 3978 διεσκόρπισεν.

3028 3821 3433 3877 Κωνσταντῖνος
3513 3817 3539 3869 6
3591 3817 3772 3891 Μέγας

2189 4086 2252 4141 ἹΙ
2304 4082 2362 4139 δὲ
2422 4084 2661 4157 μακαρία
2712 4082 2906 4154 Ἑλένη
2967 4082 3019 4154 έξ
3078 4083 3479 4159 Ἱεροσολύμων
3536 4083 3776 4139 έπανελ-

2121 4179 2310 4244 θοῦσα,
2341 4174 2429 4227 καὶ
2462 4171 2646 4228 πολλὰ
2673 4177 2752 4244 τῷ
2784 4173 2888 4245 υἱῷ
2918 4173 3087 4241 αὐτῆς
3118 4173 3206 4227 καὶ
3243 4170 3460 4247 βασιλεῖ
3506 4175 3628 4248 περὶ
3676 4180 3777 4241 τῆς

2122 4262 2197 4323 εἷς
2237 4262 2476 4336 Χριστὸν
2535 4263 2767 4323 πίστεως
2827 4260 3204 4334 ἐντειλαμένη,
3258 4260 3606 4332 ἐτελεύτησεν
3641 4263 3777 4318 έτων

2121 4355 2173 4407 π’
2203 4353 2291 4407 καὶ
2324 4353 2492 4430 έτοίφη
2554 4351 2606 4407 έν
2655 4357 2733 4425 τῷ
2791 4357 2902 4425 ναῷ
2966 4357 3075 4407 τῶν
3138 4351 3336 4428 Ἀγίων
3396 4353 3777 4414 ’Λποστόλων.

2125 4442 2326 4502 ΙΙάσαις
2380 4440 2560 4497 τοίνυν
2594 4445 2627 4510 ἡ
2665 4441 2901 4516 μακαρία
2956 4442 3170 4515 ἀρεταῖς
3230 4444 3620 4514 κεκοσμημένη
3663 4442 3781 4519 εἶχε

2121 4532 2208 4585 καὶ
2242 4533 2341 4599 τὴν
2377 4532 2828 4606 χριστομίμητον
2859 4531 3358 4605 ταπεινοφροσύνην
3398 4532 3532 4606 πρὸς
3578 4533 3781 4593 πάντας

364 4623 625 4680 maxime
656 4640 757 4678 eos
788 4624 888 4693 qui
922 4623 1248 4678 solitariam
1280 4624 1459 4678 vitam
1490 4629 1689 4696 agunt.
1726 4625 1871 4679 Nam
1902 4624 2008 4678 vir-

2134 4621 2249 4694 μὲν,
2285 4618 2568 4695 ἐξαιρέτως
2601 4616 2658 4673 δέ
2687 4620 2823 4694 πρὸς
2865 4619 2990 4680 τοὺς
3052 4620 3405 4691 μονάζοντας.
3470 4621 3783 4695 Συνάγουσα

364 4713 535 4784 gines
556 4728 771 4783 cogens
802 4717 858 4766 et
889 4712 948 4766 in
981 4713 1125 4766 toris
1156 4713 1479 4780 collocans,
1513 4713 1639 4783 ipsa
1673 4713 1759 4767 eis
1789 4713 2021 4769 ancillae

365 4802 427 4856 in
459 4817 690 4856 morem
720 4801 1116 4865 ministrabat,
1146 4801 1310 4856 cibos
1340 4818 1647 4873 apponens
1706 4808 1762 4856 et
1810 4802 2024 4873 pocula

365 4891 676 4964 porrigens
716 4890 1113 4961 manibusque
1171 4906 1375 4945 earum
1437 4906 1653 4960 aquam
1688 4890 2019 4945 effundens.

364 4982 451 5037 Ita
483 4987 540 5036 et
573 4980 859 5053 inclytum
894 4996 1067 5035 suum
1100 4980 1288 5033 lilium
1342 4979 1711 5048 instituebat,
1750 4981 1835 5035 uti
1868 4980 2023 5035 fastu

370 5076 609 5126 vacaret
661 5070 983 5139 virtutique
1019 5073 1223 5123 exacte
1278 5066 1557 5123 laudabili
1593 5068 1876 5135 studeret,
1912 5071 2026 5124 Do-

370 5161 653 5230 minoque
683 5176 820 5215 cum
856 5163 1017 5211 metu
1051 5162 1109 5210 et
1140 5162 1396 5210 tremore
1447 5158 1706 5212 serviret.
1740 5161 1933 5229 Atque
1974 5160 2025 5212 is

370 5251 577 5305 matris
607 5247 922 5320 praeceptis
954 5250 1226 5300 accurate
1256 5261 1472 5317 parens
1505 5248 1845 5318 centuplum
1890 5264 2027 5319 pro—

369 5339 509 5393 tulit
528 5339 805 5393 fructum.

2134 4711 2240 4787 γὰρ
2269 4708 2564 4784 παρθένους
2595 4708 2685 4764 καὶ
2716 4708 2802 4763 ἐπὶ
2859 4703 3132 4764 στιϐάδων
3186 4708 3588 4764 κατακλίνουσα
3645 4711 3781 4779 αὐτή

2133 4797 2203 4855 δι’
2235 4800 2426 4868 ἑαυτῆς
2461 4799 2850 4875 καθυπούργει,
2912 4797 3017 4872 ὅψσ
3071 4800 3425 4873 παρατιθεῖσα
3483 4800 3572 4854 καὶ
3625 4796 3783 4853 κύλι-

2130 4910 2230 4952 κας
2260 4887 2525 4964 ὀρέγουσα
2553 4888 2640 4943 καὶ
2692 4886 2837 4963 ὕδωρ
2866 4893 2985 4949 ταῖς
3014 4887 3200 4962 χερσὶν
3231 4887 3405 4943 αὐτῶν
3463 4887 3780 4962 έπιχέουσα,

2133 4979 2460 5054 θεραπαίνης
2492 4976 2643 5055 ἔργον
2708 4976 2953 5051 ἐπλήρου
3035 4977 3194 5035 Ο’5τιὶ›
3227 4975 3284 5032 δὲ
3313 4977 3402 5032 καὶ
3432 4977 3523 5030 τὸν
3558 4975 3781 5048 ἀείμνη-

2135 5092 2259 5127 στον
2290 5069 2405 5125 υἱὸν
2437 5069 2605 5138 αὐτῆς
2649 5063 3012 5141 ἔξεπαιδευσεν
3074 5068 3273 5145 ἄτυφον
3329 5066 3476 5146 ἔχειν
3509 5066 3782 5145 φρόνημα,

2134 5163 2331 5236 ἀρετῆς
2383 5160 2474 5213 καὶ
2542 5156 2825 5217 πολιτείας
2890 5150 3148 5229 ἀκριϐοῦς
3207 5156 3605 5229 ἐπιμελεῖσθαι,
3660 5154 3783 5211 δου-

2136 5247 2313 5304 λεύειν
2376 5246 2433 5303 δέ
2496 5252 2576 5319 τῷ
2636 5245 2817 5321 Κυρίῳ
2872 5246 3004 5318 μετὰ
3062 5239 3241 5325 φόϐου
3307 5247 3396 5301 καὶ
3453 5248 3682 5322 τρόμου·
3732 5248 3791 5312 ὃς

2137 5338 2425 5419 φυλάττων
2472 5332 2713 5412 ἀκριϐῶς
2772 5335 2866 5397 τὰς
2924 5334 3091 5405 αὐτῆς
3146 5333 3372 5398 ἐντολὰς
3431 5335 3791 5415 έκαρποφόρει

2137 5425 2672 5485 ἒκατονταπλασίως.

1581 5546 1946 5602 XYLANDRI
1985 5549 2071 5603 ET
2108 5549 2325 5604 GOARI
2364 5548 2588 5603 ΝΟΤΑΞ.

448 5660 562 5731 (86)
584 5660 885 5731 Xylander
914 5664 1201 5731 copian
1214 5663 1475 5731 praefecti
1495 5662 1687 5718 vertit.
1716 5664 1980 5728 Quarum
2001 5663 2029 5717 ‘l

381 5732 618 5787 Rectius
649 5732 916 5800 dixisset,
939 5732 1163 5788 celestis
1207 5733 1435 5789 militia
1489 5735 1785 5804 principis,
1847 5733 1907 5789 id
1937 5740 2027 5790 est

2137 5663 2439 5719 Michaelis
2460 5661 2797 5734 archangei.
2822 5660 3143 5734 Antiquam
3176 5659 3391 5714 exinde
3421 5676 3560 5733 erga
3589 5661 3795 5719 beatos

2138 5735 2382 5806 spiritus
2410 5732 2785 5789 devotionem
2817 5732 3048 5804 collige.
3083 5732 3259 5786 Gou.
