4144 6412
326 402 452 462 545

1470 386 1843 451 HISTORIA
1852 385 1948 445 ΒΗ
1961 382 2011 440 Μ
2058 380 2391 446 COMPEN
2399 386 2472 446 Dl
2482 386 2590 447 UM
2602 430 2619 446 .

3636 390 3769 449 546i

406 534 507 604 Τῷ
569 530 616 584 κ’
680 523 789 583 ἔτει
849 524 1069 600 γέγονεν
1136 526 1172 592 ἡ
1236 520 1365 598 ἁγία
1456 519 1547 576 καὶ
1633 518 1987 592 οἷκουμενική

2176 520 2350 573 Anno
2380 520 2752 575 Constantini
2785 520 3065 576 vicesimo
3085 525 3354 576 sanctum
3376 523 3756 595 primumque

327 623 527 697 πρώτη
562 615 784 679 σύνοδος
844 616 896 671 ἐν
951 614 1175 686 Νικαίᾳ,
1230 610 1595 677 συνελθόντων
1648 615 1757 666 τῶν
1820 609 1989 686 άγίων

332 712 444 782 τιη⁸
476 709 750 783 Πατὲρων.
787 707 889 768 Ἠς
918 706 1154 779 ¹ἡγοῦντο
1185 697 1525 777 Σιλϐέστρου
1558 702 1711 756 πάπα
1767 699 1993 772 Ῥώμης

334 797 737 873 τοποτηρηταί.
802 795 976 852 Βίτων
1056 793 1148 848 καὶ
1232 793 1524 850 Βικεντίων
1612 786 1991 867 πρεσϐύτεροι,

338 887 708 964 Μητροφάνης
755 887 853 941 τοῦ
924 881 1236 952 Βυζαντίου,
1322 878 1676 956 Ἀλέξανδρος
1737 878 1994 949 ’Λλεξαν-

338 976 545 1053 δρείας,
591 974 889 1036 Εὐστάθιος
939 972 1303 1047 Ἀντιοχείας,
1356 970 1636 1046 Μακάριος
1689 965 1993 1043 Ἱεροσολύ-

342 1088 485 1141 μων,
543 1066 681 1121 κατᾶ
737 1060 952 1137 Ἀρείου
1035 1055 1406 1136 πρεσϐυτέρου
1464 1059 1757 1136 γεγονότος
1814 1055 1996 1126 Ἀλεξ-

339 1153 612 1229 ανδρείας,
675 1150 1138 1228 βλασφημοῦντος
1214 1150 1306 1204 τὸν
1374 1150 1503 1204 Θεὸν
1556 1148 1732 1222 Λόγον
1791 1146 1997 1218 κτίσμα

342 1243 802 1318 καίὲτεροούσιον
859 1244 957 1296 τοῦ
1014 1240 1250 1313 Πατρὸς,
1307 1238 1399 1293 καὶ
1460 1236 1544 1292 ὅτι
1593 1239 1659 1306 ἦν
1717 1257 1851 1291 ποτε
1907 1234 1998 1289 ὅτε

344 1338 447 1391 οὐκ
477 1336 545 1403 ἦν
577 1330 921 1405 δοξάζοντος,
976 1331 1075 1387 "Ov
1134 1326 1440 1393 καθελοῦσα
1496 1327 1845 1399 ἆνεθεμάτισε
1900 1325 1993 1379 σὺν

342 1430 460 1486 τοῖς
492 1423 795 1499 ὁμόφροσιν
828 1420 1019 1490 αὐτοῦ,
1046 1418 1138 1473 τὸν
1172 1414 1229 1473 δὲ
1258 1418 1381 1472 Υιὸν
1412 1416 1707 1490 ὁμοούσιον
1746 1416 1838 1471 καὶ
1871 1435 1995 1469 συν-

346 1512 585 1590 άναρχον
653 1509 765 1583 (87)
819 1513 897 1581 τῷ
966 1507 1135 1583 Πατρὶ
1190 1507 1281 1562 καὶ
1367 1508 1494 1561 Θεὸν
1590 1503 1849 1575 ἀληθινὸν
1906 1505 1994 1560 καὶ

348 1600 582 1671 Κτίστην
641 1599 857 1654 πάντων
939 1594 1279 1671 ἐδογμάτισε,
1365 1597 1514 1652 Μετᾶ
1570 1600 1699 1673 γοῦν
1754 1595 1816 1650 τὸ
1874 1616 1995 1650 συν·

347 1696 707 1763 αθροισθῆναι
747 1687 953 1750 πάντας
982 1685 1110 1748 τοὺς
1172 1684 1433 1760 ῥηθέντας
1490 1692 1597 1753 τιη“
1659 1682 1897 1760 Πατέρας
1941 1682 1996 1738 ἐν

345 1779 550 1851 Νικαίᾳ
582 1775 873 1851 δημοσίοις
929 1777 1233 1851 ὀχήμασιν,
1291 1774 1509 1854 ἀφίκετο
1557 1775 1647 1828 καὶ
1680 1774 1707 1827 6
1744 1771 1996 1848 βασιλεὺς

2101 610 2538 664 (ΒΟΠΠῚΘΠῘΟΠΙΠ
2569 609 2889 665 concilium
2921 610 3129 665 Nicaeae
3183 614 3381 665 actum
3429 611 3560 680 fuit,
3614 630 3757 668 cou-

2102 698 2357 769 gregatis
2379 715 2448 753 eo
2469 700 2573 752 318
2597 699 2819 755 sanctis
2840 699 3133 756 Patribus.
3162 699 3539 757 Praefuerunt
3560 701 3613 755 ei
3646 702 3760 755 Sil-

2100 786 2279 840 vestri
2314 786 2561 842 Romani
2576 788 2955 859 papaelocum
2983 790 3439 843 tenentesViton
3463 795 3521 844 et
3550 790 3759 844 Vicen-

2103 875 2221 930 tius
2288 875 2449 932 500
2524 877 2875 949 presbyteri,
2968 878 3384 949 Metrophanes
3479 879 3759 951 Byzantii,

2102 964 2437 1020 Alexander
2504 966 2888 1033 Alexandriae,
2973 967 3316 1023 Eustathius
3394 967 3747 1034 Antiochiae,

2104 1055 2393 1109 Macarius
2441 1054 2864 1126 Hierosolyma:
2943 1056 3222 1128 episcopi.
3286 1059 3496 1112 Actum
3550 1062 3759 1112 contra

2103 1144 2332 1213 Arium,
2356 1145 2458 1215 qui
2485 1145 2871 1201 Alexandreae
2898 1146 3207 1217 presbyter
3227 1146 3746 1219 fuerat,impieque

2103 1234 2530 1307 pronuntiabat
2548 1236 2797 1290 Verbum
2814 1236 2914 1290 Dei
2935 1242 3267 1292 creaturam
3281 1254 3474 1308 neque
3493 1237 3755 1307 ejusdem

2106 1340 2242 1379 cum
2273 1326 2446 1379 Patre
2495 1325 2770 1379 essentim
2821 1342 2972 1395 esse,
3023 1342 3089 1381 ac
3129 1326 3311 1381 fuisse
3360 1332 3591 1397 tempus
3637 1343 3756 1397 quo

2106 1415 2362 1470 Verbum
2395 1432 2516 1471 non
2545 1415 2741 1471 fuerit.
2776 1419 2923 1471 Eum
2945 1417 3267 1472 concilium
3286 1433 3422 1473 cum
3445 1418 3761 1472 sectatori-

2104 1503 2216 1559 bus
2238 1504 2366 1575 ejus
2388 1505 2786 1576 proscribens,
2814 1505 3071 1561 decrevit
3088 1507 3302 1561 Filium
3333 1523 3462 1562 esse
3480 1507 3753 1579 ejusdem

2105 1609 2241 1648 cum
2271 1594 2443 1649 Patre
2474 1594 2771 1665 essentiae,
2794 1594 3191 1666 similiterque
3213 1595 3506 1667 principio
3529 1612 3755 1664 carere,

2106 1688 2164 1737 et
2195 1699 2323 1737 esse
2353 1699 2557 1737 verum
2587 1684 2775 1738 Deum
2807 1688 2985 1755 atque
3033 1685 3301 1739 omnium
3352 1685 3753 1741 Conditorem.

2105 1772 2249 1826 Cum
2307 1772 2563 1827 Nicaeam
2610 1773 2711 1826 318
2764 1773 2859 1826 isti
2904 1774 3107 1828 Patres
3155 1772 3411 1844 publicis
3470 1775 3758 1829 vehiculis

344 1866 628 1946 ἐφιέμενος
660 1863 794 1922 ἰδεῖν
854 1866 953 1934 τὴν
990 1862 1205 1934 πληθὺν
1257 1869 1365 1918 τῶν
1408 1862 1727 1938 ἀρχιερέων.
1776 1861 1880 1920 Καὶ
1927 1858 1993 1930 δὴ

2117 1860 2532 1931 pervenissent,
2565 1860 2775 1916 eodem
2806 1861 2986 1915 etiam
3011 1861 3336 1933 imperator
3375 1878 3437 1917 se
3482 1863 3761 1931 contulit,

347 1959 505 2012 οἷκον
569 1956 826 2033 μέγιστον
885 1953 937 2010 ἐν
1013 1958 1128 2016 τοῖς
1219 1952 1518 2028 βασιλείοις
1599 1953 1999 2014 κατασκετάσας

351 2045 585 2122 θρόνους
626 2042 876 2108 πολλοὺς
935 2042 987 2098 ἐν
1053 2042 1201 2115 αὐτῷ
1266 2048 1489 2111 τεθῆναι
1545 2039 1858 2116 προσέταξε,
1913 2040 2006 2095 καὶ

354 2135 531 2196 οὕτως
560 2134 822 2199 εἰσελθεῖν
849 2132 976 2194 τοὺς
1032 2132 1311 2208 ἀρχιερεῖς
1369 2130 1676 2206 ἐπέτρεψεν.
1728 2132 2006 2205 Ἐσχατος

354 2224 415 2281 δὲ
446 2224 537 2280 σὺν
580 2222 793 2300 ὀλίγοις
831 2222 1090 2287 εἰσελθὼν
1148 2221 1237 2276 καὶ
1290 2221 1480 2289 αὐτὸς,
1524 2220 1615 2276 καὶ
1647 2221 1772 2283 στὰς
1824 2218 1876 2275 ἐν
1926 2224 2006 2292 τῷ

366 2316 537 2389 μέσῳ,
595 2315 965 2391 προετρέψατο
1044 2311 1246 2374 πάντας
1307 2310 1543 2370 καθίσαι.
1606 2311 1738 2368 Εἶτα
1817 2309 2007 2385 θρόνου

362 2408 563 2479 μικροῦ
644 2404 889 2465 τεθέντος
980 2401 1287 2463 κελευσθεὶς
1377 2401 1466 2455 ὑπ’
1522 2400 1699 2455 αὐτῶν
1765 2397 2005 2463 ἒκάθισεν

359 2492 593 2573 ἔσχατος
647 2496 886 2551 πάντων·
961 2496 1195 2564 τοσαύτη
1256 2514 1339 2556 τις
1394 2489 1650 2549 εὐλάϐεια
1700 2493 1790 2548 καὶ
1839 2489 2007 2555 αἰδὼς

355 2594 463 2644 τῶν
498 2584 705 2662 ἀνδρῶν
775 2591 1001 2660 κατεῖχε
1056 2585 1148 2640 τὸ]
1199 2583 1446 2660 βασιλέα.
1499 2585 1603 2641 Καί
1648 2584 1699 2639 οἱ
1750 2585 1843 2657 μὲν
1890 2587 2008 2644 τοῖς

354 2676 530 2743 ἄνθεσι
568 2682 676 2733 τῶν
738 2675 1027 2750 ἐγκωμίων
1078 2677 1178 2745 τήν
1222 2672 1466 2754 κεφαλήν
1523 2674 1688 2730 αὐτοῦ
1736 2674 2011 2750 στεφανώ-

356 2789 538 2830 σαντες
570 2769 670 2837 τὴν
701 2765 924 2841 περὶτὰ
955 2770 1071 2829 θεῖα
1120 2766 1208 2838 [Ρ.
1259 2766 1385 2837 586]
1437 2760 1679 2833 σπουδὴν
1730 2761 2010 2839 εὐλογίαις

352 2857 687 2932 ἠμείψαντο’
725 2856 753 2910 6
788 2852 847 2910 δὲ
891 2852 1019 2915 τοὺς
1063 2853 1186 2928 περὶ
1244 2859 1344 2923 τῆς
1402 2851 1664 2925 ὁμονοίας
1719 2851 1809 2907 καὶ
1869 2873 2006 2925 συμ-

360 2945 561 3024 φωνίας
590 2946 962 3021 προσαγαγὼν
1023 2941 1228 3019 λόγους
1265 2940 1513 3004 πολλοὺς
1567 2942 1662 3015 μὲν
1710 2939 2011 3019 ἐφιλοφρο-

360 3032 562 3103 νήσατο
595 3034 683 3089 καὶ
724 3034 916 3108 λόγοις
956 3033 1047 3087 καὶ
1108 3032 1329 3107 δώροις,
1386 3029 1602 3096 πολλὰς
1646 3027 1703 3086 δὲ
1753 3027 2011 3092 στιϐάδας

369 3124 663 3199 προστάξας
759 3123 1176 3197 εὐτρεπισθῆναι
1269 3119 1357 3176 ἐπί
1443 3120 1505 3175 τὸ
1585 3120 1718 3175 αὐτὸ
1804 3120 2008 3182 πάντας

2114 1949 2360 2020 cupiens
2382 1948 2579 2004 videre
2601 1966 2731 2005 eam
2746 1966 3115 2006 summorum
3128 1951 3480 2022 pontificum
3493 1951 3666 2006 multi
3677 1957 3766 2007 tu-

2115 2040 2338 2096 dinem.
2360 2041 2612 2096 Domum
2631 2041 2693 2095 in
2718 2042 2881 2113 regia
2900 2041 3329 2113 amplissimam
3355 2043 3564 2114 positis
3596 2042 3764 2097 soliis

2115 2130 2393 2186 adornari
2426 2131 2607 2202 inque
2639 2147 2770 2185 eam
2802 2133 3005 2187 Patres
3036 2132 3353 2187 convenire
3394 2132 3596 2203 jussit.
3629 2134 3759 2203 Ipse

2118 2239 2251 2277 cum
2281 2223 2484 2293 paucis
2510 2228 2847 2294 postremus
2876 2223 3137 2292 intravit,
3171 2223 3353 2296 inque
3393 2224 3591 2279 medio
3624 2226 3769 2278 asti—

2118 2313 2207 2380 tit,
2231 2328 2299 2367 ac
2322 2312 2631 2367 considere
2652 2314 2856 2368 Patres
2880 2312 3201 2381 mandavit,
3228 2314 3523 2386 jussuque
3558 2329 3766 2369 eorum

2118 2401 2314 2473 posita
2345 2401 2496 2456 sella
2525 2400 2773 2456 ultimus
2803 2403 3074 2457 omnium
3104 2402 3295 2471 sedit;
3327 2406 3562 2459 tantum
3586 2403 3771 2473 impe-

2118 2497 2281 2545 rator
2300 2490 2574 2545 Patribus
2594 2494 2940 2546 reverentiae
2963 2507 3030 2545 ac
3051 2490 3295 2546 honoris
3319 2491 3643 2547 deferebat.
3688 2494 3770 2547 Ac

2117 2583 2320 2637 Patres
2344 2580 2583 2652 quidem
2607 2581 2856 2636 floribus
2878 2581 3291 2637 laudationum
3314 2587 3490 2653 caput
3508 2582 3769 2653 impera-

2118 2670 2262 2725 toris
2282 2670 2879 2740 coronantes,faustis
2900 2671 3479 2742 comprecationibus
3506 2671 3771 2726 studium

2119 2758 2248 2831 ejus
2276 2774 2478 2813 rerum
2528 2775 2764 2814 sacrum
2815 2765 3368 2831 compensaverunt.
3420 2761 3770 2832 Imperator,

2116 2847 2320 2903 habita
2344 2847 2632 2912 oratione,
2666 2864 2784 2919 qua
2813 2864 2913 2903 eos
2943 2848 3017 2905 ad
3057 2848 3437 2904 concordiam
3469 2854 3525 2903 et
3556 2849 3777 2904 unani-

2118 2937 2387 2992 mitatem
2420 2937 2855 3005 exhortaretur,
2887 2938 3109 2993 multos
3167 2939 3432 3010 ipsorum
3476 2938 3670 2994 verbis
3700 2955 3771 2994 ac

2119 3025 2467 3080 muneribus
2499 3032 2868 3098 prosecutus,
2900 3027 3124 3082 multos
3164 3032 3324 3083 toros
3340 3028 3536 3100 parari
3561 3028 3769 3099 jussit,

2118 3131 2447 3185 omnesque
2477 3115 2552 3171 ad
2581 3131 2767 3171 unum
2798 3116 3130 3172 convivium
3160 3118 3404 3185 vocavit,
3439 3119 3521 3173 ita
3546 3122 3612 3172 ut
3632 3135 3779 3189 prmo

376 3211 598 3284 ὲστίασε,
659 3214 787 3274 τοὺς
857 3213 952 3285 μὲν
1040 3209 1510 3286 ἀξιολογωτέρους
1601 3210 2008 3285 ὁμοτραπέζους

2125 3204 2442 3261 stantiores
2476 3221 2597 3261 sua)
2630 3220 2852 3261 mensm
2874 3206 3206 3274 adhiberet,
3228 3207 3493 3279 reliquos
3515 3207 3577 3263 in
3600 3212 3775 3263 caste-

370 3297 574 3372 λαϐὼν,
626 3303 755 3365 τοὺς
816 3300 875 3357 δὲ
932 3298 1169 3365 λοιποὺς
1226 3301 1302 3362 εἰς
1360 3300 1456 3362 τὰς
1516 3299 1693 3364 ἃλλας
1748 3300 2017 3376 τραπέζας

364 3389 557 3450 διεῖλε.
593 3392 935 3465 Θεασάμενος
967 3389 1025 3446 δέ
1053 3411 1204 3454 τινας
1250 3390 1377 3452 τοὺς
1424 3387 1630 3460 δεξιοὺς
1690 3392 2017 3471 ἀφθαλμοὺς

366 3476 825 3550 ἐκκεκομμένους,
884 3476 975 3531 καὶ
1065 3474 1251 3549 μαθὼν
1319 3476 1393 3538 ὡς
1452 3476 1557 3531 ὑπὸ
1617 3477 2018 3552 Διοκλητιανοῦ

365 3566 455 3622 καὶ
517 3566 860 3640 Μαξιμιυνοῦ
933 3561 1025 3620 διὰ
1108 3565 1208 3633 τὴν
1276 3565 1351 3627 εἰς
1411 3565 1650 3641 Χριστὸν
1710 3571 2017 3649 ὁμολογίαν

358 3661 525 3714 τοῦτο
567 3656 892 3724 πεπόνθασι,
920 3655 987 3709 τὰ
1036 3655 1204 3731 χείλη
1252 3659 1370 3718 τοῖς
1418 3656 1691 3732 τραύμασι
1745 3665 2019 3736 προσενή-

356 3765 491 3821 νοχε
519 3745 1019 3818 κατασπαζόμενος,
1078 3743 1322 3799 ἑλκύσειν
1373 3743 1573 3810 ἐκεῖθεν
1623 3746 1881 3825 εὐλογίαν
1938 3758 2018 3825 τῷ

363 3835 642 3913 φιλήματι
700 3833 993 3890 πιστεύων·
1051 3834 1226 3896 οὓτως
1272 3834 1339 3903 ἦν
1400 3835 1427 3888 6
1489 3839 1793 3909 θαυμάσιος
1877 3840 2016 3917 ἀνὴρ

360 3924 563 3987 ἐκεῖνος
619 3919 878 3995 εὐλαϐείᾳ
940 3924 1029 3979 καὶ
1113 3924 1292 3979 πίστει
1388 3925 1474 3979 καὶ
1575 3929 2014 4007 μετριοφροσύνῃ

364 4013 875 4092 λελαμπρυσμένος.
914 4018 995 4089 Τῇ
1051 4012 1108 4069 δὲ
1163 4013 1424 4090 ἐπαύριον
1480 4014 1772 4073 ἐπίσκοποι
1820 4021 2018 4082 πάντες

361 4105 454 4159 καὶ
488 4106 516 4160 ὁ
548 4103 806 4179 βασιλεὺς
837 4103 911 4166 εἷς
944 4099 1038 4157 ἕνα
1064 4102 1234 4158 τόπον
1260 4101 1606 4167 συνελθόντες
1647 4105 1876 4162 καλοῦσι
1922 4108 2015 4162 τὸν

362 4195 586 4268 ’Λρειον
619 4192 712 4248 σὺν
753 4198 871 4256 τοῖς
914 4192 1220 4271 ὁμόφροσιν
1266 4192 1432 4248 αὐτοῦ
1480 4194 1558 4256 εἷς
1605 4196 1705 4264 τὴν
1762 4194 2014 4264 σύνοδον,

364 4284 742 4357 ἐπιτρέποντες
772 4284 922 4356 αὐτῷ
963 4291 1221 4355 συστῆναι
1274 4288 1391 4347 τοῖς
1438 4283 1667 4347 οἰκείοις
1718 4283 2016 4361 δόγμασιν,

361 4376 465 4431 Ἦν
499 4371 557 4428 δὲ
609 4373 676 4428 τὰ
717 4371 968 4448 δόγματα
1022 4376 1120 4427 τοῦ
1177 4367 1401 4435 ἀσεϐοῦς
1440 4374 1530 4427 καὶ
1587 4376 2017 4449 τρισκαταράτου

363 4463 580 4538 Ἀρείου
626 4466 817 4519 ταῦτα.
869 4460 986 4519 Οὐκ
1033 4460 1114 4515 ἀεὶ
1145 4461 1172 4515 ὁ
1214 4461 1345 4524 Θεὸς
1397 4463 1582 4537 Πατὴρ
1627 4462 1714 4535 ἦν,
1767 4463 1892 4520 ἀλλ’
1949 4465 2015 4534 ἦν

361 4553 455 4607 ὅτε
485 4551 614 4612 Θεὸς
656 4551 842 4624 Πατήρ
904 4550 1007 4605 οὐκ
1062 4548 1154 4618 ἦν.
1205 4549 1320 4607 Οὐκ
1374 4549 1453 4605 ἀεὶ
1513 4551 1582 4619 ἦν
1642 4552 1670 4605 6
1729 4550 1825 4607 τοῦ
1884 4556 2019 4608 Θεοῦ

2126 3311 2224 3350 ras
2246 3311 2478 3350 mensas
2510 3294 2911 3351 distribueret.
2950 3295 3164 3351 Videns
3194 3301 3394 3352 autem
3417 3296 3776 3367 quibusdam

2124 3383 2364 3440 oculum
2398 3383 2671 3439 dextrum
2704 3400 2833 3439 esse
2865 3389 3122 3454 erutum,
3169 3385 3590 3456 accipiensque
3619 3386 3769 3443 ὕοι

2123 3472 2182 3527 id
2212 3490 2314 3529 eos
2371 3490 2407 3529 a
2443 3473 2811 3529 Diocletiano
2860 3479 2920 3528 et
2964 3475 3315 3530 Maximiano
3358 3491 3564 3546 passos
3615 3475 3777 3546 quod

2123 3563 2421 3618 Christum
2453 3569 2655 3618 essent
2684 3564 2961 3633 confessi,
2994 3564 3298 3620 cicatrices
3340 3580 3547 3620 eorum
3596 3564 3772 3620 labiis

2122 3651 2379 3708 admotis
2398 3652 2777 3708 deosculatus
2809 3660 2916 3723 est,
2950 3670 3197 3726 sperans
3247 3653 3468 3710 osculis
3515 3654 3655 3709 inde
3707 3670 3770 3707 se

2123 3741 2468 3798 felicitatem
2490 3743 2844 3798 hausturum
2869 3760 2882 3796 :
2920 3748 3150 3799 tantum
3172 3744 3361 3799 fuitin
3389 3743 3498 3799 isto
3526 3743 3776 3815 impera-

2124 3837 2248 3887 tore
2281 3831 2441 3899 ﬁdei,
2474 3832 2863 3888 observantiae
2898 3849 3036 3905 erga
3062 3839 3301 3889 sanctos
3332 3838 3389 3888 et
3437 3832 3771 3888 modestiae.

2123 3920 2414 3976 Postridie
2446 3921 2709 3993 episcopi
2740 3923 3001 3977 universi
3031 3928 3091 3977 et
3118 3922 3445 3992 imperator
3473 3922 3536 3976 in
3588 3937 3774 3976 unum

2123 4008 2320 4063 locum
2353 4009 2588 4065 collecti
2619 4011 2827 4066 Arium
2859 4010 2933 4065 ad
2983 4027 3046 4065 se
3092 4016 3303 4065 vocant
3346 4011 3407 4064 in
3451 4009 3770 4064 concilium

2122 4114 2258 4152 cum
2289 4098 2410 4152 suis
2436 4099 2846 4167 sectatoribus,
2882 4100 3055 4170 eique
3086 4115 3222 4154 suas
3263 4101 3578 4170 opiniones
3608 4110 3775 4153 asse-

2121 4187 2294 4242 rendi
2327 4192 2681 4258 potestatem
2714 4189 2953 4243 faciunt.
2993 4189 3125 4243 Haec
3155 4194 3353 4243 autem
3381 4193 3552 4242 erant
3606 4187 3778 4258 impii

2123 4285 2299 4350 atque
2323 4279 2670 4333 exsecrandi
2696 4280 2815 4335 Arii
2834 4279 3252 4335 decreta.Deus
3274 4295 3395 4334 non
3418 4278 3781 4349 semperfuit

2123 4368 2429 4436 Pater,sed
2442 4368 2554 4423 fuit
2566 4386 2699 4425 cum
2716 4370 2868 4424 Deus
2881 4386 2999 4424 non
3015 4371 3373 4425 essetPater.
3400 4369 3524 4422 Non
3538 4383 3775 4438 semper

2123 4458 2237 4514 fuit
2266 4458 2521 4515 Verbum
2553 4459 2678 4524 Dei,
2713 4458 2816 4514 sed
2846 4476 2917 4514 ex
2957 4475 3024 4514 eo
3056 4458 3216 4530 quod
3248 4458 3399 4513 nihil
3430 4462 3579 4525 erat,
3611 4473 3779 4512 crea-

2127 4554 2252 4603 tum
2268 4554 2384 4605 est:
2405 4550 2558 4603 Deus
2573 4549 2733 4603 enim
2748 4550 2848 4619 qui
2866 4548 3067 4619 erat,is
3082 4549 3267 4603 Deum
3282 4547 3381 4618 qui
3398 4563 3518 4602 non
3532 4552 3677 4614 erat,
3706 4563 3777 4601 ex

360 4640 561 4714 Λόγος,
617 4639 744 4695 ἀλλ’
791 4639 843 4710 ἐξ
892 4639 992 4694 οὐκ
1043 4637 1210 4693 ὄντων
1271 4637 1509 4716 γέγονεν’
1544 4640 1572 4693 6
1610 4641 1711 4716 γὰρ
1761 4638 1835 4695 ὥν
1888 4641 2008 4703 Θεὸς

2126 4637 2316 4693 nihilo
2332 4637 2566 4692 creavit.
2578 4636 2910 4708 Aliquando
2924 4637 3105 4709 igitur
3118 4636 3372 4691 Verbum
3386 4652 3508 4691 non
3519 4635 3786 4692 fuit:nam

357 4735 452 4787 τὸν
486 4733 561 4804 μή
596 4727 723 4787 ὄντα
750 4730 810 4787 ἐκ
836 4735 933 4787 τοῦ
968 4731 1044 4805 μὴ
1077 4726 1231 4793 ὄντος
1289 4729 1581 4801 πεποίηκε.
1640 4733 1734 4787 Διὸ
1764 4731 1830 4799 ἦν
1882 4753 2016 4788 ποτε

361 4824 455 4878 ὅτε
484 4823 585 4877 οὐκ
624 4822 712 4890 ἦν·
772 4821 977 4895 κτίσμα
1033 4820 1135 4896 γάρ
1194 4820 1305 4875 ἐστι
1358 4823 1447 4875 καὶ
1501 4821 1723 4895 ποίημα
1779 4822 1807 4876 6
1867 4822 2012 4883 Υἱὸς·

360 4910 503 4969 Οὔτε
533 4907 592 4964 δὲ
630 4908 825 4984 ὅμοιός
880 4908 1024 4966 ἐστιν
1059 4911 1087 4964 ὁ
1118 4910 1241 4970 Υἱὸς
1284 4913 1364 4982 τῷ
1424 4912 1595 4986 Ηατρί
1640 4916 1758 4966 κατ’
1803 4910 2014 4970 οὐσίαν.

363 4996 505 5057 Οὔτε
563 4996 629 5067 δὴ
686 4997 948 5071 ἀληθινὸς
1008 4998 1099 5053 καὶ
1150 4999 1304 5074 φύσει
1370 5002 1468 5053 τοῦ
1547 5000 1758 5074 Πατρὸς
1843 4999 2021 5076 Λόγος

360 5086 533 5161 ἐστὶν,
600 5083 724 5142 οὔτε
777 5087 1017 5158 ἀληθινὴ
1086 5084 1250 5165 σοφία
1306 5086 1473 5141 αὐτοῦ
1529 5084 1688 5142 ἐστιν’
1759 5085 1888 5143 ἀλλ’
1945 5088 2019 5151 εἷς

365 5177 463 5251 μὲν
522 5179 630 5231 τῶν
691 5178 1019 5250 ποιημάτων
1077 5177 1170 5231 καὶ
1220 5176 1481 5252 γεννητός
1539 5173 1674 5247 ἐστι,
1726 5197 2017 5253 καταχρη-

360 5270 562 5328 στικῶς
592 5263 649 5321 δὲ
680 5264 893 5343 λέγεται
944 5265 1124 5341 Λόγος
1189 5265 1281 5319 καὶ
1347 5263 1529 5342 σοφία,
1585 5266 1879 5342 γενόμενος
1926 5267 2019 5320 καὶ

356 5359 522 5423 αὺτὸς
544 5362 622 5429 τῷ
653 5355 779 5431 ἰδίῳ
817 5360 914 5412 τοῦ
945 5355 1078 5412 Θεοῦ
1109 5355 1273 5431 Αόγῳ
1303 5355 1394 5411 καὶ
1444 5355 1498 5410 ἐν
1541 5360 1622 5429 τῷ
1659 5363 1775 5428 Θεῳ
1832 5355 2017 5434 σοφίᾳ,

2125 4727 2308 4782 Filius
2338 4732 2610 4782 creatura
2639 4731 2746 4791 est,
2782 4730 2839 4781 et
2860 4743 2955 4782 res
2978 4728 3208 4782 eti'ecta.
3232 4727 3431 4797 Neque
3462 4743 3598 4781 vero
3622 4726 3782 4797 quod

2127 4816 2201 4871 ad
2242 4817 2562 4872 essentiam
2594 4817 2827 4883 attinet,
2859 4816 3041 4872 Filius
3069 4816 3229 4871 Patri
3258 4815 3471 4871 similis
3502 4820 3593 4871 est
3620 4834 3635 4883 ;
3676 4831 3785 4870 ne-

2135 4922 2250 4976 que
2282 4906 2607 4978 genuinum
2641 4910 2700 4961 et
2728 4910 2956 4961 naturae
2988 4906 3260 4978 ejusdem
3292 4922 3428 4961 cum
3459 4910 3630 4961 Patre
3654 4906 3790 4959 Ver-

2127 4995 2271 5051 bum
2295 5001 2405 5063 est,
2440 5012 2635 5068 neque
2661 5012 2797 5052 vera
2825 4997 2955 5069 ejus
3001 4997 3311 5069 sapientia.
3362 4994 3474 5051 Sed
3527 4993 3779 5049 Verbum

2129 5090 2219 5142 est
2247 5084 2321 5140 de
2350 5101 2601 5141 numero
2635 5091 3042 5142 creaturarum
3099 5087 3404 5158 genitum:
3456 5083 3781 5155 improprie

2129 5179 2326 5230 autem
2362 5174 2617 5231 Verbum
2677 5180 2737 5231 et
2778 5176 3072 5249 sapientia
3109 5176 3344 5237 dicitur,
3394 5188 3530 5227 cum
3580 5171 3780 5243 ipsum

2129 5284 2366 5340 quoque
2397 5268 2701 5323 conditum
2736 5267 2877 5322 sita
2906 5266 3144 5339 proprio
3184 5264 3285 5319 Dei
3333 5261 3519 5316 Verbo
3573 5266 3632 5317 et
3683 5279 3780 5318 sa-

2129 5358 2356 5429 pientia
2385 5374 2519 5429 quae
2550 5357 2611 5413 in
2646 5359 2763 5413 Deo
2796 5362 2904 5423 est,
2939 5372 3054 5427 qua
3082 5371 3117 5409 a
3145 5354 3262 5408 Deo
3295 5351 3497 5406 omnia
3542 5355 3603 5407 et
3636 5352 3782 5407 Ver-

1566 5505 1935 5559 XYLANDRI
1976 5506 2064 5558 ET
2102 5505 2309 5560 GOARI
2352 5505 2571 5559 ΝΟΤίΕ.

447 5627 539 5693 87)
571 5630 663 5681 An
693 5624 776 5680 ita
804 5625 1014 5695 Filius,
1039 5623 1193 5679 sicut
1222 5625 1397 5678 Pater
1426 5619 1689 5695 ἄναρχος,
1735 5637 1858 5695 non
1901 5621 2008 5695 ita,

358 5693 465 5753 sed
495 5696 684 5753 Filius
713 5713 951 5769 quoque
980 5693 1241 5770 ἄναρχος,
1283 5695 1423 5765 quia
1471 5693 1610 5749 licet
1657 5693 2020 5767 principium

2123 5621 2393 5695 originis,
2427 5638 2548 5695 non
2580 5619 2865 5695 temporis
2897 5622 3095 5695 tamen
3126 5620 3229 5672 aut
3247 5615 3569 5674 creationis
3593 5632 3786 5689 agno-

2133 5689 2261 5749 scit.
2292 5693 2606 5765 Gregorius
2637 5689 2983 5763 Theologus.
3017 5689 3191 5746 Cosa.
