4144 6440
255 399 372 458 547
1572 392 1886 455 GEORGII
1929 394 2280 457 GEDRENI
3553 399 3676 457 548

256 529 397 584 bum
429 545 667 599 quoque
692 528 889 600 ipsum
912 527 1066 582 facta
1096 531 1250 581 sunt.
1283 524 1421 580 Ideo
1449 526 1703 580 Verbum
1727 527 1904 581 etiam

2021 522 2073 578 ἐν
2166 525 2256 580 καὶ
2280 525 2349 579 τὰ
2390 526 2565 581 πάντα
2615 527 2706 581 καὶ
2765 526 2925 580 αὐτὸν
2991 527 3286 597 πεποίηκεν
3312 527 3340 581 ὁ
3372 527 3523 587 Θεός.
3579 528 3673 582 Διὸ

260 617 548 673 mutabile
576 622 667 672 est
698 634 766 672 ac
797 622 1028 672 natura)
1075 613 1417 684 alterabilis,
1480 614 1653 669 sicuti
1713 615 1916 670 omnia

258 706 489 761 ratione
538 706 821 777 prmdita;
882 705 1262 774 alienumque
1310 708 1402 758 est
1448 703 1704 758 Verbum
1745 720 1779 759 a
1810 702 1913 759 Dei

261 795 615 860 substantia,
667 794 739 850 ab
800 809 987 864 eaque
1046 792 1413 848 distinctum.
1466 794 1664 863 Neque
1713 791 1912 847 videre

258 890 459 956 potest
488 886 720 940 Patrem
752 883 955 953 Filius,
1004 898 1201 953 neque
1250 882 1508 953 perfecte
1559 886 1620 936 et
1664 881 1912 953 praecise

263 992 398 1032 eum
429 989 784 1047 cognoscere
814 989 1007 1045 neque
1036 972 1234 1028 videre
1280 977 1495 1044 potest.
1545 975 1688 1027 Nam
1740 986 1911 1027 suam

265 1064 453 1135 ipsius
478 1079 711 1133 quoque
731 1062 1127 1119 substantiam
1158 1078 1278 1116 non
1300 1062 1483 1128 novit,
1515 1061 1811 1132 quomodo
1836 1059 1914 1113 sit

258 1154 458 1208 Filius.
484 1155 733 1224 Propter
764 1169 873 1208 nos
907 1153 1069 1207 enim
1099 1152 1290 1207 factus
1320 1156 1429 1218 est,
1461 1156 1529 1206 ut
1552 1152 1706 1207 Deus
1757 1152 1909 1207 502

257 1259 364 1297 nos
397 1242 582 1313 ipsius
638 1247 927 1313 tanquam
986 1241 1364 1297 instrumenti
1424 1257 1605 1312 opera
1658 1246 1909 1309 crearet,

256 1348 450 1403 neque
482 1332 728 1387 omnino
762 1332 1090 1387 exstitisset
1120 1331 1238 1385 nisi
1274 1332 1427 1386 Deus
1457 1347 1566 1385 nos
1590 1330 1782 1385 facere
1810 1347 1907 1385 vo-

255 1421 485 1477 luisset.
573 1423 979 1493 Interrogatus
1056 1422 1235 1475 etiam
1306 1420 1481 1475 Arius
1534 1436 1568 1474 a
1626 1420 1905 1489 quodam,

257 1514 538 1582 possetne
571 1509 829 1564 Verbum
861 1509 1101 1574 mutari,
1152 1507 1450 1579 quomodo
1496 1507 1769 1562 diabolus
1818 1513 1911 1563 est

254 1603 538 1669 mutatus,
570 1614 695 1653 non
726 1598 946 1653 veritus
977 1602 1063 1652 est
1111 1597 1408 1653 afﬁrmare
1439 1613 1625 1669 posse
1661 1596 1721 1651 id
1773 1614 1906 1651 mu-

252 1690 403 1744 tari:
441 1706 570 1745 esse
605 1690 766 1745 enim
798 1688 1102 1744 mutabilis
1132 1694 1359 1744 natura
1405 1693 1608 1759 utpote
1639 1688 1906 1761 genitum

256 1784 316 1833 et
343 1784 628 1834 creatum.

326 1867 617 1923 Cmterum
647 1867 1003 1923 miraculum
1035 1883 1105 1922 eo
1136 1867 1197 1921 in
1237 1867 1491 1923 concilio
1524 1866 1743 1922 factum
1768 1867 1906 1938 jure
1939 1899 1985 1963 Β

254 1957 628 2029 prmtermitti
653 1956 890 2011 silentio
943 1973 1063 2012 non
1104 1962 1317 2028 potest.
1366 1957 1630 2011 Novitate
1683 1956 1904 2011 decreti

258 2046 636 2118 imperatoris
659 2046 804 2101 moti
828 2051 1231 2101 convenerant
1259 2046 1332 2100 ad
1358 2045 1678 2100 concilium
1712 2045 1905 2117 philo-

252 2136 422 2207 sophi
439 2140 823 2206 oratoresque
845 2136 989 2190 artis
1011 2135 1341 2191 disserendi
1361 2135 1729 2207 peritissimi.
1745 2136 1907 2189 Inter

253 2241 353 2279 eos
387 2224 631 2295 quidam
665 2229 793 2280 erat
822 2226 1058 2280 Graecus
1090 2225 1150 2279 in
1183 2225 1453 2280 omnium
1486 2223 1902 2290 admiratione,

250 2320 310 2371 et
348 2315 422 2370 ad
452 2316 627 2386 cujus
657 2314 1095 2386 disputationes
1124 2331 1340 2388 magna
1360 2315 1675 2371 hominum
1707 2332 1906 2371 accur-

250 2410 411 2458 reret
440 2404 782 2460 multitudo.
814 2406 1014 2474 Neque
1048 2404 1209 2459 enim
1244 2421 1376 2459 cum
1411 2406 1715 2460 confutare
1747 2404 1902 2459 vale-

247 2495 393 2550 bant
414 2495 697 2566 episcopi,
733 2511 870 2549 cum
901 2500 960 2549 et
988 2494 1272 2549 facillime
1293 2495 1604 2566 quibusvis
1627 2495 1905 2566 objectio-

248 2583 427 2638 nibus
460 2587 820 2650 occurreret,
854 2588 912 2638 et
941 2590 1143 2656 argute
1175 2584 1526 2639 dissolveret
1576 2584 1898 2655 proposita,

249 2671 555 2743 instarque
584 2671 862 2743 anguillas
875 2673 1300 2743 comprehendi
1320 2674 1616 2744 nequiret,
1641 2674 1745 2729 sed
1766 2690 1900 2729 cum

246 2765 503 2820 maxime
531 2764 835 2819 videretur
873 2766 1255 2834 constrictus,
1289 2766 1625 2822 elaberetur
1651 2782 1719 2822 ac
1756 2766 1902 2821 vali-

251 2853 384 2908 dius
416 2854 667 2907 instaret
696 2852 1035 2909 adversario
1061 2870 1075 2908 :
1110 2859 1273 2909 tanta
1303 2855 1365 2911 in
1396 2872 1464 2910 eo
1501 2860 1631 2911 erat
1679 2855 1901 2927 ingenii

244 2943 354 3011 vis,
386 2943 819 3013 verborumque
841 2943 1011 3014 copia
1034 2949 1091 2998 et
1113 2943 1453 2999 volubilitas
1477 2944 1715 3014 lingum,
1748 2946 1905 2999 Deus

254 3037 455 3086 tamen
487 3036 629 3086 tunc
650 3031 913 3087 ostendit
943 3049 1191 3105 regnum
1226 3050 1400 3089 suum
1432 3051 1554 3091 non
1584 3034 1779 3089 verbis
1799 3033 1903 3088 sed

250 3126 541 3192 potestate
573 3121 702 3175 niti.
744 3121 993 3185 Quidam
1043 3123 1199 3177 enim
1250 3123 1321 3178 de
1364 3124 1604 3195 sanctis,
1657 3123 1903 3181 nomine

244 3210 562 3282 Spyridon,
597 3211 909 3282 episcopus
941 3212 1419 3280 Trimithuntius,
1452 3213 1899 3285 simplicissima

244 3300 484 3371 ingenio
516 3317 585 3355 ac
615 3300 947 3356 disserendi
981 3302 1167 3369 rudis,
1198 3303 1371 3374 petiit
1400 3301 1510 3357 sibi
1546 3319 1680 3357 cum
1702 3303 1898 3373 philo-

239 3391 435 3462 sopho
463 3391 578 3445 isto
600 3390 941 3462 disputandi
962 3391 1159 3447 locum
1183 3392 1458 3460 concedi;
1485 3392 1759 3462 nihilque
1774 3408 1905 3446 mo-

235 3484 405 3534 ratus
442 3480 668 3547 Patres,
703 3479 805 3549 qui
834 3480 966 3550 ejus
997 3479 1316 3535 ruditatem
1349 3486 1408 3535 et
1456 3480 1903 3551 simplicitatem

243 3569 505 3623 scientes
530 3568 945 3639 prohibebant,
970 3586 1281 3640 aggressus
1312 3587 1449 3625 eum
1491 3586 1504 3623 :
1538 3573 1602 3625 In
1635 3572 1899 3639 nomine,

246 3657 464 3728 inquit,
495 3658 630 3711 Jesu
660 3658 900 3725 Christi,
924 3658 1086 3725 audi,
1119 3659 1493 3731 philosophe,
1516 3660 1780 3716 veritatis
1800 3660 1903 3715 de-

244 3751 426 3801 creta.
463 3746 681 3800 Unicus
714 3750 802 3800 est
841 3746 1016 3815 Deus,
1050 3748 1149 3817 qui
1182 3749 1336 3804 σοι
1359 3750 1572 3804 οωιιιιιι
1592 3756 1652 3803 et
1680 3755 1902 3804 terram

247 3836 487 3904 creavit,
521 3840 580 3889 et
610 3835 914 3890 hominem
946 3852 1015 3890 ex
1048 3842 1205 3891 terra
1227 3837 1419 3907 ﬂuxit,
1444 3843 1502 3893 et
1527 3838 1756 3909 reliqua
1777 3855 1901 3893 om-

248 3924 349 3979 nia
383 3931 501 3980 tam
535 3941 667 3996 quas
696 3925 886 3980 visum
917 3925 1149 3997 fugiunt
1178 3944 1355 3998 quam
1409 3945 1541 3998 quae
1592 3928 1651 3982 in
1697 3927 1902 3983 oculos

248 4014 583 4081 incurrunt,
621 4014 810 4069 Verbo
844 4015 1187 4086 Spirituque
1219 4033 1325 4072 suo
1376 4017 1657 4073 condidit.
1710 4018 1902 4088 Hujus

241 4103 499 4159 Verbum
522 4121 631 4159 nos
649 4105 870 4161 scimus
890 4106 1105 4162 Filium
1135 4107 1236 4162 Dei
1262 4108 1669 4178 esse,ideoque
1687 4107 1899 4163 adora-

241 4209 395 4261 mus,
426 4193 737 4250 credentes
764 4200 983 4250 nostraa
1008 4196 1217 4251 salutis
1238 4213 1417 4253 causa
1438 4214 1572 4253 eum
1596 4202 1901 4269 postremo

242 4288 511 4355 tempore
537 4301 607 4339 ex
641 4285 875 4357 Virgine
908 4290 1138 4356 natum,
1165 4287 1479 4359 supplicio,
1507 4293 1698 4343 morte
1720 4292 1900 4357 atque

244 4373 309 4429 in
340 4373 519 4429 vitam
548 4374 744 4429 reditu
810 4391 917 4430 suo
966 4377 1295 4432 humanum
1339 4392 1529 4449 genus
1568 4377 1896 4442 liberasse;

243 4463 641 4532 eamdemque
659 4480 969 4535 speramus
989 4466 1347 4535 rediturum,
1363 4467 1647 4538 justeque
1668 4466 1902 4520 univer-

249 4568 347 4606 sos
372 4551 805 4622 judicaturum.
837 4553 1120 4609 Credisne
1158 4554 1305 4625 haec,
1355 4556 1710 4627 philosophe
1731 4556 1759 4610 ?
1787 4555 1895 4609 Ille

2022 615 2113 668 καὶ
2144 616 2375 689 τρεπτός
2408 614 2521 671 ἐστι
2553 617 2643 671 καὶ
2703 614 3015 676 ἁλλοιωτὸς
3073 617 3173 685 τήν
3234 615 3413 695 φύσιν,
3467 617 3541 679 ὡς
3579 620 3672 673 καὶ

2019 705 2193 759 πάντα
2224 705 2291 759 τὰ
2333 703 2553 780 λογικά.
2605 708 2775 766 Ξένος
2824 725 2884 759 τε
2915 705 3002 759 καὶ
3064 703 3366 779 ἀλλότριος
3422 706 3513 761 καὶ
3565 706 3670 761 ἀπ-

2019 793 2427 869 εσχοινισμένος
2483 793 2624 850 ἐστὶν
2662 796 2690 850 6
2733 794 2910 869 Λόγος
2969 802 3071 864 τῆς
3127 800 3261 851 Θεοῦ
3314 795 3520 865 οὐσίας,
3579 798 3672 852 καὶ

2016 880 2248 955 ἀόρατος
2308 885 2335 938 6
2396 886 2582 958 Πατήρ
2643 888 2720 955 τῷ
2777 886 2909 956 Titi).
2964 883 3101 939 Οὔτε
3159 884 3263 961 γὰρ
3316 882 3520 946 τελέως
3577 886 3669 939 καὶ

2016 966 2257 1040 ἀκριϐῶς
2285 974 2539 1047 γινώσκει
2572 974 2600 1028 6
2632 972 2806 1048 Λόγος
2856 972 2950 1027 τὸν
2993 974 3226 1048 Πατέρα,
3283 968 3407 1028 οὔτε
3442 971 3671 1035 τελείως

2015 1058 2174 1115 αὐτὸν
2210 1062 2337 1136 ὀρᾷν
2371 1058 2613 1119 δύναται.
2656 1062 2760 1119 Καὶ
2791 1062 2894 1140 γὰρ
2936 1063 3127 1117 ἑαυτοῦ
3182 1064 3283 1132 τὴν
3339 1061 3520 1117 οὐσίαν
3571 1063 3672 1118 οὐκ

2016 1147 2167 1204 οἶδεν
2202 1151 2274 1213 ὡς
2334 1150 2456 1213 Υἱός
2511 1150 2644 1207 ἐστι·
2706 1149 2777 1205 δι’
2833 1152 2983 1224 ἡμᾶς
3041 1152 3145 1227 γὰρ
3202 1151 3523 1222 πεποίητᾶι,
3578 1151 3675 1207 ἵνα

2013 1240 2166 1311 ἡμᾶς
2198 1237 2266 1294 δι’
2297 1240 2461 1296 αὐτοῦ
2493 1242 2568 1301 ὡς
2600 1238 2670 1296 δι’
2703 1241 2933 1317 ὀργάνου
2963 1241 3121 1315 κτίσῃ
3156 1243 3184 1295 ὁ
3215 1242 3369 1303 Θεός·
3419 1242 3515 1296 καί
3570 1243 3674 1297 ούκ

2017 1329 2077 1382 ἂν
2140 1328 2362 1400 ὑπέσνη,
2422 1330 2468 1385 εί
2531 1330 2607 1404 μή
2667 1332 2815 1403 ἡμᾶς
2871 1329 3361 1401 ἠθὲλησενὸΘεὸς
3416 1338 3668 1401 ποιῆσαι,

2016 1421 2329 1495 Ἦρώτησεν
2362 1421 2455 1477 οὖν
2488 1444 2571 1485 τις
2602 1421 2799 1486 αὐτοὺς
2829 1422 2875 1477 εἰ
2907 1420 3129 1479 δύναται
3162 1424 3191 1477 6
3220 1428 3318 1477 τοῦ
3378 1422 3515 1479 Θεοῦ
3563 1424 3671 1479 Λό-

2013 1530 2111 1585 γος
2172 1518 2468 1585 τραπῆναι,
2552 1512 2628 1574 ὡς
2724 1512 2929 1588 ἐτράπη
2993 1514 3021 1567 6
3081 1508 3361 1576 διάϐολος·
3422 1514 3512 1568 καὶ
3571 1514 3671 1572 οὐκ

2012 1596 2362 1675 ἐφοϐήθησαν
2396 1601 2587 1672 εἰπεῖν9
2622 1600 2708 1656 ὅτι
2742 1603 2869 1670 Ναὶ,
2923 1598 3145 1657 δύναται
3202 1605 3490 1676 τραπῆναι·
3544 1623 3672 1677 τρε-

2012 1694 2155 1756 πτῆς
2209 1688 2331 1765 γάρ’
2370 1687 2481 1744 ἐστι
2535 1689 2768 1768 φύσεως,
2827 1691 3089 1766 γεννητὸς
3145 1691 3236 1746 καὶ
3292 1693 3509 1754 κτιστὸς
3561 1693 3668 1748 ὑπ-

2011 1775 2198 1850 άρχων
2210 1820 2223 1832 .

2086 1864 2267 1921 Ἀλλὰ
2324 1867 2387 1922 τὸ
2444 1866 2580 1925 γατᾶ
2636 1868 2735 1937 τήν
2795 1866 3022 1923 σύνοδον
3080 1871 3301 1945 γεγονὸς
3365 1875 3546 1944 θαῦμα
3605 1872 3668 1925 ού

2017 1951 2222 2011 δίκαιον
2254 1959 2436 2029 σιωπῇ
2469 1958 2848 2031 παραπέμψαι.
2909 1958 3051 2033 Πρὸς
3107 1958 3213 2035 γὰρ
3253 1959 3317 2014 τὸ
3360 1957 3670 2035 παράδοξον

2013 2049 2111 2099 τοῦ
2145 2042 2437 2118 βασιλικοῦ
2484 2042 2851 2121 διατάγματος
2907 2047 2996 2101 καὶ
3055 2046 3351 2126 φιλόσοφοι
3411 2049 3504 2104 καὶ
3565 2049 3669 2123 ῥη-

2013 2155 2171 2209 τορες
2226 2134 2278 2189 ἐν
2334 2140 2402 2210 τῇ
2464 2133 2668 2209 συνόδῳ
2719 2144 2989 2210 παρῆσαν,
3073 2135 3423 2208 διαλεκτικῆς
3482 2137 3670 2211 ἐμπει-

2015 2228 2256 2301 ρότατοι·
2306 2227 2358 2281 ἐν
2415 2228 2498 2290 οἷς
2564 2228 2780 2302 ὑπῆρχέ
2834 2249 2918 2292 τις
2972 2227 3184 2298 Ἒλλην
3241 2228 3388 2304 παρὰ
3443 2230 3661 2284 πάντων

2014 2315 2176 2380 αὐτὸς
2210 2317 2643 2390 θαυμαζόμενος,
2678 2317 2819 2372 ὥστε
2853 2316 3099 2393 μεγάλην
3140 2316 3399 2391 ἀκρόασιν
3456 2316 3512 2372 ἐκ
3561 2325 3662 2386 τῆς

2015 2400 2308 2478 συμϐολῆς
2363 2405 2602 2482 γενέσθαι
2658 2403 2910 2476 πλήθους
2967 2405 3471 2484 ἐπισυντρέχοντος.
3521 2404 3663 2463 Οὐδὲ

2012 2494 2123 2570 γαπ
2149 2493 2264 2548 οἷοί
2294 2515 2353 2549 τε
2383 2494 2519 2563 ἦσαν
2554 2495 2605 2548 οἱ
2655 2492 2944 2549 ἐπίσκοποι
2973 2494 3064 2549 τὸν
3126 2492 3428 2573 φιλόσοφόν
3474 2515 3532 2548 τε
3569 2494 3663 2549 καὶ

2014 2585 2222 2659 ῥήτορα
2251 2586 2570 2659 περιτρέψαι
2600 2584 2739 2647 τέως
2796 2581 3204 2661 διαλεγόμενον,
3263 2587 3347 2658 [Ρ.
3402 2587 3528 2659 287]
3578 2587 3662 2641 ὅτι

2011 2678 2141 2728 πᾶσι
2171 2679 2287 2735 τοῖς
2342 2672 2707 2750 ἐπαγομένοις
2761 2674 2929 2747 ῥᾷστα
2983 2675 3368 2750 προσεφέρετο,
3428 2672 3669 2729 ἐπιλύων

2013 2761 2223 2841 εὐφυῶς
2251 2763 2320 2818 τὰ
2347 2763 2740 2837 προτεινόμενα
2779 2762 2870 2818 καὶ
2927 2759 3083 2832 δίκην
3144 2761 3409 2837 ἐγχέλυος
3466 2762 3668 2818 ἀκατάο

2015 2872 2214 2927 σχετος
2248 2852 2649 2928 εύρισκόμενος.
2684 2852 2771 2907 Ἐν
2800 2853 2887 2914 οἷς
2937 2853 3039 2928 γὰρ
3102 2849 3279 2906 ἐδόκει
3326 2846 3666 2926 συνέχεσθαι,

2014 2938 2399 2996 διολισθαίνων
2495 2939 2956 3016 ἐπικρατεστέρως
3036 2940 3357 3018 ἀντεφέρετο
3433 2944 3500 3015 τῇ
3557 2946 3665 2995 τῶν

2010 3032 2304 3104 νοημάτων
2347 3027 2621 3100 δεινότητι
2667 3030 2757 3084 καὶ
2800 3029 3063 3105 ῥημάτων
3111 3027 3420 3105 εὖγλωττίᾳ
3468 3050 3526 3084 τε
3572 3030 3664 3084 καὶ

2014 3117 2326 3192 στωμυλίᾳ.
2355 3116 2510 3176 Ἀλλ’
2537 3118 2628 3172 ἳνα
2659 3116 2805 3192 δείξῃ
2865 3120 2894 3172 6
2925 3119 3057 3180 Θεὸς
3116 3117 3199 3174 ὅτι
3254 3118 3355 3173 οὐκ
3392 3118 3446 3172 ἐν
3508 3117 3664 3195 λόγῳ

2014 3211 2048 3277 ἡ
2085 3207 2335 3281 βασιλεία
2361 3211 2460 3262 τοῦ
2492 3212 2648 3278 Θεοῦ,
2682 3205 2809 3263 ἀλλ’
2862 3206 2915 3261 ἐν
2960 3204 3208 3279 δυνάμει,
3248 3205 3533 3283 ἅνθρωπός
3577 3229 3660 3271 τις

2010 3300 2074 3354 ἐκ
2099 3302 2210 3352 τῶν
2261 3296 2434 3373 ἁγίων
2473 3296 2696 3365 ὀνόματι
2758 3294 3062 3369 Σπυρίδων,
3111 3296 3405 3358 ἐπίσκοπος
3465 3301 3661 3373 Τριμι·

2015 3385 2276 3455 θούντων,
2316 3384 2693 3446 ἀπλούστατος
2728 3383 2785 3440 δὶ
2814 3387 2913 3455 τήν
2947 3384 3105 3461 φύσιν
3151 3386 3241 3441 καὶ
3300 3384 3527 3456 ἰδιώτης
3570 3385 3659 3441 τὸν

2017 3475 2204 3552 λόγον,
2238 3475 2469 3531 αἰτεῖται
2501 3475 2690 3552 χώραν
2719 3473 2867 3546 αὐτῷ
2897 3472 3125 3543 δοθῆναι
3186 3473 3475 3545 διαλὲξεως
3520 3476 3660 3550 πρὸς

2009 3564 2101 3619 τὸν
2149 3562 2479 3641 φιλόσοφον,
2543 3562 2612 3619 Οἱ
2671 3559 2728 3618 δέ
2786 3562 3017 3637 Πατέρες
3073 3564 3135 3617 τὸ
3195 3560 3404 3618 ἁπλοῦν
3458 3583 3517 3620 τε
3563 3564 3651 3617 καὶ

2013 3652 2290 3711 ἰδιωτικὸν
2321 3657 2419 3709 τοῦ
2452 3650 2643 3728 ἀνδρὸς
2675 3650 2875 3715 εὶδότες
2904 3652 3148 3709 ἐκώλυον
3198 3654 3382 3710 αὐτόν.
3443 3658 3557 3711 Τοῦ
3605 3651 3674 3709 δὶ

2017 3745 2091 3816 μὴ
2154 3742 2515 3822 ἀνεχομένου,
2556 3743 2804 3816 πρόσεισι
2859 3747 2942 3814 τῷ
2998 3740 3150 3817 ἀνδρὶ
3208 3743 3297 3798 καί
3338 3764 3525 3821 φησιν·
3582 3745 3671 3799 Ἐν

2013 3831 2239 3905 ὀνόματι
2281 3838 2378 3887 τοῦ
2439 3834 2623 3902 Ἰησοῦ
2682 3835 2944 3907 Χριστοῦ,
3016 3830 3269 3903 ἄκουσον,
3305 3833 3349 3886 ὧ
3382 3830 3669 3909 φιλόσοφε,

2010 3921 2077 3977 τὰ
2135 3928 2235 3991 τῆς
2291 3920 2549 3992 ἀληθείας
2610 3918 2882 3997 δόγματα.
2942 3920 3069 3983 Θεὸς
3129 3922 3201 3982 εἷς
3267 3920 3432 3988 ἐστιν,
3489 3922 3518 3975 ὁ
3572 3921 3667 3975 τὸν

2013 4012 2241 4085 οὐρανὸν
2297 4011 2387 4067 καὶ
2445 4013 2548 4081 τήν
2606 4018 2710 4085 γῆν
2762 4009 3196 4079 ποιήσας,όκαὶ
3263 4009 3547 4085 ἄνθρωπον
3609 4009 3669 4064 ἐκ

2014 4107 2119 4175 γῆς
2153 4097 2480 4167 διαπλάσας,
2511 4098 2697 4154 καὶτὰ
2756 4098 2923 4173 ὁρατᾶ
2982 4101 3152 4154 πάντα
3181 4098 3273 4154 καὶ
3327 4099 3530 4168 ἀόρατα
3585 4102 3666 4169 τῷ

2014 4190 2177 4263 Λόγῳ
2207 4187 2372 4243 αὐτοῦ
2404 4189 2494 4243 καὶ
2524 4192 2602 4260 τῷ
2655 4186 2928 4260 Πνιύματι
2987 4187 3415 4261 συστησάμενος.
3459 4190 3662 4244 Τοῦτον

2009 4279 2102 4335 τὸν
2134 4279 2311 4354 Λόγον
2362 4281 2528 4352 ἡμεῖς
2587 4279 2711 4333 Υἳὸν
2766 4275 2904 4333 Θεοῦ
2970 4276 3173 4341 εἰδότες
3226 4282 3664 4353 προσκυνοῦμεν,

2009 4367 2354 4431 πιστεύοντες
2386 4364 2474 4422 διὰ
2498 4368 2597 4436 τήν
2634 4368 2904 4442 ἡμετέραν
2956 4367 3229 4441 σωτηρίαν
3284 4368 3368 4423 ἐπ’
3411 4365 3664 4441 ἐσχάτων

2012 4456 2075 4514 ἐκ
2131 4464 2231 4527 τῆς
2285 4455 2555 4531 Παρθένου
2611 4458 2896 4532 τεχθῆναι,
2951 4458 3045 4512 καὶ
3105 4454 3195 4512 διὰ
3281 4460 3515 4530 σταυροῦ
3571 4456 3663 4511 καὶ

2010 4547 2238 4603 θανάτου
2267 4545 2355 4601 καὶ
2385 4546 2727 4608 ἀναστάσεως
2755 4545 3185 4621 ἠλευθερωκέναι
3224 4549 3285 4600 τὸ
3339 4544 3497 4621 γένος
3557 4549 3671 4599 τῶν

242 4656 399 4707 vero,
434 4639 612 4695 veluti
645 4642 692 4695 si
726 4658 1039 4712 nunquam
1069 4643 1375 4715 disputare
1395 4644 1720 4711 didicisset,
1746 4644 1897 4699 muti

2013 4636 2334 4712 ἆνθρώπωψ
2377 4634 2434 4690 ὅν
2483 4637 2568 4691 καὶ
2632 4634 2926 4709 ἐλπίζομεν
2979 4635 3205 4692 ἐλθόντα
3253 4633 3420 4690 πάλιν
3482 4639 3665 4709 κρῖναι

244 4728 439 4785 instar
466 4729 734 4800 obticuit,
766 4731 879 4787 hoc
908 4749 1094 4788 unum
1124 4733 1281 4789 fatus
1310 4749 1323 4799 ;
1359 4733 1497 4788 Mihi
1539 4749 1776 4804 quoque
1814 4734 1898 4789 ita

240 4834 337 4872 res
368 4817 586 4873 habere
608 4820 864 4877 videtur.
887 4823 1031 4877 Tum
1060 4839 1240 4877 senex
1264 4822 1587 4894 Spyridon:
1612 4826 1782 4894 Ergo,
1811 4822 1895 4877 in-

242 4907 394 4978 quit,
431 4925 625 4980 surge,
658 4915 714 4964 et
744 4926 839 4965 me
871 4910 943 4965 ad
975 4911 1265 4982 templum
1299 4928 1568 4982 sequere,
1604 4912 1684 4966 ibi
1716 4917 1897 4968 tesse-

240 5013 368 5051 ram
400 4997 538 5051 ﬁdei
590 4998 770 5070 hujus
823 5005 1193 5070 accepturus.
1247 5000 1645 5072 Philosophus
1696 5007 1896 5058 autem

240 5102 444 5141 versus
470 5087 544 5141 ad
562 5087 889 5159 discipulos
915 5104 1089 5145 suos:
1114 5088 1348 5155 Audite,
1373 5089 1487 5143 ait:
1515 5090 1786 5155 Quandiu
1799 5107 1897 5147 res

232 5177 427 5233 verbis
455 5178 756 5250 agebatur,
791 5179 949 5234 dicta
979 5178 1154 5234 dictis
1189 5180 1461 5250 opposui,
1496 5186 1741 5252 arteque
1770 5181 1899 5237 dis-

235 5266 472 5322 serendi
503 5267 738 5339 objecta
767 5268 1037 5324 refutavi.
1064 5270 1385 5338 Postquam
1408 5274 1605 5325 autem
1630 5288 1738 5343 pro
1764 5288 1899 5327 ver-

236 5355 329 5411 bis
368 5356 455 5411 vis
484 5357 757 5427 quaedam
791 5375 858 5413 ex
890 5372 992 5412 ore
1049 5357 1232 5430 hujus
1284 5359 1443 5413 senis
1488 5359 1682 5430 exivit,
1741 5362 1898 5419 nihil

236 5444 521 5500 adversus
582 5445 700 5502 vim
747 5447 928 5503 verba
974 5446 1258 5502 valuere:
1309 5465 1429 5503 non
1482 5449 1643 5507 enim
1701 5455 1899 5521 potest

238 5533 418 5587 homo
454 5535 734 5591 resistere
783 5536 922 5591 Deo.
975 5538 1178 5607 Itaque
1227 5537 1275 5592 si
1330 5537 1465 5608 quis
1507 5544 1759 5593 vestrum
1817 5540 1898 5596 ita

236 5624 438 5689 potest
466 5621 799 5695 intelligere
831 5624 915 5679 uti
948 5641 1077 5701 ego,
1111 5626 1161 5679 is
1203 5625 1265 5681 in
1314 5627 1613 5681 Christum
1671 5628 1896 5695 credat,

235 5723 604 5782 mecumque
631 5728 839 5770 senem
871 5712 1031 5771 hunc
1063 5720 1366 5787 sequatur,
1400 5714 1571 5787 cujus
1598 5731 1699 5771 ore
1745 5718 1899 5777 Deus

2005 4725 2210 4787 πάντας
2249 4723 2302 4779 ἐν
2334 4721 2668 4799 δικαιοσύνῃ.
2726 4724 3004 4788 Πιστεύεις
3055 4726 3296 4795 τούτοις,
3355 4722 3666 4800 φιλόσοφες

2003 4819 2066 4877 Ὀ
2093 4813 2172 4887 δι,
2204 4816 2278 4878 ὡς
2309 4813 2371 4869 ἂν
2418 4836 2502 4879 τις
2562 4813 2840 4890 μηδέποτε
2892 4822 3083 4891 πεῖραν
3141 4814 3324 4891 λόγων
3383 4809 3531 4889 ἔχων
3590 4813 3667 4878 εἷς

2006 4904 2295 4973 ἀντίθεσιν,
2329 4905 2643 4975 ἀπηνεώθη,
2678 4905 2768 4960 καὶ
2799 4905 2874 4966 ὡς
2903 4906 3087 4983 κωφὸς
3115 4904 3205 4959 καὶ
3254 4902 3462 4966 ἃλαλος
3520 4902 3661 4958 ἀπο-

2007 4997 2289 5066 σιωπήσας
2318 4999 2482 5050 τοῦτο
2538 4994 2703 5068 μόνον
2766 4992 3080 5073 ἐφθέγξατο,
3138 4992 3223 5048 ὅτι
3263 4994 3444 5067 Κάμοὶ
3493 4995 3660 5046 ταῦτα

2006 5084 2181 5145 οὓτως
2242 5077 2392 5156 ἔχειν
2451 5079 2621 5138 δοκεῖ.
2684 5082 2786 5140 Καὶ
2841 5083 2869 5136 ὁ
2927 5080 3100 5159 γέρων
3190 5081 3374 5159 φησίν·
3453 5078 3660 5138 Οὐκοῦν

2005 5172 2235 5235 ἀναστὰς
2287 5170 2579 5228 ἀκολούθει
2640 5192 2736 5245 μοι
2790 5172 2928 5245 πρὸς
3010 5172 3110 5241 τὴν
3192 5169 3514 5241 ἐκκλησίαν,
3570 5167 3663 5224 καὶ

2007 5265 2162 5339 λήψῃ
2253 5262 2317 5319 τὸ
2395 5266 2626 5336 σημεῖον
2707 5268 2809 5330 τῆς
2882 5262 3120 5324 πίστεως
3200 5266 3425 5331 ταύτης.
3488 5261 3550 5317 Ὁ
3610 5255 3669 5315 δὲ

2007 5353 2333 5432 φιλόσοφος,
2388 5350 2740 5429 ἐπιστραφεὶς
2787 5349 2937 5426 λέγει
2987 5356 3105 5413 τοῖς
3156 5352 3426 5426 μαθηταῖς
3479 5349 3669 5419 αὐτοῦ,

2008 5442 2326 5515 Ἀκούσατε,
2384 5442 2429 5495 ὧ
2486 5437 2700 5515 ἄνδρεςο
2759 5441 2903 5503 Ἓως
2964 5439 3054 5495 ὅτε
3113 5441 3297 5515 λόγων
3357 5438 3669 5512 ἐποιούμην

2008 5534 2274 5604 σπουδὴν,
2304 5533 2500 5609 λόγους
2534 5530 2723 5609 λόγοις
2770 5532 3078 5589 ἀντετίθουν
3125 5533 3213 5589 καὶ
3262 5533 3329 5588 τὰ
3378 5532 3672 5608 προτεινό-

2012 5646 2143 5701 μενα
2197 5625 2366 5702 τίχνῃ
2429 5621 2526 5679 τοῦ
2609 5619 2784 5696 λέγειν
2843 5622 3150 5696 ἀνέτρεπον.
3239 5624 3371 5679 ’Ὀτε
3429 5617 3489 5676 δὲ
3545 5620 3670 5675 ἀντὶ

2008 5710 2191 5791 λόγων
2234 5711 2471 5786 δύναμίς
2507 5730 2592 5775 τις
2638 5708 2860 5785 ἐξῆλθεν
2910 5709 2973 5767 ἐκ
3026 5715 3126 5767 τοῦ
3173 5713 3450 5787 στόματος
3502 5708 3668 5765 τοῦδε

4070 330 4098 385 β

4076 1575 4106 1585 νε

4078 1596 4107 1605 ι-

4108 1648 4113 1659 ι

4082 1742 4119 1771 ά.

4086 1776 4111 1785 κ

4094 2124 4125 2139 ην.

4098 2144 4125 2157 ια

4100 2230 4103 2239 ‘
4112 2240 4127 2247 -
