  <div class='ocr_page' id='page_1' title='image "/cluster/home/n/w/nwhite01/storage/ocr_20150623/121:no.1/coo.31924054870260/286.png"; bbox 0 0 4144 6428; ppageno 0'>
   <div class='ocr_carea' id='block_1_1' title="bbox 291 373 1962 437">
    <p class='ocr_par' dir='ltr' id='par_1_1' title="bbox 291 374 1962 437">
     <span class='ocr_line' id='line_1_1' title="bbox 291 374 1962 437; baseline -0.002 0"><span class='ocrx_word' id='word_1_1' title='bbox 291 374 421 437; x_wconf 70' lang='grc'>549</span> <span class='ocrx_word' id='word_1_2' title='bbox 1434 374 1962 437; x_wconf 70' lang='grc' dir='ltr'>ΗΙΞΤΟΗΙΑΗΠΝ</span> 
     </span>
    </p>
   </div>
   <div class='ocr_carea' id='block_1_2' title="bbox 2079 373 3723 437">
    <p class='ocr_par' dir='ltr' id='par_1_2' title="bbox 2079 373 3723 436">
     <span class='ocr_line' id='line_1_2' title="bbox 2079 373 3723 436; baseline -0.001 -1"><span class='ocrx_word' id='word_1_3' title='bbox 2079 373 2585 436; x_wconf 83' lang='lat' dir='ltr'>0MPENDIUM.</span> <span class='ocrx_word' id='word_1_4' title='bbox 3416 382 3423 385; x_wconf 79' lang='lat'>&#39;</span> <span class='ocrx_word' id='word_1_5' title='bbox 3604 373 3723 435; x_wconf 74' lang='grc'>550</span> 
     </span>
    </p>
   </div>
   <div class='ocr_carea' id='block_1_3' title="bbox 290 506 1962 591">
    <p class='ocr_par' dir='ltr' id='par_1_3' title="bbox 290 507 1959 588">
     <span class='ocr_line' id='line_1_3' title="bbox 290 507 1959 588; baseline 0.001 -24"><span class='ocrx_word' id='word_1_6' title='bbox 290 513 398 567; x_wconf 78' lang='grc' dir='ltr'>τοῦ</span> <span class='ocrx_word' id='word_1_7' title='bbox 427 508 715 585; x_wconf 82' lang='grc' dir='ltr'>γέροντος,</span> <span class='ocrx_word' id='word_1_8' title='bbox 749 509 853 564; x_wconf 81' lang='grc' dir='ltr'>οὐκ</span> <span class='ocrx_word' id='word_1_9' title='bbox 873 507 1110 588; x_wconf 68' lang='grc' dir='ltr'>’ίσχυσαν</span> <span class='ocrx_word' id='word_1_10' title='bbox 1140 511 1191 566; x_wconf 77' lang='lat' dir='ltr'>oi</span> <span class='ocrx_word' id='word_1_11' title='bbox 1222 508 1379 586; x_wconf 83' lang='grc' dir='ltr'>λόγοι</span> <span class='ocrx_word' id='word_1_12' title='bbox 1411 515 1481 585; x_wconf 80' lang='grc' dir='ltr'>τῇ</span> <span class='ocrx_word' id='word_1_13' title='bbox 1536 509 1762 586; x_wconf 80' lang='grc' dir='ltr'>δυνάμει</span> <span class='ocrx_word' id='word_1_14' title='bbox 1806 511 1959 566; x_wconf 82' lang='grc' dir='ltr'>ἀντι-</span> 
     </span>
    </p>
   </div>
   <div class='ocr_carea' id='block_1_4' title="bbox 2079 506 3725 591">
    <p class='ocr_par' dir='ltr' id='par_1_4' title="bbox 2079 506 3725 591">
     <span class='ocr_line' id='line_1_4' title="bbox 2079 506 3725 591; baseline -0.001 -24"><span class='ocrx_word' id='word_1_15' title='bbox 2079 518 2163 567; x_wconf 87' lang='lat' dir='ltr'>est</span> <span class='ocrx_word' id='word_1_16' title='bbox 2184 513 2445 591; x_wconf 78' lang='lat' dir='ltr'>locutus.</span> <span class='ocrx_word' id='word_1_17' title='bbox 2480 512 2600 565; x_wconf 84' lang='lat' dir='ltr'>Hoc</span> <span class='ocrx_word' id='word_1_18' title='bbox 2647 508 2823 564; x_wconf 91' lang='lat' dir='ltr'>modo</span> <span class='ocrx_word' id='word_1_19' title='bbox 2879 506 3274 578; x_wconf 87' lang='lat' dir='ltr'>philosophus</span> <span class='ocrx_word' id='word_1_20' title='bbox 3330 508 3725 566; x_wconf 75' lang='lat' dir='ltr'>Christianam</span> 
     </span>
    </p>
   </div>
   <div class='ocr_carea' id='block_1_5' title="bbox 290 595 1962 675">
    <p class='ocr_par' dir='ltr' id='par_1_5' title="bbox 290 595 1962 675">
     <span class='ocr_line' id='line_1_5' title="bbox 290 595 1962 675; baseline -0.001 -20"><span class='ocrx_word' id='word_1_21' title='bbox 290 598 577 669; x_wconf 77' lang='grc' dir='ltr'>τάξασθαι·</span> <span class='ocrx_word' id='word_1_22' title='bbox 634 595 761 655; x_wconf 73' lang='grc' dir='ltr'>οὐδὲ</span> <span class='ocrx_word' id='word_1_23' title='bbox 813 599 917 673; x_wconf 84' lang='grc' dir='ltr'>γὰρ</span> <span class='ocrx_word' id='word_1_24' title='bbox 978 598 1094 662; x_wconf 85' lang='grc' dir='ltr'>οἷός</span> <span class='ocrx_word' id='word_1_25' title='bbox 1144 598 1204 655; x_wconf 74' lang='grc' dir='ltr'><strong>τὲ</strong></span> <span class='ocrx_word' id='word_1_26' title='bbox 1268 598 1411 655; x_wconf 86' lang='grc' dir='ltr'>ἐστιν</span> <span class='ocrx_word' id='word_1_27' title='bbox 1479 598 1762 675; x_wconf 75' lang='grc' dir='ltr'>ἅνθρωπος</span> <span class='ocrx_word' id='word_1_28' title='bbox 1822 602 1962 656; x_wconf 88' lang='grc' dir='ltr'>ἀντι-</span> 
     </span>
    </p>
   </div>
   <div class='ocr_carea' id='block_1_6' title="bbox 2079 595 3723 675">
    <p class='ocr_par' dir='ltr' id='par_1_6' title="bbox 2079 596 3723 673">
     <span class='ocr_line' id='line_1_6' title="bbox 2079 596 3723 673; baseline -0.001 -16"><span class='ocrx_word' id='word_1_29' title='bbox 2079 603 2355 673; x_wconf 77' lang='lat' dir='ltr'>pietatem</span> <span class='ocrx_word' id='word_1_30' title='bbox 2390 600 2701 673; x_wconf 81' lang='lat' dir='ltr'>amplexus</span> <span class='ocrx_word' id='word_1_31' title='bbox 2732 615 2793 654; x_wconf 90' lang='lat' dir='ltr'>se</span> <span class='ocrx_word' id='word_1_32' title='bbox 2826 614 2862 653; x_wconf 89' lang='lat' dir='ltr'>a</span> <span class='ocrx_word' id='word_1_33' title='bbox 2892 613 3035 653; x_wconf 89' lang='lat' dir='ltr'>sene</span> <span class='ocrx_word' id='word_1_34' title='bbox 3083 596 3197 652; x_wconf 89' lang='lat' dir='ltr'>isto</span> <span class='ocrx_word' id='word_1_35' title='bbox 3235 597 3455 653; x_wconf 89' lang='lat' dir='ltr'>victum</span> <span class='ocrx_word' id='word_1_36' title='bbox 3492 599 3723 671; x_wconf 79' lang='lat' dir='ltr'>gavisus</span> 
     </span>
    </p>
   </div>
   <div class='ocr_carea' id='block_1_7' title="bbox 294 687 2183 764">
    <p class='ocr_par' dir='ltr' id='par_1_7' title="bbox 294 687 2183 764">
     <span class='ocr_line' id='line_1_7' title="bbox 294 687 2183 764; baseline 0.001 -20"><span class='ocrx_word' id='word_1_37' title='bbox 294 695 492 758; x_wconf 71' lang='grc' dir='ltr'>στῆναι</span> <span class='ocrx_word' id='word_1_38' title='bbox 524 692 663 761; x_wconf 81' lang='grc' dir='ltr'>Θεῷ.</span> <span class='ocrx_word' id='word_1_39' title='bbox 704 689 803 744; x_wconf 75' lang='grc' dir='ltr'>Διὰ</span> <span class='ocrx_word' id='word_1_40' title='bbox 831 709 916 745; x_wconf 86' lang='grc' dir='ltr'>τοι</span> <span class='ocrx_word' id='word_1_41' title='bbox 953 692 1117 745; x_wconf 78' lang='grc' dir='ltr'>τοῦτο</span> <span class='ocrx_word' id='word_1_42' title='bbox 1158 687 1212 745; x_wconf 76' lang='grc' dir='ltr'>εἷ’</span> <span class='ocrx_word' id='word_1_43' title='bbox 1233 711 1317 752; x_wconf 85' lang='grc' dir='ltr'>τις</span> <span class='ocrx_word' id='word_1_44' title='bbox 1376 691 1529 764; x_wconf 79' lang='grc' dir='ltr'>ὑμῶν</span> <span class='ocrx_word' id='word_1_45' title='bbox 1588 689 1809 747; x_wconf 85' lang='grc' dir='ltr'>δύναται</span> <span class='ocrx_word' id='word_1_46' title='bbox 1843 711 1965 745; x_wconf 84' lang='grc' dir='ltr'>συν·</span> <span class='ocrx_word' id='word_1_47' title='bbox 2072 695 2183 746; x_wconf 86' lang='lat' dir='ltr'>est.</span> 
     </span>
    </p>
   </div>
   <div class='ocr_carea' id='block_1_8' title="bbox 299 770 3728 856">
    <p class='ocr_par' dir='ltr' id='par_1_8' title="bbox 299 770 3728 856">
     <span class='ocr_line' id='line_1_8' title="bbox 299 770 3728 856; baseline -0.001 -24"><span class='ocrx_word' id='word_1_48' title='bbox 299 778 438 835; x_wconf 70' lang='grc' dir='ltr'>ιέναι</span> <span class='ocrx_word' id='word_1_49' title='bbox 493 778 569 840; x_wconf 82' lang='grc' dir='ltr'>ὡς</span> <span class='ocrx_word' id='word_1_50' title='bbox 626 777 778 854; x_wconf 80' lang='grc' dir='ltr'>κάγὼ</span> <span class='ocrx_word' id='word_1_51' title='bbox 812 824 829 849; x_wconf 83' lang='grc'>,</span> <span class='ocrx_word' id='word_1_52' title='bbox 887 777 1159 834; x_wconf 72' lang='grc' dir='ltr'>πιστεύσει</span> <span class='ocrx_word' id='word_1_53' title='bbox 1216 778 1294 842; x_wconf 73' lang='grc' dir='ltr'>εἰς</span> <span class='ocrx_word' id='word_1_54' title='bbox 1344 782 1436 835; x_wconf 83' lang='grc' dir='ltr'>τὸν</span> <span class='ocrx_word' id='word_1_55' title='bbox 1497 782 1750 856; x_wconf 84' lang='grc' dir='ltr'>Χριστὸν,</span> <span class='ocrx_word' id='word_1_56' title='bbox 1808 780 1897 835; x_wconf 79' lang='grc' dir='ltr'>καὶ</span> <span class='ocrx_word' id='word_1_57' title='bbox 1950 776 2327 841; x_wconf 70' lang='grc' dir='ltr'>ἀκολουθείτω</span> <span class='ocrx_word' id='word_1_58' title='bbox 2386 776 2479 831; x_wconf 82' lang='grc' dir='ltr'>σὺν</span> <span class='ocrx_word' id='word_1_59' title='bbox 2539 773 2665 848; x_wconf 69' lang='grc' dir='ltr'>ἱμοὶ</span> <span class='ocrx_word' id='word_1_60' title='bbox 2735 778 2817 846; x_wconf 78' lang='grc' dir='ltr'>τῷ</span> <span class='ocrx_word' id='word_1_61' title='bbox 2883 774 3098 850; x_wconf 76' lang='grc' dir='ltr'>γέροντι</span> <span class='ocrx_word' id='word_1_62' title='bbox 3152 774 3357 847; x_wconf 82' lang='grc' dir='ltr'>τούτῳ,</span> <span class='ocrx_word' id='word_1_63' title='bbox 3414 771 3465 828; x_wconf 82' lang='grc' dir='ltr'>ἐν</span> <span class='ocrx_word' id='word_1_64' title='bbox 3512 772 3558 844; x_wconf 83' lang='grc' dir='ltr'>ᾧ</span> <span class='ocrx_word' id='word_1_65' title='bbox 3605 770 3728 828; x_wconf 76' lang='grc' dir='ltr'>ἐλά-</span> 
     </span>
    </p>
   </div>
   <div class='ocr_carea' id='block_1_9' title="bbox 296 860 3730 948">
    <p class='ocr_par' dir='ltr' id='par_1_9' title="bbox 296 860 3730 948">
     <span class='ocr_line' id='line_1_9' title="bbox 296 860 3730 948; baseline -0.002 -24"><span class='ocrx_word' id='word_1_66' title='bbox 296 888 464 938; x_wconf 76' lang='grc' dir='ltr'>κησεν</span> <span class='ocrx_word' id='word_1_67' title='bbox 498 867 528 923; x_wconf 86' lang='grc' dir='ltr'>ὁ</span> <span class='ocrx_word' id='word_1_68' title='bbox 578 866 730 930; x_wconf 82' lang='grc' dir='ltr'>Θεός.</span> <span class='ocrx_word' id='word_1_69' title='bbox 764 865 963 940; x_wconf 82' lang='grc' dir='ltr'>Τούτῳ</span> <span class='ocrx_word' id='word_1_70' title='bbox 1016 869 1110 924; x_wconf 81' lang='grc' dir='ltr'>οὗν</span> <span class='ocrx_word' id='word_1_71' title='bbox 1167 873 1247 942; x_wconf 82' lang='grc' dir='ltr'>τῷ</span> <span class='ocrx_word' id='word_1_72' title='bbox 1298 870 1490 945; x_wconf 65' lang='grc' dir='ltr'>τρόπῳ</span> <span class='ocrx_word' id='word_1_73' title='bbox 1531 870 1824 947; x_wconf 80' lang='grc' dir='ltr'>γενόμενος</span> <span class='ocrx_word' id='word_1_74' title='bbox 1886 870 1915 924; x_wconf 89' lang='grc' dir='ltr'>ὁ</span> <span class='ocrx_word' id='word_1_75' title='bbox 1971 864 2272 948; x_wconf 72' lang='grc' dir='ltr'>φιλόσοφος</span> <span class='ocrx_word' id='word_1_76' title='bbox 2331 864 2662 941; x_wconf 80' lang='grc' dir='ltr'>Χριστιανὸς</span> <span class='ocrx_word' id='word_1_77' title='bbox 2715 860 2938 943; x_wconf 77' lang='grc' dir='ltr'>ἔχαιρεν</span> <span class='ocrx_word' id='word_1_78' title='bbox 3002 863 3260 934; x_wconf 79' lang='grc' dir='ltr'>ἡττηθεὶς</span> <span class='ocrx_word' id='word_1_79' title='bbox 3320 862 3424 917; x_wconf 83' lang='grc' dir='ltr'>ὑπὸ</span> <span class='ocrx_word' id='word_1_80' title='bbox 3482 865 3579 916; x_wconf 77' lang='grc' dir='ltr'>τοῦ</span> <span class='ocrx_word' id='word_1_81' title='bbox 3636 863 3730 938; x_wconf 76' lang='grc' dir='ltr'>γὲ-</span> 
     </span>
    </p>
   </div>
   <div class='ocr_carea' id='block_1_10' title="bbox 301 978 516 1033">
    <p class='ocr_par' dir='ltr' id='par_1_10' title="bbox 301 978 516 1033">
     <span class='ocr_line' id='line_1_10' title="bbox 301 978 516 1033; baseline 0.005 -20"><span class='ocrx_word' id='word_1_82' title='bbox 301 978 516 1033; x_wconf 88' lang='grc' dir='ltr'>ροντος.</span> 
     </span>
    </p>
   </div>
   <div class='ocr_carea' id='block_1_11' title="bbox 300 1042 1962 1127">
    <p class='ocr_par' dir='ltr' id='par_1_11' title="bbox 300 1043 1950 1127">
     <span class='ocr_line' id='line_1_11' title="bbox 300 1043 1950 1127; baseline 0.001 -27"><span class='ocrx_word' id='word_1_83' title='bbox 300 1051 491 1120; x_wconf 81' lang='grc' dir='ltr'>Παρῆν</span> <span class='ocrx_word' id='word_1_84' title='bbox 546 1043 604 1101; x_wconf 80' lang='grc' dir='ltr'>δὲ</span> <span class='ocrx_word' id='word_1_85' title='bbox 684 1052 982 1114; x_wconf 76' lang='grc' dir='ltr'>τηνικαῦτα</span> <span class='ocrx_word' id='word_1_86' title='bbox 1035 1050 1124 1103; x_wconf 81' lang='grc' dir='ltr'>καὶ</span> <span class='ocrx_word' id='word_1_87' title='bbox 1185 1047 1216 1103; x_wconf 75' lang='grc' dir='ltr'>ὅ</span> <span class='ocrx_word' id='word_1_88' title='bbox 1271 1053 1415 1113; x_wconf 83' lang='grc' dir='ltr'>θεῖος</span> <span class='ocrx_word' id='word_1_89' title='bbox 1471 1048 1808 1127; x_wconf 75' lang='grc' dir='ltr'>Παφνούτιος</span> <span class='ocrx_word' id='word_1_90' title='bbox 1862 1049 1950 1104; x_wconf 84' lang='grc' dir='ltr'>καὶ</span> 
     </span>
    </p>
   </div>
   <div class='ocr_carea' id='block_1_12' title="bbox 2079 1042 3724 1127">
    <p class='ocr_par' dir='ltr' id='par_1_12' title="bbox 2131 1042 3724 1115">
     <span class='ocr_line' id='line_1_12' title="bbox 2131 1042 3724 1115; baseline -0.003 -14"><span class='ocrx_word' id='word_1_91' title='bbox 2131 1048 2408 1103; x_wconf 83' lang='lat' dir='ltr'>Interfuit</span> <span class='ocrx_word' id='word_1_92' title='bbox 2436 1046 2490 1101; x_wconf 90' lang='lat' dir='ltr'>ei</span> <span class='ocrx_word' id='word_1_93' title='bbox 2512 1047 2766 1103; x_wconf 88' lang='lat' dir='ltr'>concilio</span> <span class='ocrx_word' id='word_1_94' title='bbox 2796 1047 2978 1102; x_wconf 86' lang='lat' dir='ltr'>etiam</span> <span class='ocrx_word' id='word_1_95' title='bbox 3027 1045 3259 1100; x_wconf 88' lang='lat' dir='ltr'>divinus</span> <span class='ocrx_word' id='word_1_96' title='bbox 3314 1042 3724 1115; x_wconf 80' lang='lat' dir='ltr'>Paphnutius,</span> 
     </span>
    </p>
   </div>
   <div class='ocr_carea' id='block_1_13' title="bbox 298 1132 1962 1217">
    <p class='ocr_par' dir='ltr' id='par_1_13' title="bbox 298 1134 1951 1217">
     <span class='ocr_line' id='line_1_13' title="bbox 298 1134 1951 1217; baseline 0.001 -28"><span class='ocrx_word' id='word_1_97' title='bbox 298 1134 662 1209; x_wconf 83' lang='grc' dir='ltr'>τερατουργὸς</span> <span class='ocrx_word' id='word_1_98' title='bbox 692 1136 785 1190; x_wconf 81' lang='grc' dir='ltr'>καὶ</span> <span class='ocrx_word' id='word_1_99' title='bbox 831 1134 1213 1211; x_wconf 76' lang='grc' dir='ltr'>ὁμολογητής,</span> <span class='ocrx_word' id='word_1_100' title='bbox 1246 1137 1309 1191; x_wconf 70' lang='grc' dir='ltr'>οὗ</span> <span class='ocrx_word' id='word_1_101' title='bbox 1337 1138 1432 1194; x_wconf 84' lang='grc' dir='ltr'>τὸν</span> <span class='ocrx_word' id='word_1_102' title='bbox 1466 1135 1639 1211; x_wconf 78' lang='grc' dir='ltr'>δεξιὸν</span> <span class='ocrx_word' id='word_1_103' title='bbox 1670 1135 1951 1217; x_wconf 74' lang='grc' dir='ltr'>ὀφθαλμὸν</span> 
     </span>
    </p>
   </div>
   <div class='ocr_carea' id='block_1_14' title="bbox 2079 1132 3739 1217">
    <p class='ocr_par' dir='ltr' id='par_1_14' title="bbox 2079 1132 3739 1202">
     <span class='ocr_line' id='line_1_14' title="bbox 2079 1132 3739 1202; baseline -0.003 -11"><span class='ocrx_word' id='word_1_104' title='bbox 2079 1138 2354 1193; x_wconf 78' lang='lat' dir='ltr'>niritlcus</span> <span class='ocrx_word' id='word_1_105' title='bbox 2388 1138 2569 1193; x_wconf 90' lang='lat' dir='ltr'>homo</span> <span class='ocrx_word' id='word_1_106' title='bbox 2618 1142 2670 1192; x_wconf 90' lang='lat' dir='ltr'>et</span> <span class='ocrx_word' id='word_1_107' title='bbox 2702 1138 3027 1202; x_wconf 81' lang='lat' dir='ltr'>confessor,</span> <span class='ocrx_word' id='word_1_108' title='bbox 3059 1136 3154 1191; x_wconf 90' lang='lat' dir='ltr'>cui</span> <span class='ocrx_word' id='word_1_109' title='bbox 3185 1133 3575 1190; x_wconf 72' lang='lat' dir='ltr'>Maximianus</span> <span class='ocrx_word' id='word_1_110' title='bbox 3599 1132 3739 1187; x_wconf 85' lang='lat' dir='ltr'>dex-</span> 
     </span>
    </p>
   </div>
   <div class='ocr_carea' id='block_1_15' title="bbox 301 1222 1962 1300">
    <p class='ocr_par' dir='ltr' id='par_1_15' title="bbox 301 1222 1952 1300">
     <span class='ocr_line' id='line_1_15' title="bbox 301 1222 1952 1300; baseline 0.001 -21"><span class='ocrx_word' id='word_1_111' title='bbox 301 1223 642 1296; x_wconf 78' lang='grc' dir='ltr'>Μαξιμιανὸς</span> <span class='ocrx_word' id='word_1_112' title='bbox 727 1222 1003 1300; x_wconf 58' lang='grc' dir='ltr'>ἐξώρυξεν.</span> <span class='ocrx_word' id='word_1_113' title='bbox 1082 1228 1178 1287; x_wconf 75' lang='grc' dir='ltr'>⁸⁷ος</span> <span class='ocrx_word' id='word_1_114' title='bbox 1258 1234 1361 1297; x_wconf 82' lang='grc' dir='ltr'>τῆς</span> <span class='ocrx_word' id='word_1_115' title='bbox 1447 1225 1676 1283; x_wconf 81' lang='grc' dir='ltr'>συνόδου</span> <span class='ocrx_word' id='word_1_116' title='bbox 1738 1227 1952 1284; x_wconf 79' lang='grc' dir='ltr'>κανονί-</span> 
     </span>
    </p>
   </div>
   <div class='ocr_carea' id='block_1_16' title="bbox 2079 1222 3731 1300">
    <p class='ocr_par' dir='ltr' id='par_1_16' title="bbox 2079 1222 3731 1292">
     <span class='ocr_line' id='line_1_16' title="bbox 2079 1222 3731 1292; baseline -0.002 -12"><span class='ocrx_word' id='word_1_117' title='bbox 2079 1243 2222 1281; x_wconf 65' lang='lat' dir='ltr'>mum</span> <span class='ocrx_word' id='word_1_118' title='bbox 2260 1232 2502 1283; x_wconf 88' lang='lat' dir='ltr'>eruerat</span> <span class='ocrx_word' id='word_1_119' title='bbox 2533 1226 2797 1283; x_wconf 89' lang='lat' dir='ltr'>oculum.</span> <span class='ocrx_word' id='word_1_120' title='bbox 2858 1226 2931 1292; x_wconf 87' lang='lat' dir='ltr'>ls,</span> <span class='ocrx_word' id='word_1_121' title='bbox 2993 1241 3130 1282; x_wconf 87' lang='lat' dir='ltr'>cum</span> <span class='ocrx_word' id='word_1_122' title='bbox 3184 1224 3363 1280; x_wconf 82' lang='lat' dir='ltr'>vellet</span> <span class='ocrx_word' id='word_1_123' title='bbox 3405 1222 3731 1279; x_wconf 87' lang='lat' dir='ltr'>concilium</span> 
     </span>
    </p>
   </div>
   <div class='ocr_carea' id='block_1_17' title="bbox 299 1312 1962 1392">
    <p class='ocr_par' dir='ltr' id='par_1_17' title="bbox 299 1312 1952 1392">
     <span class='ocr_line' id='line_1_17' title="bbox 299 1312 1952 1392; baseline 0.002 -25"><span class='ocrx_word' id='word_1_124' title='bbox 299 1333 389 1368; x_wconf 84' lang='grc' dir='ltr'>σαι</span> <span class='ocrx_word' id='word_1_125' title='bbox 444 1315 558 1387; x_wconf 88' lang='grc'>(88)</span> <span class='ocrx_word' id='word_1_126' title='bbox 609 1313 876 1385; x_wconf 81' lang='grc' dir='ltr'>Θελούσης</span> <span class='ocrx_word' id='word_1_127' title='bbox 943 1312 1085 1371; x_wconf 83' lang='grc' dir='ltr'>ὥστε</span> <span class='ocrx_word' id='word_1_128' title='bbox 1139 1313 1409 1390; x_wconf 79' lang='grc' dir='ltr'>κληρικὸν</span> <span class='ocrx_word' id='word_1_129' title='bbox 1467 1318 1545 1390; x_wconf 81' lang='grc' dir='ltr'>μή</span> <span class='ocrx_word' id='word_1_130' title='bbox 1597 1315 1952 1392; x_wconf 75' lang='grc' dir='ltr'>συνέρχεσθαι</span> 
     </span>
    </p>
   </div>
   <div class='ocr_carea' id='block_1_18' title="bbox 2079 1312 3729 1392">
    <p class='ocr_par' dir='ltr' id='par_1_18' title="bbox 2079 1314 3729 1387">
     <span class='ocr_line' id='line_1_18' title="bbox 2079 1314 3729 1387; baseline -0.005 -13"><span class='ocrx_word' id='word_1_131' title='bbox 2079 1319 2222 1375; x_wconf 71' lang='lat'>504</span> <span class='ocrx_word' id='word_1_132' title='bbox 2270 1318 2596 1373; x_wconf 82' lang='lat' dir='ltr'>decernere</span> <span class='ocrx_word' id='word_1_133' title='bbox 2656 1323 2723 1373; x_wconf 89' lang='lat' dir='ltr'>ut</span> <span class='ocrx_word' id='word_1_134' title='bbox 2784 1316 2988 1374; x_wconf 84' lang='lat' dir='ltr'>clerici</span> <span class='ocrx_word' id='word_1_135' title='bbox 3052 1316 3278 1387; x_wconf 79' lang='lat' dir='ltr'>nuptiis</span> <span class='ocrx_word' id='word_1_136' title='bbox 3336 1314 3729 1382; x_wconf 78' lang='lat' dir='ltr'>abstinerent,</span> 
     </span>
    </p>
   </div>
   <div class='ocr_carea' id='block_1_19' title="bbox 297 1403 1962 1483">
    <p class='ocr_par' dir='ltr' id='par_1_19' title="bbox 297 1403 1953 1483">
     <span class='ocr_line' id='line_1_19' title="bbox 297 1403 1953 1483; baseline 0.001 -25"><span class='ocrx_word' id='word_1_137' title='bbox 297 1404 514 1480; x_wconf 84' lang='grc' dir='ltr'>γυναικὶ</span> <span class='ocrx_word' id='word_1_138' title='bbox 566 1403 705 1479; x_wconf 84' lang='grc' dir='ltr'>πρὸς</span> <span class='ocrx_word' id='word_1_139' title='bbox 760 1404 960 1479; x_wconf 85' lang='grc' dir='ltr'>γάμον,</span> <span class='ocrx_word' id='word_1_140' title='bbox 1018 1405 1094 1468; x_wconf 85' lang='grc' dir='ltr'>ὡς</span> <span class='ocrx_word' id='word_1_141' title='bbox 1130 1406 1294 1480; x_wconf 80' lang='grc' dir='ltr'>βαρὺν</span> <span class='ocrx_word' id='word_1_142' title='bbox 1327 1407 1420 1461; x_wconf 87' lang='grc' dir='ltr'>τὸν</span> <span class='ocrx_word' id='word_1_143' title='bbox 1454 1404 1619 1483; x_wconf 89' lang='grc' dir='ltr'>λόγον</span> <span class='ocrx_word' id='word_1_144' title='bbox 1677 1406 1953 1480; x_wconf 73' lang='grc' dir='ltr'>ἀνέτρεψε,</span> 
     </span>
    </p>
   </div>
   <div class='ocr_carea' id='block_1_20' title="bbox 2079 1403 3728 1483">
    <p class='ocr_par' dir='ltr' id='par_1_20' title="bbox 2079 1405 3728 1472">
     <span class='ocr_line' id='line_1_20' title="bbox 2079 1405 3728 1472; baseline -0.004 -11"><span class='ocrx_word' id='word_1_145' title='bbox 2079 1422 2197 1461; x_wconf 73' lang='lat' dir='ltr'>3am</span> <span class='ocrx_word' id='word_1_146' title='bbox 2242 1407 2601 1463; x_wconf 88' lang='lat' dir='ltr'>sententiam</span> <span class='ocrx_word' id='word_1_147' title='bbox 2657 1410 2725 1461; x_wconf 88' lang='lat' dir='ltr'>ut</span> <span class='ocrx_word' id='word_1_148' title='bbox 2780 1406 2993 1462; x_wconf 90' lang='lat' dir='ltr'>duram</span> <span class='ocrx_word' id='word_1_149' title='bbox 3044 1405 3345 1471; x_wconf 86' lang='lat' dir='ltr'>refutavit,</span> <span class='ocrx_word' id='word_1_150' title='bbox 3404 1406 3728 1472; x_wconf 83' lang='lat' dir='ltr'>auctorque</span> 
     </span>
    </p>
   </div>
   <div class='ocr_carea' id='block_1_21' title="bbox 297 1489 1962 1570">
    <p class='ocr_par' dir='ltr' id='par_1_21' title="bbox 297 1489 1956 1570">
     <span class='ocr_line' id='line_1_21' title="bbox 297 1489 1956 1570; baseline 0.001 -23"><span class='ocrx_word' id='word_1_151' title='bbox 297 1491 395 1547; x_wconf 79' lang='grc' dir='ltr'>καὶ</span> <span class='ocrx_word' id='word_1_152' title='bbox 444 1492 635 1565; x_wconf 87' lang='grc' dir='ltr'>μόνοις</span> <span class='ocrx_word' id='word_1_153' title='bbox 691 1489 1010 1555; x_wconf 77' lang='grc' dir='ltr'>ἐπισκόποις</span> <span class='ocrx_word' id='word_1_154' title='bbox 1074 1490 1318 1549; x_wconf 74' lang='grc' dir='ltr'>ἔτύπωσε</span> <span class='ocrx_word' id='word_1_155' title='bbox 1372 1499 1537 1551; x_wconf 78' lang='grc' dir='ltr'>τοῦτο</span> <span class='ocrx_word' id='word_1_156' title='bbox 1598 1491 1956 1570; x_wconf 79' lang='grc' dir='ltr'>παραφυλάτ-</span> 
     </span>
    </p>
   </div>
   <div class='ocr_carea' id='block_1_22' title="bbox 2079 1489 3729 1570">
    <p class='ocr_par' dir='ltr' id='par_1_22' title="bbox 2079 1492 3729 1567">
     <span class='ocr_line' id='line_1_22' title="bbox 2079 1492 3729 1567; baseline -0.004 -16"><span class='ocrx_word' id='word_1_157' title='bbox 2079 1497 2177 1564; x_wconf 64' lang='lat' dir='ltr'>fuit</span> <span class='ocrx_word' id='word_1_158' title='bbox 2255 1501 2325 1551; x_wconf 92' lang='lat' dir='ltr'>ut</span> <span class='ocrx_word' id='word_1_159' title='bbox 2406 1497 2716 1553; x_wconf 73' lang='lat' dir='ltr'>cmlibatus</span> <span class='ocrx_word' id='word_1_160' title='bbox 2777 1496 2921 1552; x_wconf 87' lang='lat' dir='ltr'>solis</span> <span class='ocrx_word' id='word_1_161' title='bbox 3004 1495 3419 1567; x_wconf 86' lang='lat' dir='ltr'>injungeretur</span> <span class='ocrx_word' id='word_1_162' title='bbox 3500 1492 3729 1563; x_wconf 75' lang='lat' dir='ltr'>episco—</span> 
     </span>
    </p>
   </div>
   <div class='ocr_carea' id='block_1_23' title="bbox 299 1582 1962 1656">
    <p class='ocr_par' dir='ltr' id='par_1_23' title="bbox 299 1582 508 1639">
     <span class='ocr_line' id='line_1_23' title="bbox 299 1582 508 1639; baseline 0.014 -3"><span class='ocrx_word' id='word_1_163' title='bbox 299 1582 508 1639; x_wconf 86' lang='grc' dir='ltr'>τεσθαι.</span> 
     </span>
    </p>
   </div>
   <div class='ocr_carea' id='block_1_24' title="bbox 2079 1582 2182 1656">
    <p class='ocr_par' dir='ltr' id='par_1_24' title="bbox 2079 1586 2182 1656">
     <span class='ocr_line' id='line_1_24' title="bbox 2079 1586 2182 1656; baseline -0.019 -16"><span class='ocrx_word' id='word_1_164' title='bbox 2079 1586 2182 1656; x_wconf 79' lang='lat' dir='ltr'>pis.</span> 
     </span>
    </p>
   </div>
   <div class='ocr_carea' id='block_1_25' title="bbox 376 1666 1962 1747">
    <p class='ocr_par' dir='ltr' id='par_1_25' title="bbox 376 1666 1959 1747">
     <span class='ocr_line' id='line_1_25' title="bbox 376 1666 1959 1747; baseline -0.001 -22"><span class='ocrx_word' id='word_1_165' title='bbox 376 1669 531 1726; x_wconf 82' lang='grc' dir='ltr'>Μετὰ</span> <span class='ocrx_word' id='word_1_166' title='bbox 574 1672 706 1743; x_wconf 81' lang='grc' dir='ltr'>γοῦν</span> <span class='ocrx_word' id='word_1_167' title='bbox 764 1667 986 1738; x_wconf 73' lang='grc' dir='ltr'>πολλὴν</span> <span class='ocrx_word' id='word_1_168' title='bbox 1040 1677 1144 1741; x_wconf 84' lang='grc' dir='ltr'>τῆς</span> <span class='ocrx_word' id='word_1_169' title='bbox 1191 1672 1429 1747; x_wconf 73' lang='grc' dir='ltr'>σκέψεως</span> <span class='ocrx_word' id='word_1_170' title='bbox 1486 1666 1766 1741; x_wconf 77' lang='grc' dir='ltr'>ἀκρίϐειαν</span> <span class='ocrx_word' id='word_1_171' title='bbox 1803 1669 1959 1741; x_wconf 72' lang='grc' dir='ltr'>ἐδοξε</span> 
     </span>
    </p>
   </div>
   <div class='ocr_carea' id='block_1_26' title="bbox 2079 1666 3736 1747">
    <p class='ocr_par' dir='ltr' id='par_1_26' title="bbox 2141 1670 3736 1740">
     <span class='ocr_line' id='line_1_26' title="bbox 2141 1670 3736 1740; baseline -0.002 -12"><span class='ocrx_word' id='word_1_172' title='bbox 2141 1675 2220 1729; x_wconf 84' lang='lat' dir='ltr'>Re</span> <span class='ocrx_word' id='word_1_173' title='bbox 2251 1674 2700 1730; x_wconf 87' lang='lat' dir='ltr'>accuratissime</span> <span class='ocrx_word' id='word_1_174' title='bbox 2732 1672 3167 1740; x_wconf 85' lang='lat' dir='ltr'>examinata,ea</span> <span class='ocrx_word' id='word_1_175' title='bbox 3187 1671 3303 1727; x_wconf 83' lang='lat' dir='ltr'>fuit</span> <span class='ocrx_word' id='word_1_176' title='bbox 3321 1670 3591 1727; x_wconf 85' lang='lat' dir='ltr'>omnium</span> <span class='ocrx_word' id='word_1_177' title='bbox 3606 1686 3736 1725; x_wconf 87' lang='lat' dir='ltr'>scn-</span> 
     </span>
    </p>
   </div>
   <div class='ocr_carea' id='block_1_27' title="bbox 302 1755 1962 1834">
    <p class='ocr_par' dir='ltr' id='par_1_27' title="bbox 302 1755 1955 1834">
     <span class='ocr_line' id='line_1_27' title="bbox 302 1755 1955 1834; baseline 0.002 -21"><span class='ocrx_word' id='word_1_178' title='bbox 302 1762 465 1813; x_wconf 79' lang='grc' dir='ltr'>πᾶσιν</span> <span class='ocrx_word' id='word_1_179' title='bbox 523 1757 667 1831; x_wconf 77' lang='grc' dir='ltr'>ὁμοῦ</span> <span class='ocrx_word' id='word_1_180' title='bbox 724 1755 834 1814; x_wconf 62' lang='grc' dir='ltr'>δεῖν</span> <span class='ocrx_word' id='word_1_181' title='bbox 893 1759 1176 1834; x_wconf 76' lang='grc' dir='ltr'>ὁρίσασθαι</span> <span class='ocrx_word' id='word_1_182' title='bbox 1226 1762 1290 1816; x_wconf 87' lang='grc' dir='ltr'>τὸ</span> <span class='ocrx_word' id='word_1_183' title='bbox 1359 1760 1653 1833; x_wconf 87' lang='grc' dir='ltr'>ὁμοούσιον</span> <span class='ocrx_word' id='word_1_184' title='bbox 1710 1761 1799 1816; x_wconf 70' lang='grc' dir='ltr'>ἐπὶ</span> <span class='ocrx_word' id='word_1_185' title='bbox 1854 1767 1955 1831; x_wconf 83' lang='grc' dir='ltr'>τῆς</span> 
     </span>
    </p>
   </div>
   <div class='ocr_carea' id='block_1_28' title="bbox 2079 1755 3740 1834">
    <p class='ocr_par' dir='ltr' id='par_1_28' title="bbox 2079 1759 3740 1830">
     <span class='ocr_line' id='line_1_28' title="bbox 2079 1759 3740 1830; baseline -0.001 -13"><span class='ocrx_word' id='word_1_186' title='bbox 2079 1764 2486 1830; x_wconf 78' lang='lat' dir='ltr'>tentia,veram</span> <span class='ocrx_word' id='word_1_187' title='bbox 2516 1763 2696 1819; x_wconf 75' lang='lat' dir='ltr'>fidem</span> <span class='ocrx_word' id='word_1_188' title='bbox 2727 1768 2985 1817; x_wconf 82' lang='lat' dir='ltr'>statuere</span> <span class='ocrx_word' id='word_1_189' title='bbox 3017 1761 3233 1819; x_wconf 90' lang='lat' dir='ltr'>Filium</span> <span class='ocrx_word' id='word_1_190' title='bbox 3260 1759 3740 1816; x_wconf 42' lang='lat' dir='ltr'>consubstantia‘</span> 
     </span>
    </p>
   </div>
   <div class='ocr_carea' id='block_1_29' title="bbox 303 1846 1962 1927">
    <p class='ocr_par' dir='ltr' id='par_1_29' title="bbox 303 1846 1956 1927">
     <span class='ocr_line' id='line_1_29' title="bbox 303 1846 1956 1927; baseline 0 -21"><span class='ocrx_word' id='word_1_191' title='bbox 303 1846 601 1927; x_wconf 81' lang='grc' dir='ltr'>ὄρθοδόεου</span> <span class='ocrx_word' id='word_1_192' title='bbox 638 1851 895 1922; x_wconf 83' lang='grc' dir='ltr'>πίστεως,</span> <span class='ocrx_word' id='word_1_193' title='bbox 943 1851 1188 1909; x_wconf 72' lang='grc' dir='ltr'>τουτέστι</span> <span class='ocrx_word' id='word_1_194' title='bbox 1240 1857 1341 1919; x_wconf 82' lang='grc' dir='ltr'>τῆς</span> <span class='ocrx_word' id='word_1_195' title='bbox 1398 1854 1571 1923; x_wconf 78' lang='grc' dir='ltr'>αὐτῆς</span> <span class='ocrx_word' id='word_1_196' title='bbox 1629 1852 1816 1917; x_wconf 75' lang='grc' dir='ltr'>οὐσίας</span> <span class='ocrx_word' id='word_1_197' title='bbox 1864 1853 1956 1907; x_wconf 83' lang='grc' dir='ltr'>καὶ</span> 
     </span>
    </p>
   </div>
   <div class='ocr_carea' id='block_1_30' title="bbox 2079 1846 3737 1927">
    <p class='ocr_par' dir='ltr' id='par_1_30' title="bbox 2079 1848 3737 1924">
     <span class='ocr_line' id='line_1_30' title="bbox 2079 1848 3737 1924; baseline -0.001 -18"><span class='ocrx_word' id='word_1_198' title='bbox 2079 1851 2215 1920; x_wconf 89' lang='lat' dir='ltr'>lem,</span> <span class='ocrx_word' id='word_1_199' title='bbox 2242 1852 2355 1907; x_wconf 91' lang='lat' dir='ltr'>hoc</span> <span class='ocrx_word' id='word_1_200' title='bbox 2387 1858 2476 1907; x_wconf 90' lang='lat' dir='ltr'>est</span> <span class='ocrx_word' id='word_1_201' title='bbox 2506 1852 2778 1924; x_wconf 86' lang='lat' dir='ltr'>ejusdem</span> <span class='ocrx_word' id='word_1_202' title='bbox 2800 1867 2938 1907; x_wconf 91' lang='lat' dir='ltr'>cum</span> <span class='ocrx_word' id='word_1_203' title='bbox 2995 1852 3170 1905; x_wconf 90' lang='lat' dir='ltr'>Patre</span> <span class='ocrx_word' id='word_1_204' title='bbox 3229 1848 3503 1904; x_wconf 75' lang='lat' dir='ltr'>essentim</span> <span class='ocrx_word' id='word_1_205' title='bbox 3556 1852 3737 1918; x_wconf 89' lang='lat' dir='ltr'>atque</span> 
     </span>
    </p>
   </div>
   <div class='ocr_carea' id='block_1_31' title="bbox 300 1923 1962 2020">
    <p class='ocr_par' dir='ltr' id='par_1_31' title="bbox 300 1923 1962 2020">
     <span class='ocr_line' id='line_1_31' title="bbox 300 1923 1962 2020; baseline 0.002 -25"><span class='ocrx_word' id='word_1_206' title='bbox 300 1923 516 2020; x_wconf 71' lang='grc' dir='ltr'>φύσεως</span> <span class='ocrx_word' id='word_1_207' title='bbox 543 1945 623 2014; x_wconf 84' lang='grc' dir='ltr'>τῷ</span> <span class='ocrx_word' id='word_1_208' title='bbox 655 1941 934 2017; x_wconf 63' lang='grc' dir='ltr'>Πατρὺιαὶ</span> <span class='ocrx_word' id='word_1_209' title='bbox 954 1942 1045 1998; x_wconf 87' lang='grc' dir='ltr'>τὸν</span> <span class='ocrx_word' id='word_1_210' title='bbox 1078 1942 1202 1997; x_wconf 79' lang='grc' dir='ltr'>Υἱὸν</span> <span class='ocrx_word' id='word_1_211' title='bbox 1238 1941 1554 2017; x_wconf 85' lang='grc' dir='ltr'>ὁμολογεῖν.</span> <span class='ocrx_word' id='word_1_212' title='bbox 1588 1944 1689 1999; x_wconf 86' lang='grc' dir='ltr'>¹¹ΙΙν</span> <span class='ocrx_word' id='word_1_213' title='bbox 1719 1944 1805 2015; x_wconf 86' lang='grc' dir='ltr'>[Ρ.</span> <span class='ocrx_word' id='word_1_214' title='bbox 1838 1944 1962 2014; x_wconf 77' lang='lat'><strong>288]</strong></span> 
     </span>
    </p>
   </div>
   <div class='ocr_carea' id='block_1_32' title="bbox 2079 1923 3731 2020">
    <p class='ocr_par' dir='ltr' id='par_1_32' title="bbox 2079 1923 3731 2006">
     <span class='ocr_line' id='line_1_32' title="bbox 2079 1923 3731 2006; baseline -0.004 -10"><span class='ocrx_word' id='word_1_215' title='bbox 2079 1944 2328 1996; x_wconf 76' lang='lat' dir='ltr'>naturm.</span> <span class='ocrx_word' id='word_1_216' title='bbox 2381 1923 2930 1996; x_wconf 12' lang='lat' dir='ltr'>Eamisententiam</span> <span class='ocrx_word' id='word_1_217' title='bbox 2986 1938 3239 1995; x_wconf 79' lang='lat' dir='ltr'>ﬁrmiter</span> <span class='ocrx_word' id='word_1_218' title='bbox 3294 1954 3502 1993; x_wconf 86' lang='lat' dir='ltr'>omnes</span> <span class='ocrx_word' id='word_1_219' title='bbox 3552 1941 3731 2006; x_wconf 89' lang='lat' dir='ltr'>atque</span> 
     </span>
    </p>
   </div>
   <div class='ocr_carea' id='block_1_33' title="bbox 302 2026 1964 2108">
    <p class='ocr_par' dir='ltr' id='par_1_33' title="bbox 302 2026 1964 2108">
     <span class='ocr_line' id='line_1_33' title="bbox 302 2026 1964 2108; baseline 0.001 -24"><span class='ocrx_word' id='word_1_220' title='bbox 302 2026 373 2097; x_wconf 80' lang='grc' dir='ltr'>δὴ</span> <span class='ocrx_word' id='word_1_221' title='bbox 421 2029 515 2084; x_wconf 82' lang='grc' dir='ltr'>καὶ</span> <span class='ocrx_word' id='word_1_222' title='bbox 590 2029 728 2086; x_wconf 76' lang='grc' dir='ltr'>κατὰ</span> <span class='ocrx_word' id='word_1_223' title='bbox 811 2031 1020 2105; x_wconf 78' lang='grc' dir='ltr'>κράτος</span> <span class='ocrx_word' id='word_1_224' title='bbox 1100 2031 1194 2086; x_wconf 74' lang='grc' dir='ltr'>καί</span> <span class='ocrx_word' id='word_1_225' title='bbox 1254 2032 1560 2108; x_wconf 77' lang='grc' dir='ltr'>συμφώνως</span> <span class='ocrx_word' id='word_1_226' title='bbox 1613 2026 1964 2099; x_wconf 77' lang='grc' dir='ltr'>ἐϐεϐαίωσαν,</span> 
     </span>
    </p>
   </div>
   <div class='ocr_carea' id='block_1_34' title="bbox 299 2114 1965 2198">
    <p class='ocr_par' dir='ltr' id='par_1_34' title="bbox 299 2114 1965 2198">
     <span class='ocr_line' id='line_1_34' title="bbox 299 2114 1965 2198; baseline -0.001 -23"><span class='ocrx_word' id='word_1_227' title='bbox 299 2119 468 2191; x_wconf 65' lang='grc' dir='ltr'>παρὲξ</span> <span class='ocrx_word' id='word_1_228' title='bbox 500 2118 716 2194; x_wconf 77' lang='grc' dir='ltr'>Ἀρείου</span> <span class='ocrx_word' id='word_1_229' title='bbox 770 2124 870 2175; x_wconf 78' lang='grc' dir='ltr'>τοῦ</span> <span class='ocrx_word' id='word_1_230' title='bbox 926 2114 1165 2182; x_wconf 77' lang='grc' dir='ltr'>ἀσεϐοῦς</span> <span class='ocrx_word' id='word_1_231' title='bbox 1224 2121 1313 2176; x_wconf 78' lang='grc' dir='ltr'>καὶ</span> <span class='ocrx_word' id='word_1_232' title='bbox 1365 2120 1561 2196; x_wconf 72' lang='grc' dir='ltr'>ἑτέρων</span> <span class='ocrx_word' id='word_1_233' title='bbox 1620 2114 1673 2191; x_wconf 76' lang='grc' dir='ltr'>ἕξ</span> <span class='ocrx_word' id='word_1_234' title='bbox 1719 2120 1965 2198; x_wconf 69' lang='grc' dir='ltr'>ὁμοφρά-</span> 
     </span>
    </p>
   </div>
   <div class='ocr_carea' id='block_1_35' title="bbox 299 2208 1967 2282">
    <p class='ocr_par' dir='ltr' id='par_1_35' title="bbox 299 2208 1967 2282">
     <span class='ocr_line' id='line_1_35' title="bbox 299 2208 1967 2282; baseline 0.001 -18"><span class='ocrx_word' id='word_1_235' title='bbox 299 2230 408 2264; x_wconf 88' lang='grc' dir='ltr'>νων</span> <span class='ocrx_word' id='word_1_236' title='bbox 437 2208 608 2282; x_wconf 81' lang='grc' dir='ltr'>αὐτῷ,</span> <span class='ocrx_word' id='word_1_237' title='bbox 641 2208 734 2271; x_wconf 75' lang='grc' dir='ltr'>οὕς</span> <span class='ocrx_word' id='word_1_238' title='bbox 784 2210 1301 2282; x_wconf 81' lang='grc' dir='ltr'>ἀναθεματισθέντας</span> <span class='ocrx_word' id='word_1_239' title='bbox 1339 2210 1444 2267; x_wconf 81' lang='grc' dir='ltr'>ὑπὸ</span> <span class='ocrx_word' id='word_1_240' title='bbox 1505 2215 1611 2266; x_wconf 82' lang='grc' dir='ltr'>τῶν</span> <span class='ocrx_word' id='word_1_241' title='bbox 1669 2209 1828 2274; x_wconf 81' lang='grc' dir='ltr'>θείων</span> <span class='ocrx_word' id='word_1_242' title='bbox 1858 2210 1967 2282; x_wconf 71' lang='grc' dir='ltr'>τίη¹</span> 
     </span>
    </p>
   </div>
   <div class='ocr_carea' id='block_1_36' title="bbox 300 2298 1197 2375">
    <p class='ocr_par' dir='ltr' id='par_1_36' title="bbox 300 2298 1197 2375">
     <span class='ocr_line' id='line_1_36' title="bbox 300 2298 1197 2375; baseline 0.001 -19"><span class='ocrx_word' id='word_1_243' title='bbox 300 2300 561 2372; x_wconf 71' lang='grc' dir='ltr'>Πατιρων</span> <span class='ocrx_word' id='word_1_244' title='bbox 591 2299 621 2354; x_wconf 90' lang='grc' dir='ltr'>ὁ</span> <span class='ocrx_word' id='word_1_245' title='bbox 657 2298 914 2373; x_wconf 79' lang='grc' dir='ltr'>βασιλεὺς</span> <span class='ocrx_word' id='word_1_246' title='bbox 952 2298 1197 2375; x_wconf 77' lang='grc' dir='ltr'>ἐξώρισε.</span> 
     </span>
    </p>
   </div>
   <div class='ocr_carea' id='block_1_37' title="bbox 373 2385 1964 2465">
    <p class='ocr_par' dir='ltr' id='par_1_37' title="bbox 373 2385 1964 2465">
     <span class='ocr_line' id='line_1_37' title="bbox 373 2385 1964 2465; baseline -0.001 -19"><span class='ocrx_word' id='word_1_247' title='bbox 373 2388 525 2446; x_wconf 83' lang='grc' dir='ltr'>Μετὰ</span> <span class='ocrx_word' id='word_1_248' title='bbox 557 2385 615 2443; x_wconf 78' lang='grc' dir='ltr'>δὶ</span> <span class='ocrx_word' id='word_1_249' title='bbox 641 2392 814 2444; x_wconf 78' lang='grc' dir='ltr'>ταῦτα</span> <span class='ocrx_word' id='word_1_250' title='bbox 850 2389 1345 2465; x_wconf 76' lang='grc' dir='ltr'>φιλαπεχθήμονες</span> <span class='ocrx_word' id='word_1_251' title='bbox 1377 2388 1561 2465; x_wconf 78' lang='grc' dir='ltr'>ἄνδρες</span> <span class='ocrx_word' id='word_1_252' title='bbox 1618 2392 1754 2447; x_wconf 80' lang='grc' dir='ltr'>κατά</span> <span class='ocrx_word' id='word_1_253' title='bbox 1800 2411 1964 2446; x_wconf 91' lang='grc' dir='ltr'>τινων</span> 
     </span>
    </p>
   </div>
   <div class='ocr_carea' id='block_1_38' title="bbox 301 2476 1963 2556">
    <p class='ocr_par' dir='ltr' id='par_1_38' title="bbox 301 2476 1963 2556">
     <span class='ocr_line' id='line_1_38' title="bbox 301 2476 1963 2556; baseline 0.001 -23"><span class='ocrx_word' id='word_1_254' title='bbox 301 2478 615 2534; x_wconf 78' lang='grc' dir='ltr'>ἰπισκόπων</span> <span class='ocrx_word' id='word_1_255' title='bbox 674 2477 974 2556; x_wconf 75' lang='grc' dir='ltr'>ἐγγραφους</span> <span class='ocrx_word' id='word_1_256' title='bbox 1031 2476 1307 2535; x_wconf 67' lang='grc' dir='ltr'>ἐπέδωκαν</span> <span class='ocrx_word' id='word_1_257' title='bbox 1389 2485 1470 2551; x_wconf 81' lang='grc' dir='ltr'>τῷ</span> <span class='ocrx_word' id='word_1_258' title='bbox 1558 2478 1784 2537; x_wconf 85' lang='grc' dir='ltr'>Βασιλεῖ</span> <span class='ocrx_word' id='word_1_259' title='bbox 1836 2501 1963 2540; x_wconf 87' lang='grc' dir='ltr'>κατ,</span> 
     </span>
    </p>
   </div>
   <div class='ocr_carea' id='block_1_39' title="bbox 305 2566 1966 2644">
    <p class='ocr_par' dir='ltr' id='par_1_39' title="bbox 305 2566 1966 2644">
     <span class='ocr_line' id='line_1_39' title="bbox 305 2566 1966 2644; baseline -0.001 -20"><span class='ocrx_word' id='word_1_260' title='bbox 305 2567 555 2644; x_wconf 80' lang='grc' dir='ltr'>ηγορίας.</span> <span class='ocrx_word' id='word_1_261' title='bbox 587 2569 652 2626; x_wconf 90' lang='grc' dir='ltr'>Ὁ</span> <span class='ocrx_word' id='word_1_262' title='bbox 703 2566 763 2623; x_wconf 70' lang='grc' dir='ltr'>δὲ</span> <span class='ocrx_word' id='word_1_263' title='bbox 813 2569 1009 2632; x_wconf 80' lang='grc' dir='ltr'>ταύτας</span> <span class='ocrx_word' id='word_1_264' title='bbox 1068 2567 1355 2643; x_wconf 83' lang='grc' dir='ltr'>δεξάμενος</span> <span class='ocrx_word' id='word_1_265' title='bbox 1409 2569 1500 2625; x_wconf 82' lang='grc' dir='ltr'>καὶ</span> <span class='ocrx_word' id='word_1_266' title='bbox 1550 2567 1826 2643; x_wconf 77' lang='grc' dir='ltr'>δεσμήσας</span> <span class='ocrx_word' id='word_1_267' title='bbox 1874 2569 1966 2625; x_wconf 79' lang='grc' dir='ltr'>καὶ</span> 
     </span>
    </p>
   </div>
   <div class='ocr_carea' id='block_1_40' title="bbox 305 2654 1963 2738">
    <p class='ocr_par' dir='ltr' id='par_1_40' title="bbox 305 2654 1963 2738">
     <span class='ocr_line' id='line_1_40' title="bbox 305 2654 1963 2738; baseline 0.001 -24"><span class='ocrx_word' id='word_1_268' title='bbox 305 2662 386 2730; x_wconf 78' lang='grc' dir='ltr'>τῷ</span> <span class='ocrx_word' id='word_1_269' title='bbox 467 2654 746 2730; x_wconf 75' lang='grc' dir='ltr'>δακτυλίῳ</span> <span class='ocrx_word' id='word_1_270' title='bbox 805 2658 1199 2733; x_wconf 81' lang='grc' dir='ltr'>σημηνάμενος</span> <span class='ocrx_word' id='word_1_271' title='bbox 1277 2659 1524 2716; x_wconf 67' lang='grc' dir='ltr'>ἐκέλευσε</span> <span class='ocrx_word' id='word_1_272' title='bbox 1580 2659 1963 2738; x_wconf 77' lang='grc' dir='ltr'>φυλάττεσθαι.</span> 
     </span>
    </p>
   </div>
   <div class='ocr_carea' id='block_1_41' title="bbox 308 2745 1963 2822">
    <p class='ocr_par' dir='ltr' id='par_1_41' title="bbox 308 2745 1963 2822">
     <span class='ocr_line' id='line_1_41' title="bbox 308 2745 1963 2822; baseline 0.001 -20"><span class='ocrx_word' id='word_1_273' title='bbox 308 2750 442 2806; x_wconf 79' lang='grc' dir='ltr'>Εἶτα</span> <span class='ocrx_word' id='word_1_274' title='bbox 472 2748 611 2822; x_wconf 87' lang='grc' dir='ltr'>πρὸς</span> <span class='ocrx_word' id='word_1_275' title='bbox 645 2748 865 2822; x_wconf 76' lang='grc' dir='ltr'>εἰρήνην</span> <span class='ocrx_word' id='word_1_276' title='bbox 921 2749 1120 2811; x_wconf 80' lang='grc' dir='ltr'>αὐτοὺς</span> <span class='ocrx_word' id='word_1_277' title='bbox 1170 2748 1261 2804; x_wconf 82' lang='grc' dir='ltr'>καὶ</span> <span class='ocrx_word' id='word_1_278' title='bbox 1309 2750 1567 2822; x_wconf 88' lang='grc' dir='ltr'>ὁμόνοιαν</span> <span class='ocrx_word' id='word_1_279' title='bbox 1621 2745 1963 2821; x_wconf 74' lang='grc' dir='ltr'>συμϐιϐάσας</span> 
     </span>
    </p>
   </div>
   <div class='ocr_carea' id='block_1_42' title="bbox 304 2835 1963 2916">
    <p class='ocr_par' dir='ltr' id='par_1_42' title="bbox 304 2835 1963 2916">
     <span class='ocr_line' id='line_1_42' title="bbox 304 2835 1963 2916; baseline 0.001 -25"><span class='ocrx_word' id='word_1_280' title='bbox 304 2836 506 2900; x_wconf 87' lang='grc' dir='ltr'>ταύτας</span> <span class='ocrx_word' id='word_1_281' title='bbox 539 2835 774 2893; x_wconf 72' lang='grc' dir='ltr'>ἐνώπιον</span> <span class='ocrx_word' id='word_1_282' title='bbox 801 2838 1018 2893; x_wconf 88' lang='grc' dir='ltr'>πάντων</span> <span class='ocrx_word' id='word_1_283' title='bbox 1067 2838 1410 2908; x_wconf 78' lang='grc' dir='ltr'>κατὲκαυσεν,</span> <span class='ocrx_word' id='word_1_284' title='bbox 1466 2837 1613 2913; x_wconf 74' lang='grc' dir='ltr'>ὅρκῳ</span> <span class='ocrx_word' id='word_1_285' title='bbox 1670 2835 1963 2916; x_wconf 79' lang='grc' dir='ltr'>πληροφο-</span> 
     </span>
    </p>
   </div>
   <div class='ocr_carea' id='block_1_43' title="bbox 309 2925 1965 3007">
    <p class='ocr_par' dir='ltr' id='par_1_43' title="bbox 309 2925 1965 3007">
     <span class='ocr_line' id='line_1_43' title="bbox 309 2925 1965 3007; baseline -0.001 -24"><span class='ocrx_word' id='word_1_286' title='bbox 309 2929 478 3002; x_wconf 73' lang='grc' dir='ltr'>ρήσας</span> <span class='ocrx_word' id='word_1_287' title='bbox 557 2926 755 2990; x_wconf 75' lang='grc' dir='ltr'>αὐτοὺς</span> <span class='ocrx_word' id='word_1_288' title='bbox 846 2925 1017 3007; x_wconf 55' lang='grc' dir='ltr'>μηδεν</span> <span class='ocrx_word' id='word_1_289' title='bbox 1100 2927 1405 3005; x_wconf 76' lang='grc' dir='ltr'>ἀναγνῶναι</span> <span class='ocrx_word' id='word_1_290' title='bbox 1475 2932 1581 2984; x_wconf 78' lang='grc' dir='ltr'>τῶν</span> <span class='ocrx_word' id='word_1_291' title='bbox 1664 2926 1715 2982; x_wconf 71' lang='grc' dir='ltr'>ἐν</span> <span class='ocrx_word' id='word_1_292' title='bbox 1778 2927 1965 2989; x_wconf 85' lang='grc' dir='ltr'>αὐτοῖς</span> 
     </span>
    </p>
   </div>
   <div class='ocr_carea' id='block_1_44' title="bbox 305 3011 1960 3094">
    <p class='ocr_par' dir='ltr' id='par_1_44' title="bbox 305 3011 1960 3094">
     <span class='ocr_line' id='line_1_44' title="bbox 305 3011 1960 3094; baseline -0.018 -2"><span class='ocrx_word' id='word_1_293' title='bbox 305 3017 715 3092; x_wconf 62' lang='grc' dir='ltr'>γεγραμμένων.</span> <span class='ocrx_word' id='word_1_294' title='bbox 751 3013 888 3071; x_wconf 66' lang='grc' dir='ltr'>οὐδὲ</span> <span class='ocrx_word' id='word_1_295' title='bbox 918 3017 1023 3093; x_wconf 77' lang='grc' dir='ltr'>γὰρ</span> <span class='ocrx_word' id='word_1_296' title='bbox 1063 3011 1164 3094; x_wconf 66' lang='grc' dir='ltr'>ἔφη</span> <span class='ocrx_word' id='word_1_297' title='bbox 1226 3024 1430 3093; x_wconf 80' lang='grc' dir='ltr'>χρῆναι</span> <span class='ocrx_word' id='word_1_298' title='bbox 1488 3017 1556 3073; x_wconf 78' lang='grc' dir='ltr'>τὰ</span> <span class='ocrx_word' id='word_1_299' title='bbox 1611 3013 1960 3089; x_wconf 68' lang='grc' dir='ltr'>πλημμελήξ</span> 
     </span>
    </p>
   </div>
   <div class='ocr_carea' id='block_1_45' title="bbox 318 3103 1963 3182">
    <p class='ocr_par' dir='ltr' id='par_1_45' title="bbox 318 3103 1963 3182">
     <span class='ocr_line' id='line_1_45' title="bbox 318 3103 1963 3182; baseline -0.001 -21"><span class='ocrx_word' id='word_1_300' title='bbox 318 3125 458 3177; x_wconf 84' lang='grc' dir='ltr'>ματα</span> <span class='ocrx_word' id='word_1_301' title='bbox 483 3110 592 3161; x_wconf 81' lang='grc' dir='ltr'>τῶν</span> <span class='ocrx_word' id='word_1_302' title='bbox 655 3103 845 3181; x_wconf 67' lang='grc' dir='ltr'>ἱεράων</span> <span class='ocrx_word' id='word_1_303' title='bbox 902 3103 1049 3175; x_wconf 77' lang='grc' dir='ltr'>δῆλα</span> <span class='ocrx_word' id='word_1_304' title='bbox 1095 3106 1340 3182; x_wconf 77' lang='grc' dir='ltr'>γενέσθαι</span> <span class='ocrx_word' id='word_1_305' title='bbox 1393 3111 1512 3170; x_wconf 86' lang='grc' dir='ltr'>τοῖς</span> <span class='ocrx_word' id='word_1_306' title='bbox 1562 3104 1821 3173; x_wconf 83' lang='grc' dir='ltr'>πολλοῖς,</span> <span class='ocrx_word' id='word_1_307' title='bbox 1874 3105 1963 3160; x_wconf 85' lang='grc' dir='ltr'>ἳνα</span> 
     </span>
    </p>
   </div>
   <div class='ocr_carea' id='block_1_46' title="bbox 320 3190 1963 3275">
    <p class='ocr_par' dir='ltr' id='par_1_46' title="bbox 320 3190 1963 3275">
     <span class='ocr_line' id='line_1_46' title="bbox 320 3190 1963 3275; baseline 0.002 -27"><span class='ocrx_word' id='word_1_308' title='bbox 320 3194 397 3265; x_wconf 81' lang='grc' dir='ltr'>μὴ</span> <span class='ocrx_word' id='word_1_309' title='bbox 480 3192 776 3251; x_wconf 77' lang='grc' dir='ltr'>σκανδάλου</span> <span class='ocrx_word' id='word_1_310' title='bbox 860 3195 1130 3275; x_wconf 77' lang='grc' dir='ltr'>πρόφασιν</span> <span class='ocrx_word' id='word_1_311' title='bbox 1242 3195 1478 3261; x_wconf 76' lang='grc' dir='ltr'>ἐντεῦθεν</span> <span class='ocrx_word' id='word_1_312' title='bbox 1586 3190 1963 3268; x_wconf 81' lang='grc' dir='ltr'>λαμϐάνοντες</span> 
     </span>
    </p>
   </div>
   <div class='ocr_carea' id='block_1_47' title="bbox 2075 2026 3735 2102">
    <p class='ocr_par' dir='ltr' id='par_1_47' title="bbox 2075 2026 3735 2102">
     <span class='ocr_line' id='line_1_47' title="bbox 2075 2026 3735 2102; baseline -0.004 -16"><span class='ocrx_word' id='word_1_313' title='bbox 2075 2047 2196 2086; x_wconf 90' lang='lat' dir='ltr'>uno</span> <span class='ocrx_word' id='word_1_314' title='bbox 2255 2047 2355 2085; x_wconf 92' lang='lat' dir='ltr'>ore</span> <span class='ocrx_word' id='word_1_315' title='bbox 2413 2031 2836 2102; x_wconf 86' lang='lat' dir='ltr'>approbarunt,</span> <span class='ocrx_word' id='word_1_316' title='bbox 2903 2034 3148 2100; x_wconf 79' lang='lat' dir='ltr'>excepto</span> <span class='ocrx_word' id='word_1_317' title='bbox 3230 2028 3416 2100; x_wconf 90' lang='lat' dir='ltr'>impio</span> <span class='ocrx_word' id='word_1_318' title='bbox 3482 2026 3619 2082; x_wconf 83' lang='lat' dir='ltr'>Ario</span> <span class='ocrx_word' id='word_1_319' title='bbox 3673 2027 3735 2079; x_wconf 86' lang='lat' dir='ltr'>et</span> 
     </span>
    </p>
   </div>
   <div class='ocr_carea' id='block_1_48' title="bbox 2078 2114 3732 2182">
    <p class='ocr_par' dir='ltr' id='par_1_48' title="bbox 2078 2114 3732 2182">
     <span class='ocr_line' id='line_1_48' title="bbox 2078 2114 3732 2182; baseline -0.003 -7"><span class='ocrx_word' id='word_1_320' title='bbox 2078 2136 2179 2176; x_wconf 80' lang='lat' dir='ltr'>sex</span> <span class='ocrx_word' id='word_1_321' title='bbox 2235 2120 2370 2175; x_wconf 89' lang='lat' dir='ltr'>aliis</span> <span class='ocrx_word' id='word_1_322' title='bbox 2445 2136 2582 2175; x_wconf 91' lang='lat' dir='ltr'>cum</span> <span class='ocrx_word' id='word_1_323' title='bbox 2638 2136 2707 2174; x_wconf 91' lang='lat' dir='ltr'>eo</span> <span class='ocrx_word' id='word_1_324' title='bbox 2756 2118 3170 2175; x_wconf 87' lang='lat' dir='ltr'>sentientibus.</span> <span class='ocrx_word' id='word_1_325' title='bbox 3232 2119 3388 2182; x_wconf 88' lang='lat' dir='ltr'>Quos</span> <span class='ocrx_word' id='word_1_326' title='bbox 3463 2132 3498 2171; x_wconf 89' lang='lat' dir='ltr'>a</span> <span class='ocrx_word' id='word_1_327' title='bbox 3570 2114 3732 2170; x_wconf 91' lang='lat' dir='ltr'>divi-</span> 
     </span>
    </p>
   </div>
   <div class='ocr_carea' id='block_1_49' title="bbox 2076 2203 3734 2281">
    <p class='ocr_par' dir='ltr' id='par_1_49' title="bbox 2076 2203 3734 2281">
     <span class='ocr_line' id='line_1_49' title="bbox 2076 2203 3734 2281; baseline -0.003 -17"><span class='ocrx_word' id='word_1_328' title='bbox 2076 2210 2173 2264; x_wconf 89' lang='lat' dir='ltr'>nis</span> <span class='ocrx_word' id='word_1_329' title='bbox 2202 2210 2306 2265; x_wconf 87' lang='grc'>318</span> <span class='ocrx_word' id='word_1_330' title='bbox 2337 2209 2610 2265; x_wconf 87' lang='lat' dir='ltr'>Palribus</span> <span class='ocrx_word' id='word_1_331' title='bbox 2658 2208 3024 2281; x_wconf 89' lang='lat' dir='ltr'>proscriptos</span> <span class='ocrx_word' id='word_1_332' title='bbox 3079 2208 3404 2277; x_wconf 85' lang='lat' dir='ltr'>imperator</span> <span class='ocrx_word' id='word_1_333' title='bbox 3462 2203 3734 2260; x_wconf 82' lang='lat' dir='ltr'>exsulare</span> 
     </span>
    </p>
   </div>
   <div class='ocr_carea' id='block_1_50' title="bbox 2068 2299 2273 2372">
    <p class='ocr_par' dir='ltr' id='par_1_50' title="bbox 2068 2299 2273 2372">
     <span class='ocr_line' id='line_1_50' title="bbox 2068 2299 2273 2372; baseline 0.005 -18"><span class='ocrx_word' id='word_1_334' title='bbox 2068 2299 2273 2372; x_wconf 85' lang='lat' dir='ltr'>jussit.</span> 
     </span>
    </p>
   </div>
   <div class='ocr_carea' id='block_1_51' title="bbox 2149 2384 3740 2453">
    <p class='ocr_par' dir='ltr' id='par_1_51' title="bbox 2149 2384 3740 2453">
     <span class='ocr_line' id='line_1_51' title="bbox 2149 2384 3740 2453; baseline -0.003 -10"><span class='ocrx_word' id='word_1_335' title='bbox 2149 2388 2490 2446; x_wconf 88' lang='lat' dir='ltr'>Secundum</span> <span class='ocrx_word' id='word_1_336' title='bbox 2523 2389 2664 2453; x_wconf 68' lang='lat' dir='ltr'>haec,</span> <span class='ocrx_word' id='word_1_337' title='bbox 2699 2404 2835 2445; x_wconf 88' lang='lat' dir='ltr'>cum</span> <span class='ocrx_word' id='word_1_338' title='bbox 2865 2386 3322 2443; x_wconf 79' lang='lat' dir='ltr'>inimicitiarum</span> <span class='ocrx_word' id='word_1_339' title='bbox 3349 2384 3740 2441; x_wconf 87' lang='lat' dir='ltr'>serendarum</span> 
     </span>
    </p>
   </div>
   <div class='ocr_carea' id='block_1_52' title="bbox 2078 2480 3739 2552">
    <p class='ocr_par' dir='ltr' id='par_1_52' title="bbox 2078 2480 3739 2552">
     <span class='ocr_line' id='line_1_52' title="bbox 2078 2480 3739 2552; baseline -0.004 -15"><span class='ocrx_word' id='word_1_340' title='bbox 2078 2481 2329 2537; x_wconf 89' lang='lat' dir='ltr'>studiosi</span> <span class='ocrx_word' id='word_1_341' title='bbox 2359 2481 2634 2536; x_wconf 88' lang='lat' dir='ltr'>homines</span> <span class='ocrx_word' id='word_1_342' title='bbox 2661 2482 2911 2552; x_wconf 87' lang='lat' dir='ltr'>scriptas</span> <span class='ocrx_word' id='word_1_343' title='bbox 2938 2486 3146 2535; x_wconf 90' lang='lat' dir='ltr'>contra</span> <span class='ocrx_word' id='word_1_344' title='bbox 3201 2480 3509 2551; x_wconf 86' lang='lat' dir='ltr'>episcopos</span> <span class='ocrx_word' id='word_1_345' title='bbox 3566 2493 3739 2547; x_wconf 90' lang='lat' dir='ltr'>quos-</span> 
     </span>
    </p>
   </div>
   <div class='ocr_carea' id='block_1_53' title="bbox 2076 2565 3736 2641">
    <p class='ocr_par' dir='ltr' id='par_1_53' title="bbox 2076 2565 3736 2641">
     <span class='ocr_line' id='line_1_53' title="bbox 2076 2565 3736 2641; baseline -0.004 -15"><span class='ocrx_word' id='word_1_346' title='bbox 2076 2570 2215 2626; x_wconf 88' lang='lat' dir='ltr'>dam</span> <span class='ocrx_word' id='word_1_347' title='bbox 2245 2571 2656 2626; x_wconf 86' lang='lat' dir='ltr'>accusationes</span> <span class='ocrx_word' id='word_1_348' title='bbox 2716 2570 3059 2641; x_wconf 89' lang='lat' dir='ltr'>imperatori</span> <span class='ocrx_word' id='word_1_349' title='bbox 3112 2568 3518 2629; x_wconf 86' lang='lat' dir='ltr'>tradidissent,</span> <span class='ocrx_word' id='word_1_350' title='bbox 3552 2565 3603 2621; x_wconf 88' lang='lat' dir='ltr'>is</span> <span class='ocrx_word' id='word_1_351' title='bbox 3636 2582 3736 2620; x_wconf 88' lang='lat' dir='ltr'>eas</span> 
     </span>
    </p>
   </div>
   <div class='ocr_carea' id='block_1_54' title="bbox 2075 2657 3734 2731">
    <p class='ocr_par' dir='ltr' id='par_1_54' title="bbox 2075 2657 3734 2731">
     <span class='ocr_line' id='line_1_54' title="bbox 2075 2657 3734 2731; baseline -0.004 -16"><span class='ocrx_word' id='word_1_352' title='bbox 2075 2666 2349 2731; x_wconf 86' lang='lat' dir='ltr'>acceptas</span> <span class='ocrx_word' id='word_1_353' title='bbox 2390 2659 2684 2731; x_wconf 80' lang='lat' dir='ltr'>colligavit</span> <span class='ocrx_word' id='word_1_354' title='bbox 2732 2676 2959 2730; x_wconf 89' lang='lat' dir='ltr'>suoque</span> <span class='ocrx_word' id='word_1_355' title='bbox 3008 2659 3233 2714; x_wconf 86' lang='lat' dir='ltr'>annulo</span> <span class='ocrx_word' id='word_1_356' title='bbox 3264 2657 3609 2728; x_wconf 83' lang='lat' dir='ltr'>obsignatas</span> <span class='ocrx_word' id='word_1_357' title='bbox 3638 2671 3734 2709; x_wconf 79' lang='lat' dir='ltr'>as-</span> 
     </span>
    </p>
   </div>
   <div class='ocr_carea' id='block_1_55' title="bbox 2073 2747 3739 2820">
    <p class='ocr_par' dir='ltr' id='par_1_55' title="bbox 2073 2747 3739 2820">
     <span class='ocr_line' id='line_1_55' title="bbox 2073 2747 3739 2820; baseline -0.004 -15"><span class='ocrx_word' id='word_1_358' title='bbox 2073 2750 2292 2805; x_wconf 85' lang='lat' dir='ltr'>servari</span> <span class='ocrx_word' id='word_1_359' title='bbox 2317 2750 2520 2820; x_wconf 88' lang='lat' dir='ltr'>jussit.</span> <span class='ocrx_word' id='word_1_360' title='bbox 2545 2751 2754 2804; x_wconf 87' lang='lat' dir='ltr'>Postea</span> <span class='ocrx_word' id='word_1_361' title='bbox 2798 2749 3111 2804; x_wconf 89' lang='lat' dir='ltr'>discordiis</span> <span class='ocrx_word' id='word_1_362' title='bbox 3159 2747 3571 2819; x_wconf 83' lang='lat' dir='ltr'>pacificatione</span> <span class='ocrx_word' id='word_1_363' title='bbox 3630 2760 3739 2799; x_wconf 89' lang='lat' dir='ltr'>sua</span> 
     </span>
    </p>
   </div>
   <div class='ocr_carea' id='block_1_56' title="bbox 2078 2836 3736 2908">
    <p class='ocr_par' dir='ltr' id='par_1_56' title="bbox 2078 2836 3736 2908">
     <span class='ocr_line' id='line_1_56' title="bbox 2078 2836 3736 2908; baseline -0.003 -14"><span class='ocrx_word' id='word_1_364' title='bbox 2078 2839 2350 2906; x_wconf 84' lang='lat' dir='ltr'>sublatis,</span> <span class='ocrx_word' id='word_1_365' title='bbox 2399 2855 2502 2895; x_wconf 87' lang='lat' dir='ltr'>eas</span> <span class='ocrx_word' id='word_1_366' title='bbox 2560 2840 2973 2895; x_wconf 83' lang='lat' dir='ltr'>accusationes</span> <span class='ocrx_word' id='word_1_367' title='bbox 3003 2839 3065 2894; x_wconf 88' lang='lat' dir='ltr'>in</span> <span class='ocrx_word' id='word_1_368' title='bbox 3111 2842 3433 2908; x_wconf 89' lang='lat' dir='ltr'>conspectu</span> <span class='ocrx_word' id='word_1_369' title='bbox 3471 2836 3736 2890; x_wconf 85' lang='lat' dir='ltr'>omnium</span> 
     </span>
    </p>
   </div>
   <div class='ocr_carea' id='block_1_57' title="bbox 2075 2924 3741 3000">
    <p class='ocr_par' dir='ltr' id='par_1_57' title="bbox 2075 2924 3741 3000">
     <span class='ocr_line' id='line_1_57' title="bbox 2075 2924 3741 3000; baseline -0.003 -17"><span class='ocrx_word' id='word_1_370' title='bbox 2075 2929 2377 2993; x_wconf 73' lang='lat' dir='ltr'>cremavit,</span> <span class='ocrx_word' id='word_1_371' title='bbox 2431 2930 2780 3000; x_wconf 87' lang='lat' dir='ltr'>juramento</span> <span class='ocrx_word' id='word_1_372' title='bbox 2814 2929 2993 2983; x_wconf 83' lang='lat' dir='ltr'>ﬁdem</span> <span class='ocrx_word' id='word_1_373' title='bbox 3024 2928 3250 2983; x_wconf 81' lang='lat' dir='ltr'>faciens</span> <span class='ocrx_word' id='word_1_374' title='bbox 3299 2926 3453 2982; x_wconf 90' lang='lat' dir='ltr'>nihil</span> <span class='ocrx_word' id='word_1_375' title='bbox 3486 2942 3546 2980; x_wconf 83' lang='lat' dir='ltr'>se</span> <span class='ocrx_word' id='word_1_376' title='bbox 3578 2926 3639 2979; x_wconf 88' lang='lat' dir='ltr'>in</span> <span class='ocrx_word' id='word_1_377' title='bbox 3668 2924 3741 2978; x_wconf 90' lang='lat' dir='ltr'>iis</span> 
     </span>
    </p>
   </div>
   <div class='ocr_carea' id='block_1_58' title="bbox 2072 3014 3740 3090">
    <p class='ocr_par' dir='ltr' id='par_1_58' title="bbox 2072 3014 3740 3090">
     <span class='ocr_line' id='line_1_58' title="bbox 2072 3014 3740 3090; baseline -0.002 -18"><span class='ocrx_word' id='word_1_378' title='bbox 2072 3019 2359 3090; x_wconf 86' lang='lat' dir='ltr'>scriptum</span> <span class='ocrx_word' id='word_1_379' title='bbox 2392 3019 2628 3090; x_wconf 81' lang='lat' dir='ltr'>legisse.</span> <span class='ocrx_word' id='word_1_380' title='bbox 2672 3018 2801 3075; x_wconf 84' lang='lat' dir='ltr'>Non</span> <span class='ocrx_word' id='word_1_381' title='bbox 2835 3018 3021 3084; x_wconf 89' lang='lat' dir='ltr'>enim,</span> <span class='ocrx_word' id='word_1_382' title='bbox 3074 3016 3335 3083; x_wconf 89' lang='lat' dir='ltr'>dicebat,</span> <span class='ocrx_word' id='word_1_383' title='bbox 3393 3014 3614 3070; x_wconf 89' lang='lat' dir='ltr'>debent</span> <span class='ocrx_word' id='word_1_384' title='bbox 3644 3030 3740 3068; x_wconf 83' lang='lat' dir='ltr'>sa-</span> 
     </span>
    </p>
   </div>
   <div class='ocr_carea' id='block_1_59' title="bbox 2073 3103 3737 3178">
    <p class='ocr_par' dir='ltr' id='par_1_59' title="bbox 2073 3103 3737 3178">
     <span class='ocr_line' id='line_1_59' title="bbox 2073 3103 3737 3178; baseline -0.005 -14"><span class='ocrx_word' id='word_1_385' title='bbox 2073 3108 2381 3164; x_wconf 88' lang='lat' dir='ltr'>cerdotum</span> <span class='ocrx_word' id='word_1_386' title='bbox 2428 3108 2649 3164; x_wconf 85' lang='lat' dir='ltr'>delicta</span> <span class='ocrx_word' id='word_1_387' title='bbox 2677 3106 3048 3163; x_wconf 89' lang='lat' dir='ltr'>multitudini</span> <span class='ocrx_word' id='word_1_388' title='bbox 3084 3105 3324 3178; x_wconf 85' lang='lat' dir='ltr'>exponi,</span> <span class='ocrx_word' id='word_1_389' title='bbox 3359 3121 3434 3160; x_wconf 90' lang='lat' dir='ltr'>ne</span> <span class='ocrx_word' id='word_1_390' title='bbox 3462 3103 3737 3158; x_wconf 88' lang='lat' dir='ltr'>homines</span> 
     </span>
    </p>
   </div>
   <div class='ocr_carea' id='block_1_60' title="bbox 2072 3195 3733 3268">
    <p class='ocr_par' dir='ltr' id='par_1_60' title="bbox 2072 3195 3733 3268">
     <span class='ocr_line' id='line_1_60' title="bbox 2072 3195 3733 3268; baseline -0.005 -14"><span class='ocrx_word' id='word_1_391' title='bbox 2072 3198 2211 3255; x_wconf 89' lang='lat' dir='ltr'>inde</span> <span class='ocrx_word' id='word_1_392' title='bbox 2242 3197 2485 3253; x_wconf 64' lang='lat' dir='ltr'>offensae</span> <span class='ocrx_word' id='word_1_393' title='bbox 2518 3202 2757 3268; x_wconf 89' lang='lat' dir='ltr'>sumpta</span> <span class='ocrx_word' id='word_1_394' title='bbox 2786 3195 3101 3252; x_wconf 88' lang='lat' dir='ltr'>occasione</span> <span class='ocrx_word' id='word_1_395' title='bbox 3134 3196 3266 3249; x_wconf 90' lang='lat' dir='ltr'>sine</span> <span class='ocrx_word' id='word_1_396' title='bbox 3292 3197 3733 3265; x_wconf 84' lang='lat' dir='ltr'>metupeccent.</span> 
     </span>
    </p>
   </div>
   <div class='ocr_carea' id='block_1_61' title="bbox 224 3279 1962 3361">
    <p class='ocr_par' dir='ltr' id='par_1_61' title="bbox 224 3279 1962 3361">
     <span class='ocr_line' id='line_1_61' title="bbox 224 3279 1962 3361; baseline 0.002 -25"><span class='ocrx_word' id='word_1_397' title='bbox 224 3284 227 3285; x_wconf 54' lang='grc'><strong><em>⁷</em></strong></span> <span class='ocrx_word' id='word_1_398' title='bbox 313 3279 485 3344; x_wconf 74' lang='grc' dir='ltr'>ἀδεῶς</span> <span class='ocrx_word' id='word_1_399' title='bbox 515 3283 912 3355; x_wconf 82' lang='grc' dir='ltr'>ἁμαρτάνωσιν.</span> <span class='ocrx_word' id='word_1_400' title='bbox 952 3285 1098 3361; x_wconf 82' lang='grc' dir='ltr'>Ἐγὼ</span> <span class='ocrx_word' id='word_1_401' title='bbox 1150 3282 1207 3340; x_wconf 74' lang='grc' dir='ltr'>δὲ</span> <span class='ocrx_word' id='word_1_402' title='bbox 1263 3286 1313 3340; x_wconf 70' lang='grc' dir='ltr'>εἴ</span> <span class='ocrx_word' id='word_1_403' title='bbox 1370 3284 1646 3356; x_wconf 80' lang='grc' dir='ltr'>αὐτόπτης</span> <span class='ocrx_word' id='word_1_404' title='bbox 1702 3282 1962 3361; x_wconf 73' lang='grc' dir='ltr'>ἐγενόμην</span> 
     </span>
    </p>
   </div>
   <div class='ocr_carea' id='block_1_62' title="bbox 2079 3279 3736 3361">
    <p class='ocr_par' dir='ltr' id='par_1_62' title="bbox 2079 3280 3736 3360">
     <span class='ocr_line' id='line_1_62' title="bbox 2079 3280 3736 3360; baseline -0.005 -18"><span class='ocrx_word' id='word_1_405' title='bbox 2079 3289 2195 3360; x_wconf 89' lang='lat' dir='ltr'>Ego</span> <span class='ocrx_word' id='word_1_406' title='bbox 2229 3286 2277 3341; x_wconf 91' lang='lat' dir='ltr'>si</span> <span class='ocrx_word' id='word_1_407' title='bbox 2309 3286 2460 3343; x_wconf 89' lang='lat' dir='ltr'>meis</span> <span class='ocrx_word' id='word_1_408' title='bbox 2480 3286 2669 3342; x_wconf 87' lang='lat' dir='ltr'>oculis</span> <span class='ocrx_word' id='word_1_409' title='bbox 2690 3285 2951 3341; x_wconf 84' lang='lat' dir='ltr'>viderem</span> <span class='ocrx_word' id='word_1_410' title='bbox 2982 3285 3056 3339; x_wconf 89' lang='lat' dir='ltr'>ab</span> <span class='ocrx_word' id='word_1_411' title='bbox 3078 3284 3358 3355; x_wconf 88' lang='lat' dir='ltr'>episcopo</span> <span class='ocrx_word' id='word_1_412' title='bbox 3371 3280 3736 3337; x_wconf 87' lang='lat' dir='ltr'>adulterium</span> 
     </span>
    </p>
   </div>
   <div class='ocr_carea' id='block_1_63' title="bbox 306 3368 1960 3449">
    <p class='ocr_par' dir='ltr' id='par_1_63' title="bbox 306 3368 1960 3449">
     <span class='ocr_line' id='line_1_63' title="bbox 306 3368 1960 3449; baseline 0.002 -24"><span class='ocrx_word' id='word_1_413' title='bbox 306 3368 602 3429; x_wconf 83' lang='grc' dir='ltr'>ἐπισκόπου</span> <span class='ocrx_word' id='word_1_414' title='bbox 629 3371 802 3447; x_wconf 83' lang='grc' dir='ltr'>γάμον</span> <span class='ocrx_word' id='word_1_415' title='bbox 832 3372 1126 3449; x_wconf 77' lang='grc' dir='ltr'>ἀλλότριον</span> <span class='ocrx_word' id='word_1_416' title='bbox 1159 3370 1561 3448; x_wconf 74' lang='grc' dir='ltr'>διορύττοντας,</span> <span class='ocrx_word' id='word_1_417' title='bbox 1619 3372 1960 3449; x_wconf 80' lang='grc' dir='ltr'>συνεκάλυψα</span> 
     </span>
    </p>
   </div>
   <div class='ocr_carea' id='block_1_64' title="bbox 305 3458 1959 3541">
    <p class='ocr_par' dir='ltr' id='par_1_64' title="bbox 305 3458 1959 3541">
     <span class='ocr_line' id='line_1_64' title="bbox 305 3458 1959 3541; baseline 0.001 -25"><span class='ocrx_word' id='word_1_418' title='bbox 305 3458 365 3516; x_wconf 76' lang='grc' dir='ltr'>ἂν</span> <span class='ocrx_word' id='word_1_419' title='bbox 392 3464 465 3535; x_wconf 74' lang='grc' dir='ltr'>τῇ</span> <span class='ocrx_word' id='word_1_420' title='bbox 492 3460 789 3541; x_wconf 76' lang='grc' dir='ltr'>πορφυρίδι</span> <span class='ocrx_word' id='word_1_421' title='bbox 842 3484 947 3537; x_wconf 89' lang='grc' dir='ltr'>μου</span> <span class='ocrx_word' id='word_1_422' title='bbox 1003 3462 1174 3537; x_wconf 78' lang='grc' dir='ltr'>ταύτῃ</span> <span class='ocrx_word' id='word_1_423' title='bbox 1232 3464 1296 3518; x_wconf 88' lang='grc' dir='ltr'>τὸ</span> <span class='ocrx_word' id='word_1_424' title='bbox 1342 3465 1678 3539; x_wconf 77' lang='grc' dir='ltr'>παρανόμοις</span> <span class='ocrx_word' id='word_1_425' title='bbox 1732 3465 1959 3539; x_wconf 63' lang='grc' dir='ltr'>γινόμεν-</span> 
     </span>
    </p>
   </div>
   <div class='ocr_carea' id='block_1_65' title="bbox 303 3550 1958 3629">
    <p class='ocr_par' dir='ltr' id='par_1_65' title="bbox 303 3550 1958 3629">
     <span class='ocr_line' id='line_1_65' title="bbox 303 3550 1958 3629; baseline 0.002 -25"><span class='ocrx_word' id='word_1_426' title='bbox 303 3571 414 3620; x_wconf 89' lang='grc' dir='ltr'>νον,</span> <span class='ocrx_word' id='word_1_427' title='bbox 450 3551 525 3613; x_wconf 84' lang='grc' dir='ltr'>ὡς</span> <span class='ocrx_word' id='word_1_428' title='bbox 559 3550 620 3605; x_wconf 74' lang='grc' dir='ltr'>ἃν</span> <span class='ocrx_word' id='word_1_429' title='bbox 681 3553 759 3625; x_wconf 84' lang='grc' dir='ltr'>μή</span> <span class='ocrx_word' id='word_1_430' title='bbox 818 3552 1049 3627; x_wconf 81' lang='grc' dir='ltr'>βλάψειε</span> <span class='ocrx_word' id='word_1_431' title='bbox 1101 3554 1230 3615; x_wconf 80' lang='grc' dir='ltr'>τοὺς</span> <span class='ocrx_word' id='word_1_432' title='bbox 1289 3558 1595 3627; x_wconf 74' lang='grc' dir='ltr'>θεωμὲνους</span> <span class='ocrx_word' id='word_1_433' title='bbox 1649 3560 1760 3610; x_wconf 85' lang='grc' dir='ltr'>τῶν</span> <span class='ocrx_word' id='word_1_434' title='bbox 1817 3552 1958 3629; x_wconf 73' lang='grc' dir='ltr'>δρωσ</span> 
     </span>
    </p>
   </div>
   <div class='ocr_carea' id='block_1_66' title="bbox 308 3635 1956 3719">
    <p class='ocr_par' dir='ltr' id='par_1_66' title="bbox 308 3635 1956 3719">
     <span class='ocr_line' id='line_1_66' title="bbox 308 3635 1956 3719; baseline 0.004 -27"><span class='ocrx_word' id='word_1_435' title='bbox 308 3637 484 3710; x_wconf 78' lang='grc' dir='ltr'>μὲνων</span> <span class='ocrx_word' id='word_1_436' title='bbox 513 3642 552 3709; x_wconf 76' lang='grc' dir='ltr'><strong>ἡ</strong></span> <span class='ocrx_word' id='word_1_437' title='bbox 585 3635 731 3713; x_wconf 77' lang='grc' dir='ltr'>ὄψις.</span> <span class='ocrx_word' id='word_1_438' title='bbox 764 3640 926 3699; x_wconf 72' lang='grc' dir='ltr'>Οὕτω</span> <span class='ocrx_word' id='word_1_439' title='bbox 982 3640 1163 3697; x_wconf 87' lang='grc' dir='ltr'>τοίνυν</span> <span class='ocrx_word' id='word_1_440' title='bbox 1222 3641 1351 3704; x_wconf 74' lang='grc' dir='ltr'>τοὺς</span> <span class='ocrx_word' id='word_1_441' title='bbox 1412 3645 1509 3716; x_wconf 77' lang='grc' dir='ltr'>μὶν</span> <span class='ocrx_word' id='word_1_442' title='bbox 1577 3640 1635 3698; x_wconf 72' lang='grc' dir='ltr'>εὖ</span> <span class='ocrx_word' id='word_1_443' title='bbox 1698 3640 1956 3719; x_wconf 70' lang='grc' dir='ltr'>λέγοντας</span> 
     </span>
    </p>
   </div>
   <div class='ocr_carea' id='block_1_67' title="bbox 306 3726 1960 3806">
    <p class='ocr_par' dir='ltr' id='par_1_67' title="bbox 306 3726 1960 3806">
     <span class='ocr_line' id='line_1_67' title="bbox 306 3726 1960 3806; baseline 0.004 -25"><span class='ocrx_word' id='word_1_444' title='bbox 306 3726 693 3801; x_wconf 79' lang='grc' dir='ltr'>ἀνακηρύττων</span> <span class='ocrx_word' id='word_1_445' title='bbox 724 3772 738 3799; x_wconf 88' lang='grc'>,</span> <span class='ocrx_word' id='word_1_446' title='bbox 793 3730 922 3791; x_wconf 78' lang='grc' dir='ltr'>τοὺς</span> <span class='ocrx_word' id='word_1_447' title='bbox 976 3727 1034 3785; x_wconf 80' lang='grc' dir='ltr'>δὶ</span> <span class='ocrx_word' id='word_1_448' title='bbox 1089 3729 1472 3806; x_wconf 71' lang='grc' dir='ltr'>ἀντιλέγοντας</span> <span class='ocrx_word' id='word_1_449' title='bbox 1530 3731 1960 3806; x_wconf 63' lang='grc' dir='ltr'>παρακλητικιῖκ</span> 
     </span>
    </p>
   </div>
   <div class='ocr_carea' id='block_1_68' title="bbox 309 3814 1959 3895">
    <p class='ocr_par' dir='ltr' id='par_1_68' title="bbox 309 3814 1959 3895">
     <span class='ocr_line' id='line_1_68' title="bbox 309 3814 1959 3895; baseline 0.004 -26"><span class='ocrx_word' id='word_1_450' title='bbox 309 3814 384 3875; x_wconf 77' lang='grc' dir='ltr'>εἰς</span> <span class='ocrx_word' id='word_1_451' title='bbox 444 3816 709 3889; x_wconf 86' lang='grc' dir='ltr'>ὁμόνοιαν</span> <span class='ocrx_word' id='word_1_452' title='bbox 767 3815 1008 3874; x_wconf 77' lang='grc' dir='ltr'>ἐλαύνων</span> <span class='ocrx_word' id='word_1_453' title='bbox 1041 3862 1056 3887; x_wconf 88' lang='grc'>,</span> <span class='ocrx_word' id='word_1_454' title='bbox 1112 3818 1240 3881; x_wconf 74' lang='grc' dir='ltr'>τοὺς</span> <span class='ocrx_word' id='word_1_455' title='bbox 1296 3818 1498 3882; x_wconf 78' lang='grc' dir='ltr'>πάντας</span> <span class='ocrx_word' id='word_1_456' title='bbox 1557 3821 1959 3895; x_wconf 83' lang='grc' dir='ltr'>ὁμογνώμονας</span> 
     </span>
    </p>
   </div>
   <div class='ocr_carea' id='block_1_69' title="bbox 305 3903 1960 3985">
    <p class='ocr_par' dir='ltr' id='par_1_69' title="bbox 305 3903 1960 3985">
     <span class='ocr_line' id='line_1_69' title="bbox 305 3903 1960 3985; baseline 0.004 -26"><span class='ocrx_word' id='word_1_457' title='bbox 305 3904 395 3959; x_wconf 78' lang='grc' dir='ltr'>καὶ</span> <span class='ocrx_word' id='word_1_458' title='bbox 462 3903 765 3979; x_wconf 81' lang='grc' dir='ltr'>ὁμοδόξους</span> <span class='ocrx_word' id='word_1_459' title='bbox 820 3912 937 3970; x_wconf 87' lang='grc' dir='ltr'>τοῖς</span> <span class='ocrx_word' id='word_1_460' title='bbox 990 3904 1535 3985; x_wconf 65' lang='grc' dir='ltr'>ἀμφισϐητουμένοις</span> <span class='ocrx_word' id='word_1_461' title='bbox 1617 3908 1782 3964; x_wconf 76' lang='grc' dir='ltr'>ἃπασι</span> <span class='ocrx_word' id='word_1_462' title='bbox 1830 3931 1960 3966; x_wconf 82' lang='grc' dir='ltr'>κατ-</span> 
     </span>
    </p>
   </div>
   <div class='ocr_carea' id='block_1_70' title="bbox 306 3995 1960 4073">
    <p class='ocr_par' dir='ltr' id='par_1_70' title="bbox 306 3995 1960 4073">
     <span class='ocr_line' id='line_1_70' title="bbox 306 3995 1960 4073; baseline 0.004 -24"><span class='ocrx_word' id='word_1_463' title='bbox 306 4015 519 4067; x_wconf 80' lang='grc' dir='ltr'>εστησε.</span> <span class='ocrx_word' id='word_1_464' title='bbox 581 3996 684 4053; x_wconf 76' lang='grc' dir='ltr'>Καὶ</span> <span class='ocrx_word' id='word_1_465' title='bbox 744 3995 888 4052; x_wconf 75' lang='grc' dir='ltr'>οὕτω</span> <span class='ocrx_word' id='word_1_466' title='bbox 937 3998 1263 4073; x_wconf 68' lang='grc' dir='ltr'>παραινέσας</span> <span class='ocrx_word' id='word_1_467' title='bbox 1312 3999 1534 4068; x_wconf 83' lang='grc' dir='ltr'>πάντας,</span> <span class='ocrx_word' id='word_1_468' title='bbox 1591 3999 1679 4053; x_wconf 80' lang='grc' dir='ltr'>καὶ</span> <span class='ocrx_word' id='word_1_469' title='bbox 1738 3999 1960 4066; x_wconf 71' lang='grc' dir='ltr'>πολλῆς</span> 
     </span>
    </p>
   </div>
   <div class='ocr_carea' id='block_1_71' title="bbox 303 4081 1962 4163">
    <p class='ocr_par' dir='ltr' id='par_1_71' title="bbox 303 4081 1962 4163">
     <span class='ocr_line' id='line_1_71' title="bbox 303 4081 1962 4163; baseline 0.002 -24"><span class='ocrx_word' id='word_1_470' title='bbox 303 4091 475 4157; x_wconf 81' lang='grc' dir='ltr'>τιμῆς</span> <span class='ocrx_word' id='word_1_471' title='bbox 514 4104 574 4140; x_wconf 85' lang='grc' dir='ltr'>τε</span> <span class='ocrx_word' id='word_1_472' title='bbox 602 4084 691 4140; x_wconf 72' lang='grc' dir='ltr'>καὶ</span> <span class='ocrx_word' id='word_1_473' title='bbox 753 4081 961 4159; x_wconf 84' lang='grc' dir='ltr'>δωρεᾶς</span> <span class='ocrx_word' id='word_1_474' title='bbox 1013 4086 1267 4159; x_wconf 78' lang='grc' dir='ltr'>ἀξιώσας,</span> <span class='ocrx_word' id='word_1_475' title='bbox 1315 4084 1539 4143; x_wconf 60' lang='grc' dir='ltr'>ἵκαστον</span> <span class='ocrx_word' id='word_1_476' title='bbox 1599 4088 1962 4163; x_wconf 73' lang='grc' dir='ltr'>παρηγγύησε</span> 
     </span>
    </p>
   </div>
   <div class='ocr_carea' id='block_1_72' title="bbox 303 4168 1962 4250">
    <p class='ocr_par' dir='ltr' id='par_1_72' title="bbox 303 4168 1962 4250">
     <span class='ocr_line' id='line_1_72' title="bbox 303 4168 1962 4250; baseline 0.002 -22"><span class='ocrx_word' id='word_1_477' title='bbox 303 4168 630 4229; x_wconf 79' lang='grc' dir='ltr'>καταλαϐεῖν</span> <span class='ocrx_word' id='word_1_478' title='bbox 687 4175 789 4243; x_wconf 83' lang='grc' dir='ltr'>τήν</span> <span class='ocrx_word' id='word_1_479' title='bbox 860 4173 1003 4230; x_wconf 78' lang='grc' dir='ltr'>ἰδίαν</span> <span class='ocrx_word' id='word_1_480' title='bbox 1043 4176 1273 4250; x_wconf 86' lang='grc' dir='ltr'>ποίμην.</span> <span class='ocrx_word' id='word_1_481' title='bbox 1331 4177 1608 4236; x_wconf 73' lang='grc' dir='ltr'>Ἐτύπωσε</span> <span class='ocrx_word' id='word_1_482' title='bbox 1653 4175 1713 4232; x_wconf 69' lang='grc' dir='ltr'>δὲ</span> <span class='ocrx_word' id='word_1_483' title='bbox 1766 4178 1856 4233; x_wconf 81' lang='grc' dir='ltr'>καὶ</span> <span class='ocrx_word' id='word_1_484' title='bbox 1900 4178 1962 4232; x_wconf 84' lang='grc' dir='ltr'>τὸ</span> 
     </span>
    </p>
   </div>
   <div class='ocr_carea' id='block_1_73' title="bbox 306 4264 1958 4342">
    <p class='ocr_par' dir='ltr' id='par_1_73' title="bbox 306 4264 1958 4342">
     <span class='ocr_line' id='line_1_73' title="bbox 306 4264 1958 4342; baseline 0.003 -24"><span class='ocrx_word' id='word_1_485' title='bbox 306 4264 460 4339; x_wconf 74' lang='grc' dir='ltr'>ἅγιον</span> <span class='ocrx_word' id='word_1_486' title='bbox 506 4264 698 4339; x_wconf 77' lang='grc' dir='ltr'>Πάσχα</span> <span class='ocrx_word' id='word_1_487' title='bbox 757 4264 1029 4340; x_wconf 66' lang='grc' dir='ltr'>ἑορτάζειν</span> <span class='ocrx_word' id='word_1_488' title='bbox 1062 4268 1209 4339; x_wconf 78' lang='grc' dir='ltr'>ἡμᾶς</span> <span class='ocrx_word' id='word_1_489' title='bbox 1241 4266 1381 4322; x_wconf 82' lang='grc' dir='ltr'>κατὰ</span> <span class='ocrx_word' id='word_1_490' title='bbox 1435 4268 1534 4338; x_wconf 79' lang='grc' dir='ltr'>τὴν</span> <span class='ocrx_word' id='word_1_491' title='bbox 1589 4272 1678 4322; x_wconf 77' lang='grc' dir='ltr'>νῦν</span> <span class='ocrx_word' id='word_1_492' title='bbox 1727 4272 1958 4342; x_wconf 79' lang='grc' dir='ltr'>κρατοῦ-</span> 
     </span>
    </p>
   </div>
   <div class='ocr_carea' id='block_1_74' title="bbox 304 4354 1961 4434">
    <p class='ocr_par' dir='ltr' id='par_1_74' title="bbox 304 4354 1961 4434">
     <span class='ocr_line' id='line_1_74' title="bbox 304 4354 1961 4434; baseline 0.003 -27"><span class='ocrx_word' id='word_1_493' title='bbox 304 4374 400 4409; x_wconf 90' lang='grc' dir='ltr'>σαν</span> <span class='ocrx_word' id='word_1_494' title='bbox 430 4356 740 4424; x_wconf 80' lang='grc' dir='ltr'>συνήθειαν·</span> <span class='ocrx_word' id='word_1_495' title='bbox 790 4354 936 4417; x_wconf 78' lang='grc' dir='ltr'>τινὶς</span> <span class='ocrx_word' id='word_1_496' title='bbox 993 4356 1096 4433; x_wconf 83' lang='grc' dir='ltr'>γὰρ</span> <span class='ocrx_word' id='word_1_497' title='bbox 1153 4360 1264 4411; x_wconf 81' lang='grc' dir='ltr'>τῶν</span> <span class='ocrx_word' id='word_1_498' title='bbox 1303 4355 1500 4434; x_wconf 85' lang='grc' dir='ltr'>πρώην</span> <span class='ocrx_word' id='word_1_499' title='bbox 1552 4358 1688 4414; x_wconf 83' lang='grc' dir='ltr'>κατὰ</span> <span class='ocrx_word' id='word_1_500' title='bbox 1738 4358 1837 4427; x_wconf 72' lang='grc' dir='ltr'>τήν</span> <span class='ocrx_word' id='word_1_501' title='bbox 1892 4355 1961 4412; x_wconf 82' lang='grc' dir='ltr'>ιδ’</span> 
     </span>
    </p>
   </div>
   <div class='ocr_carea' id='block_1_75' title="bbox 306 4440 1030 4519">
    <p class='ocr_par' dir='ltr' id='par_1_75' title="bbox 306 4440 1030 4519">
     <span class='ocr_line' id='line_1_75' title="bbox 306 4440 1030 4519; baseline 0.004 -21"><span class='ocrx_word' id='word_1_502' title='bbox 306 4449 406 4512; x_wconf 84' lang='grc' dir='ltr'>τῆς</span> <span class='ocrx_word' id='word_1_503' title='bbox 444 4440 686 4514; x_wconf 80' lang='grc' dir='ltr'>σελήνης</span> <span class='ocrx_word' id='word_1_504' title='bbox 736 4443 1030 4519; x_wconf 70' lang='grc' dir='ltr'>ἑώρταζον.</span> 
     </span>
    </p>
   </div>
   <div class='ocr_carea' id='block_1_76' title="bbox 378 4529 1964 4612">
    <p class='ocr_par' dir='ltr' id='par_1_76' title="bbox 378 4529 1964 4612">
     <span class='ocr_line' id='line_1_76' title="bbox 378 4529 1964 4612; baseline 0.002 -23"><span class='ocrx_word' id='word_1_505' title='bbox 378 4531 533 4589; x_wconf 80' lang='grc' dir='ltr'>Μετὰ</span> <span class='ocrx_word' id='word_1_506' title='bbox 590 4529 649 4587; x_wconf 77' lang='grc' dir='ltr'><strong>δέ</strong></span> <span class='ocrx_word' id='word_1_507' title='bbox 700 4554 822 4589; x_wconf 88' lang='grc' dir='ltr'>τινα</span> <span class='ocrx_word' id='word_1_508' title='bbox 877 4532 1075 4609; x_wconf 85' lang='grc' dir='ltr'>χρόνον</span> <span class='ocrx_word' id='word_1_509' title='bbox 1134 4534 1242 4589; x_wconf 78' lang='grc' dir='ltr'>ὑπὸ</span> <span class='ocrx_word' id='word_1_510' title='bbox 1307 4541 1407 4605; x_wconf 74' lang='grc' dir='ltr'>τῆς</span> <span class='ocrx_word' id='word_1_511' title='bbox 1466 4538 1730 4612; x_wconf 83' lang='grc' dir='ltr'>θυγατρὸς</span> <span class='ocrx_word' id='word_1_512' title='bbox 1796 4538 1964 4592; x_wconf 75' lang='grc' dir='ltr'>αὐτοῦ</span> 
     </span>
    </p>
   </div>
   <div class='ocr_carea' id='block_1_77' title="bbox 2070 3370 3738 3447">
    <p class='ocr_par' dir='ltr' id='par_1_77' title="bbox 2070 3370 3738 3447">
     <span class='ocr_line' id='line_1_77' title="bbox 2070 3370 3738 3447; baseline -0.006 -15"><span class='ocrx_word' id='word_1_513' title='bbox 2070 3376 2387 3443; x_wconf 88' lang='lat' dir='ltr'>committi,</span> <span class='ocrx_word' id='word_1_514' title='bbox 2421 3376 2511 3430; x_wconf 91' lang='lat' dir='ltr'>vel</span> <span class='ocrx_word' id='word_1_515' title='bbox 2535 3392 2801 3447; x_wconf 88' lang='lat' dir='ltr'>purpura</span> <span class='ocrx_word' id='word_1_516' title='bbox 2828 3391 2964 3431; x_wconf 90' lang='lat' dir='ltr'>mea</span> <span class='ocrx_word' id='word_1_517' title='bbox 2991 3373 3206 3429; x_wconf 82' lang='lat' dir='ltr'>vellem</span> <span class='ocrx_word' id='word_1_518' title='bbox 3236 3371 3527 3443; x_wconf 71' lang='lat' dir='ltr'>flagitium</span> <span class='ocrx_word' id='word_1_519' title='bbox 3570 3370 3738 3424; x_wconf 87' lang='lat' dir='ltr'>obte-</span> 
     </span>
    </p>
   </div>
   <div class='ocr_carea' id='block_1_78' title="bbox 2070 3458 3744 3539">
    <p class='ocr_par' dir='ltr' id='par_1_78' title="bbox 2070 3458 3744 3539">
     <span class='ocr_line' id='line_1_78' title="bbox 2070 3458 3744 3539; baseline -0.005 -17"><span class='ocrx_word' id='word_1_520' title='bbox 2070 3483 2310 3539; x_wconf 83' lang='lat' dir='ltr'>gere,ne</span> <span class='ocrx_word' id='word_1_521' title='bbox 2343 3466 2473 3537; x_wconf 89' lang='lat' dir='ltr'>ejus</span> <span class='ocrx_word' id='word_1_522' title='bbox 2503 3471 2859 3537; x_wconf 89' lang='lat' dir='ltr'>conspectus</span> <span class='ocrx_word' id='word_1_523' title='bbox 2889 3464 3042 3521; x_wconf 86' lang='lat' dir='ltr'>alios</span> <span class='ocrx_word' id='word_1_524' title='bbox 3060 3463 3326 3518; x_wconf 61' lang='lat' dir='ltr'>laederet.</span> <span class='ocrx_word' id='word_1_525' title='bbox 3364 3464 3450 3517; x_wconf 90' lang='lat' dir='ltr'>Ita</span> <span class='ocrx_word' id='word_1_526' title='bbox 3479 3467 3605 3515; x_wconf 89' lang='lat' dir='ltr'>tum</span> <span class='ocrx_word' id='word_1_527' title='bbox 3637 3458 3744 3514; x_wconf 84' lang='lat' dir='ltr'>im-</span> 
     </span>
    </p>
   </div>
   <div class='ocr_carea' id='block_1_79' title="bbox 2070 3548 3741 3628">
    <p class='ocr_par' dir='ltr' id='par_1_79' title="bbox 2070 3548 3741 3628">
     <span class='ocr_line' id='line_1_79' title="bbox 2070 3548 3741 3628; baseline -0.005 -17"><span class='ocrx_word' id='word_1_528' title='bbox 2070 3561 2312 3628; x_wconf 90' lang='lat' dir='ltr'>perator</span> <span class='ocrx_word' id='word_1_529' title='bbox 2331 3572 2432 3610; x_wconf 88' lang='lat' dir='ltr'>eos</span> <span class='ocrx_word' id='word_1_530' title='bbox 2461 3556 2563 3626; x_wconf 85' lang='lat' dir='ltr'>qui</span> <span class='ocrx_word' id='word_1_531' title='bbox 2592 3560 2754 3612; x_wconf 89' lang='lat' dir='ltr'>recte</span> <span class='ocrx_word' id='word_1_532' title='bbox 2784 3553 3352 3611; x_wconf 88' lang='lat' dir='ltr'>sentirentvictores</span> <span class='ocrx_word' id='word_1_533' title='bbox 3383 3548 3741 3622; x_wconf 71' lang='lat' dir='ltr'>praedicans,</span> 
     </span>
    </p>
   </div>
   <div class='ocr_carea' id='block_1_80' title="bbox 2072 3639 3738 3718">
    <p class='ocr_par' dir='ltr' id='par_1_80' title="bbox 2072 3639 3738 3718">
     <span class='ocr_line' id='line_1_80' title="bbox 2072 3639 3738 3718; baseline -0.005 -17"><span class='ocrx_word' id='word_1_534' title='bbox 2072 3646 2304 3703; x_wconf 89' lang='lat' dir='ltr'>veritati</span> <span class='ocrx_word' id='word_1_535' title='bbox 2350 3652 2752 3718; x_wconf 82' lang='lat' dir='ltr'>repugnantes</span> <span class='ocrx_word' id='word_1_536' title='bbox 2810 3645 3044 3717; x_wconf 87' lang='lat' dir='ltr'>placide</span> <span class='ocrx_word' id='word_1_537' title='bbox 3112 3644 3187 3701; x_wconf 92' lang='lat' dir='ltr'>ad</span> <span class='ocrx_word' id='word_1_538' title='bbox 3236 3639 3738 3699; x_wconf 86' lang='lat' dir='ltr'>consentiendum</span> 
     </span>
    </p>
   </div>
   <div class='ocr_carea' id='block_1_81' title="bbox 2072 3735 3740 3793">
    <p class='ocr_par' dir='ltr' id='par_1_81' title="bbox 2072 3735 3740 3793">
     <span class='ocr_line' id='line_1_81' title="bbox 2072 3735 3740 3793; baseline -0.004 -2"><span class='ocrx_word' id='word_1_539' title='bbox 2072 3735 2396 3792; x_wconf 88' lang='lat' dir='ltr'>adhortans</span> <span class='ocrx_word' id='word_1_540' title='bbox 2426 3736 2626 3793; x_wconf 84' lang='lat' dir='ltr'>eﬂ&#39;ecit</span> <span class='ocrx_word' id='word_1_541' title='bbox 2653 3736 2741 3791; x_wconf 90' lang='lat' dir='ltr'>uti</span> <span class='ocrx_word' id='word_1_542' title='bbox 2772 3736 3036 3790; x_wconf 87' lang='lat' dir='ltr'>universi</span> <span class='ocrx_word' id='word_1_543' title='bbox 3070 3735 3142 3790; x_wconf 88' lang='lat' dir='ltr'>de</span> <span class='ocrx_word' id='word_1_544' title='bbox 3173 3735 3355 3789; x_wconf 87' lang='lat' dir='ltr'>rebus</span> <span class='ocrx_word' id='word_1_545' title='bbox 3403 3736 3740 3788; x_wconf 87' lang='lat' dir='ltr'>controver-</span> 
     </span>
    </p>
   </div>
   <div class='ocr_carea' id='block_1_82' title="bbox 2074 3823 3736 3896">
    <p class='ocr_par' dir='ltr' id='par_1_82' title="bbox 2074 3823 3736 3896">
     <span class='ocr_line' id='line_1_82' title="bbox 2074 3823 3736 3896; baseline -0.004 -16"><span class='ocrx_word' id='word_1_546' title='bbox 2074 3825 2157 3880; x_wconf 91' lang='lat' dir='ltr'>sis</span> <span class='ocrx_word' id='word_1_547' title='bbox 2181 3825 2340 3880; x_wconf 88' lang='lat' dir='ltr'>idem</span> <span class='ocrx_word' id='word_1_548' title='bbox 2373 3826 2686 3881; x_wconf 88' lang='lat' dir='ltr'>sentirent.</span> <span class='ocrx_word' id='word_1_549' title='bbox 2718 3826 2908 3896; x_wconf 80' lang='lat' dir='ltr'>Atque</span> <span class='ocrx_word' id='word_1_550' title='bbox 2966 3825 3050 3880; x_wconf 88' lang='lat' dir='ltr'>ita</span> <span class='ocrx_word' id='word_1_551' title='bbox 3103 3823 3472 3880; x_wconf 72' lang='lat' dir='ltr'>collaudato:</span> <span class='ocrx_word' id='word_1_552' title='bbox 3525 3835 3736 3876; x_wconf 89' lang='lat' dir='ltr'>omnes</span> 
     </span>
    </p>
   </div>
   <div class='ocr_carea' id='block_1_83' title="bbox 2073 3910 3740 3985">
    <p class='ocr_par' dir='ltr' id='par_1_83' title="bbox 2073 3910 3740 3985">
     <span class='ocr_line' id='line_1_83' title="bbox 2073 3910 3740 3985; baseline -0.004 -16"><span class='ocrx_word' id='word_1_553' title='bbox 2073 3914 2402 3969; x_wconf 74' lang='lat' dir='ltr'>honoribus</span> <span class='ocrx_word' id='word_1_554' title='bbox 2433 3916 2584 3971; x_wconf 63' lang='grc' dir='ltr'>σοι</span> <span class='ocrx_word' id='word_1_555' title='bbox 2630 3931 2698 3970; x_wconf 89' lang='lat' dir='ltr'>ac</span> <span class='ocrx_word' id='word_1_556' title='bbox 2727 3913 2901 3969; x_wconf 85' lang='lat' dir='ltr'>donis</span> <span class='ocrx_word' id='word_1_557' title='bbox 2932 3919 3285 3985; x_wconf 88' lang='lat' dir='ltr'>prosecutus</span> <span class='ocrx_word' id='word_1_558' title='bbox 3306 3913 3383 3967; x_wconf 87' lang='lat' dir='ltr'>ad</span> <span class='ocrx_word' id='word_1_559' title='bbox 3415 3927 3589 3966; x_wconf 90' lang='lat' dir='ltr'>suum</span> <span class='ocrx_word' id='word_1_560' title='bbox 3614 3910 3740 3964; x_wconf 90' lang='lat' dir='ltr'>sin-</span> 
     </span>
    </p>
   </div>
   <div class='ocr_carea' id='block_1_84' title="bbox 2075 4000 3741 4074">
    <p class='ocr_par' dir='ltr' id='par_1_84' title="bbox 2075 4000 3741 4074">
     <span class='ocr_line' id='line_1_84' title="bbox 2075 4000 3741 4074; baseline -0.003 -18"><span class='ocrx_word' id='word_1_561' title='bbox 2075 4002 2244 4074; x_wconf 87' lang='lat' dir='ltr'>gulos</span> <span class='ocrx_word' id='word_1_562' title='bbox 2274 4018 2511 4074; x_wconf 74' lang='lat' dir='ltr'>gregem</span> <span class='ocrx_word' id='word_1_563' title='bbox 2536 4002 2731 4057; x_wconf 89' lang='lat' dir='ltr'>redire</span> <span class='ocrx_word' id='word_1_564' title='bbox 2767 4002 2967 4073; x_wconf 82' lang='lat' dir='ltr'>jussit.</span> <span class='ocrx_word' id='word_1_565' title='bbox 3001 4001 3325 4056; x_wconf 86' lang='lat' dir='ltr'>Constituit</span> <span class='ocrx_word' id='word_1_566' title='bbox 3350 4000 3531 4056; x_wconf 86' lang='lat' dir='ltr'>etiam</span> <span class='ocrx_word' id='word_1_567' title='bbox 3561 4003 3626 4053; x_wconf 91' lang='lat' dir='ltr'>ut</span> <span class='ocrx_word' id='word_1_568' title='bbox 3653 4014 3741 4052; x_wconf 87' lang='lat' dir='ltr'>sa-</span> 
     </span>
    </p>
   </div>
   <div class='ocr_carea' id='block_1_85' title="bbox 2078 4085 3739 4161">
    <p class='ocr_par' dir='ltr' id='par_1_85' title="bbox 2078 4085 3739 4161">
     <span class='ocr_line' id='line_1_85' title="bbox 2078 4085 3739 4161; baseline -0.003 -16"><span class='ocrx_word' id='word_1_569' title='bbox 2078 4107 2246 4145; x_wconf 88' lang='lat' dir='ltr'>crum</span> <span class='ocrx_word' id='word_1_570' title='bbox 2279 4092 2505 4146; x_wconf 91' lang='lat' dir='ltr'>Pascha</span> <span class='ocrx_word' id='word_1_571' title='bbox 2536 4107 2628 4153; x_wconf 90' lang='lat' dir='ltr'>eo,</span> <span class='ocrx_word' id='word_1_572' title='bbox 2662 4107 2780 4160; x_wconf 90' lang='lat' dir='ltr'>quo</span> <span class='ocrx_word' id='word_1_573' title='bbox 2827 4106 2988 4145; x_wconf 90' lang='lat' dir='ltr'>nunc</span> <span class='ocrx_word' id='word_1_574' title='bbox 3040 4096 3352 4161; x_wconf 88' lang='lat' dir='ltr'>receptum</span> <span class='ocrx_word' id='word_1_575' title='bbox 3401 4092 3510 4157; x_wconf 87' lang='lat' dir='ltr'>est,</span> <span class='ocrx_word' id='word_1_576' title='bbox 3560 4085 3739 4143; x_wconf 91' lang='lat' dir='ltr'>modo</span> 
     </span>
    </p>
   </div>
   <div class='ocr_carea' id='block_1_86' title="bbox 2075 4175 3743 4251">
    <p class='ocr_par' dir='ltr' id='par_1_86' title="bbox 2075 4175 3743 4251">
     <span class='ocr_line' id='line_1_86' title="bbox 2075 4175 3743 4251; baseline -0.003 -16"><span class='ocrx_word' id='word_1_577' title='bbox 2075 4180 2485 4236; x_wconf 87' lang='lat' dir='ltr'>celebraretur</span> <span class='ocrx_word' id='word_1_578' title='bbox 2517 4196 2530 4234; x_wconf 90' lang='lat'><strong>:</strong></span> <span class='ocrx_word' id='word_1_579' title='bbox 2565 4184 2702 4236; x_wconf 90' lang='lat' dir='ltr'>ante</span> <span class='ocrx_word' id='word_1_580' title='bbox 2735 4179 2897 4235; x_wconf 88' lang='lat' dir='ltr'>enim</span> <span class='ocrx_word' id='word_1_581' title='bbox 2923 4179 3169 4251; x_wconf 85' lang='lat' dir='ltr'>quidam</span> <span class='ocrx_word' id='word_1_582' title='bbox 3204 4181 3272 4232; x_wconf 77' lang='grc'><strong>14</strong></span> <span class='ocrx_word' id='word_1_583' title='bbox 3310 4177 3457 4233; x_wconf 88' lang='lat' dir='ltr'>luna</span> <span class='ocrx_word' id='word_1_584' title='bbox 3512 4175 3573 4230; x_wconf 88' lang='lat' dir='ltr'>id</span> <span class='ocrx_word' id='word_1_585' title='bbox 3603 4191 3743 4248; x_wconf 73' lang='lat' dir='ltr'>ago-</span> 
     </span>
    </p>
   </div>
   <div class='ocr_carea' id='block_1_87' title="bbox 2076 4271 2240 4326">
    <p class='ocr_par' dir='ltr' id='par_1_87' title="bbox 2076 4271 2240 4326">
     <span class='ocr_line' id='line_1_87' title="bbox 2076 4271 2240 4326; baseline -0.006 -1"><span class='ocrx_word' id='word_1_586' title='bbox 2076 4271 2240 4326; x_wconf 86' lang='lat' dir='ltr'>bant.</span> 
     </span>
    </p>
   </div>
   <div class='ocr_carea' id='block_1_88' title="bbox 2153 4537 3740 4613">
    <p class='ocr_par' dir='ltr' id='par_1_88' title="bbox 2153 4537 3740 4613">
     <span class='ocr_line' id='line_1_88' title="bbox 2153 4537 3740 4613; baseline -0.002 -17"><span class='ocrx_word' id='word_1_587' title='bbox 2153 4542 2471 4613; x_wconf 81' lang='lat' dir='ltr'>Aliquanto</span> <span class='ocrx_word' id='word_1_588' title='bbox 2502 4544 2639 4611; x_wconf 87' lang='lat' dir='ltr'>post</span> <span class='ocrx_word' id='word_1_589' title='bbox 2671 4543 2962 4609; x_wconf 88' lang='lat' dir='ltr'>tempore,</span> <span class='ocrx_word' id='word_1_590' title='bbox 2996 4553 3178 4593; x_wconf 87' lang='lat' dir='ltr'>suasu</span> <span class='ocrx_word' id='word_1_591' title='bbox 3205 4537 3568 4594; x_wconf 71' lang='lat' dir='ltr'>Constantius</span> <span class='ocrx_word' id='word_1_592' title='bbox 3601 4537 3740 4593; x_wconf 71' lang='lat' dir='ltr'>tiliae</span> 
     </span>
    </p>
   </div>
   <div class='ocr_carea' id='block_1_89' title="bbox 310 4620 1962 4714">
    <p class='ocr_par' dir='ltr' id='par_1_89' title="bbox 310 4620 1962 4714">
     <span class='ocr_line' id='line_1_89' title="bbox 310 4620 1962 4714; baseline 0.004 -37"><span class='ocrx_word' id='word_1_593' title='bbox 310 4621 692 4714; x_wconf 76' lang='grc' dir='ltr'>Κωνσταντίασ</span> <span class='ocrx_word' id='word_1_594' title='bbox 736 4620 1120 4714; x_wconf 71' lang='grc' dir='ltr'>παρακληθεὶς</span> <span class='ocrx_word' id='word_1_595' title='bbox 1204 4624 1370 4692; x_wconf 68' lang='grc' dir='ltr'>ἀνῆκε</span> <span class='ocrx_word' id='word_1_596' title='bbox 1432 4625 1524 4680; x_wconf 87' lang='grc' dir='ltr'>τὸν</span> <span class='ocrx_word' id='word_1_597' title='bbox 1584 4627 1798 4701; x_wconf 76' lang='grc' dir='ltr'>’Λρειον</span> <span class='ocrx_word' id='word_1_598' title='bbox 1853 4627 1962 4683; x_wconf 81' lang='grc' dir='ltr'>ἀπὸ</span> 
     </span>
    </p>
   </div>
   <div class='ocr_carea' id='block_1_90' title="bbox 2079 4620 3738 4714">
    <p class='ocr_par' dir='ltr' id='par_1_90' title="bbox 2080 4628 3738 4701">
     <span class='ocr_line' id='line_1_90' title="bbox 2080 4628 3738 4701; baseline -0.004 -12"><span class='ocrx_word' id='word_1_599' title='bbox 2080 4651 2223 4701; x_wconf 74' lang='lat' dir='ltr'>sum,</span> <span class='ocrx_word' id='word_1_600' title='bbox 2254 4633 2459 4687; x_wconf 82' lang='lat' dir='ltr'>Arium</span> <span class='ocrx_word' id='word_1_601' title='bbox 2481 4630 2553 4686; x_wconf 89' lang='lat' dir='ltr'>ab</span> <span class='ocrx_word' id='word_1_602' title='bbox 2586 4629 2798 4685; x_wconf 81' lang='lat' dir='ltr'>exsilio</span> <span class='ocrx_word' id='word_1_603' title='bbox 2852 4629 3097 4684; x_wconf 89' lang='lat' dir='ltr'>domum</span> <span class='ocrx_word' id='word_1_604' title='bbox 3155 4628 3351 4683; x_wconf 86' lang='lat' dir='ltr'>redire</span> <span class='ocrx_word' id='word_1_605' title='bbox 3385 4644 3596 4699; x_wconf 89' lang='lat' dir='ltr'>passus</span> <span class='ocrx_word' id='word_1_606' title='bbox 3628 4633 3738 4695; x_wconf 85' lang='lat' dir='ltr'>est,</span> 
     </span>
    </p>
   </div>
   <div class='ocr_carea' id='block_1_91' title="bbox 305 4710 1964 4793">
    <p class='ocr_par' dir='ltr' id='par_1_91' title="bbox 305 4710 1964 4793">
     <span class='ocr_line' id='line_1_91' title="bbox 305 4710 1964 4793; baseline 0.004 -28"><span class='ocrx_word' id='word_1_607' title='bbox 305 4719 404 4781; x_wconf 76' lang='grc' dir='ltr'>τῆς</span> <span class='ocrx_word' id='word_1_608' title='bbox 443 4710 656 4786; x_wconf 71' lang='grc' dir='ltr'>ἐξορίας</span> <span class='ocrx_word' id='word_1_609' title='bbox 716 4712 793 4774; x_wconf 80' lang='grc' dir='ltr'>ὡς</span> <span class='ocrx_word' id='word_1_610' title='bbox 840 4710 999 4782; x_wconf 80' lang='grc' dir='ltr'>δῆθεν</span> <span class='ocrx_word' id='word_1_611' title='bbox 1054 4715 1475 4787; x_wconf 75' lang='grc' dir='ltr'>μετανοήσαντα.</span> <span class='ocrx_word' id='word_1_612' title='bbox 1534 4714 1614 4773; x_wconf 76' lang='grc' dir='ltr'>Οὗ</span> <span class='ocrx_word' id='word_1_613' title='bbox 1666 4736 1964 4793; x_wconf 83' lang='grc' dir='ltr'>παραγενο-</span> 
     </span>
    </p>
   </div>
   <div class='ocr_carea' id='block_1_92' title="bbox 311 4799 1970 4885">
    <p class='ocr_par' dir='ltr' id='par_1_92' title="bbox 311 4799 1970 4885">
     <span class='ocr_line' id='line_1_92' title="bbox 311 4799 1970 4885; baseline 0.005 -29"><span class='ocrx_word' id='word_1_614' title='bbox 311 4799 498 4875; x_wconf 84' lang='grc' dir='ltr'>μένου,</span> <span class='ocrx_word' id='word_1_615' title='bbox 530 4803 622 4857; x_wconf 70' lang='lat' dir='ltr'>aui</span> <span class='ocrx_word' id='word_1_616' title='bbox 653 4801 1021 4876; x_wconf 68' lang='grc' dir='ltr'>ἐρωτηθέντος</span> <span class='ocrx_word' id='word_1_617' title='bbox 1057 4804 1162 4860; x_wconf 80' lang='grc' dir='ltr'>ὑπὸ</span> <span class='ocrx_word' id='word_1_618' title='bbox 1184 4809 1283 4859; x_wconf 83' lang='grc' dir='ltr'>τοῦ</span> <span class='ocrx_word' id='word_1_619' title='bbox 1325 4803 1598 4880; x_wconf 71' lang='grc' dir='ltr'>βασιλέως</span> <span class='ocrx_word' id='word_1_620' title='bbox 1648 4806 1694 4863; x_wconf 79' lang='grc' dir='ltr'>εί</span> <span class='ocrx_word' id='word_1_621' title='bbox 1752 4814 1970 4885; x_wconf 85' lang='grc' dir='ltr'>στοιχεῖ</span> 
     </span>
    </p>
   </div>
   <div class='ocr_carea' id='block_1_93' title="bbox 305 4892 1963 4968">
    <p class='ocr_par' dir='ltr' id='par_1_93' title="bbox 305 4892 1963 4968">
     <span class='ocr_line' id='line_1_93' title="bbox 305 4892 1963 4968; baseline 0.004 -21"><span class='ocrx_word' id='word_1_622' title='bbox 305 4897 424 4956; x_wconf 88' lang='grc' dir='ltr'>τοῖς</span> <span class='ocrx_word' id='word_1_623' title='bbox 450 4893 604 4965; x_wconf 76' lang='grc' dir='ltr'>ὅροις</span> <span class='ocrx_word' id='word_1_624' title='bbox 656 4892 749 4948; x_wconf 79' lang='grc' dir='ltr'>καὶ</span> <span class='ocrx_word' id='word_1_625' title='bbox 796 4897 866 4966; x_wconf 78' lang='grc' dir='ltr'>τῇ</span> <span class='ocrx_word' id='word_1_626' title='bbox 925 4893 1129 4949; x_wconf 63' lang='lat' dir='ltr'>Indiam</span> <span class='ocrx_word' id='word_1_627' title='bbox 1183 4901 1286 4965; x_wconf 74' lang='grc' dir='ltr'>τῆς</span> <span class='ocrx_word' id='word_1_628' title='bbox 1343 4894 1398 4950; x_wconf 71' lang='grc' dir='ltr'>ἐν</span> <span class='ocrx_word' id='word_1_629' title='bbox 1457 4897 1654 4968; x_wconf 79' lang='grc' dir='ltr'>Νικαίᾳ</span> <span class='ocrx_word' id='word_1_630' title='bbox 1711 4896 1963 4968; x_wconf 87' lang='grc' dir='ltr'>συνόδου,</span> 
     </span>
    </p>
   </div>
   <div class='ocr_carea' id='block_1_94' title="bbox 307 4981 1965 5060">
    <p class='ocr_par' dir='ltr' id='par_1_94' title="bbox 307 4981 1965 5060">
     <span class='ocr_line' id='line_1_94' title="bbox 307 4981 1965 5060; baseline 0.004 -24"><span class='ocrx_word' id='word_1_631' title='bbox 307 4982 547 5054; x_wconf 77' lang='grc' dir='ltr'>παρευθὺ</span> <span class='ocrx_word' id='word_1_632' title='bbox 575 4982 831 5046; x_wconf 70' lang='grc' dir='ltr'>κατέθετο</span> <span class='ocrx_word' id='word_1_633' title='bbox 872 4981 1143 5037; x_wconf 73' lang='grc' dir='ltr'>πιστεύειν</span> <span class='ocrx_word' id='word_1_634' title='bbox 1202 4983 1396 5045; x_wconf 67' lang='grc' dir='ltr'>οὕτως.</span> <span class='ocrx_word' id='word_1_635' title='bbox 1454 4985 1513 5038; x_wconf 77' lang='grc' dir='ltr'><strong>Ὀ</strong></span> <span class='ocrx_word' id='word_1_636' title='bbox 1572 4982 1629 5040; x_wconf 70' lang='grc' dir='ltr'>δὲ</span> <span class='ocrx_word' id='word_1_637' title='bbox 1684 4989 1965 5060; x_wconf 75' lang='grc' dir='ltr'>Θαυμάσας</span> 
     </span>
    </p>
   </div>
   <div class='ocr_carea' id='block_1_95' title="bbox 308 5068 1963 5147">
    <p class='ocr_par' dir='ltr' id='par_1_95' title="bbox 308 5068 1963 5147">
     <span class='ocr_line' id='line_1_95' title="bbox 308 5068 1963 5147; baseline 0.003 -23"><span class='ocrx_word' id='word_1_638' title='bbox 308 5070 472 5144; x_wconf 76' lang='grc' dir='ltr'>ὅρκον</span> <span class='ocrx_word' id='word_1_639' title='bbox 520 5068 785 5144; x_wconf 67' lang='grc' dir='ltr'>ὶπήνεγκε</span> <span class='ocrx_word' id='word_1_640' title='bbox 819 5071 893 5142; x_wconf 83' lang='grc' dir='ltr'>μή</span> <span class='ocrx_word' id='word_1_641' title='bbox 926 5074 1145 5147; x_wconf 78' lang='grc' dir='ltr'>φρονεῖν</span> <span class='ocrx_word' id='word_1_642' title='bbox 1204 5071 1413 5127; x_wconf 80' lang='grc' dir='ltr'>ἐναντία</span> <span class='ocrx_word' id='word_1_643' title='bbox 1472 5076 1542 5145; x_wconf 71' lang='grc' dir='ltr'>τῇ</span> <span class='ocrx_word' id='word_1_644' title='bbox 1598 5072 1828 5147; x_wconf 72' lang='grc' dir='ltr'>συνόδῳ⁵</span> <span class='ocrx_word' id='word_1_645' title='bbox 1872 5075 1963 5131; x_wconf 74' lang='grc' dir='ltr'>καὶ</span> 
     </span>
    </p>
   </div>
   <div class='ocr_carea' id='block_1_96' title="bbox 306 5157 1963 5237">
    <p class='ocr_par' dir='ltr' id='par_1_96' title="bbox 306 5157 1963 5237">
     <span class='ocr_line' id='line_1_96' title="bbox 306 5157 1963 5237; baseline 0.004 -24"><span class='ocrx_word' id='word_1_646' title='bbox 306 5162 471 5214; x_wconf 82' lang='grc' dir='ltr'>τοῦτο</span> <span class='ocrx_word' id='word_1_647' title='bbox 525 5160 762 5229; x_wconf 75' lang='grc' dir='ltr'>ποιήσας</span> <span class='ocrx_word' id='word_1_648' title='bbox 820 5157 1085 5215; x_wconf 69' lang='grc' dir='ltr'>ἀπέλυσεν</span> <span class='ocrx_word' id='word_1_649' title='bbox 1150 5159 1313 5216; x_wconf 81' lang='grc' dir='ltr'>αὐτὸν</span> <span class='ocrx_word' id='word_1_650' title='bbox 1377 5161 1612 5234; x_wconf 76' lang='grc' dir='ltr'>εἰρηκὼς</span> <span class='ocrx_word' id='word_1_651' title='bbox 1673 5164 1845 5237; x_wconf 75' lang='grc' dir='ltr'>αὐτῷ.</span> <span class='ocrx_word' id='word_1_652' title='bbox 1899 5165 1963 5221; x_wconf 76' lang='grc' dir='ltr'>Εἰ</span> 
     </span>
    </p>
   </div>
   <div class='ocr_carea' id='block_1_97' title="bbox 311 5247 1965 5326">
    <p class='ocr_par' dir='ltr' id='par_1_97' title="bbox 311 5247 1965 5326">
     <span class='ocr_line' id='line_1_97' title="bbox 311 5247 1965 5326; baseline 0.005 -23"><span class='ocrx_word' id='word_1_653' title='bbox 311 5250 408 5320; x_wconf 69' lang='grc' dir='ltr'>μὶν</span> <span class='ocrx_word' id='word_1_654' title='bbox 439 5250 579 5324; x_wconf 76' lang='grc' dir='ltr'>ὁρθή</span> <span class='ocrx_word' id='word_1_655' title='bbox 641 5250 740 5305; x_wconf 86' lang='grc' dir='ltr'>σού</span> <span class='ocrx_word' id='word_1_656' title='bbox 795 5247 939 5305; x_wconf 77' lang='grc' dir='ltr'>ἐστιν</span> <span class='ocrx_word' id='word_1_657' title='bbox 968 5251 1006 5319; x_wconf 75' lang='grc' dir='ltr'><strong>ἡ</strong></span> <span class='ocrx_word' id='word_1_658' title='bbox 1037 5249 1243 5320; x_wconf 84' lang='grc' dir='ltr'>πίστις,</span> <span class='ocrx_word' id='word_1_659' title='bbox 1286 5249 1478 5315; x_wconf 83' lang='grc' dir='ltr'>λαλῶς</span> <span class='ocrx_word' id='word_1_660' title='bbox 1529 5249 1773 5326; x_wconf 75' lang='grc' dir='ltr'>ὤμοσας·</span> <span class='ocrx_word' id='word_1_661' title='bbox 1806 5253 1859 5309; x_wconf 69' lang='grc' dir='ltr'>εἴ</span> <span class='ocrx_word' id='word_1_662' title='bbox 1905 5253 1965 5311; x_wconf 73' lang='grc' dir='ltr'>δὶ</span> 
     </span>
    </p>
   </div>
   <div class='ocr_carea' id='block_1_98' title="bbox 309 5334 1963 5418">
    <p class='ocr_par' dir='ltr' id='par_1_98' title="bbox 309 5334 1963 5418">
     <span class='ocr_line' id='line_1_98' title="bbox 309 5334 1963 5418; baseline 0.003 -24"><span class='ocrx_word' id='word_1_663' title='bbox 309 5334 512 5409; x_wconf 75' lang='grc' dir='ltr'>ἀσεϐὴς</span> <span class='ocrx_word' id='word_1_664' title='bbox 564 5338 654 5393; x_wconf 75' lang='grc' dir='ltr'>καὶ</span> <span class='ocrx_word' id='word_1_665' title='bbox 704 5335 1129 5415; x_wconf 64' lang='grc' dir='ltr'>διεστραμμένη,</span> <span class='ocrx_word' id='word_1_666' title='bbox 1185 5339 1368 5415; x_wconf 75' lang='grc' dir='ltr'>κρίναι</span> <span class='ocrx_word' id='word_1_667' title='bbox 1426 5340 1840 5418; x_wconf 78' lang='grc' dir='ltr'>Κύριοςὸϐεὸς</span> <span class='ocrx_word' id='word_1_668' title='bbox 1896 5345 1963 5399; x_wconf 85' lang='grc' dir='ltr'>τὰ</span> 
     </span>
    </p>
   </div>
   <div class='ocr_carea' id='block_1_99' title="bbox 2078 4718 3746 4793">
    <p class='ocr_par' dir='ltr' id='par_1_99' title="bbox 2078 4718 3746 4793">
     <span class='ocr_line' id='line_1_99' title="bbox 2078 4718 3746 4793; baseline -0.002 -16"><span class='ocrx_word' id='word_1_669' title='bbox 2078 4722 2399 4793; x_wconf 89' lang='lat' dir='ltr'>resipuisse</span> <span class='ocrx_word' id='word_1_670' title='bbox 2441 4736 2575 4776; x_wconf 89' lang='lat' dir='ltr'>eum</span> <span class='ocrx_word' id='word_1_671' title='bbox 2607 4724 2847 4791; x_wconf 89' lang='lat' dir='ltr'>putans.</span> <span class='ocrx_word' id='word_1_672' title='bbox 2882 4718 3061 4773; x_wconf 83' lang='lat' dir='ltr'>Arius</span> <span class='ocrx_word' id='word_1_673' title='bbox 3086 4735 3360 4774; x_wconf 85' lang='lat' dir='ltr'>reversus</span> <span class='ocrx_word' id='word_1_674' title='bbox 3385 4718 3458 4773; x_wconf 86' lang='lat' dir='ltr'>ab</span> <span class='ocrx_word' id='word_1_675' title='bbox 3492 4719 3746 4790; x_wconf 87' lang='lat' dir='ltr'>impera-</span> 
     </span>
    </p>
   </div>
   <div class='ocr_carea' id='block_1_100' title="bbox 2080 4807 3741 4882">
    <p class='ocr_par' dir='ltr' id='par_1_100' title="bbox 2080 4807 3741 4882">
     <span class='ocr_line' id='line_1_100' title="bbox 2080 4807 3741 4882; baseline -0.003 -15"><span class='ocrx_word' id='word_1_676' title='bbox 2080 4818 2206 4867; x_wconf 90' lang='lat' dir='ltr'>tore</span> <span class='ocrx_word' id='word_1_677' title='bbox 2229 4817 2319 4867; x_wconf 91' lang='lat' dir='ltr'>est</span> <span class='ocrx_word' id='word_1_678' title='bbox 2348 4812 2746 4882; x_wconf 86' lang='lat' dir='ltr'>interrogatus</span> <span class='ocrx_word' id='word_1_679' title='bbox 2806 4825 2964 4864; x_wconf 90' lang='lat' dir='ltr'>anne</span> <span class='ocrx_word' id='word_1_680' title='bbox 2998 4808 3240 4864; x_wconf 88' lang='lat' dir='ltr'>decreto</span> <span class='ocrx_word' id='word_1_681' title='bbox 3269 4814 3329 4864; x_wconf 91' lang='lat' dir='ltr'>et</span> <span class='ocrx_word' id='word_1_682' title='bbox 3383 4807 3741 4880; x_wconf 84' lang='lat' dir='ltr'>expositioni</span> 
     </span>
    </p>
   </div>
   <div class='ocr_carea' id='block_1_101' title="bbox 2076 4897 3744 4968">
    <p class='ocr_par' dir='ltr' id='par_1_101' title="bbox 2076 4897 3744 4968">
     <span class='ocr_line' id='line_1_101' title="bbox 2076 4897 3744 4968; baseline -0.003 -12"><span class='ocrx_word' id='word_1_683' title='bbox 2076 4901 2313 4956; x_wconf 88' lang='lat' dir='ltr'>concilii</span> <span class='ocrx_word' id='word_1_684' title='bbox 2336 4899 2557 4955; x_wconf 80' lang='lat' dir='ltr'>Nicami</span> <span class='ocrx_word' id='word_1_685' title='bbox 2583 4902 2786 4954; x_wconf 88' lang='lat' dir='ltr'>staret.</span> <span class='ocrx_word' id='word_1_686' title='bbox 2821 4897 3154 4968; x_wconf 86' lang='lat' dir='ltr'>Statimque</span> <span class='ocrx_word' id='word_1_687' title='bbox 3205 4899 3318 4952; x_wconf 88' lang='lat' dir='ltr'>hoc</span> <span class='ocrx_word' id='word_1_688' title='bbox 3347 4898 3451 4952; x_wconf 91' lang='lat' dir='ltr'>ille</span> <span class='ocrx_word' id='word_1_689' title='bbox 3476 4898 3744 4953; x_wconf 78' lang='lat' dir='ltr'>afﬁrma-</span> 
     </span>
    </p>
   </div>
   <div class='ocr_carea' id='block_1_102' title="bbox 2075 4987 3740 5060">
    <p class='ocr_par' dir='ltr' id='par_1_102' title="bbox 2075 4987 3740 5060">
     <span class='ocr_line' id='line_1_102' title="bbox 2075 4987 3740 5060; baseline -0.002 -15"><span class='ocrx_word' id='word_1_690' title='bbox 2075 4990 2350 5056; x_wconf 86' lang='lat' dir='ltr'>vit.Quod</span> <span class='ocrx_word' id='word_1_691' title='bbox 2366 4989 2695 5044; x_wconf 88' lang='lat' dir='ltr'>admiratus</span> <span class='ocrx_word' id='word_1_692' title='bbox 2726 4988 3054 5060; x_wconf 86' lang='lat' dir='ltr'>imperator</span> <span class='ocrx_word' id='word_1_693' title='bbox 3078 4989 3423 5057; x_wconf 89' lang='lat' dir='ltr'>juramento</span> <span class='ocrx_word' id='word_1_694' title='bbox 3441 4987 3740 5053; x_wconf 84' lang='lat' dir='ltr'>adactum,</span> 
     </span>
    </p>
   </div>
   <div class='ocr_carea' id='block_1_103' title="bbox 2076 5074 3744 5144">
    <p class='ocr_par' dir='ltr' id='par_1_103' title="bbox 2076 5074 3744 5144">
     <span class='ocr_line' id='line_1_103' title="bbox 2076 5074 3744 5144; baseline -0.004 -10"><span class='ocrx_word' id='word_1_695' title='bbox 2076 5096 2197 5134; x_wconf 92' lang='lat' dir='ltr'>non</span> <span class='ocrx_word' id='word_1_696' title='bbox 2229 5078 2548 5133; x_wconf 87' lang='lat' dir='ltr'>dissentire</span> <span class='ocrx_word' id='word_1_697' title='bbox 2579 5077 2654 5133; x_wconf 89' lang='lat' dir='ltr'>ah</span> <span class='ocrx_word' id='word_1_698' title='bbox 2679 5092 2747 5131; x_wconf 91' lang='lat' dir='ltr'>eo</span> <span class='ocrx_word' id='word_1_699' title='bbox 2777 5076 3408 5144; x_wconf 84' lang='lat' dir='ltr'>concilio,dimisit,ita</span> <span class='ocrx_word' id='word_1_700' title='bbox 3424 5075 3580 5130; x_wconf 86' lang='lat' dir='ltr'>fatus</span> <span class='ocrx_word' id='word_1_701' title='bbox 3606 5090 3620 5127; x_wconf 92' lang='lat'><strong>:</strong></span> <span class='ocrx_word' id='word_1_702' title='bbox 3654 5074 3744 5127; x_wconf 84' lang='lat' dir='ltr'>Si-</span> 
     </span>
    </p>
   </div>
   <div class='ocr_carea' id='block_1_104' title="bbox 2076 5162 3743 5239">
    <p class='ocr_par' dir='ltr' id='par_1_104' title="bbox 2076 5162 3743 5239">
     <span class='ocr_line' id='line_1_104' title="bbox 2076 5162 3743 5239; baseline -0.004 -16"><span class='ocrx_word' id='word_1_703' title='bbox 2076 5168 2317 5239; x_wconf 90' lang='lat' dir='ltr'>quidem</span> <span class='ocrx_word' id='word_1_704' title='bbox 2345 5173 2509 5223; x_wconf 90' lang='lat' dir='ltr'>recta</span> <span class='ocrx_word' id='word_1_705' title='bbox 2540 5172 2632 5222; x_wconf 89' lang='lat' dir='ltr'>est</span> <span class='ocrx_word' id='word_1_706' title='bbox 2659 5166 2807 5222; x_wconf 82' lang='lat' dir='ltr'>ﬁdes</span> <span class='ocrx_word' id='word_1_707' title='bbox 2840 5172 2963 5234; x_wconf 87' lang='lat' dir='ltr'>tua,</span> <span class='ocrx_word' id='word_1_708' title='bbox 2986 5165 3141 5221; x_wconf 88' lang='lat' dir='ltr'>bene</span> <span class='ocrx_word' id='word_1_709' title='bbox 3150 5165 3369 5237; x_wconf 87' lang='lat' dir='ltr'>jurasti</span> <span class='ocrx_word' id='word_1_710' title='bbox 3398 5180 3411 5218; x_wconf 89' lang='lat'><strong>:</strong></span> <span class='ocrx_word' id='word_1_711' title='bbox 3437 5164 3530 5218; x_wconf 90' lang='lat' dir='ltr'>sin</span> <span class='ocrx_word' id='word_1_712' title='bbox 3558 5162 3743 5233; x_wconf 89' lang='lat' dir='ltr'>impia</span> 
     </span>
    </p>
   </div>
   <div class='ocr_carea' id='block_1_105' title="bbox 2077 5251 3745 5329">
    <p class='ocr_par' dir='ltr' id='par_1_105' title="bbox 2077 5251 3745 5329">
     <span class='ocr_line' id='line_1_105' title="bbox 2077 5251 3745 5329; baseline -0.004 -15"><span class='ocrx_word' id='word_1_713' title='bbox 2077 5264 2136 5314; x_wconf 89' lang='lat' dir='ltr'>et</span> <span class='ocrx_word' id='word_1_714' title='bbox 2153 5273 2449 5329; x_wconf 83' lang='lat' dir='ltr'>perversa,</span> <span class='ocrx_word' id='word_1_715' title='bbox 2481 5256 2760 5313; x_wconf 87' lang='lat' dir='ltr'>celeriter</span> <span class='ocrx_word' id='word_1_716' title='bbox 2788 5255 2851 5310; x_wconf 90' lang='lat' dir='ltr'>in</span> <span class='ocrx_word' id='word_1_717' title='bbox 2889 5260 2947 5309; x_wconf 85' lang='lat' dir='ltr'>te</span> <span class='ocrx_word' id='word_1_718' title='bbox 3003 5255 3161 5309; x_wconf 91' lang='lat' dir='ltr'>Deus</span> <span class='ocrx_word' id='word_1_719' title='bbox 3193 5258 3433 5308; x_wconf 82' lang='lat' dir='ltr'>statuat.</span> <span class='ocrx_word' id='word_1_720' title='bbox 3486 5251 3745 5307; x_wconf 84' lang='lat' dir='ltr'>Proinde</span> 
     </span>
    </p>
   </div>
   <div class='ocr_carea' id='block_1_106' title="bbox 2075 5339 3745 5417">
    <p class='ocr_par' dir='ltr' id='par_1_106' title="bbox 2075 5339 3745 5417">
     <span class='ocr_line' id='line_1_106' title="bbox 2075 5339 3745 5417; baseline -0.005 -14"><span class='ocrx_word' id='word_1_721' title='bbox 2075 5346 2502 5403; x_wconf 83' lang='lat' dir='ltr'>Constantinus</span> <span class='ocrx_word' id='word_1_722' title='bbox 2538 5362 2573 5401; x_wconf 88' lang='lat' dir='ltr'>a</span> <span class='ocrx_word' id='word_1_723' title='bbox 2602 5360 2817 5417; x_wconf 87' lang='lat' dir='ltr'>magno</span> <span class='ocrx_word' id='word_1_724' title='bbox 2850 5342 3030 5400; x_wconf 88' lang='lat' dir='ltr'>etiam</span> <span class='ocrx_word' id='word_1_725' title='bbox 3061 5341 3388 5397; x_wconf 83' lang='lat' dir='ltr'>Athanasio</span> <span class='ocrx_word' id='word_1_726' title='bbox 3419 5339 3745 5413; x_wconf 88' lang='lat' dir='ltr'>postulavit</span> 
     </span>
    </p>
   </div>
   <div class='ocr_carea' id='block_1_107' title="bbox 1516 5489 2526 5551">
    <p class='ocr_par' dir='ltr' id='par_1_107' title="bbox 1516 5489 2526 5551">
     <span class='ocr_line' id='line_1_107' title="bbox 1516 5489 2526 5551; baseline -0.004 -1"><span class='ocrx_word' id='word_1_727' title='bbox 1516 5489 1879 5551; x_wconf 78' lang='lat' dir='ltr'><strong>XYLANDRI</strong></span> <span class='ocrx_word' id='word_1_728' title='bbox 1919 5491 2006 5548; x_wconf 88' lang='lat' dir='ltr'>ET</span> <span class='ocrx_word' id='word_1_729' title='bbox 2045 5492 2261 5549; x_wconf 82' lang='lat' dir='ltr'><strong>GOARI</strong></span> <span class='ocrx_word' id='word_1_730' title='bbox 2301 5491 2526 5551; x_wconf 75' lang='lat' dir='ltr'>NOTIE.</span> 
     </span>
    </p>
   </div>
   <div class='ocr_carea' id='block_1_108' title="bbox 390 5602 3746 5679">
    <p class='ocr_par' dir='ltr' id='par_1_108' title="bbox 390 5602 3746 5679">
     <span class='ocr_line' id='line_1_108' title="bbox 390 5602 3746 5679; baseline 0.003 -23"><span class='ocrx_word' id='word_1_731' title='bbox 390 5602 502 5679; x_wconf 75' lang='grc' dir='ltr'>ς88)</span> <span class='ocrx_word' id='word_1_732' title='bbox 535 5602 753 5679; x_wconf 55' lang='lat' dir='ltr'>Catiane</span> <span class='ocrx_word' id='word_1_733' title='bbox 782 5602 935 5679; x_wconf 68' lang='lat' dir='ltr'>edito</span> <span class='ocrx_word' id='word_1_734' title='bbox 961 5609 1221 5679; x_wconf 57' lang='lat' dir='ltr'>statuere.</span> <span class='ocrx_word' id='word_1_735' title='bbox 1254 5603 1531 5660; x_wconf 89' lang='lat' dir='ltr'>Padnutii</span> <span class='ocrx_word' id='word_1_736' title='bbox 1562 5604 1742 5674; x_wconf 89' lang='lat' dir='ltr'>dicto,</span> <span class='ocrx_word' id='word_1_737' title='bbox 1776 5606 1872 5661; x_wconf 92' lang='lat' dir='ltr'>cui</span> <span class='ocrx_word' id='word_1_738' title='bbox 1909 5607 2069 5664; x_wconf 89' lang='lat' dir='ltr'>velut</span> <span class='ocrx_word' id='word_1_739' title='bbox 2097 5607 2315 5664; x_wconf 76' lang='lat' dir='ltr'>fabulae</span> <span class='ocrx_word' id='word_1_740' title='bbox 2345 5607 2465 5675; x_wconf 89' lang='lat' dir='ltr'>alii,</span> <span class='ocrx_word' id='word_1_741' title='bbox 2498 5606 2804 5663; x_wconf 87' lang='lat' dir='ltr'>Cedrenus</span> <span class='ocrx_word' id='word_1_742' title='bbox 2826 5610 2893 5661; x_wconf 92' lang='lat' dir='ltr'>ut</span> <span class='ocrx_word' id='word_1_743' title='bbox 2920 5604 3187 5661; x_wconf 66' lang='lat' dir='ltr'>historias</span> <span class='ocrx_word' id='word_1_744' title='bbox 3247 5605 3572 5662; x_wconf 81' lang='lat' dir='ltr'>verissimae</span> <span class='ocrx_word' id='word_1_745' title='bbox 3606 5624 3746 5679; x_wconf 84' lang='lat' dir='ltr'>per—</span> 
     </span>
    </p>
   </div>
   <div class='ocr_carea' id='block_1_109' title="bbox 314 5672 1150 5733">
    <p class='ocr_par' dir='ltr' id='par_1_109' title="bbox 314 5672 1150 5733">
     <span class='ocr_line' id='line_1_109' title="bbox 314 5672 1150 5733; baseline 0.002 -2"><span class='ocrx_word' id='word_1_746' title='bbox 314 5673 491 5731; x_wconf 86' lang='lat' dir='ltr'>hibet</span> <span class='ocrx_word' id='word_1_747' title='bbox 514 5672 944 5731; x_wconf 87' lang='lat' dir='ltr'>testimonium.</span> <span class='ocrx_word' id='word_1_748' title='bbox 975 5675 1150 5733; x_wconf 70' lang='lat' dir='ltr'>Gom.</span> 
     </span>
    </p>
   </div>
  </div>
