4144 6444
302 364 417 424 551

1655 350 1976 412 GEORGII
2020 318 2368 418 CEDRENl

3603 361 3723 421 552

302 505 368 555 ut
399 514 535 554 eum
566 496 746 552 veluti
778 492 879 565 qui
912 491 1259 563 resipuisset
1287 489 1611 560 reciperet;
1640 491 1855 542 etcum
1885 485 1945 540 id

2063 485 2202 543 κατᾶ
2228 510 2286 544 σε
2343 488 2553 553 θάττον.
2611 490 2788 566 Ταύτῃ
2816 512 2900 547 τοι
2957 492 3047 547 καὶ
3105 493 3197 548 τὸν
3251 493 3420 568 μέγαν
3489 492 3718 557 Ἀθανά-

302 591 608 645 recusaret
633 586 852 657 quippe
884 582 1007 637 Arii
1058 579 1502 652 perversitatem
1560 577 1953 648 perspiciens,

308 676 488 730 fidem
520 673 811 729 adhibens
826 669 1181 724 Arianorum
1202 664 1955 735 calumniis,quibusAtha-

304 765 543 821 nasium
575 760 964 833 impetebant,
999 758 1343 827 episcopatu
1382 756 1575 825 ejecit.
1636 756 1835 824 Neque
1896 753 1957 807 id

304 854 524 909 mirum
554 851 683 906 fuit.
717 851 880 919 Smpe
912 846 1070 901 enim
1103 846 1284 900 etiam
1315 844 1497 899 divini
1531 844 1824 910 homines,
1858 860 1958 898 ca-

302 942 560 997 lumnias
591 939 704 1010 piis
737 938 1055 991 intentatas
1085 952 1147 989 re
1170 950 1290 988 non
1317 933 1621 1004 explorata
1637 932 1958 987 admitten-

300 1037 451 1098 tes,a
479 1045 613 1084 vero
644 1026 1070 1082 aberraverunt
1098 1023 1344 1094 piosque
1378 1021 1617 1093 injuriis
1635 1037 1703 1075 ac
1723 1018 1957 1075 damnis

301 1120 644 1174 affecerunt.
670 1115 970 1180 Quomodo
1024 1114 1204 1169 etiam
1231 1113 1463 1167 divinus
1496 1112 1673 1166 homo
1703 1109 1957 1165 Davidus

298 1225 333 1264 a
364 1224 528 1263 servo
556 1206 694 1260 Siba
751 1205 1056 1275 deceptus,
1089 1202 1189 1273 qui
1221 1201 1371 1256 falso
1415 1200 1954 1271 Memphibostbum

299 1297 609 1352 dominum
640 1311 814 1350 suum
845 1292 1149 1348 deferebat
1177 1292 1347 1363 quasi
1376 1291 1424 1345 is
1445 1289 1750 1345 Absalomi
1770 1289 1958 1361 parti-

296 1390 407 1442 bus
437 1403 499 1441 se
531 1384 876 1451 addixisset,
927 1382 1238 1437 facultates
1286 1381 1526 1436 domino
1584 1380 1805 1451 injuste
1838 1378 1956 1434 eri-

298 1478 427 1550 puit
468 1492 755 1546 servoque
812 1473 1188 1544 mancipavit.
1226 1473 1417 1537 Quare
1476 1475 1710 1541 oportet
1740 1484 1957 1539 magna

300 1584 439 1622 cum
470 1566 797 1622 attentione
840 1563 1027 1619 animi
1083 1569 1257 1633 atque
1310 1560 1742 1616 deliberatione
1801 1558 1953 1614 506

296 1657 551 1711 crimina
585 1653 914 1727 explorare,
966 1668 1161 1723 neque
1216 1656 1440 1706 temere
1501 1647 1954 1704 accusatoribus

295 1746 563 1810 credere,
590 1750 892 1813 utcunque
917 1742 956 1796 ii
980 1742 1093 1796 fide
1115 1740 1276 1812 digni
1308 1738 1739 1795 habeantur.ln
1773 1753 1954 1808 quam

2064 597 2177 631 σιον
2232 576 2310 640 εἷς
2395 580 2681 635 κοινωνίαν
2745 581 2906 636 αὐτὸν
2977 579 3222 654 δέξασθαι
3280 581 3715 657 παρεκελεύσατο

2064 665 2138 728 ὡς
2194 669 2287 722 ἅτε
2348 672 2777 742 μετανοήσαντα.
2833 674 2939 725 Τοῦ
2998 667 3054 725 δὲ
3114 671 3190 745 μή
3256 668 3723 746 καταδεχομένου,

2062 756 2424 831 γινώσκοντος
2451 753 2691 834 ἀκριϐῶς
2728 759 2827 828 τήν
2888 758 3104 828 ’Δρείου
3163 756 3511 834 δυστροπίαν,
3545 759 3719 835 ἐξορί-

2064 849 2142 913 ζει
2172 849 2269 900 τοῦ
2300 847 2493 920 θρόνου
2553 848 2644 903 τὸν
2705 846 2883 923 ἅγίον,
2942 848 3230 911 πιστεύσας
3298 848 3387 903 καὶ
3444 849 3541 912 τὰς
3602 850 3722 904 κατ’

2062 934 2231 989 αὐτοῦ
2261 937 2558 1012 γενομένας
2584 938 2686 992 ὑπὸ
2747 942 2856 992 τῶν
2911 938 3199 1012 Ἀρείανῶν
3258 935 3561 1014 λοιδορίας.
3612 939 3723 995 Καὶ

2062 1022 2122 1076 οὐ
2151 1026 2349 1098 Οαῦμα·
2384 1024 2654 1086 πολλάκις
2684 1027 2786 1102 γὰρ
2842 1027 2933 1081 καὶ
3001 1030 3136 1082 Θεῖοι
3195 1024 3385 1103 ἄνδρες
3441 1029 3580 1083 κατά
3634 1048 3722 1081 τι-

2061 1135 2166 1166 νων
2201 1108 2435 1168 εὐσεϐῶν
2470 1110 2736 1185 διαϐολήν
2792 1115 3027 1189 ἀκρίτως
3084 1115 3515 1192 παραδεξάμενοι
3572 1138 3711 1194 παρ-

2060 1202 2365 1276 ετράπησαν
2393 1210 2494 1273 τῆς
2521 1203 2781 1275 ἀληθείας
2813 1206 2903 1260 καὶ
2960 1205 3089 1269 τοὺς
3144 1200 3384 1268 εὐσεϐεῖς
3438 1202 3719 1281 παρὲϐλα-

2059 1292 2163 1363 ψάν
2226 1312 2286 1346 τε
2335 1293 2427 1346 καὶ
2480 1292 2893 1367 παρελύπησαν,
2945 1292 3129 1370 ὥσπερ
3189 1294 3283 1348 οὗν
3341 1296 3432 1349 καὶ
3465 1296 3492 1350 6
3523 1297 3715 1350 θεσπὲ-

2062 1402 2178 1445 σιος
2210 1376 2376 1436 Δαϐἱδ
2407 1380 2762 1454 ἐξᾶπατηθεὶσ
2792 1384 2895 1438 ὑπὸ
2943 1388 3041 1438 τοῦ
3100 1384 3313 1439 οἷ’κέτου
3374 1380 3533 1452 Σιϐὰ,
3583 1384 3725 1441 κατὰ

2058 1474 2155 1524 τοῦ
2188 1467 2452 1526 δεσπότου
2485 1467 2841 1549 Μεμφιϐοσθὲ
2880 1469 3358 1548 ψευδηγοροῦντος
3406 1473 3481 1536 ὡς
3538 1474 3621 1529 ὅτι
3650 1475 3718 1528 τὰ

2058 1565 2157 1614 τοῦ
2196 1560 2459 1635 τυράννου
2516 1557 2846 1635 Ἀϐεσαλὼμ
2912 1568 3102 1641 φρονεῖ
3155 1567 3346 1618 τοῦτον
3402 1558 3722 1639 παρέϐλαψε

2059 1649 2148 1703 καὶ
2178 1654 2286 1703 τῶν
2322 1646 2474 1704 ἰδίων
2517 1649 2912 1724 ἀποστερήσας.
2946 1654 3034 1726 ip.
3069 1654 3195 1724 289]
3226 1655 3306 1722 τῷ
3337 1649 3521 1725 οἰκέτῃ
3553 1671 3720 1725 προσ-

2061 1736 2373 1811 εκλήρωσεν
2404 1781 2418 1797 .
2476 1740 2634 1796 Ὅθεν
2696 1741 2807 1814 χρὴ
2869 1741 3005 1814 μετὰ
3058 1738 3278 1810 πολλης
3328 1735 3607 1816 ἀκριϐείας
3661 1761 3722 1795 τε

297 1836 656 1891 sententiam
705 1832 1062 1888 Nicodemus
1120 1847 1356 1901 quoque
1415 1829 1671 1899 injustos
1718 1827 1949 1882 Judzeos

2058 1828 2149 1882 καὶ
2210 1827 2449 1901 σκέψεως
2523 1828 2735 1904 ἐρευνᾷν
2793 1829 2889 1891 τὰς
2945 1828 3300 1905 κατηγορίας,
3353 1828 3445 1884 καὶ
3498 1831 3574 1903 μὴ
3638 1829 3717 1891 ὠς

298 1924 555 1997 graviter
585 1923 877 1994 objurgat,
901 1920 1199 1992 inquiens,
1233 1920 1527 1973 Numnam
1562 1917 1720 1989 leges
1750 1922 1957 1971 vestras

303 2014 568 2084 aliquem
599 2011 826 2066 indicta
847 2026 1025 2065 causa
1057 2014 1114 2063 et
1154 2025 1277 2062 non
1307 2006 1612 2078 explorata
1667 2022 1731 2060 re
1790 2005 1961 2060 dam-

297 2107 446 2159 nant
470 2103 514 2138 9"
538 2103 565 2157 ‘1
598 2101 889 2156 Nimirum
921 2105 981 2153 et
1009 2097 1242 2170 profani
1274 2096 1614 2167 philosophi
1664 2095 1823 2149 idem
1851 2112 1959 2165 per

306 2193 513 2265 spicue
537 2191 773 2258 docent,
807 2190 890 2244 ita
924 2171 1340 2260 praecipientes
1377 2203 1390 2240 :
1422 2187 1478 2240 Si
1537 2201 1779 2241 causam
1814 2201 1958 2240 con-

300 2282 595 2337 troversia
625 2281 935 2349 disceptat,
968 2275 1387 2348 suspendatur.
1418 2274 1473 2330 Si
1497 2273 1950 2344 judicium,pro-

300 2371 572 2426 bationes
629 2369 1033 2441 explorentur.
1111 2366 1168 2419 Si
1222 2364 1599 2437 quaestiones,
1679 2362 1739 2417 id
1797 2362 1956 2434 quod

304 2479 542 2532 mquum
566 2465 655 2515 est
685 2456 1424 2532 praescribaturﬁerminus
1454 2455 1788 2524 deﬁniatur,
1807 2453 1956 2508 scri-

298 2558 401 2622 pta
428 2556 555 2605 rata
586 2550 743 2615 sint;
778 2566 909 2620 qua:
941 2548 1089 2603 scita
1121 2550 1358 2615 sunt,ea
1386 2546 1541 2601 facto
1573 2544 1952 2616 impleantur.

297 2643 383 2697 Ita
413 2642 608 2696 omnis
640 2639 883 2694 tollatur
937 2636 1263 2700 contentio,
1327 2650 1657 2705 rursusque
1689 2632 1958 2687 amicitia

299 2731 582 2785 obtineat.
617 2731 763 2784 Tum
785 2728 844 2782 in
876 2726 1218 2798 apostolicis
1246 2723 1775 2780 constitutionibus
1811 2721 1955 2776 divi-

295 2837 440 2875 num
465 2818 721 2874 Verbum
742 2817 826 2872 sic
856 2815 1101 2871 mandat
1127 2813 1340 2870 :Judex
1371 2818 1496 2869 esto
1518 2828 1736 2868 vacuus
1749 2828 1956 2883 perso-

297 2925 515 2963 narum
546 2905 960 2978 reputationis,
987 2903 1087 2974 qui
1121 2919 1314 2973 neque
1345 2902 1587 2957 divitem
1617 2904 1957 2955 revereatur

296 3000 399 3051 aut
428 2993 705 3050 aduletur
734 3009 904 3063 aequo
935 2990 1416 3062 amplius,neque
1447 2990 1693 3061 pauperi
1724 2992 1949 3060 parcat.

300 3085 600 3157 Scriptum
633 3089 723 3138 est
756 3082 949 3138 enim:
984 3083 1108 3135 Non
1140 3080 1422 3152 respicies
1454 3079 1527 3134 ad
1581 3078 1840 3149 potentis
1869 3076 1954 3132 di-

295 3175 610 3248 gnitatem,
640 3188 833 3242 neque
866 3169 1249 3226 miseraberis
1270 3185 1592 3240 pauperem
1615 3167 1944 3238 injudicio.
1979 3173 2021 3239 c
2060 3172 2399 3243 ωπόΑηπτος
2441 3216 2456 3244 ,

293 3264 397 3319 Dei
432 3264 590 3319 enim
614 3261 911 3334 judicium
935 3260 1098 3331 juste
1149 3258 1450 3331 justitiam
1508 3262 1900 3329 persequetur
1933 3271 1948 3320 ;

294 3370 489 3424 neque
506 3352 672 3425 justo
704 3351 1029 3422 quidquam
1062 3349 1354 3421 injustum
1402 3347 1767 3419 probabitur.
1826 3347 1951 3400 Non

295 3460 431 3515 ergo
464 3442 673 3497 leviter
703 3439 1069 3496 credendum
1089 3444 1179 3494 est
1199 3437 1504 3508 quibusvis
1521 3434 1950 3491 criminationi-

292 3533 403 3587 bus
435 3548 496 3586 re
519 3548 640 3586 non
670 3528 1152 3601 explorata.Fieri
1185 3528 1343 3582 enim
1373 3531 1570 3598 potest
1600 3531 1666 3579 ut
1694 3524 1828 3579 odio
1851 3529 1953 3579 aut

294 3624 521 3679 invidia
551 3623 770 3694 aliquis
801 3620 1097 3694 impulsus
1126 3619 1372 3675 fratrem
1399 3618 1547 3673 falso
1580 3616 1949 3685 criminetur,

295 3714 801 3769 sicutSusannam
833 3710 950 3765 duo
985 3725 1160 3765 senes
1218 3712 1278 3763 et
1329 3708 1647 3778 Josephum
1686 3706 1951 3779 zEgyptia

296 3802 534 3858 mulier.
563 3803 644 3856 Tu
677 3800 1025 3873 ergo,homo
1049 3797 1175 3865 Dei,
1202 3795 1547 3868 hujusmodi
1580 3811 1654 3850 ne
1676 3800 1949 3866 prompte

292 3889 630 3957 admiseris,
664 3905 740 3943 ne
772 3888 1073 3941 insontem
1132 3883 1369 3939 occidas
1427 3888 1486 3938 et
1511 3883 1943 3953 interficiasju-

292 3985 469 4047 stum,
494 3994 690 4049 neque
714 3976 889 4030 donis
904 3980 958 4030 te
977 3974 1051 4029 ad
1071 3973 1407 4029 necandum
1430 3973 1728 4044 corrumpi
1750 3972 1944 4029 sinas:

289 4083 427 4122 nam
448 4082 704 4121 munera
735 4069 1037 4119 excaecant
1085 4061 1288 4117 oculos
1337 4063 1661 4134 justorum,
1694 4066 1753 4117 et
1795 4062 1943 4134 justi

288 4154 671 4211 sermonibus
702 4153 851 4210 501
885 4151 1176 4207 officiunt.
1223 4150 1280 4204 Si
1313 4166 1450 4223 ergo
1482 4149 1709 4206 nullam
1741 4149 1944 4221 cujus-

284 4263 465 4317 quam
498 4262 767 4317 personaa
798 4242 1093 4299 rationem
1127 4241 1415 4296 habentes
1456 4240 1689 4313 judicia
1744 4240 1943 4306 obitis,

285 4332 746 4407 deprehendetis
777 4349 913 4387 eum
966 4332 1066 4401 qui
1120 4329 1269 4385 falso
1331 4329 1579 4385 crimine
1605 4329 1945 4401 proximum

286 4442 460 4480 suum
492 4422 851 4495 oppugnavit
877 4439 891 4486 ;
913 4436 1167 4491 eumque
1189 4418 1500 4474 calumnia)
1524 4418 1855 4473 convictum
1875 4434 1943 4472 eo

284 4514 441 4569 malo
464 4511 759 4579 afﬁcietis,
785 4510 943 4581 quod
974 4509 1071 4564 ille
1120 4508 1291 4564 alteri
1351 4507 1596 4563 molitus
1626 4506 1737 4561 fuit
1768 4521 1783 4573 ;
1816 4523 1943 4561 ma-

283 4602 672 4671 litiosumque
707 4599 925 4654 tolletis
953 4616 983 4654 e
1016 4598 1234 4661 medio,
1269 4597 1370 4668 qui
1403 4600 1692 4668 quantum
1716 4595 1777 4650 in
1810 4594 1940 4666 ipso

285 4691 418 4758 fuit,
452 4690 696 4745 auribus
750 4688 974 4760 judicis
1031 4686 1334 4758 occupatis
1382 4685 1631 4740 fratrem
1687 4685 1936 4740 necavit.

288 4778 588 4849 Scriptum
616 4785 707 4834 est
738 4779 898 4833 enim
930 4795 942 4831 :
975 4777 1083 4842 Qui
1117 4775 1470 4847 sanguinem
1501 4772 1741 4844 fuderit,
1801 4790 1935 4829 eum

286 4870 528 4942 proprio
560 4870 845 4941 sanguine
879 4869 1023 4923 luat.
1052 4869 1254 4937 Neque
1277 4857 1520 4920 omnino
1552 4863 1731 4919 unius
1750 4864 1938 4919 homi-

284 4977 427 5016 num
465 4959 871 5015 testimonium
903 4962 1111 5012 contra
1139 4955 1341 5023 alium,
1374 4960 1676 5025 utcunque
1709 4954 1823 5009 ﬁde
1856 4954 1937 5009 di-

282 5050 405 5121 gni,
438 5067 542 5122 pro
562 5054 723 5105 certo
755 5046 1095 5103 habendum
1123 5050 1231 5099 est.
1263 5045 1526 5099 Duorum
1557 5043 1941 5115 enim,inquit

284 5140 593 5206 Dominus,
615 5144 717 5194 aut
749 5138 929 5192 trium
960 5134 1201 5190 testium
1230 5150 1330 5188 ore
1364 5134 1585 5204 qumvis
1606 5151 1699 5189 res
1731 5135 1941 5189 conﬁr-

282 5229 503 5285 manda
533 5233 641 5284 est.
661 5226 827 5291 Quod
842 5225 890 5281 si
919 5240 1055 5297 ergo
1084 5222 1324 5279 difﬁcile
1358 5222 1518 5277 estid
1541 5222 1939 5295 quodjustum

284 5319 360 5374 sit
398 5317 888 5384 invenire,adhuc
920 5312 1224 5368 difficilius
1245 5313 1546 5367 inventum
1580 5312 1938 5379 tueri,nemo

278 5406 572 5477 judicium
604 5405 979 5478 praecipitare
1011 5402 1205 5458 debet.
1233 5403 1392 5455 Tunc
1424 5406 1621 5456 autem
1680 5407 1839 5457 recte
1872 5402 1939 5454 ﬁ-

285 5511 391 5550 nes
435 5494 686 5567 justitioe
766 5499 1095 5560 servantur,
1156 5508 1289 5547 cum
1349 5507 1542 5547 causas
1618 5490 1937 5563 judicium,

353 5634 398 5669 ”
424 5635 590 5690 Joan.
622 5650 717 5702 vn,
753 5637 843 5687 51.

2065 1914 2228 1992 ἔτυχε
2285 1919 2558 1973 πιστεύειν
2610 1923 2728 1980 τοῖς
2794 1923 3187 1994 κατηγοροῦσι,
3242 1916 3338 1973 κᾶν
3400 1918 3528 1994 ἄγαν
3585 1918 3719 1972 ὦσιν

2064 2007 2389 2076 ἀξιόπιστοι.
2426 2007 2518 2061 Διὸ
2551 2004 2618 2076 δὴ
2659 2007 2748 2062 καὶ
2806 2007 3125 2081 Νικόδημος
3176 2006 3316 2083 πρὸς
3371 2008 3499 2071 τοὺς
3545 2027 3722 2081 παρα-

2062 2098 2264 2170 νόμους
2319 2095 2617 2160 Ἰουδαίους
2678 2103 3062 2175 καταφορικῶς
3100 2118 3158 2152 τε
3213 2098 3304 2152 καὶ
3361 2100 3728 2171 ἓντρεπτικῶς

2063 2182 2189 2261 ἔφη·
2253 2187 2404 2255 Μὴὸ
2438 2186 2609 2261 νόμος
2669 2186 2822 2260 ὑμῶν
2881 2189 3057 2262 κρίνει
3115 2187 3209 2242 τὸν
3270 2187 3579 2262 ἄνθρωπον,
3636 2180 3728 2240 ἔὰν

2066 2277 2142 2348 μή
2174 2275 2377 2350 ἀκούσῃ
2407 2277 2534 2351 παρ’
2593 2276 2758 2332 αὐτοῦ
2817 2280 3037 2352 πρῶτον
3096 2277 3186 2331 καὶ
3243 2280 3358 2352 γνῷ
3402 2275 3456 2331 τί
3513 2281 3721 2344 ποιεῖ;

2059 2365 2290 2438 ’Δμέλει
2322 2367 2385 2442 γε
2420 2388 2507 2421 τοι
2539 2368 2631 2423 καὶ
2663 2367 2715 2422 οἱ
2762 2372 2870 2422 τῶν
2900 2362 3001 2440 ἔξω
3058 2365 3217 2444 σοφοί
3271 2370 3437 2422 τοῦτο
3496 2362 3719 2442 προδή-

2063 2455 2174 2516 λως
2208 2456 2635 2533 ὑπεμφαίνοντες
2679 2458 2823 2512 οὓτω
2882 2458 3060 2534 φασίν·
3122 2456 3186 2512 Εἰ
3243 2457 3338 2531 μὲν
3399 2451 3725 2535 ἀμφιϐήτη-

2061 2567 2145 2607 σις
2176 2544 2368 2620 κρίνει,
2412 2546 2753 2621 ἀναρτάσθω,
2811 2545 2856 2601 εἰ
2912 2543 2971 2601 δὲ
3024 2546 3227 2621 κρίσις,
3277 2546 3406 2608 τοὺς
3456 2542 3727 2623 ἐλέγχους

2064 2635 2417 2710 βασανιζέτω,
2478 2635 2524 2689 εἰ
2581 2632 2638 2690 δὲ
2692 2634 2948 2710 βάσανος,
3004 2635 3068 2690 τὸ
3127 2633 3248 2690 δέον
3307 2636 3561 2710 ὁριζέτω·
3608 2632 3727 2689 ὁδὶ

2061 2722 2191 2797 ὅρος
2285 2724 2626 2798 γεγράφθω,
2679 2723 2746 2779 τὰ
2845 2722 2903 2778 δὲ
2978 2724 3333 2799 γεγραμμένα
3417 2722 3726 2798 κυρούσθω,

2057 2813 2124 2867 τὰ
2176 2810 2233 2868 δὶ
2314 2813 2628 2889 κυρωθέντα
2719 2809 3061 2889 βεϐαιοόστω
3155 2819 3274 2877 τοῖς
3367 2808 3573 2889 ἔργοις,
3631 2813 3725 2868 καὶ

2059 2906 2204 2956 πᾶσα
2272 2903 2556 2977 ἀψιμαχὶα
2634 2901 2895 2979 οἷ’χέσθω,
2977 2903 3067 2958 καὶ
3160 2901 3559 2978 πάλιν,φιλία
3616 2921 3723 2976 χο-

2060 2989 2263 3068 ρεϐἑτω
2296 3036 2310 3050 .
2395 2994 2497 3051 Καὶ
2585 2991 2638 3050 ἑν
2718 3000 2837 3057 ταῖς
2880 2993 3273 3056 ἀποστολικαῖς
3328 2992 3627 3065 διατάξεσιν
3689 2993 3719 3047 6

2059 3085 2200 3144 θεῖος
2259 3084 2435 3157 Λόγος
2488 3083 2659 3146 οὕτως
2686 3083 2870 3162 φησίψ
2904 3086 3084 3141 Ἔστω
3124 3082 3181 3140 δὲ
3212 3086 3241 3140 6
3271 3087 3466 3160 κριτὴς
3508 3086 3717 3159 ἀπροσ-

2564 3176 2703 3247 μήτε
2810 3173 3080 3233 πλούσιον
3191 3174 3576 3251 ἐντρεπόμενος
3677 3177 3713 3246 ἢ

2060 3260 2380 3319 κολακεύων
2429 3262 2578 3336 παρά
2632 3263 2694 3317 τὸ
2751 3266 3055 3337 προσῆκον,
3116 3265 3256 3336 μήτε
3312 3263 3544 3333 πένητος
3596 3284 3711 3339 φει-

2061 3347 2313 3424 δόμενος.
2347 3350 2419 3405 Οὐ
2448 3350 2605 3425 λήψῃ
2662 3352 2790 3428 γὰρ,
2848 3353 3003 3423 φησὶ,
3062 3353 3360 3430 πρόσωπον
3426 3350 3708 3420 δυνάστου,

2057 3439 2147 3494 καὶ
2207 3440 2416 3509 πένητα
2500 3440 2602 3494 οὐκ
2681 3438 2927 3511 ἐλεήσεις
2998 3439 3052 3495 ἐν
3141 3441 3335 3516 κρίσει.
3420 3444 3542 3500 Ὅτι
3616 3445 3715 3497 τοῦ

2058 3532 2192 3583 Θεοῦ
2229 3529 2462 3603 ἠκρίσις
2505 3525 2731 3590 δικαίως
2781 3530 2846 3585 τὸ
2877 3527 3088 3586 δίκαιον
3146 3527 3417 3605 διώξεται,
3476 3531 3567 3586 καὶ
3618 3530 3719 3585 οὐκ

2058 3616 2222 3692 ἆρέσῃ
2246 3621 2326 3690 τῷ
2392 3614 2589 3691 δικαίῳ
2656 3616 2809 3673 οὐδὲν
2870 3617 3078 3678 ἄδικον.
3134 3621 3290 3677 Ὅθεν
3346 3619 3409 3676 οὐ
3478 3617 3561 3675 δεῖ
3616 3641 3715 3676 πι-

2058 3705 2259 3761 στεύειν
2347 3705 2422 3769 ὠς
2475 3703 2635 3783 ἔτυχε
2684 3714 2805 3772 τοῖς
2862 3713 3265 3786 κατηγοροῦσιν
3329 3709 3567 3784 ἀκρίτως
3619 3711 3714 3764 καὶ

2056 3791 2447 3858 ἀϐασανίστως.
2501 3796 2774 3872 Ἑγχωρεῖ
2810 3797 2914 3874 γάρ
2966 3819 3116 3860 τινας
3170 3797 3262 3853 καὶ
3323 3796 3413 3853 διὰ
3471 3795 3640 3868 ζῆλον
3675 3800 3711 3869 ἢ

2054 3880 2254 3961 φθόνον
2302 3880 2437 3937 κατά
2511 3902 2662 3944 τινος
2728 3881 2970 3960 ἀδελφοῦ
3028 3877 3380 3955 ἔνστήσασθαι
3438 3881 3714 3961 ψευδηγο-

2056 3971 2195 4046 ρίαν,
2219 3971 2293 4034 ὠς
2330 3973 2381 4026 οἱ
2423 3968 2519 4026 δύο
2576 3968 2934 4048 πρεσϐύτεροι
2991 3975 3127 4028 κατὰ
3197 3974 3488 4045 Σωσάννης
3549 3973 3709 4043 καὶὴ

2051 4061 2325 4138 Αἰγυπτία
2354 4059 2443 4117 ἐπὶ
2488 4066 2589 4119 τοῦ
2620 4064 2848 4140 Ἰωσήφ.
2882 4062 2959 4119 Σὺ
3019 4063 3110 4119 οὖν
3171 4065 3247 4126 ὠς
3302 4069 3437 4119 Θεοῦ
3495 4061 3707 4141 ἅνθρω-

2050 4171 2154 4213 πος
2183 4152 2252 4205 τὰ
2304 4154 2533 4207 τοιαῦτα
2586 4151 2664 4224 μή
2720 4154 3041 4231 προχείρως
3094 4151 3437 4230 παραδέχου,
3496 4154 3587 4208 καὶ
3622 4155 3701 4226 μή

2052 4237 2249 4313 ἀνέλῃς
2278 4238 2370 4293 τὸν
2426 4238 2627 4309 ἀθῶον,
2660 4238 2752 4295 καί
2814 4242 2889 4313 μή
2940 4240 3272 4317 ἀποκτείνῃς
3323 4243 3414 4298 τὸν
3475 4239 3709 4314 δίκαιον,

2052 4325 2179 4383 οὐδὲ
2210 4325 2364 4402 λήψῃ
2388 4325 2540 4402 δῶρα
2568 4330 2754 4404 ψυχὴν
2787 4331 3036 4404 πατάξαι·
3096 4332 3164 4386 τὰ
3219 4332 3325 4409 γὰρ
3374 4329 3523 4406 δῶρα
3554 4332 3704 4387 ἐκτυ-

2051 4417 2279 4495 φλοῦσιν
2320 4416 2643 4492 ὀφθαλμοὺς
2702 4425 2883 4497 σοφῶν
2934 4421 3025 4475 καὶ
3066 4419 3429 4495 λυμαίνονται
3489 4423 3712 4496 ῥήματα

2053 4505 2258 4566 δίκαια.
2336 4505 2398 4563 Εἴ
2457 4507 2552 4562 οῦν
2610 4507 3145 4583 ἀπροσωπολήπτως
3194 4511 3425 4587 κρίνετε,
3482 4510 3714 4587 ἐπιγνώ-

2053 4599 2202 4651 σεσθε
2275 4597 2366 4651 τὸν
2445 4602 2858 4674 κατηγοροῦντα
2908 4602 3045 4655 κατὰ
3092 4605 3190 4657 τοῦ
3247 4599 3486 4673 πλησίον
3544 4601 3712 4658 αὐτοῦ

2053 4685 2351 4758 μαρτυρίαν
2381 4680 2576 4757 ψευδῆ’
2636 4686 2724 4740 καὶ
2787 4684 3164 4756 ἀποδείξαντες
3224 4686 3383 4743 αὐτὸν
3440 4689 3710 4764 συκοφαν-

2046 4793 2169 4843 την,
2228 4774 2492 4843 ποιήσατε
2559 4774 2706 4849 αὐτῷ
2761 4777 2882 4840 καθ’
2929 4777 2988 4831 ’ὀν
3063 4777 3264 4852 τρόπον
3333 4777 3710 4852 ἐπονηρόσατο

2046 4864 2275 4932 ποιῆσαι
2325 4867 2407 4934 τῷ
2464 4863 2723 4934 πλησίον,
2783 4867 2875 4921 καὶ
2930 4864 3161 4941 ἐξαρεῖνε
3207 4868 3298 4923 τὸν
3354 4868 3592 4941 πονηρὸν
3647 4864 3711 4921 ἐκ

2052 4951 2217 5023 μὲσου
2279 4952 2450 5025 ὑμῶν.
2524 4954 2690 5010 Ὅσον
2768 4954 2872 5029 γὰρ
2943 4952 3023 5009 ἐπ’
3084 4954 3253 5028 αὐτῷ,
3307 4954 3559 5032 ἐφόνευσε
3612 4954 3708 5009 τον

2049 5038 2305 5116 ἀδελφὸν,
2355 5036 2791 5116 προκαταλαϐὼν
2841 5041 2908 5097 τὰ
2937 5042 3050 5097 ὦτα
3076 5048 3175 5098 τοῦ
3232 5049 3443 5119 κριτοῦ.
3502 5045 3706 5120 Γέγρα-

2047 5152 2172 5186 πναι
2204 5131 2331 5205 γάρ’
2361 5133 2421 5190 '0
2456 5131 2664 5207 ἐκχέων
2711 5134 2853 5207 αἷμα
2892 5132 3209 5209 ἀνθρώπου,
3256 5134 3375 5190 ἀντὶ
3423 5140 3520 5191 τοῦ
3552 5132 3715 5208 α’ἰμα-

2047 5241 2141 5283 τος
2171 5219 2380 5276 ἐκείνου
2410 5219 2779 5300 ἐκχυθήσεται
2820 5221 2884 5277 τὸ
2940 5222 3079 5297 αἷμα
3137 5222 3326 5283 αὐτοῦ.
3359 5222 3532 5281 Ἀλλὰ
3569 5220 3714 5297 μηδὲ

2050 5312 2128 5372 εἷς
2156 5308 2554 5389 παραδεχέσθω
2604 5315 2895 5386 μαρτυρῶν
2954 5313 3091 5368 κατὰ
3144 5334 3311 5383 τινος,
3370 5312 3468 5368 κᾶν
3521 5310 3644 5367 λίαν
3675 5312 3714 5380 ἦ

2049 5399 2382 5471 ἀξιόπιστος.
2419 5398 2543 5458 Ἐπὶ
2594 5398 2863 5474 στόματος
2912 5401 3017 5478 γὰρ
3059 5399 3155 5458 δύο
3203 5403 3237 5473 ἢ
3295 5406 3463 5479 τριῶν
3513 5403 3721 5477 μαρτύ-

2050 5510 2158 5564 ρων
2208 5495 2311 5545 πᾶν
2372 5489 2527 5564 ῥῆμα
2586 5484 3038 5565 βεϐαιωθτςσεται.
3098 5493 3240 5548 εἶπεν
3306 5493 3334 5546 6
3388 5492 3611 5566 Κύριος.
3647 5492 3720 5549 Εἴ
