4144 6420
302 334 429 396 553

1514 343 2061 409 HISTORIARUM
2106 349 2656 421 COMPENDIUM.

3618 371 3744 432 554

303 466 489 524 τοίνυν
516 467 580 523 τὸ
614 467 709 541 μὶν
753 466 928 544 εὑρεῖν
957 468 1021 525 τὸ
1073 466 1283 527 δίκαιον
1331 468 1516 551 ἔργον,
1558 474 1622 530 τὸ
1650 472 1711 531 δὶ
1743 478 1818 549 μὴ
1854 474 1967 533 διά-

2078 482 2309 553 judicio
2363 490 2764 560 probationes,
2798 493 3254 565 probationibus
3274 502 3591 559 sententia.
3620 504 3742 561 fla-

310 567 552 633 φθειρειν
594 554 995 633 ἐργωδέστερον
1048 556 1264 615 ἐπειδὰν
1322 561 1538 638 εὑρεθῇ,
1572 563 1635 619 οὐ
1694 561 1779 621 δεῖ
1821 565 1977 643 ἑπιρ-

310 645 529 720 ῥιπτειν
587 646 780 702 ἑαυτόν
834 668 955 702 τινα
1005 653 1085 720 τῷ
1130 650 1355 722 κρίνειν.
1416 651 1555 710 Τότε
1615 659 1747 728 γοῦν
1804 655 1978 731 ὀρθῶς

2085 573 2213 646 gitii
2244 578 2516 648 qualitati
2541 583 3004 655 reSpondentem
3035 601 3273 656 poenam
3303 588 3579 663 inﬂigens
3603 612 3745 653 suc-

2089 664 2267 722 cedit.

309 730 444 808 δρος
472 742 575 805 τῆς
607 732 958 806 δικαιοσύνης
992 737 1238 808 σώξεται,
1271 737 1399 795 ὅταν
1427 744 1496 814 τῇ
1531 742 1627 816 μὲν
1656 742 1805 818 αἴτίᾳ
1902 744 2078 821 κρίσει
2110 750 2137 805 ὁ
2168 744 2428 832 ἔλεγχος,
2476 760 2558 830 τῷ
2601 754 2659 813 δὲ
2704 756 2922 836 ἐλέγχῳ
2952 763 2987 831 ἡ
3019 764 3206 841 ψῆφος
3235 765 3270 835 ἡ
3302 766 3442 842 πρὸς
3470 769 3708 841 ποιότητ

303 828 405 880 τοῦ
436 826 835 900 ἁμαρτήματος
862 827 966 896 τήν
993 828 1267 903 τιμωρίαν
1303 829 1580 905 ὁρίζουσα.

377 926 463 999 [Ρ.
492 926 621 998 290]
657 926 852 982 ’ἰστέον
883 925 1070 981 τοίνυν
1103 927 1177 991 ὡς
1233 926 1288 982 ἐν
1348 933 1420 1005 τῇ
1482 928 1698 1003 Παλαιᾷ
1729 936 1973 1010 Διαθήκῃ

306 1014 437 1089 περὶ
463 1020 565 1083 τῆς
614 1012 770 1091 ἁγίας
801 1014 892 1073 καὶ
952 1015 1252 1088 ὁμοουσίου
1282 1019 1374 1073 καὶ
1433 1024 1708 1088 ζωοποιοῦ
1739 1021 1974 1096 Τριάδος

312 1107 590 1176 μυστικῶς
645 1106 680 1174 ἡ
741 1100 1069 1160 διδασκαλία
1120 1104 1574 1184 ἐγκατέσπαρται,
1633 1112 1708 1176 ὡς
1746 1112 1837 1168 καὶ
1869 1113 1973 1170 Φί-

308 1190 463 1248 λωνα
492 1192 669 1248 καίτοι
728 1215 792 1270 γε
848 1191 1111 1252 Ἰουδαῖον
1165 1193 1336 1269 ἄνδρα
1402 1198 1718 1276 ὑπάρχοντα
1750 1203 1842 1258 καὶ
1876 1208 1971 1274 ζη-

306 1281 523 1350 λωτὴν,
574 1279 645 1337 δι’
693 1284 767 1337 ὧν
827 1281 1197 1340 καταλέλοιπε
1256 1290 1717 1363 συγγραμμάτων,
1751 1292 1975 1367 ἀπομά-

311 1381 509 1455 χεσθαι
536 1384 606 1455 τῇ
639 1379 815 1452 οἷκείᾳ
873 1382 1157 1456 θρησκείᾳ.
1218 1383 1526 1456 Βασανίζων
1584 1387 1685 1462 γὰρ
1722 1389 1786 1444 τὸ
1816 1388 1975 1464 εἷ’ρη-

308 1469 497 1540 μένον,
577 1470 664 1523 Ἐν
742 1468 911 1525 εἰκόνι
986 1474 1121 1526 Θεοῦ
1176 1468 1411 1542 ἐποίησα
1499 1476 1592 1530 τόν
1669 1473 1970 1553 ἄνθρωπον,

309 1559 628 1634 ἠναγκάσθη
664 1558 769 1614 ὑπὸ
821 1565 922 1628 τῆς
982 1558 1243 1629 ἀληθείας
1300 1562 1390 1616 καὶ
1443 1559 1725 1637 ἐξεϐιάσθη
1758 1566 1968 1623 καὶτὸν

308 1660 411 1712 τοῦ
438 1659 574 1710 Θεοῦ
605 1656 785 1731 Λόγον
816 1657 1172 1734 θεολογῆσαι.
1233 1660 1300 1717 Τί
1355 1660 1459 1735 γὰρ
1499 1662 1546 1718 εἰ
1597 1664 1687 1719 καὶ
1719 1661 1966 1741 δεύτερον

308 1745 405 1800 τὸν
461 1742 740 1801 συναίδιον
797 1745 975 1823 Λόγον
1049 1752 1130 1822 τῷ
1201 1750 1370 1824 Πατρὶ
1439 1752 1530 1806 καὶ
1582 1752 1819 1828 ἀριθμοῦ
1875 1755 1967 1810 καὶ

310 1835 531 1910 χρόνων
585 1834 852 1911 ἀνώτερον
902 1831 1032 1923 ὄντα
1066 1837 1252 1923 καλεῖ,
1285 1846 1389 1909 τῆς
1441 1840 1703 1911 ἀληθείας
1762 1846 1838 1916 μή
1873 1843 1969 1923 ἐφ·-

309 1922 634 1999 ικνούμενος
664 1943 678 1994 ;
711 1925 908 1998 Ὅμως
958 1920 1165 1982 ἔννοιαν
1223 1922 1354 2004 ἔσχε
1408 1930 1499 1985 καὶ
1557 1930 1743 2006 ἑτέρου
1791 1920 1968 2010 προσ-

309 2015 488 2069 timo».
521 2012 637 2070 Οὐκ
665 2012 890 2071 ἐνταῦθα
942 2012 1009 2085 δὴ
1063 2015 1229 2090 μόνον
1280 2012 1442 2074 ἔπαθε
1483 2023 1668 2089 τοῦτο,
1701 2021 1848 2078 ἀλλᾶ
1876 2024 1967 2079 καὶ

304 2112 375 2166 τὸ
419 2112 550 2173 Θεὸς
606 2110 697 2167 καί
752 2112 817 2168 τὸ
876 2112 1074 2188 Κύριος
1128 2114 1454 2190 ἑρμηνεῦσαι
1498 2118 1835 2194 πειρώμενος
1864 2127 1966 2191 τῆς

312 2199 760 2276 βασιλικωτάτης
818 2199 1054 2276 Τριάδος
1105 2197 1314 2258 ἔννοιαν
1370 2200 1519 2285 ἔσχε.
1579 2211 1809 2264 Φάσκων
1863 2211 1966 2287 γὰρ

308 2291 398 2346 ὅτι
432 2289 514 2351 εἷς
546 2287 689 2345 ἐστιν
719 2290 746 2344 ὁ
777 2290 929 2360 Θεὸς,
961 2291 1028 2347 οὗ
1076 2293 1215 2366 πρὸς
1265 2292 1356 2348 τὸν
1397 2292 1628 2369 ἀριθμὸν
1662 2296 1969 2373 κατέδραμε

306 2385 412 2449 τῆς
472 2375 730 2451 μονάδος,
794 2377 940 2435 ἀλλᾶ
999 2380 1136 2455 πρὸς
1189 2382 1254 2437 τὸ
1315 2386 1618 2459 μυστήριον
1653 2393 1754 2457 τῆς
1812 2387 1966 2465 ἁγίας

307 2464 549 2541 Τριάδος
602 2469 666 2523 τὸ
729 2474 839 2524 τῶν
902 2471 996 2543 μέν
1054 2470 1229 2542 πάντη
1288 2469 1575 2549 διαιρετῶν
1625 2475 1968 2551 ἑνικώτερον,

303 2572 416 2622 τῶν
477 2564 535 2623 δὲ
590 2563 762 2629 ὅντως
817 2565 1127 2641 μοναδικῶν
1212 2571 1611 2649 ἁφθονῳτερον.
1672 2575 1770 2630 Καὶ
1825 2575 1967 2632 οὕτω

304 2656 446 2712 κατᾶ
499 2657 700 2733 κράτος
759 2655 903 2713 εἷλεν
963 2657 1130 2714 αὐτοῦ
1186 2660 1287 2730 τήν
1347 2663 1533 2738 ψυχὴν
1591 2662 1668 2728 ὡς
1730 2664 1968 2740 ἀναγκα-

300 2749 491 2811 σθῆναι
543 2742 855 2821 διαρῥηδην
915 2751 1078 2804 τοῦτο
1138 2749 1298 2826 φάναι
1328 2750 1418 2805 καὶ
1448 2751 1501 2806 ἐν
1554 2756 1842 2828 γράμμασι
1873 2776 1968 2810 κα-

302 2831 584 2908 ταλεῖψαι.
620 2835 725 2888 Δύο
761 2834 855 2906 μὲν
906 2835 1011 2911 γὰρ
1065 2836 1185 2891 εἶπε
1239 2836 1334 2901 τὰς
1369 2841 1467 2893 τοῦ
1497 2837 1649 2903 ὃντος
1683 2837 1967 2915 δυτάμεις,

303 2922 381 2976 ὧν
420 2924 458 2992 ἡ
507 2922 601 2996 μὶν
660 2924 927 2992 ποιητική
987 2924 1077 2979 καί
1130 2925 1445 3002 εὐεργετικὴ
1507 2927 1662 3007 φύσει
1719 2927 1966 2986 καλεῖται

302 3023 453 3087 Θεὸς,
508 3022 545 3091 ἡ
603 3018 661 3076 δὲ
723 3019 984 3097 βασιλική
1041 3024 1130 3078 καὶ
1206 3027 1559 3100 τιμωρητική
1620 3026 1843 3100 Κύριος·
1903 3028 1966 3084 οὗ

308 3109 501 3184 πόρῥω
558 3109 758 3185 βαίνων
795 3114 892 3165 τοῦ
949 3113 1244 3191 φήσαντος·
1280 3115 1518 3188 Χριστὸς
1550 3120 1684 3171 Θεοῦ
1741 3113 1968 3191 δύναμις

317 3197 407 3252 καὶ
437 3200 569 3251 Θεοῦ
612 3199 792 3278 σοφία·
854 3195 1086 3275 δύναμις
1141 3200 1242 3257 οὐκ
1295 3202 1685 3275 ἀνυπόστατος,
1729 3204 1857 3261 ἀλλ’
1886 3204 1966 3262 ἒν-

308 3287 622 3359 υπόστατος,
663 3289 755 3344 καὶ
811 3288 1248 3366 παντοδν5ναμος,
1309 3295 1396 3349 καὶ
1457 3295 1807 3359 ὑποστάσεως
1864 3295 1967 3369 δη·-

304 3377 595 3451 μιουργὸς,
649 3378 742 3432 καὶ
801 3377 1085 3450 ίσοσθενής
1143 3379 1350 3437 ἐκείνου
1419 3383 1482 3439 οὗ
1543 3380 1772 3457 δύναμίς
1831 3384 1964 3443 ἐστι.

301 3465 401 3519 Καὶ
452 3465 620 3521 πάλιν
653 3467 682 3521 ὁ
728 3466 888 3529 αὐτὸς
946 3467 1135 3525 Φίλων
1184 3472 1308 3543 περὶ
1362 3476 1496 3528 Θεοῦ
1555 3472 1845 3547 θεάματος,
1902 3477 1965 3531 οὗ

296 3551 408 3609 εἶδε
470 3557 708 3625 Μωϋσῆς
762 3555 815 3611 ὲν
874 3561 942 3632 τῇ
1028 3558 1200 3633 βάτῳ,
1260 3558 1541 3639 έκφράζων
1601 3558 1731 3639 ἔφη·
1784 3561 1967 3640 Θέαμα

296 3651 840 3724 ἐκπληκτικώτατον.
875 3655 1011 3712 Εἶτα
1064 3659 1166 3732 ὁρᾷ
1220 3660 1341 3732 μετ’
1400 3659 1589 3737 ὀλίγον
1634 3663 1771 3718 κατὰ
1803 3666 1963 3738 μέσον

296 3750 398 3812 τῆς
455 3743 663 3822 φλογὸς
727 3748 943 3826 μορφήν
1002 3767 1124 3803 τινα
1182 3749 1712 3825 περικαλλεστάτην,
1754 3754 1963 3833 ἐμφερῆ

301 3830 485 3888 οὐδενὶ
529 3838 639 3888 τῶν
693 3834 924 3907 ὁρατῶν,
989 3834 1390 3900 θεοειδέστατον
1447 3837 1692 3915 ἄγαλμα,
1720 3848 1837 3922 φῶς
1867 3845 1967 3899 αὐ-

299 3920 675 3999 γοειδέστερον
735 3928 831 3978 τοῦ
888 3926 1062 3998 πυρὸς
1120 3926 1634 4004 ἀπαστράπτουσαν*
1666 3930 1733 4000 ἣν
1767 3930 1855 3986 ἐάν
1883 3953 1968 4005 τις

299 4006 640 4082 ὑπετόπησεν
701 4011 879 4069 εἷκόνα
930 4019 1028 4071 τοῦ
1088 4011 1245 4081 ὄντος
1300 4017 1459 4088 εἶναι,
1507 4017 1694 4084 καλῶς
1732 4019 1966 4094 ὑπείλη-

297 4129 417 4189 φεν.
474 4108 535 4164 Ei
591 4106 649 4164 δέ
703 4131 788 4174 τις
837 4112 963 4189 περὶ
1022 4119 1122 4181 τῆς
1192 4112 1400 4177 εἰκόνος
1458 4110 1702 4191 ἀκριϐῶς
1778 4120 1966 4192 μαθεῖν

303 4194 589 4267 βοΰλεται,
642 4199 889 4256 ἀκουέτω
950 4199 1170 4257 Παύλου
1230 4200 1486 4277 λέγοντος
1530 4207 1782 4278 περὶτοῦ
1817 4209 1963 4264 Υἱοῦ·

301 4308 330 4337 ι(
364 4287 466 4349 ’⁸ος
497 4286 638 4342 ἐστιν
697 4288 857 4344 εἶ’κὼν
914 4294 1012 4345 τοῦ
1071 4295 1205 4346 Θεοῦ
1256 4296 1354 4347 τοῦ
1401 4293 1660 4369 ἀοράτου.
1695 4297 1965 4356 »Οὐκοῦν

298 4390 553 4472 κακεῖνος
606 4385 895 4467 θεολογίας
950 4388 1246 4465 ὁρθοδὸξου
1304 4392 1550 4449 ἆίπτεται⁹
1584 4395 1679 4465 Μὴ
1732 4397 1836 4472 γὰρ
1866 4400 1966 4469 τήν

300 4470 582 4549 ἀκρίϐειαν
646 4478 794 4547 ζήτει
853 4480 1003 4553 παρὰ
1039 4483 1136 4536 τοῦ
1187 4479 1508 4552 δυνηθέντος
1540 4482 1690 4547 ὅλως
1722 4470 1814 4541 δια
1840 4485 1967 4542 σύν-

300 4585 412 4621 εσιν
442 4565 716 4641 εἰλικρινῆ
769 4572 1130 4625 κατοπτεῦσαι
1184 4571 1284 4640 τήν
1334 4571 1595 4644 ἀλήθειαν
1631 4576 1722 4630 καὶ
1753 4579 1822 4651 τῇ
1856 4574 1966 4649 ἰδίᾳ

294 4663 559 4738 θρησκείᾳ
591 4664 997 4742 ἀπομάχεσθαι.
1055 4666 1218 4726 ⁷Λλλ’
1266 4670 1442 4727 έκεῖνο
1504 4672 1698 4746 ἐννόει,
1759 4675 1842 4731 ὅτι
1886 4675 1964 4739 εῗς

296 4751 354 4808 ’έν
414 4754 709 4827 πρόσωπον
761 4754 822 4810 οὐ
890 4754 1198 4813 συνέκλεισε
1254 4760 1355 4829 τὴν
1415 4758 1730 4835 θεολογίαν,
1790 4765 1865 4826 ὡς
1911 4766 1966 4821 οἱ

297 4839 620 4898 ἀπαίδευτοι
649 4844 741 4899 καὶ
787 4843 1130 4925 κακόσχολοι
1186 4850 1294 4903 τῶν
1355 4846 1633 4907 Ἰουδαίων
1661 4853 1965 4928 καθηγηταὶ

299 4928 586 5006 προλήψει
645 4931 749 4988 τινὶ
806 4934 1173 5010 κατεχόμενοι
1241 4933 1675 5011 δογματίζουσιν.
1737 4941 1852 4999 Οὐκ
1907 4943 1968 4998 ἑκ

299 5020 514 5077 τούτων
571 5017 629 5078 δὲ
690 5021 870 5097 μόνων
931 5023 1402 5096 πληκτικωτάτων
1455 5022 1625 5085 ὄντων
1657 5029 1731 5093 εἷς
1761 5032 1964 5101 ταύτην

297 5109 591 5185 προήχθη,
623 5108 698 5174 ὣς
753 5132 816 5187 γε
858 5114 1133 5190 ἡγοῦμαι,
1190 5117 1291 5186 τήν
1348 5109 1578 5189 ἔννοιαν,
1609 5117 1760 5175 ἄλλα
1787 5120 1878 5175 καὶ
1910 5120 1970 5177 ἐκ

291 5211 413 5262 τοῦ·
449 5232 478 5260 ε(
516 5209 841 5282 Ποιήσωμεν
875 5207 1159 5282 ἄνθρωπον
1193 5213 1310 5268 κατ’
1345 5213 1529 5269 εἰκόνα
1570 5218 1842 5292 ἡμετέραν
1876 5219 1966 5274 καὶ

293 5298 421 5361 καθ’
451 5297 744 5370 ὁμοίωσιν·
780 5322 810 5351 ››
880 5300 969 5355 καὶ
1023 5300 1084 5356 ὲκ
1141 5306 1260 5371 τοῦ,
1295 5328 1322 5355 ‹‹
1374 5300 1601 5379 Ἔϐρεξε
1634 5306 1829 5380 Κύριος
1858 5313 1967 5384 πῦρ

297 5387 447 5463 παρὰ
480 5388 701 5462 Κυρίοιν
740 5413 768 5438 ιι
797 5391 887 5445 καὶ
922 5391 983 5447 ἑκ
1000 5394 1118 5464 τοῦ,
1141 5417 1169 5445 α
1196 5393 1358 5451 Εἶπεν
1393 5394 1422 5450 ὁ
1454 5394 1656 5470 Κύριος
1680 5400 1758 5469 τῷ
1788 5398 1971 5473 Κυρίῳ

295 5506 432 5561 μου,
456 5486 640 5543 Κάθου
665 5485 725 5542 Ξκ
745 5483 935 5558 δεξιῶν
971 5509 1104 5561 μου,
1130 5513 1158 5541 ι)
1188 5492 1279 5547 καὶ
1311 5492 1371 5547 ἑκ
1394 5493 1479 5565 [Ρ.
1509 5495 1640 5567 291]
1666 5498 1763 5549 τοῦ
1793 5516 1819 5549 ι
1846 5497 1971 5554 Ὅτι

294 5576 351 5632 ἒν
385 5574 471 5632 σοὶ
502 5578 531 5633 ὁ
563 5575 719 5644 Θεὸς,
746 5576 837 5632 καὶ
869 5577 933 5633 σὺ
977 5578 1029 5634 εἶ’
1078 5579 1106 5633 ὁ
1151 5579 1302 5644 Θεός.
1337 5605 1365 5635 ››
1399 5582 1540 5646 Τοὺς
1572 5583 1676 5661 γὰρ
1707 5581 1970 5661 λέγοντας

367 5696 415 5734 ³⁸
441 5696 675 5754 Coloss.
706 5713 748 5765 ι,
783 5699 872 5754 15.

582 5813 852 5880 ΡΑτιοι..
903 5815 1021 5880 GR.
1069 5815 1277 5883 CXXI.

2159 940 2478 1001 Sciendum
2508 963 2686 1018 porro
2718 953 2809 1004 est
2839 951 3017 1007 etiam
3043 952 3105 1009 in
3136 955 3331 1011 Veteri
3363 959 3743 1017 Testamento

2085 1027 2157 1084 de
2192 1046 2360 1088 sacra
2375 1036 2873 1095 consubstantiali
2891 1046 2950 1095 et
2965 1042 3197 1099 viviﬂca
3216 1045 3503 1103 Trinitate
3518 1048 3708 1105 dootri
3722 1080 3743 1093 -

2083 1134 2224 1174 nam
2253 1137 2470 1179 arcane
2498 1125 2832 1199 dispersam
2864 1145 3016 1198 esse,
3048 1131 3228 1203 idque
3260 1135 3407 1190 adeo
3438 1142 3505 1192 ut
3567 1138 3740 1195 Philo

2083 1208 2528 1279 etiam,tametsi
2549 1216 2787 1273 Judmus
2812 1223 2872 1273 et
2897 1219 3155 1276 Iudaicae
3185 1222 3488 1297 religionis
3511 1228 3742 1284 studio-

2082 1297 2373 1369 sissimus,
2399 1302 2461 1358 in
2493 1304 2619 1360 suis
2651 1311 2851 1363 tamen
2882 1313 3331 1368 commentariis
3361 1331 3511 1385 quos
3540 1324 3742 1388 poste-

2081 1387 2240 1445 ritati
2274 1390 2521 1463 reliquit
2570 1411 2738 1451 suam
2774 1397 2963 1468 ipsius
3015 1400 3368 1473 religionem
3416 1387 3744 1478 Oppugnet.

2079 1477 2438 1548 Expendens
2469 1483 2630 1539 enim
2663 1484 2810 1541 illud
2842 1486 3090 1558 dictum,
3149 1489 3234 1545 Ad
3280 1477 3603 1566 imaginem
3641 1497 3745 1552 Dei

2080 1564 2386 1623 hominem
2419 1571 2677 1642 condidi,
2712 1574 2765 1629 vi
2796 1577 3061 1632 veritatis
3094 1594 3164 1634 eo
3190 1585 3280 1635 est
3310 1564 3652 1654 compulsus
3683 1589 3749 1640 ut

2078 1670 2198 1710 non
2229 1659 2493 1727 potuerit
2518 1676 2640 1717 non
2673 1663 2853 1718 etiam
2890 1665 3145 1722 Verbum
3169 1669 3271 1723 Dei
3297 1673 3746 1739 asserere.Quid

2080 1745 2241 1799 enim
2267 1747 2471 1815 refert,
2506 1750 2665 1820 quod
2698 1751 2759 1807 in
2791 1769 2860 1808 eo
2892 1755 3202 1811 veritatem
3235 1775 3355 1814 non
3388 1766 3479 1816 est
3502 1778 3744 1818 assecu-

2000 1801 2046 1866 Β
2081 1838 2200 1901 tus,
2232 1834 2374 1891 dum
2408 1838 2664 1894 Verbum
2686 1841 2859 1897 Patre
2889 1859 3142 1900 numero
3175 1851 3234 1902 et
3262 1854 3530 1920 tempore
3548 1858 3748 1923 Πειθ-

2076 1922 2203 1979 rius
2250 1925 2504 1984 scribit?
2549 1930 2704 1987 508
2764 1932 2985 1989 Saltem
3051 1935 3115 1991 in
3159 1937 3406 1995 alterius
3463 1922 3589 2013 per:
3630 1960 3742 1998 mae

2077 2014 2352 2070 notitiam
2382 2019 2884 2093 pervenit.Neque
2922 2023 3072 2079 illud
3102 2025 3299 2097 ipsum
3319 2032 3741 2088 tantummodo

2076 2104 2282 2171 movit,
2305 2106 2410 2160 sed
2441 2112 2498 2162 et
2525 2109 2814 2167 vocabula
2841 2112 2997 2168 Deus
3028 2130 3096 2170 ac
3123 2116 3412 2173 Dominus
3439 2120 3621 2192 inte);
3647 2137 3741 2177 re-

2078 2193 2189 2252 tari
2220 2200 2468 2251 conatus
2498 2198 2895 2270 regiissimam
2925 2203 3276 2261 Trinitatem
3308 2210 3564 2281 agnovit.
3589 2210 3738 2267 Cum

2077 2282 2239 2338 enim
2271 2283 2520 2341 dixisset
2548 2304 2733 2343 unum
2774 2305 2904 2345 esse
2936 2293 3144 2361 Deum,
3204 2312 3324 2352 non
3381 2298 3455 2353 ad
3486 2297 3745 2356 unitatis

2075 2389 2416 2440 numerum,
2447 2375 2553 2431 sed
2583 2377 2658 2433 ad
2690 2381 2878 2435 sancti
2905 2384 3200 2440 ternionis
3226 2387 3492 2459 confugit
3512 2396 3738 2462 myste-

2075 2462 2272 2532 rium;
2306 2464 2407 2535 qui
2441 2466 2514 2521 ad
2554 2468 2803 2525 unitatis
2871 2477 3147 2528 naturam
3206 2477 3449 2547 propius
3503 2481 3738 2537 accedit

2074 2568 2252 2623 quam
2283 2569 2355 2608 ea
2384 2570 2516 2625 quae
2548 2558 2796 2613 omnino
2851 2558 3031 2616 dividi
3085 2570 3357 2634 possunt.
3411 2571 3469 2622 et
3498 2568 3744 2626 uberior

2074 2647 2277 2697 tamen
2308 2648 2399 2698 est
2420 2660 2599 2715 quam
2631 2663 2763 2717 qum
2793 2665 3036 2718 prorsus
3059 2657 3198 2707 sunt
3227 2654 3515 2712 solitaria.
3551 2659 3739 2716 Tanta

2075 2736 2274 2786 autem
2296 2731 2349 2786 vi
2379 2733 2650 2789 animum
2682 2736 2810 2807 ejus
2842 2737 2956 2793 ista
2986 2742 3284 2798 sententia
3313 2748 3640 2817 occupavit,
3669 2752 3738 2804 ut

2075 2832 2206 2871 eam
2235 2817 2434 2889 palam
2466 2821 2733 2890 profiteri
2747 2838 2815 2878 ac
2828 2825 3109 2897 scriptam
3133 2844 3371 2900 quoque
3389 2831 3737 2904 relinquere

2075 2913 2316 2962 coactus
2347 2907 2545 2964 fuerit.
2591 2910 2744 2966 Duas
2771 2912 2933 2969 enim
2972 2915 3057 2969 ait
3106 2933 3236 2973 esse
3297 2918 3426 2990 ejus
3458 2923 3619 2992 quod
3647 2928 3740 2980 est

2076 2995 2412 3063 facultates,
2448 3015 2701 3071 quarum
2731 3002 2918 3059 altera
2939 3005 3206 3062 effectrix
3237 3012 3296 3062 et
3325 3009 3599 3068 benefica
3631 3031 3735 3070 na-

2074 3086 2374 3141 turaDeus
2395 3087 2944 3158 appelletur,a1tera
2960 3095 3123 3167 regia
3145 3102 3203 3151 et
3224 3096 3406 3153 ultrix
3426 3100 3738 3159 Dominus.

1998 3171 2041 3238 C
2080 3174 2246 3240 Quod
2265 3177 2396 3247 ejus
2427 3176 2652 3233 dictum
2684 3196 2805 3236 non
2837 3183 3042 3252 procul
3076 3184 3243 3241 abest
3264 3188 3338 3243 ab
3387 3204 3457 3244 eo
3484 3192 3642 3261 quod
3678 3193 3740 3249 in

2078 3261 2383 3333 Scriptura
2412 3263 2679 3319 Christus
2702 3267 2803 3321 Dei
2854 3271 3123 3339 potentia
3179 3278 3238 3328 et
3294 3275 3588 3346 sapientia
3635 3279 3736 3335 Dei

2078 3350 2314 3417 dicitur,
2349 3353 2615 3423 potentia
2646 3356 2876 3411 scilicet
2928 3375 3033 3414 seu
3092 3359 3343 3418 facultas
3376 3380 3496 3421 non
3530 3383 3740 3423 carens

2076 3441 2434 3509 substantia,
2468 3443 2573 3500 sed
2605 3443 3037 3513 substantialis,
3073 3452 3454 3525 omnipotens
3495 3472 3563 3513 ac
3595 3458 3739 3513 sub-

2078 3533 2433 3587 stantiarum
2452 3534 3147 3611 effectrix,ejusdemque
3178 3559 3315 3598 cum
3347 3561 3416 3600 eo
3452 3549 3734 3617 potentiae

2076 3620 2248 3691 cujus
2278 3627 2370 3677 est
2399 3621 2669 3681 facultas.
2703 3627 2928 3683 Rursus
2959 3629 3118 3686 idem
3141 3632 3310 3689 Philo
3334 3636 3735 3707 spectaculum

2078 3711 2382 3782 explicans
2411 3713 2569 3785 quod
2600 3715 2660 3770 in
2688 3716 2838 3773 rubo
2870 3720 3058 3776 Moses
3110 3721 3276 3792 vidit,
3308 3725 3390 3781 ita
3418 3726 3687 3799 loquitur
3719 3746 3733 3784 :

2078 3800 2490 3872 Spectaculum
2513 3804 2658 3859 vidit
2711 3822 2889 3876 quam
2916 3811 3175 3866 maxime
3214 3815 3501 3872 terribile.
3536 3819 3737 3875 Cernit

2075 3891 2254 3962 paulo
2270 3898 2406 3963 post
2439 3893 2502 3947 in
2537 3894 2734 3950 medio
2774 3895 3034 3953 flammae
3050 3902 3374 3972 quamdam
3401 3907 3735 3977 pulcherri-

2076 3980 2526 4047 mamformam,
2559 3983 2762 4038 nullus
2778 3985 3027 4042 visibilis
3047 3990 3135 4044 rei
3167 3992 3449 4060 similem,
3484 3996 3732 4052 simula-

2075 4084 2241 4123 crum
2256 4068 2473 4124 divinae
2487 4071 2705 4142 speciei
2720 4073 3043 4130 admodum
3062 4079 3391 4147 conformo,
3427 4082 3621 4139 lucem
3636 4086 3731 4141 ni-

2076 4158 2294 4214 mirum
2333 4175 2464 4230 quaa
2492 4160 2622 4231 ipsa
2668 4161 2912 4220 flamma
2946 4165 3318 4237 splendidius
3366 4173 3730 4247 effulgebat;

2076 4264 2255 4318 quam
2287 4248 2335 4303 si
2366 4248 2499 4319 quis
2547 4249 2871 4322 imaginem
2931 4255 3060 4325 ejus
3113 4258 3214 4328 qui
3256 4265 3345 4315 est
3384 4262 3733 4331 arbitretur,

2076 4337 2127 4391 is
2178 4342 2338 4393 recte
2389 4337 2781 4409 judicaverit.
2851 4342 2977 4407 Qua
3032 4344 3105 4400 de
3172 4347 3434 4421 imagine
3494 4353 3543 4407 si
3599 4355 3735 4424 quis

2077 4430 2278 4482 exacte
2309 4427 2432 4482 vult
2460 4444 2837 4497 cognoscere,
2890 4432 2941 4487 is
2973 4434 3177 4491 audiat
3225 4439 3473 4495 Paulum
3525 4443 3609 4498 sic
3660 4443 3733 4499 de

2075 4514 2224 4568 Filio
2251 4514 2594 4586 loquentem
2638 4533 2713 4570 τα
2748 4519 2856 4584 Qui
2915 4527 3004 4576 est
3061 4523 3378 4582 invisibilis
3428 4530 3531 4585 Dei
3587 4531 3736 4588 ima-

2076 4620 2147 4677 go
2177 4601 2244 4657 9⁸.
2280 4624 2309 4653 ››
2342 4605 2541 4675 Neque
2573 4605 2724 4662 509
2773 4624 2909 4665 vero
2967 4611 3135 4669 Philo
3167 4617 3391 4673 veracis
3424 4619 3736 4694 theologia

2075 4694 2315 4748 decreta
2369 4701 2677 4750 assecutus
2737 4703 2827 4752 est
2887 4714 2901 4765 ;
2959 4717 3154 4772 neque
3210 4710 3302 4760 est
3366 4723 3473 4764 cur
3527 4709 3601 4766 ab
3660 4728 3730 4767 eo

2074 4787 2301 4837 tantam
2332 4782 2758 4854 perfectionem
2786 4789 3079 4859 requiras,
3112 4798 3179 4848 ut
3226 4800 3397 4867 putes
3429 4815 3564 4856 eum
3596 4801 3729 4857 sin-

2075 4887 2213 4927 cera
2238 4871 2634 4945 intelligentia
2662 4878 3003 4947 perspicere
3040 4882 3347 4941 veritatem
3379 4889 3642 4959 potuisse
3674 4896 3735 4946 et

2075 4977 2243 5017 suam
2275 4960 2625 5033 religionem
2651 4964 2930 5035 abjicere.
2964 4969 3073 5025 Sed
3107 4972 3217 5029 hoc
3238 4976 3731 5049 considera,quod

2078 5050 2544 5121 disputationem
2574 5051 2649 5107 de
2699 5054 2816 5109 Deo
2850 5072 2971 5112 non
3027 5059 3099 5114 ad
3151 5062 3387 5118 unicam
3456 5066 3733 5123 astrinxit

2077 5155 2419 5213 personam,
2450 5141 2604 5198 sicut
2634 5143 2855 5202 indocti
2886 5163 2955 5202 ac
2982 5150 3139 5205 male
3169 5152 3361 5208 feriati
3391 5154 3729 5214 Iudaeorum

2078 5229 2344 5302 magistri
2377 5229 2625 5298 faciunt,
2655 5248 2691 5287 a
2720 5236 3051 5306 majoribus
3081 5255 3189 5309 per
3218 5257 3428 5296 manus
3456 5245 3732 5303 traditam

2078 5319 2424 5391 Opinionem
2500 5326 2817 5378 sectantes.
2877 5326 3077 5396 Neque
3128 5328 3255 5383 haec
3312 5347 3418 5402 ego
3478 5338 3731 5404 tantum,

2080 5425 2424 5482 quanquam
2463 5409 2788 5482 plurimum
2834 5413 3095 5471 habeant
3156 5423 3467 5492 momenti,
3517 5440 3734 5481 censeo

2079 5497 2317 5555 Philoni
2339 5515 2581 5554 causam
2604 5500 2689 5556 ita
2718 5502 3016 5558 sentiendi
3047 5505 3398 5577 praebuisse,
3432 5513 3535 5569 sed
3556 5515 3737 5572 etiam

2079 5589 2208 5645 haec
2242 5606 2255 5645 :
2289 5611 2319 5640 «
2353 5589 2662 5645 Faciamus
2704 5590 3008 5648 hominem
3053 5594 3128 5650 ad
3180 5595 3504 5671 imaginem
3543 5607 3601 5661 et
3653 5605 3736 5661 si-

3408 5836 3494 5899 18
