4144 6420
308 358 430 420 555

1687 339 2007 402 GEORGII
2053 341 2394 404 CEDRENI

3627 337 3758 399 556

311 490 716 549 militudinem
746 491 1015 543 nostram
1044 486 1088 521 ⁸⁷
1122 501 1138 552 ;
1172 506 1200 534 ››
1232 484 1374 538 item
1409 499 1477 537 :«
1511 477 1968 535 PluitDominus

2101 473 2170 530 ἶτι
2225 476 2481 552 μυριάκις
2535 475 2679 539 istic
2739 476 2897 552 ἅγιος
2956 475 2984 531 ὁ
3043 476 3195 545 Θεὸς,
3254 474 3344 529 καὶ
3420 472 3484 529 τὸ
3538 479 3759 546 Ἀγιος,

1123 526 1138 552 9

312 583 518 654 ignem
553 596 589 635 a
619 578 870 635 Domino
899 575 988 641 93;
1024 596 1052 625 »
1086 580 1144 629 et
1176 590 1190 628 :
1224 596 1251 622 ‹‹
1288 571 1446 627 Dixit
1474 569 1761 625 Dominus
1785 568 1979 623 Domi-

316 688 396 728 no
428 686 586 737 meo,
610 667 758 723 Sede
799 682 834 721 a
884 663 1112 720 dextris
1150 662 1299 717 meis
1329 659 1412 727 99;
1441 681 1469 709 ››
1501 665 1561 713 et
1588 675 1601 712 :
1636 683 1661 707 «
1693 657 1983 722 Quoniam

319 761 385 817 in
418 765 474 815 te
506 766 662 815 Deus
695 759 802 817 est,
838 759 897 809 et
924 760 989 808 tu
1020 769 1084 807 es
1109 753 1284 806 Deus.
1324 773 1345 798 ι
1409 750 1518 803 Eos
1549 747 1709 801 enim
1758 746 1856 817 qui
1889 746 1983 799 di-

316 855 463 906 cunt
492 850 677 903 Deum
701 843 951 899 infinitis
982 841 1170 895 modis
1193 856 1321 894 esse
1342 836 1981 905 sanctum,audentque

318 939 382 994 in
414 938 598 993 alium
630 949 806 1005 quam
853 931 926 986 de
956 930 1242 985 Trinitate
1294 943 1537 982 sensum
1598 926 1981 995 interpretari

320 1026 473 1084 illud
504 1042 519 1081 :
556 1046 584 1074 «
616 1025 886 1088 Sanctus,
921 1024 1184 1083 sanctus,
1230 1021 1473 1072 sanctus
1528 1014 1819 1069 Dominus
1852 1015 1865 1048 ¹
1902 1029 1915 1080 ;
1950 1033 1981 1062 »

321 1134 423 1173 eos
454 1115 581 1169 baac
611 1112 769 1168 dicta
799 1114 1003 1181 aperte
1036 1106 1324 1162 refellunt
1356 1122 1370 1159 :
1404 1128 1430 1154 α
1467 1102 1717 1169 Quaasivi
1767 1102 1981 1158 faciem

321 1202 729 1271 tuam,faciem
762 1205 945 1269 tuam,
978 1197 1248 1261 Domine,
1280 1194 1615 1265 requiram:
1651 1208 1725 1247 ne
1757 1199 1983 1247 avertas

318 1294 534 1350 faciem
565 1297 730 1346 tuam
761 1306 795 1345 a
822 1304 915 1343 me
946 1289 986 1341 ⁸.
1013 1309 1041 1337 ››
1066 1286 1185 1341 Nisi
1218 1285 1378 1339 enim
1412 1287 1621 1338 auctor
1650 1281 1745 1337 his
1792 1280 1984 1335 verbis

322 1383 573 1456 mystice
596 1386 868 1436 sanctam
887 1376 1239 1431 Trinitatem
1262 1373 1607 1433 indicasset,
1640 1372 1850 1425 merito
1882 1387 1982 1426 su-

322 1484 826 1546 pervacaneorum
887 1465 1199 1521 verborum
1257 1460 1672 1517 inculcationis
1712 1459 1984 1515 damnari

325 1561 755 1635 posset.Neque
784 1558 844 1611 in
858 1556 971 1610 hoc
996 1560 1223 1609 tantum
1257 1551 1534 1623 (arbitror
1548 1550 1707 1606 enim
1722 1549 1984 1621 apertius

330 1651 524 1708 adhuc
555 1649 781 1703 dictum
813 1642 1054 1714 aliquod
1083 1640 1657 1715 proferendum),sed
1671 1640 1812 1693 etin
1835 1640 1980 1693 hoc:

326 1763 355 1793 ‹‹
390 1737 754 1795 Sacrificium
789 1734 982 1790 laudis
1008 1731 1261 1787 Domino
1316 1730 1548 1795 exhibe,
1608 1745 1677 1785 ac
1724 1735 1858 1783 vota
1883 1733 1984 1784 tua

2088 565 2267 640 ἅγιος,
2347 568 2499 643 ἅγιος
2577 568 2775 642 Κύριος
2849 570 3298 642 παρερμτ,νεῦσαι
3399 561 3753 635 τολμῶντας,

2093 653 2364 729 λαμπρῶς
2396 655 2621 733 ἐλέγχει
2668 656 2733 711 τὸ
2785 680 2813 707 ‹‹
2839 658 3181 725 Ἐζεζήτησα
3209 654 3271 710 τὸ
3302 654 3597 728 πρόσωπον
3632 673 3750 720 σου,

2090 743 2153 798 τὸ
2186 744 2480 818 πρόσωπόν
2513 765 2632 811 σου,
2667 744 2849 819 Κύριε,
2896 745 3145 813 ζητήσω,
3210 743 3286 814 μὴ
3345 741 3658 816 ἀποτρέψῃς
3690 741 3754 795 τὸ

2090 833 2382 907 πρόσωπόν
2417 854 2512 888 σου
2544 833 2637 888 ἀπ’
2684 835 2842 906 ἒμοῦ.
2881 855 2907 883 ι)
2966 832 3030 889 Ei
3094 833 3169 903 μή
3199 832 3306 906 γὰρ
3333 837 3432 900 τῆν
3466 832 3624 905 ἁγίαν
3657 830 3756 885 ἆν-

2090 924 2352 996 εκήρυττε
2384 928 2662 995 μυστικῶς
2709 919 2916 995 Τριαδα
2968 924 2996 977 ὁ
3060 921 3287 997 φράσας,
3329 917 3750 996 περιττολογίας

2091 1008 2302 1075 δίκαιος
2356 1010 2419 1067 ἄν
2477 1012 2563 1082 εἲη
2625 1012 2993 1081 ἀπαιτηθῆναι
3053 1008 3228 1081 δίκην.
3263 1010 3341 1068 Οὐ
3384 1012 3554 1082 μόνον
3606 1007 3664 1066 δὲ
3694 1010 3748 1065 ἐν

2088 1099 2270 1173 τούτῳ
2327 1104 2554 1177 (χρῆναι
2606 1101 2709 1176 γὰρ
2768 1098 3062 1173 οἶμαιέπὶ
3122 1102 3447 1179 σαφεστερον
3504 1101 3755 1173 ὁρμῆσαι

2094 1191 2305 1263 ρητὸν),
2337 1189 2483 1245 ἆλλά
2512 1190 2602 1245 καὶ
2635 1188 2686 1244 ἒν
2715 1195 2819 1261 τῷ,
2864 1214 2892 1241 ‹‹
2933 1194 3102 1245 θῦσον
3132 1193 3211 1260 τῷ
3251 1194 3367 1262 Θεῷ
3393 1188 3577 1250 θυσίας
3609 1188 3758 1243 αθνέ-

2091 1300 2247 1343 σεως,
2278 1280 2369 1335 καὶ
2401 1276 2603 1341 ἀπόδος
2630 1284 2710 1350 τῷ
2734 1278 2971 1353 Ὑψίστῳ
3013 1278 3110 1340 τὰς
3158 1278 3324 1356 εὐχάς
3359 1298 3477 1347 σου,
3510 1277 3599 1332 καὶ
3632 1276 3759 1332 επις⁸

2090 1368 2315 1424 κάλεσαί
2375 1390 2441 1441 με
2498 1368 2550 1423 ἐν
2604 1368 2788 1443 ἡμέρᾳ
2840 1367 3079 1440 omne;
3135 1387 3256 1433 σου,
3313 1367 3405 1421 καὶ
3459 1364 3757 1440 ἐξελοῦμαί

2094 1480 2153 1514 σε
2188 1459 2279 1515 καὶ
2338 1457 2578 1529 δοξάσεις
2639 1480 2724 1531 με.
2762 1482 2791 1511 ››
2857 1457 2926 1515 Εἴ
2986 1460 3061 1531 μὴ
3124 1461 3229 1534 γὰρ
3259 1459 3295 1527 ἡ
3328 1457 3497 1532 Τριὰς
3529 1456 3756 1513 ἐνταῦθα

2094 1552 2279 1625 σαφῶς
2331 1548 2680 1623 ἐκηρύττετο,
2758 1542 2869 1602 ἔδει
2955 1547 3210 1623 ῥηθῆναι.
3271 1550 3441 1601 Θῦσον
3495 1551 3575 1618 τῷ
3632 1550 3755 1619 Θεῷ

2092 1637 2277 1692 Θυσίαν
2309 1638 2582 1703 αἰνέσεως,
2640 1637 2731 1691 καὶ
2787 1633 2990 1697 ἀπόδος
3047 1639 3127 1706 τῷ
3183 1635 3420 1710 Ὑψίστῳ
3462 1635 3556 1697 τὰς
3587 1634 3756 1711 εὐχάς

2094 1747 2212 1796 σου,
2259 1727 2351 1781 καὶ
2406 1725 2729 1783 ἐπικάλεσαι
2790 1723 2953 1780 αὐτὸν
3010 1724 3061 1779 ἐν
3116 1726 3299 1799 ἠμὲρᾳ
3356 1723 3598 1798 θλίψεώς
3632 1745 3753 1795 σου,

321 1828 630 1887 Altissimo
660 1822 1549 1897 persolve,invocametempore
1571 1835 1973 1874 aerumnarum

2101 1817 2181 1871 ui
2210 1814 2469 1887 ἐξελεῐταί
2530 1836 2607 1884 σε,
2666 1814 2755 1870 καὶ
2813 1812 3058 1885 δοξᾶσεις
3118 1813 3302 1869 αὐτόν.
3346 1816 3447 1870 Καὶ
3482 1813 3626 1867 οὑτω
3656 1814 3752 1887 μὲν

321 1922 581 1981 tuarum,
614 1920 674 1969 et
701 1928 907 1968 eruam
941 1916 1018 1978 te,
1070 1909 1226 1966 5I0
1273 1924 1341 1962 ac
1370 1905 1724 1978 prmdicabis
1755 1923 1846 1961 me
1867 1907 1909 1963 ³.
1947 1928 1977 1956 υ

2092 1906 2199 1960 οὐκ
2229 1904 2461 1979 ὲρῥήθη,
2495 1902 2709 1979 εἴρηται
2740 1901 2798 1958 δὲ
2828 1905 2903 1965 ὡς
2936 1900 3174 1978 εἴρηται.

321 2008 470 2063 Nam
504 2004 553 2059 si
586 2003 686 2058 hic
717 2001 976 2056 Trinitas
1005 2015 1126 2054 non
1155 2002 1358 2069 aperte
1390 1995 1835 2067 prmdicaretur,
1870 1996 1953 2051 ita
1980 1995 2176 2052 fuerat
2206 1997 2550 2061 dicendum.
2585 1995 2953 2052 Sacrificium
3003 1994 3196 2050 laudis
3227 1993 3476 2049 Domino
3507 1993 3721 2050 exhibe
3742 2038 3759 2065 ,

320 2113 389 2153 ac
428 2099 563 2150 vota
594 2098 696 2148 tua
727 2089 1034 2146 Altissimo
1065 2087 1334 2159 persolve
1360 2102 1373 2152 ;
1408 2093 1467 2140 et
1498 2085 1705 2140 invoca
1736 2101 1871 2140 eum
1904 2102 2039 2142 cum
2072 2087 2382 2157 premeris,
2408 2092 2466 2142 et
2496 2092 2666 2141 eruet
2698 2091 2776 2153 te,
2810 2102 2879 2140 ac
2910 2083 3260 2156 prmdicabis
3291 2100 3450 2140 eum.
3485 2083 3597 2139 Sed
3627 2100 3751 2139 non

320 2186 436 2242 hoc
471 2182 670 2249 modo,
705 2196 909 2236 verum
938 2179 1019 2233 ita
1047 2183 1115 2232 ut
1144 2175 1323 2231 retuli
1353 2180 1515 2229 vates
1538 2174 1769 2230 locutus
1802 2181 1910 2230 est.

402 2272 721 2344 Perspicue
754 2270 913 2325 enim
948 2268 1040 2323 his
1071 2272 1130 2321 et
1158 2266 1291 2321 aliis
1355 2264 1561 2319 multis
1616 2264 1761 2319 locis
1815 2266 1990 2320 Vetus

331 2364 777 2418 Testamentum
810 2357 1093 2430 exprimit
1123 2373 1184 2411 se
1219 2355 1535 2426 imperium
1572 2371 1691 2409 non
1725 2354 1826 2409 uni
1858 2371 1992 2425 per-

331 2468 493 2508 sonm
524 2449 871 2511 attribuere,
933 2445 1036 2501 sed
1089 2444 1280 2498 tribus
1333 2442 1702 2505 substantiis,
1738 2458 1991 2513 quarum

332 2542 511 2596 unica
541 2540 617 2593 sit
646 2544 859 2592 natura
884 2541 943 2590 et
975 2534 1185 2589 eadem
1220 2531 1501 2597 essentia,
1536 2535 1601 2584 ut
1652 2531 1993 2586 Judaeorum

330 2629 403 2684 de
420 2629 595 2683 unica
614 2641 866 2698 persona
885 2640 1004 2679 non
1018 2637 1222 2677 sanam
1257 2612 1616 2674 sententiam
1634 2619 1989 2674 traduceret.

327 2722 522 2789 Atque
553 2716 785 2772 Judwos
818 2713 1060 2785 quidem
1100 2709 1389 2765 Sabellius
1446 2708 1678 2763 videtur
1731 2715 1990 2773 secutus,

331 2806 449 2864 nisi
480 2808 630 2861 forte
663 2804 804 2860 dum
837 2800 1282 2858 multitudinem
1307 2798 1555 2853 deorum
1590 2798 1991 2853 Graecanicam

333 2896 610 2968 exagitat,
628 2894 881 2948 nimium
904 2888 1229 2961 mqualitati
1254 2888 1384 2942 Filii
1411 2904 1478 2942 ac
1502 2887 1693 2941 Patris
1725 2887 1993 2942 intentus

336 2981 411 3039 ad
442 2982 787 3053 opinionem
839 2979 912 3033 de
962 2978 1137 3032 unica
1182 2991 1442 3046 persona
1488 2975 1802 3046 prolapsus
1858 2975 1990 3030 fuit.

335 3072 671 3127 Grmcorum
687 3072 1009 3123 sectatores
1028 3065 1467 3137 deprehensum
1485 3070 1575 3119 est
1592 3064 1771 3119 fuisse
1795 3064 1993 3120 Arium

332 3165 393 3215 et
422 3158 804 3223 Eunomium,
837 3156 938 3227 qui
968 3172 1036 3210 ex
1071 3153 1416 3209 discrimine
1468 3170 1858 3224 personarum
1903 3153 1994 3208 di-

333 3264 532 3304 versas
578 3246 866 3303 essentias
915 3243 1169 3300 absurde
1200 3242 1556 3297 intulerunt.
1591 3242 1807 3307 Quodsi
1860 3242 1994 3311 quis

332 3344 500 3412 roget
557 3354 663 3392 cur
696 3353 814 3391 non
871 3334 944 3390 ab
995 3334 1166 3388 initio
1226 3333 1426 3387 statim
1486 3332 1611 3386 haec
1681 3332 1989 3386 manifesto

2101 3356 2243 3405 κται,
2302 3334 2469 3411 φαίην
2527 3335 2612 3390 ’ὁτι
2681 3333 2919 3406 μάλιστα
2997 3338 3114 3395 τοῖς

338 3429 563 3484 fuerint
583 3426 866 3492 indicata,
899 3423 1337 3495 responderim,
1378 3420 1450 3475 iis
1482 3422 1583 3491 qui
1619 3421 1876 3476 scienter
1905 3439 2005 3476 au-

335 3517 555 3580 dirent,
605 3513 1183 3570 demonstrationem
1224 3512 1393 3565 istam
1445 3515 1622 3579 atque
1672 3510 2004 3565 doctrinam

338 3605 524 3660 fuisse
554 3604 823 3674 apprime
843 3600 1230 3672 perspicuam.
1250 3606 1315 3654 ut
1337 3600 1511 3653 etiam
1537 3600 1791 3670 sapienti
1817 3600 2003 3653 visum

333 3693 449 3747 fuit
470 3691 728 3746 Philoni.
751 3690 916 3754 Quod
936 3696 1135 3744 autem
1157 3688 1269 3742 ista
1290 3687 1600 3743 obscurius
1632 3688 2007 3759 promulgata

334 3786 496 3847 sunt,
516 3778 898 3851 cogitandum
925 3783 1016 3831 est
1033 3777 1281 3839 vatibus,
1306 3793 1439 3830 cum
1471 3776 1689 3831 Judzeis
1712 3778 1784 3831 ad
1812 3778 2005 3832 multi-

335 3870 608 3926 tudinem
666 3868 915 3924 deorum
984 3866 1362 3922 statuendam
1424 3866 1785 3937 proclivibus
1843 3867 2002 3939 leges

332 3960 813 4034 priescriberent,
852 3976 974 4014 non
1027 3958 1369 4013 consultum
1401 3958 1589 4012 visum
1623 3958 1804 4013 fuisse
1828 3959 2002 4013 dill‘e-

337 4051 593 4107 rentiam
628 4065 1021 4120 personarum
1052 4063 1537 4107 commemorare,
1560 4063 1633 4101 ne
1666 4047 1704 4100 ii
1738 4048 2000 4103 diversas

335 4140 513 4196 etiam
545 4145 787 4194 naturas
818 4152 1209 4208 personarum
1231 4136 1542 4207 opinantes
1569 4135 1644 4190 ad
1668 4136 1880 4191 falsam
1903 4153 1999 4192 re-

332 4224 617 4300 ligionem
647 4226 1067 4282 desciscerent.
1098 4225 1201 4280 sed
1236 4225 1430 4295 potius
1462 4224 1534 4279 ab
1568 4224 1740 4279 initio
1792 4225 1995 4280 statim

336 4318 529 4373 edocti
546 4333 732 4373 unum
748 4332 877 4371 esse
893 4314 1099 4370 mundi
1127 4313 1757 4385 Dominum,paulatim
1782 4314 1998 4369 deinde

333 4408 405 4463 de
438 4405 713 4479 personis
744 4406 1018 4460 doctrina
1072 4404 1534 4465 instruerentur,
1568 4419 1700 4473 quae
1762 4404 1889 4473 ipsa
1922 4404 1998 4460 ad

328 4498 622 4553 unitatem
655 4500 881 4549 naturae
915 4492 1189 4548 redit.lta
1215 4509 1346 4562 qua:
1372 4491 1621 4547 unitatis
1655 4508 1904 4547 numero
1922 4493 1995 4548 de

330 4584 451 4642 Deo
483 4584 783 4645 dicuntur,
816 4584 1109 4639 unitatem
1167 4586 1394 4635 natura:
1435 4581 1829 4635 confirmant:
1864 4599 1995 4652 quae

334 4688 469 4728 eum
504 4687 824 4726 numerum
850 4674 995 4728 5|]
1031 4670 1343 4731 excedunt.
1374 4669 1766 4739 proprietates
1799 4688 1996 4739 perso-

332 4777 546 4817 narum
579 4760 641 4816 in
672 4776 791 4815 una
816 4759 1077 4814 essentia
1104 4758 1669 4828 comprehensarum
1706 4757 1989 4815 induant.

338 4850 605 4905 Diversus
637 4848 796 4903 enim
831 4849 890 4902 in
929 4846 1152 4902 Deitate
1184 4852 1426 4901 naturas
1450 4853 1708 4902 statuere
1727 4849 1993 4905 Graecum

333 4938 687 4997 est.unicam
705 4954 1019 5008 personam
1049 4936 1358 4991 Iudaicum
1384 4942 1690 4991 :caeterum
1725 4944 1992 4995 sanctam

326 5036 388 5087 et
440 5046 622 5086 unam
691 5029 952 5084 essentia
1010 5029 1354 5083 Trinitatem
1415 5028 1696 5084 diducere
1754 5029 1815 5084 in
1870 5035 1991 5086 tres

325 5137 613 5194 personas
651 5120 877 5191 hasque
942 5119 1002 5173 in
1064 5134 1243 5173 unum
1302 5124 1577 5173 naturam
1624 5119 1987 5184 recolligere,

323 5211 729 5266 rectissimum
751 5215 841 5265 est
874 5214 932 5264 et
961 5225 1096 5263 vera
1148 5206 1465 5263 sententia.
1503 5206 1601 5260 His
1661 5207 1724 5260 in
1756 5224 1991 5265 summa

330 5298 711 5366 addo,rerum
728 5304 1002 5353 naturam
1018 5296 1429 5352 excedentium
1446 5293 1987 5352 demonstrationes

329 5387 635 5443 naturales
684 5404 805 5442 non
838 5403 1011 5458 posse
1060 5386 1282 5457 ubique
1341 5382 1490 5438 dari.
1547 5384 1691 5437 Nam
1753 5386 1987 5441 tametsi

335 5476 599 5533 Verbum
622 5478 726 5532 Dei
757 5493 894 5531 vera
924 5492 1060 5531 caro
1081 5477 1296 5531 factum
1322 5480 1559 5538 est,non
1575 5477 1774 5527 tamen
1793 5474 1985 5531 nudus

2173 2266 2367 2342 Σαφῶς
2423 2263 2526 2337 γὰρ
2586 2259 2674 2318 διὰ
2731 2261 2940 2318 τοὺτων
2996 2260 3085 2316 καὶ
3144 2258 3214 2315 δι’
3246 2257 3433 2315 ἄλλων
3464 2258 3695 2315 πολλῶν
3729 2261 3765 2328 ἡ

2102 2351 2317 2406 Παλαιὰ
2347 2354 2592 2422 Διαθήκη
2651 2352 2910 2426 κηρύττει
2974 2351 3057 2405 ὅτι
3114 2348 3223 2428 οὐχ
3288 2349 3407 2410 ἑνὸς
3459 2348 3763 2421 προσώπου

2103 2442 2355 2512 σημαίνει
2416 2438 2751 2511 δεσποτείαν,
2812 2438 2959 2495 ἀλλᾶ
3030 2444 3198 2514 τριῶν
3265 2439 3359 2511 μὲν
3421 2438 3770 2503 ὑποστάσεως

2106 2537 2234 2605 μεᾶς
2268 2527 2323 2585 δὲ
2355 2530 2563 2600 οὐσίας,
2607 2528 2699 2584 ’ἱνα
2754 2530 2846 2585 καὶ
2907 2526 3181 2585 Ἰουδαίων
3210 2527 3537 2602 πηλιτεὺσῃ
3559 2528 3658 2595 τὴν
3688 2528 3766 2591 ὡς

2101 2619 2331 2697 ἐφ’ὲνὸς
2389 2622 2686 2695 προσώπου
2746 2619 2858 2698 οὐχ
2915 2620 3043 2696 ὑγιῆ
3103 2612 3334 2673 ἔννοιαν.
3397 2619 3500 2679 Οἷς
3530 2616 3619 2673 καὶ
3653 2624 3764 2673 Σα-

2103 2708 2331 2774 ϐἐλλιος
2388 2712 2790 2783 ἠκολούθησεν.
2846 2714 3008 2773 ’Ίσως
3094 2708 3152 2766 δὲ
3211 2710 3272 2765 ἐκ
3323 2716 3424 2779 τῆς
3476 2708 3606 2785 ἄγαν
3665 2714 3766 2765 τοῦ

2102 2803 2233 2857 Υἱοῦ
2264 2802 2402 2875 πρὸς
2433 2803 2526 2858 τὸν
2560 2800 2770 2875 Πατέρα
2829 2801 3080 2871 ἷσότητος
3129 2799 3205 2861 εἰς
3263 2800 3325 2853 τὸ
3358 2799 3486 2870 μίαν
3519 2799 3764 2854 ὑπόστα-

2103 2912 2183 2945 σιν
2228 2889 2560 2967 δογματίσαι
2614 2889 2924 2964 νευρωθεῗς,
2982 2890 3082 2957 τὴν
3127 2885 3418 2944 πολυτεΐσν
3474 2885 3764 2957 Ἑλλήνων

2102 2979 2517 3055 ἐξωστράκισεν,
2579 2981 2652 3034 ὧν
2713 2982 2935 3053 ⁸Αρειος
3017 2978 3106 3032 καὶ
3192 2977 3465 3049 Εὑνόμιος
3522 2976 3771 3032 ἑάλωσαν

2106 3068 2240 3123 εἶναι
2301 3067 2581 3148 φοιτηταί,
2631 3070 2730 3136 τὴν
2784 3071 2894 3121 τῶν
2958 3066 3307 3129 ὑποστεὶσεως
3364 3062 3625 3141 διαφορὰν
3686 3064 3767 3128 εἷς

2103 3159 2204 3227 τὴν
2261 3156 2444 3211 οὐσίαν
2499 3155 2834 3233 παραλόγως
2894 3153 3237 3216 ἑλκύσαντες.
3300 3153 3361 3210 b‘i
3406 3152 3463 3209 δὲ
3493 3175 3576 3217 τις
3608 3153 3768 3232 φαίη,

2108 3248 2184 3320 μὴ
2247 3252 2432 3323 σαφῶς
2489 3246 2579 3301 καὶ
2640 3243 2944 3321 διαῤῥῆδην
3003 3245 3052 3314 ἐξ
3113 3244 3292 3319 ἀρχῆς
3340 3248 3508 3299 ταῦτα
3534 3246 3765 3317 κεκήρυ-

3200 3336 3431 3394 συνετῶς
3507 3331 3768 3387 ἀκούουσι

2112 3422 2343 3497 λαμπρά
2401 3424 2542 3479 ἐστιν
2600 3422 2737 3492 αὕτη
2795 3423 2886 3478 καὶ
2948 3420 3113 3478 απὸδε
3141 3423 3220 3492 ξις
3276 3422 3368 3476 καὶ
3427 3418 3772 3493 διδασκαλία,

2111 3513 2185 3573 ὡς
2224 3516 2312 3567 καὶ
2359 3519 2438 3586 τῷ
2488 3517 2640 3591 σοφῷ
2666 3508 2812 3582 ἔδοξε
2861 3511 3105 3568 Φίλωνι.
3155 3512 3212 3567 Εἰ
3258 3508 3433 3566 δὲκαὶ
3466 3531 3772 3566 συνεσκιαι-

2112 3601 2325 3673 σμὲνως
2356 3601 2570 3678 ἐρξὲθη,
2614 3600 2787 3656 ἐκεῖνο
2840 3601 3151 3675 λογίζεσθαι
3204 3602 3341 3675 χρῆ.
3375 3598 3459 3654 ὅτι
3490 3597 3778 3662 Ἰουδαίοις

2109 3697 2224 3753 τοῖς
2256 3691 2331 3754 εἷς
2377 3690 2669 3747 πολυοείαν
2732 3691 2957 3767 ῥέπουσι
3017 3693 3437 3762 νομοθετοῦντες
3497 3689 3597 3744 οὐκ
3653 3686 3777 3744 ἐδο-

2109 3780 2343 3851 κίμασαν
2432 3778 2696 3856 διαφορὰ-ι
2764 3782 3076 3855 προσώπων
3136 3779 3467 3855 εἰσαγαγεῖν,
3528 3777 3613 3832 ἵνα
3689 3779 3769 3852 μή

2110 3866 2369 3949 διάφορον
2421 3871 2579 3948 φύσιν
2633 3874 2683 3925 ἐν
2738 3876 2857 3932 ταῖς
2914 3869 3268 3924 ὑποστάτεσιν
3303 3868 3441 3922 εἶναι
3498 3865 3776 3942 δογματί-

2109 3980 2293 4021 σαντες
2326 3959 2401 4022 εἷς
2462 3957 2893 4034 εἶδωλολατρίαν
2947 3957 3303 4025 ἒλκυσΟῶσιν,
3344 3955 3489 4011 ἀλλᾶ
3516 3963 3616 4025 τῆς
3646 3977 3771 4029 μον-

2106 4050 2307 4123 αρχὶας
2367 4048 2419 4118 ἐξ
2478 4050 2660 4124 ἀρχῆς
2722 4048 2981 4122 μαθόντες
3042 4048 3272 4120 μαθημα
3309 4046 3445 4100 κατὰ
3479 4046 3671 4120 μικρὸν
3706 4046 3771 4101 τὸ

2104 4143 2212 4192 τῶν
2251 4138 2595 4193 ὑποστάςεων
2652 4134 3064 4215 ἀναδιδαχθῶσι
3126 4132 3325 4208 δόγμα,
3382 4134 3445 4189 τὸ
3497 4132 3662 4189 πάλιν
3692 4133 3771 4197 είς

2107 4226 2336 4297 ἑνότητα
2369 4227 2579 4303 φύσεως
2642 4226 2965 4301 ἀνατρὲχον,
3021 4224 3095 4285 ὡς
3150 4224 3289 4278 εἶναι
3344 4223 3410 4277 τὰ
3446 4222 3539 4297 μὶν
3573 4223 3769 4285 ἑνικῶς

2106 4314 2380 4391 λεγόμενα
2411 4322 2509 4384 τῆς
2551 4314 2887 4382 ταυτότῃτος
2947 4320 3045 4381 τῆς
3104 4313 3317 4393 φ’ἒσεως
3371 4312 3763 4388 παραστατικὰ,

2102 4405 2171 4458 τὰ
2201 4404 2257 4459 δὲ
2292 4400 2681 4479 ὑπερϐαίνοντα
2730 4404 2819 4458 τὸν
2867 4405 3041 4459 ἑνικὸν
3092 4403 3325 4478 ἀριθμὸν
3356 4405 3457 4467 τῆς
3488 4406 3593 4455 τῶν
3630 4402 3767 4457 ὑπο-

2105 4494 2340 4549 στάσειυν
2379 4493 2656 4563 ἶ’διότητος
2689 4500 2789 4563 τῆς
2849 4493 2926 4553 εἷς
2970 4493 3095 4565 μίαν
3160 4492 3342 4546 οὐσίαν
3373 4490 3763 4565 συναγομένης.

2104 4583 2182 4639 Ἰὸ
2219 4585 2313 4655 μὲν
2360 4584 2463 4658 γὰρ
2525 4581 2816 4660 διαρόρους
2870 4583 3056 4642 οὲσεις
3114 4580 3463 4640 ὑποτίθεσθαι
3504 4579 3766 4657 Έλληνι,

2102 4674 2220 4741 κὸν,
2251 4675 2311 4727 τὸ
2345 4671 2401 4727 δὲ
2431 4673 2483 4727 ἓν
2532 4674 2832 4745 πρόσωπον
2891 4673 3064 4748 ἤγουν
3125 4670 3250 4743 μίαν
3300 4670 3590 4725 ὑπόστασιν
3625 4671 3764 4726 ἰου-

2104 4759 2309 4816 δαϊκόν’
2343 4763 2404 4817 τὸ
2438 4760 2496 4817 δὲ
2525 4762 2899 4824 πλατόνοντας
2954 4761 3030 4825 εἷς
3087 4762 3186 4828 τήν
3239 4762 3398 4834 ἁγίαν
3429 4761 3517 4815 καὶ
3554 4762 3765 4827 ὁμοού-

2105 4871 2218 4906 σιον
2251 4849 2460 4926 Τριὲδα
2487 4851 2582 4913 τὰς
2619 4852 2940 4913 ὑποστάσεις
2974 4851 3051 4911 εἷς
3112 4851 3240 4922 μίαν
3294 4848 3478 4904 οὐσίαν
3508 4850 3595 4923 [Ρ.
3629 4851 3760 4923 292]

2102 4941 2369 5013 συνάγειν,
2429 4940 2722 5013 ὀρθότατόν
2779 4939 2891 4995 ἐστι
2970 4939 3056 4993 καὶ
3113 4938 3377 5006 ἀληοίνόν
3434 4939 3498 4993 τὸ
3557 4935 3755 5011 δόγμα.

2102 5030 2405 5108 Κεφάλαιον
2465 5027 2522 5085 δὲ
2581 5029 2666 5084 ἰπὶ
2718 5034 2836 5092 τοῖς
2884 5027 3222 5103 λεγομένοις,
3258 5028 3355 5081 οὑκ
3383 5022 3496 5083 ἔστι
3530 5029 3758 5101 φυσικὶς

2098 5118 2399 5189 ἀποδείξεις
2456 5119 2593 5174 κατὰ
2646 5120 2819 5173 πάντα
2875 5124 3219 5190 παραστῆσαι
3275 5121 3384 5171 τῶν
3445 5117 3577 5191 ὑπὲρ
3606 5115 3761 5193 φύσιν

2098 5211 2460 5283 πραγμάτων.
2523 5208 2584 5262 Εἰ
2644 5207 2747 5284 γὰρ
2805 5207 2895 5260 καὶ
2954 5207 3082 5279 σάρξ
3144 5203 3611 5279 ἁληθήςὸλόγος
3643 5203 3764 5281 ἐγε-

2096 5319 2217 5352 νετο
2302 5294 2430 5352 ἀλλ’
2487 5296 2553 5351 οὐ
2612 5295 2776 5369 ψιλὸς
2831 5297 3115 5371 ἄνθρωπος
3149 5296 3177 5348 ὁ
3209 5295 3446 5370 Χριστὸς
3487 5294 3759 5369 ἐνανθρω-

2094 5389 2299 5457 πήσας.
2333 5385 2548 5460 μᾶλλον
2598 5383 2656 5441 δὲ
2708 5387 2838 5447 Θεός
2889 5384 2940 5456 ἐξ
2998 5382 3263 5460 ἑκατέρων
3296 5390 3404 5439 τῶν
3435 5390 3646 5439 φύσεων
3680 5383 3762 5447 εἷς

2097 5476 2333 5553 ὑπάρχει
2376 5478 2501 5539 Υἱὸς
2563 5480 2698 5531 Θεοῦ
2758 5475 2888 5538 Θεὸς
2949 5475 3297 5551 ὑπερούσιος,
3330 5474 3376 5530 εἰ
3408 5474 3497 5529 καὶ
3529 5472 3761 5550 διαρῥή-

416 5645 465 5683 ”
493 5648 638 5705 Gen.
671 5664 709 5715 ι,
741 5648 828 5703 26.
855 5645 906 5683 93
936 5649 1079 5705 Gen.
1114 5664 1229 5715 nx,
1256 5646 1346 5701 2i.
1378 5643 1426 5679 99
1449 5642 1602 5701 Psal.
1636 5659 1747 5701 Cix.
1788 5650 1834 5705 ί.
1871 5650 1885 5684 ¹
1922 5649 2034 5708 Isa.
2069 5668 2141 5719 v1,
2177 5653 2230 5708 3.
2260 5653 2280 5687 ²
2309 5650 2460 5710 Psal.
2491 5667 2646 5724 xxvx,
2677 5652 2732 5721 8,
2762 5654 2818 5708 9.
2848 5650 2872 5686 ³
2899 5650 3058 5714 Psal.
3089 5666 3242 5719 XLIX,
3276 5650 3472 5720 14,1ὅ.
