4144 6456
281 406 411 501 τις,το

1458 403 1775 466 HlS’l‘ORl
1786 405 1825 463 Α
1839 400 2006 463 RUM
2053 398 2212 459 COM
2226 398 2575 461 PENDlUM
2586 442 2603 460 .

3581 405 3704 465 558

286 561 496 619 γνυνται
527 540 579 594 οἳ
616 540 679 595 τὸ
743 542 929 613 μεῖζον
995 536 1086 592 καί
1141 533 1370 592 ’ἔλαττον
1430 532 1519 590 ἰπὶ
1574 539 1671 590 τοῦ
1730 533 1940 609 Πατρὸς

2062 530 2234 586 homo
2265 530 2377 586 fuit
2404 530 2671 587 Christus
2701 532 2763 587 in
2822 547 2998 588 carne
3049 531 3289 605 degens,
3351 536 3453 591 sed
3504 540 3709 610 potius

289 632 502 687 καὶτοῦ
531 630 662 685 Υἳοῦ
693 627 1089 703 συγκρίνοντες,
1150 626 1489 701 έτεροσύσιον
1543 625 1637 680 τὸν
1682 625 1806 679 Υἱὸν
1846 627 1945 678 τοῦ

288 720 499 797 Πατρὸς
528 720 619 774 καὶ
652 717 914 791 ἀνόμοιον
965 714 1415 795 δογματίζοντες.
1474 714 1552 773 Οὐ
1599 714 1705 792 γὰρ
1741 714 1944 782 ἳσασιν,

288 812 361 872 ὠς
387 803 560 865 ἔοικεν
594 807 679 864 ὅτι
713 813 898 880 μεῖζον
921 806 1012 861 καὶ
1070 802 1294 861 ἔλαττον
1346 804 1433 860 ἐπὶ
1476 808 1584 860 τῶν
1632 800 1943 878 ὁμοουσίων

291 902 534 969 ζητεῖται
566 896 656 951 καὶ
706 896 963 970 κρίνεται,
1018 894 1092 955 ὡς
1140 893 1425 967 ἄνθρωπος
1474 892 1763 967 ἀνθρώπου
1823 891 1948 962 μεί-

299 992 403 1057 ζων
435 986 525 1041 καὶ
559 986 690 1058 βοῦς
722 984 854 1060 βοὸς
883 982 973 1039 καὶ
1002 983 1191 1055 ίῖππος
1233 980 1434 1053 ἵππου,
1479 981 1571 1037 καὶ
1613 978 1945 1051 ἁπαξαπλῶς

288 1080 315 1134 ὃ
344 1077 533 1133 κανὼν
596 1083 697 1146 τῆς
765 1074 1098 1150 σκγκρίσεως
1154 1079 1273 1138 τοῖς
1327 1072 1635 1149 ὂμογενέσιν
1693 1071 1943 1146 ἁρμόζει.

284 1169 348 1226 Ὃ
378 1167 565 1223 τοίνυν
614 1166 683 1220 τὰ
739 1168 836 1219 τοῦ
886 1167 1022 1219 Θεοῦ
1073 1160 1377 1238 τολμηρῶς
1435 1161 1946 1237 περιεργαζόμενος,

283 1257 373 1313 καὶ
422 1256 643 1330 μείζονα
676 1252 852 1329 λέγων
903 1256 1001 1308 τοῦ
1049 1252 1180 1307 Υἱοῦ
1229 1254 1324 1308 τὸν
1376 1250 1609 1326 Πατέρα,
1656 1251 1758 1318 τὴν
1812 1247 1946 1324 σύγο

282 1366 461 1422 κρισιν
505 1344 581 1406 ὡς
642 1341 944 1416 ὁμοούσιον
984 1342 1312 1417 ¹προσίεται,
1359 1340 1457 1395 κᾶν
1519 1342 1596 1413 μὴ
1650 1336 1942 1415 βούληται·

282 1432 602 1508 έτεροοῦσια
682 1433 785 1508 γὰρ
835 1428 1115 1502 ἀλλήλοις
1160 1428 1538 1507 συγκρίνεσθαι
1590 1427 1652 1482 οὐ
1703 1424 1944 1496 δύναται,

282 1522 406 1580 οὔτε
464 1522 685 1599 λέγεται
751 1520 952 1595 μείζων
1009 1522 1298 1596 ἅνθρωπος
1360 1520 1489 1594 βοὸς
1527 1519 1564 1588 ἤ
1600 1518 1799 1591 μείζων
1849 1515 1947 1571 ἄν-

283 1626 506 1688 θρωπος
562 1612 826 1686 καμήλου
883 1611 919 1681 ἢ
991 1610 1192 1685 μείζων
1251 1609 1535 1686 ἄνθρωπος
1591 1606 1808 1684 ῗχθύος.
1863 1605 1947 1664 Τὰ

290 1704 472 1775 μέντοι
531 1723 592 1778 γε
645 1701 740 1757 τὸν
796 1701 974 1757 ἑνικὸν
1031 1700 1265 1775 ἀριθμὸν
1329 1694 1718 1772 ὑπερϐαίνοντα
1774 1695 1827 1751 έν
1875 1700 1943 1770 τῇ

289 1792 410 1864 θείᾳ
442 1790 628 1870 Γραφῆ
666 1797 766 1861 τῆς
821 1795 929 1846 τῶν
978 1789 1323 1846 ὑποστάσεων
1374 1786 1635 1863 διαφορᾶς
1679 1787 1782 1841 εἰσι
1837 1805 1947 1840 πα-

286 1882 605 1959 ραπατικᾶ,
635 1881 704 1935 τὰ
755 1879 811 1936 δὶ
858 1879 1053 1941 ἑνικῶς
1095 1877 1485 1955 ἐξενηνεγμένα
1528 1877 1629 1946 τῆς
1675 1873 1946 1945 ταυτότη-

282 1993 377 2035 τος
412 1978 514 2040 τῆς
546 1970 778 2045 φύσεως.
811 1969 892 2027 Τὰ
925 1969 1022 2042 μὶν
1051 1969 1156 2043 γὰρ
1201 1965 1439 2042 εἴρηται,
1484 1963 1580 2021 ’ίνα
1633 1960 1938 2025 Σαϐέλλιος

282 2061 373 2117 καὶ
410 2058 670 2117 Ἰουδαῖοι
699 2057 1153 2132 έπιστομισθῶσι,
1201 2057 1269 2112 τὰ
1318 2054 1395 2125 δὲ,
1437 2053 1530 2111 ’ίνα
1581 2056 1799 2125 ’Ἄρειος
1844 2052 1936 2108 καὶ

282 2147 564 2221 Εὐνόμιος
592 2148 681 2202 καὶ
714 2144 985 2218 Ἓλληνες
1033 2144 1484 2217 στηλιτευθῶσιν.
1537 2143 1605 2201 Οἱ
1654 2145 1758 2221 γὰρ
1788 2141 1937 2197 πλα-

275 2238 530 2300 τύνοντες
567 2238 663 2311 μὶν
697 2236 775 2298 εἷς
803 2237 902 2304 τήν
961 2235 1118 2310 ἁγίαν
1170 2232 1376 2310 Τριάδα
1419 2233 1511 2289 τὸν
1557 2238 1665 2288 τῶν
1724 2230 1940 2302 ίδιοτή-

280 2349 392 2384 των
428 2327 686 2404 ἀριθμὸν,
720 2324 1106 2390 συστέλλοντες
1136 2322 1194 2379 δὲ
1224 2324 1301 2386 εἰς
1336 2323 1462 2397 μίαν
1514 2322 1721 2392 οὐσίαν,
1777 2322 1941 2407 ὀρθό-

278 2439 419 2474 τατα
468 2414 865 2495 δογματίζουσι
913 2413 1001 2470 καὶ
1042 2419 1160 2476 ταῖς
1200 2418 1308 2468 τῶν
1364 2411 1627 2483 οὐρανίων
1667 2415 1942 2486 χρησμῶν

285 2503 509 2563 ἕπονται
551 2502 953 2573 διδασκαλίαις,
991 2503 1132 2576 μήτε
1163 2502 1240 2565 εἰς
1268 2499 1563 2565 πολυθεΐαν
1598 2497 1688 2556 διὰ
1715 2501 1814 2570 τὴν
1841 2506 1942 2568 τῆς

286 2598 501 2675 φύσεως
555 2592 819 2674 διαφορὰν
875 2592 1254 2661 ἐκπίπτοντες,
1314 2593 1453 2663 μήτε
1491 2590 1567 2652 εἰς
1626 2586 1946 2663 ίουδαϊσμὸν

286 2684 377 2742 διὰ
399 2686 501 2753 τήν
528 2688 631 2740 τοῦ
690 2683 805 2745 ἑνὸς
857 2679 1157 2758 προσώπου
1222 2680 1474 2735 σύστασιν
1519 2676 1944 2740 ὀλισθαίνοντες.

293 2778 419 2838 Πῶς
450 2773 507 2830 δὲ
533 2772 633 2829 οὐκ
691 2772 993 2848 ἐμυθριῶσι
1056 2769 1313 2842 κτίσματι
1372 2771 1803 2845 προσκυνοῦντες
1858 2766 1946 2823 καὶ

288 2870 411 2926 ταῖς
441 2864 645 2919 ἑαυτῶν
682 2860 993 2937 μαχόμενοι
1043 2861 1289 2935 ψήφοις;
1344 2858 1803 2935 Ἀπαγορεύοντες
1841 2858 1948 2932 γὰρ

289 2955 354 3009 τὸ
390 2954 467 3025 μὴ
509 2955 579 3027 τῇ
633 2949 807 3007 κτίσει
862 2955 1182 3025 προσκυνεῖν
1250 2949 1325 3012 ὡς
1380 2945 1729 3018 Ἑλληνικὸν,
1791 2947 1946 3003 αὐτοῖ

284 3046 452 3098 τοῦτο
484 3038 717 3116 δρῶντες
750 3038 973 3101 έαυτοὺς
1002 3036 1352 3101 λανθάνουσι.
1390 3038 1508 3111 Χρή
1543 3034 1601 3091 δέ
1645 3036 1737 3091 καὶ
1783 3041 1948 3092 τοῦτο

298 3127 514 3198 εἶδέναι,
545 3130 620 3191 ὡς
650 3128 713 3184 οὐ
744 3128 813 3183 τὰ
842 3126 976 3183 αὐτὰ
1016 3125 1259 3199 ὀνόματα
1302 3125 1514 3187 πάντως
1557 3125 1645 3180 καὶ
1695 3125 1764 3180 τὰ
1816 3125 1950 3181 αὐτὰ

306 3217 498 3290 μηνύει
551 3218 861 3293 πράγματα,
918 3213 1042 3271 οὕτε
1074 3217 1109 3285 ἡ
1155 3213 1450 3290 ὁμωνυμία
1498 3214 1841 3288 συνωνυμίαν
1888 3213 1949 3271 έκ

2056 621 2211 675 Deus
2242 637 2313 675 ex
2346 626 2598 692 utraque
2624 630 2833 677 natura
2884 638 3043 677 unus
3093 625 3323 679 exstitit
3366 625 3549 682 Filius
3604 628 3708 684 Dei

2056 709 2231 770 Deus.
2264 715 2478 765 natura
2538 726 2736 766 rerum
2782 716 3115 767 creatarum
3166 714 3458 785 superior,
3512 716 3603 771 vel
3659 717 3708 773 si

2054 804 2412 871 rumpantur
2436 801 2537 871 qui
2560 802 2794 856 Patrem
2818 792 2952 856 cum
2975 802 3122 856 Filio
3143 804 3373 858 ratione
3397 805 3638 877 majoris
3652 812 3712 863 et

2054 889 2307 945 minoris
2336 897 2748 963 comparantes
2801 891 3046 947 diversae
3095 893 3443 949 substantiae
3475 912 3510 952 a
3537 894 3708 952 Patre

2053 978 2268 1034 Filium
2302 979 2475 1050 eique
2506 980 2864 1036 dissimilem
2913 985 3202 1037 statuunt.
3255 984 3411 1049 Quos
3461 990 3710 1058 apparet

2052 1084 2176 1122 non
2216 1068 2730 1136 animadvertisse,
2765 1069 2923 1141 quod
2955 1071 3149 1142 majus
3180 1076 3240 1126 et
3260 1073 3459 1128 minus
3477 1078 3711 1130 tantum

2054 1157 2117 1212 in
2150 1157 2241 1211 his
2274 1164 2626 1229 quaeruntur
2656 1163 2715 1214 et
2737 1159 3088 1229 judicantur
3119 1178 3249 1232 qua:
3275 1162 3545 1234 ejusdem
3567 1170 3713 1219 sunt

2054 1253 2308 1313 naturae,
2342 1254 2407 1304 ut
2436 1249 2616 1304 homo
2648 1250 2889 1305 homine
2919 1251 3113 1323 major
3142 1253 3405 1324 itemque
3430 1255 3572 1310 bove
3598 1255 3707 1310 hos

2056 1342 2112 1391 et
2139 1354 2329 1408 equus
2355 1355 2508 1409 equo
2536 1338 2783 1405 dicitur;
2817 1343 3180 1411 omninoque
3210 1342 3415 1415 regula
3442 1359 3510 1398 ea
3540 1360 3708 1398 com-

2053 1426 2305 1498 parandi
2328 1427 2390 1481 in
2416 1428 2489 1483 iis
2511 1427 2708 1483 locum
2734 1428 2916 1484 habet
2935 1446 3065 1500 qua)
3088 1437 3227 1485 sunt
3248 1431 3517 1502 ejusdem
3533 1449 3709 1502 gene-

2053 1516 2271 1581 ris.Qui
2297 1533 2433 1589 ergo
2460 1517 2669 1572 audaci
2696 1517 3037 1574 curiositate
3058 1520 3244 1574 Deum
3271 1522 3506 1577 Patrem
3554 1522 3703 1578 Filio

2057 1608 2337 1678 majorem
2371 1608 2534 1675 dicit,
2571 1609 2621 1664 is
2652 1610 2872 1665 invitus
2906 1611 3084 1666 etiam
3117 1611 3387 1668 eamdem
3429 1618 3705 1669 naturam

2053 1697 2368 1768 utriusque
2398 1698 2675 1753 admittit.
2712 1699 2850 1764 Quas
2889 1701 3047 1754 enim
3074 1707 3286 1756 natura
3308 1702 3612 1772 differunt,
3642 1720 3715 1759 ea

2055 1787 2388 1858 comparari
2414 1803 2534 1842 non
2560 1794 2840 1858 possunt;
2860 1804 3054 1860 neque
3077 1789 3256 1844 homo
3284 1790 3451 1858 bove,
3481 1791 3711 1848 camelo

2055 1883 2157 1932 aut
2178 1878 2339 1948 pisce
2366 1877 2557 1949 major
2577 1877 2814 1932 dicitur.
2839 1878 2992 1934 Sane
3016 1895 3147 1949 quae
3179 1870 3238 1933 ἱῗι
3262 1880 3448 1935 sacris
3472 1881 3707 1937 Litteris

2049 1965 2121 2021 de
2150 1966 2266 2021 Deo
2289 1983 2469 2038 supra
2491 1966 2854 2040 singularem
2872 1983 3189 2023 numerum
3212 1968 3512 2035 dicuntur,
3539 1987 3606 2026 ea
3628 1968 3704 2025 ad

2047 2070 2441 2128 personarum
2466 2056 2814 2111 discrimina
2835 2056 3217 2112 monstranda
3233 2058 3485 2113 faciunt:
3505 2059 3706 2131 singu-

2048 2146 2159 2202 lari
2192 2162 2442 2201 numero
2475 2147 2652 2202 effata
2680 2146 2975 2202 unitatem
3000 2154 3229 2203 naturae
3252 2148 3484 2205 docent.
3510 2156 3702 2222 Atque

2050 2235 2152 2291 illa
2183 2236 2337 2293 512
2371 2235 2637 2307 quidem,
2670 2241 2736 2291 ut
2767 2236 3023 2291 Sabellio
3055 2241 3114 2293 et
3140 2237 3359 2293 Judmis
3392 2254 3496 2295 ora
3526 2240 3702 2296 obtu-

2050 2325 2169 2379 rari
2203 2331 2469 2397 possent,
2493 2325 2649 2381 dicta
2670 2332 2811 2380 sunt
2836 2342 2849 2393 ;
2877 2326 3025 2391 haec,
3050 2327 3331 2396 utArius,
3360 2329 3709 2401 Eunomius,

2053 2420 2113 2470 et
2131 2415 2314 2470 Graeci
2330 2420 2702 2472 notarentur.
2722 2415 2829 2481 Qui
2844 2431 2979 2471 vero
3000 2421 3263 2472 sanctam
3279 2418 3620 2474 Trinitatem
3648 2419 3711 2475 in

2053 2523 2449 2579 personarum
2485 2507 2810 2562 ternarium
2862 2508 3210 2575 extendunt,
3262 2510 3344 2564 ita
3373 2516 3442 2565 ut
3489 2509 3597 2567 bas
3645 2512 3707 2567 in

2053 2610 2233 2649 unam
2260 2595 2648 2667 compingant
2670 2600 2968 2663 naturam,
2992 2595 3033 2650 ii
3057 2597 3393 2653 rectissime
3415 2598 3706 2669 sentiunt,

2055 2682 2505 2754 cwlestiumque
2519 2684 2743 2738 auctori
2755 2688 2933 2739 tatem
2957 2685 3335 2741 oraculorum
3350 2694 3706 2759 sequuntur,

2056 2789 2123 2828 ac
2155 2787 2349 2843 neque
2392 2771 2466 2828 ad
2525 2772 2973 2829 multitudinem
3030 2773 3278 2829 deorum
3328 2776 3709 2832 statuendam

2058 2861 2394 2917 diversitate
2426 2866 2775 2918 naturarum
2820 2862 3075 2918 conﬁcta
3123 2862 3462 2936 adiguntur,
3513 2881 3711 2936 neque

2055 2952 2236 3007 unius
2250 2968 2518 3022 personas
2543 2956 2881 3007 commento
2903 2952 2967 3007 in
2991 2952 3361 3008 Judaismum
3385 2954 3711 3027 prolabun-

2058 3047 2172 3098 tur.
2207 3042 2511 3108 Quomodo
2556 3048 2754 3098 autem
2805 3059 2927 3098 non
3001 3044 3361 3099 erubescunt
3425 3045 3713 3108 haeretici,

2059 3137 2389 3187 creaturam
2407 3132 2722 3188 adorantes
2736 3132 2970 3205 sibique
2986 3132 3132 3205 ipsis
3147 3132 3514 3206 refragantes
3527 3135 3555 3190 ?
3573 3152 3710 3191 cum

2059 3221 2218 3277 enim
2231 3226 2775 3277 vetuntcreaturam
2791 3221 3473 3285 adorareﬁrzecanicum
3490 3224 3712 3296 quippe

295 3307 500 3369 παντὸς
558 3292 765 3380 τρόπου
820 3304 1086 3381 ἐμφαίνει.
1150 3304 1270 3361 Ἐπῖ
1334 3304 1430 3377 μέν
1490 3304 1594 3380 γὰρ
1663 3309 1762 3359 τοῦ
1818 3306 1947 3360 Υἱοῦ

2062 3311 2171 3382 ipsi
2212 3310 2621 3382 imprudentes
2676 3309 2837 3366 idem
2897 3310 3298 3366 committunt.
3361 3311 3422 3366 ld
3474 3292 3710 3384 quoque

285 3397 489 3471 κυρίως
535 3395 749 3471 λέγεται
793 3397 828 3465 ἡ
867 3395 1144 3470 γέννηρις,
1206 3392 1292 3448 ἐπὶ
1354 3390 1412 3448 δὶ
1468 3397 1578 3448 τῶν
1635 3394 1948 3466 κτισμάτων

280 3493 767 3565 καταχρηστικῶς,
855 3486 939 3541 ἐπ’
1039 3484 1252 3541 ἐκείνου
1331 3486 1426 3559 μὲν
1514 3492 1614 3554 τῆς
1687 3483 1952 3556 ἀληθείας

275 3577 459 3633 ἕνεκεν
487 3577 711 3647 καὶτῆς
751 3574 1212 3648 ὁμοουσιότητος,
1266 3573 1354 3631 ἐπὶ
1421 3573 1479 3630 δὲ
1526 3576 1734 3630 τούτων
1779 3582 1951 3647 τιμῆς

290 3670 458 3743 χάριν
489 3667 580 3722 καὶ
616 3665 910 3730 υἱοθεσίας.
956 3662 1261 3736 Βουληθεὶς
1295 3665 1403 3741 γὰρ
1452 3663 1753 3736 ἀπεκύησεν
1803 3667 1952 3735 ἡμᾶς

293 3754 457 3831 λόγῳ
488 3753 768 3825 ἀληθείας.
803 3755 894 3823 Μὴ
943 3754 1125 3809 τοίνυν
1175 3755 1212 3823 ἡ
1263 3752 1560 3828 ὁμωνυμία
1604 3753 1703 3822 τὴν
1760 3754 1955 3826 ὁμοτι-

286 3847 420 3920 μίαν
470 3845 693 3901 ἐνταῦθα
747 3844 999 3910 τικτέτω,
1050 3840 1191 3917 μηδὲ
1242 3843 1309 3897 τὰ
1364 3846 1822 3919 καταχρηστικῶς
1879 3840 1953 3898 εἶ-

281 3936 503 4013 ρημὲνα
557 3935 761 4011 κυρίως
823 3932 1093 4009 λεχθῆναι
1150 3931 1481 4007 νομιζέσθω,
1554 3932 1668 3987 ἐπεὶ
1719 3932 1812 3987 καὶ
1859 3933 1953 3989 τὸν

290 4026 472 4098 θυμὸν
500 4024 593 4079 καὶ
642 4025 744 4094 τήν
797 4023 968 4098 ὀργὴν
1018 4022 1109 4078 καὶ
1155 4019 1337 4077 τᾶλλα
1390 4020 1562 4076 πάντα
1608 4021 1674 4075 τὰ
1721 4025 1790 4095 τῇ
1841 4021 1957 4093 θείᾳ

290 4119 374 4189 μὴ
420 4112 703 4189 πρέποντα
759 4111 913 4189 φύσει
966 4115 1423 4187 καταχρηστικῶς
1488 4107 1807 4183 λελεγμένα,
1859 4109 1958 4165 οὐκ

286 4203 354 4260 ἄν
409 4224 499 4268 τις
542 4201 817 4277 εὐφρονῶν
879 4199 1080 4275 κυρίως
1131 4198 1432 4275 πεφράσθαι
1481 4199 1568 4272 [Ρ.
1613 4200 1741 4271 293]
1797 4198 1955 4278 φαίη.

291 4296 485 4368 Δῆλον
516 4295 620 4372 γάρ
647 4292 792 4349 ἐστιν
824 4293 907 4349 ὅτι
939 4292 1148 4366 ἑκάστῳ
1189 4292 1386 4368 χωρίῳ
1429 4291 1518 4347 καὶ
1570 4289 1766 4366 ἑκάστῃ
1818 4290 1957 4363 λέξει

282 4391 321 4460 ἡ
379 4389 745 4465 προσήκουσα
799 4384 889 4440 καὶ
941 4383 1259 4457 ἁρμόζουσα
1317 4379 1643 4460 διασάιρησις
1682 4403 1960 4459 προσαγο-

283 4479 434 4550 μένη
473 4477 574 4545 τὴν
605 4473 865 4541 ἀλήθειαν
899 4469 1106 4528 ὠδίνει.

2063 3399 2369 3455 sciendum
2406 3405 2515 3466 est,
2538 3417 2656 3455 non
2678 3399 3142 3473 semperiisdem
3157 3400 3458 3456 vocabulis
3471 3401 3712 3458 easdem

2062 3506 2157 3544 res
2180 3489 2524 3560 signiﬁcari,
2548 3504 2743 3560 neque
2766 3489 2964 3545 statim
2995 3488 3201 3545 eodem
3229 3489 3405 3545 modo
3428 3491 3619 3547 natari
3646 3508 3716 3547 ea

2063 3595 2196 3649 quas
2228 3579 2529 3633 communi
2560 3578 2846 3633 vocabulo
2877 3579 3240 3634 indicantur.
3275 3581 3420 3635 Nam
3475 3582 3716 3652 proprie

2065 3667 2285 3722 dicitur
2313 3667 2526 3723 Filium
2561 3684 2689 3723 esse
2716 3669 3022 3741 genitum:
3058 3668 3129 3724 de
3163 3674 3435 3725 creatura
3458 3669 3721 3726 idemin-

2064 3757 2302 3829 proprie
2335 3756 2575 3812 dixeris.
2608 3756 2755 3813 Filio
2788 3758 2949 3813 enim
2982 3757 3268 3813 tribuitur
3304 3759 3415 3814 hoc
3453 3759 3716 3815 veritatis

2066 3861 2263 3908 causa,
2298 3850 2357 3899 et
2387 3846 2527 3916 quia
2587 3846 2855 3917 ejusdem
2904 3853 2995 3902 est
3047 3863 3182 3903 cum
3242 3848 3417 3903 Patre
3479 3853 3713 3904 naturae

2066 3938 2357 3993 creaturis
2390 3944 2588 3992 autem
2623 3939 2866 3993 honoris
2898 3944 2956 3994 et
2985 3938 3323 4011 adoptienis
3362 3941 3568 4013 gratia.
3605 3941 3722 3997 Sua

2068 4027 2230 4081 enim
2262 4026 2565 4081 voluntate
2598 4032 2794 4082 motus
2825 4027 3031 4099 genuit
3060 4044 3191 4097 nos,
3223 4027 3399 4083 verbo
3442 4029 3731 4084 veritatis.

2068 4120 2194 4174 Non
2227 4118 2407 4191 igitur
2424 4119 2687 4174 nominis
2710 4121 3109 4175 communitas
3136 4120 3232 4175 hic
3255 4119 3525 4176 eamdem
3543 4120 3734 4193 digni-

2068 4213 2251 4263 tatem
2275 4208 2576 4278 utrimque
2596 4208 2939 4275 atl'erre,aut
2962 4208 3115 4279 quod
3147 4209 3472 4280 improprie
3489 4209 3730 4280 dicitur,

2069 4296 2309 4369 proprie
2338 4301 2691 4368 usurpatum
2725 4301 2986 4368 putetur,
3020 4296 3259 4367 quando
3292 4296 3733 4353 excandescen-

2070 4385 2211 4441 tiam
2250 4385 2427 4441 etiam
2462 4394 2520 4440 et
2549 4386 2698 4441 iram
2732 4391 2791 4441 et
2818 4385 2937 4440 alia
2967 4385 3179 4440 divinas
3211 4391 3439 4441 naturae
3498 4403 3729 4457 nequa-

2075 4493 2253 4549 quam
2281 4477 2693 4532 convenientia
2713 4493 2889 4531 nemo
2915 4493 3094 4532 sanus
3114 4478 3232 4532 Deo
3255 4477 3493 4549 proprie
3507 4477 3727 4534 ascribi

275 4565 587 4631 censebit,
620 4581 755 4622 cum
781 4564 973 4620 abusu
1004 4562 1423 4619 vocabulorum
1455 4562 1510 4617 ei
1542 4561 1938 4620 ascribantur.
1979 4565 2221 4622 Constat
2267 4566 2427 4621 enim
2467 4566 2622 4623 5'8
2672 4566 2856 4621 cuivis
2885 4564 3016 4621 loco
3066 4570 3124 4621 et
3170 4566 3458 4623 vocabulo
3507 4583 3734 4623 conve-

275 4658 564 4714 nientem
596 4658 656 4709 et
683 4651 1082 4724 quadrantem
1113 4650 1668 4724 interpretationem
1696 4650 2026 4708 adhibitam
2055 4655 2362 4710 veritatem
2401 4654 2720 4726 parturire.

357 4741 691 4802 Εἱπάτωσαν
722 4737 781 4796 δέ
809 4761 873 4814 γε
901 4738 992 4795 καὶ
1023 4739 1076 4794 οἱ
1106 4738 1185 4801 εἰς
1210 4738 1274 4794 τὸ
1304 4737 1460 4815 ἅγιον
1507 4739 1728 4811 Πνεῦμα
1786 4737 1960 4814 βλασ-
1988 4745 2035 4810 D

276 4835 615 4912 φημοῦντες
646 4831 736 4886 καὶ
785 4836 886 4899 τῆς
942 4828 1086 4894 θείας
1143 4826 1333 4890 οὐσίας
1398 4826 1530 4882 αὐτὸ
1597 4826 1954 4903 χωρίζοντες,

280 4928 416 4985 πῶς
449 4922 481 4976 ὁ
521 4920 653 4982 Θεὸς
712 4920 805 4975 καὶ
861 4920 1062 4994 Σωτὴρ
1117 4919 1279 4991 ἡμῶν
1337 4915 1758 4992 ένανθρωπησας
1814 4938 1957 4991 παρ-

282 5010 474 5068 έόωκε
523 5007 996 5085 συμπληρωτικὸν
1056 5008 1196 5062 εἶναι
1251 5013 1355 5076 τῆς
1404 5005 1566 5079 ἁγίας
1612 5003 1841 5080 Τριάδος
1898 5005 1961 5061 τὸ

279 5101 568 5175 πανάγιον
628 5100 872 5172 Πνεῦμα,
925 5097 1014 5152 καὶ
1075 5096 1133 5152 έν
1195 5099 1264 5170 τῇ
1323 5094 1610 5165 ἐπικλήσει
1664 5099 1761 5150 τοῦ
1817 5094 1961 5150 θείου

286 5188 687 5269 βαπτίσματος
720 5189 813 5244 σὺν
848 5187 1018 5264 Πατρὶ
1047 5187 1139 5243 καὶ
1189 5187 1302 5260 ru};
1358 5185 1434 5247 ὡς
1482 5183 1803 5261 ἐλευθεροῦν
1850 5190 1960 5241 τῶν

278 5282 720 5359 ἁμαρτημάτων
775 5280 905 5344 τοὺς
991 5280 1317 5355 ἀνθρώπους
1373 5275 1801 5352 ἀριθμούμενον.
1858 5278 1961 5335 Καὶ

276 5372 387 5430 ἐπὶ
418 5377 522 5441 τῆς
557 5377 826 5444 μυστικῆς
856 5367 1132 5444 τραπέζης
1177 5368 1241 5424 τὸ
1289 5371 1446 5440 σῶμα
1496 5362 1669 5421 ίόικὸν
1717 5373 1819 5436 τῆς
1863 5372 1962 5423 τοῦ

280 5467 432 5522 Υἱοῦ
472 5464 801 5539 σαρκώσεως
861 5463 1187 5539 ἀποφαῖνον,
1245 5463 1366 5521 πῶς
1414 5456 1475 5514 ἅν
1525 5455 1611 5528 εἴη
1653 5459 1885 5529 ποιητὸν
1924 5460 1959 5532 ἢ

282 5554 525 5612 κτιστὸν
557 5555 593 5623 ἢ
624 5560 728 5623 τῆς
757 5548 1025 5620 δουλικῆς
1055 5552 1291 5631 φύσεως,
1315 5546 1444 5604 ἀλλ’
1496 5548 1563 5602 οὐ
1612 5554 1713 5617 τῆς
1764 5545 1960 5605 δεσπο-

268 5650 456 5714 τικῆς
483 5643 577 5699 καὶ
613 5640 961 5717 δημιουργοῦ
1001 5640 1093 5696 καὶ
1149 5635 1434 5716 βασιλίδος
1482 5636 1668 5701 οὐσίας
1714 5639 1964 5715 συγγενὲς

267 5733 383 5794 καὶ
420 5731 722 5810 ὁμοούσιον
752 5731 817 5788 τὸ
846 5729 1001 5808 ἅγιον
1033 5728 1296 5805 Πνεῦμας
1327 5726 1396 5786 Et
1430 5727 1537 5806 γὰρ
1591 5724 1822 5801 δοῦλον,
1880 5730 1960 5804 μή

2137 4744 2262 4798 Jam
2296 4744 2396 4816 qui
2425 4744 2498 4799 de
2530 4748 2733 4800 sancto
2758 4744 2979 4816 Spiritu
3006 4744 3184 4817 impie
3210 4743 3544 4817 loquuntur
3562 4762 3733 4802 eum-

2069 4848 2185 4905 que
2216 4832 2413 4889 divina
2444 4839 2658 4889 natura
2689 4834 3109 4901 exterminant,
3142 4834 3552 4907 respondeant
3579 4852 3738 4907 quo-

2075 4922 2251 4977 modo
2284 4922 2558 4977 Servator
2587 4928 2792 4978 noster
2841 4924 2996 4979 Deus
3048 4924 3109 4979 in
3160 4924 3426 4980 humano
3484 4941 3735 4996 corpore

2072 5010 2395 5067 obversans
2427 5017 2695 5068 sanctum
2730 5011 2902 5067 illum
2935 5012 3218 5084 Spiritum
3269 5013 3524 5068 voluerit
3568 5028 3734 5067 com-

2073 5100 2443 5173 plementum
2478 5116 2607 5157 esse
2639 5101 2964 5172 Trinitatis,
2998 5108 3175 5173 atque
3210 5102 3267 5157 in
3297 5100 3592 5173 baptismo
3611 5117 3736 5156 una

2073 5207 2208 5246 cum
2241 5192 2412 5245 Patre
2443 5195 2503 5246 et
2552 5190 2719 5254 Filio,
2770 5196 2836 5247 ut
2884 5191 2982 5262 qui
3037 5191 3314 5246 homines
3371 5206 3406 5245 a
3468 5189 3734 5261 peccatis

2072 5279 2308 5345 liberet,
2341 5278 2645 5335 numerari
2676 5286 2854 5352 atque
2903 5279 3184 5334 invocari.
3240 5279 3310 5332 Et
3366 5277 3426 5332 in
3476 5277 3735 5348 mystica

2072 5385 2258 5436 οωοδ,
2292 5385 2430 5425 cum
2462 5368 2714 5441 Spiritus
2734 5373 2975 5424 sanctus
3003 5384 3215 5440 corpus
3239 5366 3534 5422 incarnati
3560 5366 3735 5423 Verbi

2073 5458 2301 5515 dicrtur
2324 5457 2640 5527 formasse,
2675 5458 2974 5529 quomodo
3005 5456 3193 5529 possit
3220 5456 3413 5511 factus
3449 5470 3580 5511 esse
3630 5460 3735 5512 aut

2074 5552 2329 5616 creatus,
2364 5552 2466 5604 aut
2495 5547 2727 5603 servilis
2757 5545 3140 5613 conditionis,
3167 5561 3285 5600 non
3326 5545 3735 5617 imperatrieis

2071 5644 2322 5705 naturae,
2355 5654 2489 5710 quin
2518 5653 2726 5693 omnes
2767 5653 2861 5692 res
2893 5635 3077 5692 efﬁcit
3105 5640 3283 5707 atque
3305 5632 3571 5706 guberna
3622 5633 3734 5692 ?Si

2073 5729 2234 5790 enim
2254 5727 2458 5789 servili
2479 5731 2573 5785 est
2594 5730 2903 5799 statu,non
2928 5724 3110 5788 debet
3126 5722 3509 5785 annumerari
3532 5725 3614 5786 Do
3623 5718 3738 5785 mi-
