4144 6434
391 349 510 408 859

1758 338 2080 399 GEORGII
2123 338 2461 402 CEDRENI

3689 335 3812 398 560

381 497 498 539 no:
534 481 583 537 si
614 483 909 547 creatura,
961 494 1083 534 non
1142 476 1321 532 debet
1360 491 1494 531 cum
1543 475 1818 530 Creatore
1878 474 2016 546 poni

2157 475 2590 550 συναριθμείσθω
2645 482 2726 550 τῷ
2782 478 2987 555 Κυρίῳ·
3045 476 3090 532 εἰ
3156 474 3395 544 κτιστὸν,
3454 475 3531 548 μή
3592 493 3815 549 συναρι-

381 574 551 628 Certe
574 578 777 628 autem
803 571 1007 625 unitus
1022 570 1073 625 ei
1100 574 1189 623 est
1211 565 1783 633 etannumeratur,si
1800 565 2043 636 quidem

384 666 613 716 rectum
649 665 740 715 est
770 659 1004 715 Christo
1046 658 1256 711 harum
1316 654 1764 709 accuratissimo
1812 653 2041 711 doctori

388 749 569 804 ﬁdem
601 747 908 814 adhibere,
942 745 1192 800 ﬁrmiter
1213 750 1271 798 et
1296 748 1638 798 constanter
1659 743 1918 798 divinam
1942 759 2040 799 na-

387 844 580 893 turam
596 834 1178 892 enarranti.’l‘ametsi
1200 832 1912 904 Spiritusimpugnatores
1928 831 2040 887 sibi

388 944 458 983 eo
481 926 874 998 sapientiores
908 924 1199 987 videntur,
1222 938 1543 992 rerumque
1569 921 1681 975 sibi
1709 921 2040 977 caelestium

388 1017 672 1087 majorem
708 1030 884 1084 quam
918 1013 979 1066 in
1013 1013 1130 1066 Deo
1164 1011 1240 1066 sit
1289 1011 1687 1082 cognitionem
1739 1017 2037 1081 arrogant,

385 1105 509 1159 sive
540 1119 611 1159 ea
640 1102 837 1174 potius
871 1101 1192 1156 temeraria
1220 1106 1311 1155 est
1353 1105 1413 1154 et
1460 1099 1644 1171 impia
1695 1100 2035 1171 garrulitas.

382 1199 601 1266 Quodsi
630 1182 917 1255 Danielus
948 1196 1159 1269 angelo
1191 1201 1509 1267 conspecto
1529 1195 2038 1266 pulchritudinem

382 1288 513 1361 ejus
545 1294 604 1344 et
635 1287 1111 1360 magnitudinem
1144 1285 1391 1340 miratus
1434 1300 1656 1356 pronus
1710 1283 1772 1337 in
1823 1284 2038 1338 faciem

379 1377 717 1451 procubuit.
751 1376 1040 1431 attonitus
1070 1374 1351 1429 inusitato
1378 1372 2037 1445 spectaculoquidnam

380 1466 784 1523 excusationis
799 1467 1074 1522 afferent.
1097 1464 1197 1535 qui
1223 1462 1506 1519 audacter
1525 1479 1586 1516 se
1618 1461 1951 1516 Patri.Filio
1969 1477 2037 1517 ac

379 1553 626 1627 Spiritui
660 1559 863 1609 sancto
897 1553 1192 1623 ingerunt,
1227 1550 1708 1620 ineﬂ‘abilemque
1759 1556 2036 1605 naturam

379 1644 574 1699 verbis
592 1643 773 1698 trutin
783 1658 883 1697 are
898 1648 1074 1712 atque
1091 1640 1388 1712 explicare
1402 1639 1731 1694 conantur?
1743 1639 2035 1694 Caeterum

381 1750 564 1788 sacras
600 1731 828 1786 Litteras
862 1729 1145 1801 temporis
1178 1734 1506 1799 expertem,
1536 1735 1848 1795 mternum,
1879 1729 2036 1784 5I4

2159 562 2399 635 θμείσθω
2473 569 2555 638 τῷ
2641 566 2861 642 Κτίστγγ
2949 565 3162 634 ἥνωται
3245 563 3349 637 γὰρ
3434 563 3525 618 καὶ
3586 561 3814 638 συνηρί-

2159 661 2388 725 θμηται,
2421 651 2610 724 ἐπειδὴ
2640 661 2721 729 τῷ
2750 650 2968 730 ἀκριϐεῖ
2995 659 3105 710 τῶν
3153 652 3418 707 τοιούτων
3468 649 3811 729 δογματιστῇ

2156 741 2373 816 Χριστῷ
2422 743 2700 808 πείθεσθαι
2755 747 3046 822 προσήκει,
3108 736 3344 816 βεϐαίως
3402 742 3490 796 καὶ
3550 738 3812 819 ἀσφαλῶς

2152 832 2219 886 τὰ
2251 831 2503 907 περὶτῆς
2544 833 2747 896 οἰκείας
2799 835 2983 895 οὐσίας
3046 829 3386 901 διδὶσκοντι,
3441 830 3489 886 εἰ
3543 830 3634 885 καὶ
3690 837 3809 892 τοίς

2152 922 2638 997 πνευματομάχοις
2670 921 2839 994 δοκεῖ,
2882 921 3227 1000 σοφωτέρους
3282 920 3414 976 εἶναι
3460 920 3551 976 καὶ
3596 919 3662 974 τᾶ
3715 918 3806 974 οὐ·

2154 1012 2312 1085 ράνιά
2343 1015 2511 1067 πλέον
2543 1010 2741 1068 εἰδέναι
2770 1010 2905 1071 Θεοῦ
2934 1012 3317 1084 κομπάζοντας
3346 1011 3381 1079 ἢ
3419 1008 3633 1082 μᾶλλον
3668 1007 3807 1063 τολ-

2156 1105 2348 1174 μηρῶς
2402 1122 2462 1157 τε
2514 1102 2605 1157 καὶ
2662 1096 2937 1166 δυσσεϐῶς
3022 1099 3441 1175 ῥητορεύοντας.
3505 1096 3565 1154 Εἴ
3621 1097 3713 1152 οὖν
3774 1099 3803 1154 ὁ

2153 1195 2295 1251 θεῖος
2330 1187 2534 1258 Δανιῆλ
2593 1190 2820 1265 ἃγγελον
2878 1189 3208 1260 θεασάμενος
3275 1187 3366 1241 καὶ
3420 1189 3701 1259 θαυμάσας
3741 1187 3804 1242 τὸ

2149 1276 2357 1341 κάλλος
2397 1277 2579 1333 καὶτὸ
2610 1279 2837 1353 μέγεθος
2873 1281 2971 1333 τοῦ
3017 1276 3271 1353 ὀφθέντος
3324 1277 3537 1352 πρηνὴς
3592 1269 3800 1344 ἔπεσεν,

2150 1365 2438 1442 ἐκπλαγεῖς
2471 1366 2606 1440 πρὸς
2636 1368 2700 1420 τὸ
2741 1363 3043 1440 παράδοξον
3089 1371 3192 1434 τῆς
3243 1374 3385 1431 θεας,
3438 1363 3599 1419 ποίαν
3643 1361 3805 1434 ’ἐξου-⁸

2150 1477 2232 1513 σιν
2265 1456 2573 1532 ἀπολογίαν
2606 1457 2657 1512 οἳ
2690 1456 2858 1531 Πατρὶ
2888 1457 2980 1511 καὶ
3034 1456 3142 1528 Υἱῷ
3191 1456 3282 1510 καὶ
3332 1453 3470 1531 ἁγίῳ
3526 1455 3801 1528 υνεύματι

2151 1548 2446 1620 μεσιτεύειν
2475 1546 2795 1619 τολμῶντες
2820 1546 2910 1603 καὶ
2953 1548 3054 1615 τὴν
3117 1544 3355 1622 ἂῤῥητον
3400 1545 3555 1618 φύσιν
3607 1544 3802 1620 λόγοις

2148 1643 2495 1712 ζυγιοστατεῖν
2542 1637 2946 1715 ἐπιχειροῦντες
3002 1639 3089 1694 καὶ
3141 1637 3643 1718 φυσιολογοῦντεςς
3691 1640 3803 1706 Τήν

2143 1728 2327 1784 τοίνυν
2358 1726 2596 1808 ἄχρονον
2626 1733 2713 1784 καί
2748 1726 2921 1784 ἀίδιον
2952 1729 3040 1783 καὶ
3071 1728 3421 1799 διμεσίτευτον
3464 1729 3550 1783 καὶ
3603 1729 3801 1792 παντὸς

380 1822 548 1877 nullo
579 1820 772 1875 medio
790 1819 1209 1889 interceptum,
1233 1816 1517 1887 omnique
1540 1818 1771 1871 ratione
1794 1816 2026 1871 etintel-

2148 1814 2316 1893 λόγου
2349 1815 2558 1872 καὶνοῦ
2606 1819 2891 1892 κρείττονα
2938 1815 3174 1892 πρόοδον
3223 1820 3320 1871 τοῦ
3373 1817 3501 1872 ι’ιοῦ
3550 1817 3657 1873 ἀπὸ
3703 1821 3801 1872 τοῦ

380 1911 537 1966 lectu
568 1914 936 1982 superiorem
972 1907 1100 1962 Filii
1133 1924 1167 1962 a
1196 1908 1368 1961 Patre
1395 1921 1773 1977 progressum
1804 1906 2031 1977 genitu-

378 2015 503 2053 ram
536 2003 765 2065 vocant,
801 2014 921 2052 nou
943 2003 1009 2051 ut
1026 1994 1303 2051 accidens
1324 1992 1565 2065 aliquod
1586 1993 2031 2066 designent.sed

377 2096 445 2143 ut
472 2088 764 2142 unitatem
798 2093 1025 2141 natura)
1056 2084 1413 2155 exprimant.
1448 2085 1670 2138 Revera
1708 2082 1866 2137 enim
1899 2099 2030 2153 quas

377 2178 700 2251 gignuntur
730 2180 789 2230 et
814 2191 946 2245 quas
976 2174 1244 2246 gignunt,
1279 2172 1548 2244 ejusdem
1580 2178 1721 2226 sunt
1768 2171 1925 2227 inter
1968 2189 2031 2227 se

377 2276 626 2323 naturae.
644 2269 726 2322 Ac
742 2270 893 2320 netu
917 2264 1195 2320 accidens
1222 2261 2032 2334 aliquodimagineris,Filius

380 2356 635 2412 Verbum
661 2371 767 2410 seu
788 2355 939 2409 ratio
962 2353 1211 2420 dicitur;
1238 2369 1311 2407 ne
1335 2354 1505 2407 Patre
1528 2353 1918 2424 posteriorem
1932 2368 2035 2423 pu-

378 2452 560 2517 tares,
592 2446 880 2517 scriptum
912 2450 1042 2500 est:
1080 2466 1109 2494 «
1142 2445 1205 2499 In
1225 2443 1518 2515 principio
1546 2450 1667 2498 erat
1693 2444 1970 2499 Verbum.
2001 2464 2029 2493 »

382 2516 636 2591 Additur
664 2516 972 2606 respectus
1003 2533 1078 2589 ad
1108 2535 1344 2588 Patrem
1372 2549 1384 2587 :
1421 2555 1448 2582 ιι
1482 2534 1551 2587 Et
1600 2532 1855 2588 Verbum
1905 2538 2033 2588 erat

375 2625 534 2697 apud
558 2626 760 2679 Deum.
793 2645 821 2674 ››
846 2623 1172 2694 Snbjicitur
1192 2623 1483 2691 dignitas:
1520 2624 1588 2675 Et
1621 2621 1872 2676 Verbum
1905 2628 2033 2677 erat

377 2716 528 2769 Deus
558 2735 586 2764 »
608 2712 964 2768 Vocabulum
982 2712 1112 2767 Filii
1129 2710 2028 2779 consubstantialitatem;Verbi,

375 2805 726 2861 vacuitatem
746 2802 1199 2875 perpessionum
1226 2817 1239 2867 ;
1265 2802 1324 2855 in
1350 2801 1639 2872 principio
1656 2803 2031 2866 l‘uisse,a:ter-

376 2895 627 2950 nitatem
658 2909 793 2948 cum
830 2896 995 2946 Patre
1025 2891 1077 2946 ei
1111 2906 1530 2957 communem;
1591 2890 1748 2962 apud
1794 2892 2030 2945 Patrem

376 2984 581 3048 fuisse,
606 2980 1146 3045 necessitudinem;
1174 2981 1357 3034 Deum
1377 2979 1883 3052 esse,dignitatem
1900 2982 2031 3050 ejus

376 3072 623 3128 iudicat.
658 3070 881 3135 Quibus
912 3069 1326 3134 consideratis,
1345 3085 1412 3124 ac
1435 3069 1506 3124 de
1539 3069 1787 3142 singulis
1811 3086 1879 3124 ea
1897 3086 2027 3139 quas

376 3179 498 3217 non
515 3161 1082 3230 conveniuntneque
1101 3159 1391 3214 decentau
1411 3158 1840 3223 olientes,utde
1853 3159 2023 3225 Filio,

372 3251 791 3323 posteriorem,
827 3249 898 3303 de
934 3247 1138 3311 Verbo,
1170 3248 1410 3319 propria
1431 3247 1764 3301 substantia
1794 3263 2024 3315 carens,

380 3341 462 3395 ita
492 3339 732 3411 quidem
765 3338 978 3394 Filium
1011 3344 1301 3391 internum
1334 3336 1517 3390 Deum
1570 3334 1841 3407 ejusdem
1891 3352 2025 3389 cum

2146 1908 2356 1981 Ηατρὸς
2384 1908 2636 1981 γὲννησιν
2688 1904 2949 1962 καλοῦσιν
3001 1905 3058 1960 αἱ
3107 1905 3311 1982 Γραφαῖ
3348 1904 3457 1984 οὐχ
3493 1902 3584 1959 ’ίνα
3628 1906 3802 1968 πάθος

2149 1995 2562 2072 ὑπογράψωσιν,
2623 1994 2751 2052 ἀλλ’
2804 1992 2897 2050 ⁸ίνα
2953 1994 3015 2050 τὸ
3067 1995 3362 2067 ὁμοοῦσιον
3421 1992 3796 2065 ὑποδείξωσιν·

2145 2084 2416 2155 ὁμοοῦσια
2444 2085 2545 2161 γὰρ
2576 2089 2655 2159 τῷ
2713 2083 2831 2140 ὄντι
2878 2085 2946 2140 τὰ
2992 2084 3285 2157 τικτόμενα
3341 2089 3458 2146 τοῖς
3497 2084 3795 2143 τίκτουσιν.

2142 2174 2260 2229 “Iv:
2316 2172 2375 2229 δὲ
2435 2175 2513 2245 μὴ
2572 2173 2864 2252 φαντασίαν
2928 2173 3138 2237 πάθους
3215 2172 3537 2248 ἐπικομίσῃ,
3620 2173 3796 2248 Λόγον

2144 2263 2663 2338 προσαγορεύουσιν.
2694 2263 2804 2318 Ἵνα
2850 2263 2926 2337 μὴ
2976 2262 3237 2337 νεώτερος
3296 2262 3585 2335 ἐπινοηθῄ,
3635 2286 3659 2315 ιι
3707 2265 3798 2320 Ἐν

2144 2351 2295 2427 ἀρχῇ
2326 2352 2392 2420 ἦν
2435 2353 2463 2406 ὁ
2496 2351 2689 2426 Λόγος.
2712 2376 2740 2404 ››
2773 2350 2948 2429 φασίν.
2989 2352 3119 2407 Εττα
3149 2352 3238 2406 καὶ
3268 2352 3369 2419 τὴν
3402 2351 3537 2426 πρὸς
3568 2351 3661 2406 τὸν
3685 2358 3799 2407 Πα-

2145 2441 2272 2510 τέρα
2301 2440 2488 2520 σχέσιν
2521 2440 2901 2515 κηρύττοντες,
2934 2466 2959 2491 ι(
3000 2440 3101 2498 Καὶ
3135 2441 3163 2494 ὁ
3197 2440 3370 2514 Λόγος
3397 2439 3466 2509 ἦν
3525 2441 3662 2515 πρὸς
3705 2441 3800 2497 τὸν

2146 2530 2297 2587 Θεόν.
2335 2554 2363 2581 ››
2400 2530 2529 2584 rita
2548 2530 2640 2584 καὶ
2670 2531 2768 2597 τήν
2798 2528 2973 2600 ἀξίαν,
3008 2556 3034 2581 ι(
3076 2530 3168 2584 Καὶ
3204 2529 3334 2590 Θεὸς
3362 2531 3427 2598 ἦν
3458 2529 3486 2584 ὁ
3530 2529 3731 2606 Λόγος.
3768 2555 3798 2584 ››

2145 2619 2238 2675 Ἐκ
2274 2620 2369 2691 μὲν
2401 2622 2495 2674 τοῦ
2528 2619 2654 2672 Υἱοῦ
2682 2619 2745 2673 τὸ
2776 2619 3098 2691 ὁμοοῦσιον,
3153 2617 3213 2673 ἐκ
3259 2615 3315 2672 δὲ
3363 2622 3461 2673 τοῦ
3509 2618 3687 2695 Λόγου
3735 2619 3802 2674 τὸ

2143 2708 2366 2775 ἀπαθὲς,
2407 2710 2498 2763 καὶ
2530 2709 2588 2764 ἐκ
2622 2708 2715 2776 μὶν
2766 2712 2863 2763 τοῦ
2921 2706 2972 2762 ἐν
3017 2709 3165 2783 ἀρχῇ
3216 2710 3353 2763 εἶναι
3395 2708 3459 2762 τὸ
3502 2706 3799 2778 συναίδιον,

2142 2795 2203 2853 ἐκ
2233 2794 2289 2852 δὲ
2317 2802 2413 2853 τοῦ
2446 2798 2580 2870 πρὸς
2606 2797 2697 2851 τὸν
2752 2796 2959 2869 Πατέρα
3004 2797 3131 2851 ετναι
3171 2799 3270 2865 τὴν
3326 2798 3460 2872 πρὸς
3512 2796 3672 2853 αὐτὸν
3712 2797 3800 2851 οἰ-

2143 2887 2419 2957 κειότητα,
2452 2883 2541 2940 διὰ
2583 2884 2639 2940 δὲ
2668 2890 2764 2941 τοῦ
2797 2887 2925 2940 Θεὸν
2959 2887 3091 2941 ε’ναι
3123 2889 3223 2954 τὴν
3257 2886 3405 2955 ἀξίαν
3440 2887 3611 2941 αὐτοῦ
3629 2906 3800 2941 κατα-

2147 2976 2542 3048 μαθόντες,καὶ
2586 2976 2636 3047 ἐξ
2687 2975 2914 3030 ἑκάστου
2965 2976 3235 3038 ὀνόματος
3284 2975 3347 3032 τὸ
3391 2977 3467 3049 μὴ
3521 2975 3798 3052 ἐφορμοῦν

2142 3066 2231 3119 καὶ
2264 3065 2498 3139 ἀπρεπὲς
2533 3064 3018 3139 ἀποπεμψάμενοι,
3051 3064 3162 3119 οἷον
3205 3064 3312 3120 ἀπὸ
3371 3065 3465 3136 μὲν
3517 3068 3613 3119 τοῦ
3667 3067 3798 3120 Υἱοῦ

2139 3152 2202 3208 τὸ
2233 3155 2518 3227 νεώτερον,
2551 3153 2657 3208 ἀπὸ
2698 3150 2756 3207 δὲ
2784 3158 2882 3207 τοῦ
2915 3154 3095 3230 Λόγου
3129 3155 3190 3208 τὸ
3220 3152 3613 3218 ἀνυπόστατον,
3662 3155 3791 3210 Θεὸν

2140 3241 2333 3309 ἀΐδιον,
2368 3241 2664 3316 ὁμοούσιον
2701 3242 2790 3298 καὶ
2826 3244 3018 3318 ἀγαθὸν
3053 3245 3139 3297 καὶ
3172 3242 3425 3318 ἀχρόνως
3461 3242 3521 3298 ἐκ
3549 3248 3646 3298 τοῦ
3683 3249 3791 3298 [Ια-

2137 3335 2261 3403 τρός
2292 3332 2630 3406 προελθόντα
2660 3330 2933 3405 εἰδείημεν
2967 3354 3024 3388 τε
3055 3333 3144 3387 καὶ
3178 3334 3677 3407 προσκυνήσαιμεν.

373 3431 542 3484 Patre
575 3428 946 3495 substantiae,
979 3426 1224 3494 bonum,
1250 3431 1309 3479 et
1337 3425 1436 3495 qui
1472 3431 1639 3478 extra
1672 3432 1905 3495 tempus
1936 3441 1970 3480 a
2001 3426 2170 3479 Patre
2203 3441 2544 3496 progressus
2575 3425 2669 3488 sit,
2704 3441 3095 3494 agnoscamus
3126 3440 3194 3480 ac
3220 3424 3660 3481 venerabimur.

444 3519 674 3571 Mortuo
711 3514 1038 3570 Antiochiae
1071 3514 1348 3585 episcopo
1380 3512 1757 3567 sanctissimo
1823 3514 2028 3567 Eusta-

372 3605 498 3660 thio
537 3604 851 3658 Flavianus
883 3618 1131 3674 magnus
1156 3601 1529 3673 subrogatur.
1556 3602 1631 3655 Iis
1662 3602 2025 3672 temporibus

373 3692 861 3748 Messalianorum
899 3690 1146 3744 haeresis
1196 3689 1437 3743 initium
1495 3689 1753 3755 habuit,
1810 3691 1911 3760 qui
1969 3695 2026 3743 et

369 3781 633 3836 Euchitas
656 3797 690 3835 a
713 3779 1009 3851 precibus,
1040 3783 1096 3832 et
1121 3777 1193 3832 ab
1224 3778 1509 3832 instinctu
1528 3778 1795 3832 numinis
1808 3780 2026 3834 Euthu-

369 3869 585 3937 siastaa.
614 3886 682 3925 ac
734 3876 1023 3940 prmterea
1079 3866 1441 3939 Lampetiani
1500 3873 1676 3937 atque
1739 3869 2021 3940 Bogomili

368 3960 783 4015 nominantur.
815 3957 1124 4029 Principes
1158 3965 1333 4011 sectae
1383 3956 1624 4011 fuerunt
1672 3956 2019 4028 Adelphius,

368 4049 588 4115 Dadoa,
620 4048 772 4103 Saba
801 4056 859 4101 et
888 4048 1148 4103 Simeon.
1212 4047 1288 4099 De
1336 4046 1446 4100 hac
1502 4054 1663 4100 secta
1709 4046 2022 4102 Flavianus

366 4140 586 4193 multos
619 4139 770 4195 515
806 4136 1129 4191 monachos
1161 4135 1565 4207 congregavit;
1599 4152 1853 4207 cumque
1886 4137 1925 4190 ii
1959 4153 2021 4190 se

365 4229 427 4284 in
452 4246 519 4283 ea
542 4244 671 4283 esse
696 4227 905 4282 haeresi
938 4232 1248 4297 negarent,
1272 4226 1353 4279 ita
1374 4242 1475 4279 eos
1496 4226 1777 4298 coarguit.
1811 4227 2021 4290 Quem-

365 4318 500 4373 dam
532 4317 728 4389 magni
763 4315 1100 4386 interipsos
1132 4314 1394 4368 nominis
1422 4330 1625 4369 senem
1650 4316 1900 4370 seorsim
1924 4315 2020 4369 ab-

374 4407 609 4464 iuctum
638 4412 830 4462 astute
863 4405 948 4459 sic
988 4403 1367 4473 compellavit
1398 4419 1411 4457 :
1443 4404 1580 4470 Nos,
1615 4420 1647 4458 ο
1681 4421 1883 4471 senex,
1916 4405 2017 4475 qui

364 4498 590 4555 diutius
652 4496 925 4553 viximus.
1012 4494 1346 4549 accuratius
1434 4494 1613 4549 etiam
1692 4495 2015 4550 humanam

2209 3513 2288 3584 [P.
2324 3513 2451 3584 294]
2492 3511 2643 3568 Μετὰ
2694 3511 2918 3573 θάνατον
2985 3511 3282 3575 Εὐσταοίου
3336 3515 3434 3566 τοῦ
3482 3513 3791 3589 ἀγιωτάτου

2135 3598 2434 3655 ἐπισκόπου
2494 3599 2832 3679 Ἀντιοχείας
2890 3596 3204 3662 Φλαειανὸς
3256 3602 3284 3655 ὁ
3337 3599 3508 3675 μέγας
3555 3621 3792 3676 προγει-

2135 3689 2357 3763 ρῖζετκι,
2418 3688 2643 3751 Τούτοις
2696 3694 2811 3749 τοῖς
2892 3690 3116 3764 χρόνοις
3173 3689 3375 3766 ἀνεφύη
3436 3689 3527 3744 καὶ
3587 3693 3621 3757 ἡ
3679 3695 3790 3745 τῶν

2135 3779 2496 3833 Μασαλιανῶν
2530 3776 2733 3852 α’ίρεσις
2785 3778 2881 3834 εἶ’τ’
2938 3778 3030 3832 οὖν
3093 3780 3349 3853 Εὐχιτῶν
3410 3779 3499 3834 καὶ
3561 3781 3785 3843 Ἐνθου-

2134 3871 2364 3920 σιαστῶν
2396 3865 2485 3921 καὶ
2520 3871 2916 3940 Λαμπετιανῶν
2947 3868 3031 3920 καῖ
3089 3866 3421 3943 Βογομίλων
3473 3865 3784 3941 (πολυώνυ-

2135 3977 2235 4028 μος
2268 3956 2369 4031 γάρ
2402 3957 2541 4011 ἔστιν
2570 3957 2730 4029 αὕτη)
2790 3956 2896 4011 ἀπὸ
2951 3955 3240 4033 Ἀδελφιού
3298 3957 3386 4011 καὶ
3447 3954 3641 4026 Δαδώη
3692 3959 3786 4011 καὶ

2132 4041 2278 4101 Σάϐα
2321 4047 2407 4100 καὶ
2468 4051 2760 4120 Συμεῶνος
2819 4050 2927 4101 τῶν
2989 4047 3358 4124 αἱρεσιαρχῶν
3440 4048 3563 4123 Ἀφ’
3622 4048 3696 4101 ὧν
3755 4048 3785 4101 ὁ

2133 4138 2300 4213 μέγας
2358 4130 2670 4197 Φλαϐιανὸς
2756 4136 3029 4210 μοναχους
3097 4135 3451 4207 συναθροίσας
3510 4134 3783 4205 πολλοὺς,

2129 4225 2219 4280 καὶ
2280 4225 2379 4292 τήν
2434 4222 2636 4298 α’ίρεσιν
2710 4223 3128 4298 ἐξαρνουμένους
3201 4222 3358 4280 τόνδε
3432 4226 3524 4280 τὸν
3581 4227 3784 4301 τρόπον

2130 4310 2432 4388 διήλεγξεν.
2468 4313 2775 4385 Ἐπίσημον
2818 4314 2922 4391 γάρ
2976 4336 3097 4370 τινα
3142 4320 3268 4388 παρ’
3315 4314 3499 4377 αὐτοῖς
3549 4315 3785 4389 γέροντα

2127 4397 2464 4473 παραλαϐὼν
2493 4403 2610 4456 κατ’
2646 4399 2785 4456 ’δίαν
2818 4398 2918 4480 ἔφη
2971 4403 3106 4473 πρὸς
3152 4402 3311 4458 αὐτὸν
3359 4404 3493 4476 μετᾶ
3541 4423 3783 4476 πανουρ-

2750 4492 2776 4508 ν

2127 4489 2272 4564 γίας·
2305 4491 2496 4563 Ἡμεῖς
2560 4491 2677 4563 μὲν.
2739 4492 2784 4545 ὧ
2834 4486 3130 4566 πρεσϐῦτα,
3194 4493 3287 4546 τὸν
3341 4491 3519 4547 πλείω
3580 4487 3781 4568 βεϐιω-

362 4586 744 4659 cognovimus
776 4590 1077 4650 naturam,
1102 4589 1159 4638 et
1179 4583 1653 4638 adversariorum
1678 4584 2014 4640 daemonum

2139 4578 2280 4640 ιότες
2331 4579 2447 4654 βίον
2503 4575 2882 4654 ἀκριϐέστερον
2943 4581 3035 4635 καὶ
3092 4583 3192 4649 τὴν
3250 4581 3589 4655 ἀνθρωπείαν
3644 4579 3779 4653 ἐμά-

367 4675 675 4732 machinas
708 4673 992 4745 praeclare
1020 4674 1420 4745 comperimus
1448 4689 1461 4726 :
1496 4678 1619 4727 tum
1651 4673 2020 4744 experientia

363 4763 681 4820 didicimus
704 4762 954 4835 gratiam
985 4762 1237 4834 Spiritus
1261 4760 1649 4832 suppeditari.
1678 4763 1777 4816 lsti
1815 4769 2015 4819 autem

360 4854 770 4909 adolescentes
802 4853 951 4907 nihil
981 4853 1195 4907 horum
1225 4851 1481 4922 perfeCte
1506 4850 1792 4905 habentes
1815 4854 2013 4925 cogni-

361 4950 486 4998 tum
541 4943 716 5014 paulo
777 4941 1213 5013 spiritualiores
1270 4955 1577 4995 sermones
1629 4940 1835 4996 audire
1893 4960 2015 4999 non

358 5032 676 5088 sus£inent.
704 5031 976 5086 Edissere
997 5046 1135 5101 ergo
1158 5028 1327 5091 mihi,
1358 5028 1657 5098 quomodo
1691 5029 1888 5086 dicitis
1910 5032 2017 5087 ad-

355 5138 586 5179 versum
604 5120 874 5192 spiritum
890 5118 1100 5173 vestris
1115 5116 1387 5189 precibus
1401 5122 1577 5187 atque
1593 5120 2013 5178 exercitatione

354 5210 576 5283 depelli
611 5209 923 5279 sanctique
959 5207 1210 5279 Spiritus
1242 5205 1491 5275 gratiam
1526 5206 1867 5265 introduci?
1915 5212 2012 5267 His

354 5309 548 5364 verbis
581 5326 759 5363 senex
791 5305 1100 5361 demulsus
1131 5303 1431 5361 occultum
1462 5321 1529 5359 ac
1551 5305 1767 5361 animis
1796 5308 2009 5368 lethale

351 5414 647 5452 venenum
679 5411 856 5451 omne
893 5393 1154 5450 evomuit
1181 5392 2010 5469 Nullam,inquit,abaptismo

351 5484 671 5543 utilitatem
706 5500 1027 5541 censemus
1068 5480 1324 5537 conferri
1354 5497 1367 5534 :
1402 5480 1587 5536 solam
1624 5484 1839 5541 seriam
1872 5505 2003 5559 pre.

354 5573 651 5629 cationem
686 5574 876 5629 facere
900 5573 974 5628 ad
998 5572 1330 5627 daemonem
1359 5571 1459 5641 qui
1493 5572 1553 5625 in
1581 5570 1820 5630 homine
1845 5577 2006 5635 inha-

353 5661 503 5753 bitat
532 5664 779 5735 ejusque
806 5660 1156 5717 substantias
1204 5658 1412 5714 uuitus
1456 5667 1565 5726 est,
1620 5660 2003 5741 abigendum.

2128 4670 2292 4741 θομεν
2327 4669 2483 4743 φύσιν
2526 4669 2621 4723 καὶ
2660 4671 2727 4724 τὰ
2753 4675 2860 4725 τῶν
2908 4671 3225 4726 ἀντιπάλων
3278 4667 3555 4744 δαιμόνων
3607 4665 3778 4748 ἔγνω-

2127 4779 2223 4830 μεν
2257 4758 2314 4812 εὖ
2376 4759 2525 4830 μάλα
2587 4763 2989 4836 μηχανήματα,
3050 4760 3210 4836 πείρᾳ
3270 4758 3326 4816 δὲ
3380 4761 3471 4816 καὶ
3522 4763 3623 4828 τήν
3677 4768 3781 4830 τῆς

2127 4845 2355 4922 χάριτος
2388 4845 2757 4923 ἐδιδάχθημεν
2790 4849 3079 4929 χορηγίαν.
3129 4849 3295 4904 υῦτοι
3345 4848 3404 4906 δὲ
3449 4848 3560 4905 νέοι
3605 4849 3780 4917 ὄντες.

2122 4946 2213 5002 καὶ
2269 4946 2477 5001 τούτων
2536 4943 2779 5022 ἀκριϐῶς
2840 4946 2993 5003 οὐδεν
3045 4946 3419 5022 ἐπιστάμενοι,
3478 4968 3776 5021 πνευματι-

2122 5034 2376 5107 κωτὲρων
2410 5034 2593 5112 λόγων
2632 5039 2856 5092 ἀκοῦσαι
2914 5035 2977 5091 οὒ
3036 5038 3310 5113 φέρουσιν.
3370 5038 3602 5105 Οὔκουν,
3660 5032 3779 5090 εἷπέ

2128 5148 2244 5199 μοι,
2276 5131 2393 5188 πῶς
2449 5148 2579 5204 φατε
2634 5127 2725 5182 καὶ
2789 5128 2851 5182 τὸ
2900 5125 3137 5182 ἐναντίον
3194 5132 3407 5199 πνεῦμα
3466 5128 3777 5204 ὑποχωρεῖν

2121 5216 2211 5271 καὶ
2267 5220 2365 5269 τοῦ
2420 5215 2685 5291 παναγίου
2745 5216 3056 5288 [Ινεύματος
3115 5218 3216 5284 τὴν
3270 5220 3433 5293 χάριν
3492 5214 3774 5293 ἐπιφοιτᾷν

2121 5302 2210 5359 διὰ
2248 5312 2347 5373 τῆς
2415 5304 2677 5380 ὑμετέρας
2720 5304 2890 5381 εὐχῆς
2947 5305 3037 5361 καὶ
3096 5303 3538 5374 ἐπιτηδεῖοσεως;
3597 5304 3660 5360 ὐ
3720 5300 3780 5359 δὲ

2116 5408 2235 5466 τοῖς
2287 5400 2482 5477 λόγοις
2540 5402 2758 5464 τούτοις
2800 5400 3201 5479 καταθελχθεὶς
3250 5403 3505 5475 ἐξήμεσεν
3565 5400 3777 5458 ἅπαντα

2116 5492 2207 5546 τὸν
2267 5491 2647 5566 κεκρυμμένον
2698 5490 2778 5547 ίὸν
2833 5493 2924 5547 καὶ
2982 5492 3362 5569 ψυχοφθόρον,
3437 5490 3525 5547 καί
3587 5507 3774 5569 φησιν’

2115 5578 2388 5652 Οὐδεμίαν
2436 5580 2531 5652 μὲν
2577 5580 2638 5635 ἐκ
2695 5584 2792 5636 τοῦ
2856 5581 3231 5657 βαπτίσματος
3288 5579 3442 5655 ἴσμεν
3503 5579 3773 5655 ὠφέλειαν

2112 5675 2231 5732 τοῖς
2260 5668 2606 5747 ἀξιουμένοις
2637 5670 2955 5748 ἐγγίνεσθαι,
3001 5672 3170 5747 μόνην
3224 5669 3282 5728 δὲ
3327 5672 3428 5744 τὴν
3479 5665 3780 5728 σπουδαίαν
