4144 6414
264 462 385 527 561

1413 463 1960 527 HISTORIABUM
2006 462 2550 529 COMPENDlUM.

3576 469 3700 529 562

269 597 438 678 ιῦχῆν
487 595 579 651 τὸν
641 596 850 652 ἑνοικον
905 594 998 651 καὶ
1054 596 1494 672 συνουσιωμένον
1551 593 1781 664 δαίμονα
1839 594 1908 665 ἐξ·

2034 597 2264 653 Etenim
2287 600 2478 671 quivis
2503 600 2680 654 homo
2714 615 2747 655 a
2788 599 3170 671 progenitore
3201 604 3269 655 ut
3287 604 3583 671 naturam,
3617 602 3701 658 ita

264 689 535 747 ελαῦνειν.
595 687 791 743 Ἕλκει
848 688 953 765 γάρ
1010 684 1235 743 ’ἑκαστον
1293 694 1405 743 τῶν
1470 689 1810 759 τικτομένων
1870 685 1929 741 ἐκ

270 783 369 835 τοῦ
399 776 749 853 προπάτορος
782 774 963 849 ὥσπερ
1002 797 1101 845 την
1152 776 1333 857 φύσιν,
1382 775 1526 832 οὕτω
1581 774 1648 844 δὴ
1689 776 1778 831 καὶ
1827 775 1925 843 τήν

266 874 373 924 τῶν
403 865 686 939 δαιμονων
735 863 1011 932 δουλείαν,
1053 867 1126 921 ὧν
1180 866 1281 922 ὑπὸ
1329 874 1429 936 τῆς
1489 862 1787 926 σπουδαίας
1838 864 1926 919 εὐ-

268 964 375 1034 χῆς
406 956 790 1030 ἐλαυνομένων
849 955 1103 1036 ἐπιφοιτᾷ
1150 953 1347 1013 λοιπὸν
1392 977 1456 1011 το
1510 956 1660 1030 ἅγιον
1710 959 1928 1026 Πνεῦμα

268 1049 477 1122 ὁρατῶς
539 1047 630 1101 καί
689 1044 984 1116 αἰσθητῶς,
1052 1045 1142 1100 καὶ
1200 1048 1301 1114 τήν
1369 1045 1568 1100 οἰκείαν
1629 1043 1923 1117 παρουσίαν

262 1138 615 1215 φανερώτατα
647 1142 940 1207 σημαῖνον,
998 1134 1061 1191 τὰ
1125 1135 1219 1209 μὶν
1282 1140 1440 1207 σῶμα
1490 1140 1590 1203 τῆς
1652 1132 1928 1204 ἐμπαθοῦς

259 1227 533 1298 κινήσεως
567 1223 1279 1299 ἐλευθεροῦταιπαντελῶς,
1312 1227 1345 1295 ἡ
1382 1221 1438 1279 δῖε
1487 1225 1642 1300 ψυχή
1690 1232 1789 1290 τῆς
1835 1221 1924 1277 ἐπὶ

257 1316 320 1371 τά
383 1314 561 1391 χείρω
620 1314 799 1389 ῥοπῆς
846 1315 1033 1370 τέλεον
1101 1312 1531 1383 ἀπαλλάττεται,
1590 1313 1665 1374 ὡς
1727 1311 1922 1386 μηκέτι

257 1403 462 1460 δεῖσθαι
518 1400 719 1458 λοιπὸν
779 1404 919 1475 μήτε
976 1403 1228 1472 νηστείας
1288 1402 1585 1473 πιεζολεσης
1643 1402 1706 1456 τὸ
1766 1405 1924 1474 σῶμα

259 1494 400 1569 μήτε
456 1488 817 1556 διδασκαλίας
873 1489 1216 1568 χαλινούσης
1274 1493 1375 1560 τήν
1432 1492 1621 1571 ψυχὴν
1681 1511 1764 1545 και
1829 1490 1921 1545 τὸν

255 1586 375 1637 νοῦν
445 1582 554 1637 ἀπὸ
611 1582 791 1649 πάσης
851 1579 1124 1659 ἐνεῖγείας
1209 1585 1450 1653 πονηρᾶς
1539 1581 1627 1635 καὶ
1688 1580 1924 1651 ἐνθυμή-

262 1694 417 1736 σεως.
454 1670 532 1729 Οὐ
566 1671 737 1746 μόνον
767 1668 824 1726 δὲ
849 1675 958 1726 τῶν
999 1678 1100 1739 τῆς
1157 1674 1344 1745 ψυχῆς
1383 1671 1473 1725 καὶ
1522 1674 1620 1727 τοῦ
1670 1670 1922 1740 σώματος

261 1764 287 1818 6
317 1765 572 1824 τοιοῦτος
599 1760 1000 1816 ἀπακλάττεται
1035 1759 1334 1836 αἰσχίστων
1384 1761 1568 1815 παθῶν
1622 1759 1712 1815 καὶ
1768 1780 1919 1834 σκυρο

259 1852 548 1926 τημάτων,
580 1847 730 1905 ἀλλᾶ
758 1850 850 1904 καὶ
884 1850 951 1906 τά
985 1847 1261 1921 μέλλοντα
1294 1854 1478 1928 σαφῶς
1507 1846 1772 1926 προλέγει
1829 1848 1919 1902 καὶ

256 1943 354 2012 τήν
388 1941 552 2017 ἁγίαν
605 1937 811 2011 Γριάδα
860 1938 1304 2015 ὀφθαλμοφανῶς
1359 1944 1562 2030 θεωρεῖ,
1596 1939 1683 1993 καί
1727 1938 1909 2003 θεολο-
1951 1965 1993 2030 Β

256 2031 375 2108 γίας
420 2030 515 2087 καὶ
564 2030 722 2085 θείων
788 2030 1101 2104 μυστηρίων
1163 2029 1424 2099 ἀξιοῦται.
1486 2028 1675 2090 Οὕτως
1709 2029 1736 2083 ὁ
1769 2034 1911 2092 θεῖος

250 2116 565 2185 Φλαὸιανὸς
620 2121 722 2187 τὴν
782 2116 1123 2193 δαιμονιώόη
1200 2116 1403 2193 αἵρεσιν
1486 2118 1742 2192 ἀνορύξας
1808 2113 1909 2195 ἔφη

246 2212 382 2287 πρὸς
422 2211 515 2266 τὸν
552 2202 974 2265 δυσσεϐέστατον
1029 2210 1279 2284 γέροντα·
1335 2205 1767 2281 Πεπαλαιωμὲνε
1814 2227 1909 2261 κα-

247 2305 354 2357 κῶν
389 2302 642 2376 ἡμερῶν,
703 2297 903 2377 ἤλεγξέ
942 2319 1000 2354 σε
1056 2299 1119 2353 τὸ
1177 2300 1269 2354 σὸν
1325 2298 1666 2373 μιαρώτατον
1712 2297 1908 2371 στόμα,

248 2391 333 2446 καὶ
370 2390 480 2445 οὐκ
506 2389 634 2465 ἐγὼ,
684 2388 776 2444 καὶ
830 2388 896 2444 τά
940 2388 1004 2443 σὰ
1053 2384 1439 2468 διεφθαρμένα,
1496 2387 1585 2443 καὶ
1636 2387 1910 2460 ἀκάθαρτα

249 2479 415 2557 χείλη
481 2478 963 2554 καταμαρτνδαοῦσί
1024 2499 1139 2533 σου.
1230 2476 1644 2553 Φανερωθείσης
1699 2474 1757 2533 δί
1809 2481 1911 2542 τῆς

256 2576 550 2637 σατανικῆς
577 2568 666 2624 καὶ
730 2565 1001 2644 βδελυρᾶς
1059 2567 1274 2636 ἀπάτης
1321 2568 1410 2622 καὶ
1460 2567 1717 2642 αἱρέσεως
1774 2566 1907 2622 ταῦ-

249 2682 373 2730 της.
403 2665 508 2730 τῆς
544 2658 641 2732 μὶν
676 2656 875 2722 Συςίας
904 2656 1268 2727 ἐξηλάθησαν,
1300 2655 1376 2719 εἷς
1428 2653 1485 2711 δὲ
1521 2658 1621 2725 τῆν
1676 2659 1910 2734 ΙΙαμιρυ-

253 2748 375 2805 λίαν
412 2748 771 2828 ἀνεχώρησαν
800 2748 889 2801 καὶ
921 2768 986 2801 τα
1002 2747 1122 2815 3την
1149 2753 1251 2814 τῆς
1312 2741 1501 2815 Λώϐης
1552 2743 1904 2821 ἐπλήρωσαν,

249 2841 332 2894 νῦν
362 2836 422 2894 δὲ
452 2834 654 2912 σχεδὸν
687 2836 856 2892 εἰπεῖν
885 2836 974 2890 καί
1004 2838 1104 2905 τήν
1140 2835 1367 2891 πλείονα
1401 2834 1570 2890 ὃῦσιψ

316 2928 399 3001 [Ρ.
434 2928 561 3002 295]
595 2928 691 2999 Τῷ
732 2925 814 2980 κα¹
860 2924 966 2980 ἔτει
1020 2931 1121 2994 τῆς
1172 2925 1454 3000 βασιλείας
1502 2928 1601 2980 τοῦ
1662 2922 1903 2999 μεγάλου

253 3015 661 3072 Κωνσταντίνου
719 3010 1083 3070 διαϐάλλουσι
1175 3018 1445 3089 Σαπώρην
1524 3014 1617 3071 τὸν
1675 3013 1904 3090 βασιλέα

258 3107 475 3176 Περσῶν
514 3105 649 3160 κατᾶ
707 3109 1078 3179 Χριστιανῶν,
1123 3103 1214 3158 καὶ
1271 3103 1472 3181 γίνεται
1529 3101 1778 3179 διωγμὸς
1828 3106 1904 3167 ὠς

261 3192 483 3254 πλείους
510 3198 613 3249 τῶν
666 3191 944 3249 δεκαοκτὼ
1001 3190 1275 3268 χιλιάδων
1340 3192 1430 3248 ὑπ’
1478 3192 1640 3248 αὐτοῦ
1689 3194 1902 3269 ἀναιρε-

254 3282 429 3352 θῆννι.
464 3283 524 3339 Ἦ
556 3280 612 3338 δὲ
652 3282 801 3338 αἰτία
847 3289 948 3353 τῆς
1003 3279 1306 3345 διαλύσεως
1367 3289 1469 3353 τῆς
1520 3282 1714 3357 μεταξὺ
1763 3284 1901 3340 Ῥω-

248 3373 425 3449 μαίων
482 3374 573 3429 καὶ
634 3377 853 3446 Περσῶν
909 3368 1213 3451 γενομένης
1282 3371 1508 3445 εἰρήνης
1583 3374 1773 3451 γέγονε
1829 3373 1900 3432 δι’

241 3463 420 3519 αἰτίαν
449 3463 731 3535 τοιαύτην
779 3460 1156 3535 Μητρόδωρός
1202 3484 1285 3526 τις
1344 3465 1681 3539 Περσογενὴς
1731 3486 1900 3538 προσ-

239 3552 613 3623 ποιησάμενος
669 3549 991 3628 φιλοσοφεῖν
1037 3550 1283 3621 ἀπῆλθεν
1316 3550 1370 3607 ἐν
1421 3549 1585 3625 Ἰνδίᾳ
1635 3555 1724 3609 καῖ
1774 3554 1904 3619 τοὺς

234 3641 597 3718 Βραχμᾶνας,
633 3641 725 3696 καὶ
775 3641 1131 3716 χρησάμενος
1175 3639 1461 3716 ἐγκρατείᾳ
1507 3641 1697 3709 πολλῇ
1739 3643 1902 3719 γέγο-

241 3752 321 3785 νεν
354 3732 544 3792 αὐτοῖς
598 3725 857 3793 σεϐαστός
948 3730 1249 3806 Εἰργάζετο
1309 3727 1367 3784 δὶ
1416 3727 1762 3805 ὑδρομῦλους
1810 3734 1902 3790 καὶ

244 3818 470 3894 λοετρά,
525 3821 691 3896 μέχρι
749 3819 874 3876 τότε
937 3819 1014 3893 μή
1073 3819 1450 3894 γνωριζόμενα
1507 3822 1637 3896 παρ’
1692 3821 1900 3887 αὐτοῖς.

241 3909 421 3973 Οὗτος
455 3910 508 3966 ὲν
540 3914 656 3971 τοῖς
685 3906 904 3971 ἀδύτοις
950 3909 1025 3971 ὼς
1080 3903 1307 3977 εὐσεϐής
1354 3908 1539 3964 εἰσιὼν
1589 3908 1777 3974 λίθοῦς
1818 3933 1901 3968 τι.

238 3999 403 4073 μίους
434 4001 523 4055 κατ
562 3999 905 4077 μαργαρίτας
955 3997 1203 4061 πολλοὺς
1259 3998 1533 4080 ὑφείλετο.
1591 3997 1797 4058 Ἕλαϐε
1846 4001 1903 4058 δὲ

307 4091 325 4110 ι
487 4089 501 4106 \
611 4093 636 4104 .-
1017 4093 1044 4104 -ι
1119 4089 1133 4111 ν
1240 4088 1267 4103 ν
1380 4086 1407 4107 η
1591 4093 1620 4106 ~
1882 4094 1906 4108 ς.

236 4110 326 4145 και
360 4110 513 4165 παρα
543 4110 640 4143 του
674 4086 946 4164 βασιλέως
977 4110 1084 4144 των
1138 4083 1329 4159 Ινδων,
1369 4109 1511 4144 ωστε
1553 4109 1631 4163 τῳ
1684 4089 1903 4165 βασιλει

236 4175 391 4235 δὼτα
452 4177 704 4253 κομίσαι·
799 4177 891 4234 καὶ
976 4176 1286 4233 ἐπανελθὼν
1344 4177 1421 4241 είς
1477 4177 1541 4233 τὸ
1610 4180 1902 4249 Βυζάντιον

238 4265 449 4323 δέδωκε
478 4271 646 4322 ταῦτα
703 4266 777 4329 ὡς
842 4263 951 4322 ’δια
1002 4271 1085 4338 τῷ
1144 4265 1383 4340 βασιλεῖ.
1443 4267 1787 4339 Θαυμάζοντι
1846 4266 1904 4324 δὲ

234 4354 389 4429 αὗτῷ
419 4351 522 4434 ἔφη
556 4353 644 4409 καὶ
671 4352 817 4410 ἃλλα
875 4351 965 4409 διά
1020 4360 1124 4428 γῆς
1182 4352 1527 4430 προπέμψαι,
1574 4352 1705 4410 ἀλλ’
1744 4358 1901 4437 αφαιο

234 4453 462 4520 ρεθῆναι
496 4443 600 4499 ὑπὸ
668 4447 906 4520 Περσῶν.
975 4443 1176 4524 Γράφει
1230 4444 1324 4499 οὖν
1383 4443 1687 4518 ἀποτόμως
1745 4450 1899 4504 Κων-

232 4538 529 4595 σταντῖνος
580 4537 718 4608 πρὸς
780 4533 1075 4603 Σαπώρην,
1152 4530 1530 4602 ἀποσταλῆναι
1598 4534 1753 4603 αὐτά,
1812 4536 1901 4593 καὶ

232 4621 535 4698 δεξάμενος
580 4621 680 4678 οὐκ
733 4621 1137 4682 ἆνταπέστειΛε.
1198 4622 1297 4677 Διά
1342 4626 1504 4678 τοῦτο
1555 4620 1724 4694 ἐλύθη
1757 4627 1792 4695 ἡ
1823 4625 1894 4681 εἶ-

239 4716 412 4789 ρήνη.
448 4713 544 4769 Ἐκ
590 4711 797 4767 τούτων
855 4712 950 4767 οὗν
1008 4716 1117 4767 τῶν
1172 4708 1342 4775 λίθων
1397 4707 1556 4787 ἔργον
1607 4717 1844 4783 ποιήσας
1876 4715 1905 4769 ὁ
1940 4698 1983 4763 D

239 4802 508 4877 βασιλεὺς
584 4799 873 4858 ἀπέστειλε
952 4806 1073 4865 τοῖς
1149 4800 1315 4871 πέραν
1397 4805 1493 4857 τοῦ
1564 4798 1896 4861 Δαννουϐίου

234 4886 476 4957 ἔθνεσιν,
507 4889 810 4968 ἐπιγράψας
858 4895 940 4963 τῷ
1001 4889 1210 4964 μείζονι
1266 4891 1329 4945 τὸ
1382 4887 1580 4968 δῶρον·
1623 4894 1758 4970 ’ὅπερ
1812 4894 1900 4969 γὲ-

230 5004 390 5059 γονεν
445 4981 635 5044 αὐτοῖς
701 4980 934 5056 ὀλέθρου
999 4979 1176 5036 σῖτιον
1261 4977 1351 5036 διά
1412 4983 1514 5051 τήν
1569 4981 1900 5063 ἒπιγοαφῆν.

232 5072 381 5129 Φασί
418 5067 477 5126 δὲ
506 5071 667 5127 αὐτὸν
698 5075 919 5148 πρῶτον
968 5071 1181 5126 πάντων
1229 5074 1340 5126 τῶν
1384 5070 1657 5146 βασιλέων
1708 5071 1903 5144 διαδή-

237 5183 371 5235 ματι
417 5162 728 5236 χρήσασθαι
757 5160 849 5215 καὶ
910 5160 1274 5235 μαργαρίταις
1327 5162 1418 5215 καὶ
1479 5155 1676 5224 ἀλλοις
1722 5160 1902 5226 λίθοις

233 5245 661 5326 περιεργότερον
705 5251 1074 5323 κοσμηθῆναι.
1117 5246 1294 5307 Ἀλλὰ
1348 5249 1437 5304 καὶ
1480 5250 1697 5326 πτύχας
1729 5251 1907 5330 Εὐαγ-

235 5338 448 5415 γελίων
479 5342 689 5415 χρυσᾶς
719 5334 809 5393 διὰ
870 5337 1167 5413 μαργάρων
1222 5337 1313 5393 καὶ
1354 5337 1519 5394 λίθων
1573 5361 1902 5397 κατασκευα-

228 5449 328 5494 σας
357 5427 415 5485 ἐν
459 5431 530 5502 τῇ
589 5426 817 5505 Μεγάλῃ
876 5425 1181 5500 Ἐκκλησία
1236 5430 1573 5505 προσήγαγε,
1629 5431 1906 5505 Θαύματος

221 5518 376 5589 ἀξίας
432 5518 520 5576 Ἐν
553 5519 737 5591 τούτῳ
766 5522 845 5590 τῷ
870 5517 1063 5593 χρόνῳ
1107 5517 1197 5572 καὶ
1248 5519 1283 5588 ἡ
1336 5516 1462 5594 ἁγία
1517 5518 1605 5576 καὶ
1663 5523 1905 5596 μακαρία

226 5605 432 5678 Ἐλὲνη
473 5608 613 5681 πρὸς
670 5606 872 5678 Κῦριον
924 5603 1178 5679 ἐκδημεῖ,
1235 5603 1373 5661 ἑτῶν
1422 5607 1556 5664 οὖσα
1597 5610 1672 5678 π’,
1714 5609 1806 5666 καὶ
1845 5608 1902 5666 ἰν

2035 693 2094 740 et
2113 685 2453 745 daemonum
2474 689 2816 744 servitutem
2834 688 3018 744 trahit
3042 706 3056 757 ;
3082 689 3298 762 quibus
3321 689 3695 745 daemonibus

2032 777 2219 848 proba
2250 779 2588 849 precatione
2623 777 2975 851 profligatis,
3011 785 3136 834 tum
3170 784 3414 835 sanctus
3473 778 3700 852 ingruit

2034 864 2305 936 Spiritus,
2343 868 2424 923 ita
2454 867 2695 939 quidem
2731 874 2796 923 ut
2827 873 2885 921 et
2913 866 3095 922 videri
3129 867 3228 923 ille
3250 873 3309 922 et
3326 866 3538 923 sentiri
3566 882 3701 937 pos-

2030 956 2277 1012 sit.Nam
2308 959 2797 1015 manifestissime
2827 958 3148 1014 adventum
3183 974 3357 1013 suum
3393 957 3697 1023 indicans,

2030 1062 2245 1118 corpus
2273 1056 2433 1102 motu
2458 1049 2556 1119 qui
2584 1048 2657 1104 ab
2679 1049 2863 1104 animi
2886 1047 3434 1121 perturbationibus
3460 1045 3694 1118 proﬁci-

2029 1135 2215 1190 scitur
2247 1154 2489 1208 prorsus
2522 1136 2755 1203 liberat,
2778 1138 2992 1193 animaa
3014 1143 3213 1192 autem
3227 1142 3599 1192 momentum
3617 1135 3695 1191 ad

2030 1224 2325 1280 deteriora
2348 1242 2523 1281 omne
2545 1227 2769 1281 eximit.
2794 1232 2857 1281 ut
2882 1244 3056 1298 porro
3078 1223 3516 1297 nequejejunio
3540 1240 3694 1296 opus

2031 1320 2109 1369 snt
2140 1331 2256 1384 quo
2289 1332 2499 1386 corpus
2533 1316 2863 1389 subigatur,
2897 1332 3092 1387 neque
3124 1316 3397 1370 doctrina
3428 1314 3690 1369 animam

2029 1402 2302 1457 frenante.
2334 1413 2719 1476 mentemque
2752 1405 2824 1461 ab
2858 1406 3019 1460 omni
3056 1404 3213 1460 mala
3240 1404 3476 1459 actione
3506 1419 3574 1458 ac
3595 1419 3691 1458 co-

2028 1493 2313 1564 gitatione
2346 1494 2677 1549 inhibente.
2710 1496 2913 1565 Neque
2948 1511 3084 1550 vero
3142 1495 3295 1552 516
3347 1494 3525 1548 homo
3556 1491 3684 1547 ani~

2027 1582 2106 1635 mi
2144 1582 2317 1636 modo
2350 1588 2409 1637 et
2438 1583 2703 1654 corporis
2731 1584 2977 1639 solvitur
3002 1582 3365 1655 turpissimis
3379 1582 3687 1637 aﬂ'ectibus

2025 1679 2203 1741 etque
2236 1672 2586 1741 petulantia.
2625 1672 2726 1726 sed
2759 1679 2817 1727 et
2842 1672 3040 1728 futura
3061 1671 3372 1744 perspicue
3395 1670 3686 1743 praedicit,

2028 1763 2650 1816 sanctamTriuitatem
2678 1762 2869 1817 oculis
2902 1762 3025 1817 suis
3059 1762 3275 1829 cernit,
3308 1777 3509 1816 rerum
3542 1760 3690 1815 divi-

2028 1866 2240 1905 narum
2274 1852 2612 1919 cognitione
2645 1856 2703 1905 et
2725 1867 3029 1906 sacrorum
3054 1849 3475 1921 mysterierum
3503 1847 3691 1904 dona-

2026 1944 2140 1993 tur.
2157 1938 2469 1993 Flavianus
2490 1956 2628 1995 vero
2650 1955 2785 1995 cum
2809 1938 2921 1994 hoc
2938 1946 3111 2011 pacto
3131 1938 3488 1993 diabolicam
3512 1938 3688 1992 istam

2025 2027 2282 2083 haaresin
2314 2028 2587 2094 eruisset,
2616 2029 2698 2085 ita
2731 2036 2819 2085 est
2850 2028 3274 2101 impiissimum
3302 2043 3507 2083 senem
3538 2025 3685 2081 allo-

2024 2122 2234 2173 cutus:
2269 2119 2545 2173 Conl‘ecte
2577 2118 2753 2174 malis
2775 2117 3006 2188 diebus,
3035 2118 3231 2190 arguit
3260 2123 3316 2173 te
3346 2113 3683 2189 impurissi-

2027 2224 2187 2264 mum
2206 2225 2271 2263 os
2297 2213 2484 2267 tuum.
2514 2225 2634 2264 non
2663 2226 2764 2281 sgo
2790 2208 2818 2264 ?
2844 2208 3372 2279 testimoniumque
3398 2206 3682 2263 adversus

2024 2303 2080 2352 te
2115 2298 2381 2354 tulerunt
2410 2299 2642 2371 perdita
2673 2306 2773 2355 tua
2804 2305 2863 2355 et
2905 2299 3217 2355 immunda
3269 2298 3445 2354 labia.
3496 2299 3679 2353 Porro

2022 2386 2316 2442 diabolica
2334 2387 2437 2443 illa
2451 2388 2660 2444 haeresi
2675 2388 2906 2444 detecta
2931 2388 3303 2458 scelestoque
3319 2386 3679 2456 errore,ejus

2022 2478 2390 2550 professores
2406 2478 2571 2549 Syria
2593 2479 2821 2549 expulsi
2840 2479 2897 2532 in
2915 2478 3050 2533 Pam
3063 2477 3324 2549 phyliam
3342 2476 3678 2545 abiverunt,

2023 2583 2273 2638 eamque
2307 2569 2401 2622 lue
2436 2567 2548 2622 ista
2578 2568 2996 2639 impleverunt,
3030 2584 3163 2638 quas
3194 2582 3353 2622 nunc
3388 2564 3677 2636 majorem

2020 2674 2259 2729 quoque
2292 2655 2630 2712 Occidentis
2658 2663 2890 2728 partem
2923 2656 3253 2729 occupavit.

2083 2928 2321 2982 Annum
2352 2927 2702 2982 vicesimum
2738 2926 2995 2999 primum
3029 2926 3362 2997 imperante
3384 2927 3673 2983 Constan-

2015 3015 2163 3085 tino,
2195 3017 2446 3087 Sapores
2468 3018 2782 3071 Persarum
2802 3032 2926 3082 rex,
2946 3015 3261 3072 calumniis
3281 3023 3491 3073 contra
3514 3014 3675 3071 Chri-

2016 3105 2238 3160 stianos
2270 3111 2675 3177 exasperatus,
2706 3106 2968 3179 gravitur
2992 3122 3094 3162 eos
3121 3112 3472 3178 persecutus
3495 3111 3672 3179 est,et

2013 3212 2193 3267 supra
2228 3195 2292 3249 l8
2324 3195 2513 3251 millia
2545 3212 2748 3251 eorum
2775 3195 3091 3251 interfecit.
3115 3197 3302 3251 Causa
3323 3197 3486 3268 pacis
3507 3196 3668 3251 inter

2013 3287 2309 3340 Romanos
2330 3291 2388 3339 et
2411 3287 2618 3340 Persas
2644 3292 2833 3356 ruptae
2847 3284 2972 3339 haec
2990 3284 3128 3339 fuit:
3150 3284 3515 3340 Metrodorus
3528 3284 3663 3355 qui-

2015 3374 2152 3429 dam
2168 3375 2346 3429 Persa
2368 3375 2478 3429 sub
2500 3379 2789 3446 praetextu
2809 3373 3267 3446 philosOpbandi
3286 3373 3586 3429 inludiam
3604 3389 3666 3429 se

2016 3481 2083 3520 ac
2104 3465 2495 3520 Brachmanes
2510 3464 3121 3537 contulit,magnaque
3137 3479 3277 3519 usus
3298 3463 3669 3519 continentia

2015 3552 2373 3610 venerabilis
2405 3560 2495 3610 est
2525 3554 2611 3609 eis
2640 3553 2851 3609 factus.
2881 3554 3062 3609 Molas
3093 3569 3331 3624 quoque
3361 3552 3669 3624 aquaticus

2018 3649 2076 3700 et
2108 3644 2337 3700 lavacra
2368 3643 2676 3707 exstruxit,
2709 3644 2855 3715 ipsis
2886 3644 3174 3699 hactenus
3204 3642 3435 3717 ignotas
3465 3660 3580 3699 res.
3614 3643 3670 3699 Is

2018 3734 2385 3790 Metrodorus
2416 3733 2576 3805 quod
2609 3734 2688 3805 pii
2723 3734 2989 3790 hominie
3020 3733 3522 3790 existimationam
3554 3733 3670 3789 sibi

2016 3830 2303 3897 parasset.
2330 3824 2392 3879 in
2423 3823 2758 3895 penetralia
2806 3823 3052 3879 sacrarii
3094 3823 3398 3896 ingressus
3445 3822 3670 3880 multos

2016 3913 2246 3984 lapides
2277 3912 2572 3983 pretiosos
2605 3918 2666 3967 et
2702 3912 3053 3985 margaritas
3105 3912 3390 3968 sustulit:
3440 3912 3670 3983 accepit

2016 4004 2194 4059 etiam
2225 4019 2260 4058 a
2289 4018 2425 4074 rege,
2455 4002 2641 4057 Indiaa
2672 4019 2805 4074 quas
2863 4001 3019 4056 dono
3067 4000 3412 4073 imperatori
3460 4000 3661 4057 ferret.

2012 4093 2159 4149 Inde
2188 4091 2529 4163 Byzantium
2560 4106 2835 4147 reversus
2863 4097 3146 4162 tanquam
3178 4092 3270 4148 5|
3289 4091 3328 4145 τ
3366 4089 3439 4145 de
3461 4106 3568 4146 suo
3595 4106 3666 4147 ea

2013 4183 2135 4253 regi
2168 4180 2419 4246 obtulit;
2453 4180 2819 4251 mieantique
2849 4180 2967 4235 alia
2996 4196 3234 4251 quoque
3266 4185 3425 4236 terra
3454 4197 3517 4235 se
3574 4184 3661 4236 at-

2015 4272 2219 4329 tulisse
2254 4270 2420 4326 dixit.
2456 4270 2556 4326 sed
2590 4286 2660 4325 ea
2690 4269 2799 4325 sibi
2834 4286 2869 4326 a
2900 4269 3092 4325 Persis
3121 4268 3417 4341 adempta.
3461 4269 3666 4341 Itaque

2015 4361 2441 4419 Constantinus
2471 4376 2670 4417 severe
2701 4359 2905 4431 Sapori
2956 4357 3181 4419 scribit.
3242 4358 3397 4414 mitti
3437 4358 3548 4414 sibi
3595 4375 3667 4416 ea

2015 4452 2346 4527 postulans,
2388 4458 2447 4506 et
2475 4456 2716 4522 accepta
2738 4466 2856 4506 non
2887 4449 3134 4505 remisit.
3166 4447 3304 4505 Ideo
3343 4466 3455 4521 pax
3487 4449 3667 4506 dissi-

2015 4542 2146 4599 luit.
2181 4542 2281 4596 His
2312 4557 2379 4596 ex
2411 4538 2711 4611 lapidibus
2743 4555 2890 4612 opus
2921 4537 3175 4595 confecit
3202 4538 3668 4611 imperator,mi-

2018 4632 2212 4702 sitque
2244 4629 2478 4703 populis
2510 4636 2675 4685 trans
2706 4629 3040 4685 Danubium
3059 4627 3396 4685 colentibus
3418 4646 3665 4687 munere

2015 4719 2067 4775 ei
2100 4719 2200 4790 qui
2233 4719 2465 4774 caeteris
2496 4723 2807 4790 praestaret
2834 4717 3141 4789 inscripto.
3175 4718 3316 4783 Quas
3355 4718 3665 4792 inscriptio

2013 4808 2288 4864 Barbaris
2308 4807 2559 4864 exitiosa
2579 4808 2939 4864 fuit.Ferunt
2955 4823 3088 4863 eum
3111 4807 3373 4880 primum
3393 4810 3662 4867 omnium

2013 4899 2441 4970 imperatorum
2482 4897 2820 4953 diademate
2869 4912 3044 4952 usum
3102 4899 3555 4971 margaritisque
3607 4905 3669 4955 et

2011 4988 2262 5063 gemmis
2294 4986 2609 5058 superbius
2639 4986 2821 5042 fuisse
2852 4992 3153 5043 ornatum.
3185 4988 3338 5053 Quin
3378 4995 3438 5044 et
3484 5005 3666 5045 aurea

2012 5077 2465 5151 Evangeliorum
2488 5075 2791 5131 volumina
2810 5075 3135 5131 unionibus
3152 5076 3502 5147 etpretiosis
3523 5076 3668 5148 lapi-

2014 5166 2188 5223 dibus
2214 5173 2425 5222 ornata
2455 5165 2733 5231 confecit,
2758 5164 2940 5235 inque
2964 5165 3167 5238 Magno
3184 5163 3423 5234 Templo
3447 5165 3665 5235 posuit,

2012 5256 2194 5329 digna
2224 5254 2637 5310 admiratione.
2665 5256 2743 5308 Eo
2774 5260 3039 5325 tempore
3061 5252 3238 5307 etiam
3271 5258 3475 5309 sancta
3490 5259 3670 5325 atque

2012 5345 2189 5401 beata
2211 5344 2436 5400 Helena
2455 5344 2530 5399 ad
2557 5343 2870 5399 Dominum
2891 5340 3514 5413 commigravit,annos
3530 5352 3673 5402 nata

2014 5436 2104 5501 80,
2136 5451 2204 5490 ac
2239 5434 2431 5506 prima
2461 5433 2729 5489 omnium
2762 5437 2852 5487 est
2880 5430 2942 5485 in
2973 5429 3192 5502 templo
3249 5433 3669 5503 Apostolorum

2014 5524 2267 5598 sepulta.
2301 5527 2454 5581 Ante
2485 5524 2714 5583 obitum
2744 5521 2935 5577 multa
2962 5519 3033 5576 de
3056 5520 3276 5593 pietate
3298 5522 3421 5578 filio
3441 5541 3668 5597 prmce.

2013 5618 2200 5687 perat.

227 5701 453 5772 τῷναῷ
481 5701 589 5753 τῶν
654 5695 852 5774 Ἀγίων
908 5694 1263 5753 Ἀποστόλων
1332 5697 1590 5755 θάπτεται
1643 5703 1861 5777 πρώτη,
1920 5701 2105 5759 πολλὰ
2156 5708 2238 5777 τῷ
2294 5700 2420 5776 ἰδίῳ
2479 5702 2584 5774 υίῷ
2633 5698 2758 5777 περὶ
2805 5705 2911 5770 τῆς
2965 5697 3042 5762 εἷς
3099 5697 3331 5776 Χριστὸν
3390 5698 3667 5773 εὐσεϐείας

229 5783 677 5866 παραγγείλασα.
