4144 6420
369 408 488 471 563

374 639 636 688 romatas
669 640 727 688 et
756 632 973 688 Gothos
1005 631 1378 703 expeditione
1408 631 1603 687 crucis
1643 632 1694 685 vi
1749 647 2026 703 magnam

374 722 700 794 reportavit
728 722 1054 790 victoriam,
1089 738 1307 792 easque
1336 727 1545 790 gentes
1576 722 1637 775 in
1683 721 2025 776 servitutem

377 812 515 884 egit.
552 813 880 884 Drepana”:
903 828 1137 884 quoque
1154 811 1312 883 apud
1335 810 1739 866 Nicomediam
1763 812 1822 865 in
1846 811 2027 865 hono-

374 918 503 956 rem
536 902 795 968 Luciani,
828 902 927 971 qui
961 901 1040 955 ibi
1074 900 1312 972 capitali
1345 900 1639 973 supplicio
1668 900 1899 956 veritati
1934 904 2027 954 te-

377 990 725 1045 stimonium
744 988 1147 1061 perhibuerat,
1173 988 1466 1060 condidit,
1492 995 1551 1044 et
1578 1007 1613 1045 a
1642 996 1831 1045 matre
1866 988 2029 1044 Hele-

375 1079 638 1149 nopolim
671 1078 1012 1150 appellavit.

450 1168 637 1223 Annis
668 1171 756 1234 23,
786 1171 854 1223 24
886 1175 943 1224 et
971 1172 1039 1223 25
1070 1169 1396 1225 Antiochia)
1428 1169 1718 1241 templum
1749 1174 2028 1241 octangu-

375 1257 501 1314 lum
533 1258 814 1314 aedificari
847 1266 1106 1330 coeptum
1141 1264 1251 1315 est.
1288 1260 1715 1315 Constantinus
1762 1259 2030 1314 Danubio

378 1349 627 1419 trajecto
662 1354 840 1420 ponte
872 1365 1007 1403 eum
1040 1348 1277 1420 lapideo
1312 1348 1601 1409 instravit.
1629 1348 1873 1419 Scythas
1898 1348 2031 1403 sub-

380 1437 517 1508 egit.
554 1438 767 1492 Forum
826 1452 1063 1507 quoque
1121 1435 1390 1491 condidit
1436 1452 1571 1491 cum
1610 1435 1768 1490 binis
1818 1435 2033 1507 amplis

381 1526 594 1582 rostris
619 1544 633 1593 ;
677 1542 867 1597 eoque
896 1527 939 1583 5
959 1529 986 1580 Ι
1004 1526 1051 1581 8
1084 1525 1145 1580 in
1168 1524 1292 1581 foro
1317 1525 1657 1581 columnam
1683 1527 1868 1581 Roma
1888 1524 2031 1579 alla-

384 1622 505 1672 tam
535 1615 753 1687 posuit,
786 1632 903 1670 uno
935 1614 1123 1670 solido
1156 1614 1354 1686 lapide
1384 1620 1776 1683 constantem,
1810 1614 1909 1685 qui
1944 1619 2034 1669 to-

383 1711 478 1761 tus
497 1711 623 1761 erat
647 1721 983 1777 purpureus
1006 1721 1020 1770 ;
1040 1709 1216 1775 atque
1240 1720 1368 1759 eam
1394 1704 1565 1759 mreis
1587 1703 1839 1775 cingulis
1853 1704 2039 1759 cinxit

381 1794 709 1865 inscriptis.
744 1796 808 1849 ln
836 1795 965 1867 ejus
995 1800 1191 1849 autem
1226 1811 1459 1849 summo
1492 1799 1746 1849 statuam
1779 1792 1890 1848 sibi
1913 1792 2036 1848 col-

380 1883 596 1939 locavit
614 1900 746 1938 cnm
771 1883 879 1939 hac
910 1884 1319 1955 inscriptione:
1339 1882 2037 1954 «Constantinus,Splen-

381 1972 510 2029 duit
537 1973 677 2029 solis
707 1973 920 2039 instar,
952 1990 1103 2045 opus
1133 1973 1245 2028 fuit
1274 1972 1522 2042 Phidiae,
1573 1973 1819 2028 Athenis
1846 1972 2036 2028 addu-

383 2070 566 2120 ctum.
585 2085 612 2113 »
639 2063 719 2118 Ad
736 2063 907 2119 basin
931 2063 1228 2119 columnas
1262 2063 1461 2134 posuit
1485 2068 1713 2135 septem
1733 2062 1942 2118 corbes
1972 2079 2040 2117 ac

383 2152 700 2208 duodecim
733 2158 965 2224 sportas
995 2153 1212 2208 Christi
1247 2152 1348 2207 Dei
1380 2152 1571 2208 nostri
1604 2152 1911 2208 miraculis
1945 2152 2039 2206 in-

388 2243 607 2313 signes.
642 2242 967 2297 Ministerio
1000 2242 1178 2297 etiam
1240 2240 1429 2297 sancti
1472 2241 1749 2313 martyris
1794 2240 2043 2295 Artemii

386 2330 674 2401 reliquias
709 2337 1055 2387 sanctorum
1086 2331 1494 2403 apostolorum
1526 2331 1717 2399 Lucm,
1750 2329 2044 2385 Timothei

392 2427 451 2477 et
480 2421 730 2477 Andreas
762 2421 823 2476 in
856 2420 1066 2476 urbem
1099 2419 1316 2477 attulit.

461 2614 529 2667 26
561 2618 619 2668 et
647 2614 713 2666 27
754 2611 929 2667 annis
965 2611 1304 2668 simulacris
1334 2627 1668 2682 eorumque
1699 2610 1855 2667 fanis
1882 2627 2049 2665 ever-

392 2701 585 2757 tendis
616 2718 856 2773 operam
886 2700 1068 2765 dedit,
1103 2700 1331 2756 reditus
1362 2717 1569 2755 eorum
1624 2700 1905 2755 Ecclesiis
1943 2699 2047 2754 Dei

387 2790 784 2861 transcripsit.
816 2791 978 2845 Tunc
1009 2795 1068 2845 et
1100 2788 1348 2845 basilica
1402 2788 1762 2845 Nicomedia;
1794 2788 1866 2844 de
1898 2787 2045 2844 caalo

390 2884 547 2936 tacta
576 2878 979 2952 conﬂagravit.

460 2971 634 3024 Anno
666 2970 733 3022 28
766 2968 984 3040 impius
1012 2968 1190 3023 Arius
1216 2968 1353 3024 ﬁcta
1383 2967 1799 3039 resipiscentia
1837 2983 1906 3023 ac
1935 2967 2050 3023 fal-

390 3059 621 3117 lacibus
645 3059 1021 3115 sermonibus
1043 3066 1179 3130 post
1208 3076 1375 3114 suam
1400 3059 1843 3115 damnationem
1875 3075 2049 3116 aures

393 3149 785 3223 placidissimi
844 3149 1220 3221 imperatoris
1298 3147 1622 3215 demulsit;
1675 3148 2047 3220 sumptisque

394 3239 628 3295 duobus
660 3238 851 3299 libris.
883 3238 1139 3292 alterum
1171 3238 1273 3309 qui
1308 3253 1643 3309 perversam
1687 3237 1877 3308 ipsius
1921 3237 2047 3309 opi-

394 3329 637 3384 nionem
671 3327 986 3383 continens
1018 3328 1205 3399 ipsius
1248 3343 1431 3382 manu
1463 3327 1721 3398 scriptus
1770 3332 1917 3393 erat,
1950 3344 2051 3383 oc-

396 3419 554 3473 culte
587 3434 787 3473 secum
822 3417 1048 3483 habuit,
1073 3416 1328 3472 alterum
1351 3417 1549 3471 aliena
1566 3432 1748 3471 manu
1765 3416 2052 3488 scriptum

396 3507 470 3563 de
501 3507 799 3561 sententia
828 3506 1005 3561 Nicmi
1034 3505 1269 3560 concilii
1305 3505 1647 3577 imperatori
1674 3504 1934 3569 tradidit,
1958 3507 2051 3577 ju-

398 3594 665 3664 ravitque
698 3610 759 3648 se
791 3594 876 3648 ita
904 3593 1127 3647 sentire
1144 3592 1216 3648 de
1237 3593 1522 3666 religione
1545 3593 2049 3665 quemadmodum

399 3697 509 3736 sua
538 3697 716 3736 manu
740 3680 1101 3752 scripsisset.
1144 3682 1261 3736 Hac
1291 3680 1497 3736 fraude
1520 3681 1621 3737 im:
1648 3688 1941 3737 eratorem
1968 3683 2051 3737 ita

396 3771 653 3841 decepit,
686 3778 751 3826 ut
781 3771 985 3826 Arium
1002 3770 1252 3841 jusserit
1273 3771 1401 3826 sine
1425 3789 1592 3828 mora
1613 3772 1685 3827 ab
1713 3772 2047 3828 Alexandro

394 3860 677 3932 pontiﬁce
691 3876 924 3915 summo
938 3860 998 3915 in
1021 3860 1331 3916 ecclesiam
1348 3860 1552 3932 recipi.
1565 3862 1776 3915 Verum
1792 3861 2049 3916 Alexan-

393 3950 501 4004 der
529 3951 761 4018 anxius,
802 3952 845 4008 5
866 3950 955 4005 l9
982 3956 1051 4006 ut
1079 3966 1186 4021 par
1214 3954 1360 4015 erat,
1392 3950 1579 4005 animi
1604 3955 1785 4005 totam
1808 3957 2045 4006 noctem

392 4040 468 4096 ad
499 4040 819 4095 Dominum
850 4039 1125 4112 precibus
1155 4039 1303 4095 fusis
1350 4039 1557 4095 Arium
1609 4039 2039 4112 pessumdedit.

388 4132 531 4187 Nam
556 4131 728 4185 Arius
754 4147 887 4186 cum
913 4130 1197 4202 postridie
1210 4146 1423 4203 magno
1442 4146 1575 4185 cum
1592 4130 1748 4185 fastu
1762 4136 1821 4185 et
1841 4136 2040 4185 osten-

390 4221 531 4277 tatio
564 4221 635 4276 ad
668 4220 983 4276 ecclesiam
1016 4218 1384 4291 procederet,
1440 4236 1575 4274 cum
1621 4219 1684 4273 in
1736 4219 1866 4274 foro
1920 4236 2043 4275 non

388 4310 597 4384 procul
627 4327 662 4365 a
690 4310 855 4365 curia
885 4309 1139 4375 abesset,
1165 4314 1367 4363 ventre
1398 4307 1745 4363 stimulante
1776 4308 1850 4363 ad
1872 4308 2041 4364 latri-

389 4418 529 4457 nam
559 4401 722 4465 abiit,
745 4401 947 4470 ibique
978 4398 1052 4455 ab
1082 4397 1290 4470 angelo
1310 4400 1461 4453 ictus
1489 4397 1770 4453 intestina
1794 4397 2041 4453 inlatri-

388 4507 531 4546 nam
564 4490 682 4561 egit
709 4495 887 4560 atque
919 4487 1293 4543 exanimatus
1320 4491 1430 4541 est.

1733 407 2051 470 GEORGII
2096 407 2292 468 CEDR
2305 409 2438 471 ENl

443 546 614 599 Anno
646 546 716 598 22
746 544 1170 599 Constantinus
1199 542 1354 598 facta
1382 542 1443 596 in
1471 543 1818 610 Germanos,
1879 543 2026 598 Sau-
2056 549 2109 614 Α

3669 417 3792 483 564

2209 542 2303 612 Τῷ
2334 541 2420 617 κβ“
2475 535 2583 597 ἔτει
2645 546 3044 609 Κωνσταντῖνος
3099 546 3127 601 6
3188 542 3588 619 εὐσεϐέστατος,
3654 548 3794 604 κατὰ

2137 635 2429 704 Γερμανῶν
2460 631 2550 686 καὶ
2588 639 2961 708 Σαυροματῶν
3015 636 3105 691 καὶ
3163 642 3201 690 Γ
3206 637 3378 701 ὁτθων
3439 638 3792 713 στρατεύσας,

2135 720 2294 790 νίκην
2321 717 2492 795 ἤρατο
2522 742 2717 796 κραται
2740 725 2798 778 ἀν
2826 720 2914 779 διὰ
2935 731 3034 795 τῆς
3064 730 3161 781 τυῦ
3189 731 3425 802 σταυροῦ
3483 725 3785 801 δυνάμεως,

2135 808 2225 863 καὶ
2264 808 2491 871 τούτους
2523 811 2599 874 εἰς
2631 811 2869 888 ἑσχάτην
2898 815 3078 892 ⁴ίῖγαγε
3108 813 3376 889 δουλείαν.
3431 817 3529 871 Καὶ
3574 825 3788 890 Δρεπα-

2134 900 2225 950 νᾶν
2254 897 2343 951 τὸν
2375 895 2427 951 ἐν
2461 899 2807 973 Νικομηδείᾳ
2857 900 3133 965 ἐπικτίσας
3194 903 3274 967 εἷς
3317 905 3488 977 τιμήν
3549 912 3792 962 Λουκια-

2136 988 2232 1039 νοῦ
2263 989 2385 1039 τοῦθ
2424 984 2598 1043 ἐκεῖσε
2630 993 3077 1067 μαρτυρήσαντος
3109 992 3502 1050 Ἐλενούπολιν
3552 991 3642 1049 διὰ
3685 995 3788 1064 τήν

2144 1073 2351 1148 μητέρα
2381 1073 2656 1136 ἐκάλεσεν.

2211 1166 2305 1236 Τῷ
2362 1166 2537 1241 κγ’καὶ
2570 1164 2732 1224 δ’καὶ
2765 1176 2804 1225 ε’
2862 1168 2968 1227 ἔτει
3033 1173 3096 1228 τὸ
3153 1172 3205 1228 ἐν
3264 1172 3577 1250 Ἀντιοχείᾳ
3631 1173 3794 1229 ὀκτά-

2141 1272 2316 1327 γωνον
2378 1257 2641 1330 Κυριακὸν
2701 1259 2903 1333 ἤρξατο
2964 1260 3397 1336 οἰκοδομεῖσθαι.
3469 1265 3569 1320 Καὶ
3627 1262 3795 1326 αὐτὸς

2142 1341 2233 1397 τὸν
2268 1340 2525 1400 Δάνουόιν
2559 1346 2795 1417 περάσας
2834 1350 3073 1425 γέφυραν
3125 1350 3177 1406 ἐν
3221 1351 3372 1425 αὐτῷ
3427 1350 3642 1423 λιθίνην
3694 1373 3794 1408 πε-

2142 1432 2360 1504 ποίηκε,
2391 1435 2481 1489 καὶ
2510 1436 2638 1499 τοὺς
2672 1438 2881 1502 Σκύθας
2914 1441 3162 1511 ὑπέταξε,
3192 1441 3284 1497 καὶ
3316 1448 3407 1497 τον
3467 1442 3632 1523 φόρον
3681 1444 3801 1516 (89)

2143 1520 2319 1577 ἔκτισε
2368 1526 2505 1595 μετά
2528 1545 2589 1600 γε
2617 1530 2724 1581 τῶν
2767 1524 2863 1583 δύο
2907 1530 3159 1606 μεγάλων
3213 1520 3489 1605 ἐμϐόλων⁷
3519 1533 3656 1606 (90),
3704 1530 3800 1586 καί

2144 1608 2196 1666 ἔν
2230 1611 2379 1683 αὐτῷ
2407 1617 2485 1685 τῷ
2514 1615 2669 1693 φόρῳ
2707 1614 2864 1672 κίονα
2925 1618 3215 1692 μονόλιθον
3267 1619 3356 1675 καὶ
3416 1619 3800 1695 ὁλοπόρφυρον

2144 1697 2385 1773 ἔστησεν,
2420 1704 2478 1758 ἐκ
2507 1705 2729 1779 Ῥώμης
2760 1708 2997 1785 ἀγαγὼν,
3032 1708 3261 1781 ἐκδήσας
3302 1711 3461 1766 αὐτὸν
3514 1708 3605 1767 διὰ
3652 1708 3804 1790 χαλ-

2145 1792 2256 1848 κῶν
2291 1797 2474 1863 ζωνῶν
2507 1797 2924 1871 γεγραμμένων.
2977 1794 3255 1874 ἰδρύσατο
3296 1798 3353 1855 δὲ
3404 1799 3587 1856 ἐπάνω
3634 1801 3803 1855 αὐτοῦ

2145 1879 2438 1957 ἀνδριάντα
2493 1882 2577 1939 ἐπ’
2636 1885 2865 1959 ὀνόματι
2950 1887 3135 1960 αὐτοῦ,
3219 1888 3273 1944 ὲν
3354 1890 3401 1963 ᾧ
3477 1890 3803 1967 γέγραπται·

2150 1973 2236 2045 [Ρ.
2269 1974 2396 2046 296]
2427 1997 2455 2024 ι(
2498 1975 2922 2039 Κωνσταντῖνος.
2956 1975 3241 2053 Ἔλαμψεν
3263 1976 3429 2048 ἡλίου
3451 1976 3633 2051 δίκην,
3657 1979 3716 2043 ὅς
3734 1979 3807 2049 ἦν

2150 2055 2308 2136 ἔργον
2342 2062 2437 2135 μὲν
2473 2060 2724 2133 Φειδίου,
2752 2062 2906 2144 ἤχθη
2950 2063 3006 2122 δὲ
3060 2068 3110 2137 ἒξ
3173 2069 3439 2140 Ἀθηνῶν.
3477 2094 3504 2121 η
3554 2068 3658 2127 Καὶ
3708 2069 3810 2131 τὰς

2151 2150 2285 2206 ἒπτὰ
2311 2148 2573 2227 σπυρίδας
2605 2154 2694 2209 καὶ
2729 2154 2855 2217 τοὺς
2890 2156 2960 2232 ιβ’
2999 2158 3278 2235 κοφίνους,
3337 2157 3389 2214 ἑν
3441 2160 3528 2221 οἷς
3574 2159 3809 2234 Χριστὸς

2152 2242 2181 2296 6
2213 2241 2342 2303 Θεὸς
2376 2244 2537 2315 ἡμῶν
2589 2242 3126 2323 ἐθαυματούργησεν,
3193 2248 3299 2303 ὐπὸ
3345 2249 3444 2317 τήν
3498 2248 3654 2324 βάσιν
3708 2252 3810 2304 τοῦ

2153 2328 2336 2391 κίονος
2368 2325 2537 2388 ἔθετο.
2573 2332 2669 2387 Καὶ
2697 2334 2763 2389 τὰ
2812 2333 3042 2409 λείψανα
3089 2337 3148 2391 δὲ
3174 2342 3284 2392 τῶν
3344 2338 3514 2415 ἆγίων
3570 2338 3811 2393 ἀποστάς

2156 2418 2269 2475 λων
2329 2428 2514 2478 Λουκᾶ
2595 2424 2685 2479 καὶ
2757 2422 3032 2498 Τιμοθέου
3082 2426 3173 2482 καὶ
3230 2424 3491 2504 Ἀνδρέου
3566 2426 3655 2482 διὰ
3709 2430 3811 2482 τοῦ

2155 2508 2316 2584 ἁγίου
2376 2509 2649 2586 μάρτυρος
2709 2513 2998 2586 Ἀρτεμίου
3065 2515 3118 2570 ἐν
3177 2520 3246 2591 τῇ
3312 2515 3476 2572 πόλει
3527 2516 3806 2593 εἰσήγαγε.

2226 2601 2319 2673 Τῷ
2348 2602 2429 2665 κς¹
2458 2600 2547 2656 καὶ
2577 2603 2657 2673 κζ’
2687 2595 2792 2658 ἔτει
2851 2603 3016 2660 αὐτοῦ
3062 2607 3164 2676 τήν
3211 2605 3349 2662 κατὰ
3391 2610 3499 2661 τῶν
3559 2603 3809 2663 εἰδώλων

2155 2689 2245 2744 καὶ
2276 2693 2383 2744 τῶν
2411 2695 2552 2746 ναῶν
2582 2691 2757 2747 αὐτῶν
2788 2692 3083 2750 κατάλυσιν
3134 2693 3389 2765 ἐπέτεινε,
3447 2695 3542 2760 τὰς
3590 2693 3647 2751 δὲ
3699 2696 3813 2751 εἰσ-

2157 2774 2316 2835 ὁδους
2351 2778 2523 2834 αὐτῶν
2552 2786 2671 2845 ταῖς
2702 2781 3056 2853 Ἑκκλησίαις
3085 2782 3184 2839 τοῦ
3215 2788 3348 2840 Θεοῦ
3376 2782 3633 2856 ἐκύρωσε.
3673 2786 3812 2843 Τότε

2156 2869 2248 2923 καὶ
2345 2868 2398 2923 ἐν
2428 2869 2771 2943 Νικομηδείᾳ
2803 2871 3067 2947 βασιλικὴ
3100 2874 3229 2950 πυρῖ
3263 2874 3391 2948 θείῳ
3423 2875 3692 2954 ἑφλέχθη.

2230 2960 2327 3031 Τῷ
2357 2964 2443 3029 κη’
2482 2954 2588 3015 ἔτει
2620 2960 2786 3016 αὐτοῦ
2819 2963 2847 3017 6
2888 2959 3154 3034 δυσσεϐὴς
3212 2965 3439 3040 1ἰτιρειος
3492 2963 3817 3039 ἐπιπλάστῳ

2163 3046 2418 3121 μετανοίᾳ
2447 3049 2538 3103 καὶ
2568 3048 2757 3125 λόγοις
2813 3049 3120 3121 ἀπατηλοῖς
3168 3053 3304 3125 μετᾶ
3350 3055 3449 3122 τήν
3501 3054 3814 3130 καθαίρεσιν

2159 3137 2326 3193 αὐτοῦ
2384 3140 2822 3216 καταγοητεύσας
2907 3143 3002 3204 τὰς
3054 3142 3223 3208 ἀκοάς
3275 3149 3374 3199 τοῦ
3433 3143 3817 3222 γαληνοτάτου

2166 3225 2459 3304 βασιλέως,
2490 3229 2578 3283 καὶ
2608 3227 2704 3285 δύο
2739 3226 2931 3305 βιϐλία
2961 3226 3170 3301 λαϐὼν,
3200 3234 3262 3289 τὸ
3297 3234 3392 3308 μὲν
3439 3233 3490 3290 ἔν
3542 3237 3643 3304 τὴν
3693 3236 3816 3290 ἑαυ-

2163 3321 2260 3372 τοῦ
2294 3316 2648 3392 διεστραμμὲρ
2665 3340 2731 3389 ην
2764 3320 3022 3396 περιέχον
3056 3318 3212 3392 δόξαν
3265 3328 3384 3385 ταῖς
3436 3320 3600 3386 ῗδίαις
3655 3323 3815 3400 χερσῖ

2161 3407 2375 3481 γράψας
2409 3405 2459 3461 ἐν
2494 3410 2673 3486 κρυφῇ
2694 3414 2940 3487 κατεῖχε,
2973 3410 3036 3465 τὸ
3069 3407 3125 3465 δὲ
3153 3407 3335 3483 ἕτερον
3396 3408 3468 3466 δι’
3515 3410 3815 3489 ἀλλοτρίας

2159 3497 2346 3572 χειρὸς
2378 3498 2686 3574 ὁμοφώνως
2715 3501 2785 3571 τῇ
2818 3498 2869 3551 ἐν
2928 3500 3122 3571 Νικαῖᾳ
3169 3498 3445 3576 ἒκτεθείσῃ
3495 3501 3671 3557 πίστει
3719 3524 3815 3576 γε·

2159 3587 2406 3664 γραφὼς,
2442 3586 2717 3641 καὶτοῦτο
2751 3583 2969 3650 ἐπιδοὺς
3018 3594 3099 3661 τῷ
3150 3587 3390 3665 βασιλεῖ,
3439 3591 3528 3645 καί
3579 3588 3814 3664 διομνῦ-

2162 3696 2323 3749 μενος
2353 3677 2390 3744 ἧ
2422 3677 2532 3749 μην
2565 3674 2736 3739 οὕτως
2770 3676 3037 3732 πιστεύειν
3078 3676 3262 3753 ὥσπερ
3307 3676 3371 3750 δὴ
3424 3681 3515 3735 καὶ
3547 3675 3810 3756 ἔγραψεν,

2158 3762 2301 3820 οὕτω
2359 3766 2663 3840 συνήρπασε
2718 3769 2786 3840 τῇ
2840 3766 3005 3822 αὐτοῦ
3066 3764 3351 3839 δολιότητι
3408 3770 3500 3824 τὸν
3579 3769 3809 3845 βασιλέα

2156 3855 2293 3911 ὥστε
2347 3853 2600 3910 κελεῦσαι
2687 3854 2879 3911 τοῦτον
2962 3856 3332 3930 ἀνοπερθὲτως
3390 3858 3494 3915 ὑπὸ
3554 3859 3809 3933 Ἀλεξάν-

2155 3942 2285 4020 δρου
2316 3948 2417 4000 τοῦ
2449 3940 2751 4020 ἀρχιερέως
2783 3945 2859 4005 εἰς
2889 3944 3171 4008 κοινωνίας
3230 3945 3319 4001 ἐπὶ
3364 3951 3465 4013 τῆς
3515 3947 3809 4021 ἐκκλησίας

2152 4032 2581 4110 προσδεχῦἦναι,
2632 4035 2971 4109 Ἀγωνιίσκς
3023 4036 3227 4105 τοίνυν,
3279 4037 3354 4100 ὡς
3406 4037 3572 4109 εἰκὸς,
3605 4038 3632 4093 6
3663 4039 3803 4114 ἆρχ-

2155 4123 2348 4200 ιερεὺς,
2382 4124 2472 4178 καὶ
2524 4122 2594 4178 δι’
2648 4123 2788 4194 ὅλης
2834 4131 2935 4193 τῆς
2987 4127 3175 4188 νυκτὸς
3232 4123 3445 4198 δεηθεὶς
3502 4131 3603 4183 τοῦ
3642 4132 3803 4201 Θεοῦ,

2151 4214 2326 4289 εὐχῆς
2360 4207 2520 4290 ἔργον
2554 4211 2710 4267 αὐτὸν
2745 4211 3063 4283 ἐποιήσατο.
3096 4217 3180 4291 Τῇ
3214 4214 3319 4292 γάρ
3368 4216 3491 4285 ἑξῆς
3523 4216 3551 4270 6
3583 4215 3801 4278 ἀνόσιος

2154 4304 2291 4378 μετὰ
2320 4302 2613 4381 φαντασίας
2654 4302 2745 4357 καὶ
2804 4303 3177 4378 γαυριάματος
3229 4304 3305 4367 ε⁷ς
3351 4306 3451 4376 την
3504 4304 3798 4377 ἐκκλησίαν

2149 4392 2586 4468 προερχόμενος,
2620 4388 2807 4461 ἐπειδὴ
2843 4389 2897 4446 ἐν
2936 4397 3015 4465 τῷ
3046 4393 3200 4470 φόρῳ
3230 4391 3465 4465 πλησίον
3511 4399 3609 4451 τοῦ
3640 4396 3805 4472 λεγο-

2072 4471 2120 4536 D
2157 4485 2321 4557 μένου
2380 4482 2603 4537 σενάτου
2660 4482 2773 4555 (9|)
2831 4480 3063 4556 ἐγένετο,
3130 4489 3232 4553 τῆς
3288 4484 3520 4560 γαστρὸς
3577 4471 3808 4559 νυξάσης

387 4577 548 4633 αὐτὸν
576 4581 691 4638 τοῖς
751 4576 924 4631 ἐκεῖσε
978 4570 1280 4651 ἀφεδρῶσιν
1336 4573 1788 4652 ἁποκεχωρηκὼς
1845 4572 2115 4650 ἀγγελικῇ
2171 4576 2508 4628 κατασπᾶται
2550 4569 2721 4646 χειρὶ,
2769 4572 2868 4640 τῆς
2926 4591 2985 4627 τε
3039 4569 3256 4636 κοιλίας
3314 4571 3478 4628 αὐτοῦ
3542 4574 3631 4630 καὶ
3690 4579 3801 4631 τῶν

390 4664 725 4740 σπλάγχνων
750 4663 843 4719 σὺν
873 4667 942 4737 τῇ
973 4666 1127 4738 ψυχῇ
1158 4659 1426 4736 ῥαγέντων
1454 4664 1543 4716 καὶ
1572 4662 1649 4724 εἰς
1682 4659 1992 4741 ἀφεδρῶνας
2022 4657 2501 4734 καταϐληθέντων.

461 4757 680 4813 Eodem
705 4772 862 4812 anno
890 4754 1078 4810 fames
1110 4770 1322 4826 magna
1341 4754 1454 4809 fuit
1474 4753 1534 4808 in
1560 4755 1829 4823 Oriente;
1856 4772 2034 4827 quam

387 4847 702 4921 penuriam
733 4846 1055 4918 imperator
1111 4843 1435 4900 sublevavit
1492 4844 1678 4900 multo
1733 4845 2033 4901 frumento

2215 4756 2301 4824 Τῷ
2330 4757 2416 4822 κη’
2447 4744 2554 4805 ἔτει
2582 4750 2750 4825 λιμὸς
2787 4750 2957 4827 μέγας
2989 4749 3196 4827 ἐγένετο
3225 4749 3279 4807 ἐν
3309 4755 3379 4828 τῇ
3437 4752 3734 4828 Ἀνατολῇ·
3772 4755 3802 4812 6

2150 4840 2207 4897 δὲ
2241 4839 2496 4918 βασιλεὺς
2528 4845 2674 4896 σῖτον
2706 4841 2881 4896 πολὺν
2910 4840 3241 4905 ἀποστείλας
3297 4847 3492 4900 τοῦτον
3520 4842 3799 4918 ἤμβλυνε.

1588 4971 1954 5027 XYLANDRI
1992 4972 2080 5026 ET
2119 4970 2335 5025 GOARI
2376 4968 2597 5024 NOTlE.

485 5100 576 5169 89)
617 5098 978 5154 Simocatta:
1038 5114 1205 5224 φορος
1256 5093 1648 5170 περίλαμπρος
1698 5099 1885 5171 χῶρος
1940 5100 2042 5163 τῆς

485 5190 630 5224 ιεως.
700 5172 886 5224 Etiam
947 5186 1101 5224 anne
1132 5170 1352 5224 latione
1405 5187 1439 5224 a
1508 5170 1712 5224 Latina
1790 5168 2042 5223 deducta

387 5168 630 5230 πόλεως.
700 5172 886 5226 Etiam
947 5168 1352 5242 appellatione
1405 5168 1473 5225 a7
1508 5168 1737 5224 Latina"
1790 5168 2045 5223 deducta

424 5243 622 5304 audet.
654 5243 829 5299 Con.

382 5260 622 5320 gaudet.
654 5260 829 5299 non.

458 5324 571 5387 (90)
605 5317 750 5371 Hinc
794 5313 929 5369 inde
991 5313 1184 5387 forum
1237 5312 1538 5385 stipabant
1584 5303 1841 5387 ἓμβολοι.
1895 5309 2044 5387 Sunt

385 5383 584 5444 autem
616 5388 943 5443 secundum
965 5385 1251 5441 Allatium
1272 5383 1518 5455 porticus
1538 5383 1715 5455 variis
1738 5383 2041 5455 asseribus

385 5460 724 5530 conjunctis
747 5466 805 5513 et
832 5458 1043 5529 tegulis
1071 5453 1548 5528 superimpositis
1581 5453 1653 5530 ad
1697 5453 1914 5530 coloris
1946 5456 2039 5508 in-

386 5525 698 5587 commoda
711 5536 768 5583 et
786 5525 1006 5583 imbres
1021 5525 1364 5598 repentinos
1377 5525 2038 5598 arcendos,umbrarum

385 5605 648 5671 etiamet
668 5597 1167 5656 deambulationis
1192 5600 1382 5671 gratia
1402 5597 1842 5671 mdiﬁcatm._sic
1865 5597 2038 5652 dictaa

383 5675 455 5729 ab
489 5667 781 5746 ἐμϐάλλω,
838 5672 997 5746 quod
1045 5667 1266 5746 adeas
1312 5677 1373 5726 et
1402 5687 1530 5746 per
1586 5685 1685 5724 eas
1733 5669 2038 5746 ingrfssus

384 5741 604 5820 pateat.
638 5741 928 5800 Asconius
956 5743 1308 5814 provolantia
1337 5742 1587 5798 tabulata
1618 5741 1820 5799 vocat.
1854 5741 2035 5810 Belle,

2154 5095 2202 5172 si
2240 5100 2436 5150 tamen
2470 5092 2771 5172 addideris
2802 5087 3075 5172 ἐμὸᾇλους
3105 5113 3140 5152 a
3169 5098 3557 5172 Constantino
3587 5097 3806 5172 lapidi-

2153 5167 2263 5221 bus
2290 5172 2641 5232 exstructos,
2664 5166 2958 5243 columnis
2981 5172 3330 5243 marmoreis
3352 5170 3533 5227 fultos
3556 5166 3807 5243 etopere

2152 5244 2565 5294 concamerata
2596 5244 2802 5299 tectos,
2828 5238 3335 5309 jucundissimum
3359 5238 3808 5300 ambulantibus

2151 5310 2766 5392 spectaculum,__sicut
2794 5316 2852 5364 et
2881 5311 3314 5392 amplissimum
3340 5315 3400 5369 in
3434 5332 3534 5372 eos
3565 5333 3626 5371 se
3657 5316 3808 5371 reci-

2149 5381 2451 5454 pientibus
2482 5381 2737 5452 spatium
2771 5381 3114 5453 praabuisse.
3150 5385 3324 5442 Com.

2222 5457 2329 5529 (91.
2367 5455 2441 5529 Ut
2465 5469 2615 5507 nova
2646 5459 2899 5529 veterem
2934 5456 3179 5511 Romam
3215 5458 3571 5529 imitaretur,
3595 5458 3667 5515 ad
3691 5459 3809 5515 fori

2149 5526 2392 5599 maximi
2428 5524 2583 5599 latus
2632 5525 2796 5599 curia
2841 5526 2907 5599 in
2967 5533 3217 5599 utraque
3277 5524 3597 5587 constituta
3654 5538 3805 5588 erat.

2150 5598 2284 5674 llaec
2317 5594 2544 5674 Σινάτον
2575 5597 2666 5674 vel
2708 5597 2968 5674 ξενάτον.
3031 5594 3191 5674 Cpol.
3251 5601 3581 5674 dicebatur,
3641 5605 3808 5674 quod

2147 5671 2404 5742 Zonaras
2435 5665 2511 5742 ,ἐν
2542 5671 2646 5742 ,τῷ
2704 5667 2924 5742 Σενάτῳ

2434 5670 2511 5750 ἐν
2534 5671 2646 5750 ’.τῷ
2704 5670 2924 5742 Σενάτῳ
3007 5670 3345 5743 καλούμενον
3412 5670 3677 5750 μέγιστον
3725 5673 3803 5729 οῖ-

2147 5761 2240 5796 κον
2270 5740 2495 5797 scribit.
2528 5740 2703 5797 GOAR.
