4144 6414
304 429 426 491 565

1456 422 2005 491 HISTORIABUM
2049 421 2603 483 COMI'ENDIL'M.

3616 421 3740 484 566

311 560 465 631 Μόνη
499 555 557 615 δὶ
607 562 644 629 ἡ
700 560 1010 635 Ἀντιόχεια
1067 560 1137 627 λς
1192 559 1455 625 χιλιάδας
1514 562 1666 618 σίτου
1696 560 1814 616 κατ’
1844 554 1963 619 ἔτος

2085 558 2369 614 immisso.
2404 558 2539 613 Solo
2572 556 2882 613 Antiochia
2920 572 3112 612 annos
3163 556 3395 613 modios
3424 560 3599 615 36000
3630 577 3740 617 ac.

310 644 602 719 ἐλάμϐανε,
639 654 880 723 Σεισμοῦ
929 647 985 705 δὲ
1043 648 1097 706 ἐν
1160 651 1359 728 Κύπρῳ
1387 652 1678 729 γενομένου
1713 648 1962 721 Σαλαμὶν

306 740 341 808 ἡ
369 736 533 801 πόλις
565 738 825 794 κατέπεσε
853 739 945 794 καὶ
975 742 1157 795 ἱκανὸν
1187 741 1406 810 πλῆθος
1446 740 1736 822 διέφθειρε.

379 829 475 899 Τῷ
499 829 577 881 κῐΥ
606 824 713 883 ἔτει
745 826 1054 901 Δαλματιος
1114 832 1320 905 Καῖσαρ
1373 830 1737 905 ἀνηγορεύθη.
1786 826 1970 883 ΚαΛό-

303 936 495 991 καιρος
552 912 615 970 δὲ
670 915 723 972 ἐν
783 915 990 992 Κύπρῳ
1045 922 1377 992 τυραννήσας
1411 918 1463 974 ἐν
1496 921 1693 993 Ταρσῷ
1739 924 1840 986 τῆς
1872 922 1970 969 Κι-

306 1004 490 1068 λικίας
527 1006 631 1062 ὑπὸ
663 1003 985 1080 Δαλματίου
1019 1013 1124 1076 ζῶν
1158 1007 1529 1065 κατακαίεται.

376 1100 463 1168 Τῷ
495 1093 709 1172 λγ“τῆς
749 1097 917 1152 αὑτοῦ
979 1097 1262 1171 βασιλείας
1317 1100 1346 1154 ὁ
1409 1097 1575 1173 μέγας
1637 1099 1967 1152 Κωνσταντῖ-

303 1205 392 1247 νος
455 1188 699 1257 τελευτᾷ.
747 1188 979 1256 Κινήσας
1036 1189 1139 1261 γὰρ
1194 1188 1330 1242 κατᾶ
1390 1192 1607 1263 Περσῶν
1662 1187 1769 1241 ἀπὸ
1801 1192 1967 1241 Νικο-

310 1273 543 1349 μηδείας
602 1273 656 1330 ἐν
712 1280 830 1337 τοῖς
891 1276 1115 1339 Πυθίοις
1175 1276 1506 1350 αὐτομάτοις
1574 1279 1799 1351 θερμοῖς
1859 1276 1971 1348 (92)

305 1364 676 1441 παραγίνεται.
732 1365 833 1420 Καὶ
888 1367 1177 1433 κακωθεὶς,
1224 1364 1425 1431 ἐκεῖθεν
1483 1387 1543 1421 τε
1600 1363 1669 1421 δι’
1712 1364 1968 1422 Έλενου·

304 1454 526 1516 πόλεως
558 1454 610 1509 ἐν
643 1458 723 1524 τῷ
752 1453 957 1528 χάρακι
1018 1454 1212 1523 ἐλθὼν,
1273 1453 1509 1527 πυρετοῦ
1563 1449 1775 1530 λάϐρου
1805 1474 1970 1508 κατα-

306 1544 543 1618 σχόντος
575 1544 736 1598 αύτὸν
771 1539 1144 1613 ἐτελεύτησεν,
1200 1546 1333 1616 μετὰ
1365 1545 1408 1609 θ’
1438 1542 1556 1607 ἔτος
1585 1547 1683 1598 τοῦ
1714 1542 1971 1615 οἰκισμοῦ

302 1632 395 1686 καὶ
453 1631 813 1708 ἐγκαινισμοῦ
875 1633 1529 1695 Κωνσταντινουπόλεως,
1578 1632 1682 1690 Καὶ
1736 1633 1967 1701 ἁπετὲθη

305 1721 354 1777 ἐν
421 1721 669 1794 λάρνακι
712 1727 966 1798 πορφυεᾷ
1022 1724 1147 1793 ἢτοι
1198 1723 1478 1796 Ῥωμαίῳ,
1526 1725 1610 1795 [Ρ.
1642 1724 1770 1795 297]
1810 1720 1969 1782 αὐτὸς

307 1832 364 1867 τε
395 1811 491 1865 καὶ
520 1814 555 1881 ἠ
593 1813 780 1886 μήτηρ
822 1812 985 1867 αὐτοῦ
1025 1810 1220 1882 Ἑλένη
1281 1812 1387 1884 πρὸ
1441 1809 1653 1866 δώδεκα
1704 1808 1838 1865 ἐτῶν
1868 1815 1969 1877 τῆς

307 1901 476 1956 αὐτού
506 1899 769 1970 τελευτῆς
803 1900 1143 1965 αποθανοῦσα
1199 1900 1290 1956 καὶ
1348 1903 1383 1970 ἡ
1441 1902 1576 1975 γυνὴ
1626 1898 1790 1955 αὖτοῦ
1822 1902 1971 1954 Φαῦ-

309 2012 430 2057 στα,
464 1990 711 2065 θυγάτηρ
742 1991 1084 2063 Μαξιμιανοῦ
1132 1994 1227 2052 τοῦ
1257 1988 1608 2064 Ἑρκουλίου,
1639 1985 1971 2061 καταλείψας

310 2079 364 2135 ἰν
445 2077 697 2155 βασιλείᾳ
760 2086 904 2153 τρεῖς
975 2079 1151 2151 υἱοὺς,
1224 2080 1591 2136 κωνστάντιον
1658 2078 1748 2133 καὶ
1815 2084 1975 2133 Κων-

310 2175 591 2226 σταντῖνον
666 2170 756 2224 καὶ
825 2170 1169 2240 Κώνσταντα,
1237 2165 1618 2244 διορισάμενος
1688 2167 1973 2223 Κωνστάν-

303 2280 424 2315 τιον
489 2260 583 2329 μὲν
646 2256 795 2337 ἔχειν
850 2260 916 2313 τὲ
973 2257 1190 2333 Θρᾷκης
1247 2258 1337 2313 καὶ
1390 2258 1566 2330 Ἐῲας
1629 2258 1793 2331 μὲρη,
1834 2262 1976 2310 Κων-

304 2354 588 2405 σταντῖνον
632 2345 690 2403 δὲ
745 2348 812 2403 τὰ
868 2348 1007 2424 πρὸς
1064 2348 1317 2403 Ὠκεανὸν
1375 2345 1619 2422 ἑσπέρια,
1657 2347 1974 2401 Κώνσταντα

303 2435 359 2494 δὲ
394 2440 646 2511 Κρήτην,
680 2438 950 2513 Ἀφρικὴν
982 2437 1074 2492 καὶ
1104 2438 1165 2493 τὸ
1198 2434 1528 2512 Ἰλλυρικόν.
1576 2436 1711 2506 Δόξα
1744 2432 1801 2491 δὲ
1851 2456 1975 2490 κατ-

301 2528 436 2603 έσχε
475 2526 799 2597 τελευτῆσαι
851 2527 949 2601 μὲν
1003 2527 1096 2581 τὸν
1160 2522 1332 2603 μέγαν
1394 2530 1803 2582 Κωνσταντῖνον
1846 2546 1976 2601 φαρ·

306 2618 468 2691 μάχῳ
524 2614 858 2691 δηλητηρίῳ
914 2611 1187 2689 ἐπιϐουλῇ
1244 2619 1354 2670 τῶν
1414 2614 1687 2694 ἀδελφῶν,
1740 2612 1825 2669 διὸ
1878 2615 1970 2669 καὶ

304 2706 465 2760 αὑτὸν
501 2709 666 2760 τοῦτο
694 2701 765 2758 δι’
796 2704 1143 2783 αὐτογράφου
1195 2702 1491 2777 ἐπισκῆψαι
1544 2708 1624 2775 τῷ
1681 2699 1860 2768 παιδῖ,
1892 2700 1975 2756 ἐκ-

309 2792 530 2863 δικῆσαί
592 2814 652 2849 τε
718 2793 807 2848 καὶ
874 2793 1210 2866 φυλάξασθαι
1273 2792 1402 2855 τοὺς
1459 2790 1753 2853 ἀνελόντας
1810 2790 1973 2846 αὐτὸν

309 2887 507 2948 θείους
560 2879 798 2939 λαϐόντα
860 2880 916 2939 δὲ
973 2885 1075 2954 τὴν
1135 2882 1395 2952 τοιαύτην
1451 2885 1663 2960 γραφὴν
1701 2875 1971 2938 Εὐσέϐιον

309 2976 400 3031 τὸν
462 2971 835 3047 Νικομηδείας
893 2972 1190 3028 ἐπίσκοπον
1250 2969 1546 3028 ἀποδοῦναι
1608 2970 1972 3042 Κωνσταντίῳ

314 3062 373 3118 ἐκ
420 3070 519 3132 τῆς
566 3062 743 3135 Ἐῴας
792 3058 914 3135 ἄρτι
946 3057 1391 3136 παραγενομένῳ,
1424 3053 1573 3123 ἔιοεν
1625 3080 1685 3114 τε
1723 3058 1970 3133 γενέσθαι

320 3150 477 3205 αὐτὸν
548 3150 637 3206 καὶ
714 3149 1009 3205 ἐπίσκοπον
1085 3147 1728 3208 Κωνσταντινουπόλεως.
1777 3147 1850 3201 Τὸ
1915 3142 1972 3201 δὲ

318 3238 538 3300 τούτους
564 3238 913 3314 ἀναιρεθῆναι
970 3241 1108 3311 ‘93),
1139 3235 1258 3293 ἐπεί
1308 3257 1394 3293 τοι
1454 3233 1748 3312 ἀλόγιστος
1788 3238 1973 3311 σαφῶς

313 3329 346 3396 ἡ
380 3328 548 3402 ἀθρόα
574 3328 792 3383 πάντων
849 3329 1025 3383 αὐτῶν
1078 3325 1350 3401 ἀναίρεσις
1398 3324 1577 3396 τούτῳ
1610 3322 1808 3389 ἐδόκει,
1849 3318 1967 3377 δὲον

311 3409 487 3493 ἔκρινε
520 3419 597 3490 μή
631 3418 755 3472 ἄνευ
796 3415 966 3490 λόγου
1013 3419 1174 3471 τοῦτο
1222 3418 1474 3481 ποιῆσαι.
1527 3411 1882 3483 Ἐτελεύτησε
1914 3409 1972 3467 δὲ

308 3510 337 3565 ὁ
421 3511 590 3587 μέγας
669 3514 1069 3571 Κωνσταντῖνος
1144 3503 1382 3571 εὐσεϐῶς
1471 3503 1794 3580 βασιλεύσας
1872 3504 1969 3577 ἔτη

305 3596 396 3676 λβ“
425 3599 519 3655 καὶ
550 3606 721 3673 μῆνας
757 3606 808 3668 ι’,
842 3601 1010 3668 ζήσας
1040 3598 1108 3654 τα
1139 3600 1311 3653 πάντα
1336 3591 1432 3667 ἔτη
1465 3596 1551 3667 ξέ.

380 3687 757 3750 Κωνστάντιος
815 3682 1162 3743 ἐϐασίλευσεν
1235 3680 1329 3755 ἔτη
1404 3682 1506 3755 κδ’,
1568 3685 1815 3747 Κώνστας
1875 3682 1970 3755 ἔτη

308 3779 393 3849 ιζ’.
433 3781 829 3839 Κωνσταντῖνος
860 3773 917 3831 δὲ
947 3777 1090 3851 ταχὺ
1146 3772 1502 3842 τετελεύτηκε
1532 3774 1723 3849 τρόπῳ
1753 3771 1971 3846 τοιῷδε·

305 3865 457 3941 Πρὸς
489 3865 581 3920 τὸν
611 3860 848 3941 ἀδελφὸν
884 3863 1257 3918 Κωνστᾶντιον
1291 3863 1405 3936 (94)
1451 3861 1855 3933 κοινωσόμενος
1885 3855 1973 3933 ’ᾔει

303 3954 435 4029 περὶ
464 3975 626 4008 τινων
660 3958 796 4028 μετὰ
824 3952 1048 4022 πολλῆς
1090 3950 1283 4027 ἰσχύος
1340 3950 1430 4006 καὶ
1485 3946 1790 4021 δυνάμεως,
1820 3947 1850 4003 ὅ
1878 3949 1971 4003 τὸν

306 4043 688 4102 Κωνστάντιον
730 4043 945 4117 εἰσῆγεν
1001 4041 1076 4103 εἰς
1132 4035 1393 4110 ἔκπληξιν
1445 4040 1521 4113 μή
1554 4060 1609 4092 τι
1637 4036 1971 4112 νεωτερίσων

301 4131 600 4209 ἀφικνῆται
678 4128 755 4191 εἷς
828 4126 1006 4183 αὐτόν·
1092 4127 1184 4181 καὶ
1276 4129 1531 4199 πονηρῶν
1639 4118 1973 4196 συμϐουλῶν

300 4220 587 4293 ἐπιτυχὼν
663 4219 755 4273 καὶ
831 4220 966 4293 πρὸς
1042 4214 1296 4288 πόλεμου
1389 4212 1735 4289 ἒρεθιζόντων
1813 4211 1971 4269 αὐτὸν

300 4308 503 4380 ἐξῆλθε
532 4309 650 4364 κατ’
683 4308 868 4365 αὐτοῦ.
906 4307 1005 4364 Καὶ
1036 4301 1390 4383 συρῥαγέντο,
1439 4300 1693 4377 πολέμου
1746 4301 1797 4357 ἐν
1857 4308 1973 4365 τοῖς

300 4396 568 4479 ἱσχάτοις
628 4402 738 4453 τῶν
801 4398 1105 4475 φευγόντων
1168 4394 1404 4469 εὑρεθεὶς
1473 4392 1500 4447 ὁ
1572 4395 1974 4456 Κωνσταντῖνος

299 4489 630 4562 ἀναιρεῖται,
661 4485 848 4562 τρίτος
879 4483 952 4541 ὢν
997 4481 1255 4561 ἁδελφὸς,
1312 4482 1403 4537 καὶ
1458 4481 1656 4558 γίνεται
1690 4484 1976 4537 Κωνστάν-

299 4599 426 4640 τιος
476 4576 749 4655 ἐγκρατής
798 4576 1016 4631 πάντων
1064 4575 1173 4629 τῶν
1222 4569 1539 4647 Ἐσπερίων.
1594 4574 1695 4628 Ἦν
1734 4568 1791 4627 δὲ
1821 4578 1972 4626 Κων-

2075 648 2254 720 cepit.
2287 649 2647 702 Terrmmotu
2680 664 2856 718 porro
2908 646 3172 702 Salamin
3219 647 3364 703 urbs
3412 648 3588 721 Cypri
3634 650 3741 706 de-

2068 738 2250 810 jecta,
2289 736 2580 807 multique
2613 737 2893 792 mortales
2918 736 3197 792 exstincti
3251 743 3409 794 sunt.

2150 836 2321 883 Anno
2379 830 2447 882 29
2506 827 2834 883 Dalmatius
2885 828 3081 883 Caesar
3135 828 3480 901 designatus
3539 836 3649 885 est.
3680 832 3737 886 Is

2077 918 2237 974 Tarsi
2262 916 2482 971 Ciliciae
2509 916 2898 985 Kalocaarum,
2925 917 3027 987 qui
3056 917 3117 972 in
3141 918 3330 990 Cypro
3356 919 3737 991 tyrannidem

2078 1013 2360 1079 gesserat,
2394 1006 2585 1061 vivum
2617 1006 2966 1061 combussit.

2150 1098 2317 1151 Anno
2350 1096 2438 1150 sui
2475 1096 2708 1166 imperii
2741 1097 2807 1149 33
2856 1098 3283 1154 Constantinus
3342 1100 3585 1171 Magnus
3614 1115 3742 1154 mo-

2080 1184 2251 1239 ritur.
2284 1185 2461 1240 Facta
2492 1185 2551 1239 in
2583 1185 2790 1240 Persas
2815 1186 3195 1257 expeditione
3226 1204 3262 1242 a
3294 1187 3637 1243 Nicomedia
3665 1186 3742 1244 ad

2082 1274 2342 1329 thermas
2374 1276 2614 1345 Pythias
2633 1282 3004 1345 pervenerat.
3033 1276 3175 1332 Inde
3196 1276 3353 1332 male
3378 1278 3592 1332 affecto
3612 1294 3740 1333 cor-

2080 1380 2224 1435 pore
2255 1381 2362 1435 per
2395 1363 2808 1436 Helenopolim
2844 1364 2904 1419 in
2937 1372 3133 1421 castra
3162 1383 3298 1421 cum
3328 1367 3609 1433 venisset,
3640 1383 3741 1422 ve-

2081 1454 2346 1509 hementi
2378 1454 2540 1509 febre
2563 1460 2871 1527 correptus
2893 1455 3069 1511 vitam
3095 1473 3231 1511 cum
3254 1464 3445 1512 morte
3476 1473 3742 1512 commu-

2084 1544 2244 1611 tavit,
2279 1560 2436 1599 nono
2496 1550 2627 1615 post
2683 1544 2983 1600 conditam
3026 1544 3478 1618 dedicatamque
3534 1546 3741 1617 Cpolin

2081 1649 2258 1689 anno.
2299 1633 2575 1704 Sepultus
2608 1639 2696 1688 est
2726 1634 2788 1689 in
2836 1651 2974 1690 arca
3024 1635 3451 1707 Porphyretica
3490 1652 3596 1691 seu
3627 1637 3743 1691 Ro-

2080 1740 2273 1784 mana.
2314 1729 2373 1778 et
2401 1729 2592 1779 mater
2646 1724 2775 1795 ejus
2832 1724 3055 1780 Helena
3096 1724 3307 1780 eodem
3358 1726 3640 1797 reposita,
3674 1741 3744 1781 ac

2079 1817 2297 1867 Fausta
2325 1829 2494 1879 uxor,
2526 1811 2651 1867 filia
2690 1813 3029 1869 Maximiani
3089 1814 3379 1877 Berculei,
3414 1831 3547 1886 quas
3580 1814 3738 1869 duo-

2085 1901 2275 1956 decim
2306 1901 2481 1956 annis
2511 1907 2649 1956 ante
2679 1901 2879 1956 mariti
2912 1902 3142 1957 obitum
3191 1903 3549 1960 decesserat.
3583 1903 3742 1960 520

2082 1991 2405 2062 Imperium
2440 1990 2628 2046 tribus
2682 1990 2823 2047 filiis
2880 1991 3144 2064 reliquit,
3191 1994 3551 2053 Constantio.
3585 1995 3742 2049 Con-

2084 2081 2349 2135 stantino
2383 2087 2442 2134 et
2471 2081 2800 2149 Constanti,
2850 2082 2932 2136 ita
2981 2080 3234 2138 divisum
3267 2089 3329 2138 ut
3360 2083 3744 2139 Constantius

2082 2173 2389 2229 Thraciam
2423 2179 2483 2228 et
2512 2173 2813 2229 Orientem
2845 2179 3099 2241 teneret,
3151 2176 3577 2231 Constantinus
3612 2193 3744 2247 quae

2084 2262 2423 2318 Occidentis
2481 2268 2621 2318 sunt
2674 2262 2749 2318 ad
2805 2265 3128 2324 Oceanum.
3162 2265 3451 2320 Constans
3481 2265 3742 2334 Cretam,

2082 2354 2343 2408 Africam
2375 2358 2435 2408 et
2463 2353 2789 2425 Illyricum.
2820 2354 3122 2411 Creditum
3144 2355 3254 2411 fuit
3285 2356 3744 2412 Constantinum

2083 2458 2119 2497 a
2149 2442 2273 2497 suis
2302 2442 2586 2497 fratribus
2608 2443 2870 2498 exhibito
2892 2444 3099 2500 lethali
3129 2461 3351 2501 veneno
3382 2446 3744 2501 exstinctum

2082 2530 2307 2596 fuisse;
2341 2531 2597 2602 ideoque
2648 2548 2784 2587 eum
2837 2550 2945 2589 sua
3002 2550 3183 2589 manu
3242 2534 3481 2605 scriptis
3526 2534 3741 2590 litteris

2082 2619 2402 2675 mandasse
2423 2620 2546 2674 filio
2571 2626 2688 2676 uta
2711 2622 2937 2692 patruis
2960 2622 3070 2676 sibi
3094 2628 3324 2678 caveret
3347 2639 3568 2695 eosque
3591 2622 3740 2678 ulci-

2084 2715 2349 2764 sceretur
2373 2725 2386 2774 ;
2412 2725 2511 2764 eas
2537 2709 2765 2765 litteras
2787 2710 3106 2766 Eusebium
3128 2711 3488 2768 Nicomedia:
3510 2712 3742 2784 episco-

2084 2814 2223 2869 pum
2252 2798 2575 2870 accepisse,
2610 2812 2669 2854 et
2707 2800 3053 2856 Constantio
3110 2817 3322 2856 recens
3372 2816 3443 2856 ex
3500 2801 3743 2858 Oriente

2082 2904 2317 2943 reverso
2350 2887 2685 2953 tradidisse,
2717 2887 2975 2959 indeque
3035 2889 3215 2944 etiam
3275 2890 3585 2961 Cpolitano
3617 2891 3743 2963 epi-

2083 2982 2326 3048 scopatu
2361 2976 2632 3048 potitum.
2669 2977 2875 3032 Visum
2902 2982 3099 3034 autem
3132 2978 3246 3033 fuit
3273 2977 3597 3035 absurdum
3631 2995 3743 3050 pa-

2080 3074 2247 3123 truos
2278 3068 2426 3123 istos
2449 3067 2626 3123 simul
2649 3068 2958 3124 universos
2982 3069 3131 3125 velle
3155 3069 3426 3125 occidere
3449 3086 3463 3136 ;
3490 3070 3746 3141 ideoque

2082 3156 2385 3212 decretum
2422 3162 2512 3213 est
2542 3172 2667 3211 rem
2725 3163 2896 3213 caute
2954 3158 3266 3230 agendam.
3328 3158 3495 3214 Diem
3542 3164 3745 3213 autem

2085 3262 2256 3301 suum
2291 3246 2386 3317 pie
2426 3245 2572 3300 obiit
2614 3246 3038 3302 Constantinus
3088 3248 3353 3318 Magnus,
3386 3262 3520 3301 cum
3553 3247 3743 3318 impe-

2086 3299 2133 3301 _.
2170 3299 2193 3300 η
2222 3299 2255 3300 η
2291 3299 2310 3317 ι
2440 3299 2445 3300 ,
2508 3299 2511 3300 ν
2629 3299 2678 3300 η
3090 3299 3353 3318 η-οπη,
3396 3299 3517 3301 ,καί

2002 3299 2045 3364 C
2083 3340 2275 3389 rasset
2304 3349 2492 3389 annos
2527 3332 2768 3405 triginta
2789 3332 2958 3401 duos,
2981 3349 3221 3389 menses
3238 3333 3468 3402 decem,
3498 3332 3744 3388 vixisset

2078 3440 2268 3480 annos
2298 3424 2607 3496 sexaginta
2626 3423 2914 3495 quinque.

2153 3681 2532 3737 Constantius
2593 3680 2901 3753 imperavit
2954 3696 3144 3736 annos
3197 3679 3402 3752 viginti
3461 3685 3737 3752 quatuor,

2082 3771 2372 3827 Constans
2422 3786 2609 3826 annos
2659 3769 3109 3842 septemdecim.
3161 3770 3589 3826 Constantinus
3621 3769 3739 3826 cito

2082 3860 2276 3931 periit.
2302 3858 2477 3930 idque
2501 3858 2612 3914 hoc
2634 3866 2804 3931 pacto
2837 3876 2850 3913 :
2881 3857 3216 3915 Accedebat
3234 3858 3309 3915 ad
3330 3859 3573 3914 fratrem
3595 3860 3741 3914 Con-

2083 3949 2395 4012 stantium,
2427 3954 2491 4002 ut
2513 3964 2649 4001 eum
2673 3964 2740 4002 eo
2763 3946 2835 4002 de
2868 3964 2931 4002 re
2954 3946 3212 4018 quadam
3244 3947 3739 4014 communicaret,

2082 4036 2315 4107 magnis
2345 4035 2661 4091 comitatus
2694 4035 2900 4107 copiis.
2947 4036 3113 4100 Quod
3146 4037 3548 4108 suspicionem
3580 4037 3737 4092 Con-

2083 4126 2299 4180 stantio
2327 4124 2528 4193 movit,
2560 4140 2634 4178 ne
2669 4123 2809 4195 quid
2854 4124 3037 4180 frater
3084 4124 3219 4179 novi
3272 4124 3604 4180 moliretur.
3635 4130 3739 4181 At-

2083 4230 2196 4285 que
2220 4213 2318 4268 hic
2349 4211 2520 4268 malis
2548 4213 2989 4269 consultoribus
3033 4230 3176 4268 usus
3220 4212 3294 4268 ad
3344 4231 3604 4287 pugnam
3636 4231 3740 4270 ex-

2080 4301 2479 4366 hortantibus,
2539 4306 2745 4356 contra
2818 4318 2953 4356 eum
3031 4301 3355 4357 exercitum
3416 4301 3619 4357 eduxit
3673 4301 3737 4358 in

2082 4391 2291 4458 aciem,
2316 4389 2763 4461 Commissoque
2796 4388 3000 4462 prarlio
3024 4390 3447 4445 Constantinus
3471 4390 3624 4445 inter
3646 4407 3739 4445 ex-

2082 4487 2305 4537 tremos
2337 4480 2399 4534 in
2430 4479 2566 4552 fuga
2612 4480 3073 4550 comprehensus
3131 4485 3187 4534 et
3244 4479 3592 4535 interfectus
3624 4485 3734 4535 est.

2080 4574 2167 4627 Ita
2196 4570 2576 4627 Constantius
2606 4569 2923 4625 Occidente
2955 4574 3076 4625 toto
3112 4569 3355 4642 potitur.
3389 4570 3597 4627 Satura
3624 4570 3739 4626 fuit

303 4666 559 4728 στάντιος
614 4668 714 4737 τὴν
772 4670 870 4721 τοῦ
927 4665 1182 4739 σώματος
1242 4658 1555 4736 ἀναδρομὴν
1603 4660 1850 4733 εὐμήκης
1882 4660 1969 4716 καὶ

2086 4660 2465 4716 Constantius
2522 4675 2787 4731 procera,
2822 4659 2973 4715 52!
3009 4675 3218 4729 navus,
3274 4666 3518 4732 aspectu
3559 4660 3734 4730 truci,

302 4754 617 4827 ὲπίξανθος,
649 4755 896 4833 χαροπὸς
938 4758 1051 4828 (95)
1098 4753 1198 4822 τήν
1258 4748 1406 4827 ὅψιν,
1461 4745 1835 4825 εὐμετάϐολος
1866 4752 1964 4821 τὴν

301 4848 564 4926 γνώμην,
623 4848 856 4925 σώφρων
911 4845 977 4901 τὰ
1034 4845 1169 4921 πρὸς
1226 4839 1538 4920 ἀφροδίσια,
1599 4841 1785 4904 φίλοις
1844 4862 1967 4895 συν-

2081 4751 2282 4807 animo
2314 4749 2700 4812 inconstanti,
2734 4748 2819 4804 rei
2868 4766 3133 4806 venerea)
3183 4749 3510 4818 abstinens,
3548 4752 3736 4808 comis

2081 4856 2218 4913 erga
2247 4838 2492 4904 amicos,
2521 4838 2582 4893 in
2614 4837 2746 4894 cibo
2782 4837 3213 4895 continentiam
3246 4839 3559 4912 adhibens,
3593 4839 3737 4897 sub—

1521 4968 1884 5025 XYLANURI
1923 4967 2011 5022 ET
2046 4963 2265 5021 GOAPJ
2292 4963 2519 5020 ΝΟΤΕ.

375 5099 497 5171 (92)
532 5101 729 5170 Aquas
760 5098 928 5155 nulla
957 5099 1219 5171 humana
1249 5094 1565 5159 industria,
1599 5091 1701 5149 sed
1733 5098 1962 5171 natura;

297 5164 520 5244 sponte
554 5164 961 5242 beneficioque
994 5170 1069 5226 ad
1116 5169 1336 5225 balnea
1381 5171 1742 5239 praeparatas
1783 5164 1963 5220 intel-

299 5246 449 5318 lige.
481 5246 657 5318 Cosa.

369 5305 491 5388 (93)
556 5316 794 5396 Absque
856 5313 1053 5396 verbis
1113 5311 1176 5366 τὸ
1241 5305 1301 5394 δε
1377 5307 1624 5396 τούτους.
1670 5306 1963 5396 αναξρείξῆς

296 5376 388 5441 ναί
421 5376 637 5443 sensus
670 5376 975 5460 integrior,
1009 5385 1056 5441 si
1089 5383 1448 5457 praemiseris
1497 5378 1624 5435 ἀλλ’
1670 5376 1807 5433 ἔπεϊ
1836 5376 1966 5432 50.6-

302 5461 737 5536 γητος-ϐολῇ.
798 5531 811 5536 _
1038 5532 1047 5536 Α
1154 5530 1164 5536 _
1347 5531 1355 5536 _
1659 5524 1671 5534 .

381 5532 497 5603 (94)
531 5532 764 5587 Falsum
798 5531 908 5603 hoc
966 5532 1055 5603 est
1080 5530 1193 5603 _et__
1227 5531 1433 5603 contra
1462 5522 1961 5603 historimfidem.

306 5593 619 5659 Constanti
644 5604 802 5659 enim
827 5599 1055 5657 absenti
1080 5596 1301 5653 bellum
1322 5598 1585 5653 inferens
1606 5593 1761 5667 apud
1788 5594 1965 5664 Aqui.

308 5674 494 5731 leiam
525 5676 598 5731 ab
630 5679 760 5745 ejus
791 5673 1055 5731 exercitu
1086 5685 1274 5745 exesus
1314 5669 1492 5745 periit
1518 5666 1961 5726 Constantinus.

313 5748 386 5803 Et
417 5748 501 5804 sic
530 5740 707 5820 paulo
738 5751 876 5820 post
902 5749 1062 5801 recte
1093 5740 1328 5813 legitur.
1363 5741 1496 5797 XvL.

2144 5090 2255 5159 (95)
2307 5088 2410 5143 Hic
2468 5104 2636 5158 mque
2694 5104 2761 5143 ac
2820 5088 2895 5161 in,
2930 5088 3271 5161 iJustiniano
3323 5086 3572 5161 χαροπόν
3626 5088 3730 5156 τήν

2073 5154 2196 5234 ὄψιν
2240 5154 2476 5231 aspectu
2539 5154 2773 5234 trucem,
2800 5160 3063 5215 reddidit
3110 5154 3423 5234 interpres.
3456 5154 3735 5234 Constat

2075 5231 2298 5301 autem,
2330 5239 2394 5287 ut
2427 5231 2713 5295 moribus,
2761 5233 2844 5286 ita
2900 5232 3167 5303 corporis
3218 5231 3400 5303 signis
3446 5232 3732 5288 Iustinia-

2075 5322 2217 5360 num
2251 5320 2547 5359 summam
2571 5302 3468 5374 mansuetudinem,prmtulisse.
3495 5303 3731 5361 Rectius

2074 5377 2275 5456 itaque
2308 5392 2441 5456 eum
2472 5375 2855 5456 Jo._Baptist_a
2885 5376 3062 5428 Porta
3081 5373 3170 5456 in.
3205 5374 3525 5456 Phi/siam;
3558 5395 3730 5456 χαρο-

2072 5444 2384 5502 πὸιῐιτρείἰε
2442 5446 2631 5507 oratis.
2680 5444 2899 5507 'quales
2959 5451 3099 5499 sunt
3155 5444 3405 5505 leonini.
3459 5444 3730 5504 illustrem

2073 5526 2497 5593 vertohquem
2556 5514 2831 5593 eumdem
2885 5520 3151 5593 περιφερῆ
3209 5514 3300 5593 καὶ
3360 5514 3729 5593 εὐόφθαλμον,

2073 5588 2408 5647 volubilibus
2437 5590 2796 5659 beniguisque
2852 5589 3022 5660 oculis
3079 5588 3479 5660 conspicuum
3519 5590 3729 5648 Suidas

2074 5681 2209 5719 cum
2259 5663 2446 5717 lexico
2510 5664 2817 5732 Anonymo
2878 5659 3024 5715 Bibl.
3086 5659 3237 5734 Reg.
3278 5660 3727 5734 interpretatur.

2073 5737 2252 5795 GOAR.
