4144 6414
318 425 438 488 867

1682 429 2007 493 GEORGII
2038 428 2380 492 CEDRENI

3626 433 3749 495 568

321 559 583 615 ditorum
615 561 1008 633 petitionibus
1039 568 1098 618 et
1127 564 1322 620 causis
1343 563 1666 637 benignus:
1691 562 1983 619 fructibus

2116 558 2586 637 ίναστρειρόμενος,
2620 558 2893 638 ἐγκρατὴς
2948 560 3020 615 τὰ
3074 560 3213 636 πρὸς
3248 563 3480 639 τροφήν,
3516 561 3753 635 εὐμενής

322 666 571 721 prorsus
603 651 963 719 abstinebat,
988 653 1048 707 in
1081 652 1564 709 contentionibus
1586 654 1805 709 ducum
1826 668 1986 707 sem-

326 755 435 811 per
485 740 766 797 decorum
818 742 1106 808 servabat,
1161 742 1465 799 neminem
1525 740 1889 797 ineruditum
1922 741 1984 796 in

329 836 605 885 senatum
634 830 975 901 recipiebat,
1002 831 1129 903 ipso
1155 838 1215 887 et
1235 847 1472 903 prosam
1497 831 1823 887 orationem
1847 830 1988 884 scri-

327 917 470 973 bere
501 923 560 972 et
589 935 790 974 versus
820 936 1076 991 pangere
1108 920 1417 977 didicerat.
1470 922 1659 976 Unum
1691 920 1744 974 ei
1776 919 1983 973 vitium

330 1006 540 1077 adfuit,
572 1024 765 1079 prava:
790 1008 862 1063 de
886 1008 1173 1081 religione
1205 1010 1539 1083 opiniones.

398 1194 571 1247 Anno
628 1193 959 1248 Constantii
1018 1194 1255 1266 imperii
1315 1194 1580 1251 secundo
1657 1193 1984 1249 Dalmatius

325 1281 519 1337 Caasar
548 1298 581 1336 a
615 1281 907 1338 militibus
938 1291 1206 1350 necatur,
1238 1301 1433 1357 neque
1458 1284 1710 1357 jubente
1742 1284 1800 1339 id
1832 1283 1986 1338 Con-

327 1373 544 1427 stantio
576 1388 771 1443 neque
791 1378 1047 1430 vetante.
1071 1376 1255 1430 Erant
1275 1375 1453 1433 etiam
1477 1390 1597 1430 una
1615 1372 1985 1429 interfecturi

323 1460 558 1516 Gallum
590 1467 649 1515 et
676 1462 984 1517 lulianum
1017 1463 1169 1519 filios
1201 1464 1526 1519 Constantii
1560 1463 1689 1535 ejus
1720 1463 1820 1534 qui
1844 1463 1989 1516 Con-

326 1549 589 1605 stantino
622 1549 832 1621 Magno
893 1550 1077 1607 frater
1125 1552 1267 1607 fuit:
1316 1552 1420 1607 sed
1478 1552 1711 1607 Gallum
1742 1550 1986 1606 morbus

328 1639 461 1694 neci
492 1638 805 1704 subtraxit,
835 1640 1140 1696 Iulianum
1174 1647 1339 1705 tetas,
1372 1646 1501 1697 octo
1533 1646 1765 1695 tantum
1798 1655 1986 1695 annos

330 1735 560 1783 natum.
581 1729 960 1785 Constantius
983 1736 1177 1785 autem
1203 1747 1340 1786 cum
1367 1737 1504 1786 ante
1532 1730 1892 1786 sententiam
1914 1728 1986 1784 de

331 1818 480 1873 Filio
507 1817 1001 1874 consubstantiali
1062 1824 1220 1875 esset
1273 1820 1607 1892 amplexus,
1649 1824 1784 1891 post
1811 1818 1883 1874 ab
1919 1833 1989 1872 ea

333 1906 843 1963 descivit.levitate
866 1908 1090 1981 ingenii
1112 1926 1180 1964 ac
1201 1909 1407 1965 fraude
1427 1910 1630 1965 Ariani
1659 1907 1987 1981 presbyteri
2020 1933 2066 1998 Β

334 2002 394 2052 et
426 1996 657 2051 Eusebii
698 1998 1110 2054 ennuchorum
1141 1998 1432 2071 principis
1463 2005 1522 2054 et
1550 1998 1789 2053 Eusebii
1820 1998 1995 2053 Nico—

332 2085 658 2142 mediensis
689 2085 976 2158 episcopi.

405 2175 599 2231 Tertio
627 2190 783 2230 anno
813 2175 1239 2231 Constantinus
1299 2192 1435 2233 eum
1466 2177 1527 2232 in
1560 2176 1848 2232 ditionem
1879 2175 1996 2231 fra-

335 2265 444 2321 tris
472 2264 813 2319 Constantis
846 2264 1203 2331 advenisset,
1236 2266 1558 2323 commissa
1586 2283 1786 2339 pugna
1812 2282 1846 2321 a
1874 2265 1998 2321 mi-

334 2353 543 2410 litibus
592 2358 685 2408 est
730 2354 1102 2419 interfectus,
1163 2361 1230 2411 ut
1282 2356 1559 2412 diximus.
1620 2355 2001 2411 Constantius

336 2443 596 2500 Orientis
622 2443 947 2515 imperator
975 2444 1205 2499 Gallum
1229 2451 1287 2499 et
1304 2445 1607 2500 lulianum
1641 2444 2001 2501 erudiendos

338 2533 586 2590 tradidit
616 2534 677 2588 in
707 2534 838 2589 loco
890 2526 1001 2605 qui
1062 2535 1370 2591 Macelium
1425 2537 1761 2609 appellatur
1791 2542 1849 2591 et
1879 2551 2002 2590 non

343 2623 551 2697 procul
582 2623 751 2680 abest
779 2640 814 2680 a
843 2626 1110 2680 Caesarea
1162 2625 1571 2697 Cappadociae.
1619 2627 1687 2681 Hi
1736 2625 1851 2681 duo
1884 2626 2003 2680 fra-

346 2718 467 2768 tres
498 2713 752 2768 lectores
778 2713 1171 2786 (Anagnostas
1192 2715 1424 2787 vocant)
1450 2715 2003 2784 fuerunt,intende-

342 2807 603 2873 runtque
621 2803 915 2873 templum
938 2809 1142 2858 sancto
1167 2805 1410 2876 martyri
1425 2805 1703 2861 Mamanti
1725 2804 2004 2860 condere.

345 2893 486 2958 Qum
517 2895 717 2947 autem
748 2908 889 2962 pars
919 2892 1073 2948 252
1100 2893 1336 2949 Iuliano
1386 2893 1739 2949 mdificanda
1776 2893 2005 2965 obtige-

346 2986 462 3045 rat,
493 2980 577 3035 ibi
633 2980 827 3036 solum
884 2982 1196 3037 materiam
1254 2998 1376 3039 non
1432 2984 1677 3055 recepit.
1739 2983 2007 3039 Julianus

350 3074 526 3127 tonso
575 3070 792 3141 capillo
840 3071 1230 3127 monasticam
1273 3073 1453 3129 vitam
1503 3089 1566 3128 se
1613 3072 1826 3146 degere
1856 3072 2008 3127 velle

350 3159 676 3219 simulavit.
712 3161 1094 3217 Constantius
1117 3168 1175 3217 et
1196 3164 1489 3219 Constans
1519 3163 1709 3238 legem
1742 3162 2009 3218 tulerunt

343 3267 420 3307 ne
447 3251 583 3322 quis
603 3249 843 3307 Judaaus
865 3267 1099 3307 servum
1126 3258 1387 3308 emeret:
1411 3259 1677 3325 emptum
1709 3251 2001 3323 publicari

331 3341 687 3414 jusserunt;
750 3342 796 3396 si
849 3341 983 3413 quis
1036 3342 1468 3398 circumcidere
1526 3358 1760 3398 servum
1819 3357 2000 3397 ausus

337 3439 515 3498 esset,
547 3433 745 3506 gladio
772 3433 936 3489 feriri
970 3440 1029 3488 et
1055 3433 1214 3489 bona
1244 3434 1374 3506 ejus
1396 3433 1711 3507 publicari.

406 3523 595 3579 Annis
652 3529 910 3592 quatuor
966 3529 1025 3578 et
1080 3524 1347 3595 quinque
1387 3524 1706 3580 Antiochia
1736 3523 2001 3580 triduum

337 3627 553 3682 magno
586 3616 762 3666 terrae
793 3617 960 3666 motu
988 3612 1326 3682 periclitata
1357 3618 1465 3668 est.

409 3701 588 3755 Sexto
619 3716 777 3755 anno
808 3701 1191 3756 Constantius
1219 3701 1291 3757 de
1314 3701 1481 3757 victis
1513 3703 1771 3776 Assyriis
1800 3702 2004 3757 trium-

338 3789 543 3863 phavit
598 3789 849 3860 Sapores
882 3791 1196 3845 Persarum
1230 3808 1334 3845 rex
1354 3790 1723 3848 Christianos
1754 3798 1845 3848 est
1876 3807 2002 3863 per-

342 3885 602 3936 secutus.
635 3880 927 3935 Constans
958 3879 1020 3934 in
1051 3880 1370 3937 Occidente
1409 3882 1667 3937 Francos
1696 3898 2004 3955 oppugna—

339 3971 440 4025 vit.
490 3976 567 4025 Eo
626 3986 785 4025 anno
844 3969 1131 4043 Didymus
1188 3971 1453 4044 quidam,
1513 3973 1601 4027 vir
1656 3973 2002 4045 praeclarus,

342 4060 531 4116 oculis
562 4066 769 4131 captus
802 4060 1082 4115 innotuit.
1106 4060 1195 4116 Ad
1218 4061 1375 4117 hunc
1405 4078 1655 4135 magnus
1686 4062 1787 4117 ille
1818 4063 2004 4116 Anto-

341 4150 479 4205 nius
504 4149 879 4205 Alexandriaa
937 4150 1270 4207 accedens:
1331 4151 1458 4206 Non
1512 4156 1622 4219 est,
1656 4152 1758 4217 ait,
1793 4168 1897 4207 cur
1928 4150 2001 4204 ob

332 4239 633 4311 jacturam
658 4238 966 4294 oculorum
986 4238 1383 4310 perturberis:
1404 4239 1550 4295 tales
1568 4240 1727 4294 enim
1750 4231 2004 4294 amisisti

340 4327 573 4392 oculos,
608 4345 759 4400 quos
791 4328 969 4383 etiam
1005 4345 1223 4384 musca;
1258 4346 1326 4383 ac
1358 4329 1580 4385 culices
1624 4328 1840 4385 damno
1874 4327 2005 4384 affi—

332 4434 466 4474 cere
519 4423 785 4488 possunt.
845 4416 1043 4472 Gaude
1102 4419 1301 4491 potius
1360 4418 1518 4490 quod
1574 4419 1779 4475 oculos
1818 4418 2005 4473 habes

342 4508 623 4582 qualibus
652 4508 846 4581 angeli
878 4508 1096 4563 vident.

412 4597 676 4668 Septimo
708 4613 865 4652 anno
899 4598 1125 4669 ingenti
1182 4603 1356 4655 terra:
1413 4606 1577 4656 motu
1622 4601 2005 4657 Neocaasarea

340 4687 491 4744 mari
525 4685 806 4758 absorpta
836 4691 946 4755 est,
981 4693 1208 4743 tantum
1261 4689 1523 4762 episcopi
1558 4691 1697 4746 sede
1730 4696 1787 4745 et
1816 4691 2003 4746 eccle—

343 4777 431 4833 sia
486 4774 928 4848 superstitibus.
984 4777 1145 4832 Tunc
1197 4779 1376 4834 etiam
1433 4780 1651 4835 Paulus
1698 4780 2003 4837 confessor

342 4865 659 4938 episc0pus
691 4864 1038 4937 Cpolitanus
1070 4865 1370 4939 deligitur.
1420 4875 1424 4878 ’

413 4957 625 5013 Octavo
657 4972 815 5011 anno
849 4972 1062 5030 magno
1112 4962 1288 5015 terrm
1335 4964 1500 5015 motu
1532 4959 1774 5017 Rhodus
1804 4959 2005 5017 insula

337 5051 636 5122 prostrata
664 5051 775 5104 est.

2094 651 2232 723 πρὸς
2259 649 2355 712 τὰς
2411 649 2655 719 αἰτήσεις
2711 648 2801 704 καὶ
2859 648 3064 724 κρίσεις
3118 654 3226 704 τῶν
3284 650 3559 718 ὑπηκόων·
3593 650 3749 706 ὀπω-

2096 743 2205 814 ρῶν
2236 739 2476 809 καθάπαξ
2534 737 2856 816 ἀφέστηκεν.
2917 740 3006 796 Ἐν
3062 736 3119 794 δὲ
3176 745 3296 801 ταῖς
3325 744 3434 794 τῶν
3463 741 3752 817 ἡγεμόνων

2094 827 2442 905 φιλοτιμίαις
2498 828 2561 884 τὸ
2615 830 2822 903 πρέπον
2882 828 2964 884 ἀεὶ
3023 824 3284 905 διετήρει.
3338 826 3546 887 Οὐδένα
3576 828 3633 885 δὲ
3668 831 3745 904 μὴ

2092 915 2343 980 παιδείας
2403 916 2702 993 μετέχοντα
2756 923 2825 992 τῇ
2885 919 3142 994 γερουσίᾳ
3198 918 3506 994 κατέλεγεν,
3552 922 3627 983 ὡς
3657 920 3747 975 καὶ

2092 1006 2155 1062 τὸ
2215 1005 2377 1082 εἶ’ρειν
2435 1002 2603 1081 λόγον
2673 1007 2763 1061 καὶ
2847 1009 3069 1082 μέτροις
3124 1008 3346 1084 γράφειν
3402 1007 3747 1076 ἐπίστασθαι,

2095 1097 2172 1152 ἐνὶ
2208 1096 2357 1171 μόνῳ
2386 1099 2656 1169 νοσήματι
2688 1101 2756 1171 τῇ
2786 1095 3079 1168 κακοδοξίᾳ
3109 1101 3224 1170 (96)
3262 1098 3602 1170 ἡττώμενος.

2163 1189 2259 1259 Τῷ
2363 1184 2470 1241 ἔτει
2513 1194 2615 1256 τῆς
2675 1185 2954 1262 βασιλείας
3005 1188 3175 1243 αὐτοῦ
3207 1187 3517 1260 Δαλμάτιος
3549 1194 3750 1263 Καῖσαρ

2096 1276 2201 1333 ὑπὸ
2259 1282 2609 1349 στρατιωτῶν
2668 1275 2989 1353 ἀναιρεῖται,
3050 1276 3113 1331 ού
3184 1275 3539 1340 κελεύσαντος
3598 1281 3754 1334 Κων-

2096 1366 2369 1435 σταντίου,
2399 1364 2529 1421 ἀλλ’
2561 1364 2686 1422 οὐδὲ
2734 1364 3085 1429 κωλύσαντος
3132 1369 3231 1436 τήν
3276 1369 3510 1444 σφαγήν.
3540 1365 3752 1440 Ἓμελυ

2096 1456 2192 1513 λον
2224 1455 2280 1512 δὲ
2320 1463 2750 1533 ωναναιρεῖσθαι
2805 1454 3020 1519 Γάλλος
3064 1455 3154 1511 καὶ
3187 1456 3485 1518 Ἰουλιανὸς
3513 1457 3565 1511 οἱ
3599 1459 3751 1514 Κων-

2098 1546 2349 1603 σταντίου
2407 1550 2504 1602 τοῦ
2556 1544 2799 1620 ἀδελφοῦ
2856 1549 2953 1600 τοῦ
3026 1544 3286 1620 Μεγάλου
3345 1547 3752 1603 Κωνσταντίνου

2095 1635 2305 1699 παῖδες.
2340 1634 2515 1693 Ἀλλὰ
2544 1636 2637 1692 τὸν
2669 1637 2763 1710 μὲν
2824 1634 3038 1692 Γάλλον
3096 1638 3276 1702 νόσος,
3304 1636 3397 1691 τὸν
3427 1634 3485 1691 δὲ
3516 1635 3754 1693 Ἰουλια-

2095 1728 2188 1782 νὸν
2248 1729 2283 1796 ἡ
2341 1726 2609 1797 νηπιότης
2669 1724 2944 1781 διέσωσεν·
3007 1726 3272 1796 ὀκταετής
3320 1727 3425 1801 γὰρ
3475 1726 3565 1796 ἦν.
3599 1730 3759 1782 Κων-

2098 1817 2341 1878 στάντιος
2373 1812 2430 1871 δὲ
2462 1816 2725 1891 πρότερον
2776 1812 3076 1891 δεχόμενος
3104 1816 3167 1871 τὸ
3200 1815 3501 1888 ὁμοούσιον
3530 1814 3758 1889 ὕστερον

2101 1903 2352 1979 μετέθετο
2422 1906 2730 1980 κουφότητι
2815 1905 3048 1981 γνώμης
3104 1906 3197 1960 καὶ
3263 1905 3443 1979 ἀπάτῃ
3502 1908 3584 1977 [Ρ.
3626 1907 3757 1979 298]

2099 1999 2198 2052 τοῦ
2258 1997 2533 2072 Ἀρειανοῦ
2590 1990 2961 2071 πρεσϐυτέρου
3017 1997 3108 2050 καὶ
3167 1991 3434 2052 Εύσεόίου
3488 1999 3587 2051 τοῦ
3642 1998 3757 2050 τῶν

2102 2084 2380 2163 εὐνούχων
2440 2085 2815 2161 πρωτεύοντος
2871 2084 2962 2140 καὶ
3032 2079 3299 2142 Εὗσεϐίου
3360 2080 3764 2157 Νικομηδείας.

2176 2176 2267 2245 Τῷ
2295 2174 2342 2250 γ’
2369 2171 2476 2228 ἔτει
2508 2177 2915 2235 Κωνσταντῖνος
2973 2170 3218 2228 ἐπελθὼν
3268 2178 3386 2234 τοῖς
3416 2174 3773 2237 Κώνπαντος

2101 2268 2200 2319 τοῦ
2240 2261 2382 2318 ἰδίου
2442 2260 2681 2342 ἀδελφοῦ
2743 2264 2959 2338 μέρεσιν
3017 2264 3105 2318 καὶ
3163 2258 3470 2337 συμϐαλὼν
3526 2261 3777 2337 πόλεμον

2107 2352 2345 2427 ἀνῃρέθη
2416 2353 2520 2408 ὑπὸ
2595 2357 2703 2408 τῶν
2782 2356 3151 2429 στρατιωτῶν,
3233 2352 3310 2415 ώς
3377 2351 3771 2428 προλὲλεκται.

2109 2443 2487 2506 Κωνσταντιος
2542 2439 2601 2497 δὶ
2654 2448 2757 2511 τῆς
2813 2442 2991 2514 Ἐῴας
3052 2442 3355 2517 βασιλεύων
3417 2440 3629 2497 Γάλλον
3678 2441 3772 2497 καὶ

2110 2530 2408 2589 Ἰουλιανὸν
2450 2528 2805 2601 παιδευθῆναι
2864 2531 3176 2603 παρέδωκεν
3233 2532 3285 2587 ἐν
3343 2531 3504 2608 χώρᾳ
3560 2530 3768 2587 καλου-

2114 2625 2247 2697 μένῃ
2281 2618 2349 2690 δὴ
2383 2618 2642 2694 Μακελίῳ
2676 2626 2810 2694 (97),
2867 2620 3103 2691 πλησίον
3161 2622 3488 2696 Καισαρείας
3539 2624 3771 2679 Καππα-

2111 2711 2315 2775 δοκίας.
2351 2712 2518 2769 Οὗτοι
2578 2711 2629 2766 οἱ
2689 2708 2786 2765 δύο
2844 2707 3075 2784 ἀδελφοὶ
3129 2711 3458 2787 ἀναγνῶσται
3490 2712 3771 2788 γεγόνασι,

2110 2800 2201 2856 καὶ
2261 2799 2557 2872 ἐκκλησίαν
2636 2800 2813 2855 κτίσαι
2886 2803 2966 2872 τῷ
3024 2799 3159 2874 ἁγίῳ
3221 2800 3455 2876 μάρτυρι
3514 2801 3769 2873 Μαμαντι

2111 2893 2599 2966 προεθυμήθησαν.
2657 2892 2745 2949 Ἐν
2792 2890 2838 2963 ᾧ
2892 2888 2949 2945 δὲ
3008 2892 3161 2965 μέρει
3210 2892 3409 2961 κτίζειν
3464 2889 3764 2954 Ἰουλιανὸς

2113 2980 2305 3060 ἔλαχε,
2355 2984 2518 3035 τοῦτο
2548 2982 2583 3049 ἡ
2615 2986 2686 3057 γῆ
2747 2978 2847 3034 οὐκ
2899 2977 3140 3054 ἐδέχετο.
3203 2981 3664 3056 Ἀποκειράμενος
3710 2977 3770 3036 δὲ

2111 3072 2209 3134 τὰς
2262 3070 2458 3145 τρίχας
2521 3070 2830 3145 μοναχικήν
2890 3069 3116 3140 ἄσκησιν
3206 3070 3547 3146 ὑπεκρίνατο.
3612 3075 3771 3128 Κων-

2114 3158 2359 3219 στὰντιος
2410 3155 2467 3211 δὲ
2516 3156 2609 3212 καὶ
2659 3157 2914 3221 Κώνστας
2960 3156 3358 3231 ἐνομοθέτησαν
3391 3155 3655 3216 Ἰουδαῖον
3691 3159 3768 3233 μὴ

2115 3247 2367 3312 ὠνεῖσθαι
2435 3243 2657 3313 δοῦλον,
2724 3243 2841 3301 ἐπεὶ
2906 3244 3248 3321 ἀφαιρεῖσθαι
3314 3247 3473 3303 αὐτὸν
3543 3248 3621 3312 εἷς
3683 3250 3772 3303 νὸν

2119 3297 2366 3312 -νν-ννῂ-
2727 3297 2840 3301 -ηυ
2909 3297 3247 3321 πψτη-ην
3316 3297 3466 3303 mu-
3545 3297 3619 3312 υ.
3694 3297 3764 3303 -ς-

2039 3297 2085 3361 C
2116 3335 2383 3411 δημόσιον
2418 3336 2609 3414 λόγον·
2640 3334 2684 3390 εἷ
2709 3334 2765 3390 δὶ
2785 3336 2874 3390 καὶ
2905 3342 3213 3412 περιτεμεῖν
3240 3338 3513 3411 τολμήσει
3547 3337 3766 3409 δοῦλον,

2109 3425 2246 3503 ξίφει
2278 3428 2636 3501 τιμωρεῖσθαι
2683 3425 2775 3480 καὶ
2819 3428 2920 3496 τήν
2949 3425 3143 3482 τούτου
3194 3425 3527 3501 δημεύεσθαι
3557 3428 3764 3484 ούσίαν.

2179 3520 2270 3589 Τῷ
2304 3512 2348 3570 δ’
2373 3515 2462 3570 καὶ
2495 3516 2533 3570 ε’
2562 3510 2667 3570 ἔτει
2698 3516 3015 3591 Ἀντιόχεια
3070 3517 3174 3572 ὑπὸ
3234 3522 3465 3593 σεισμοῦ
3517 3519 3761 3593 μεγάλου

2110 3606 2199 3662 ἐπὶ
2226 3604 2403 3680 τρισὶν
2435 3603 2669 3680 ἡμέραις
2696 3603 3009 3664 ἐκινδύνευε.

2179 3700 2269 3768 Τῷ
2352 3696 2397 3760 ς’
2472 3694 2577 3751 ἔτει
2681 3697 3057 3758 Κωνστάντιος
3133 3696 3451 3773 Ἀσσυρίους
3541 3699 3769 3768 νικήσας

2110 3780 2492 3860 ἐθριάμϐευσε,
2547 3786 2821 3859 Σαπώρης
2881 3782 2938 3840 δέ
2996 3788 3024 3841 ὁ
3078 3791 3187 3841 τῶν
3240 3792 3457 3859 Περσῶν
3507 3786 3763 3863 βασιλεὺς

2109 3876 2243 3940 τοὺς
2301 3874 2654 3950 Χριστιανοὺς
2714 3874 2928 3946 ἐδίωκε,
2989 3876 3248 3941 Κώνστας
3305 3873 3363 3932 δὲ
3418 3875 3469 3932 ἒν
3510 3881 3578 3951 τῇ
3611 3878 3769 3933 Δύσει

2112 3965 2401 4042 Φράγγους
2459 3963 2749 4038 ἐπόρθησε.
2809 3965 3005 4038 Τούτῳ
3055 3969 3135 4037 τῷ
3210 3964 3315 4020 ἔτει
3383 3964 3624 4041 Δίδυμός
3681 3986 3765 4028 τις

2113 4053 2420 4130 ἐλλόγιμος
2492 4053 2633 4130 ἀνὴρ
2706 4054 2814 4109 ἀπὸ
2889 4052 3155 4128 ὀμμάτων
3232 4055 3344 4130 (98)
3419 4054 3764 4131 ἐγνωρίζετο.

2111 4145 2298 4218 Τούτῳ
2355 4145 2599 4224 ἐντυχὼν
2656 4145 2684 4200 ὁ
2745 4146 2914 4219 μέγας
2970 4144 3263 4209 Ἀντώνιος
3294 4146 3345 4201 ἐν
3389 4146 3770 4219 Ἀλεξανδρείᾳ

2115 4235 2235 4291 εἷπε
2266 4235 2401 4311 πρὸς
2436 4233 2619 4290 αὺτὸν·
2655 4232 2836 4306 Μηδὲν
2873 4236 3187 4311 ταραττέτω
3220 4257 3276 4290 σε
3307 4239 3341 4305 ἡ
3374 4232 3628 4306 ἀποϐολὴ
3659 4243 3767 4294 τῶν

2115 4324 2404 4399 ὀμμάτων·
2437 4324 2679 4380 τοιοῦτοι
2737 4324 2839 4402 γαρ
2903 4344 2962 4378 σε
3019 4321 3299 4380 λείπουσιν
3356 4325 3633 4403 ὀφθαλμοὶ
3677 4326 3771 4390 οὕς

2112 4415 2204 4471 καὶ
2266 4420 2422 4488 μυῖαι
2474 4414 2565 4469 καὶ
2622 4415 2884 4476 κώνωπες
2946 4412 3152 4489 βλάψαι
3208 4414 3462 4495 ἰσχύουσι
3516 4419 3683 4493 Χαῖρε
3714 4415 3771 4472 δὲ

2115 4504 2200 4562 ὅτι
2232 4502 2382 4584 ἔχεις
2414 4501 2737 4581 ὀρθαλμοὺς
2769 4504 2850 4566 οἷς
2879 4502 2969 4558 καὶ
3003 4502 3229 4581 ἄγγελοι
3265 4503 3553 4580 βλέπουσι.

2189 4598 2284 4667 Τῷ
2317 4597 2358 4665 ζ’
2389 4593 2495 4649 ἔτει
2553 4598 2781 4668 σεισμοῦ
2840 4592 3087 4672 μεγάλου
3142 4593 3437 4668 γενομένου
3469 4596 3773 4654 Νεοκαισά-

2115 4707 2232 4765 ρεια
2298 4687 2648 4741 ποντισθεῖσα
2704 4684 3027 4755 κατεπτώθη
3091 4682 3238 4755 πλὴν
3306 4687 3425 4755 τῆς
3464 4686 3769 4757 ἐπισκοπῆς

2113 4777 2202 4832 καὶ
2232 4782 2332 4845 τῆς
2381 4773 2696 4846 ἐκκλησίας.
2758 4776 2896 4832 Τότε
2951 4776 3044 4830 καὶ
3103 4773 3320 4836 Παῦλος
3351 4776 3379 4829 ὁ
3411 4773 3767 4851 ὁμολογητής

2113 4870 2511 4944 χειροτονεῖται
2541 4863 2837 4927 ἐπίσκοπος
2871 4862 3515 4927 Κώνσταντινουπόλεως.

2185 4959 2287 5029 Τῷ
2334 4956 2387 5027 η’
2443 4952 2549 5011 ἔτει
2607 4958 2833 5027 σεισμοῦ
2891 4953 3135 5028 μεγάλου
3193 4950 3482 5027 γενομένου
3512 4952 3699 5018 Ῥόδος
3731 4956 3767 5024 ἡ

2112 5054 2284 5118 νῆσος
2306 5046 2590 5104 κατέπεσε.

1557 5201 1920 5258 XYLANDRI
1961 5202 2048 5258 ET
2085 5201 2303 5259 GOARI
2342 5199 2562 5259 ΝΟΤᾹΞ.

390 5325 504 5399 (96)
538 5324 909 5399 Favitenim
962 5323 1193 5399 Arianaa
1254 5323 1547 5399 impietati
1603 5326 1673 5399 Et
1728 5330 1885 5399 recte
1946 5326 2006 5382 in

326 5394 596 5471 margine
629 5396 901 5471 additur,
963 5394 1080 5471 061i
1110 5467 1121 5471 _
1143 5395 1230 5471 ὃτι
1384 5397 1598 5450 πάντων
1629 5395 1865 5471 ἐσχάτῳ.
1896 5399 2003 5453 De-

331 5467 526 5538 plorat
559 5485 698 5524 eum
738 5470 849 5524 hoc
879 5485 998 5523 uno
1023 5467 1163 5522 vitio
1190 5467 1515 5533 laborasse,
1541 5467 2003 5540 quod'omnium

339 5540 416 5591 sit
442 5555 769 5594 summum.
803 5542 926 5596 XvL

412 5611 891 5686 (971$crjpturai
920 5627 1217 5686 perversa.
1276 5613 1625 5686 Ammianus
1674 5629 1795 5686 non
1826 5612 1999 5686 longe

347 5677 419 5733 ab
450 5677 622 5757 initio
656 5677 704 5734 1.’
729 5698 807 5757 xv
840 5677 1105 5757 ‘Ma'rcelli
1150 5684 1415 5757 fundum
1476 5690 1678 5741 vocat:
1739 5677 2000 5757 legerem

347 5765 484 5823 ergo
561 5749 917 5826 Μαρκελλίῳ.
998 5754 1170 5827 Apud
1240 5758 1629 5815 Sozomenum
1701 5749 2000 5832 μαρῖίέλλῳ

2118 5326 2354 5404 legitur,
2387 5344 2439 5393 v,
2473 5327 2547 5382 2:
2582 5325 2685 5381 sed
2713 5324 2775 5379 in
2821 5321 3209 5404 eo_scriptore
3258 5326 3504 5385 nomina
3531 5330 3774 5404 propria

2118 5400 2314 5455 vitiari
2347 5417 2465 5455 non
2499 5404 2590 5454 est
2619 5413 2856 5453 novum.
2894 5397 3036 5451 XYL.

2188 5473 2296 5542 (98)
2329 5475 2453 5527 Non
2484 5471 2555 5526 ab
2586 5470 2797 5533 oculis,
2839 5485 3096 5542 quorum
3154 5469 3354 5526 lumen
3411 5474 3774 5531 exstinctum

2116 5540 2706 5609 erat,'innotescebat
2748 5540 3053 5613 Didymus,
3106 5542 3211 5613 sed
3266 5544 3423 5613 quod
3453 5561 3487 5599 a
3518 5546 3774 5604 videndo

2113 5616 2487 5686 excessisset,
2542 5631 2613 5670 ea
2669 5612 2871 5686 phrasi
2929 5629 3048 5684 qua
3110 5612 3214 5666 ἀπὸ
3280 5612 3519 5683 ὗπάτων,
3553 5625 3612 5673 et,
3666 5618 3772 5673 ἀπο

2112 5684 2482 5765 γραμματέων
2550 5684 2813 5743 exconsul
2892 5692 2950 5740 et
3034 5686 3284 5742 exsi'riba
3372 5698 3769 5765 nuncupatur.

2110 5761 2282 5817 Gom.
