4144 6424
317 475 437 538 569

1468 476 2009 541 ElSTORIARUM
2056 456 2611 538 COMPENDIUM.

3618 473 3741 536 5Ἱο

393 609 484 679 Τῷ
522 606 565 662 θ’
597 604 706 662 ἔτει
764 606 1070 685 Δυρράχιον
1126 606 1294 667 πόλις
1344 616 1446 681 τῆς
1503 608 1818 681 Δαλματίας
1867 607 1957 663 ὀπὶ

2157 610 2319 664 Nono
2378 623 2534 663 anno
2593 604 2983 678 Dyrrachium
3040 603 3348 660 Dalmatia:
3398 606 3541 662 urbs
3568 610 3739 663 terra;

316 700 546 752 σεισαοῦ
578 693 869 776 διεφθάρη,
899 699 987 752 καὶ
1019 699 1211 773 Ῥωμη
1277 697 1327 755 ἐν
1384 699 1559 777 τρισὶν
1613 695 1977 754 ἐκινδύνευσεν

314 783 555 858 ἡμέραις
621 786 906 858 σειομένη,
969 793 1072 856 τῆς
1142 786 1200 843 δὲ
1268 788 1591 861 Καμπανίας
1661 787 1731 863 ιβ’
1787 783 1979 847 πόλεις

315 873 705 955 διεφθάρησαν.
764 873 975 932 Ἐλθὼν
1035 875 1092 931 δὲ
1152 880 1535 942 Κωνστάντιος
1578 878 1654 939 είς
1680 878 1743 934 τὸ
1779 876 1979 948 Βυζάν-

311 985 432 1020 τιον
468 962 683 1020 ΙΙαῦλον
712 965 807 1020 τὸν
848 962 1143 1021 ἐπίσκοπον
1198 972 1295 1023 τοῦ
1355 967 1550 1043 θρόνου
1582 965 1851 1036 ἀπήλασε,
1883 965 1974 1021 καὶ

307 1052 403 1106 τὸν
439 1046 791 1107 ἀσεϐέστατον
855 1048 1114 1109 Εὐσέϐιον
1167 1056 1259 1110 τὸν
1315 1052 1679 1129 ἤικομηδείας
1719 1056 1974 1130 εἰσήγαγε

308 1138 619 1215 λῃστρικῶς
651 1142 739 1196 καὶ
800 1141 1075 1216 ἁθὲσμιυς,
1130 1145 1193 1201 τὸ
1247 1150 1355 1201 τῶν
1396 1149 1578 1201 κακῶν
1610 1144 1969 1220 καταγώγιον.

307 1230 413 1288 Καὶ
470 1233 904 1287 συντελεσθεῖσαν
961 1236 1063 1304 τήν
1116 1239 1213 1290 τοῦ
1271 1240 1406 1291 Θεοῦ
1464 1233 1708 1313 μεγάλου
1770 1233 1970 1305 ἐκκλη-

305 1320 426 1376 σίαν
458 1321 561 1376 ὑπὸ
594 1323 973 1378 Κωνσταντίου
1029 1325 1168 1380 κατὰ
1232 1327 1333 1395 τήν
1388 1325 1710 1397 ἐνδιάθηγον
1744 1322 1971 1392 ἐντολὴν

302 1414 404 1465 τοῦ
437 1410 693 1487 Μεγάλου
755 1414 1166 1470 Κωνσταντίνου
1224 1410 1486 1478 Εὐσέϐιος
1538 1414 1844 1489 ἐγκαινίζει,
1877 1413 1967 1468 καὶ

299 1500 369 1555 τὰ
441 1498 667 1574 λείψανα
722 1503 827 1556 απὸ
886 1503 1226 1580 Ἀντιοχείας
1292 1505 1508 1578 κομίζει
1566 1503 1655 1559 καὶ
1714 1503 1765 1558 ἐν
1819 1502 1968 1576 αὐτῷ

300 1587 631 1662 κατατίθησι
690 1595 788 1646 τοῦ
847 1593 1006 1669 άγίου
1069 1615 1345 1671 μαρτυρος
1397 1592 1697 1670 Ηαμφίλου
1726 1592 1817 1648 καὶ
1860 1597 1967 1647 τῶν

301 1678 395 1734 σὺν
433 1679 607 1752 αὐτῷ,
637 1678 970 1752 Θεοὸοὖλου,
1008 1682 1318 1761 ΙΙορφυρίου
1376 1685 1467 1739 καὶ
1500 1683 1740 1740 Παύλου.
1776 1680 1963 1750 Ἀλεξ-

297 1765 520 1843 ανδρεῖς
582 1764 640 1823 δὲ
698 1770 999 1845 Γρηγόριον
1060 1769 1367 1847 λῃστρικῶς
1426 1775 1512 1847 [Ρ.
1545 1773 1672 1846 299]
1704 1765 1966 1827 ἐπιϐάντα

294 1857 393 1914 τοῦ
430 1858 627 1934 θρόνου
686 1857 1100 1934 ’Δλεξανδρείας
1156 1861 1248 1917 καὶ
1304 1862 1398 1918 τὸν
1444 1861 1610 1937 μὲγαν
1648 1861 1960 1918 Ἀθανάσιον

295 1944 683 2017 ἀποδιώξαντα
715 1946 799 2002 ἐπὶ
831 1946 885 2018 ἓξ
927 1942 1094 2004 ἔτεσιν
1153 1948 1394 2010 ἀνεῖλον.
1428 1950 1524 2005 Καὶ
1565 1954 1961 2025 χειροτονεῖται
1993 1990 2039 2055 Β

301 2036 315 2055 ε
375 2037 391 2055 κ
461 2040 511 2055 ..
690 2040 714 2052 -
811 2043 850 2055 ..
903 2038 916 2055 .
1160 2038 1174 2055 .
1345 2041 1357 2055 ς
1514 2040 1526 2055 .
1804 2045 1843 2055 ..

295 2036 402 2092 ὑπὸ
460 2040 756 2111 Ἀριιανῶν
811 2038 1083 2114 Γεώργιος
1149 2038 1423 2115 ἀρειανὸς,
1474 2040 1635 2116 τέρας
1692 2061 1745 2096 τι
1801 2045 1959 2095 Καπ-

294 2124 593 2182 παδόκειον
605 2170 619 2183 .

358 2218 457 2288 Τῷ
489 2217 520 2271 ι’
548 2213 655 2272 ἔτει
694 2217 1058 2283 Κωνστάντιος
1085 2219 1176 2276 τὸν
1206 2215 1258 2275 ἐν
1306 2218 1597 2292 Σελευκείᾳ
1627 2226 1727 2290 τῆς
1762 2217 1957 2295 Συρίας

288 2298 491 2377 λιμένα
534 2304 855 2378 πεποίηκεν,
888 2305 1014 2382 ὅρος
1071 2304 1161 2363 ἐπὶ
1221 2307 1368 2364 πολὺ
1401 2304 1696 2382 διατεμὼν,
1735 2307 1823 2363 καὶ
1853 2309 1954 2376 τὴν

292 2390 462 2450 πόλιν
493 2391 906 2470 ἀνῳκοδιῖμησε.
942 2398 1045 2455 Καὶ
1088 2400 1187 2469 τήν
1247 2395 1572 2475 Ἀντάραδον
1624 2396 1676 2454 ἒν
1725 2398 1956 2473 Φοινίκῃ

289 2481 516 2555 ἔκτισεν,
565 2483 633 2554 ἥν
684 2486 1091 2542 Κωνσταιτείαν
1151 2485 1426 2562 ὠνόμασε.
1470 2489 1564 2559 Τῷ
1595 2485 1643 2542 δ’
1670 2488 1822 2559 αὐτῷ
1853 2482 1958 2543 ἔτει

290 2566 536 2647 ἔκλειψις
567 2572 785 2650 ἐγάνετο
837 2573 1028 2648 ἡλίου,
1081 2577 1213 2649 μηνὶ
1263 2576 1464 2650 Δαισίῳ
1497 2579 1564 2646 ς’,
1596 2576 1807 2651 ἡμέρας
1844 2575 1961 2650 ὥρᾳ

290 2660 467 2736 τρίτῃ.
502 2661 604 2716 Καὶ
666 2662 720 2716 οἱ
778 2661 1138 2727 ἀπελαθέντες
1198 2664 1482 2736 ὀρθόδοξοι
1525 2665 1815 2720 ἐπίσκοποι
1847 2666 1961 2738 ἅμα

295 2750 603 2823 Ἀθανασίφ
627 2751 726 2820 τήν
760 2752 985 2824 Ῥώμην
1015 2748 1561 2827 καταλαμϐάνουσιν.

365 2843 460 2913 Τῷ
537 2836 597 2896 δὲ
675 2841 740 2895 ια’
814 2834 922 2896 ἔτει
995 2845 1314 2918 γράμμασιν
1362 2842 1603 2900 Ἰουλίου
1656 2848 1753 2899 τοῦ
1804 2843 1960 2899 πάπα

293 2916 519 3003 Ῥώμης
553 2928 919 3007 θαρρήσαντες
949 2916 1078 2994 τοὺς
1110 2916 1115 2917 ν
1142 2930 1317 2995 ἰδίους
1373 2932 1599 3008 θρόνους
1628 2927 1956 2991 κατέλαϐον.

298 3018 671 3079 Κωνστάντιος
697 3015 755 3073 δὲ
777 3016 829 3072 ἐν
855 3019 1172 3096 Ἀντιοχείᾳ
1192 3017 1394 3096 διάγων
1415 3022 1645 3083 τούτους
1675 3019 1956 3094 ἀπήλασεν

307 3103 557 3183 ὑποϐολῇ
586 3113 698 3164 τῶν
729 3111 941 3186 Ἀρειαν
950 3114 1045 3168 ὧν.

373 3203 463 3270 Τῷ
494 3200 563 3274 ιβ“
593 3194 695 3255 ἔτει
730 3199 955 3272 σεισμὸς
998 3202 1170 3276 μέγας
1218 3200 1425 3279 ἐγένετο
1483 3202 1535 3259 ἐν
1597 3206 1829 3279 Βηρυτῷ
1855 3210 1956 3274 τῆς

304 3288 578 3358 Φοινίκης,
609 3289 685 3352 ὡς
705 3291 771 3345 τὸ
802 3290 995 3346 πλεῖον
1027 3294 1125 3360 τῆς
1159 3290 1377 3355 πόλεως
1407 3298 1614 3350 πεσεῖν.

364 3378 459 3449 Τῷ
493 3381 560 3453 ιγ’
611 3376 718 3433 ἔτει
782 3381 1056 3454 Σαπώρης
1118 3379 1325 3456 Πέρσης
1379 3384 1478 3451 τὴν
1541 3378 1760 3440 Νίσιϐιν
1790 3381 1952 3439 πόλιν

294 3465 564 3530 ποικίλως
604 3469 1052 3537 παρακαθεσθεὶς,
1115 3469 1206 3526 τόν
1263 3491 1322 3525 τε
1380 3471 1626 3544 ποταμὸν
1676 3473 1812 3527 κατᾶ
1857 3474 1954 3541 τῆς

290 3557 507 3621 πόλεως
533 3561 760 3631 κινήσας
815 3560 907 3616 καὶ
965 3559 1225 3624 παντοίας
1289 3563 1541 3638 μηχανὰς
1583 3564 1819 3635 ποιήσας
1845 3564 1944 3633 ἠτ-

292 3650 460 3720 τήθη,
518 3647 611 3704 καὶ
671 3647 886 3726 φεύγων
949 3648 1024 3710 εἷς
1080 3651 1179 3720 τήν
1241 3650 1444 3706 οἰκείαν
1505 3653 1855 3729 ὑπεχώρησε,
1892 3652 1956 3708 τὸ

288 3735 547 3793 πλεῖστον
577 3742 676 3792 τοῦ
709 3736 849 3793 λαοῦ
882 3738 1052 3795 αὐτοῦ
1086 3738 1378 3803 ἀπολέσας.

357 3832 452 3899 Τῷ
490 3824 554 3882 ιδ’
584 3824 689 3882 ἔτει
724 3829 1100 3893 Κωνστέντιος
1149 3830 1240 3884 τὸν
1285 3830 1507 3905 ἀνεψιὸν
1558 3828 1774 3886 Γάλλον
1809 3830 1953 3888 Καί-

291 3937 430 3994 σαρα
460 3918 822 3992 ἀναγορεύσας
851 3916 941 3973 καὶ
995 3924 1363 3976 Κωνστάντιον
1398 3921 1772 3996 μετονομάσας
1803 3919 1855 3976 ἐν
1884 3925 1953 3996 τῇ

290 4005 574 4081 Ἀνατολῇ
608 4006 949 4066 ἀπέστειλεν.

359 4099 453 4172 Τῇ
484 4098 547 4152 ει¹
585 4093 694 4153 ἔτει
742 4096 797 4153 οἷ’
859 4095 910 4153 ἐν
971 4102 1039 4173 τῇ
1101 4099 1370 4174 Ἀνατολῇ
1426 4106 1528 4169 τῆς
1582 4098 1953 4173 Παλαιστίνης

300 4183 545 4244 Ιουδαῖοι
576 4187 837 4263 ἄντῆραν,
869 4186 959 4242 καὶ
1010 4187 1258 4252 πολλοὺς
1309 4194 1416 4245 τῶν
1469 4188 1754 4260 Ἑλλήνων
1785 4188 1951 4246 ἐθνῶν

283 4296 339 4332 τε
367 4277 464 4334 καὶ
499 4282 853 4352 Σαμαρειτῶν
910 4275 1147 4336 ἀνεῖλον.
1209 4277 1387 4337 Ἀλλᾶ
1438 4280 1527 4335 καὶ
1567 4280 1723 4336 αὐτοὶ
1754 4302 1955 4356 παγγε-

284 4366 360 4421 νεὶ
393 4366 506 4422 ὑπὸ
561 4366 855 4440 Ῥωμαίων
915 4367 1275 4441 ἁνηρέθησαν,
1333 4369 1426 4425 καὶ
1483 4371 1518 4439 ἡ
1578 4367 1743 4432 πόλις
1775 4370 1954 4426 αὐτῶν

287 4454 668 4527 Διοκαισάρεια
696 4455 993 4532 ἠφανίσθη.
1045 4458 1134 4530 Τῷ
1189 4455 1337 4528 αὖτῷ
1386 4450 1491 4512 ἔτει
1524 4457 1552 4513 ὁ
1586 4466 1757 4535 μεγας
1787 4458 1954 4516 Ἀθα-

285 4545 475 4608 νάσιος
507 4545 611 4599 ὑπὸ
643 4543 1024 4601 Καυνσταντίου
1080 4545 1216 4601 κατὰ
1271 4547 1372 4616 τὴν
1424 4547 1744 4622 Βρεττανίαν
1776 4545 1954 4624 ἐξορί-

287 4638 459 4702 ζεται,
490 4635 578 4688 καὶ
615 4634 796 4704 Φῆλιξ
854 4631 975 4688 ἀντ’
1027 4633 1194 4690 αὐτοῦ
1252 4642 1670 4712 χειροτονεῖται.
1718 4639 1807 4694 Ἐν
1841 4639 1951 4695 Ms-

2085 703 2250 753 motu
2281 695 2479 768 periit.
2512 699 2596 751 Ac
2626 697 2812 751 Roma
2842 695 3020 750 etiam
3062 711 3168 766 per
3214 693 3478 751 triduum
3508 697 3745 767 pericu-

2084 786 2209 843 lose
2233 786 2496 849 tremuit,
2518 784 2830 841 duodecim
2853 784 3193 857 Campaniae
3213 785 3391 840 urbes
3413 785 3742 857 perierunt-

2084 877 2239 934 528
2271 876 2654 932 Constantius
2710 880 2775 930 ut
2829 876 3168 946 Byzantium
3218 875 3398 943 venit,
3432 874 3741 947 episcopa-

2081 970 2207 1021 tum
2243 966 2408 1021 Pauli
2435 965 2678 1033 ademit,
2702 964 3236 1036 impiissimumque
3258 963 3578 1020 Eusebium
3602 967 3731 1023 tmi-

2080 1056 2241 1110 nime
2265 1073 2369 1110 suo
2392 1055 2619 1110 nomini
2648 1054 3132 1126 respondentem)
3166 1053 3513 1123 introduxit,
3548 1054 3733 1109 latro-

2079 1144 2235 1200 cinio
2268 1144 2494 1217 injusto
2524 1144 2699 1199 malis
2743 1143 2977 1215 asylum
3023 1143 3317 1215 aperiens.
3350 1142 3513 1197 Idem
3546 1144 3731 1198 Euse-

2076 1234 2209 1289 bius
2243 1234 2437 1306 magni
2474 1234 2573 1289 Dei
2603 1233 2892 1305 templum
2925 1249 2961 1288 a
2989 1232 3332 1288 Constantio
3364 1232 3727 1299 absolutum,

2077 1324 2248 1379 sicuti
2281 1323 2705 1379 Constantinus
2734 1328 3088 1378 testamento
3130 1322 3532 1389 mandaverat,
3563 1322 3730 1377 dedi-

2075 1414 2227 1468 cavit
2251 1430 2264 1481 ;
2293 1419 2471 1484 atque
2492 1412 2810 1468 Antiochia
2829 1411 3039 1468 allatas
3062 1421 3401 1467 sanctorum
3431 1411 3726 1483 Pamphili

2075 1503 2353 1575 martyris
2383 1509 2443 1558 et
2471 1504 2765 1559 socioram
2785 1502 3094 1568 Theoduli,
3116 1502 3427 1573 Porphyrii
3460 1518 3527 1557 ac
3556 1501 3725 1557 Pauli

2071 1592 2357 1664 reliquias
2388 1593 2449 1646 in
2481 1609 2551 1648 eo
2582 1591 2877 1664 deposuit.
2912 1590 3301 1647 Alexandrini
3350 1597 3550 1647 autem
3583 1592 3727 1647 Gre-

2069 1683 2324 1752 gorium,
2358 1683 2455 1753 qui
2491 1682 2901 1754 episcopatum
2950 1681 3265 1737 latrocinio
3311 1687 3721 1753 occupaverat,

2069 1789 2471 1845 magnumque
2494 1773 2887 1828 Athanasium
2926 1789 3033 1845 per
3075 1773 3425 1828 sexennium
3458 1771 3596 1827 inde
3627 1789 3724 1827 ar—

2068 1868 2293 1927 cuerat,
2327 1862 2775 1917 interfecerunt.
2799 1862 2865 1915 In
2887 1859 3018 1933 ejus
3039 1860 3238 1916 locum
3261 1861 3617 1933 snbrogatur
3648 1860 3723 1917 ab

2070 1951 2308 2007 Arianis
2338 1951 2620 2023 Georgius
2678 1966 2886 2007 eorum
2948 1954 3145 2017 sectae,
3202 1955 3537 2005 monstrum
3569 1950 3720 2021 Cap-

2067 2041 2280 2114 padox.

2136 2214 2378 2270 Decimo
2409 2230 2567 2270 anno
2597 2213 2979 2270 Constantius
3025 2218 3262 2286 portum
3305 2213 3588 2269 Seleucia:
3619 2213 3723 2285 Sy-

2064 2302 2170 2357 ria
2193 2303 2548 2367 construxit,
2573 2302 2793 2358 montis
2816 2318 3028 2374 magna
3050 2308 3216 2374 parte
3242 2301 3461 2369 excisa,
3483 2301 3722 2356 urbem-

2067 2404 2183 2463 que
2207 2392 2719 2448 refecit.Condidit
2739 2393 2919 2448 etiam
2938 2393 3302 2448 Antaradum
3320 2393 3382 2447 in
3397 2392 3725 2459 thnicia,

2065 2487 2125 2537 et
2152 2483 2558 2538 Constantiam
2607 2482 2953 2538 nominavit.
2996 2482 3217 2537 Eodem
3267 2499 3424 2537 anno
3457 2481 3723 2537 defectus

2065 2572 2209 2627 solis
2235 2571 2536 2639 fuit,sexta
2556 2572 2778 2631 mensis
2801 2570 2998 2636 Dmsii,
3020 2570 3293 2636 die,hora
3315 2570 3432 2625 diei
3456 2571 3726 2625 tertia.Et

2065 2661 2329 2734 episcOpi
2353 2678 2551 2717 veram
2574 2660 2923 2733 religionem
2948 2664 3204 2729 tuentes,
3229 2661 3329 2731 qui
3361 2659 3422 2715 in
3445 2659 3722 2714 exsilium

2067 2749 2183 2806 acti
2218 2756 2409 2816 erant,
2443 2766 2576 2805 eum
2615 2750 2937 2805 Athanasio
2996 2752 3242 2806 Romam
3303 2753 3723 2821 pervenerunt.

2141 2839 2464 2895 Undecimo
2499 2856 2655 2895 anno
2686 2839 2869 2895 iidem
2902 2840 3115 2895 litteris
3143 2839 3280 2895 Julii
3312 2855 3478 2910 papas
3516 2839 3722 2893 [toma-

2064 2929 2126 2984 ni
2184 2929 2318 2985 freti
2374 2945 2482 2984 sua
2537 2929 2689 2985 solia
2747 2934 3269 3002 recuperaverunt.
3339 2928 3722 2984 Constantius

2064 3024 2260 3074 autem
2295 3019 2621 3074 Antiochiae
2652 3018 2875 3092 degens
2902 3020 3192 3075 instinctu
3232 3019 3587 3075 Arianorum
3618 3035 3719 3073 eos

2064 3109 2282 3181 abegit.

2136 3197 2497 3254 Duodecimo
2527 3215 2685 3255 anno
2745 3204 2917 3254 terrae
2975 3205 3174 3255 motus
3206 3200 3491 3272 majorem
3526 3200 3721 3271 Beryti

2067 3290 2235 3357 (urbs
2267 3296 2356 3345 est
2377 3290 2713 3347 Phoenicim}
2748 3297 2978 3363 partem
3013 3291 3239 3346 evertit.

2139 3380 2297 3437 5‘24
2355 3384 2526 3435 Anno
2585 3381 2648 3435 l3
2708 3380 2959 3453 Sapores
3014 3381 3193 3436 Persa
3245 3379 3475 3435 Nisibin
3516 3379 3724 3436 urbem

2068 3470 2265 3524 omnis
2321 3469 2561 3541 generis
2622 3470 3062 3542 oppugnatione
3120 3469 3407 3535 tentavit;
3485 3486 3724 3525 amnem

2068 3576 2305 3630 quoque
2326 3559 2607 3615 adversus
2626 3559 2836 3615 urbem
2855 3559 3171 3614 concitavit
3190 3565 3290 3629 atq
3319 3576 3367 3615 ze
3390 3560 3727 3630 omnigenis

2070 3647 2366 3703 machinis
2386 3646 2767 3721 oppugnavit.
2794 3649 2990 3702 Victus
3012 3653 3211 3702 tamen
3234 3647 3496 3702 maxima
3526 3649 3728 3718 copia-

2068 3754 2202 3793 rum
2235 3743 2402 3809 parte
2434 3739 2656 3794 amissa
2686 3737 2932 3792 domum
2952 3737 3224 3795 recessit.

2140 3828 2313 3883 Anno
2345 3827 2411 3881 14
2441 3827 2824 3884 Constantius
2846 3827 3079 3883 Gallum
3103 3826 3528 3882 consobrinum
3553 3843 3726 3882 suum

2067 3919 2361 3973 Caesarem
2394 3916 2744 3989 designavit,
2776 3916 3021 3971 nomine
3064 3916 3395 3972 Constantii
3431 3915 3639 3983 indito,
3674 3921 3735 3972 et

2068 4005 2131 4061 in
2165 4006 2471 4063 Orientem
2504 4006 2692 4060 misit.

2140 4102 2311 4152 Anno
2378 4096 2444 4148 15
2505 4093 2692 4149 ,Ιιιᾶωὶ
2759 4094 2821 4149 in
2880 4093 3198 4149 Palmstina
3263 4092 3727 4162 rebellaverunt,

2068 4185 2409 4256 multosque
2441 4184 2695 4249 Graecos,
2718 4182 3041 4238 Samarites
3063 4189 3123 4237 et
3143 4183 3511 4255 alienigenas
3542 4185 3729 4238 truci-
3818 4167 3830 4175 ’

2068 4276 2373 4333 daverunt.
2434 4275 2562 4330 Mox
2621 4273 2732 4345 ipsi
2791 4291 2826 4330 a
2884 4274 3164 4329 Romanis
3204 4272 3511 4329 occidione
3544 4275 3724 4329 occisi

2069 4372 2228 4433 sunt,
2257 4364 2518 4436 urbsque
2551 4380 2759 4418 eorum
2807 4363 3177 4418 Diocaasarea
3233 4361 3449 4417 deleta.
3504 4362 3724 4418 Eodem

2068 4471 2226 4512 anno
2258 4470 2507 4526 magnus
2540 4452 2892 4508 Athanasius
2937 4468 2972 4507 a
3017 4452 3364 4506 Constantio
3396 4451 3458 4506 in
3494 4452 3725 4508 Britan-

2068 4544 2232 4601 niam
2263 4544 2627 4616 deportatur,
2661 4544 2835 4615 eique
2864 4541 3031 4597 Felix
3074 4541 3474 4597 substituitur.
3507 4542 3728 4597 Medio-

2068 4633 2191 4689 lani
2226 4649 2465 4705 quoque
2514 4631 2837 4688 concilium
2893 4632 3133 4687 Patrum
3191 4637 3611 4704 congregatum
3660 4649 3725 4689 re

286 4718 567 4786 διολάνοις
609 4720 668 4778 δὲ
725 4719 955 4784 σῦνοδος
1010 4728 1118 4779 τῶν
1178 4726 1435 4801 Ηατέρων
1495 4727 1937 4803 συναθροισθεῖσα

2078 4723 2287 4780 infecta
2316 4722 2579 4779 solutum
2611 4726 2722 4777 est.

288 4812 456 4869 πάλιν
488 4810 764 4887 ἄπρακτος
797 4809 1100 4873 διαλύεται.

354 4902 449 4975 Τῷ
498 4900 569 4971 ιη’
625 4898 731 4955 ἔτει
794 4898 1009 4964 Γάλλος
1069 4900 1356 4976 τυραννίδα
1417 4901 1723 4977 μελετήσας
1752 4903 1947 4960 κτείνει

289 4989 616 5063 Δομετιανὸν
648 4986 892 5067 ἔπαρχον
949 4995 1052 5060 τῆς
1111 4990 1288 5063 Ἐῴας
1345 4991 1437 5047 καί
1495 4994 1719 5071 Μάγνον
1765 4994 1946 5050 κοιαί-

289 5098 489 5155 στωρα,
548 5079 614 5134 τὰ
674 5085 776 5149 τῆς
834 5075 1141 5150 ἐπιϐουλῆς
1199 5080 1555 5155 Κωνσταντίῳ
1611 5082 1944 5158 μηνύσαντα.

288 5168 342 5223 δν
410 5167 911 5244 μεταπεμψάμενος
999 5168 1376 5234 Κωνστάντιος
1443 5172 1569 5247 πὲρί
1636 5170 1949 5247 Θαλαμῶνα

285 5259 381 5329 τὴν
410 5265 575 5329 νῆσον
604 5259 719 5332 (99)
749 5259 977 5334 ἀναιρεῖ.
1023 5260 1135 5318 Τὸν
1195 5259 1254 5316 δὲ
1306 5261 1505 5341 τούτου
1535 5259 1772 5339 ἀδελφὸν
1804 5264 1945 5320 Ἰου-

288 5343 471 5403 λιανὸν
503 5345 557 5403 ἐν
589 5350 800 5425 φρουρᾷ
829 5346 1115 5424 κατέσχεν.
1167 5345 1404 5406 Εὐσεϐία
1454 5347 1512 5405 δὲ
1540 5352 1576 5421 ἡ
1610 5354 1821 5426 γαμετὴ
1849 5352 1947 5407 τοῦ

296 5434 561 5512 βασιλέως
595 5439 788 5493 τοῦτον
847 5436 1242 5514 ἐξαιτησαμένη
1301 5439 1353 5495 ἐν
1406 5440 1660 5513 Ἀθήναις
1717 5437 1944 5515 πέμπει.

2130 4907 2296 4960 Anno
2327 4902 2394 4959 18
2455 4901 2660 4960 Gallus
2693 4901 3070 4975 tyrannidem
3104 4901 3390 4959 affectans
3421 4904 3721 4961 Domitia-

2055 5010 2200 5051 num
2234 4992 2491 5050 Orientis
2534 4991 2883 5063 praefectum
2930 4999 3105 5048 necat
3152 4998 3211 5049 et
3252 4994 3522 5065 Magnum
3558 5012 3723 5065 qua:-

2056 5082 2406 5153 storem,qui
2423 5081 2670 5138 insidias
2684 5082 3032 5138 Constantio
3047 5082 3457 5138 indicaverat.t
3485 5089 3728 5138 onstan-

2057 5173 2174 5230 tius
2206 5172 2441 5229 Gallum
2482 5176 2791 5228 evocatum
2821 5172 2978 5244 apud
3009 5172 3269 5228 insulam
3290 5172 3719 5228 Thalamonem

2056 5262 2361 5331 interficit,
2418 5260 2717 5318 Iulianum
2796 5262 3041 5316 fratrem
3129 5262 3261 5332 ejus
3326 5262 3389 5316 in
3448 5261 3720 5318 custodia

2057 5353 2305 5408 detinet.
2338 5352 2524 5418 Quem
2558 5349 2810 5406 Eusebia
2840 5349 3217 5421 imperatoris
3249 5367 3399 5405 uxor
3439 5349 3717 5423 precibus

2056 5443 2376 5500 liberatum
2444 5441 2709 5497 Athenas
2793 5438 2996 5494 mittit.
3082 5440 3351 5495 Julianus
3418 5440 3715 5512 permissu

1490 5594 1851 5652 XYLANDRI
1890 5597 1977 5652 ET
2016 5596 2234 5654 GOABI
2271 5595 2496 5652 ΝΟΤᾹΞ.

354 5706 466 5783 (99)
521 5710 694 5782 Apud
769 5708 1163 5784 S_ozomeuum
1230 5709 1450 5784 legitur
1506 5705 1782 5767 Φλάϐωνα
1839 5718 1938 5783 νῆ-

287 5781 398 5855 σον,
429 5798 503 5851 iv,
535 5781 592 5839 7.
639 5781 812 5857 Apud
843 5783 1003 5839 hunc
1052 5788 1114 5839 et
1157 5781 1395 5856 reliqua
1421 5783 1616 5841 fusius
1647 5781 1936 5844 enarran-

2053 5719 2168 5770 tur.
2204 5713 2581 5770 Marcellinus
2606 5709 2843 5786 Gallum
2902 5708 3282 5786 interfectum
3314 5713 3472 5786 apud
3502 5715 3708 5771 Potam

2049 5787 2240 5843 Isti-iw
2270 5786 2355 5843 ait
2381 5800 2566 5859 prope
2595 5781 2778 5839 linem
2808 5781 2850 5838 l.
2886 5798 2996 5840 xxv.
3029 5783 3169 5840 ΧΠ..
