4144 6432
257 427 371 489 5Ἱ1

1618 423 1943 484 GEORGII
1984 423 2331 487 CEDRENI

3555 421 3679 480 5'72

255 561 585 616 Constantii
618 559 902 616 erciam
934 574 1252 633 peragrans
1307 556 1528 614 ariolos
1557 556 1906 613 consulebat

2029 555 2129 623 Τὴν
2159 553 2402 613 Ἐλλάδα
2432 554 2488 613 δὲ
2516 556 2951 632 περιερχόμενος
3007 552 3181 631 ἐφέσει
3236 559 3336 623 τῆς
3394 548 3675 628 βασιλείας

262 657 321 707 et
376 650 670 717 fatidicos,
705 667 780 706 an
838 654 1265 705 consecuturus
1320 647 1473 701 foret
1528 646 1588 701 id
1647 645 1805 717 quod
1851 647 1912 700 in

260 741 461 795 animo
476 738 973 795 habebat.lncidit
987 743 1184 793 autem
1201 737 1260 790 in
1273 737 1589 807 quemdam
1607 735 1911 790 hominem

260 829 535 900 impium,
587 829 684 899 qai
743 845 804 882 se
865 827 1004 882 talia
1060 827 1384 897 praedicere
1415 824 1823 897 profitebatur.
1859 825 1911 878 ls

262 935 397 974 eum
474 918 534 971 in
608 932 849 988 specum
908 904 1228 985 quamdam
1298 916 1445 972 525
1503 912 1911 986 superstitioni

260 1006 595 1062 dedicatum
618 1005 798 1077 impie
820 1004 1080 1069 abducit,
1104 1006 1576 1075 impostoresque
1609 1004 1913 1059 daemones

262 1095 523 1162 advocat,
558 1095 658 1164 qui
685 1110 821 1149 cum
851 1094 1025 1149 solita
1077 1100 1434 1166 apparerent
1464 1109 1700 1166 pompa,
1731 1094 1912 1147 Julia-

260 1201 376 1239 nus
410 1189 571 1239 metu
596 1184 941 1254 compulsus
971 1183 1227 1238 frontem
1258 1184 1452 1239 crucis
1480 1183 1648 1255 signo
1679 1182 1912 1247 affecit;

260 1289 376 1343 quo
408 1273 533 1328 viso
583 1272 885 1328 daemones
932 1273 1093 1328 illico
1143 1290 1213 1328 ex
1263 1278 1585 1344 conspectu
1616 1271 1912 1325 abierunt.

262 1363 375 1419 Sed
405 1362 697 1433 impostor
724 1362 877 1431 fugis
909 1363 1144 1435 cognita
1172 1379 1352 1418 causa
1379 1363 1679 1418 Julianum
1711 1376 1916 1432 repre-

257 1452 487 1517 hendit,
520 1468 641 1506 non
670 1452 910 1524 fugisse,
933 1458 999 1507 ut
1028 1453 1154 1523 ipse
1186 1459 1443 1524 putaret,
1469 1451 1572 1507 sed
1603 1451 1913 1506 abomina-

258 1545 347 1595 tos
378 1556 615 1595 crucem
660 1540 878 1596 abiisse
936 1557 1038 1596 eos
1099 1541 1304 1596 dicens
1387 1543 1583 1607 ltaiue
1613 1540 1915 1595 lulianum

261 1629 557 1701 captivum
577 1629 877 1700 decipiens
900 1630 1152 1684 initiavit
1173 1629 1373 1701 impiis
1395 1629 1579 1684 sacris
1597 1644 1786 1699 eaque
1809 1627 1917 1681 im-

261 1718 481 1789 pietate
502 1717 954 1786 implevit,Adeo
973 1724 1169 1773 autem
1189 1718 1589 1773 miserrimum
1608 1717 1913 1773 hominem

262 1808 556 1879 cupiditas
588 1809 820 1880 imperii
855 1809 1076 1879 pietate
1124 1809 1386 1879 nudavit,
1420 1813 1485 1863 ut
1517 1808 1780 1863 divinum
1813 1808 1912 1862 ba-

260 1897 546 1968 ptismum
577 1898 887 1954 cruoribus
913 1898 1331 1955 abominandis
1358 1898 1591 1954 eluerit.

334 1986 501 2042 Haud
530 1988 720 2043 multo
746 1994 879 2059 post
900 1988 1216 2059 imperium
1242 1988 1490 2059 adeptus
1510 1988 1778 2043 Julianus
1806 1987 1913 2040 im-

260 2076 568 2147 piissimus
583 2084 785 2149 aperte
800 2079 926 2148 jam
953 2078 1092 2134 inde
1114 2083 1290 2148 atque
1317 2077 1695 2148 impudenter
1715 2074 1920 2147 pietati

262 2163 489 2220 bellum
522 2165 987 2236 fecit.Principio
1014 2168 1225 2222 fontes
1254 2166 1355 2238 qui
1385 2174 1441 2222 et
1475 2166 1637 2221 intus
1669 2172 1727 2220 et
1758 2170 1922 2221 extra

264 2254 475 2311 urbem
509 2254 966 2310 erantinfandis
990 2255 1300 2311 sacrificiis
1323 2254 1553 2327 polluit.
1579 2260 1646 2310 ut
1665 2255 1918 2325 quicun-

270 2359 384 2413 que
416 2360 587 2414 aquae
618 2343 784 2399 fieret
815 2345 1132 2416 particeps,
1165 2345 1344 2400 etiam
1385 2344 1590 2417 ﬂagitii
1622 2346 1751 2415 ejus
1780 2360 1923 2398 con-

271 2449 400 2487 sors
451 2432 578 2486 fieri
631 2439 957 2505 cogeretur.
1010 2433 1251 2489 Deinde.
1291 2450 1422 2504 quae
1453 2432 1512 2487 in
1546 2433 1674 2488 foro
1706 2449 1921 2489 venum

272 2521 742 2593 exponebantur,
800 2522 1105 2595 impietate
1178 2538 1249 2578 ea
1317 2522 1604 2594 implevit,
1668 2539 1806 2577 eum
1864 2527 1925 2577 et

271 2625 456 2680 panes
487 2615 546 2664 et
571 2625 779 2665 carnes
824 2616 882 2665 et
936 2613 1165 2665 fructus
1196 2616 1254 2664 et
1282 2610 1445 2666 olera
1473 2616 1532 2666 et
1559 2611 1761 2665 omnia
1789 2627 1921 2682 quas

268 2698 392 2754 esui
426 2705 587 2767 sunt,
638 2708 1176 2773 conspergerentur
1233 2701 1366 2755 limo
1418 2701 1688 2756 videntes
1716 2701 1920 2757 Chris-

259 2788 407 2844 tiani
458 2789 785 2860 gemebant
815 2806 960 2845 sane
1011 2796 1070 2845 et
1126 2790 1555 2862 deplorabant:
1604 2797 1804 2846 tamen
1848 2790 1922 2846 iis

265 2877 677 2945 vescebantur,
734 2878 1123 2949 apostolicam
1194 2887 1464 2935 tenentes
1521 2880 1734 2953 legem,
1790 2897 1922 2952 qua:

258 2964 436 3036 jubet
464 2965 638 3021 edere
670 2966 961 3038 quidquid
1009 2968 1072 3023 in
1115 2969 1364 3024 macello
1398 2968 1691 3032 venditur,
1726 2986 1922 3040 neque

264 3055 646 3110 conscientim
668 3073 844 3112 causa
869 3056 1191 3113 discrimen
1214 3064 1490 3114 statuere.
1513 3059 1925 3132 Flagitiosissi-

270 3158 404 3198 mus
434 3143 546 3199 iste
569 3144 838 3201 Julianus
894 3146 1125 3202 Judaeos
1166 3164 1403 3219 quoque
1435 3149 1499 3203 in
1555 3148 1923 3204 Christianos

260 3248 523 3297 armans,
574 3234 958 3308 interrogavit
998 3254 1104 3292 cur
1151 3254 1271 3292 non
1323 3238 1749 3300 sacriﬁcarent,
1781 3255 1919 3293 eum

2022 645 2237 717 μάντεις
2285 645 2534 716 ἐπεζήτει
2593 646 2680 702 καὶ
2744 642 3197 720 χρησμολόγους,
3233 642 3279 697 εἰ
3306 642 3545 712 τεύξεται
3577 645 3675 695 τοῦ

2018 735 2382 806 ποθουμένου.
2418 734 2516 790 Καὶ
2576 732 2643 805 δὴ
2704 732 3096 809 περιτυγχάνει
3126 731 3399 804 ἀνθρώπῳ
3429 724 3671 784 duca-.653

2015 827 2184 879 ταῦτα
2212 824 2507 901 προλέγειν
2562 823 3004 899 ὑπισχνουμένῳ,
3065 822 3125 885 ὅς
3174 825 3365 877 τοῦτον
3426 818 3507 883 ε’ίς
3559 841 3678 876 τινα

2016 917 2125 966 τῶν
2159 909 2470 969 εἷδωλικῶν
2514 910 2859 969 καταδύσεων
2916 912 3239 988 καταγαγὼν
3269 912 3396 971 τοὺς
3429 910 3675 965 ἀπατεῶ-

2016 1023 2110 1065 νας
2143 1000 2365 1058 ἐκάλεσε
2395 1001 2679 1078 δαίμονας.
2713 1002 2966 1060 Ἐκείνων
3006 1000 3064 1058 δὲ
3123 1001 3259 1075 μετὰ
3285 1009 3385 1070 τῆς
3416 1005 3680 1069 συνήθους

2018 1091 2313 1170 φαντασίας
2369 1092 2754 1171 ἐπιφανέντων,
2824 1092 3095 1168 ἠνάγκασε
3169 1095 3361 1147 τοῦτον
3417 1092 3446 1145 6
3504 1084 3680 1167 φόϐος

2018 1180 2285 1246 ἐπιθεῖναι
2358 1187 2439 1256 τῷ
2502 1184 2744 1258 μετώπῳ
2827 1186 2926 1238 τοῦ
3009 1185 3244 1257 σταυροῦ
3298 1181 3362 1235 τὸ
3424 1184 3677 1252 σημεῖον

2019 1269 2152 1346 ὅπερ
2212 1267 2415 1334 ἰδόντες
2475 1271 2693 1352 ἀφανεῖς
2749 1270 2943 1326 αὐτίκα
2999 1270 3274 1347 γεγόνασι.
3340 1271 3528 1330 Συνεῖς
3590 1265 3682 1322 οὖν

2020 1359 2048 1414 ὁ
2077 1359 2211 1432 γόης
2273 1359 2478 1422 ἐκεῖνος
2532 1368 2632 1428 τῆς
2695 1363 2773 1435 [Ρ.
2808 1362 2934 1434 300]
2994 1362 3173 1437 φυγῆς
3224 1360 3326 1429 τήν
3375 1356 3552 1414 α’τίαν
3581 1355 3646 1412 ἐπ

2020 1449 2304 1523 επέμψατο
2333 1449 2513 1521 τούτῳ
2544 1450 2742 1527 λέγων’
2774 1448 2852 1508 Οὐ
2907 1444 3255 1528 φοϐηθέντες,
3307 1448 3381 1509 ὡς
3422 1446 3486 1502 σὺ
3514 1446 3678 1519 νομία

2022 1542 2151 1607 ζεις,
2184 1536 2332 1594 ἀλλὰ
2365 1536 2758 1613 βδελυξάμενοι
2790 1540 2853 1594 τὸ
2905 1541 3053 1613 παρᾶ
3082 1542 3178 1593 σοῦ
3208 1539 3507 1613 γενόμενον
3535 1534 3686 1611 ἑχώ-

2024 1645 2194 1700 ρησαν
2250 1624 2408 1684 Οὕτω
2442 1625 2790 1703 βουκολήσας
2838 1627 2931 1681 τὸν
2980 1626 3348 1702 αἰχμάλωτον
3390 1625 3598 1699 ἔμυησέ
3626 1645 3687 1680 τε

2020 1715 2112 1770 καὶ
2170 1719 2267 1770 τοῦ
2329 1715 2534 1790 μόσους
2594 1715 2907 1788 ἐνέπλησεν·
2997 1716 3188 1790 αἳμασι
3247 1716 3348 1791 γὰρ
3420 1720 3685 1789 μυσαροῖς

2023 1803 2476 1877 ἆπολουσοὶμενον
2504 1806 2567 1860 τὸ
2617 1813 2760 1867 θεῖον
2818 1807 3124 1882 βάπτισμα,
3155 1808 3190 1875 ἡ
3244 1808 3342 1869 τῆς
3404 1803 3684 1880 βασιλείας

1947 1934 1995 1999 Β
2024 1893 2286 1966 ἐπιθυμία
2315 1901 2415 1963 τῆς
2444 1890 2722 1957 εὐσεϐείας
2755 1895 3038 1971 ὲγύμνωσι
3068 1896 3160 1951 τὸν
3183 1891 3516 1969 τρισάθλιον.

2098 1983 2247 2040 Μετὰ
2307 1983 2499 2059 μικρὸν
2569 1982 2626 2039 δὲ
2682 1986 2782 2054 τῆς
2844 1982 3124 2059 βασιλείας
3183 1985 3457 2056 κρατήσας
3500 1983 3535 2036 6
3570 1983 3693 2036 ἀσε-

2025 2065 2281 2135 ϐέστατος
2334 2072 2634 2135 Ἰουλιανὸς
2694 2078 2989 2152 προφανῶς
3049 2073 3244 2129 λοιπὸν
3304 2073 3391 2128 καὶ
3452 2069 3686 2132 ἀναιδῶς

2024 2160 2160 2216 κατᾶ
2207 2167 2309 2230 τῆς
2367 2157 2642 2225 εὐσεϐείας
2699 2161 2995 2232 ὡπλίζετο.
3057 2162 3153 2216 Καὶ
3215 2165 3435 2237 πρῶτον
3464 2161 3560 2233 μὶν
3590 2161 3687 2223 τὰς

2027 2250 2078 2306 ἐν
2132 2252 2202 2327 τῇ
2259 2250 2419 2307 πόλει
2485 2253 2575 2308 καὶ
2633 2253 2731 2315 τὰς
2787 2247 2982 2325 ἔξωθεν
3040 2253 3225 2327 πηγὰς
3264 2258 3382 2314 ταῖς
3419 2256 3688 2325 μυσαραῖς

2026 2339 2233 2402 θυσίαις
2292 2341 2575 2415 ἒμόλυνεν,
2634 2341 2786 2406 ὅπως
2836 2339 3064 2406 ’ἕκαστος
3121 2335 3558 2416 μεταλαμϐάνων
3590 2340 3689 2395 τοῦ

2024 2429 2266 2503 νάματος
2323 2429 2719 2510 μεταλαγχάνῃ
2776 2432 2865 2486 καὶ
2924 2435 3023 2486 τοῦ
3079 2433 3307 2503 μύσους.
3367 2434 3599 2486 Ἔπειτα
3630 2425 3691 2483 δὲ

2025 2519 2115 2574 καὶ
2162 2522 2230 2574 τᾶ
2287 2520 2422 2575 κατὰ
2471 2522 2572 2589 τὴν
2620 2520 2823 2594 ἀγορὰν
2882 2521 3211 2596 προκείμενα
3241 2524 3338 2574 τοῦ
3374 2519 3691 2593 μιάσματος

2027 2607 2361 2682 ἐνεπίμπλη’
2422 2607 2865 2685 περιεῤῥαίνοντο
2922 2610 3026 2682 γὰρ
3085 2608 3177 2664 καὶ
3234 2607 3390 2677 ἄρτοι
3434 2610 3523 2663 καὶ
3555 2609 3688 2679 κρέα

2026 2699 2115 2753 καὶ
2153 2697 2366 2772 ὀπῶραι
2396 2698 2486 2753 καὶ
2521 2698 2739 2774 Λάχανα
2770 2699 2860 2754 καὶ
2889 2697 3070 2755 τᾶλλα
3100 2697 3202 2753 ὅσα
3232 2695 3691 2769 έδώδιμα.Ταῦτα

2030 2788 2122 2842 οὖν
2148 2788 2382 2861 ὁρῶντος
2404 2788 2457 2843 οἱ
2478 2788 2795 2863 Χριστιανοὶ
2823 2782 3034 2843 ἔστενον
3059 2788 3152 2858 μὲν
3177 2787 3266 2842 καὶ
3287 2785 3575 2856 ώλόλυζον
3600 2785 3690 2841 ἐπὶ

2025 2880 2145 2940 τοῖς
2176 2876 2512 2954 γινομένοις,
2549 2871 2961 2950 μετελάμϐανον
3012 2874 3070 2932 δὲ
3119 2875 3295 2948 ὅμως,
3338 2872 3691 2945 ἀποστολικῷ

2027 2965 2185 3039 νόμῳ
2209 2966 2525 3039 πειθόμενοι
2577 2970 2658 3039 τῷ
2702 2966 2954 3045 φάσκονι⁸
2996 2970 3105 3022 Πᾶν
3132 2964 3195 3021 τὸ
3228 2963 3280 3020 ἐν
3313 2961 3579 3038 μακέλλῳ
3611 2965 3691 3034 (1)

2027 3055 2389 3128 πωλούμενον
2449 3053 2672 3125 ἐσθίετε,
2751 3052 2920 3128 μηδὲν
3005 3053 3385 3126 ἀνακρίνοντες
3444 3050 3534 3107 διὰ
3588 3053 3687 3121 τήν

2028 3139 2350 3213 συνείδησιν.
2393 3142 2569 3205 Οὗτος
2609 3144 2638 3197 6
2689 3142 3018 3217 παμμίαρος
3059 3138 3360 3204 Ἰουλιανὸς
3392 3139 3520 3203 τοὺς
3553 3140 3686 3195 Ἰου-

2031 3227 2218 3293 δαίους
2260 3231 2395 3286 κατὰ
2451 3234 2792 3308 Χριστιανῶν
2851 3229 3153 3302 ἐξοπλίζων
3206 3229 3375 3305 ἤρετο
3431 3229 3687 3290 τούτους·

262 3322 356 3377 lex
380 3322 465 3378 eis
494 3322 555 3377 id
578 3322 836 3393 juberet.
863 3326 1003 3380 Cum
1028 3327 1463 3399 responderent
1489 3343 1597 3383 sua
1626 3327 1917 3383 sacrificia

2030 3321 2127 3376 Διὰ
2154 3319 2205 3376 τί
2238 3320 2384 3376 θύειν
2430 3325 2528 3376 τοῦ
2585 3319 2759 3394 νόμου
2817 3318 3132 3383 κελεύοντος
3165 3319 3227 3375 οὐ
3261 3318 3450 3388 θύετε,
3481 3323 3599 3373 Τῶν
3632 3315 3690 3373 δὲ

262 3411 684 3483 Hierosolyma:
716 3414 938 3486 templo
971 3415 1423 3488 circumscripta
1467 3432 1619 3481 esse,
1645 3416 1919 3473 Julianus

263 3501 577 3557 confestim
608 3502 908 3558 mandavit
966 3504 1119 3560 526
1176 3511 1245 3560 ut
1296 3505 1357 3560 id
1413 3505 1726 3577 templum,
1756 3504 1919 3575 quod

262 3589 353 3644 ira
374 3606 442 3645 ac
464 3590 700 3646 decreto
723 3593 825 3647 Dei
846 3599 975 3648 erat
999 3593 1919 3666 dejectum,instaurarent.Quod

264 3679 614 3734 mandatum
644 3680 831 3736 Judmi
887 3698 1101 3755 magno
1160 3700 1297 3740 cum
1336 3685 1549 3757 gaudio
1607 3684 1917 3741 audientes

261 3768 583 3840 gentilibus
615 3770 737 3826 suis
769 3788 873 3843 per
923 3778 1111 3828 totum
1168 3774 1373 3829 orbem
1408 3774 1914 3847 signiﬁcaverunt.

262 3859 351 3911 Ita
407 3858 672 3930 undique
720 3877 969 3933 magnus
1038 3862 1373 3918 Judasorum
1444 3879 1511 3918 eo
1570 3879 1918 3932 concursus,

265 3945 545 4003 alacriter
574 3950 888 4020 pecuniam
933 3956 992 4006 et
1039 3968 1279 4024 Operam
1322 3952 1396 4008 ad
1426 3952 1919 4007 instaurationem

269 4040 477 4111 templi
501 4042 957 4098 conferentium.
982 4041 1092 4098 Sed
1117 4048 1175 4097 et
1193 4042 1460 4099 Julianus
1481 4044 1565 4099 eis
1587 4043 1917 4115 prmfectos,

267 4129 526 4185 famulos
556 4147 952 4205 magnamque
980 4132 1214 4188 turbam
1247 4133 1555 4189 hominum
1595 4133 1776 4197 misit,
1812 4148 1922 4188 nec

266 4235 387 4274 non
417 4226 727 4292 argenteos
758 4221 986 4293 ligones
1029 4227 1086 4277 et
1130 4239 1334 4278 urnas.
1370 4223 1687 4295 Postquam
1718 4222 1919 4278 fodere

268 4316 576 4380 coeperunt
611 4310 778 4381 impii
835 4310 1044 4379 Judaei,
1103 4311 1298 4367 subito
1356 4312 1736 4368 vehementes
1761 4310 1919 4366 venti

264 4398 799 4471 incubuerunt,qui
829 4419 929 4457 eos
952 4400 1356 4473 dissiparant;
1387 4418 1455 4458 ac
1476 4418 1607 4473 quae
1639 4417 1816 4473 porro
1846 4399 1919 4455 iis

268 4489 425 4544 mala
456 4491 784 4552 evenerint.
805 4491 880 4547 ad
908 4492 1149 4547 tertium
1176 4491 1398 4547 Juliani
1428 4491 1665 4564 imperii
1694 4506 1920 4546 annum

266 4578 562 4650 progressi
594 4578 883 4635 dicemus.

341 4747 632 4805 Cmterum
661 4750 928 4807 Julianus
950 4752 1011 4808 in
1034 4753 1340 4809 Persidem
1371 4752 1673 4823 ingressus
1700 4748 1920 4805 daemo-

268 4853 410 4893 nem
466 4839 528 4895 in
583 4842 964 4898 Occidentem
1005 4844 1188 4903 misit.
1237 4843 1355 4913 qui
1393 4842 1445 4896 ei
1478 4841 1617 4897 inde
1647 4840 1923 4897 celeriter

268 4946 620 5001 responsum
653 4932 962 5003 perferret.
990 4934 1136 4987 Eum
1164 4931 1495 4987 daemonem
1521 4928 1762 5001 quidam
1793 4946 1918 4984 mo-

267 5020 495 5076 nachus
544 5037 859 5094 progressu
890 5037 997 5092 per
1027 5020 1231 5076 decem
1283 5019 1412 5075 dies
1462 5018 1785 5090 prohibuit,
1838 5019 1921 5074 ita

263 5119 331 5168 ut
360 5112 590 5168 daamon
622 5110 897 5184 progredi
927 5126 1049 5166 non
1078 5110 1280 5166 valens
1306 5108 1380 5166 ad
1408 5108 1912 5165 Julianumredie-

2027 3411 2120 3465 τὸν
2176 3408 2227 3464 έν
2285 3409 2695 3484 Ἰεροσολύμοις
2752 3411 2882 3465 ναὸν
2942 3408 3033 3465 καὶ
3088 3410 3188 3478 τὴν
3248 3407 3421 3464 ἐκεῖσε
3472 3427 3691 3483 περιγε-

2030 3500 2357 3574 γραμμένην
2417 3498 2672 3575 λατρείαν
2728 3493 3227 3574 προϐαλλομένων,
3274 3498 3468 3553 αὐτίκα
3522 3506 3723 3573 προσ-“

2030 3588 2206 3659 έταξεν
2267 3589 2296 3643 6
2357 3588 2636 3664 θεομιίχος
2692 3588 2961 3665 ἀνεγεῖραι
3031 3590 3121 3643 τὸν
3184 3588 3304 3644 κατ’
3364 3586 3532 3663 ὀργήν
3595 3585 3689 3641 καὶ

2029 3676 2255 3752 γνώμην
2315 3679 2453 3731 Θεοῦ
2511 3675 2877 3740 καταλυθέντα
2946 3676 3093 3730 ναόν.
3166 3676 3275 3732 Καὶ
3331 3678 3492 3731 τοῦτο
3555 3674 3691 3747 μετᾶ

2032 3762 2252 3835 πολλῆς
2285 3770 2459 3841 χαρᾶς
2517 3766 2837 3828 ἀκούσαντες
2895 3766 3060 3821 ’ἅπασι
3118 3765 3188 3820 τὰ
3238 3761 3689 3838 προστεταγμένα

2030 3861 2149 3919 τοῖς
2179 3856 2316 3912 κατὰ
2347 3858 2446 3927 τήν
2507 3855 2830 3930 οἰκουμένην
2882 3853 3192 3932 ὁμοφύλοις
3246 3852 3548 3925 ἐδήλωσαν.
3587 3853 3687 3909 Καὶ

2033 3945 2085 4001 οἱ
2146 3945 2240 4019 μὶν
2298 3946 2637 4021 πανταχόθεν
2697 3946 3040 4020 συνέτρεχον,
3099 3946 3365 4018 χρήματα
3423 3944 3512 3999 καὶ
3547 3963 3690 4019 προ-

2033 4035 2232 4106 θυμίαν
2266 4034 2342 4097 εἰς
2388 4036 2488 4105 τὴν
2547 4031 2850 4107 οἰκοδομὴν
2908 4036 3006 4088 τοῦ
3065 4036 3197 4088 ναοῦ
3230 4031 3684 4110 συνεισφέροντες·

2034 4124 2062 4178 ὁ
2090 4120 2148 4178 δὲ
2176 4121 2586 4178 συναπέστειλεν
2642 4121 2829 4184 αὐτοῖς
2878 4120 2968 4176 καὶ
3027 4119 3301 4197 ἄρχοντας
3346 4121 3436 4176 καὶ
3465 4118 3687 4188 πολλὴν

2037 4212 2333 4287 ὑπηρεσίαν
2368 4211 2455 4267 καὶ
2488 4208 2819 4286 συνδρομήν·
2873 4210 3144 4272 σκαπάνας
3179 4210 3281 4287 γὰρ
3312 4209 3402 4265 καὶ
3434 4207 3574 4284 ἄμας

2031 4299 2271 4377 ἀργυρᾶς
2329 4298 2537 4376 ἔπεμψε
2589 4306 2707 4364 τοῖς
2762 4300 3023 4362 ἀντιθέοις
3079 4297 3390 4362 Ἰουδαίοις.
3442 4298 3687 4356 Καῖέπεὶ

2033 4389 2276 4464 ὀρύττεὶν
2308 4390 2560 4463 ¹ἤρξαντο,
2611 4389 2862 4461 ἐξαπίνης
2914 4387 3107 4464 ἄνεμοι
3160 4388 3328 4466 βίαιοι
3364 4388 3686 4452 πνεύσαντες

2031 4479 2245 4555 ἀθρόως
2279 4480 2487 4535 ἃπαντα
2516 4478 2915 4555 διεσκόρπισαν.
2978 4481 3082 4537 Καὶ
3140 4480 3208 4535 τὰ
3262 4478 3432 4536 λοιπὰ
3486 4479 3689 4535 πεπόν-

2032 4571 2153 4624 θασι
2184 4566 2330 4624 δεινὰ
2393 4569 2428 4625 ἃ
2485 4568 2536 4625 ἐν
2585 4573 2666 4643 τῷ
2719 4570 2890 4646 τρίτῳ
2935 4566 3039 4626 ἔτει
3070 4577 3170 4641 τῆς
3213 4567 3493 4646 βασιλείας
3524 4566 3688 4624 αὐτοῦ

1975 4650 2406 4735 ἀναγράψομαι.

2103 4745 2381 4813 Εἰσελθὼν
2412 4745 2470 4804 δὲ
2499 4749 2527 4803 ὁ
2583 4749 2887 4825 κατάρατος
2946 4747 2999 4804 ἐν
3059 4747 3279 4823 Περσίδι
3311 4769 3515 4821 πεμπει
3548 4745 3635 4805 δαί
3663 4782 3686 4794 -

2034 4857 2179 4912 μονα
2234 4839 2371 4912 πρὸς
2425 4840 2529 4908 τὴν
2588 4835 2736 4894 δύσιν
2815 4842 2916 4894 τοῦ
2982 4837 3213 4913 ἐνεγκεῖν
3276 4836 3423 4906 αὐτῷ
3481 4837 3684 4892 ἐκεῖθεν

2029 4928 2317 5004 ἀπόκρισιν
2375 4924 2465 4984 διὰ
2520 4928 2745 5003 τάχους.
2807 4924 3096 4995 Ἐκωλύθη
3132 4923 3189 4979 δὲ
3232 4929 3329 4990 τῆς
3358 4925 3546 4996 πρόσω
3578 4946 3685 4980 πο-

2029 5018 2176 5094 ρείας
2227 5016 2330 5072 ὑπὸ
2385 5038 2529 5080 τινος
2585 5017 2912 5093 μονάζοντος
2970 5013 3059 5069 ἐπὶ
3117 5011 3326 5088 ἡμέρας
3395 5011 3542 5071 δέκα.
3579 5012 3682 5069 Καὶ

2032 5108 2108 5181 μὴ
2143 5104 2441 5184 δυνάμενος
2496 5110 2524 5163 6
2584 5106 2796 5182 δαίμων
2852 5099 3127 5180 προϐῆναι
3185 5102 3351 5160 πάλιν
3409 5106 3546 5182 πρὸς
3589 5105 3683 5162 τὸν

1465 5291 1833 5348 XYLANDRI
1872 5290 1959 5346 ET
1996 5290 2213 5347 GOARI
2250 5291 2474 5348 NOTAE.

341 5450 422 5523 (1)
462 5449 836 5523 l_nmargine“:
1033 5441 1091 5500 δὲ
1122 5442 1200 5523 -τὸ
1250 5443 1514 5523 ἐχόμενον
1542 5445 1916 5523 τού-ἀποστο-

272 5514 433 5598 λικοῦ
465 5517 636 5591 ρητοῦ
663 5514 745 5575 ντί
801 5516 1062 5598 ἔμελλες.
1092 5514 1607 5598 εἶπεῖνξσοφώίτατε
1638 5514 1879 5598 Κεδρῃνέ
1904 5535 1918 5587 ;

272 5591 426 5666 ᾼέγει
466 5587 578 5666 γα)
636 5587 985 5666 παρακατιὼν
1042 5591 1099 5666 ό-
1133 5588 1297 5666 μέγας
1346 5587 1592 5666 ⁸ΙΙξιιξλος·
1647 5587 1708 5666 bii
1837 5608 1921 5649 τις

276 5658 436 5753 ὑμῖν-
462 5658 587 5731 ε³¹πη
650 5658 735 5719 ὅτι
788 5666 966 5753 Τρῦτο
1025 5658 1388 5746 εἰδωλόθυτόν
1448 5661 1582 5753 ἐστι,
1619 5660 1713 5753 μὴι
1745 5660 1923 5753 ἅιβητε

271 5735 460 5789 αὐτοῦ.
495 5740 701 5809 Magna
728 5737 991 5809 profecto
1023 5736 1295 5807 quaestio,
1327 5742 1385 5792 et
1412 5735 1666 5791 multum
1700 5735 1924 5793 habens

2027 5444 2570 5501 difﬂcultatis.Vide
2592 5440 3160 5515 August.Poplicolaa
3191 5442 3361 5514 epist.
3388 5444 3508 5499 154.
3542 5445 3680 5500 Χγι..

2101 5519 2177 5591 (2)
2208 5517 2372 5573 Unde
2403 5533 2605 5572 vocem
2652 5517 2803 5591 hanc
2862 5515 3109 5591 verterit
3121 5531 3335 5591 _urnas,
3370 5515 3682 5591 edisserat,

2029 5588 2075 5644 si
2109 5587 2326 5659 petest,
2360 5591 2689 5661 interpres:
2722 5588 2938 5644 Grtrcis
2971 5587 3191 5661 batillos
3216 5593 3407 5655 sonat,
3440 5587 3514 5661 ad
3544 5604 3676 5661 egej

2029 5658 2276 5716 rendam
2312 5658 2536 5717 terram
2579 5660 3016 5716 instrumenta:
3079 5658 3234 5715 sicut
3288 5658 3683 5726 σκαπάναιίαά

2029 5732 2447 5789 οποάίουάιιω.
2481 5732 2658 5789 Gom.
