4144 6414
330 446 454 506 573

1490 445 2037 508 HISTORIARUM
2082 444 2637 511 COMPENDIUM.

3635 447 3752 505 5'14

336 576 634 636 Ἰουλιανὸν
688 578 1034 656 ὑπέστρεψεν.
1089 581 1151 639 Ὁ
1205 578 1264 635 δὶ
1318 582 1418 651 τήν
1467 579 1640 636 αἰτίαν
1698 586 1800 648 τῆς
1854 581 1992 655 βρα-

2103 582 2200 637 rit.
2230 582 2466 639 Juliano
2497 598 2736 639 causam
2770 596 2952 636 moras
3001 578 3361 647 sciscitante,
3401 579 3526 632 Non
3576 578 3752 633 modo

337 669 571 744 δύτητος
632 673 924 743 ἠρώτησεν
959 690 972 703 ·
1032 671 1297 746 ἀπεκρίθη
1354 667 1413 727 δὲ
1469 671 1619 744 αὐτῷ
1671 672 1700 726 6
1758 667 1991 743 δαίμων.

336 761 441 817 Καὶ
519 754 787 833 ἐϐράδυνα
860 761 952 815 καὶ
1011 759 1283 834 ἅπρκατος
1334 758 1537 835 ἔμεινα.
1598 756 1995 835 Ἐκδεχόμενος

331 850 437 928 γαρ
471 847 753 905 Ποοόπλιόν
784 871 905 905 τινα
938 851 1263 924 μονάζοντα,
1297 847 1351 905 εἶ’
1404 871 1521 913 πως
1577 849 1835 904 παύσεται
1889 854 1992 916 τῆς

332 945 677 1013 προσευχῆς,
700 938 791 993 καὶ
820 940 896 1011 μή
926 938 1271 1013 παυσάμενος
1301 939 1513 1014 ἡμέρας
1566 935 1693 992 δέκα
1749 934 1995 992 ἐκώλυσέ

335 1047 409 1101 με
440 1034 666 1096 ποιῆσαι
697 1027 759 1082 τὸ
792 1025 1010 1101 θέλημά
1039 1048 1157 1084 σου.
1219 1027 1315 1095 Καὶ
1372 1031 1534 1083 τοῦτο
1588 1026 1820 1089 ἀκούσας
1853 1027 1991 1081 Ἰουο

331 1114 524 1177 λιανὸς
553 1114 642 1170 καὶ
701 1115 909 1194 σφόδρα
960 1117 1332 1193 ἀγανακτήσας
1387 1113 1802 1192 προσηηείλησε
1860 1112 1994 1187 μετὰ

330 1206 437 1275 τὴν
473 1204 817 1284 ὑποστροφὴν
862 1203 1237 1282 ἐξολοθρεῦσαι
1294 1207 1357 1261 τὸ
1414 1210 1522 1262 τῶν
1581 1208 1667 1279 [Ρ.
1700 1207 1826 1278 301]
1893 1223 1994 1277 μο-

327 1297 521 1373 ναχῶν
580 1294 759 1370 γένος.
847 1295 1021 1371 Ὀπερ
1077 1294 1264 1370 μαθὼν
1340 1315 1423 1358 τις
1479 1299 1589 1351 τῶν
1655 1292 1993 1367 μεγιστάνων

330 1381 503 1438 αὐτοῦ
560 1382 651 1438 καὶ
712 1385 1011 1457 θαυμάσας,
1069 1381 1381 1439 ἐπανελθὼν
1442 1381 1679 1457 διένειμε
1706 1382 1773 1438 τὰ
1821 1382 1997 1457 ὑπάρ-

328 1491 508 1549 χοντα
539 1471 704 1528 αὐτοῦ
734 1474 908 1528 πάντα
958 1472 1154 1543 πένησι
1184 1473 1276 1529 καὶ
1330 1473 1543 1544 ἀπῆλθε
1599 1472 1736 1548 πρὸς
1782 1473 1872 1528 τὸν
1911 1470 2000 1547 γέ-

326 1580 516 1633 ροντα.
574 1558 675 1618 Καὶ
725 1558 1023 1637 γενόμενος
1100 1558 1328 1635 δόκιμος
1387 1564 1465 1634 (3)
1527 1560 1769 1635 μοναχὸς
1833 1564 1996 1613 πᾶσιν

325 1644 489 1725 ἔλεγε
515 1651 615 1719 τήν
661 1649 818 1705 ἰσχὺν
845 1654 952 1705 τῶν
986 1650 1349 1722 μοναζόντων,
1378 1650 1439 1719 ἣν
1470 1643 1671 1705 ἔλαϐον
1712 1648 1850 1704 κατᾶ
1890 1651 1998 1703 τῶν

332 1735 819 1815 σκοτεινομὸρφων
856 1734 1145 1812 δαιμόνων.

409 1827 499 1883 ’Ev
533 1824 591 1883 δὲ
624 1827 840 1902 Κάραις,
872 1831 940 1901 τῇ
986 1827 1132 1904 παρὰ
1176 1832 1275 1884 τοῦ
1324 1829 1516 1902 Κάρου
1570 1832 1668 1884 τοῦ
1729 1825 1998 1903 βασιλέως

328 1917 617 1992 κτισθείσῃ
658 1916 843 1986 πόλει,
893 1918 993 1987 τὴν
1046 1918 1185 1992 πρὸς
1244 1918 1449 1993 Πέρσας
1503 1916 1836 1990 ποιούμενος
1886 1936 1996 1970 πο-

333 2004 510 2080 ρείαν,
544 2004 806 2070 εἴσελθὼν
867 2005 958 2060 καὶ
1013 2002 1066 2061 ἓν
1120 2027 1225 2060 τινι
1281 2002 1569 2061 κατάδύσει
1628 2003 1812 2067 θυσίας
1862 2004 1993 2059 ἀκα-

334 2094 576 2170 θάρτους
656 2090 993 2166 ἐπιτελέσας,
1076 2092 1303 2170 γλεῖθρα
1369 2094 1460 2149 καὶ
1535 2096 1824 2168 σήμαντρα
1875 2096 1994 2155 ταῖς

335 2184 532 2258 θύραις
610 2182 839 2255 ἐηέθηκε
930 2182 1019 2239 καὶ
1101 2183 1349 2259 φύλακας
1433 2180 1738 2252 ἐπεστησεν·
1826 2184 1995 2254 ἣνπεο

334 2272 651 2343 ἀνοίξαντες
695 2273 830 2347 μετᾶ
860 2275 959 2343 τήν
994 2272 1199 2329 ἐκείνου
1257 2278 1489 2340 πτῶσιν,
1560 2272 1715 2346 εὗρον
1775 2286 1993 2350 γύναιον

332 2359 402 2416 ἐκ
429 2365 538 2417 τῶν
560 2367 768 2438 τριχῶν
807 2363 1152 2437 κρεμάμενον
1185 2362 1274 2418 καὶ
1335 2361 1686 2436 ἑκτεταμὲνας
1746 2357 1877 2438 ἔχον
1900 2362 1999 2426 τὰς

336 2456 554 2527 χεῖρας,
611 2453 680 2522 ἧς
761 2450 1057 2528 ἀνασχίσας
1113 2454 1141 2508 6
1189 2450 1544 2533 ἄσπλαγχνος
1592 2454 1691 2522 τήν
1760 2454 1998 2528 γαστὲρα

332 2543 439 2609 τήν
496 2541 635 2597 κατὰ
701 2546 917 2616 Περσῶν
984 2539 1253 2613 δήπουθεν
1312 2542 1452 2617 ’ἐγνιυ
1500 2538 1591 2611 διᾶ
1645 2546 1742 2596 τοῦ
1786 2542 1997 2611 ἥπατος

335 2632 527 2702 νίκην.
568 2632 656 2687 Ἐν
688 2628 744 2686 δὲ
778 2632 1094 2708 Ἀντιοχείᾳ
1123 2631 1308 2688 πολλᾶ
1366 2634 1461 2708 μὲν
1516 2627 1753 2689 κιϐώτια
1801 2630 1851 2686 ἐν
1880 2637 1998 2693 τοῖς

347 2718 651 2795 βασιλείοις
684 2722 937 2796 κεφαλῶν
988 2722 1288 2797 ἀνθρώπων
1346 2720 1782 2797 πεπληρωμένα,
1814 2718 1999 2776 πολλᾶ

342 2807 402 2864 δὲ
437 2808 642 2888 ῳρέατα
687 2816 895 2888 νεκγῶν
953 2813 1224 2885 σωμάτων
1278 2812 1432 2887 εὗρον
1491 2808 1874 2884 πεπλησμένσ·
1907 2809 1996 2865 καὶ

338 2900 441 2974 γαρ
477 2899 672 2974 μυρίας
732 2901 826 2973 μὲν
882 2906 1138 2978 γυναῖκας
1194 2900 1247 2955 ἐν
1301 2901 1491 2977 γαστρὶ
1550 2899 1784 2976 ἐχούσας
1841 2901 1999 2956 ἆνατε

346 2990 463 3061 μὼν
518 2987 609 3044 καί
666 2988 720 3045 ἐν
776 2996 892 3052 τοῖς
955 2985 1217 3066 ἐμϐρύοις
1276 2991 1852 3063 ἡπατοσκοποῦμενος,
1907 2987 1997 3046 καὶ

344 3074 533 3132 πολλὰ
565 3074 754 3133 παιδία
782 3080 1144 3158 κατασφάξας,
1178 3078 1281 3133 ὑπὸ
1310 3078 1378 3134 τὰ
1434 3076 1638 3133 εἴδωλα
1693 3079 1996 3153 κατώρυξεν

353 3166 382 3219 6
413 3164 738 3242 φιλείδωλος
788 3166 1091 3231 Ιουλιανός.
1129 3165 1354 3236 Πολλὴν
1400 3163 1457 3223 δὶ
1507 3167 1592 3223 καὶ
1632 3165 1810 3239 ἄλλην
1841 3166 2001 3244 λογι-

354 3255 455 3322 κὴν
486 3253 685 3331 ἀγέλην
717 3253 778 3311 ἐκ
806 3255 1076 3311 ποικίλων
1115 3256 1352 3324 ἡλικιῶν
1413 3252 1701 3334 διαφόροις
1761 3251 1999 3312 ὑπέϐαλε

350 3343 603 3407 θανάτοις
660 3344 742 3399 ἐπ’
800 3344 1026 3418 ὀνόματι
1086 3342 1422 3408 Ποσειδῶνος
1483 3346 1574 3400 καὶ
1625 3349 1734 3401 τῶν
1785 3324 2070 3401 λοιπῶνϐ

346 3429 625 3505 δαιμόνων
659 3434 687 3488 6
738 3430 1110 3508 δαιμονιώδης
1140 3434 1228 3489 καὶ
1282 3434 1629 3508 θεομίσητος.
1690 3433 1768 3492 Οὐ
1802 3436 1911 3510 μὴν
1944 3432 2003 3490 δὲ

340 3520 492 3578 ἀλλᾶ
545 3523 638 3579 καὶ
681 3524 884 3587 ἳππους
911 3522 1139 3589 λευκούς
1163 3545 1224 3579 τε
1259 3525 1350 3580 καὶ
1382 3524 1620 3602 πυῤῥοὺς
1677 3522 1818 3593 ἔθυε,
1871 3525 2000 3589 τοὺς

344 3614 441 3685 μὲν
472 3617 555 3685 τῷ
583 3611 732 3687 ἡλίῳ
761 3613 888 3676 τοὺς
920 3611 978 3669 δὲ
1006 3618 1087 3687 τῷ
1115 3614 1247 3689 πυρὶ
1275 3615 1365 3670 καὶ
1418 3620 1535 3676 τοῖς
1594 3611 1837 3687 ἀνέμοις.
1893 3615 1999 3672 Καὶ

338 3704 480 3779 πρὸς
504 3704 721 3767 τούτοις
774 3704 936 3768 κύνας
990 3704 1081 3761 καὶ
1140 3707 1408 3776 πιθήκους
1465 3706 1556 3762 καὶ
1614 3706 1849 3783 κόρακας
1908 3708 1996 3763 καὶ

341 3798 450 3849 πᾶν
485 3790 681 3869 σχεδὸν
727 3795 964 3869 ἑρπετῶν
1025 3791 1170 3858 εἶδος
1228 3795 1318 3850 καὶ
1384 3794 1731 3870 τετραπόδων
1792 3796 1997 3871 θηρίων

338 3883 521 3938 τεκαὶ
549 3888 656 3938 τῶν
715 3881 905 3940 ἄλλων
935 3881 1157 3955 πτηνῶδ
1214 3884 1305 3939 καὶ
1362 3889 1576 3954 νηκτῶν
1638 3884 1700 3940 οὐ
1760 3882 2001 3943 διέλειπε

338 3974 729 4049 κατασφάττων
759 3974 848 4028 καὶ
906 3971 1187 4034 τελετετὰς
1218 3973 1477 4037 παντοίας
1511 3972 1743 4030 ἐπινοῶν
1771 3973 1998 4039 πλείους

338 4062 432 4117 καὶ
466 4061 688 4137 χείρους
719 4066 828 4118 τῶν
883 4065 1012 4137 παρ’
1078 4060 1322 4133 Ἕλλησι
1380 4062 1803 4137 νενομισμένων,
1864 4066 2001 4142 πρὸς

333 4171 405 4207 το
434 4151 632 4214 πάντας
678 4150 807 4214 τοὺς
853 4152 963 4227 πρὸ
1009 4151 1175 4207 αὐτοῦ
1243 4150 1642 4230 ὲλληνίφαντας
1704 4154 1999 4229 ὑπερακον-

334 4238 511 4311 τίσαι,
543 4237 632 4295 διὰ
670 4244 778 4296 τῶν
837 4240 1069 4297 τοιύτων
1137 4241 1391 4314 οἰόμενος
1451 4243 1480 4297 6
1535 4243 1695 4307 ἄθεος
1746 4243 1997 4307 ἀποθεω-

338 4331 502 4400 θῆναι
531 4330 622 4386 καὶ
652 4332 771 4396 θεὸς
795 4338 1141 4405 νομισθῆναι.
1176 4330 1351 4389 Ἀλλὰ
1395 4332 1463 4388 τὰ
1511 4333 1635 4408 περὶ
1691 4333 1889 4389 τούτου
1946 4332 1998 4389 ἐν

331 4422 411 4485 τῆ
439 4420 586 4491 τάξει
617 4427 715 4491 τῆς
746 4421 915 4476 αὐτου
954 4426 1279 4497 θεοσωγοῦς
1332 4420 1611 4498 βασιλείας
1670 4423 1745 4484 ὡς
1794 4423 1910 4478 οἶόν
1937 4443 1998 4479 τε

334 4507 432 4565 διὰ
466 4508 719 4586 βραχέων
749 4508 995 4585 λέξομεν.
1027 4511 1091 4568 Ὁ
1117 4507 1176 4566 δὲ
1222 4508 1388 4587 λόγος
1435 4512 1572 4588 πρὸς
1618 4512 1684 4567 τᾶ
1733 4513 1852 4586 ἑξῆς
1894 4513 1995 4588 βα·

336 4595 371 4653 δ
381 4596 559 4669 ιζέτω.

2101 671 2298 741 inquit
2325 672 2580 739 daemon,
2615 671 2800 739 tarde,
2833 669 2935 725 sed
2973 669 3151 724 etiam
3182 683 3247 722 re
3305 666 3524 723 infecta
3578 666 3753 722 redii.

2098 761 2530 832 Exspectabam
2551 761 2711 816 enim
2726 759 2869 815 dum
2890 757 3136 813 Publius
3159 756 3401 828 quidam
3428 756 3753 811 monachus

2100 850 2384 921 precandi
2408 851 2586 905 ﬁnem
2620 849 2861 905 faceret.
2884 847 2992 913 Qui
3016 863 3150 902 cum
3174 845 3378 901 decem
3409 843 3538 899 dies
3568 844 3755 898 conti-

2101 945 2315 994 nenter
2336 944 2825 1011 precaretur,non
2847 936 3260 1009 potuijussum
3285 940 3455 990 tuum
3489 933 3755 1004 exsequi.

2101 1029 2221 1084 Hoc
2265 1029 2467 1084 audito
2526 1027 2818 1095 Julianus,
2867 1026 3030 1099 gravi
3088 1024 3498 1096 indignatione
3556 1022 3759 1078 conci-

2101 1123 2218 1185 tus,
2247 1118 2511 1173 minatus
2534 1122 2624 1173 est
2653 1134 2715 1172 se
2746 1127 2777 1173 a
2805 1115 3002 1171 reditu
3038 1120 3274 1187 gentem
3321 1112 3755 1168 monachorum

2100 1206 2458 1263 deleturum.
2486 1207 2605 1262 Hoc
2629 1223 2765 1263 cum
2805 1204 3050 1277 quidam
3082 1218 3393 1275 procerum
3426 1217 3553 1270 ejus
3584 1201 3753 1256 inau-

2102 1296 2365 1365 divisset,
2397 1296 2790 1352 admiratione
2821 1311 3055 1351 summa
3082 1294 3295 1349 ductus
3325 1299 3457 1364 post
3488 1290 3750 1347 reditum

2102 1402 2277 1441 suum
2318 1386 2521 1441 omnia
2551 1403 2658 1441 sua
2699 1383 3061 1457 pauperibus
3112 1382 3434 1443 distribuit,
3468 1386 3644 1451 atque
3675 1378 3752 1434 ad

2103 1491 2305 1530 senem
2335 1476 2513 1530 istum
2544 1475 2845 1547 profectus
2877 1472 3197 1545 praeclarus
3236 1471 3565 1527 monachus
3595 1469 3741 1526 527

2103 1563 2305 1631 evasit,
2342 1562 2623 1619 omnibus
2672 1562 3005 1634 praedicans
3055 1559 3483 1615 monachorum
3514 1556 3631 1611 vim
3688 1571 3757 1609 ac

2103 1661 2459 1727 potestatem
2519 1670 2636 1725 qua
2682 1654 2959 1709 adversas
3015 1650 3399 1706 tenebriones
3455 1647 3760 1703 daemonas

2104 1750 2240 1800 sunt
2272 1742 2524 1816 praediti.

2176 1836 2356 1890 Porro
2410 1834 2681 1890 Julianus
2732 1833 2947 1898 Carris,
3016 1849 3149 1903 quas
3193 1829 3337 1886 urbs
3397 1834 3487 1883 est
3532 1843 3565 1882 a
3615 1826 3760 1881 Caro

2105 1926 2463 1996 imperatore
2486 1924 2746 1991 condita,
2776 1924 2891 1979 iter
2934 1923 2995 1977 in
3019 1923 3227 1976 Persas
3259 1918 3482 1974 faciens
3515 1914 3757 1988 spelun-

2105 2030 2235 2070 cam
2265 2012 2585 2085 quamdam
2618 2012 2820 2080 subiit,
2847 2011 3051 2082 ibique
3089 2009 3357 2065 scelestis
3395 2006 3578 2062 sacris
3622 2020 3758 2075 ope-

2104 2110 2269 2160 ratus
2299 2104 2457 2158 fores
2489 2102 2638 2158 seris
2676 2102 2927 2158 occlusit
2957 2118 3023 2157 ac
3064 2097 3452 2170 consignavit,
3485 2093 3758 2167 apposita

2106 2193 2378 2249 custodia
2430 2192 2655 2256 Quibus
2704 2190 2953 2256 foribus,
3002 2206 3072 2244 eo
3118 2187 3450 2253 interfecto,
3511 2182 3754 2255 apertis,

2106 2282 2350 2338 inventa
2381 2287 2467 2337 est
2488 2281 2843 2336 muliercula
2871 2278 3102 2350 capillis
3141 2291 3451 2349 suspensa,
3502 2271 3755 2329 extentis

2107 2371 2422 2438 manibus;
2509 2371 2681 2443 cujus
2768 2369 3028 2426 crudelis
3083 2367 3185 2423 ille
3243 2371 3444 2421 ventre
3501 2362 3756 2418 dissecto

2106 2461 2374 2516 victorim
2431 2459 2662 2516 scilicet
2718 2459 2791 2515 de
2848 2458 3044 2513 Persis
3102 2472 3269 2512 suam
3350 2471 3422 2511 ex
3488 2451 3759 2524 jecinore

2108 2550 2416 2606 didicerat.
2455 2549 2782 2606 Antiochiae
2813 2554 3012 2605 autem
3042 2548 3107 2601 in
3130 2546 3289 2613 regia
3317 2542 3522 2599 multa:
3541 2540 3759 2596 arculas

2107 2641 2360 2696 inventae
2392 2647 2533 2696 sunt
2560 2639 2839 2696 humanis
2871 2637 3163 2709 capitibus
3221 2636 3413 2707 plenm
3466 2631 3760 2702 multique

2107 2731 2270 2802 putei
2328 2729 2715 2786 cadaveribus
2789 2727 3034 2799 oppleti.
3098 2728 3242 2781 Nam
3297 2730 3356 2779 et
3411 2723 3758 2777 innumeras

2107 2822 2376 2895 gravidas
2401 2822 2682 2877 mulieres
2714 2820 2985 2876 Julianus
3018 2817 3404 2884 dissecuerat,
3426 2822 3493 2871 ut
3531 2814 3759 2869 fetuum

2100 2912 2374 2985 jecinora
2392 2911 2921 2984 contemplaretur,
2951 2915 3012 2965 et
3043 2909 3261 2964 multos
3298 2908 3557 2963 infantes
3580 2906 3759 2977 jugu-

2109 3001 2261 3056 latos
2317 3001 2392 3056 ad
2442 3000 2615 3057 bases
2672 3000 3126 3055 simulacrorum
3183 2996 3511 3063 defoderat,
3544 2992 3761 3065 quibus

2110 3090 2382 3162 impense
2440 3097 2568 3146 erat
2651 3090 2905 3145 deditus.
2959 3090 3232 3161 Magnum
3282 3100 3519 3157 quoque
3576 3082 3761 3138 alium

2108 3195 2347 3253 gregem
2370 3181 2599 3236 ratione
2630 3178 3015 3252 prmditorum
3046 3175 3465 3237 animantium,
3499 3172 3762 3227 diversa-

2108 3287 2243 3325 rum
2296 3276 2560 3335 aetatum,
2612 3268 2788 3323 variis
2843 3267 3054 3323 mortis
3117 3264 3438 3338 generibus
3495 3260 3756 3331 sustulit,

2106 3363 2375 3431 Neptuno
2407 3376 2509 3415 eos
2539 3364 2596 3416 et
2615 3358 2751 3414 aliis
2782 3356 3173 3423 daemonibus,
3207 3369 3460 3425 quorum
3484 3368 3545 3407 se
3577 3351 3756 3405 homo

2104 3450 2223 3505 Deo
2272 3450 2494 3504 invisus
2534 3447 2719 3504 cultui
2753 3446 3080 3513 addixerat,
3125 3443 3464 3498 immolans.
3497 3440 3649 3506 Quin
3701 3442 3760 3493 et

2104 3538 2257 3594 albis
2287 3537 2456 3609 equis
2502 3537 2636 3602 soli,
2686 3536 2832 3591 ruﬁs
2862 3534 2983 3607 igni
3014 3550 3082 3589 ac
3139 3531 3328 3587 ventis
3386 3528 3758 3586 sacrificavit.

2101 3628 2219 3682 Nec
2252 3643 2373 3682 non
2402 3625 2641 3682 assidue
2673 3641 2870 3695 canes,
2902 3623 3127 3687 simias,
3151 3637 3355 3678 corvos
3385 3625 3561 3690 atque
3584 3632 3759 3673 omne

2102 3716 2531 3790 prapemodum
2558 3732 2745 3789 genus
2771 3712 3245 3787 quadrupedum,
3295 3709 3492 3766 avium
3552 3713 3760 3763 natan-

2101 3806 2371 3877 tiumque
2404 3806 2721 3873 mactabat,
2752 3805 3068 3875 omnisque
3095 3802 3257 3858 modi
3305 3815 3475 3856 sacra
3519 3797 3754 3869 excogi-

2103 3897 2284 3966 tabat,
2317 3896 2490 3969 plura
2519 3903 2579 3953 et
2621 3896 2918 3951 deteriora
2967 3894 3063 3950 bis
3122 3909 3253 3965 qum
3309 3889 3468 3962 apud
3521 3890 3756 3944 Grmcos

2101 3992 2341 4057 recepta
2364 3990 2523 4041 sunt.
2558 3987 2638 4040 Ea
2658 3985 2823 4040 enim
2854 4000 2918 4039 re
2947 3982 3227 4038 omnibus
3260 3980 3359 4051 qui
3394 3983 3531 4033 ante
3555 3977 3754 4048 ipsum

2099 4074 2361 4130 Grmcam
2391 4073 2741 4145 religionem
2772 4072 2977 4129 sectati
3001 4071 3274 4137 fuissent,
3306 4067 3566 4140 palmam
3601 4083 3754 4137 prae-

2098 4164 2293 4236 ripere
2321 4162 2615 4230 studebat,
2651 4162 2801 4220 528
2830 4166 3143 4233 propterea
3173 4176 3235 4214 se
3284 4158 3344 4211 in
3378 4155 3626 4212 deorum
3657 4172 3750 4210 re-

2098 4254 2285 4309 latum
2316 4252 2388 4308 iri
2424 4254 2601 4307 homo
2632 4268 2668 4307 a
2692 4252 2810 4307 Deo
2833 4250 3064 4307 alienus
3087 4263 3355 4320 sperans.
3387 4245 3602 4299 Verum
3622 4243 3754 4314 ejus

2098 4360 2193 4399 res
2226 4360 2333 4398 nos
2356 4341 2563 4398 ordine
2596 4356 2912 4402 annorum,
2946 4337 3160 4409 quibus
3212 4332 3545 4407 imperavit,
3572 4348 3751 4404 quam

2098 4432 2443 4489 brevissime
2521 4430 2803 4503 deinceps
2871 4428 3246 4484 referemus:
3309 4439 3470 4479 nunc
3518 4422 3752 4492 reliqua

2099 4529 2430 4579 attexamus
2460 4520 2777 4594 prioribus.

408 4691 516 4745 Τοῦ
548 4688 922 4745 Κωνσταντίου
980 4693 1063 4763 τῷ
1121 4691 1185 4745 ιθ¹
1239 4683 1369 4758 ἔτει,
1425 4688 1483 4745 ἕν
1536 4694 1606 4767 τῇ
1658 4692 1842 4768 ἡμίρᾳ
1889 4698 1991 4763 τῆς

2167 4701 2404 4754 Annum
2429 4697 2774 4752 Constantio
2804 4693 3136 4765 imperante
3175 4693 3263 4756 19,
3304 4689 3400 4746 die
3464 4690 3754 4747 Penteco-

327 4782 734 4850 Πεντηκοστῆς,
762 4778 814 4834 ἐν
846 4777 1254 4852 Ἰεροσολύμοις
1312 4778 1477 4858 ἐφάνη
1527 4781 1591 4836 τὸ
1630 4787 1860 4855 σημεῖον
1891 4786 1990 4837 τοῦ

329 4873 612 4938 ζωοποιοῦ
670 4872 901 4944 σταυροῦ
932 4868 984 4924 ἐν
1036 4869 1276 4944 οὖρανῳ,
1334 4867 1651 4943 φωτοειδὲς,
1696 4871 1989 4945 τεταμένον

325 4959 440 5015 ἀπὸ
490 4963 587 5015 τοῦ
647 4960 917 5036 Γολγοθᾶ,
974 4955 1095 5024 ἔνθα
1147 4959 1461 5035 ἐσταυρώθη
1512 4962 1827 5038 ὁΧριστὸς,
1879 4959 1986 5026 ἕως

322 5054 429 5105 τοῦ
459 5044 625 5127 ὅρους
652 5054 763 5105 τῶν
795 5049 1050 5117 Ἐλαιῶν,
1086 5050 1205 5105 ὅθεν
1234 5050 1325 5105 καὶ
1370 5049 1677 5131 ἀνελήφθη,
1707 5050 1899 5126 κύκλῳ
1926 5048 1982 5109 δὲ

322 5137 528 5195 τοῦτου
559 5141 840 5220 στέφανος,
873 5140 948 5203 ὡς
976 5140 1089 5215 ἶρις
1139 5140 1203 5196 τὸ
1261 5138 1408 5204 εἶδος
1440 5135 1609 5216 ἔχων.
1641 5140 1722 5216 Τῇ
1752 5141 1894 5217 αὐτῇ
1927 5140 1985 5198 δι

324 5230 514 5305 ἡμέρᾳ
537 5231 623 5286 καὶ
674 5229 1034 5302 Κωνσταντίῳ
1089 5225 1270 5308 ὤφθη,
1303 5227 1585 5305 Κυρίλλου
1641 5232 1764 5287 τότε
1814 5233 1982 5303 Ἱερο-

325 5316 592 5394 σολύμων
622 5319 1065 5380 ἐπισκοποῦντος.

2099 4792 2227 4854 stin,
2252 4788 2314 4842 in
2344 4786 2491 4843 coelo
2515 4786 2748 4859 signum
2779 4782 3023 4839 vivificaa
3053 4780 3247 4837 crucis
3268 4780 3561 4852 apparuit,
3596 4779 3754 4835 luci-

2097 4875 2239 4931 dum
2269 4880 2447 4947 atque
2502 4879 2809 4929 extentum
2840 4886 2875 4926 a
2912 4868 3214 4943 Golgotha.
3252 4885 3369 4940 quo
3402 4867 3530 4924 loco
3589 4866 3756 4923 Chri-

2097 4968 2223 5019 stus
2254 4964 2315 5018 in
2344 4979 2578 5019 crucem
2614 4960 2879 5018 sublatus
2926 4959 3060 5027 fuit,
3110 4973 3300 5030 usque
3360 4957 3435 5013 ad
3488 4962 3755 5013 montem

2096 5054 2393 5119 Olearum,
2442 5053 2602 5109 unde
2640 5052 2797 5107 idem
2850 5051 3120 5106 Christus
3165 5049 3229 5104 in
3277 5047 3493 5103 coelum
3547 5044 3750 5100 subiit.

2094 5144 2452 5217 Cingebatur
2468 5160 2574 5216 per
2593 5142 2799 5199 orbem
2829 5141 3055 5197 circulo
3076 5156 3248 5196 arcus
3265 5136 3521 5194 cmlestis
3543 5135 3746 5192 simili.

2097 5234 2311 5291 Eadem
2369 5235 2464 5291 die
2497 5236 2675 5291 etiam
2732 5232 3119 5290 Constantino
3176 5228 3469 5301 apparuit,
3529 5225 3749 5299 Cyrillo

2093 5324 2519 5397 Hierosolyma;
2552 5330 2675 5381 tum
2710 5324 3008 5396 episcopo.

1542 5439 1909 5495 XYLANDRI
1947 5440 2035 5495 ET
2074 5441 2289 5497 GOARI
2326 5441 2548 5497 ΝΟΤιΕ.

401 5542 479 5610 (3)
511 5537 750 5606 Δόκιμος
781 5554 915 5593 cum
965 5537 1038 5593 de
1096 5537 1404 5610 monachis
1451 5538 1685 5595 dicitur,
1751 5554 1873 5594 non
1928 5538 1981 5595 is

326 5617 420 5668 est
441 5613 540 5683 qui
566 5612 683 5683 ja'n
719 5610 1125 5683 asceticagvita
1174 5609 1477 5683 probatus,
1537 5610 1853 5683 virtutibus
1908 5612 1987 5665 ef-

321 5681 510 5757 fulget
537 5681 869 5757 provectus,
902 5681 1034 5757 sed_
1053 5681 1103 5736 is
1156 5682 1395 5753 proprie
1421 5682 1622 5757 _cujus
1669 5681 1822 5757 vires
1850 5698 1986 5753 pro-

320 5752 609 5832 positum,
643 5754 879 5811 animus
901 5752 1238 5826 probantur
1270 5752 1336 5810 et
1364 5754 1440 5811 ad
1491 5752 1769 5812 virtutem
1800 5752 1988 5814 infor-

2092 5546 2366 5596 mantur:
2455 5555 2575 5595 uno
2627 5546 2823 5597 verbo,
2886 5552 3004 5591 non
3063 5546 3363 5588 monachus
3432 5546 3743 5603 praeclarus

2090 5613 2263 5684 juxta
2290 5612 2677 5684 Xylandrum.
2702 5610 2824 5684 sed_.
2838 5609 3012 5677 juxta
3040 5606 3245 5684 tritum
3276 5605 3336 5659 in
3363 5606 3745 5663 monasteriis

2455 5555 2575 5595 uno
2627 5537 2823 5597 verbo,
2886 5552 3004 5591 non
3063 5532 3363 5588 monachus
3432 5532 3743 5603 praeclarus

2095 5678 2378 5757 loquendi
2410 5699 2604 5752 usum,
2634 5681 2875 5737 novitius
2904 5685 3013 5735 est.
3047 5678 3222 5734 Gou.
