4144 6432
266 469 382 532 575

1628 472 1943 534 GEORGII
1988 471 2333 537 CEDRENI

3576 473 3698 533 576

339 609 510 659 Anno
542 608 630 670 2i,
666 612 898 662 mortuo
928 606 1111 680 impio
1143 608 1392 665 Eusebio
1437 604 1747 680 Cpolitano
1806 605 1926 678 epi-

2110 608 2207 678 Τᾦ
2261 614 2343 663 κα¹
2397 602 2503 664 ἔτει
2558 615 2659 679 τῆς
2722 606 3000 684 βασιλείας
3057 603 3456 669 Κωνσταντίου,
3506 607 3698 660 τελευ-

269 708 470 764 scopo.
494 695 742 749 Romam
760 695 955 751 denuo
980 695 1055 751 ad
1074 697 1294 752 Julium
1319 712 1532 769 papam
1556 702 1615 751 et
1643 696 1927 751 Constan-

267 786 387 835 tem
418 782 860 853 imperatorem.
920 786 1245 841 Constantii
1308 786 1575 845 fratrem.
1607 771 1920 839 redierunt

268 871 629 927 Athanasius
649 879 705 927 et
731 872 967 928 Paulus.
1000 876 1144 929 Cum
1174 892 1371 931 au'em
1397 875 1561 946 Cpoli
1609 874 1926 932 Christiani

272 962 522 1017 Paulum
555 963 898 1034 episcopum
929 964 1240 1038 designare
1273 965 1513 1031 vellent,
1551 965 1751 1019 Ariani
1783 980 1925 1018 con-

272 1056 364 1105 tra
423 1052 826 1108 Macedonium
893 1053 1244 1127 deligerent,
1300 1071 1658 1111 conseruere
1716 1069 1928 1108 manus

270 1139 557 1195 factiones
578 1141 872 1213 multique
898 1144 1180 1216 utrinque
1209 1145 1577 1200 ceciderunt.
1621 1145 1931 1214 Hermoge-

268 1245 374 1283 nes
432 1245 668 1301 quoque
719 1231 932 1287 ductor
988 1235 1303 1298 exe'citus,
1359 1250 1395 1289 a
1466 1233 1807 1289 Constantio
1856 1231 1931 1287 ad

267 1318 705 1375 exturbandum
757 1322 1007 1378 Paulum
1040 1324 1275 1383 missus.
1311 1339 1344 1379 a
1374 1322 1727 1378 Christianis
1753 1338 1928 1377 neca-

263 1413 356 1462 tus
389 1409 573 1479 inque
633 1426 796 1466 mare
849 1411 1118 1483 abjectus
1170 1413 1298 1468 fuit.
1371 1414 1497 1477 Qua
1549 1429 1610 1468 re
1672 1412 1929 1484 cognita,

262 1499 643 1553 Constantius
674 1500 902 1570 Cpolim
935 1509 1204 1572 occupat.
1242 1502 1487 1557 Paulum
1534 1502 1594 1556 in
1652 1501 1929 1556 exsilium

265 1588 385 1659 agit
410 1606 422 1643 :
448 1605 567 1643 non
596 1594 794 1644 tamen
828 1591 1230 1647 Macedonium
1254 1592 1619 1664 episcopatui
1644 1591 1927 1662 praefecit.

266 1678 408 1732 Post
434 1679 620 1733 Roma
651 1679 869 1735 Paulus
902 1681 1144 1735 veniens
1166 1698 1301 1737 cum
1323 1681 1539 1736 litteris
1568 1680 1703 1736 Julii
1738 1697 1927 1751 papae,

265 1766 705 1823 Thessalonica:
737 1769 797 1823 in
829 1770 1036 1824 exsilio
1069 1786 1199 1825 esse
1224 1769 1491 1840 jubetnr.
1552 1769 1705 1827 529
1740 1769 1925 1824 Mace-

268 1856 482 1911 donius
512 1864 708 1911 autem
766 1857 1061 1929 praedonis
1103 1859 1164 1913 in
1223 1876 1450 1913 morem
1484 1858 1709 1914 invadit
1738 1857 1926 1914 eccle-

2032 695 2297 764 τιςσαντος
2350 692 2615 755 Εὖσεϐίου
2670 702 2770 753 τοῦ
2828 691 3120 760 δυσσεϐοῦς
3176 692 3699 753 Κωνσταντινουπό-

2037 783 2198 849 λέως.
2230 784 2506 855 κατῆλθον
2537 786 2614 850 είς
2643 787 2867 860 Ῥώμην
2914 783 3081 841 πάλιν
3141 786 3276 861 πρὸς
3336 782 3574 840 Ἰούλιον
3601 781 3697 836 τὸν

2035 875 2217 928 πάπαν
2273 875 2363 929 καὶ
2423 877 2740 932 Κωνσταντα
2792 876 2884 930 τὸν
2934 879 3032 929 τοῦ
3094 871 3366 950 βασιλέως
3418 872 3504 946 [Ρ.
3564 874 3691 942 302]

2037 963 2417 1019 Κιυνσταντίου
2483 962 2717 1045 ἀδελφὸν
2795 964 3111 1029 Ἀθανάσιος
3166 962 3257 1018 καὶ
3328 960 3565 1024 Παῦλος.
3633 959 3701 1017 Οἱ

2038 1050 2322 1123 ὀρθόδοξοι
2352 1054 2535 1109 τοίνυν
2599 1051 3230 1114 Κωνσταντινουπόλεως
3287 1049 3504 1107 Παῦλον
3562 1070 3701 1125 προ-

2038 1135 2359 1213 ϐαλόμενοι.
2394 1140 2506 1197 ἐπεὶ
2540 1144 2591 1198 οἱ
2619 1142 2895 1217 Ἀρειανοὶ
2932 1138 3267 1199 Μακεδόνων
3324 1136 3701 1215 ἀντεχειροτό-

2037 1250 2227 1299 νησαν,
2260 1226 2675 1303 συμϐάλλουσιν
2716 1230 3019 1302 ἀλλήλοις,
3059 1230 3148 1286 καὶ
3209 1227 3417 1286 πολλοὶ
3449 1228 3700 1307 ἀμφοτέ-

2043 1322 2207 1396 ρωθεν
2294 1320 2607 1380 πίπτουσιν.
2695 1319 3033 1398 Ἑρμογένης
3115 1317 3174 1375 δὲ
3232 1321 3260 1375 6
3320 1317 3698 1389 στρατηλάτης

2039 1411 2186 1486 παρᾶ
2218 1410 2594 1466 Κωνσταντίου
2649 1411 2914 1487 πεμφθεὶς
2967 1409 3044 1473 είς
3098 1411 3162 1466 τὸ
3192 1403 3437 1480 ἔξελάσαι
3477 1405 3697 1463 Παῦλον

2040 1501 2187 1575 παρὰ
2215 1504 2323 1555 τῶν
2354 1498 2657 1573 ὄρθοδόξων
2686 1499 2950 1556 κτείνεται
2982 1499 3071 1555 καὶ
3124 1497 3201 1560 εἷς
3262 1499 3364 1567 τήν
3424 1497 3696 1561 θάλασσαν

2041 1588 2276 1665 ῥίπεται.
2344 1593 2517 1645 Τοῦτο
2562 1591 2591 1644 6
2624 1590 2993 1650 Κωνστάντιος
3054 1587 3240 1661 μαθὼν
3291 1581 3700 1660 καταλαμϐάνει

2037 1681 2137 1747 τὴν
2174 1679 2767 1748 Κωνσταντινούπολιν,
2797 1678 2889 1734 καὶ
2945 1678 3036 1734 τὸν
3100 1678 3196 1748 μὶν
3256 1675 3471 1732 Παῦλον
3527 1674 3700 1750 ἐξορί-

2042 1775 2141 1839 ζει,
2171 1769 2233 1824 οῦ
2296 1771 2405 1842 μὴν
2464 1765 2523 1824 δὲ
2568 1768 2897 1842 ἐνθρονιάζει
2927 1763 3291 1826 Μακεδόνων.
3353 1767 3611 1836 Ὕστερον
3641 1760 3699 1819 δὲ

2039 1858 2183 1930 παρᾶ
2243 1856 2480 1916 Ἰουλίου
2535 1858 2762 1930 Ῥώμης
2824 1857 2961 1930 μετὰ
3006 1858 3345 1931 γραμμάτιον
3401 1854 3430 1909 6
3481 1851 3696 1913 Παῦλος

268 1945 438 2011 siam,
472 1945 639 2001 cassis
668 1947 810 2001 viris
841 1948 1003 2015 3150,
1034 1953 1211 2019 atque
1245 1948 1327 2004 ita
1355 1949 1561 2004 Ariani
1615 1947 1925 2004 ecclesiam

2044 1948 2278 2004 ἀνελθὼν
2338 1948 2391 2003 ἐν
2438 1945 2801 2021 Θεσσαλονίκῃ
2861 1941 3180 2045 ἔξορίζεται,
3211 1947 3240 1999 6
3274 1941 3331 1999 δὲ
3362 1939 3699 2004 Μακεδτνιος

270 2040 581 2106 occupant.
613 2036 972 2092 Athanasius
1029 2043 1227 2093 autem
1288 2044 1348 2092 et
1404 2037 1624 2093 Paulus
1681 2039 1925 2092 Romam

2044 2041 2102 2113 τῇ
2135 2034 2437 2110 Ἐκκλησιᾳ
2461 2034 2773 2111 λῃστρικῶς
2791 2030 3078 2103 ἐπιϐαίνει,
3114 2031 3193 2110 ἐφ’
3217 2033 3263 2105 ᾧ
3288 2033 3376 2087 καὶ
3413 2032 3699 2107 ἆναιροῦν-

268 2140 474 2179 rursus
500 2140 561 2178 se
593 2123 913 2179 conferunt
941 2125 1015 2180 ad
1045 2125 1450 2183 Constantem.
1483 2125 1656 2197 eique
1687 2141 1928 2181 omnem

2034 2147 2122 2182 ται
2156 2123 2342 2198 ἄνδρες
2397 2124 2707 2204 τρισχίλιοι
2758 2124 2949 2181 ἑκατὸν
3002 2124 3356 2193 πεντήκοντα·
3404 2120 3494 2177 καὶ
3550 2118 3694 2175 οὕτω

272 2226 397 2266 rem
429 2217 696 2267 narrant.
729 2212 1018 2267 Constans
1041 2212 1284 2285 indigne
1315 2229 1437 2268 rem
1459 2212 1656 2269 ferens
1687 2212 1929 2278 fratrem

2044 2219 2133 2282 τῆς
2172 2210 2504 2281 Ἐκκλησίας
2561 2213 2833 2287 ’Λρειανοί
2890 2214 3175 2285 κρατοῦσι,
3233 2209 3324 2264 καὶ
3379 2207 3695 2269 Ἀθανάσιος

274 2315 382 2370 per
411 2299 640 2355 litteras
673 2299 847 2371 jubet
904 2302 1087 2357 Paulo
1146 2307 1205 2357 et
1244 2303 1568 2358 Athanasio
1627 2319 1735 2359 sua
1786 2300 1935 2357 solia

274 2389 444 2443 reddi
501 2389 614 2443 Sed
654 2405 789 2444 cum
848 2390 1216 2463 Magnentius
1273 2392 1335 2446 in
1402 2391 1591 2447 Callia
1648 2396 1935 2463 occupata

280 2478 594 2549 tyrannide
617 2481 998 2534 Constantem
1024 2480 1183 2551 pium
1208 2480 1625 2548 interfecisset,
1648 2482 1934 2535 Constan-

279 2567 353 2622 tis
384 2568 442 2621 id
501 2568 833 2623 Antiochia)
883 2569 1146 2625 resciens
1202 2570 1403 2625 statim
1471 2570 1619 2625 urbe
1679 2568 1929 2624 Paulum

279 2655 441 2726 ejicit
462 2657 753 2712 etllucusi
777 2657 1049 2713 exsulare
1072 2658 1263 2728 jubet.
1300 2658 1383 2713 lbi
1418 2659 1468 2714 is
1502 2676 1608 2714 suo
1643 2657 1938 2713 humerali

273 2746 348 2801 ab
369 2745 605 2801 Arianis
628 2746 1437 2819 strangulaturMacedonius
1461 2765 1699 2804 rursum
1730 2747 1934 2803 sedem

271 2834 675 2906 episcopalem
722 2842 995 2907 occupat,
1021 2840 1037 2873 ¹
1070 2837 1361 2893 Athanius
1410 2845 1607 2893 autem
1656 2837 1792 2910 fuga
1822 2837 1936 2893 sibi

271 2925 534 2980 consulit
577 2927 960 2981 Constantius
980 2928 1281 2983 lulianum
1304 2928 1451 2983 Galli
1473 2928 1717 2984 fratrem
1741 2932 1938 2982 custo-

275 3013 707 3069 dialiberatum
724 3015 1014 3070 Ctesarem
1035 3015 1298 3072 declarat
1314 3017 1493 3087 inque
1517 3016 1766 3073 Galliam
1798 3016 1939 3071 mit-

274 3104 347 3158 tit
379 3103 621 3159 tradens
656 3104 709 3158 ei
743 3104 801 3159 in
844 3105 1291 3161 matrimonium
1325 3123 1591 3162 sororem
1626 3122 1794 3161 suam
1828 3106 1938 3161 He-

272 3192 497 3262 lenam,
533 3210 666 3265 qum
691 3200 749 3248 et
778 3194 1143 3250 Constantia:
1172 3211 1392 3251 nomen
1416 3195 1573 3251 tulit.
1598 3194 1940 3251 Constantio

270 3299 420 3337 uxor
443 3281 562 3337 fuit
584 3283 791 3339 inclita
806 3283 1079 3343 Eusebia.
1100 3284 1271 3355 cujus
1302 3284 1765 3357 pulchritudinis
1787 3284 1944 3338 fama

2039 2299 2216 2357 δὲκαὶ
2250 2298 2465 2362 Παῦλος
2496 2302 2597 2370 τήν
2642 2298 2868 2373 Ῥώμην
2925 2298 3092 2355 πάλιν
3151 2290 3696 2369 καταλαμϐάνουσιν.

2038 2391 2105 2446 Οἳ
2157 2390 2247 2446 καὶ
2302 2388 2694 2465 προσελθόντες
2773 2387 2853 2463 τῷ
2901 2390 3175 2443 Κώσταντι
3233 2386 3407 2442 πάντα
3497 2382 3667 2460 διηγή

2040 2501 2223 2537 σαντο.
2282 2479 2345 2537 Ὀ
2404 2476 2462 2533 δὲ
2518 2477 2605 2533 ἐπὶ
2670 2478 2890 2539 τούτοις
2946 2476 3325 2551 ἀγανακτήσας
3369 2474 3568 2555 γράφει
3623 2477 3702 2546 τῷ

2043 2567 2169 2641 ἰδίῳ
2200 2567 2423 2648 ἀδελφῳ
2455 2566 2807 2641 λυπούμενος
2840 2563 3138 2623 ἀποδοῦναι
3188 2563 3391 2637 Παύλῳ
3422 2565 3513 2618 καὶ
3546 2563 3705 2620 Ἀθα-

2041 2658 2213 2731 νασίῳ
2240 2657 2369 2717 τοὺς
2401 2654 2575 2719 ἰδίους
2635 2657 2877 2733 θρόνους.
2939 2653 3271 2729 Μαγνεντίου
3328 2650 3385 2708 εὶ
3445 2653 3501 2707 ἐν
3560 2649 3707 2707 Γαλ-

2044 2747 2192 2811 λίαις
2276 2747 2702 2822 τυραννήσαντος
2771 2744 2861 2800 καὶ
2952 2746 3278 2801 Κώνσταντα
3352 2743 3444 2798 τὸν
3500 2735 3694 2809 εὐσεϐῆ

2042 2835 2348 2906 ἀνελόντος,
2397 2835 2511 2891 ἐπεὶ
2548 2834 2913 2896 Κωνστάντιος
2947 2832 3000 2889 ἐν
3028 2831 3345 2907 ’Δντιοχείᾳ
3402 2828 3479 2886 ὢν
3536 2833 3701 2885 τοῦτο

2044 2920 2229 3001 ἔμαθε,
2260 2924 2497 2999 παρευθῦ
2545 2929 2645 2992 τῆς
2701 2920 2918 2984 πόλεως
2970 2922 3062 2977 τὸν
3113 2919 3325 2977 Παῦλον
3384 2917 3610 2993 ἐξορίζει
3648 2915 3701 2972 ἐν

2045 3019 2370 3088 Κουκουσῷ.
2404 3013 2569 3068 Κάκεῖ
2608 3012 2711 3068 ὑπὸ
2740 3013 2849 3067 τῶν
2882 3013 3176 3083 ’Λρειανῶν
3224 3014 3303 3079 τῷ
3362 3005 3490 3080 tam.
3548 3006 3704 3077 ώμο-

2045 3105 2201 3183 φόρῳ
2260 3107 2339 3177 (4)
2395 3101 2777 3177 ἀποπνίγεται,
2838 3100 2927 3155 καὶ
2988 3096 3322 3159 Μακεδόνιος
3380 3095 3551 3153 πάλιν
3604 3100 3703 3152 τοῦ

2045 3193 2246 3270 Θρόνου
2293 3186 2746 3266 ἐπιλαμϐάνεται.
2780 3190 2808 3245 6
2841 3187 2899 3245 δὶ
2954 3187 3270 3250 Ἀθανάσιος
3326 3184 3492 3244 πάλιν
3554 3187 3704 3265 φυγῆ

2044 3285 2147 3353 τήν
2181 3279 2455 3355 σωτηρίαν
2501 3278 2960 3356 πραγματεύεται.
2998 3277 3293 3335 Ἰουλιανὸν
3332 3273 3390 3330 δὲ
3419 3275 3507 3331 τὸν
3542 3271 3703 3330 ἁδελ-

271 3373 473 3427 orbem
492 3379 663 3428 terra;
697 3381 1007 3447 pervagata
1024 3381 1131 3431 est.
1163 3376 1373 3430 Verum
1406 3374 1656 3430 maritus
1688 3373 1928 3429 mollior

2044 3372 2137 3450 φόν
2164 3370 2382 3426 Γάλλου
2414 3368 2474 3425 ἐκ
2502 3376 2602 3437 τῆς
2652 3366 2900 3447 φυλακῆς
2930 3365 3198 3440 ἐξτγαλὼν
3263 3364 3507 3439 Καίσαρα
3566 3382 3704 3450 προ-

272 3476 450 3530 quam
476 3460 802 3532 expediret.
830 3478 897 3516 ac
921 3467 1210 3533 praeterea
1235 3462 1568 3527 morbosus,
1593 3478 1714 3517 non
1736 3461 1934 3532 potuit

276 3548 588 3603 mulierem
608 3551 1046 3621 curareJtaque
1060 3550 1206 3606 [lore
1224 3551 1414 3606 aetatis
1432 3557 1774 3621 naturaeque
1786 3549 1936 3622 vigo-

277 3655 341 3694 re
374 3637 761 3693 exardt-scens
775 3654 843 3693 ea
857 3639 915 3694 in
934 3639 1196 3694 matricis
1218 3656 1401 3695 saavos
1414 3640 1709 3695 cruciatus
1727 3638 1934 3693 incidit

281 3726 687 3800 paulatimque
726 3728 1198 3783 contabescendo
1258 3729 1453 3800 periit,
1520 3729 1689 3783 nulla
1740 3744 1933 3797 neque

276 3818 484 3874 formm
498 3834 689 3889 neque
702 3819 894 3875 aetatis
909 3835 1103 3890 neque
1120 3819 1353 3891 imperii
1369 3825 1647 3891 percepta
1660 3818 1930 3875 utilitate.

2044 3449 2310 3514 ϐάλλεται
2383 3456 2470 3512 καὶ
2532 3454 2609 3519 είς
2668 3453 2908 3516 Γαλλίας
2965 3453 3254 3527 ἐκπέμπει,
3317 3452 3499 3524 ζεύξας
3558 3449 3706 3523 αῦτῷ

2042 3549 2181 3622 πρὸς
2210 3547 2389 3622 γάμον
2415 3546 2515 3616 τήν
2542 3542 2682 3600 ἰδίαν
2738 3540 2986 3621 ἀδελφήν
3041 3543 3267 3612 Ἐλὲνην
3294 3542 3395 3610 τὴν
3425 3540 3513 3596 καῖ
3551 3546 3704 3595 Κων-

2045 3637 2317 3693 σταντίαν.
2413 3635 2630 3708 Γαμετῆ
2687 3630 2745 3689 δὶ
2809 3632 3180 3691 κωνσταντίου
3256 3632 3324 3701 ἧν
3385 3624 3619 3687 Εύσεϐία
3671 3629 3706 3699 ἡ

2043 3729 2416 3804 περιώνυμος,
2448 3727 2516 3795 ἧς
2544 3726 2610 3781 τὸ
2665 3723 2878 3785 κάλλος
2910 3723 2986 3787 είς
3027 3727 3202 3778 πᾶσαν
3234 3720 3426 3794 ἐξῆλθε
3454 3721 3552 3786 τήν
3581 3726 3705 3793 γῆν·

2044 3815 2173 3872 ἀλλ’
2205 3817 2238 3872 ἁ
2264 3816 2468 3887 ταύτης
2496 3813 2631 3891 ἀνηρ
2667 3811 3092 3887 μαλθακώτερος
3152 3810 3418 3885 ὑπάρχων
3446 3813 3542 3864 τοῦ
3572 3806 3701 3883 πρέ-

278 3902 610 3985 ποντοςηέτι
652 3904 709 3961 δὲ
737 3908 826 3961 καὶ
884 3905 1348 3979 νοσηλευόμενος,
1403 3907 1503 3962 οῦκ
1552 3904 1792 3976 ἠδύνατο
1824 3910 2148 3981 θεραπεῦσαι
2199 3907 2300 3975 τήν
2358 3904 2667 3980 ἄνθρωπον,
2715 3902 2750 3972 ἢ
2793 3905 2875 3973 τῷ
2929 3908 3032 3970 τῆς
3083 3900 3342 3969 νεότητος
3400 3896 3547 3953 ἄνθει
3614 3893 3709 3952 καὶ

273 4000 357 4069 κῷ
385 3995 580 4051 κάλλει
607 4002 707 4063 τῆς
738 3995 947 4070 φύσεως
983 3997 1311 4069 ὑπερζέουσα
1333 4000 1413 4068 τῷ
1442 4003 1541 4066 τῆς
1578 3997 1962 4069 μητρομανίας
1991 3997 2275 4071 περιεπεσε
2323 3994 2499 4059 πάθει,
2533 3994 2797 4072 φθίνουσα
2827 3988 2884 4046 δὲ
2908 3991 3047 4047 κατᾶ
3110 3991 3307 4065 μικρὸν
3366 3984 3706 4058 ἐτελεύτησε,

274 4084 365 4141 καὶ
397 4081 521 4141 οὕτε
549 4089 645 4140 τοῦ
676 4085 918 4149 κάλλους
950 4083 1074 4141 οὔτε
1101 4092 1203 4156 τῆς
1234 4083 1483 4156 ἡλικίαις
1517 4082 1645 4142 οὔτε
1674 4092 1776 4157 τῆς
1808 4084 2034 4155 ἡλικίας
2066 4086 2191 4142 οὒτε
2219 4091 2320 4155 τῆς
2356 4080 2634 4159 βασιλείας
2662 4081 2939 4139 ἀπώνατο·

430 4212 715 4284 Utcunque
753 4214 904 4269 enim
936 4214 1134 4269 mulier
1162 4214 1382 4285 reliqua
1424 4212 1613 4271 omnia
1653 4212 1885 4271 sustinet
1918 4230 1937 4269 :

424 4285 533 4340 Sed
560 4285 843 4354 deﬁciente
870 4289 1011 4351 viro,
1042 4287 1160 4340 vita
1184 4302 1402 4357 quoque
1433 4288 1632 4356 deﬁcit.

357 4393 507 4450 305
548 4401 714 4449 Anno
735 4396 806 4447 22
834 4393 1033 4449 Ariani
1056 4393 1403 4449 Constantio
1426 4396 1853 4465 persuaserunt
1873 4397 1939 4448 ut

2119 4212 2202 4269 Τὰ
2273 4211 2330 4266 ἐν
2404 4210 2466 4283 ἂρ
2498 4204 2643 4264 ἄλλα
2675 4205 2879 4282 δεύτερ’
2910 4203 2969 4262 ἂν
3001 4206 3207 4281 πάσχοι
3239 4203 3402 4275 γυνὴ,

2121 4232 2341 4340 “Vg-66c
2362 4231 2420 4340 ,ξ’
2452 4279 2823 4340 ἀμαρτάτουσ⁹
2862 4278 3157 4340 ἁμαρτάνει
3194 4277 3336 4340 βίου.

2121 4270 2341 4357 Ἀνέρὸς
2376 4270 2420 4340 δ’
2438 4270 2841 4355 ’ἀμαρτάτουσ”
2862 4270 3157 4354 ἁμαρτάνεῖ
3194 4270 3336 4354 βίου.

2114 4393 2209 4464 Τῷ
2237 4392 2325 4466 κβ¹
2345 4388 2452 4447 ἔτει
2512 4389 2565 4445 οἱ
2596 4388 2864 4464 Ἀρειανοὶ
2921 4384 3275 4463 τὸνβασιλέα
3333 4389 3713 4440 Κωνσταντιον

279 4482 540 4553 capitale
563 4482 922 4554 supplicium
943 4482 1265 4537 Athanasio
1281 4482 1649 4537 decerneret.
1675 4481 1787 4537 Sed
1803 4489 1934 4537 tunc

2047 4480 2185 4537 κατὰ
2213 4479 2534 4539 Ἀθανασίου
2560 4476 2890 4553 παρέπεισαν
2933 4474 3009 4540 ώς
3067 4471 3374 4554 κεφαλικήν
3437 4471 3714 4547 τιμωρίαν

277 4589 513 4643 quoque
545 4572 594 4627 is
618 4572 791 4626 vitam
827 4572 963 4633 fuga
995 4572 1260 4627 servavit.
1300 4572 1493 4627 Noctis
1554 4572 1701 4627 hora
1759 4572 1939 4627 tertia

273 4667 451 4717 terra:
486 4668 678 4716 motus
710 4660 1067 4717 Nicomedia:
1109 4660 1354 4717 obortus
1406 4677 1684 4734 magnam
1743 4660 1941 4717 homi-

277 4766 424 4807 num
458 4748 904 4805 multitudinem
947 4756 1128 4821 atque
1167 4767 1300 4806 cum
1334 4750 1427 4807 his
1458 4751 1802 4823 episcopum
1834 4753 1937 4807 Ce-

279 4839 552 4910 cropium
583 4839 898 4911 oppressit.
932 4838 1311 4896 Macedonius
1343 4839 1689 4911 episcopatu
1744 4839 1937 4912 Cpoli-

282 4938 424 4989 tano
457 4931 697 5004 potitus,
731 4948 942 5004 corpus
971 4932 1341 4987 Constantini
1374 4933 1559 5005 Magni
1592 4932 1664 4989 ab
1696 4934 1941 5005 Aposto-

280 5022 478 5079 lorum
511 5022 735 5094 templo
762 5021 838 5077 ad
861 5021 1059 5078 Sancti
1109 5021 1308 5078 Acacii
1365 5021 1571 5078 fanum
1619 5022 1942 5079 transferre

282 5128 594 5188 aggressus
623 5118 734 5181 est,
769 5111 1214 5184 prescriptione
1246 5128 1314 5167 ea
1355 5117 1552 5182 utens,
1586 5111 1746 5183 quod
1791 5119 1945 5168 tem-

278 5202 446 5276 plum
477 5204 895 5276 Apostolorum
926 5200 1269 5257 corruisset.
1302 5200 1527 5272 Populo
1554 5208 1756 5257 autem
1789 5202 1945 5257 obsi-

281 5298 476 5349 stente
532 5309 748 5363 magna
806 5291 1007 5348 existit
1063 5289 1273 5356 caades,
1308 5290 1390 5346 ita
1419 5295 1484 5346 ut
1542 5290 1830 5365 sanguine
1887 5295 1947 5347 et

281 5388 501 5455 puteus
533 5382 864 5439 testimonii
893 5387 953 5437 et
998 5379 1210 5453 plateas
1266 5385 1324 5435 et
1354 5379 1492 5437 aula
1538 5380 1944 5453 cpplerentur.

2047 4570 2214 4627 αὐτοῦ
2255 4567 2755 4647 καταψηφίσασθαγ
2788 4564 2936 4623 ἀλλᾶ
2993 4565 3083 4622 καὶ
3139 4565 3264 4621 τότε
3320 4565 3468 4643 φυγῇ
3497 4563 3526 4618 6
3558 4557 3718 4637 ἅγιος

2047 4662 2146 4733 τήν
2180 4659 2453 4735 σωτηρίαν
2512 4656 3015 4734 ἐπραγματεύσατο.
3072 4658 3314 4727 Σεισμοῦ
3369 4649 3429 4708 δὲ
3462 4650 3714 4727 μεγάλου

2047 4749 2103 4807 ἐν
2177 4746 2530 4824 Νικομηδείᾳ
2609 4746 2907 4823 γενομένου
2993 4746 3116 4821 περὶ
3199 4740 3346 4809 ὥραν
3402 4742 3718 4815 νυκτερινὴν

2046 4839 2261 4916 τρίτην,
2303 4840 2404 4909 τὴν
2434 4836 2598 4895 πόλιν
2630 4831 2924 4908 κατέλαϐε,
2980 4835 3071 4891 καὶ
3129 4833 3322 4902 πλήθη
3376 4829 3564 4916 πολλα
3625 4826 3711 4884 δι-

2050 4915 2264 5009 ἐφοειρε
2297 4929 2431 5004 μετᾶ
2467 4932 2565 4986 τοῦ
2618 4926 2918 4984 ἐπισκόπου
2987 4921 3312 5009 Κεκροπίου.
3372 4915 3710 5009 Μακεδόνιος

2048 5005 2230 5077 τοίνυν
2257 5019 2350 5075 τὸν
2383 5019 2571 5092 θρόνον
2629 5023 2731 5088 τῆς
2783 5006 3411 5072 Κωνσταντινουπόλεως
3463 5005 3711 5081 κατέχων

2056 5105 2327 5183 μετήδαγε
2382 5108 2445 5163 τὸ
2502 5112 2664 5183 σῶμα
2720 5108 2821 5162 τοῦ
2889 5099 3148 5177 Μεγάλου
3198 5094 3596 5156 Κωνσταντίνου
3643 5092 3718 5157 εἷς

2049 5198 2144 5255 τὸν
2178 5198 2329 5271 ἅγιον
2370 5196 2623 5255 Ἀκάκιον
2653 5194 2761 5251 ἀπὸ
2790 5196 2891 5248 τοῦ
2919 5194 3048 5247 ναοῦ
3078 5192 3185 5245 τῶν
3218 5190 3297 5264 [Ρ.
3333 5187 3461 5260 303]
3514 5184 3718 5261 Ἀγίων

2056 5287 2437 5359 Ἀποστόλων,
2467 5291 2673 5344 πτῶσιν
2702 5280 3180 5363 προφασιζόμενος
3208 5281 3307 5334 τοῦ
3336 5279 3494 5332 ναοῦ·
3538 5278 3634 5330 τοῦ
3667 5272 3724 5329 ’ὁὶ

2056 5376 2195 5435 λαοῦ
2222 5378 2540 5441 κωλύοντος
2561 5375 2725 5456 φόνος
2750 5374 2942 5451 γέγονε
2965 5368 3164 5440 πολὺς,
3187 5367 3326 5424 ὥστε
3354 5364 3730 5467 πληρωθῆναι

1484 5527 1854 5585 XYLANDRI
1885 5529 1972 5585 ET
2011 5529 2229 5586 GOARI
2265 5528 2496 5585 NOTE.

358 5648 432 5718 (4)
463 5648 755 5703 Humerale
803 5645 875 5701 ad
915 5644 1158 5701 verbum
1208 5642 1477 5718 reddidit
1504 5644 1832 5716 interpres:
1870 5650 1933 5701 tu

280 5723 509 5848 gasciam
542 5720 784 5774 honoris
809 5719 1019 5791 gratia,
1058 5717 1407 5788 pontiﬁcum
1466 5717 1747 5773 humeros
1805 5734 1932 5773 am-

324 5793 545 5848 ientem
602 5797 661 5848 et
716 5790 997 5847 extremis
1054 5794 1185 5845 ante
1249 5794 1530 5848 retroque
1586 5788 1931 5848 pendulam.

324 5793 545 5849 ientem
602 5797 661 5849 et
716 5788 997 5847 extremis
1054 5794 1185 5845 ante
1249 5794 1530 5862 retroque
1586 5788 1931 5862 pendulam,

2044 5662 2079 5701 a
2152 5643 2374 5700 Latinis
2451 5640 2717 5711 pallium,
2794 5633 3381 5711 archiepiscoporum
3423 5699 3445 5711 _
3478 5628 3711 5703 insigne

2043 5699 2285 5845 dictata,
2309 5699 2632 5788 intelliges.
2666 5699 2956 5783 Ἐπωμίδα
2986 5699 3155 5763 vocat
3172 5699 3391 5761 auctor
3418 5699 3707 5777 frequen-

2044 5789 2185 5847 tius.
2269 5803 2401 5846 ou.
3742 5802 3748 5807 ·
