4144 6414
345 343 463 402 579
1707 330 2034 395 GEORGII
2076 328 2415 390 CEDRENI
3645 332 3765 396 580

343 479 405 534 in
437 478 740 550 pulverem
788 475 1021 548 redigit.
1072 473 1132 528 ld
1188 471 1476 543 templum
1534 485 1671 524 cum
1727 465 1986 523 Julianus

2112 460 2191 525 si;
2245 465 2381 537 χοῦν
2442 458 2728 517 ἀπετέλεσε
2762 507 2776 520 .
2837 463 3044 518 Τοῦτον
3097 464 3190 518 τὸν
3249 463 3374 520 ναὸν
3435 461 3567 520 ἰδὼν
3630 487 3767 540 μετα

342 569 654 641 postmodo
671 566 930 629 vidisset,
947 564 1095 620 dixit
1114 580 1127 617 :
1143 564 1269 634 jam
1288 560 1578 632 templum
1593 559 1814 614 habent
1834 554 1996 612 Chr-i-

343 660 540 715 stiani.
572 657 685 714 Sed
716 673 821 729 ego
862 656 962 711 ubi
994 671 1028 710 a
1057 653 1290 709 Persico
1350 651 1502 707 bello
1561 650 1815 715 rediero,
1869 662 1993 701 me-

344 749 509 804 dium
542 748 671 819 ejus
703 747 837 802 feno
859 743 1225 816 reponendo,
1252 746 1451 813 partes
1482 740 1554 795 ab
1579 746 1828 809 utroque
1854 736 1995 790 late-

342 854 406 893 re
438 837 737 893 stabulum
777 849 1063 906 equorum
1094 832 1337 904 parabo,
1368 835 1436 886 ut
1486 829 1717 884 videam
1749 825 1993 882 ubinam

349 944 515 983 suam
548 941 710 997 spem
751 923 1062 979 collocent.

414 1018 549 1070 Erat
587 1013 855 1069 Julianus
914 1016 1141 1067 statura
1198 1009 1380 1076 brevi,
1415 1009 1715 1074 barbatus,
1776 1005 1991 1077 capillo

338 1105 529 1177 nigro,
564 1103 778 1170 somni,
812 1102 1083 1170 luxurias,
1139 1100 1343 1170 reique
1401 1114 1666 1153 venerea}
1725 1095 1992 1168 apprime

336 1194 683 1260 abstinens,
732 1199 1014 1247 ceterum
1072 1188 1598 1245 ambitiosissimus
1653 1193 1713 1242 et
1750 1185 1990 1257 impius.

339 1285 491 1341 532
524 1286 577 1339 Is
606 1284 681 1339 ad
712 1300 774 1339 se
799 1298 983 1337 unum
1014 1287 1136 1336 toto
1166 1279 1416 1352 imperio
1447 1278 1644 1334 delato
1676 1277 1994 1348 impudens

337 1377 599 1432 Graecam
622 1373 976 1445 religionem
1001 1371 1324 1443 usurpavit.
1350 1368 1640 1441 sanguine
1670 1366 1995 1422 sacriﬁcio-

335 1482 470 1521 rum
501 1480 735 1520 sacrum
766 1463 1127 1533 baptismum
1153 1461 1381 1523 eluens,
1436 1458 1755 1528 omniaque
1810 1472 1993 1528 agens

338 1554 557 1627 quibus
587 1553 891 1607 daemones
912 1550 1206 1605 coluntur.
1236 1548 1573 1603 Oribasium
1608 1546 1902 1601 medicum
1925 1560 1995 1600 ac

338 1649 696 1715 quaestorem
729 1640 990 1711 Delphos
1020 1639 1202 1706 misit,
1243 1643 1310 1692 ut
1339 1637 1646 1693 oraculum
1696 1633 1993 1707 Apollinis

334 1732 699 1787 instauraret
770 1733 823 1786 Is
872 1746 1007 1785 cum
1062 1745 1129 1783 eo
1189 1727 1553 1799 pervenisset
1607 1741 1873 1797 opusque
1906 1724 1994 1779 in-

339 1822 636 1889 cboasset,
672 1820 783 1875 tale
834 1818 1105 1873 daemone
1134 1816 1365 1889 accepit
1396 1815 1706 1872 oraculum
1736 1831 1749 1870 :

445 1929 667 1985 Corruit
694 1928 903 1996 arti/iri
922 1927 1077 1981 varie
1115 1926 1334 1981 cortina
1364 1924 1547 1978 labore

443 2001 802 2058 Constructa:
836 1998 935 2052 hoc
957 2000 1077 2067 regi
1106 1997 1390 2051 redeuntes
1420 1996 1585 2067 dicite
1606 2000 1811 2067 oestro.

439 2076 549 2127 Nec
578 2087 703 2126 casa
731 2086 829 2125 nec
858 2066 1048 2124 thbi
1076 2068 1307 2123 reddens
1339 2066 1567 2121 oracula
1597 2066 1786 2121 laurus

448 2145 571 2199 Ulla
600 2158 785 2211 super.
836 2141 1007 2196 nulla?
1055 2142 1287 2195 veniunt
1317 2156 1351 2193 a
1375 2140 1528 2208 fom’e
1580 2137 1808 2207 loquelae
1836 2153 1848 2191 :

442 2215 720 2270 Emstincti
749 2213 1042 2282 laticesque
1065 2211 1355 2281 profunda
1381 2211 1603 2265 silentia
1625 2215 1866 2264 servant.

411 2321 608 2376 Primo
632 2319 865 2391 imperii
886 2318 1102 2375 Juliani
1131 2334 1309 2384 anno,
1342 2333 1479 2372 cum
1506 2318 1554 2371 is
1580 2321 1718 2372 ante
1740 2320 1993 2372 mortem

339 2409 673 2466 Constantii
706 2408 981 2463 diadema
1012 2406 1122 2461 sibi
1150 2405 1737 2477 sumpsisset,statim
1770 2405 1860 2460 ira
1889 2404 1993 2460 Dei

336 2503 741 2558 Romanorum
798 2496 1011 2552 ditioni
1069 2496 1275 2551 imissa
1302 2495 1461 2551 mala
1491 2500 1649 2550 sunt.
1682 2496 1828 2548 Tum
1878 2494 1994 2549 im-

332 2590 466 2661 pius
523 2588 658 2656 iste,
718 2592 785 2642 ut
830 2585 1241 2641 Constantium
1300 2584 1591 2655 injnstum
1649 2599 1719 2638 ac
1765 2582 1993 2655 legibus

332 2679 646 2734 adversum
678 2675 861 2731 fuisse
894 2675 1257 2741 ostenderet,
1284 2673 1533 2745 justiam
1566 2689 1686 2744 prae
1727 2688 1788 2727 se
1837 2672 1990 2728 ferre

331 2767 527 2838 cmpit,
562 2765 874 2836 episcopos
920 2763 994 2818 ab
1054 2763 1266 2819 exsilio
1316 2777 1613 2824 revocare,
1670 2761 1991 2817 Eusebium

332 2857 629 2929 regiorum
681 2853 1094 2909 eunuchorum
1134 2852 1463 2923 principem
1494 2856 1698 2922 utpote
1756 2856 1989 2906 sontem

333 2960 571 3003 necare.
612 2942 876 3013 reliquos
925 2941 1106 2996 etiam
1136 2940 1442 2996 eunuchos
1494 2939 1714 3011 palatio
1772 2940 1990 3011 ejicere

333 3033 408 3088 ob
441 3032 752 3087 dimissam
794 3047 861 3086 ac
911 3030 1282 3102 repudiatam
1315 3046 1348 3085 a
1379 3046 1441 3085 se
1464 3045 1731 3089 uxorem.
1773 3029 1883 3085 sibi
1915 3029 1988 3085 ab

331 3124 460 3192 ejus
492 3122 674 3177 fratre
704 3119 1047 3175 Constantio
1079 3118 1522 3190 desponsatam,
1555 3134 1775 3189 coquos
1809 3118 1988 3173 etiam

334 3210 657 3278 dimittere,
713 3213 780 3263 ut
832 3207 1122 3280 frugalius
1179 3207 1506 3276 viveretur,
1567 3212 1627 3263 et
1679 3206 1983 3277 puerulos,

331 3299 492 3373 quod
522 3314 705 3355 unum
740 3297 947 3353 multis
975 3296 1250 3352 sufficere
1279 3295 1522 3351 diceret.
1548 3295 1792 3351 Publico
1808 3296 1985 3351 etiam

331 3406 510 3445 cursu
541 3386 825 3450 camelos,
884 3386 1088 3442 asinos
1121 3391 1181 3440 et
1208 3385 1400 3440 mulas
1431 3385 1671 3456 ejicere.
1722 3385 1985 3455 solisque

328 3479 500 3550 equis
532 3476 602 3533 ad
635 3476 964 3531 ministeria
992 3475 1079 3530 uti
1114 3473 1459 3536 concedere,
1494 3473 1739 3529 avaritia
1767 3474 1985 3546 impul-

330 3585 453 3629 sus,
490 3566 583 3622 cui
633 3571 759 3619 erat
805 3563 1198 3635 mancipatus.
1230 3563 1384 3620 588
1433 3564 1597 3619 Tunc
1653 3563 1714 3618 in
1746 3563 1984 3619 Oriente

330 3655 513 3712 Grzuci
536 3654 787 3710 sublatis
814 3654 1030 3708 animis
1048 3652 1247 3707 statim
1271 3652 1643 3708 Alexandriae
1674 3653 1984 3724 Georgium

325 3746 673 3817 episcopum
751 3748 1048 3815 raptatum
1109 3741 1555 3797 interfecerunt.
1622 3741 1983 3797 Athanasius

329 3841 548 3901 autem,
583 3833 681 3903 qui
715 3832 817 3887 diu
847 3830 1005 3903 apud
1032 3830 1316 3903 virginem
1367 3829 1688 3901 quamdam
1732 3830 1981 3886 delitue~

322 3930 434 3992 rat,
467 3925 529 3979 in
562 3921 865 3995 publicum
897 3937 1243 3993 progressus
1310 3920 1633 3975 concilium
1691 3936 1980 3976 convoca-

321 4015 423 4082 vit,
476 4012 848 4083 decretisque
926 4010 1183 4066 Nicmnis
1278 4010 1645 4066 confirmatis
1703 4010 1982 4067 ecclesias

326 4103 714 4175 recuperavit.
750 4101 953 4156 Ariani
980 4106 1178 4156 autem
1211 4100 1457 4171 Georgio
1481 4099 1711 4155 sublato
1735 4100 1980 4156 Lucium

320 4192 431 4247 sibi
456 4192 872 4264 praefecerunt,
908 4190 1088 4260 inque
1112 4189 1415 4244 communi
1447 4188 1624 4244 domo
1656 4196 1980 4245 conventus

320 4288 589 4354 egerunt.
624 4283 840 4337 Graecas
889 4285 1087 4334 autem
1148 4277 1458 4351 religionis
1515 4279 1711 4333 mmuli
1757 4280 1979 4335 multos

316 4371 685 4427 Christianos
710 4370 770 4424 in
793 4385 1001 4424 cruces
1022 4367 1397 4422 sustulerunt
1417 4373 1593 4438 atque
1599 4369 1975 4440 jugularnnt.

317 4462 463 4516 Nam
512 4461 672 4516 Gaza
722 4463 780 4512 et
822 4456 1111 4513 Ascalone
1133 4456 1533 4528 presbyteros,
1566 4464 1625 4512 et
1653 4458 1756 4528 qui
1808 4458 1978 4529 virgi-

316 4550 567 4605 nitatem
617 4552 1101 4614 conservassent,
1153 4546 1598 4611 interfecerunt,
1649 4563 1974 4617 eorumque
2007 4588 2052 4652 Β

315 4641 545 4697 viscera
576 4644 782 4712 aperta
808 4639 1032 4695 hordeo
1067 4638 1465 4710 impleverunt
1496 4643 1554 4693 et
1584 4638 1779 4710 porcis
1809 4637 1977 4710 obje-

316 4733 544 4785 cerunt.
577 4728 853 4784 Phcnnice
876 4727 1076 4799 Cyrilli
1100 4726 1336 4783 diaconi
1368 4726 1562 4782 necati
1588 4725 1761 4797 jecur
1787 4733 1981 4801 gusta-

313 4824 546 4874 verunt.
594 4819 702 4884 Qui
747 4824 946 4873 autem
994 4817 1310 4873 diaconum
1369 4816 1549 4870 istum
1605 4815 1889 4873 dissecuit
1920 4823 1980 4874 et

307 4909 486 4981 jecur
513 4909 644 4977 ejus
690 4906 1037 4977 degustavit,
1077 4906 1127 4960 is
1158 4910 1219 4961 et
1264 4904 1519 4977 linguam
1575 4922 1742 4962 suam
1788 4907 1977 4979 ipsius

317 4996 633 5069 putredine
687 4997 1021 5053 confectam
1073 4994 1341 5063 vomuit,
1402 4999 1461 5049 et
1514 4994 1723 5052 dentes
1777 4997 1981 5053 amisit

318 5094 497 5160 atque
556 5087 757 5144 oculos
793 5127 808 5151 ,
863 5090 923 5141 et
980 5083 1127 5140 diris
1182 5088 1371 5139 tortus
1427 5083 1729 5142 doloribus
1782 5088 1974 5158 periit.

314 5177 481 5243 Quod
509 5194 646 5234 vero
693 5189 1161 5232 commemorem
1193 5189 1326 5244 quas
1382 5173 1496 5228 isto
1558 5178 1823 5247 tempore
1872 5193 1979 5248 per

312 5268 493 5323 urbes
528 5273 588 5323 et
642 5283 814 5338 agros
844 5281 879 5321 a
910 5262 1128 5320 Graecis
1151 5266 1494 5334 perpetrata
1522 5264 1754 5322 fuerint
1780 5267 1808 5322 ?
1833 5272 1976 5323 Cum

314 5371 385 5412 ea
415 5372 610 5429 neque
640 5355 834 5412 verbis
858 5356 1109 5427 possent
1152 5366 1347 5423 neque
1375 5355 1687 5412 scribendo
1707 5373 1974 5430 unquam

2024 1846 2072 1911 B

2100 555 2268 606 ταῦτα
2323 551 2622 614 Ἰουλιανὸς
2683 552 2852 607 εἶπενο
2916 553 3127 624 Ἀκμὴν
3181 554 3233 608 οἱ
3292 556 3608 628 Χριστιανοὶ
3666 557 3763 612 ἐκ-

2099 640 2332 711 κλησίας
2362 636 2603 716 ἔχουσιν.
2660 641 2782 695 Ἐὰν
2839 642 3162 716 ὑποστρέψνυ
3194 643 3302 698 ἀπὸ
3370 649 3610 719 Περσῶν,
3668 647 3762 703 τὸν

2105 730 2198 803 μὲν
2237 732 2395 802 μέσον
2435 726 2949 806 χορτοὸολῶνα,τὰ
3005 729 3062 786 δὲ
3121 726 3263 787 ἔνθεν
3315 734 3559 789 κάκεῖθεν
3621 735 3759 810 μέρη

2102 814 2374 881 στάϐλους
2403 824 2510 875 τῶν
2533 818 2721 874 ’ίππων
2775 841 2902 894 μου,
2938 824 3174 893 ποιήσας
3229 821 3423 886 αὐτοὺς
3482 822 3612 879 ἰδεῖν
3644 821 3762 900 ἔχω

2101 914 2207 965 ποῦ
2238 909 2572 981 ἐλπίζουσιν.

2138 1002 2271 1061 ,Ἢν
2306 996 2362 1054 δὲ
2403 997 2701 1064 Ἰουλιανὸς
2728 1000 2791 1056 τὸ
2823 1005 2982 1074 σῶμα
3047 1001 3282 1079 βραχὺς,
3342 1004 3629 1079 εύπώγων,
3666 1026 3763 1078 με·

2102 1086 2375 1161 λανόθριξ,
2434 1088 2602 1144 ὕπνου
2654 1092 2745 1144 καί
2809 1097 3021 1171 τρυφῆς
3093 1091 3183 1146 καὶ
3279 1090 3613 1168 ἀφροδισίων
3677 1099 3762 1150 δτι

2105 1176 2254 1250 μάλα
2284 1176 2577 1255 ἐγκρατής,
2609 1177 3037 1257 φιλοδοξότατος
3094 1202 3153 1235 τε
3210 1182 3301 1236 καὶ
3330 1186 3409 1254 τῷ
3439 1185 3557 1237 κατ’
3613 1182 3764 1238 εύσέ-

2102 1262 2249 1322 ϐειαν
2273 1267 2462 1341 τρόπῳ
2515 1269 2777 1343 πονηρός.
2848 1268 3019 1332 Οὗτος
3078 1268 3432 1347 μονοκρᾶτωρ
3486 1275 3574 1343 [Ρ.
3634 1274 3762 1346 304]

2100 1357 2390 1432 γενόμενος
2425 1353 2656 1419 ἀναιδῶς
2689 1356 2997 1428 ἒλλήνιζεν,
3046 1357 3243 1432 α’ίματι
3279 1363 3477 1423 θυσιῶν
3506 1361 3569 1415 τὸ
3603 1355 3759 1436 ἀγιόν

2105 1445 2386 1519 βάπτισμα
2442 1444 2927 1519 ἀποπλυνάμενος;
2959 1448 3049 1500 καὶ
3081 1448 3255 1502 πάντα
3320 1453 3497 1504 ποιῶν
3555 1450 3646 1512 οἷς
3703 1448 3761 1504 οἲ

2104 1532 2358 1607 δαίμονες
2415 1534 2823 1609 θεραπεύονται.
2883 1536 3093 1609 Πέμπει
3145 1538 3238 1592 οῦν
3301 1533 3611 1612 Ὀριϐάσιον
3666 1539 3760 1594 τὸν

2104 1623 2287 1698 ίατρὸι
2316 1622 2407 1678 καὶ
2437 1621 2782 1696 κοιαίστωμα
2813 1623 2865 1678 έν
2918 1623 3153 1704 Δελφοῖς
3210 1625 3479 1702 ἀνεγεῖραι
3508 1628 3601 1683 τὸν
3632 1628 3761 1683 ναὸν

2099 1717 2198 1768 τοῦ
2230 1709 2611 1774 Ἀπόλλωνος.
2651 1711 2940 1768 Ἀπελθὼν
2977 1713 3072 1769 οῦν
3104 1716 3268 1777 αὐτὸς
3299 1716 3387 1770 καὶ
3435 1722 3538 1773 τοῦ
3597 1711 3763 1794 ἔργου

2104 1803 2379 1877 ἁψάμενος
2414 1797 2684 1874 λαμϐάνει
2718 1804 2976 1878 χρησμὸν
3009 1805 3154 1880 παρὰ
3185 1809 3282 1860 τοῦ
3314 1802 3598 1879 δαίμονος.

2098 1945 2306 2018 Ε’ίπατε
2333 1949 2414 2016 τῷ
2447 1945 2686 2018 βασιλεῖ·
2723 1945 2909 2018 Χαμαὶ
2939 1947 3068 2002 πέσε
3089 1944 3349 2010 δαίδαλος
3380 1946 3547 2008 αὗλά.

2099 2017 2295 2092 Ούκέτι
2327 2013 2535 2092 φοῖϐος
2566 2015 2685 2092 ἔχει
2705 2013 2974 2092 καλύϐῃσιν)
3003 2018 3065 2074 οὐ
3099 2019 3331 2091 μαντιδα
3363 2020 3600 2092 δάφνην,

2100 2089 2175 2146 Οὔ
2210 2089 2380 2165 παγάν
2411 2084 2732 2145 λαλέουσαν.
2769 2084 3060 2147 Ἀπέσϐετο
3092 2084 3181 2147 καὶ
3216 2093 3388 2148 λάλυν
3418 2084 3588 2169 ὕδωρ.

2170 2234 2265 2303 Τῷ
2297 2234 2500 2307 πρώτῳ
2556 2232 2753 2289 τούτου
2805 2231 2911 2288 ἔτει
2972 2231 3221 2309 διάδημα
3266 2239 3621 2313 περιθεμένου
3648 2237 3760 2312 πρὸ

2095 2327 2195 2390 τῆς
2223 2325 2321 2376 τοῦ
2354 2321 2718 2377 Κωνσταντίου
2765 2321 3027 2393 τελευτῆς
3070 2323 3224 2389 εὐθὺς
3277 2324 3540 2397 θεήλατοι
3596 2326 3762 2399 ὀργα-

2094 2413 2195 2480 τὴν
2224 2411 2515 2484 Ῥωμαίων
2573 2418 2675 2486 γῆν
2751 2412 3138 2483 κατειλήφασι.
3200 2416 3375 2486 Δεῖξαι
3434 2416 3525 2471 οὗν
3585 2414 3761 2471 θέλων

2094 2499 2187 2555 τὸν
2251 2500 2626 2557 Κωνστάντιον
2684 2498 2873 2556 ἄδικον
2921 2503 3011 2556 καὶ
3068 2504 3411 2576 παράνομον,
3454 2505 3747 2580 ὑποκρινόί

2100 2611 2257 2663 μενος
2290 2587 2695 2660 δικαιοσύνηνὸ
2729 2586 2930 2659 ἀσεϐὴς
2986 2592 3115 2653 τοὺς
3171 2593 3223 2648 ἐν
3280 2592 3464 2667 ὲξορίᾳ
3523 2594 3757 2650 ἐπισκό-

2094 2699 2232 2741 πους
2256 2678 2637 2737 ἀνεκαλέσατο.
2672 2674 2930 2736 Εύσέϐιον
2968 2677 3025 2736 δὲ
3052 2682 3146 2736 τὸν
3179 2688 3395 2757 πρῶτον
3427 2690 3537 2739 τῶν
3599 2677 3757 2760 βασι-

2094 2766 2265 2823 λικῶν
2288 2768 2565 2843 εὐνούχων
2604 2767 2814 2825 ἀνεῖλεν
2851 2771 2926 2832 ὡς
2984 2768 3145 2841 δῆθεν
3201 2769 3407 2831 ἄδικον.
3439 2770 3662 2844 Ἐδίωξε
3691 2772 3752 2829 δὶ

2094 2859 2183 2913 καὶ
2220 2857 2350 2919 τοὺς
2381 2857 2610 2921 λοιποὺς
2641 2860 2938 2938 εὐνούχους
2966 2864 3064 2915 τοῦ
3108 2860 3379 2916 παλατίου
3411 2859 3501 2917 διὰ
3528 2864 3592 2919 τὸ
3623 2864 3756 2918 ἀπο-

2094 2943 2282 3003 ϐαλεῖν
2331 2948 2431 3016 τὴν
2478 2954 2732 3023 γυναῖκα,
2764 2949 2830 3017 ἣν
2887 2952 3118 3023 συνῆψεν
3168 2949 3316 3020 αύτῷ
3376 2951 3752 3016 Κωνστάντιος

2094 3038 2123 3092 ὁ
2153 3033 2389 3113 ἀδελφὸς
2423 3038 2614 3106 αὐτῆς.
2647 3037 2890 3112 Ὁμοίως
2924 3039 3012 3092 καὶ
3070 3039 3363 3113 μαγείρους
3392 3037 3482 3096 διὰ
3506 3042 3568 3096 τὸ
3600 3040 3751 3098 λιτὸν

2090 3133 2191 3195 τῆς
2225 3123 2461 3194 διαίτης,
2493 3126 2583 3180 καὶ
2614 3126 2938 3195 κουρίσκους
2985 3132 3094 3200 (12)
3126 3125 3216 3183 διὰ
3244 3131 3308 3185 τὸ
3363 3126 3453 3185 ἕνα
3514 3129 3750 3195 πολλοίς

2016 3212 2059 3279 C
2095 3215 2295 3289 ἀρκεῖν,
2329 3214 2404 3276 ὡς
2451 3208 2626 3288 ἔλεγε.
2688 3217 2798 3272 Τοῦ
2856 3212 2913 3271 δὶ
2972 3213 3245 3288 δημοσίου
3298 3216 3508 3292 δρόμου
3564 3222 3660 3283 τάς
3691 3241 3752 3276 τε

2089 3301 2383 3376 καμήλους
2426 3304 2515 3358 καὶ
2574 3302 2731 3365 ὄνους
2789 3305 2879 3359 καὶ
2938 3304 3205 3378 ἡμιόνους
3260 3302 3500 3377 ἐξέϐαλε,
3547 3310 3746 3380 μόνους

2087 3391 2294 3455 ἳππους
2326 3395 2696 3471 συγχωρήσας
2728 3393 3014 3469 ὅποῦργεῖν
3048 3391 3139 3450 διὰ
3195 3394 3418 3467 πολλὴν
3477 3397 3747 3477 φιλαργυ-

2089 3480 2231 3555 ρίαν,
2271 3482 2338 3550 ἦς
2371 3479 2569 3544 δοῦλος
2590 3482 2676 3551 ἦν.
2708 3483 2841 3538 Τότε
2872 3484 2924 3537 oi
2953 3484 3090 3539 κατὰ
3149 3484 3455 3555 Ἀνατολὴν
3481 3486 3751 3560 Ἓλληνες

2088 3570 2401 3644 ἐπαρθέντες
2442 3569 2598 3634 εὐθὺς
2630 3569 2683 3627 ὲν
2719 3569 3095 3647 Ἀλεξανδρείᾳ
3144 3576 3423 3652 Γεώργιον
3481 3578 3573 3633 τὸν
3628 3578 3746 3633 ἐπί-

2089 3680 2291 3714 σκοπον
2324 3658 2576 3733 σύροντες
2611 3658 2851 3720 ἀνεῖλον.
2892 3662 3030 3719 Τότε
3076 3664 3131 3718 Ἀ
3145 3665 3399 3728 θανάσιος
3431 3668 3568 3739 πρός
3628 3687 3752 3722 τινα

2086 3748 2353 3823 παρθένον
2411 3749 2791 3823 κρυπτόμενος
2858 3753 3062 3827 χρόνον
3120 3752 3295 3807 πολὺν
3365 3752 3596 3825 ἐξελθὼν
3658 3757 3750 3810 σὺν

2088 3837 2213 3895 οδον
2271 3840 2555 3916 ἐκρότησε,
2621 3840 2715 3896 καὶ
2772 3841 2838 3897 τὰ
2892 3842 3030 3897 κατά
3088 3842 3313 3898 Νίκαιαν
3362 3844 3615 3919 κυρώσας
3654 3843 3748 3900 δό-

2085 3930 2271 4006 γματα
2325 3930 2421 3993 τὰς
2478 3929 2810 4000 Ἐκκλησίας
2877 3927 3169 3989 ἀπέλαϐεν.
3240 3935 3305 3992 Οἱ
3355 3931 3414 3989 δὲ
3470 3937 3743 4009 Ἀρειανοὶ

2091 4021 2227 4093 μετά
2256 4026 2527 4095 Γεωργιον
2562 4020 2793 4074 Λούκιον
2845 4021 3305 4098 προεχειρίσαητο
3363 4024 3594 4091 ὲαυτόῖς,
3651 4024 3741 4080 καὶ

2085 4107 2138 4164 ἐν
2172 4108 2310 4181 οἴκῳ
2340 4112 2510 4179 κοινῷ
2557 4110 2877 4179 συνήθοντο.
2912 4111 2982 4167 Ol.
3040 4107 3098 4165 δὲ
3154 4110 3433 4183 ’Έλληνες
3490 4112 3744 4177 πολλοὺς

2085 4196 2447 4273 Χριστιανοὺς
2504 4197 2911 4273 ἀνεσταύρωσάν
2969 4220 3029 4254 τε
3080 4198 3169 4255 καὶ
3228 4202 3575 4280 κατέσφαξαν.
3641 4205 3738 4260 Καὶ

2083 4286 2187 4362 γὰρ
2222 4284 2274 4341 έν
2322 4285 2466 4361 Γάζῃ
2517 4284 2608 4341 καὶ
2657 4285 2964 4344 Ἀσκάλωνι
3029 4283 3428 4365 πρεσϐυτέρους
3480 4290 3573 4347 καί
3630 4292 3746 4348 ἀει-

2081 4374 2381 4447 παρθένους
2467 4376 2810 4450 ἀναιροῦντες
2894 4376 3222 4432 ἀνέπτυσσον
3304 4379 3372 4434 τά
3451 4380 3746 4456 σπλάγχνα

2081 4464 2258 4521 αὐτῶν
2298 4463 2389 4519 καὶ
2419 4471 2614 4538 κριθῆς
2642 4465 2991 4537 πληροῦντες
3046 4471 3160 4526 τοῖς
3192 4467 3413 4543 χοίροις
3465 4465 3746 4547 παρέϐαλ-

2083 4551 2205 4609 λον.
2232 4554 2321 4610 Ἐν
2352 4549 2409 4608 δὲ
2441 4553 2670 4628 Φοινίκῃ
2706 4553 2978 4629 Κύριλλον
3014 4552 3266 4610 διάκονον
3311 4557 3595 4623 ἀνελόντες
3645 4564 3744 4615 τοῦ

2084 4643 2289 4712 ἥπατος
2342 4641 2508 4697 αὐτοῦ
2586 4641 2975 4717 ἀπεγεύσαντο.
3061 4645 3122 4703 Ὀ
3208 4641 3265 4700 δὲ
3317 4645 3598 4721 ἀνατεμὼν
3654 4650 3747 4704 τὸν

2090 4730 2336 4788 διάκονον
2391 4733 2482 4787 καὶ
2520 4737 2619 4788 τοῦ
2648 4732 2859 4802 ἥπατος
2918 4733 3084 4789 αὐτοῦ
3141 4734 3584 4815 ἀπογευσάμενος
3643 4741 3742 4809 τήν

2091 4823 2185 4895 μὲν
2215 4820 2472 4899 γλῶσσαν
2502 4828 2760 4878 σαπεῖσαν
2817 4824 3137 4901 κατέρρευσε
3195 4826 3285 4880 καὶ
3337 4828 3465 4888 τοὺς
3524 4826 3746 4890 ὀδόντας

2087 4911 2254 4968 αὐτοῦ
2311 4907 2555 4967 ἀπέλαϐε
2622 4912 2750 4975 τοὺς
2806 4934 2866 4968 τε
2923 4913 3245 4991 ὀφθαλμοὺς
3336 4915 3594 4991 ἐπηρώθη
3654 4916 3744 4972 καὶ

2086 5005 2297 5077 πικρῶς
2349 5003 2781 5077 βασανιζόμενος
2847 5001 3215 5076 ἕντελεύτησε.
3253 5006 3350 5061 Καὶ
3413 5006 3460 5060 τί
3514 5002 3597 5061 δεῖ
3654 5004 3741 5060 λέ-

2084 5112 2198 5167 γειν
2257 5093 2325 5145 τά
2379 5092 2498 5154 καθ’
2552 5091 2784 5162 ἑκάστην
2843 5092 3005 5149 πόλιν
3065 5095 3158 5149 καὶ
3219 5096 3407 5170 χώραν
3470 5094 3606 5150 κατά
3649 5094 3740 5148 τὸν

2088 5183 2292 5258 χρόνον
2322 5182 2527 5238 ἐκεῖνον
2561 5183 2664 5238 ὑπὸ
2692 5184 2802 5237 τῶν
2849 5183 3134 5256 Ἐλλήνων
3199 5184 3459 5264 γινόμενά
3493 5205 3507 5255 ;
3550 5191 3741 5260 Ὑπερ·

2086 5267 2331 5327 ϐαίνουσι
2390 5271 2495 5347 γὰρ
2572 5273 2664 5327 καὶ
2722 5269 2888 5348 λόγον
2943 5274 3113 5329 πάντα
3168 5275 3257 5329 καὶ
3311 5277 3545 5354 γραφήν.
3606 5276 3746 5332 Τότε

2083 5360 2177 5416 καὶ
2209 5362 2239 5417 ὁ
2272 5362 2441 5440 μέγας
2475 5361 2764 5425 Βασίλειος
2816 5370 2916 5433 τῆς
2979 5361 3355 5422 Καππαδοκῶν
3410 5363 3747 5433 Ἐιικλησίας

1519 5473 1883 5531 XYLANDRI
1915 5478 2002 5533 ET
2036 5477 2257 5534 GOARI
2302 5479 2528 5536 ΝΟΤΕ.

391 5575 504 5647 (12)
535 5577 843 5665 Puerascit
866 5577 1186 5651 interpres,
1214 5578 1479 5650 puerulos
1504 5578 1659 5636 hanc
1714 5598 1918 5642 vocem
1974 5584 2198 5642 referre
2257 5585 2616 5659 suspicatus,
2674 5603 2806 5660 qua
2856 5594 3097 5645 tonsores
3155 5585 3505 5645 diminutive
3562 5587 3745 5665 signi-

320 5660 478 5722 ﬁcat.
509 5663 728 5724 Paulus
759 5664 1057 5728 Diaconus
1085 5666 1149 5725 in
1177 5665 1430 5727 Iuliano.
1462 5666 1639 5727 Goaa.

3240 5786 3279 5793 ..ν
3328 5781 3365 5800 σι
3414 5780 3670 5808 vada-.9.
3710 5784 3746 5798 ὀ
