4144 6410
314 330 436 397 581

1470 332 2023 402 HISTORIARUM
2065 334 2618 400 COMPENDIUM.

3624 348 3748 411 582

311 455 683 536 πρεσϐύτερος
720 463 813 531 ἦν,
870 462 962 516 καὶ
1013 457 1273 527 Λιϐάνιος
1307 464 1334 520 ὁ
1366 467 1629 545 σοφιστὴς
1685 463 1777 519 καὶ
1836 458 1966 536 Πρό-

2097 466 2341 535 aquari.
2388 466 2520 522 Fuit
2576 472 2700 523 tum
2750 467 3002 523 Basilius
3059 484 3309 542 magnus
3367 472 3751 545 Cappadocia:

311 551 452 615 κλος
484 551 572 607 καὶ
609 550 861 623 Μάξιμος
891 551 944 606 οἱ
976 549 1300 632 φιλόσοφοι.

394 733 477 804 [Ρ.
512 732 641 804 305]
697 734 791 803 Τῷ
848 728 1084 805 δευτέρῳ
1138 728 1246 788 ἔτει
1275 734 1305 789 ὁ
1354 728 1623 804 δυσσεϐἠς
1685 732 1978 795 Ἰουλιανὸς

314 818 631 894 ἐνομοθέτει
667 822 744 893 μή
786 821 1036 897 μετέχειν
1070 823 1431 898 Χριστιανοὺς
1490 822 1836 894 Ἑλληνικῶν
1872 844 1978 897 μα-

314 911 604 982 θημάτων.
646 909 1032 986 ’Λπολινάριος
1063 908 1122 967 δὲ
1174 915 1242 986 τῇ
1293 913 1409 983 θεία
1456 912 1641 991 Γραφῇ
1689 911 1794 987 ὅλῃ
1836 933 1979 992 χρη-

316 1000 581 1072 σάμενος,
612 998 833 1055 πάντων
888 1021 948 1055 τε
1003 1006 1251 1073 ποιητῶν
1304 1002 1435 1064 τοὺς
1495 1009 1848 1078 χαρακτῆρας
1882 1024 1976 1075 μι-

315 1090 620 1164 μούμενος,
683 1085 880 1164 ἔγραψε
932 1087 1282 1147 παιδεύεσθαι
1350 1094 1498 1167 παρᾶ
1552 1097 1661 1147 τῶν
1717 1095 1974 1166 Χριστια-

309 1183 445 1237 νῶν,
478 1179 540 1235 Ὀ
571 1175 632 1232 δὲ
665 1174 988 1252 παραϐάτης
1022 1180 1120 1242 τὰς
1172 1185 1282 1236 τῶν
1335 1182 1669 1257 Χριστιανῶν
1722 1180 1974 1244 εὐποιίας

311 1268 660 1343 μιμούμενος
690 1266 941 1323 ἐκέλευσε
969 1266 1140 1339 ξένοις
1170 1290 1229 1325 τε
1256 1269 1345 1326 καὶ
1404 1275 1657 1347 πτωχοῖς
1715 1272 1783 1327 τὰ
1836 1272 1973 1346 πρὸς

308 1361 420 1425 τὴν
448 1355 639 1432 χρείαν
676 1362 1058 1432 χορηγεῖσθαι,
1088 1358 1308 1415 ἀπατῶν
1365 1361 1494 1423 τοὺς
1543 1360 1970 1435 ἁπλουστέρους.

309 1449 455 1508 Ταῖς
486 1444 546 1501 δὲ
604 1446 809 1502 ετκόσιν
866 1446 1033 1502 αὐτοῦ
1091 1447 1188 1504 Δία
1244 1449 1333 1504 καὶ
1392 1455 1561 1525 ’Ἄρεα
1614 1452 1704 1506 καὶ
1761 1451 1972 1525 Ἑρμῆν

310 1537 722 1614 συγγράφεσθαι
754 1538 1048 1612 προσέταξε
1086 1538 1175 1594 καὶ
1219 1538 1347 1603 τοὺς
1405 1538 1641 1603 λοιποὺς
1687 1537 1972 1614 δαίμονας,

303 1626 444 1688 τοὺς
475 1624 533 1681 δὲ
561 1620 1049 1699 ἀναϐαλλομένους
1077 1628 1176 1697 τὴν
1214 1629 1421 1684 τούτων
1482 1629 1850 1704 προσκύνησιν
1895 1629 1971 1694 ὡς

303 1713 549 1789 ἐχθροὺς
582 1713 905 1789 βασιλικοὺς
961 1723 1342 1791 τιμωρεῖσθαι.
1377 1719 1468 1790 Τῷ
1501 1716 1559 1774 δὲ
1615 1723 1828 1794 στρατῷ
1872 1719 1973 1787 τὴν

303 1803 475 1879 ῥόγαν
534 1806 648 1879 (13)
710 1802 976 1880 διανέμων
1033 1810 1142 1882 πῦρ
1219 1805 1382 1862 ἐτίθει
1462 1808 1553 1862 γαὶ
1639 1803 1969 1881 λιϐανωτὸν,
2004 1825 2052 1892 Β

301 1893 403 1948 καὶ
435 1896 630 1965 θυμιᾷν
665 1893 794 1956 τοὺς
827 1896 1165 1971 στρατιώτας
1196 1896 1518 1974 ἠνάγκαζεν.

388 1984 478 2040 Ἐν
509 1982 802 2057 Καισαρείᾳ
833 1981 891 2039 δὲ
919 1991 1021 2054 τῆς
1079 1985 1387 2056 Φιλίππου,
1448 1990 1520 2061 τῇ
1570 1990 1664 2042 νῦν
1723 1984 1972 2060 Παναΐδι,

304 2074 349 2141 ἡ
415 2073 521 2128 ὑπὸ
576 2077 674 2128 τοῦ
731 2079 965 2149 Χριστοῦ
1052 2081 1440 2150 θεραπευθεῖσα
1524 2076 1827 2153 αἱμόρῥους
1881 2078 1973 2133 άν-

308 2159 548 2236 ὃριάναα
598 2163 796 2234 ἐστησε
850 2164 931 2235 τῷ
988 2163 1230 2239 Δεσπότῃ
1314 2169 1562 2240 Χριστῷ,
1618 2166 1705 2220 καὶ
1766 2167 1970 2243 βοτάνη

306 2249 507 2329 ἐφύετο
541 2251 646 2307 ὑπὸ
676 2254 780 2323 τὴν
836 2253 993 2329 βάσιν
1046 2258 1145 2309 τοῦ
1202 2251 1519 2331 ἀνδριάντος
1575 2257 1755 2326 πάσης
1811 2255 1972 2311 νόσου

308 2337 703 2416 ἀλεξητήριον.
734 2344 819 2414 Τῇ
851 2340 944 2397 οὖν
983 2343 1186 2418 βοτάνῃ
1229 2345 1502 2423 φθονήσας
1541 2346 1637 2400 τὸν
1683 2343 1974 2420 ἀνδριάντα

307 2429 539 2503 γατάγει
569 2431 597 2485 ὁ
630 2426 892 2500 δείλαιος,
922 2431 1014 2486 καὶ
1060 2432 1174 2487 ἀντ’
1204 2433 1370 2489 αὐτοῦ
1426 2433 1614 2504 ξόανον
1666 2433 1972 2492 Ἰουλιανοῦ

309 2515 523 2589 ἵστησι.
558 2518 662 2577 Καὶ
692 2519 784 2574 τὸν
831 2520 926 2593 μὲν
974 2524 1073 2575 τοῦ
1120 2528 1385 2597 Σωτῆρος
1434 2520 1725 2597 ἀνδριάντα
1755 2525 1807 2580 οἱ
1838 2530 1974 2601 Χρι-

307 2608 519 2663 στιανοέ
578 2603 838 2671 λαϐόντες
897 2611 973 2671 εἰς
1032 2607 1329 2682 ἐκκλησίαν
1380 2608 1584 2681 ἔθεντο,
1640 2614 1734 2668 τὸν
1776 2610 1835 2669 δὲ
1872 2620 1970 2670 τοῦ

305 2694 616 2753 Ἰουλιανοῦ
672 2701 782 2774 πῦρ
831 2697 1109 2755 -κατελθὸν
1170 2699 1231 2755 ἐκ
1283 2701 1382 2754 τοῦ
1458 2699 1690 2776 οὐρανοῦ
1755 2700 1968 2758 ἀνάλωο

316 2805 426 2844 σεν.

386 2874 473 2931 Ἐν
521 2873 580 2931 δὲ
633 2874 938 2934 Νικοπόλει
994 2884 1097 2948 τῆς
1156 2876 1531 2949 Παλαιστίτης
1582 2882 1652 2954 τῇ
1683 2880 1968 2954 Ἐμμαοῦς

2088 554 2366 610 Ecclesiaa
2397 556 2728 629 presbyter,
2759 564 2820 612 et
2848 557 3130 613 Libanius
3189 561 3470 632 sophista,
3504 565 3749 622 Proclus

2082 643 2490 716 Maximusque
2525 645 2861 717 philosophi
2908 647 3271 703 claruerunt.

2153 736 2323 788 Anno
2356 734 2618 789 secundo
2640 736 2908 792 Julianus
2944 737 3070 809 lege
3100 738 3240 794 data
3264 738 3452 795 edixit
3482 758 3556 796 ne
3587 742 3751 797 Chri-

2083 822 2260 878 stiani
2293 823 2512 879 Grmcis
2543 824 2880 897 disciplinis
2911 826 3389 884 instituerentur.
3438 831 3564 895 Quo
3598 837 3748 886 tem-

2080 927 2225 983 pore
2256 912 2659 984 Apollinarius
2688 914 2989 970 scribendi
3023 919 3337 974 materiam
3372 936 3746 977 sumeussao

2080 1016 2242 1055 cram
2274 1002 2635 1074 Scripturam
2660 1009 2837 1075 atque
2890 1021 3102 1062 omnes
3159 1012 3469 1077 poetarum
3521 1009 3745 1067 formas

2081 1091 2325 1160 imitans
2356 1108 2424 1147 ea
2450 1094 2786 1165 composuit
2845 1112 2977 1167 quas
3027 1096 3353 1153 Christiani
3413 1099 3743 1157 discerent.

2078 1182 2367 1236 Caaterum
2396 1182 2670 1238 Julianus
2720 1199 2870 1238 verm
2918 1184 3226 1257 religionis
3258 1188 3419 1243 584
3450 1188 3745 1260 desertor,

2078 1269 2551 1326 Christianorum
2591 1271 3054 1329 beneﬁcentiam
3113 1274 3380 1340 imitans,
3415 1279 3745 1350 peregrinis

2079 1365 2139 1415 et
2168 1360 2460 1416 mendicis
2509 1363 2850 1417 necessaria
2908 1364 3281 1436 suppeditari
3336 1368 3537 1434 jussit,
3600 1368 3747 1424 sim-

2078 1449 2357 1521 pliciores
2388 1450 3089 1525 decipiens.lmaginibus
3119 1455 3244 1509 suis
3266 1456 3744 1514 Jovem.Martem

2077 1544 2136 1593 et
2164 1539 2519 1595 Mercurium
2534 1540 2922 1612 reliquosque
2938 1541 3249 1598 daamones
3281 1544 3745 1626 appiugijussit,

2076 1627 2150 1683 de
2198 1628 2274 1683 iis
2331 1628 2433 1700 qui
2492 1628 2744 1685 adorare
2795 1646 2866 1686 ea
2925 1631 3325 1701 distulissent,
3383 1634 3746 1705 supplicium

2075 1718 2228 1772 sumi
2263 1723 2550 1788 tanquam
2593 1718 2869 1774 hostibus
2928 1720 3331 1792 imperatoris.
3364 1723 3745 1795 Congiarium

2083 1806 2369 1861 exercitui
2401 1806 2660 1878 largiens
2691 1808 2894 1879 ignem
2918 1809 3058 1880 poni
3093 1810 3480 1867 mandavitac
3510 1812 3746 1880 thus,ac

2085 1894 2325 1950 adolere
2350 1895 2571 1949 milites
2601 1896 2812 1969 coegit.

2156 1984 2436 2039 Caesareas
2488 1984 2767 2056 Philippi,
2828 2002 2960 2056 qua)
3018 2003 3181 2042 nunc
3237 1989 3455 2044 Panais
3505 1988 3742 2058 dicitur,

2084 2072 2302 2128 mulier
2332 2090 2510 2144 quam
2541 2074 2811 2130 Christus
2842 2076 3130 2147 profluvio
3177 2078 3486 2145 sanguinis
3521 2078 3743 2134 libera-

2085 2169 2264 2223 verat.
2298 2164 2549 2219 Domino
2570 2164 2805 2219 Christo
2833 2171 3092 2220 statuam
3125 2167 3541 2238 posueratsuh
3572 2170 3742 2239 cujus

2081 2251 2213 2308 basi
2244 2253 2429 2309 herba
2457 2254 2850 2309 enascebatur
2904 2272 3166 2326 praesens
3207 2258 3554 2327 quorumvis
3580 2274 3743 2314 mor-

2082 2341 2296 2397 borum
2330 2342 2682 2398 remedium.
2718 2343 2857 2414 Ejus
2889 2343 3089 2399 herbas
3139 2344 3362 2401 invidia
3417 2353 3616 2402 motus
3644 2348 3742 2402 Ju-

2083 2430 2281 2486 lianus
2312 2437 2568 2487 statuam
2599 2448 2729 2486 eam
2762 2432 3057 2503 deposuit,
3086 2449 3155 2489 ac
3181 2434 3402 2490 Juliani
3422 2435 3743 2509 imaginem

2083 2520 2377 2591 sculptam
2437 2520 2609 2575 istius
2666 2520 2798 2575 loco
2852 2522 3071 2592 posuit.
3116 2523 3435 2579 Christiani
3484 2531 3742 2580 statuam

2082 2609 2406 2664 Servatoris
2451 2609 2747 2665 sublatam
2783 2610 2845 2664 in
2876 2610 3099 2681 templo
3132 2611 3609 2669 collocaverunt:
3636 2615 3738 2671 Ju-

2079 2698 2226 2754 liani
2259 2698 2414 2771 ignis
2445 2698 2519 2754 de
2550 2699 2698 2755 cwlo
2729 2699 2949 2756 missus
2979 2702 3376 2771 consumpsit.

2150 2878 2418 2950 NicOpoli
2450 2878 2806 2940 Palaestinis.
2862 2896 2996 2951 quas
3057 2884 3116 2935 et
3169 2882 3448 2937 Emmaus
3496 2882 3734 2949 dicitur,

310 2967 468 3039 πηγή
500 2962 614 3020 ἐστι
640 2965 914 3021 παντοίων
946 2968 1136 3023 παθῶν
1168 2967 1467 3041 ἀνθρώπων
1507 2989 1566 3023 τε
1610 2967 1703 3024 καὶ
1750 2974 1966 3041 κτηνῶν

2080 2966 2212 3023 fons
2236 2973 2365 3024 erat
2393 2969 2590 3024 omnis
2619 2970 2855 3042 generis
2910 2969 3150 3025 morbos
3181 2971 3494 3027 hominum
3527 2972 3735 3028 bruto-

312 3052 475 3117 ἵασις·
518 3053 571 3110 ἐν
603 3054 742 3128 αὐτῇ
766 3055 868 3131 γάρ
907 3076 1039 3128 φασι
1086 3056 1178 3112 τὸν
1234 3057 1434 3131 Κ·3ριον
1482 3058 1572 3113 καὶ
1621 3059 1750 3114 Θεὸν
1802 3061 1963 3133 ἡμῶν

312 3143 445 3205 τοὺς
472 3141 639 3207 πόδας
670 3144 1040 3218 ἀπονίψασθαι
1089 3144 1138 3216 ἐξ
1199 3144 1539 3222 ὁδοιπορίας.
1582 3151 1671 3202 ’Ev
1721 3149 1965 3224 Ἕρμου-

314 3229 477 3287 πόλει
504 3239 600 3301 τῆς
628 3228 906 3304 Θηϐαίδος
974 3232 1196 3309 δένδρον
1238 3233 1456 3292 ’ίσταται
1505 3233 1722 3312 περσέαο
1765 3237 1967 3310 ταύτης

307 3320 823 3401 ᾳόλλονῆκάριρος
884 3323 929 3379 εἰ
992 3320 1161 3381 λάϐοι
1215 3346 1324 3397 τις,
1382 3326 1521 3401 πρὸς
1579 3333 1755 3383 πᾶσαν
1805 3329 1965 3384 νόσον

303 3410 449 3468 ἔστὶν
509 3414 755 3484 ὶάσιμοςο
821 3414 955 3491 ὅπερ
1041 3411 1284 3491 δένδρον,
1337 3416 1488 3495 φασὶ,
1547 3415 1734 3472 κλιθέν
1791 3438 1965 3493 προσ-

303 3502 477 3556 εκύνει
537 3506 620 3574 τῷ
676 3504 916 3576 Χριστῷ,
974 3504 1131 3574 ἡνίκα
1196 3506 1332 3577 πρὸς
1402 3504 1686 3580 Αἴγυπτον
1750 3502 1963 3587 ἔφευγε,

301 3590 396 3645 καὶ
429 3591 579 3646 σκιὰν
611 3589 758 3664 αὖτῷ
789 3591 1075 3662 πεποίηκε.
1141 3595 1244 3649 Καὶ
1282 3597 1353 3667 τῇ
1410 3594 1506 3666 μὲν
1557 3598 1710 3671 πηγῇ
1760 3598 1962 3676 φθονή-

299 3699 397 3741 σας
432 3679 737 3760 κατέχωσε,
767 3682 831 3736 τὸ
864 3678 921 3736 δὲ
954 3678 1170 3755 δένδρον
1228 3676 1442 3757 ἔκοψεν.
1496 3682 1670 3746 υῦτος
1704 3686 1732 3739 ὁ
1768 3686 1964 3761 μιαρὸς

290 3772 398 3840 τήν
431 3774 530 3825 τοῦ
564 3767 893 3844 Ηροδρόμου
930 3774 1107 3842 θήκην
1154 3770 1372 3844 ἀνοίξας
1426 3775 1557 3847 πυρὶ
1623 3774 1690 3830 τὰ
1736 3772 1967 3849 λείψανα

292 3856 658 3935 παραδέδωκε
685 3859 776 3915 καὶ
807 3862 907 3929 τήν
941 3861 1098 3916 κόνιν
1129 3857 1479 3935 διελίκμησε,

375 3949 519 4006 Φασὶ
552 3947 610 4005 δὲ
639 3951 725 4005 δτι
756 3949 809 4005 ἐν
840 3954 911 4025 τῇ
944 3950 1081 4006 κατᾶ
1111 3951 1211 4019 τήν
1246 3952 1571 4027 Καισάρειαν
1601 3958 1702 4021 τῆς
1757 3952 1964 4009 Φιλίπ-

298 4060 435 4105 που,
468 4038 520 4095 ἐν
548 4044 619 4114 τῇ
652 4040 870 4115 ἆρκτῴα
904 4040 1045 4103 οὲσει
1105 4046 1207 4108 τῆς
1266 4039 1569 4119 φάραγγος,
1622 4040 1775 4116 ῥίζαν
1820 4041 1962 4118 γίνε-

299 4130 425 4184 σθαι
457 4126 779 4204 φλογοειδῆ,
838 4126 906 4199 ἤν
966 4127 1197 4185 καλοῦσι
1248 4132 1580 4206 βατταρῖτιν,
1613 4129 1696 4210 ἐφ’
1722 4131 1790 4200 ἧς
1838 4131 1962 4205 περὶ

294 4219 406 4288 τὴν
440 4215 666 4289 ἑσπέραν
730 4217 1090 4292 ἐξαστράπτον
1151 4222 1267 4296 φῶς
1320 4217 1769 4293 άπροσπὲλαστον
1827 4220 1960 4275 εἶναι

296 4309 397 4362 καὶ
429 4307 723 4381 ἀπρόσιτον
779 4309 1174 4384 παρασκευάζει
1207 4305 1296 4364 διὰ
1351 4310 1414 4364 τὸ
1472 4314 1815 4386 παραχρῆμα
1866 4311 1959 4366 τὸν

289 4395 590 4473 ἐγγίζοντα
643 4397 1020 4468 ἀποθνήσκειν.
1109 4397 1387 4455 Κυκλὸθεν
1447 4399 1539 4453 οὗν
1593 4397 1763 4469 αὐτῆς
1813 4420 1961 4475 περι-

295 4488 585 4560 ορόξαντες
623 4487 755 4543 κύνα
814 4485 1106 4561 δεσμοῦσιν
1163 4486 1224 4543 ὲκ
1278 4492 1381 4557 τῆς
1437 4489 1593 4564 ῥίζης
1649 4489 1837 4561 αὐτῆς.
1897 4493 1960 4550 Ὁ

292 4574 449 4630 κύων
479 4571 537 4630 δὲ
592 4579 709 4636 τοῖς
765 4575 931 4630 αὐτοῦ
984 4571 1270 4639 δεσπόταις
1326 4574 1543 4642 ἔπεσθαι
1601 4577 1816 4651 ἱέμενος
1870 4578 1958 4635 ἐπὶ

296 4662 451 4720 πολὺ
484 4662 660 4738 σύρων
690 4663 900 4735 ἀνασπᾷ
928 4665 1033 4733 τὴν
1076 4665 1254 4735 ῥίζαν.
1313 4666 1417 4722 Καὶ
1469 4666 1632 4731 αὐτὸς
1687 4668 1782 4740 μὶν
1835 4669 1962 4738 θνή-

299 4774 423 4808 σκει
448 4753 715 4828 παραυτά,
756 4755 858 4822 τήν
890 4754 1040 4829 ῥίζαν
1071 4751 1128 4810 δὶ
1158 4755 1546 4827 περιάπτοντες
1588 4758 1714 4820 τοὺς
1761 4754 1960 4831 δαιμο-

291 4842 624 4915 νιζομένους
654 4843 1031 4917 θεραπεύουσι.
1065 4845 1161 4901 Καὶ
1194 4841 1247 4898 ἐν
1272 4847 1341 4917 τῇ
1402 4843 1672 4918 Γαλιλαίᾳ
1722 4842 1781 4901 δὲ
1829 4868 1958 4924 φασι

294 4931 468 4988 πόλιν
526 4932 662 4988 εἶναι
721 4931 992 5005 πάραλον
1076 4934 1282 4999 ταύτης
1375 4933 1482 4989 ἀπὸ
1567 4934 1802 4991 σταδίων
1860 4933 1957 4992 δύο

294 5019 512 5097 διαρῥεῖ
538 5022 808 5095 ποταμός.
842 5021 1015 5083 Οὗτος
1044 5017 1163 5098 ἔχει
1192 5023 1361 5077 τόπον
1390 5022 1445 5076 ἐν
1474 5022 1622 5097 αὐτῷ
1673 5024 1957 5095 νησοειδῆ,

291 5110 429 5167 ὡσεὶ
462 5115 667 5185 πηχῶν
722 5111 913 5167 ἒγατὸν
972 5115 1060 5187 [Ρ.
1121 5113 1246 5186 306]
1304 5113 1369 5167 τὸ
1422 5112 1770 5187 περίμετρον,
1828 5114 1892 5168 οὗ
1920 5116 1957 5184 ἡ

287 5199 434 5272 ἆργή
465 5199 696 5274 ψάμμος
727 5198 818 5255 διά
845 5204 952 5255 τῶν
1002 5199 1219 5274 ἀνέμων
1278 5199 1618 5278 ἐκφερομένη
1671 5200 1751 5266 εἷς
1797 5200 1956 5258 ὕελον

294 5288 458 5352 εὐθὺς
490 5295 891 5362 μεταποιεῖται·
937 5290 1028 5345 καὶ
1087 5290 1291 5361 ταύτης
1340 5290 1749 5368 ἀφαιρουμένης
1791 5289 1973 5347 πάλιν

294 5378 452 5441 αὖθις
482 5377 918 5454 ἀναπληροῦται.

2077 3072 2330 3128 rumque
2362 3074 2584 3113 sanans
2617 3074 2630 3112 :
2665 3074 2734 3113 eo
2770 3058 2929 3113 enim
2982 3059 3144 3114 fonte
3195 3059 3401 3115 ferunt
3436 3061 3733 3118 Christum

2071 3162 2142 3201 ex
2171 3146 2384 3203 itinere
2416 3147 2599 3219 pedes
2630 3146 2914 3203 abluisse.
2951 3150 3458 3220 Hermopoli,quaa
3482 3155 3571 3205 est
3592 3151 3734 3208 urbs

2070 3235 2410 3303 Thebaidis,
2444 3237 2683 3292 Persica
2731 3236 2912 3292 arbor
2970 3238 3102 3307 fuit,
3163 3241 3334 3309 cujus
3391 3239 3599 3293 folium
3632 3245 3733 3293 aut

2070 3330 2270 3380 cortex
2302 3325 2488 3381 cuivis
2517 3326 2726 3381 morbo
2758 3326 3135 3382 mederetur:
3165 3344 3294 3382 eam
3326 3327 3527 3382 ferunt
3553 3327 3725 3381 arbo-

2070 3430 2195 3469 rem
2226 3430 2357 3470 sese
2383 3415 2708 3471 inclinasse
2738 3422 2799 3471 et
2827 3416 3126 3471 Christum
3165 3416 3445 3472 adorasse
3475 3416 3538 3471 in
3559 3418 3724 3488 Egy-

2068 3508 2236 3574 ptum
2256 3502 2601 3577 fugientem.
2638 3505 2812 3576 eique
2848 3505 3123 3560 umbram
3176 3505 3521 3576 prmbuisse.
3580 3507 3727 3560 Eum

2068 3591 2293 3647 fontem
2326 3594 2547 3648 invidia
2584 3593 2931 3649 stimulante
2961 3595 3233 3650 Julianus
3286 3594 3515 3667 ingesta
3544 3602 3736 3650 mate-

2068 3681 2157 3741 ria
2213 3681 2527 3751 obstruxit,
2586 3683 2982 3754 arboremque
3038 3683 3204 3739 illam
3263 3684 3498 3739 excidit.
3572 3685 3726 3742 535

2070 3769 2236 3825 Idem
2266 3776 2474 3842 aperto
2507 3773 2900 3827 Prmcursoris
2940 3773 3158 3827 Christi
3191 3774 3561 3829 monimento
3591 3775 3735 3830 reli-

2068 3861 2240 3930 quias
2270 3864 2401 3932 ejus
2422 3862 2711 3916 cremavit
2734 3863 3088 3933 cineresque
3113 3863 3440 3935 dissipavit.

2136 3949 2325 4005 Aiunt
2355 3951 2416 4004 in
2448 3950 2618 4005 vallis
2645 3967 2778 4022 quas
2825 3950 2902 4006 ad
2958 3956 3294 4007 Caesaream
3351 3952 3611 4024 Philippi
3645 3959 3738 4009 est

2068 4038 2524 4110 septentrionali
2548 4046 2715 4110 parte
2747 4038 3085 4094 ﬂammeam
3114 4041 3438 4110 quamdam
3471 4043 3733 4098 radicem

2064 4129 2251 4196 nasci,
2285 4128 2697 4183 Battaritidem
2760 4129 3023 4192 nomine,
3056 4145 3091 4183 a
3138 4147 3255 4200 qua
3285 4130 3394 4185 sub
3424 4147 3732 4203 vesperam

2067 4219 2361 4291 eﬂ'ulgens
2390 4217 2598 4273 lumen
2633 4217 2999 4273 inaccessam
3061 4233 3193 4273 eam
3226 4219 3440 4275 reddat
3471 4236 3484 4276 :
3518 4221 3731 4290 quodsi

2069 4308 2213 4380 quid
2244 4306 2508 4369 accedat,
2540 4306 2598 4360 id
2640 4306 2841 4361 statim
2898 4307 3210 4363 moriatur.
3259 4309 3428 4364 Circa
3469 4325 3603 4364 eam
3632 4327 3729 4366 ra-

2071 4396 2261 4459 dicem
2296 4394 2355 4448 in
2388 4393 2591 4449 orbem
2627 4399 2845 4448 terram
2877 4394 3186 4459 effodiunt,
3212 4412 3281 4451 ac
3313 4396 3497 4452 radici
3516 4414 3727 4454 canem

2070 4485 2337 4553 alligant,
2373 4483 2474 4554 qui
2508 4483 2649 4538 dum
2684 4482 2959 4538 dominos
2991 4500 3133 4540 suos
3177 4486 3348 4557 sequi
3378 4488 3561 4559 cupit.
3595 4504 3729 4543 eam

2069 4574 2273 4630 evellit
2302 4578 2482 4643 atque
2514 4572 2640 4643 ipse
2697 4572 2857 4628 illico
2899 4573 3170 4628 moritur.
3201 4575 3494 4631 Caeterum
3525 4593 3596 4632 ea
3627 4594 3726 4632 ra-

2069 4663 2198 4719 dice
2229 4678 2495 4734 appensa
2542 4678 2642 4717 eos
2674 4669 2889 4718 sanant
2917 4663 3019 4734 qui
3052 4680 3086 4719 a
3116 4663 3490 4722 dmmonibus
3520 4683 3731 4723 vexan-

2070 4760 2183 4809 tur.
2218 4754 2284 4807 ln
2315 4751 2553 4807 Galilma
2582 4751 2760 4807 etiam
2782 4752 2985 4807 ferunt
3012 4753 3219 4808 urbem
3256 4755 3575 4826 quamdam
3599 4774 3729 4814 esse

2069 4841 2454 4904 maritimam,
2493 4856 2528 4895 a
2553 4857 2672 4911 qua
2699 4840 2908 4896 stadiis
2936 4840 3171 4899 duobus
3203 4844 3571 4915 praeterﬂuat
3598 4863 3722 4902 am-

2069 4936 2182 4992 nis.
2218 4934 2282 4988 in
2312 4948 2431 5003 quo
2477 4932 2556 4986 sit
2579 4931 2777 4988 insula
2808 4934 3081 5004 quasdam
3131 4936 3361 4992 ambitu
3391 4938 3728 4995 cubitorum

2067 5022 2307 5079 circiter
2335 5024 2600 5076 centum.
2634 5021 2806 5091 cujus
2864 5022 3002 5079 alba
3048 5040 3234 5080 arena
3290 5026 3480 5081 ventis
3527 5034 3731 5097 egesta

2069 5112 2269 5169 statim
2303 5110 2366 5165 in
2408 5110 2623 5164 vitrum
2683 5116 2970 5171 mutetur.
3030 5119 3210 5184 atque
3256 5130 3439 5170 arena
3494 5114 3730 5172 sublata

2067 5199 2235 5260 locus
2265 5199 2581 5257 confestim
2610 5199 2729 5257 alia
2759 5201 3091 5273 expleatur.

1511 5480 1876 5539 XYDANDRI
1906 5483 1994 5538 ET
2024 5479 2242 5538 GOARI
2288 5478 2514 5536 NOTIE.

365 5608 413 5677 (l
425 5606 480 5681 3)
509 5608 804 5681 Stipendia
836 5608 1150 5681 militum,”
1178 5607 1268 5664 vel
1333 5608 1765 5681 imperatorum
1794 5609 1962 5681 Ariona

290 5678 585 5742 Kalendis
598 5678 924 5751 Ianuariis,
943 5678 1248 5742 natalibus
1263 5678 1633 5761 principium
1648 5679 1960 5742 eturbium

2067 5606 2388 5678 regiarum,
2419 5611 2488 5678 ut
2515 5605 2613 5661 hic
2635 5610 2838 5678 narrat
2868 5605 3086 5678 Paulus
3130 5607 3446 5678 Diaconus,
3497 5609 3726 5670 eisdem

2064 5676 2352 5738 exhibita.
2383 5676 2474 5739 Ab
2493 5677 2776 5749 eroganda
2795 5692 2905 5736 vox
2923 5677 3198 5737 deducta.
3231 5678 3410 5741 Goaa.
