4144 6414
351 334 475 400 583

1715 310 2040 376 GEORGII
2083 310 2434 375 CEDRENI

3653 311 3776 373 584

425 471 660 530 Juliano
690 462 1125 523 Chalcedonem
1158 453 1490 514 transeunti
1527 458 1705 525 atque
1763 452 1825 506 in
1872 450 2013 506 fano

2200 449 2573 528 Διερχόμενον
2627 448 2685 506 δὲ
2742 451 2835 508 τὸν
2895 449 3198 509 Ἰουλιανὸν
3252 449 3355 519 τὴν
3420 441 3778 512 Χαλκηδόνος

355 565 630 621 Fortuna:
672 553 1029 613 sacriﬁcanti
1062 549 1236 605 Maris
1268 546 1398 618 ejus
1430 544 1541 599 loci
1576 543 1889 625 episcopus
1948 538 2012 593 in

347 653 566 708 faciem
595 646 860 703 convicia
890 639 1186 714 permulta
1216 635 1375 703 fecit,
1407 634 1781 689 desertorem
1804 627 2012 700 appel-

347 743 482 798 lans
500 745 559 794 et
589 736 805 794 furiam
837 739 895 787 et
922 729 1125 803 gloriae
1159 725 1259 781 Dei
1290 719 1697 779 alienum.Sed
1718 717 2011 784 Julianus,

352 837 422 890 ut
452 829 551 899 qui
582 822 1001 900 philosophum
1034 834 1154 889 prie
1186 831 1248 869 se
1276 814 1478 877 ferret,
1540 827 1661 866 uno
1719 809 1831 863 hoc
1853 806 2013 862 dicto

354 921 561 977 Marim
591 916 754 972 ultus
780 918 890 979 est,
922 909 1054 974 Abi,
1118 905 1401 976 inquiens
1460 902 1664 957 miser.
1729 903 2014 967 tuamque

359 1010 603 1082 deplore
635 1004 960 1061 caecitatem
993 998 1087 1053 cui
1120 998 1444 1052 Nazarwus.
1469 1007 1647 1064 quem
1684 994 1751 1043 tu
1778 987 2012 1051 adoras,

359 1076 530 1171 opem
564 1111 685 1150 non
719 1091 872 1147 tulit.
907 1091 1048 1145 Nam
1081 1085 1255 1140 Maris
1290 1081 1680 1138 suffusionem
1703 1076 2014 1133 oculorum

355 1164 672 1261 perpessus
754 1185 902 1237 erat.
960 1179 1135 1247 Isque
1189 1173 1344 1231 586
1399 1166 1726 1241 respondit.
1787 1164 2015 1222 Gratias

354 1259 461 1349 ago
496 1273 746 1330 Domino
778 1284 911 1324 meo
942 1264 1194 1331 Christo,
1228 1261 1328 1332 qui
1362 1259 1511 1315 mihi
1542 1260 1655 1313 hoc
1684 1261 1855 1328 pacto
1886 1269 2016 1324 pro-

353 1342 548 1438 spexit
586 1377 661 1417 ne
709 1353 1299 1429 impudentissimam
1331 1356 1500 1404 tuum
1531 1354 1708 1417 atque
1741 1342 2019 1416 impiissi-

352 1470 519 1513 mum
548 1451 781 1506 videam
801 1446 1051 1501 vultum.

428 1631 597 1687 Idem
655 1627 927 1684 Julianus
976 1621 1194 1680 Graecis
1253 1615 1678 1684 instigantibus
1735 1626 2019 1681 magnum

361 1718 753 1777 Athanasium
793 1711 1045 1767 ecclesia
1074 1706 1322 1779 expulit.
1357 1704 1465 1769 Qui
1495 1703 1704 1758 abiens
1732 1699 2018 1754 Christia-

2118 537 2302 607 πόλιν,
2337 541 2512 614 Μάρις
2544 543 2571 595 6
2597 543 2799 612 ταύτης
2828 541 3124 604 ἐπίσκοπος
3182 538 3398 600 πολλὰς
3457 533 3642 611 ὕϐρεις
3699 537 3780 605 τῷ

2120 626 2409 701 Ἰουλιανῷ
2438 629 2514 692 εἷς
2538 631 2629 686 τὸν
2659 639 2757 701 τῆς
2787 633 2983 708 Τύχης
3014 632 3139 686 ναὸν
3195 633 3378 686 θύοντι
3409 628 3549 683 κατά
3578 624 3775 687 πρώσ-

2120 735 2269 771 ωπον
2310 715 2577 795 ἐπήγαγε,
2617 717 2938 794 παραϐάτην
3005 719 3302 776 ἀποκαλῶν
3357 717 3450 772 καὶ
3502 715 3778 789 ἀλάστορα

2119 805 2208 860 καὶ
2238 813 2339 875 τῆς
2366 813 2464 862 τοῦ
2495 814 2631 864 Θεοῦ
2660 807 2826 881 δόξης
2858 809 3172 886 ἀλλότριον.
3203 810 3266 865 't)
3318 805 3377 862 δὶ
3415 802 3507 861 ἅτε
3536 802 3776 882 φιλόσο-

2121 915 2221 971 φον
2253 900 2729 973 προσποιούμενος
2787 900 2866 956 ἐνὶ
2931 903 3023 957 τὸν
3087 903 3265 973 Μάριν
3312 894 3555 952 ὠνείδισε
3603 895 3777 971 λόγῳ,

2120 984 2374 1049 Ἀπελθε.
2409 985 2606 1064 λὲγων,
2638 988 2981 1066 ταλαίπωρε,
3012 990 3103 1045 καὶ
3169 989 3468 1063 ἀποθρήνει
3517 988 3616 1055 τὴν
3651 1005 3778 1039 σαυ⁶

2119 1079 2217 1129 τοῦ
2245 1074 2549 1150 τύφλωσινσ
2583 1076 2710 1135 οὐδὲ
2734 1082 2839 1157 γὰρ
2870 1081 2900 1135 6
2934 1082 3276 1155 Ναζωραῖος,
3318 1076 3375 1132 ὅν
3437 1074 3500 1131 σὺ
3539 1094 3782 1149 προσκυ-

2120 1169 2253 1233 νεῖς,
2283 1164 2382 1221 τοῦ
2412 1167 2617 1232 πάθους
2651 1168 2861 1229 ἰάσατο.
2919 1171 3021 1226 Ἦν
3070 1169 3169 1243 γὰρ
3211 1169 3239 1223 ὁ
3293 1167 3472 1240 Μάρις
3524 1164 3780 1244 ἐπίχυσιν

2121 1258 2425 1318 πεπονθώς.
2457 1259 2521 1315 Ὁ
2553 1255 2610 1313 δέ
2625 1280 2761 1337 φησι
2781 1260 2918 1333 πρὸς
2944 1260 3038 1315 τὸν
3070 1254 3416 1334 ΙΙαραϐάτην·
3458 1254 3781 1329 Εύκαριστῶ

2120 1348 2200 1414 τῷ
2248 1345 2490 1423 Δεσπότῃ
2537 1369 2643 1422 μου
2695 1351 2920 1424 Χριστῷ
2977 1350 3137 1404 τοῦτό
3198 1369 3294 1420 μοι
3330 1344 3781 1422 προνοησπμένφ,

2118 1429 2208 1489 ’ἱνα
2237 1436 2314 1507 μή
2343 1437 2407 1492 τὸ
2438 1435 2811 1494 ἀναιδέστατον
2866 1440 2957 1495 καὶ
3015 1433 3368 1494 ἀσεϐὲστατόν
3430 1456 3527 1490 σου
3584 1435 3783 1489 θεάσω.

2127 1546 2224 1597 μαι
2251 1526 2547 1601 πρόσωπον
2559 1574 2570 1585 .

2196 1616 2365 1681 Οὗτος
2393 1618 2486 1673 τὸν
2524 1617 2690 1695 μέγαν
2723 1620 3045 1681 Ἀθανάσιον
3078 1626 3177 1689 τῆς
3235 1614 3571 1685 ἘκκΛησίας
3630 1610 3784 1684 ἐξελ-

2126 1707 2235 1760 θεῖν
2286 1703 2558 1775 ἐκέλευσε,
2598 1713 2706 1763 τῶν
2765 1706 3055 1778 Ἑλλήνων
3120 1707 3280 1763 αύτὸν
3333 1702 3780 1780 παροξυνάντων.

361 1826 472 1867 nos
505 1822 685 1878 super
714 1804 842 1875 ipso
874 1802 1088 1857 ﬂentes
1116 1798 1272 1853 bono
1303 1811 1432 1850 esse
1464 1793 1663 1849 animo
1676 1790 1861 1863 jussit
1885 1804 2016 1843 :nu-

2128 1792 2190 1850 Ὀ
2223 1790 2280 1848 δὲ
2312 1793 2672 1871 ἐξερχόμενος
2703 1797 2920 1871 θαρῥεῖν
2953 1797 3071 1852 εἶπε
3113 1798 3453 1870 Χριστιανοῖς
3503 1796 3620 1853 τοῖς
3650 1790 3784 1864 ὑπὲρ

359 1897 635 1955 beculam
659 1894 818 1949 enim
850 1891 1005 1946 hanc
1019 1887 1181 1944 brevi
1211 1885 1619 1942 transituram.

429 2078 660 2149 Degens
694 2071 1019 2128 Antiochiae
1048 2067 1316 2124 Julianus
1340 2080 1409 2120 ac
1443 2062 1651 2119 crebro
1683 2061 1747 2116 in
1772 2058 2017 2130 Daphna

359 2146 1197 2232 obambulans,Apollinisque
1218 2154 1605 2210 simulacrum
1627 2146 2017 2219 colens.quod

363 2255 447 2310 ibi
479 2264 780 2323 erat,opus
812 2247 1082 2321 Bryxidis
1115 2243 1385 2300 statuarii
1413 2235 2018 2307 admirandum.quod

361 2342 652 2400 imitando
685 2354 920 2411 mquare
948 2352 1125 2391 nemo
1176 2336 1471 2405 potuerat,
1513 2328 1818 2385 oraculum
1844 2325 1917 2381 ab
1948 2341 2016 2381 eo

364 2431 666 2506 poscebat.
696 2431 841 2485 Cum
872 2443 1008 2481 vero
1041 2423 1190 2480 nihil
1216 2418 1698 2492 responderetur,
1732 2414 2018 2486 reliquias

364 2522 552 2579 sancti
585 2518 864 2590 martyris
895 2514 1149 2587 Babylaa.
1182 2528 1314 2583 quae
1345 2510 1409 2564 in
1440 2510 1686 2580 Daplma
1725 2510 1896 2561 erant
1925 2519 2017 2558 re-

362 2610 592 2682 positas.
627 2607 688 2661 in
746 2620 925 2660 causa
963 2618 1092 2657 esse
1148 2605 1314 2654 ratus
1368 2594 1678 2652 transferri
1731 2609 1831 2648 eas
1879 2590 2018 2645 inde

355 2680 698 2771 jussit.Quo
720 2691 1114 2761 facto,eadem
1145 2694 1317 2745 nocte
1351 2687 1503 2756 ignis
1534 2683 1846 2741 confertim
1870 2680 2018 2736 coelo

362 2787 596 2843 delatus
628 2784 819 2840 aedem
862 2781 1368 2849 simulacrumque
1416 2773 1763 2838 combussit,
1821 2772 1905 2826 ita
1955 2775 2021 2825 ut

362 2894 438 2934 ne
467 2876 778 2945 vestigium
812 2872 1056 2943 quidem
1106 2870 1235 2940 ejus
1290 2871 1645 2938 superesset.
1680 2865 1761 2920 Ea
1815 2881 1879 2920 re
1911 2865 2019 2920 im-

362 2966 496 3038 pius
527 2964 630 3019 ille
664 2961 994 3034 perculsus,
1027 2957 1379 3027 insidiisque
1427 2953 1900 3010 Christianorum
1931 2954 2018 3009 fa-

358 3060 519 3111 ctum
550 3057 790 3125 putans,
822 3047 1160 3106 sacerdotes
1187 3045 1359 3100 torsit
1382 3043 1679 3114 variisque
1710 3042 2020 3114 suppliciis

353 3142 571 3209 affecit,
605 3142 688 3196 ita
717 3145 783 3195 ut
813 3138 991 3194 etiam
1023 3137 1249 3206 aliquot
1279 3133 1351 3189 de
1391 3132 1464 3188 iis
1493 3132 2015 3189 morerenturJioc

355 3237 555 3288 autem
586 3227 1000 3287 tantummodo
1042 3242 1113 3280 ex
1145 3225 1218 3279 iis
1256 3222 1462 3279 retulit
1490 3222 1784 3293 responsi,
1817 3236 2013 3292 neque

354 3321 828 3377 Christianorum
903 3330 1101 3387 neque
1173 3313 1357 3369 ullius
1414 3311 1658 3367 omnino
1753 3310 2015 3366 hominis

356 3408 670 3481 opera.sed
702 3409 837 3480 igne
867 3405 1100 3461 caelitus
1130 3402 1326 3458 delato
1357 3399 1545 3455 aedem
1576 3398 2015 3470 atquesimnla-

357 3515 525 3555 crum
556 3497 975 3568 conflagrasse.
1004 3495 1328 3563 Propterea
1356 3489 1543 3544 iratus
1577 3504 1852 3559 magnam
1895 3492 2015 3543 An-

358 3585 595 3642 tiochia)
627 3585 818 3640 aedem
847 3581 1096 3638 reclusit
1149 3579 1471 3649 omniaque
1528 3576 1748 3648 templa
1778 3577 2014 3647 deprae-

358 3674 532 3730 datus
563 3679 672 3728 est.
705 3671 865 3726 Missi
900 3675 1097 3726 autem
1142 3669 1291 3726 587
1347 3666 1462 3722 duo
1495 3665 1743 3721 comites
1770 3666 1926 3720 Felix
1959 3668 2020 3722 et

356 3762 626 3819 Julianus
658 3758 982 3817 avunculus
1014 3754 1410 3828 imperatoris,
1469 3770 1603 3809 cum
1657 3753 1926 3810 dicerent
1954 3772 2016 3810 se

360 3852 659 3925 putavisse
690 3848 1011 3921 quamdam
1052 3846 1397 3902 facultatem
1442 3861 1643 3900 rerum
1699 3844 2017 3916 inspectri-

357 3958 484 3997 cem
538 3957 690 4001 esse.
742 3956 878 4010 quae
931 3937 1094 4009 ipsos
1150 3933 1581 4007 impedivisset,
1642 3932 2015 3990 subsannavi

358 4047 459 4087 eos
488 4030 784 4087 Julianus.

429 4209 730 4266 Artemius
759 4223 937 4280 porro
969 4204 1085 4261 dux
1120 4202 1513 4268 Alexandriae,
1562 4202 1663 4272 qui
1696 4201 2016 4273 imperium

362 4299 710 4356 Constantio
741 4302 983 4370 gerente
998 4310 1208 4366 magno
1222 4292 1433 4347 ardore
1450 4290 1708 4346 cultores
1729 4290 2016 4346 falsorum

359 4390 677 4446 numinum
737 4389 1197 4460 oppugnaverat,
1255 4387 1391 4455 post
1445 4380 1664 4435 multos
1720 4381 2017 4436 cruciatus

358 4483 603 4552 prepter
635 4476 815 4533 ﬁdem
846 4474 1243 4531 Christianam
1297 4470 1488 4541 capite
1545 4474 1854 4524 truncatus
1906 4474 2015 4537 est,

2129 1883 2295 1938 αὐεοῦ
2326 1881 2644 1958 δακρύουσι·
2685 1891 2961 1960 Θαρσεῖτε,
3002 1886 3160 1966 φησὶ,
3191 1884 3325 1948 λαὸς
3371 1887 3469 1939 τοῦ
3524 1884 3784 1956 Χριστοῦ’

2124 1970 2407 2050 νεφύδριόν
2441 1973 2573 2043 ἐστι,
2604 1976 2694 2029 καὶ
2725 1975 3083 2051 παρέρχεται.

2196 2065 2404 2138 Διάγων
2438 2061 2497 2119 δέ
2526 2063 2830 2127 Ἰουλιανὸς
2887 2065 2940 2120 ἐν
3000 2065 3333 2140 Ἀντιοχείᾳ,
3393 2062 3483 2118 καὶ
3541 2063 3785 2137 συνεχῶς

2125 2149 2178 2207 ἐν
2210 2152 2390 2227 Δάφνῃ
2446 2152 2614 2209 ἀνιὼν
2669 2155 2758 2209 καὶ
2816 2155 2879 2210 τὸ
2925 2159 3025 2209 τοῦ
3083 2151 3444 2215 Ἀπόλλωνος
3474 2149 3785 2226 θεραπεύων

2125 2238 2359 2297 ε”δωλον
2422 2242 2508 2314 (ἦν
2560 2243 2662 2318 γὰρ
2720 2243 2892 2299 ἐκεῖσε
2951 2245 3258 2310 θαυμαστὸν
3316 2238 3470 2318 ἔργον
3523 2236 3787 2317 Βρύξιδος

2125 2327 2601 2404 ἀγαλματοποιοῦ,
2631 2331 2660 2385 '6
2695 2332 2860 2403 μήτις
2879 2328 3050 2392 ἄλλος
3074 2328 3297 2405 ἴσχυσεν
3320 2327 3781 2403 ἐκμιμήσασθαι),

2125 2419 2254 2491 παρ’
2311 2417 2475 2473 αὐτοῦ
2522 2419 2778 2492 χρησμὸν
2837 2418 3042 2490 ἐζήτει,
3082 2418 3212 2474 ἀλλ’
3271 2415 3530 2493 οὐδεμιᾶς
3560 2417 3786 2493 ἀποκρί-

2126 2528 2262 2572 σεως
2292 2502 2474 2587 ἔτυχε.
2507 2508 2752 2581 Νομίσας
2784 2506 2842 2565 δέ
2872 2508 2959 2565 ὃτι
2989 2509 3079 2564 ὸιά
3107 2508 3173 2564 τά
3215 2509 3269 2564 ἐν
3323 2511 3393 2583 τῇ
3427 2507 3607 2588 Δάφνῃ
3643 2509 3787 2563 ἀπο-

2125 2596 2349 2668 κείμενα
2379 2595 2612 2671 λείψανα
2640 2602 2736 2653 τοῦ
2788 2597 2948 2673 ἁγίου
2981 2599 3380 2673 ἰερομάρτυρος
3423 2600 3533 2671 (14)
3570 2592 3790 2653 Βαϐύλα

2126 2687 2444 2760 ἀποσιωπᾷ,
2475 2688 2752 2745 ἐκέλευσεν
2819 2690 3030 2745 ἅπαντα
3089 2690 3465 2762 μετατεθῆναι.
3497 2686 3577 2746 Οὗ
3635 2708 3789 2763 γενο-

2132 2777 2294 2852 μένου
2327 2778 2537 2849 ἀθρόως
2593 2782 2702 2853 πῦρ
2752 2777 2812 2833 ἐκ
2865 2784 2964 2833 τοῦ
3024 2779 3258 2854 ούρανοῦ
3315 2776 3579 2842 κατελθὸν
3610 2776 3787 2853 ἐκείνῃ

2125 2871 2194 2941 τῇ
2219 2866 2372 2922 νυκτὶ
2408 2869 2504 2922 τόν
2534 2888 2592 2923 τε
2618 2867 2745 2922 ναὸν
2776 2867 3072 2945 κατέφλεξε
3098 2868 3191 2923 καὶ
3239 2867 3305 2923 τὸ
3361 2871 3462 2923 τοῦ
3494 2864 3788 2924 Ἀπόλλω-

2124 2976 2217 3019 νος
2279 2953 2522 3032 ἄγαλμα,
2605 2955 2747 3013 ὥστε
2810 2955 2953 3029 μηδὲ
3041 2956 3196 3033 ἴχνος
3281 2957 3452 3012 αὐτοῦ
3526 2963 3783 3034 φανῆναι.

2123 3044 2449 3121 Ἐκπλαγεῖς
2513 3043 2604 3099 οὖν
2664 3043 2750 3101 ἐπὶ
2810 3046 2990 3118 τούτῳ
3057 3047 3085 3101 6
3146 3046 3366 3121 μιαρὸς,
3423 3050 3512 3100 καί
3550 3044 3786 3118 νομίσας

2123 3135 2242 3189 κατ’
2297 3128 2599 3202 ἐπιϐουλὴν
2660 3138 3003 3210 Χριστιανῶν
3062 3133 3332 3211 γενέσθαι,
3407 3132 3493 3190 ἐπ’
3546 3132 3783 3205 ἐξέτασιν

2121 3226 2233 3278 τῶν
2290 3221 2478 3297 ἱερέων
2531 3221 2754 3299 ἐχώρει.
2812 3224 2918 3279 Καὶ
2997 3223 3266 3285 παντοίως
3320 3223 3785 3297 τιμωρησάμενος

2119 3309 2261 3367 ὥστε
2288 3311 2380 3366 καί
2407 3331 2559 3373 τινας
2590 3311 2769 3366 αὐτῶν
2803 3312 3109 3381 ἀποθανεῖν,
3141 3317 3308 3367 τοῦτο
3372 3313 3532 3385 μόνον
3586 3313 3786 3381 ἢκουσε

2119 3403 2247 3476 παρ’
2278 3400 2479 3471 αὐτῶν,
2512 3401 2597 3456 ὅτι
2629 3398 2755 3457 οὔτε
2806 3404 2910 3457 ὑπὸ
2944 3403 3286 3478 Χριστιανῶν
3318 3400 3436 3457 οὔθ’
3466 3402 3570 3458 ὑπὸ
3600 3399 3783 3470 ἄλλης

2121 3489 2467 3565 ἀνθρωπίνης
2529 3485 2854 3561 ἐπιϐουλῆς,
2932 3491 3061 3546 ἀλλ’
3121 3490 3181 3547 ἐκ
3232 3496 3331 3546 τοῦ
3388 3490 3619 3566 οὐρανοῦ
3674 3494 3785 3566 πῦρ

2120 3578 2382 3636 κατελθὸν
2436 3579 2695 3655 ἐνέπρησε
2749 3581 2840 3635 καὶ
2896 3582 2990 3636 τὸν
3043 3582 3169 3636 ναὸν
3224 3581 3314 3636 καὶ
3384 3581 3448 3640 τὸ
3534 3578 3780 3655 ἄγαλμα.

2123 3670 2409 3742 Θυμωθεὶς
2438 3669 2534 3723 οῦν
2594 3670 2622 3724 6
2685 3665 3013 3745 Παραϐάτης
3040 3673 3131 3727 καί
3165 3669 3445 3745 θεομάχος
3476 3672 3577 3739 τήν
3613 3671 3784 3747 μεγεὶ⁶

2125 3758 2229 3827 λην
2256 3756 2551 3829 ἐκκλησίαν
2624 3760 2970 3836 Ἀντιοχείας
3021 3758 3312 3815 ἀπέκλεισε
3340 3760 3429 3814 καὶ
3492 3761 3665 3815 πάντα
3718 3758 3788 3814 τὰ

2124 3847 2244 3922 ἱερά
2274 3845 2528 3919 ἐσύλησε.
2563 3850 2691 3905 Τῶν
2725 3845 2783 3905 δὲ
2822 3847 3244 3905 ἀποσταλέντων
3275 3850 3539 3921 κομήτων
3600 3846 3783 3918 Φήλι-

2111 3942 2216 3999 ’κος
2243 3938 2334 3993 καὶ
2375 3937 2686 3994 ἰουλιανοῦ
2745 3942 2842 3994 106
2897 3937 3044 3993 θείου
3100 3937 3266 3993 αὐτοῦ
3319 3936 3619 4013 λεγόντων,
3672 3936 3780 4003 ὅτι,

2124 4027 2483 4101 Ἐνομίζομεν
2519 4026 2825 4098 ἐποπτικήν
2853 4048 2976 4082 τινα
3005 4028 3144 4083 εἶναι
3207 4024 3438 4100 δύναμιν
3460 4028 3565 4096 τήν
3594 4022 3785 4081 κωλύοι

2123 4136 2286 4171 σασαν
2321 4118 2490 4188 ἡμᾶς,
2525 4116 2554 4169 6
2589 4116 2785 4190 μιαρὸς
2816 4116 3173 4184 ἐπετωθαζεν.

2193 4201 2486 4279 ’Λρτέμιος
2514 4200 2571 4259 δὲ
2600 4205 2629 4259 6
2693 4202 2819 4274 δοὺξ
2878 4202 3313 4279 Ἀλεξανδρείας,
3366 4202 3659 4279 ἐπειδήπερ
3691 4203 3782 4259 ἐπὶ

2120 4299 2218 4350 τοῦ
2249 4292 2631 4351 Κωνσταντίου
2664 4291 2832 4362 ζῆλον
2864 4292 3041 4349 πολὺν
3072 4292 3368 4367 ἐνεδείξατο
3420 4293 3474 4349 ἐν
3533 4293 3782 4364 Ἀλεξαν-

2124 4380 2276 4458 δρείᾳ
2316 4383 2454 4438 κατὰ
2516 4387 2625 4437 τῶν
2694 4379 3280 4458 εἰδωλολατρούντων,
3342 4380 3619 4456 ἐδημεύθη
3679 4385 3781 4453 τὴν

2121 4469 2367 4552 κεφαλὴν
2426 4471 2771 4543 ἀποτμηθεὶς
2831 4473 2965 4545 μετὰ
3026 4470 3246 4536 πολλὰς
3308 4473 3577 4549 βασάνους
3648 4472 3782 4547 ὑπὲρ

358 4550 419 4623 et
449 4568 606 4622 bona
634 4565 766 4637 ejus
796 4565 858 4620 in
889 4563 1194 4635 publicum
1227 4560 1484 4615 redacta.
1503 4557 1789 4613 Similiter
1816 4562 2014 4614 actum

2128 4550 2221 4631 τῆς
2246 4561 2325 4623 εἰς
2365 4560 2596 4636 Χριστὸν
2629 4562 2887 4624 πίστεως,
2946 4562 3190 4635 Ὁμοίως
3251 4560 3310 4617 δὲ
3361 4563 3451 4617 καὶ
3500 4559 3599 4618 δύο
3651 4582 3783 4636 πρε-

358 4646 495 4712 cum
525 4654 755 4711 duobus
784 4650 1148 4725 presbyteris
1178 4647 1439 4716 Eugenio
1473 4651 1532 4702 et
1560 4647 1833 4702 Macario.

438 4744 631 4801 Tertio
646 4744 734 4799 sui
764 4741 1170 4812 imperiianno
1185 4738 1455 4794 Julianus
1476 4736 1698 4791 multos
1718 4736 2015 4807 professos

359 4833 757 4891 Christianam
787 4830 1133 4903 religionem
1165 4825 1473 4898 suppliciis
1512 4824 1728 4880 affecit.
1780 4825 2015 4882 Judaeos

361 4938 598 4995 quoque
628 4920 917 4993 templum
940 4934 1111 4974 suum
1135 4918 1466 4973 instaurare
1482 4913 1849 4986 jussit.Quod
1866 4932 2015 4987 opus

359 5030 493 5071 cum
526 5016 684 5069 esset
709 5010 1076 5076 inchoatum,
1108 5006 1366 5080 primum
1397 5003 1553 5059 venti
1586 5003 1758 5060 turbo
1788 5005 2015 5061 calcem

357 5101 598 5174 disjecit
626 5116 806 5171 supra
836 5097 1093 5154 ducenta
1121 5094 1315 5150 millia
1371 5092 1728 5149 modiorum.
1760 5095 1831 5149 Et
1877 5110 2015 5150 cum

356 5193 543 5249 Judaei
579 5190 774 5247 denuo
806 5206 953 5263 opus
992 5186 1472 5260 aggrederentur,
1505 5183 1659 5257 ignis
1703 5199 1772 5240 ex
1804 5182 2016 5242 funda-

357 5283 578 5338 mentis
608 5295 929 5351 erumpens
954 5294 1057 5333 eos
1086 5273 1435 5331 combussit.
1487 5274 1670 5343 Atque
1729 5273 1812 5328 ita
1867 5291 2016 5346 opus

358 5371 505 5427 illud
537 5371 826 5426 omissum
876 5372 986 5423 est.
1038 5365 1262 5437 Impius
1320 5362 1425 5418 ille
1478 5360 1749 5417 Julianus
1781 5364 2018 5436 scripsit

2125 4646 2400 4724 σϐύτεροι,
2432 4648 2687 4724 Εὐγένιος
2724 4651 2815 4705 καὶ
2845 4652 3150 4727 Μακάριος.

2196 4741 2280 4813 [Ρ.
2315 4741 2441 4813 307]
2472 4738 2566 4811 Τῷ
2594 4739 2768 4815 τρίτῳ
2805 4734 2916 4796 ἔτει
2970 4740 3169 4797 τούτου
3226 4738 3476 4803 πολλοὺς
3525 4761 3784 4815 τιμωρη-

2122 4830 2355 4900 σάμενον
2387 4827 2477 4882 καὶ
2508 4829 2789 4905 μάρτυρας
2819 4831 3077 4900 ποιήσας,
3109 4829 3200 4886 καὶ
3221 4830 3312 4885 τὸν
3338 4834 3449 4884 τῶν
3498 4828 3781 4887 Ἰουδαίων

2121 4919 2248 4973 ναὸν
2281 4914 2717 4989 οἰκοδομηθῆναι
2774 4919 3087 4994 προσέταξε.
3122 4919 3229 4975 Καὶ
3284 4923 3381 4974 τοῦ
3409 4915 3563 4994 ἔργον
3594 4917 3785 4993 ἐγχει-

2125 5008 2423 5083 ρισθὲντος,
2483 5007 2551 5062 τᾶ
2613 5008 2708 5080 μὶν
2763 5013 2956 5082 πρῶτα
3011 5006 3221 5081 λαῖλαψ
3277 5010 3378 5079 τήν
3408 5028 3466 5064 τε
3518 5003 3777 5063 ἄσϐεστον

2124 5097 2443 5170 ἐξεφόρησεν
2477 5096 2610 5172 ὑπὲρ
2643 5095 2912 5173 μυριάδας
2956 5094 3125 5152 ε’ίκοσι
3186 5094 3394 5170 μοδίων
3452 5098 3638 5166 οὖσαν,
3666 5098 3775 5150 τῶν

2125 5184 2183 5243 δὲ
2213 5184 2491 5245 Ἰουδαίων
2524 5180 2603 5243 ἔτι
2632 5192 2712 5260 τῷ
2741 5183 2883 5262 ἔργῳ
2913 5186 3338 5264 ἐπιχειρούντων
3399 5193 3504 5261 πῦρ
3562 5186 3781 5258 ἐξελθὸν

2124 5280 2233 5333 τῶν
2262 5275 2533 5349 θεμελίων
2559 5275 2785 5339 τούτους
2815 5279 3129 5349 κατέκαυσε,
3189 5278 3280 5333 καὶ
3337 5274 3484 5335 οὔτω
3537 5283 3636 5334 τοῦ
3695 5273 3784 5349 ἔρ-

2123 5386 2224 5442 γου
2255 5363 2574 5421 ἐπαύσαντο.
2603 5366 2778 5427 Οὗτος
2810 5367 2837 5420 6
2871 5362 3138 5437 δυσσεϐὴς
3168 5368 3260 5423 καὶ
3313 5369 3415 5439 τὴν
3467 5367 3576 5422 τῶν
3627 5366 3789 5422 θείων

1565 5490 1931 5549 XYLANDRI
1969 5495 2056 5551 ET
2095 5496 2314 5553 GOARI
2350 5496 2579 5553 NOTAE.

432 5615 548 5690 (14)
575 5613 899 5672 Pontifices
929 5609 1110 5667 simul
1140 5625 1208 5666 ac
1237 5613 1530 5681 martyres
1560 5604 1963 5685 ἱερομάρτυρας
1995 5613 2016 5667 1

2128 5614 2263 5671 .esia
2287 5614 2491 5675 Graaca
2512 5619 2841 5688 nuncupat.
2870 5616 3049 5673 Goaa.
