4144 6410
312 389 435 449 585

1456 392 1993 455 HISTORIARUM
2041 394 2596 466 COMPENDIUM.

3614 423 3735 481 586

306 521 662 599 Εὗαγγελίων
683 523 1015 626 ⁸κᾶινατροπὴν
1066 520 1314 604 ἔγραψεν·
1364 520 1434 594 ἤν
1485 526 1513 579 ὁ
1566 525 1737 600 μέγας
1769 523 1966 599 Κύριλ-

2082 536 2261 590 etiam
2286 540 2735 611 Evangeliorum
2763 543 3245 615 depravationem
3269 565 3283 613 ;
3325 567 3453 620 quae
3485 570 3735 626 magnus

304 610 406 674 λος
456 609 860 686 Ἀλεξανδρείας
917 614 1009 669 καί
1066 613 1236 670 ἃλλοι
1295 612 1657 694 φιλόχριστοι
1713 612 1967 691 ἐπηνωρ-

304 701 571 764 θώσαντο.
602 702 706 758 Kal
738 708 910 757 πᾶσαν
943 699 1011 772 δὴ
1058 701 1239 773 ἄλλην
1289 705 1508 779 Γραφήν
1559 702 1723 765 αὐτός
1772 724 1831 758 τε
1874 701 1967 757 καὶ

306 792 360 845 οἱ
419 788 608 863 ὅμοιοι
671 791 839 847 αὐτοῦ
893 786 1169 848 διέϐαλον·
1222 792 1326 847 ὑπὸ
1386 789 1443 847 δὲ
1496 797 1608 847 τῶν
1668 789 1974 867 όρθοδόξων

307 874 682 951 ἐξεϐλήθησαν
707 880 776 935 τὶ
803 880 1012 936 τούτων
1040 879 1369 954 νοθεύματα.

388 969 514 1025 Ἐπὶ
552 968 773 1033 τούτοις
804 969 962 1050 ὤφθη
996 972 1024 1026 ὁ
1054 973 1199 1032 θεῖος
1239 970 1468 1046 σταυρὸς
1524 969 1577 1025 ἐν
1623 976 1703 1044 τῷ
1763 970 1975 1045 οὐρανῷ

311 1054 637 1135 φωτοειδῶς
695 1057 1071 1131 κυκλούμενος
1155 1060 1259 1115 ὑπὸ
1344 1061 1604 1140 στεφάνου
1681 1068 1971 1139 φωτεινοῦ,

309 1147 424 1201 ἀπὸ
451 1151 549 1201 τοῦ
569 1147 818 1222 Γολγοθᾶ
873 1145 980 1212 ἕως
1009 1152 1106 1204 τοῦ
1150 1149 1305 1222 ἁγίου
1352 1149 1513 1223 ὅρους
1556 1155 1664 1205 τῶν
1718 1150 1972 1223 Ἐλαιῶν,

304 1234 696 1312 λαμπρότερος
731 1237 950 1311 μᾶλλον
981 1237 1018 1308 ἢ
1049 1237 1137 1293 ἐπὶ
1180 1238 1581 1295 Κωνσταντίου·
1640 1241 1971 1315 αὒτομάτως

305 1322 372 1379 δὲ
402 1331 520 1389 τοῖς
550 1324 853 1398 ἆπλώμασι
879 1331 989 1381 τῶν
1023 1326 1424 1402 θυσιαστηρίων
1456 1329 1546 1383 καὶ
1604 1322 1823 1403 βίϐλοις
1881 1331 1972 1385 καὶ

303 1412 510 1476 ἄλλοις
540 1412 864 1487 ἐσθήμασιν,
922 1414 1069 1471 ἀλλά
1124 1416 1216 1471 καὶ
1276 1414 1328 1471 ἐν
1385 1417 1629 1490 ἱματίοις
1686 1419 1750 1473 οὐ
1809 1420 1970 1492 μόνον

301 1505 670 1579 Χριστιανῶν,
704 1503 850 1560 ἀλλὰ
902 1505 994 1560 καὶ
1048 1502 1351 1577 Ἰουδαίων,
1400 1504 1707 1575 ἐπεπόλαζε
1753 1508 1816 1562 τὸ
1873 1529 1971 1579 ση-

311 1600 471 1668 μεῖον
501 1599 599 1650 τοῦ
631 1599 885 1670 σταυροῦ,
919 1595 980 1650 ού
1026 1595 1193 1669 μόνον
1243 1594 1296 1650 ἐν
1346 1596 1777 1672 Ἱεροσολύμοις,
1823 1595 1971 1653 ἀλλὰ

303 1682 403 1738 καὶ
436 1684 491 1738 έν
532 1684 848 1759 Ἀντιοχείᾳ
901 1683 992 1739 καὶ
1046 1690 1166 1747 ταῖς
1225 1682 1426 1747 ἄλλαις
1486 1682 1703 1740 πόλεσι·
1760 1685 1853 1740 καὶ
1908 1685 1967 1740 ’ὀν

302 1773 690 1848 ἀναισχύντως
720 1772 985 1844 ἠπίστουν
1017 1771 1277 1831 Ἰουδαῖοι
1325 1774 1416 1828 καὶ
1476 1773 1775 1846 Ἕλληνες,
1831 1773 1969 1848 εὕρι-

2085 624 2337 695 Cyrillus
2368 629 2739 687 Alexandriae
2780 633 3091 706 episcopus
3148 635 3367 708 aliique
3414 624 3730 699 Christiani

2085 720 2719 775 correxerunt.0mnes
2746 727 2943 777 autem
2967 740 3163 779 sacras
3190 725 3437 783 Litteras
3466 729 3733 788 Julianus

2087 803 2333 876 ejusque
2365 806 2590 863 similes
2621 826 2936 882 corrupere
2973 829 2986 878 ;
3038 831 3291 885 quorum
3336 816 3734 876 adulterinum

2086 893 2440 965 scripturam
2472 896 2554 968 pii
2590 898 2951 958 deleverunt.

2156 983 2236 1037 Eo
2269 988 2536 1057 tempore
2567 987 2629 1042 in
2663 989 2808 1044 caelo
2831 989 3027 1046 lucida
3042 1010 3187 1048 crux
3215 997 3509 1067 apparuit,
3543 996 3738 1054 cincta

2084 1069 2281 1128 lucida
2311 1091 2548 1145 corona,
2583 1093 2617 1132 a
2647 1078 2928 1150 Golgotha
2955 1098 3140 1152 usque
3172 1084 3245 1138 ad
3276 1090 3543 1141 montem
3566 1087 3736 1142 Olea-

2085 1178 2217 1215 rum
2248 1164 2575 1233 pertinens,
2612 1167 2980 1238 splendidior
3008 1189 3186 1242 quam
3219 1174 3328 1228 sub
3368 1175 3735 1233 Constantio.

2089 1252 2267 1306 Porro
2285 1260 2484 1309 autem
2498 1257 2688 1311 crucis
2702 1258 2933 1330 signum
2949 1260 3005 1314 in
3022 1262 3296 1317 altarium
3312 1265 3606 1336 mappis,li
3618 1266 3737 1319 bris

2085 1342 2318 1397 ac538
2334 1345 2721 1402 vestimentis.
2751 1349 2895 1403 Tum
2928 1348 2990 1403 in
3024 1351 3281 1406 vestibus
3305 1369 3424 1406 non
3448 1354 3737 1409 Christia—

2087 1446 2302 1485 norum
2352 1434 2550 1503 modo,
2585 1436 2690 1490 sed
2722 1442 2779 1491 et
2823 1438 3164 1494 Judaaornm
3215 1442 3572 1497 exstiterunt
3604 1460 3739 1498 cru-

2084 1519 2168 1573 eis
2200 1520 2386 1593 signa,
2420 1540 2614 1594 neque
2647 1526 3071 1600 Hierosolyma;
3106 1534 3356 1597 tantum,
3387 1530 3492 1586 sed
3530 1532 3734 1588 Antio-

2081 1608 2243 1663 chea:
2274 1611 2453 1665 etiam
2484 1618 2660 1684 atque
2692 1615 2827 1670 aliis
2858 1615 2918 1670 in
2948 1617 3216 1674 urbibus.
3250 1621 3320 1673 Et
3337 1637 3514 1691 quem
3538 1621 3736 1693 impu-

2081 1695 2292 1754 denter
2320 1702 2620 1773 negabant
2639 1703 2822 1760 Judaai
2854 1711 3032 1777 atque
3049 1708 3255 1776 Graeci,
3278 1725 3415 1765 eum
3436 1710 3733 1782 signatum

2080 1785 2143 1841 in
2174 1788 2296 1843 suis
2337 1790 2595 1846 vestibus
2656 1794 3052 1864 reperiebant.
3116 1797 3331 1851 Cruces
3389 1798 3519 1853 istm
3576 1800 3733 1870 apud

301 1886 439 1921 σκον
468 1866 520 1921 έν
547 1870 668 1930 τοῖς
694 1865 937 1941 ἱματίοις
979 1865 1176 1921 αὐτῶν.
1234 1868 1331 1922 Ἔν
1377 1887 1488 1920 τισι
1540 1862 1598 1921 δὲ
1639 1869 1728 1921 καὶ
1775 1865 1967 1941 ἐμελά-

2082 1877 2370 1948 quosdam
2392 1880 2636 1936 fuerunt
2656 1882 3111 1953 nigrmJnterim
3128 1885 3393 1941 Julianus
3414 1887 3734 1958 vaticiniis,

300 1961 482 2025 νιζον.
514 1953 812 2018 Ἰουλιανὸς
843 1952 900 2010 δὲ
943 1954 1223 2029 μαντείαις
1266 1953 1355 2009 καὶ
1416 1955 1627 2017 θυσίαις
1684 1956 1774 2010 καὶ
1819 1958 1966 2028 ἒπῳ-

307 2041 437 2103 δαῖς
487 2041 761 2117 δαιμόνων
820 2042 910 2097 καὶ
967 2041 1197 2104 ἀπάταις
1255 2042 1616 2119 φραξάμενος,
1677 2038 1752 2103 ὥς
1808 2063 1971 2121 φησιν

304 2131 593 2209 Ἀγαθίας,
633 2132 771 2187 κατὰ
830 2133 1052 2206 Περσῶν
1109 2129 1476 2206 ἐστράτευσεν,
1535 2132 1624 2188 ὅτε
1679 2132 1770 2186 καὶ
1822 2151 1972 2207 χρη-

298 2220 447 2293 σμὸν
476 2214 669 2275 ἔλαϐεν
699 2214 892 2296 ἔχοντα
926 2218 1121 2283 οὕτως*
1156 2217 1263 2273 Νῦν
1294 2219 1389 2292 μὲν
1444 2219 1639 2282 πάντες
1687 2220 1960 2294 ὡρμήθη-

302 2330 405 2384 μεν
466 2310 598 2382 θεοὶ,
668 2308 823 2379 νίκης
896 2309 1135 2383 τρόπαια
1201 2308 1534 2382 κομίσασθαι
1611 2310 1758 2382 παρὰ
1835 2310 1967 2383 θηρὶ

297 2404 565 2473 ποταμῷ.
597 2400 725 2457 Τῶν
758 2396 816 2455 δὲ
846 2398 951 2475 ἐγὼ
980 2399 1331 2475 ἡγεμονεύσω
1364 2400 1559 2475 θοῦρος
1602 2396 1970 2473 πολεμόκλο-

297 2510 394 2552 νος
419 2491 622 2566 Ἀρης.
654 2490 743 2545 Ἐν
776 2486 835 2544 δὲ
861 2493 942 2561 τῷ
973 2487 1194 2544 εῗσιέναι
1244 2488 1404 2544 αὐτὸν
1457 2487 1547 2544 ἐπὶ
1598 2486 1854 2565 Περσίδα,
1905 2488 1958 2543 ἐν

303 2578 458 2651 οἰκίᾳ
515 2579 665 2643 τινὸς
721 2579 973 2656 γυναικὸς
1049 2580 1380 2653 Χριπιανῆς
1465 2577 1655 2653 εὑρέθη
1740 2575 1967 2652 ὑδρίσκη

307 2667 511 2733 ὕδατος
548 2669 758 2723 ἑστῶσα
811 2670 1058 2744 πλήρης,
1120 2665 1242 2736 ἣτις
1303 2668 1391 2722 καὶ
1437 2664 1649 2742 ἀθρόως
1683 2666 1764 2730 εἷς
1824 2667 1972 2722 οἶνον

310 2760 521 2839 γλυκὺν
557 2760 827 2837 βράζοντα
860 2756 1202 2833 μετεϐλήθη.
1240 2760 1399 2822 Ἰσως
1446 2757 1503 2814 δὲ
1548 2763 1711 2814 τοῦτο
1758 2754 1972 2833 σύμϐο-

314 2847 413 2905 λον
446 2851 625 2905 ὦπται
656 2856 757 2920 τῆς
787 2848 876 2905 ἐπὶ
902 2850 965 2905 τὸ
996 2846 1219 2919 ἣδιστον
1252 2854 1362 2904 τῶν
1419 2848 1759 2926 πραγμάτων
1805 2869 1970 2923 μετα-

315 2934 494 3009 ϐολῆς
521 2936 612 2994 διὰ
646 2940 748 3009 τὴν
788 2942 886 2993 τοῦ
930 2937 1195 3013 τυράννου
1252 2938 1387 3010 μετὰ
1435 2938 1627 3012 μικρὸν
1672 2958 1974 3013 καταστρο-

315 3030 442 3106 φήν.
502 3026 842 3091 Στρατεύσας
897 3027 1001 3102 γὰρ
1056 3025 1145 3081 ἐπὶ
1230 3026 1437 3100 Πέρσας
1513 3023 1805 3095 έδελεάσθη
1866 3026 1970 3081 ὑπό

319 3136 482 3171 τινων
540 3114 871 3188 αὒτομόλων
952 3113 1229 3190 ἐμπρῆσαι
1313 3115 1410 3176 τὰς
1488 3119 1637 3177 ναῦς.
1708 3115 1843 3170 Εἶτα
1900 3111 1972 3169 δι’

322 3202 552 3280 ἐρημίας
579 3205 667 3260 καὶ
711 3202 1050 3279 ἀνωμάλων.
1082 3201 1307 3280 χωρίων
1345 3204 1444 3273 τὴν
1496 3205 1723 3280 πορείαν
1772 3203 1964 3259 ποιού-
2005 3247 2050 3316 C

348 3292 526 3316 ,-,_,,
572 3294 707 3316 ,(,,,
748 3294 763 3316 Ἀ
870 3294 931 3316 ναὶ
972 3314 988 3316 Α
1050 3292 1558 3316 ,,)_#_\-\n,_l,,,,_
1606 3296 1709 3316 κν.
1759 3312 1901 3316 _.-,,_

321 3313 483 3367 μενος
506 3292 589 3372 ἐφ’
617 3294 826 3362 ἱκανὸν,
858 3294 1074 3348 πάντων
1102 3292 1559 3349 ἀπολελοιπότων
1603 3296 1711 3348 τῶν
1758 3312 1963 3369 χρειω-

320 3380 427 3438 δῶν
454 3385 545 3439 καί
573 3384 681 3438 τῶν
714 3381 1047 3457 ἀναγκαίων,
1078 3381 1170 3437 καὶ
1201 3380 1390 3438 πολλᾶ
1424 3381 1966 3457 ταλαιπωρησάντων

314 3475 427 3527 τῶν
463 3473 579 3545 μετ’
610 3471 798 3542 αὐτοῦ,
839 3469 1027 3541 ἐπειδὴ
1062 3471 1254 3544 καιρὸς
1291 3474 1388 3526 τοῦ
1426 3468 1680 3544 πολέμου
1720 3470 1966 3550 ἀφίκετο,

309 3559 742 3635 περιερχόμενος
774 3560 874 3615 ἀνὰ
900 3560 964 3614 τὸ
990 3556 1358 3633 στρατόπεδον
1393 3559 1484 3614 καὶ
1542 3556 1967 3634 διατασσόμενος

311 3647 536 3725 ἐπλήγη
599 3645 785 3724 δόρατι
870 3649 1091 3727 ἀφανῶς
1150 3647 1228 3709 είς
1283 3648 1352 3704 τὰ
1410 3646 1771 3725 ὑποχόνδρια,
1830 3647 1970 3706 ὣστε

313 3737 824 3810 ἀνοιμῶξαιαὺτόν.
881 3736 984 3794 Καὶ
1040 3739 1109 3810 τῇ
1151 3736 1298 3811 χειρὶ
1355 3739 1453 3791 τοῦ
1505 3735 1740 3809 αἳματος
1795 3732 1968 3792 λαϐό-

320 3846 483 3900 μενος
543 3819 780 3902 ἔρραινεν
851 3825 929 3887 εἲς
994 3825 1087 3880 τὸν
1145 3824 1295 3899 ἀέρα,
1375 3823 1568 3897 λέγων’
1640 3826 1969 3897 Νενίκηκας,

310 3916 532 3990 Χριστέ·
564 3914 881 3989 κορέσθητι,
906 3915 1212 3989 Ναζωραῖε.
1270 3913 1364 3971 Καὶ
1406 3912 1580 3976 οὕτως
1620 3915 1721 3983 τήν
1772 3917 1970 3991 μιαρὰν

311 4005 483 4059 αὑτοῦ
524 4005 710 4079 ψυχήν
741 4001 1033 4080 ἀπέῤῥηξε,
1064 4001 1251 4059 πολλὰ
1311 4000 1674 4081 δυσφημήσας
1723 4003 1798 4065 εἰς
1843 4004 1970 4067 τοὺς

308 4095 508 4149 ἑαυτοῦ
551 4094 729 4163 θεοὺς,
788 4094 1102 4155 ἀπατεῶνας
1154 4092 1245 4148 καὶ
1297 4090 1536 4154 πλάνους
1587 4092 1679 4146 καὶ
1738 4093 1968 4166 ψεύστας

305 4182 625 4239 αποκαλῶν.
652 4183 731 4240 Οὗ
763 4185 852 4257 [Ρ.
885 4184 1015 4255 308]
1043 4183 1107 4237 τὸ
1138 4178 1400 4253 δύστηνον
1433 4186 1594 4256 σῶμα
1624 4182 1968 4257 ἀπεκομίσθη

301 4273 364 4327 ἐν
408 4269 1015 4342 Κωνσταντινουπόλει,
1073 4270 1162 4326 καὶ
1219 4268 1375 4341 ἐτέθη
1431 4269 1485 4325 ἐν
1555 4267 1784 4347 λάρνακι
1841 4291 1971 4347 πορ-

303 4364 451 4437 φυρᾷ
502 4355 922 4434 κυλινδροειδεῖ,
982 4357 1035 4413 έν
1094 4360 1141 4431 ᾧ
1192 4356 1494 4435 ἐπέγραψεν
1557 4361 1668 4433 (15)
1722 4359 1969 4437 ἓλεγεῖον

303 4446 459 4504 τόδε·

312 4535 516 4616 Κύδνιρ
546 4537 631 4616 ἐπί
659 4536 1129 4616 ἀργυρόεντιηᾶᾒ
1156 4535 1448 4616 Εὐφρήτεω
1483 4534 1661 4612 ῥοάων

312 4559 518 4664 Ἀυονιιὲ
546 4559 627 4593 επ
659 4559 1002 4614 αργυροεντι,
1035 4559 1109 4592 απ
1156 4559 1448 4616 ιειυφρηταο
1483 4559 1557 4612 po:

311 4611 483 4684 [ἱεραί
524 4629 583 4672 ος
614 4609 676 4663 ἐκ
704 4610 888 4699 γαίης,
919 4608 1269 4737 ἀτῃελευττζτῳ
1295 4609 1383 4699 ἐπὶ
1412 4602 1557 4697 ἔργῳ

311 4683 558 4737 Κινῆσας
594 4702 873 4737 στοατιαν.
902 4681 1000 4736 τόο
1048 4682 1158 4737 Ἰου
1207 4701 1349 4737 lavo:
1380 4678 1521 4737 λαγε
1553 4706 1557 4730 ι

308 4678 558 4752 Κινῆσας
594 4678 873 4756 στρατιὰν,
902 4678 1019 4736 τόδ’
1048 4678 1349 4742 Ἰουλιανὸς
1380 4678 1728 4755 λάχε’σημα,

304 4770 653 4848 Ἀμφότερον
751 4769 1008 4844 βασιλεὺς
1109 4770 1157 4824 τ’
1258 4770 1455 4846 ἀγαθὸς
1555 4769 1836 4848 κρατερός⁸
1920 4771 1966 4827 τ’

491 4841 573 4872 -'
752 4841 761 4844 '
1305 4841 1316 4846 '
1557 4841 1891 4917 [άῖχμὴτήςο

303 4950 421 5002 Τοῦ
479 4942 538 5000 δὲ
595 4946 711 5018 μετ’
780 4945 937 5001 αὐτὸν
1024 4944 1445 5020 βασιλεύσαντος
1538 4939 1809 5002 ’ίοϐιανοῦ
1865 4947 1965 5016 τὴν

300 5031 608 5110 ἆΛουργίδα
671 5032 893 5090 ὄπισθεν
950 5039 1380 5105 περιπατοῦντος
1466 5035 1738 5097 ἀκουσίως
1787 5035 1967 5105 πατή-

303 5144 504 5188 σαντος
531 5121 582 5179 ἐν
613 5127 692 5197 τῷ
722 5122 972 5194 ἐπικλινῆ
1014 5145 1136 5180 τινα
1184 5125 1422 5180 κατιέναι
1474 5124 1664 5191 τόπον,
1716 5122 1968 5198 ἐπιστρα-

305 5213 428 5293 φεὶς
488 5210 787 5275 Ἰουλιανὸς
843 5213 934 5269 καὶ
990 5215 1053 5270 τὸ
1136 5208 1348 5288 συμϐὰν
1404 5212 1589 5289 κρίνας
1639 5211 1799 5267 αὐτὸν
1855 5215 1970 5287 μετ’

306 5301 513 5357 ἐκεῖνον
564 5307 666 5372 τῆς
730 5302 1009 5376 βασιλείας
1090 5305 1405 5377 κρατήσειν,
1466 5296 1592 5380 ἔφη’
1658 5304 1807 5372 Εἴθε,
1873 5304 1970 5357 κᾶν

306 5395 444 5468 γοῦν
475 5389 780 5465 ἄνθρωπος.

2076 1966 2402 2035 sacriﬁciis,
2422 1969 2924 2027 incantationibus
2938 1972 3274 2030 daemonum
3292 1981 3469 2047 atque
3482 1976 3735 2034 fallaciis

2081 2057 2370 2123 munitus,
2403 2068 2469 2113 ut
2499 2060 2581 2114 ait
2606 2062 2904 2133 Agathias,
2938 2062 2997 2117 in
3031 2064 3242 2119 Persas
3301 2071 3516 2121 movet.
3572 2068 3735 2121 Inter

2080 2146 2226 2202 alias
2252 2147 2371 2203 tale
2405 2149 2585 2204 etiam
2617 2151 2923 2207 oraculum
2958 2152 3009 2206 ei
3042 2152 3339 2209 redditum
3371 2160 3535 2210 erat:

2075 2237 2199 2291 Iam
2229 2254 2375 2292 nunc
2400 2239 2474 2293 ad
2506 2240 2698 2309 Tigrin
2729 2243 2956 2310 ﬂuvium
2985 2243 3385 2313 proﬁciscimur
3415 2260 3597 2300 omnes

2079 2325 2367 2394 Caelicolae,
2401 2334 2453 2382 et
2480 2330 2601 2398 regi
2623 2330 2906 2399 praeclara
2936 2337 3148 2401 tropaea
3166 2349 3453 2402 paramus.

2080 2418 2228 2473 Mars
2257 2421 2372 2487 ipse
2401 2419 2476 2473 ad
2496 2436 2755 2490 pugnam
2782 2436 3007 2493 superos
3036 2439 3133 2493 ego
3159 2423 3300 2479 duco
3326 2425 3614 2481 Gradivus.

2078 2505 2349 2561 Intrante
2381 2523 2451 2561 eo
2482 2507 2787 2565 Persidem
2820 2510 2998 2565 situla
3028 2527 3197 2580 aquae
3226 2511 3400 2583 plena
3438 2513 3501 2567 in
3552 2513 3729 2570 domo

2080 2595 2350 2652 mulieris
2371 2598 2675 2670 cujusdam
2697 2600 3045 2655 Christianae
3068 2601 3306 2658 inventa
3337 2608 3465 2658 est:
3487 2621 3557 2659 ea
3577 2621 3734 2675 aqua

2078 2684 2272 2740 subito
2304 2686 2365 2741 in
2393 2686 2597 2743 vinum
2620 2704 2794 2743 suave
2826 2705 2892 2743 ac
2922 2690 3182 2745 ubertim
3213 2692 3409 2747 ﬂuens
3469 2693 3723 2749 transiit.

2079 2774 2245 2839 Quod
2274 2775 2507 2831 videtur
2556 2776 2741 2833 fuisse
2798 2779 3031 2851 signum
3069 2797 3271 2836 rerum
3325 2782 3387 2837 in
3436 2782 3727 2853 optimum

2080 2868 2299 2920 statum
2320 2867 2688 2933 mutationis,
2714 2867 2889 2939 paulo
2910 2873 3259 2940 post,morte
3283 2872 3537 2942 tyranni,
3561 2888 3730 2927 even-

2079 2959 2248 3010 ιλιι-ω.
2290 2957 2344 3010 Is
2401 2973 2535 3011 cum
2594 2957 2653 3012 in
2710 2959 2920 3013 Persas
2979 2959 3416 3029 expeditionem
3466 2960 3726 3030 fecisset,

2079 3047 2519 3119 transfugarum
2552 3047 2948 3118 quorumdam
2990 3066 3169 3105 suasu
3217 3048 3499 3121 deceptus
3552 3068 3730 3107 naves

2080 3152 2216 3191 suas
2247 3135 2590 3205 combussit,
2624 3142 2801 3207 atque
2831 3136 2969 3193 inde
3000 3138 3172 3211 longo
3206 3139 3419 3194 itinere
3450 3157 3558 3211 per
3586 3141 3731 3196 soli-

2080 3224 2318 3280 tudines
2350 3229 2408 3279 et
2430 3224 2636 3297 iniqua
2684 3225 2814 3280 loca
2843 3225 2996 3281 facto
3042 3226 3320 3282 omnibus
3371 3228 3725 3284 necessariis

2079 3314 2256 3371 rebus
2287 3332 2487 3370 carere
2520 3316 2714 3387 coepit,
2766 3332 2981 3387 magna
3024 3317 3318 3371 exercitus
3358 3317 3615 3373 miseria.
3655 3318 3728 3375 Ut

2081 3410 2315 3476 tempus
2341 3421 2555 3477 pugnas
2586 3403 2855 3476 appetiit,
2888 3403 3029 3459 dum
3061 3405 3251 3460 aciem
3283 3404 3493 3461 circuit
3547 3409 3724 3477 atque

2081 3494 2345 3559 instruit,
2378 3494 2552 3549 hasta
2581 3494 2808 3549 incerto
2839 3499 3077 3549 auctore
3125 3494 3573 3566 hypochondria
3602 3496 3726 3551 vul-

2078 3588 2344 3639 neratur.
2368 3583 2452 3638 lbi
2476 3582 2764 3655 ejulatum
2787 3581 2999 3638 tollens
3024 3583 3372 3656 sanguinem
3400 3600 3573 3638 suum
3590 3601 3729 3639 cava

2078 3689 2263 3728 manu
2294 3679 2607 3744 exceptum
2639 3671 2700 3726 in
2730 3688 2930 3727 aerem
2961 3672 3198 3744 sparsit,
3233 3671 3437 3728 dicens
3463 3689 3475 3727 :
3504 3672 3727 3743 Vicisti,

2079 3762 2348 3830 Christe;
2381 3761 2620 3827 satiare,
2655 3761 2806 3817 589
2837 3762 3153 3818 Nazarene.
3189 3765 3379 3831 Atque
3410 3761 3492 3817 ita
3542 3761 3727 3818 scele-

2078 3857 2230 3907 stam
2259 3867 2429 3907 suam
2477 3851 2741 3906 animam
2792 3850 3129 3922 exspiravit,
3180 3867 3315 3906 cum
3368 3852 3531 3923 prius
3583 3851 3727 3908 deos

2078 3957 2216 3996 suos
2272 3939 2479 3996 multis
2536 3939 2870 3996 maledictis
2941 3939 3312 4010 procidisset,
3372 3939 3728 4011 impostores

2077 4047 2179 4085 eos
2211 4034 2268 4085 et
2298 4028 2612 4085 mendaces
2643 4027 2942 4083 dictitans.
2976 4028 3234 4084 Cadaver
3264 4027 3392 4098 ejus
3439 4028 3726 4086 miserum

2078 4116 2305 4191 Cpolim
2364 4116 2629 4183 allatum,
2677 4117 3125 4188 repositumque
3175 4121 3262 4171 est
3306 4116 3369 4171 in
3419 4133 3555 4172 arca
3593 4135 3727 4188 por-

2076 4208 2383 4282 phyretica
2420 4205 2670 4278 cylindri
2728 4205 2942 4273 forma,
2990 4204 3163 4275 eique
3210 4204 3562 4277 inscriptum
3610 4205 3725 4261 tale

2076 4315 2319 4356 carmen
2344 4314 2357 4352 Ζ

2083 4571 2357 4626 Incassum
2389 4567 2527 4622 bello
2560 4568 2748 4623 Persas
2779 4582 3063 4637 aggressus
3093 4565 3256 4621 inani

2005 4614 2051 4679 D
2082 4614 2371 4696 ﬁegvid'em
2403 4641 2571 4694 bonus
2601 4645 2655 4693 et
2683 4614 3116 4706 fortisabellator
3144 4641 3203 4692 in
3227 4640 3397 4693 armis

2074 4712 2354 4777 Julianus,
2390 4711 2616 4765 tumidis
2636 4711 2790 4780 jacet
2829 4711 2932 4765 huc
2968 4710 3275 4781 Euphratis
3304 4711 3372 4765 ab
3401 4711 3585 4779 undis,

2077 4787 2196 4850 Qua
2224 4786 2395 4839 volvit
2427 4784 2644 4852 Cydnus
2675 4788 2986 4851 turgentem
3015 4788 3306 4851 argenteus
3335 4799 3570 4854 amnem,

2077 4858 2370 4921 Advectus,
2403 4854 2720 4923 tumuloque
2744 4854 2840 4908 sub
2868 4853 2968 4908 hoc
2991 4860 3121 4924 post
3147 4857 3272 4923 fata
3302 4856 3551 4924 quiescit.

2076 4943 2368 5009 Julianus,
2401 4959 2537 4998 cum
2579 4943 2709 5014 ejus
2765 4941 3082 5013 aliquando
3141 4959 3469 5015 purpuram
3519 4941 3729 4998 declivi

2078 5032 2204 5088 loco
2227 5031 2592 5087 ambulantis
2622 5031 2898 5087 Jovianus
2928 5031 3275 5103 imprudens
3305 5028 3456 5103 pede
3506 5028 3734 5086 calcas-

2078 5126 2190 5191 set,
2223 5137 2564 5190 conversus,
2588 5121 3036 5193 conjiciensque
3065 5137 3201 5176 eum
3242 5119 3355 5175 sibi
3386 5119 3448 5174 in
3478 5118 3728 5191 imperio

2080 5228 2516 5281 successurum,
2549 5214 2709 5281 Esto,
2742 5212 2958 5283 inquit,
2991 5209 3312 5265 dummodo
3341 5209 3520 5263 homo
3561 5209 3657 5265 sit.

1507 5518 1870 5575 XYLANDRI
1909 5520 1995 5573 ET
2032 5518 2249 5575 GOARI
2286 5517 2508 5574 ΝΟΤᾹΞ.

378 5618 496 5701 (15)
528 5618 719 5701 Ἰίοειιε
751 5619 1039 5686 mutilus;
1073 5616 1235 5673 Tarsi
1268 5618 1427 5673 enim
1458 5616 1969 5701 nocepitaphium
2004 5617 2058 5673 ei
2106 5616 2329 5673 factum
2384 5622 2492 5683 est,
2526 5614 2682 5684 quod
2723 5612 2810 5668 vel
2857 5609 3041 5681 Cydni
3091 5608 3317 5665 mentio
3360 5609 3575 5667 docere
3612 5626 3742 5683 pos-

302 5688 406 5761 sit,
440 5688 491 5745 si
525 5690 773 5746 Zonaras
804 5707 925 5746 non
956 5705 1337 5746 moveremur
1365 5688 1737 5744 auctoritate.
1765 5690 1902 5744 XvL.

594 5803 866 5868 PATBOL.
915 5809 1030 5869 Gn.
1079 5784 1289 5869 CXXI.

3506 5799 3582 5858 19
