4144 6430
391 437 502 495 591

393 566 971 637 Cimmeriumfarmat-t
1000 568 1374 620 transmittent
1395 562 1657 637 protinus
1682 564 1884 617 Istrum

398 634 812 708 Vastabuntqac
842 655 1004 707 agros
1028 637 1305 708 Scythicos
1335 642 1386 688 et
1417 634 1632 705 Mysiam
1666 641 1887 688 terram.

393 718 524 767 Post
548 713 645 766 ubi
679 707 936 765 Traiicios
964 724 1084 778 spes
1114 707 1337 761 turbida
1368 713 1595 774 tangere
1622 709 1755 773 ﬁnes

391 786 642 847 Jusserit,
670 783 838 836 exitio
867 797 995 835 mox
1024 785 1411 833 consumentur
1440 779 1635 831 atroci.

393 888 607 944 Omnia
635 904 704 942 ea
724 884 969 956 impleta
989 888 1143 937 sunt.
1173 884 1315 937 Nam
1336 883 1487 937 victo
1511 880 1798 951 Procopio
1821 879 2040 933 Valens

391 993 661 1032 reversus
690 972 1004 1045 magnifico
1045 971 1255 1026 urbem
1304 970 1660 1041 aquaaductu
1717 967 2040 1035 exornavit,

394 1082 569 1136 quem
595 1064 897 1119 Valentem
919 1059 1423 1132 appellavit,unde
1446 1075 1663 1132 magna
1683 1075 1851 1128 aquai
1874 1056 2044 1127 copia

392 1154 523 1209 urbi
555 1152 684 1208 fuit.
717 1153 798 1206 Ac
832 1157 969 1205 tunc
1001 1149 1318 1220 praefectus
1376 1149 1542 1203 urbis
1585 1147 1865 1219 gaudium
1915 1147 2044 1217 ejus

392 1240 665 1297 beneﬁcii
688 1256 867 1295 causa
888 1239 1165 1293 obortum
1186 1243 1254 1292 ut
1271 1236 1631 1292 ostenderet.
1656 1234 2044 1306 Nymphaaum

393 1330 659 1385 condidit
717 1329 779 1383 in
837 1329 1026 1381 Tauro
1090 1325 1501 1398 magnitudine
1559 1324 1725 1379 urbis
1778 1322 2043 1394 dignum,

401 1420 681 1490 diemque
710 1418 929 1472 festum
963 1417 1099 1488 egit,
1133 1432 1201 1470 ac
1230 1415 1515 1486 populum
1557 1413 1823 1468 convivio
1875 1428 2049 1466 exce-

394 1510 499 1580 pit.
548 1510 752 1578 Neque
807 1506 995 1561 multo
1052 1511 1185 1576 post
1231 1504 1556 1559 barbaricas
1606 1508 1831 1574 gentes,
1873 1506 1939 1555 ut
1986 1501 2047 1554 in

397 1596 638 1652 oraculo
663 1602 809 1657 erat,
833 1595 895 1648 in
917 1593 1223 1649 Thraciam
1241 1594 1442 1648 effusae
1461 1592 1661 1661 ibique
1682 1595 2046 1660 consumptas

400 1691 555 1741 sunt.
612 1687 867 1740 Rursum
928 1683 1140 1738 Valens
1198 1682 1335 1736 inde
1412 1680 1734 1735 Ecclesiam
1784 1679 2044 1733 infestat.

397 1777 589 1830 Terrae
620 1778 816 1828 motus
852 1777 988 1826 tunc
1018 1788 1124 1842 per
1152 1776 1343 1825 totum
1372 1769 1603 1839 ﬁorbem
1657 1770 1867 1840 ingens
1914 1767 2045 1836 fuit,

400 1864 546 1919 adeo
576 1868 642 1917 ut
666 1861 739 1916 ad
759 1861 922 1915 littus
944 1859 1314 1914 Alexandriae
1347 1858 1651 1914 subductae
1673 1874 1851 1912 naves
1869 1872 2049 1927 supra

1714 424 2027 487 GEORGII
2076 424 2428 485 CEDRENI

3686 418 3807 477 592

2067 562 2118 629 Α
2148 558 2364 631 Ἳστρου
2392 556 2721 631 Κιμμερίοιο
2756 548 2919 631 πόρον
2951 551 3210 631 διαϐάντα
3235 552 3327 631 συν
3359 550 3543 631 αἰχμῇ

2150 621 2556 700 Καί’Σκυθικῆν
2582 621 2769 700 ’ὀλέσει
2801 621 2989 700 χῴραν
3023 626 3110 679 καὶ
3144 621 3357 683 Μυσίδα
3380 621 3559 700 γαῖαν.

2145 700 2414 772 Θρηϊκίης
2448 697 2492 752 δ’
2511 693 2916 772 ’ἐπιϐάντιίῶν
2948 696 3132 772 ἐλπισι
3171 693 3564 772 μαινομένῃσιν

2143 768 2320 826 Αὐτοῦ
2350 791 2438 825 κεν
2475 770 2685 846 βιότοιο
2717 770 2878 831 τέλος
2907 771 2996 824 καὶ
3028 768 3241 842 πότμον
3270 768 3517 823 ἐπίσποι.

2146 876 2250 931 Καὶ
2284 874 2350 945 δὴ
2384 879 2535 952 εἶχεν
2569 878 2782 932 ἅπαντα
2811 875 3007 938 οὕτως.
3058 876 3149 938 Ὧς
3201 873 3258 930 δὲ
3312 874 3446 949 μετὰ
3492 873 3592 941 τὴν
3645 872 3801 942 νίκην

2148 965 2459 1039 Προκοπίου
2486 965 2793 1035 ἒπανῆλθεν
2827 965 3075 1036 Οὐάλης,
3128 963 3503 1040 φιλοτιμεῖται
3547 963 3645 1030 τήν
3695 962 3798 1016 πό·

2147 1054 2232 1109 λιν
2270 1052 2477 1109 ὑδάτων
2509 1054 2735 1124 πλήθει,
2776 1053 3315 1127 κατασκευασάμενος
3364 1051 3529 1107 ὁλκὸν
3563 1050 3621 1105 ὅν
3656 1050 3798 1109 Οὐά-

2149 1141 2308 1197 λεντα
2345 1142 2617 1216 ὠνόμασε.
2660 1143 2764 1200 Καὶ
2797 1144 2824 1198 6
2853 1143 2978 1198 τότε
3010 1150 3111 1213 τῆς
3139 1141 3357 1203 πόλεως
3402 1134 3649 1215 ἔπαρχος
3698 1141 3801 1207 τὴν

2150 1231 2210 1287 ἐκ
2241 1237 2333 1287 τοῦ
2365 1232 2655 1309 γεγονότος
2704 1237 2772 1307 τῇ
2834 1233 2995 1288 πόλει
3058 1232 3234 1307 χαρὰν
3284 1227 3608 1297 ἐπιδεικνὺς,
3666 1250 3806 1301 νυμ-

2151 1326 2306 1398 φαῖον
2348 1324 2884 1393 κατασκευασάμενος
2938 1321 2988 1376 ἐν
3021 1326 3100 1393 τῷ
3141 1320 3343 1396 Ταύρῳ
3403 1323 3516 1394 (18)
3573 1323 3654 1391 τῷ
3710 1339 3807 1392 με-

2149 1412 2294 1486 γέθει
2324 1419 2425 1480 τῆς
2450 1412 2668 1474 πόλεως
2699 1411 2869 1481 ἄξιον,
2929 1411 3251 1487 ἱερομηνίαν
3308 1409 3618 1465 ἐπετέλεσεν
3668 1412 3805 1481 (19),

2153 1500 2447 1579 εὐωχήσας
2477 1502 2684 1556 ἅπαντα
2714 1501 2803 1555 τὸν
2838 1499 2992 1556 λαὸν.
3048 1501 3152 1557 Καὶ
3203 1499 3421 1561 τούτοις
3472 1500 3536 1554 οὐ
3600 1498 3809 1573 μακρὰν

2151 1589 2217 1643 τὰ
2249 1588 2309 1644 ἐκ
2362 1595 2471 1645 τῶν
2531 1586 2824 1665 Βαρϐάρων
2879 1588 3255 1660 ἠκολούθησεν
3314 1584 3462 1659 ἔθνη,
3513 1588 3690 1651 καθὼς
3745 1588 3809 1642 τὸ

2153 1679 2387 1752 γράμμα
2417 1678 2935 1757 ἐχρησμολόγησεν,
2986 1678 3354 1753 ἐπιχυθέντων
3406 1678 3498 1750 μὶν
3556 1681 3624 1749 τῇ
3679 1683 3813 1751 Θρᾳ-

2152 1771 2285 1834 κῶν,
2317 1768 2451 1839 μετὰ
2482 1765 2539 1822 δὲ
2596 1772 2765 1823 ταῦτα
2817 1767 3237 1837 δαπανηθέντων
3287 1764 3412 1841 περί
3463 1767 3651 1836 αὐτήν.
3709 1764 3809 1819 Καὶ

2154 1856 2320 1911 πάλιν
2351 1858 2489 1911 κατὰ
2526 1857 2634 1911 τῶν
2692 1856 3034 1927 Ἐκκλησιῶν
3095 1855 3318 1926 Οὐάλης
3376 1861 3622 1914 κινεῖται.
3688 1861 3810 1909 Σει-

398 1967 678 2023 magnum
713 1965 947 2004 murum
978 1948 1202 2004 fuerint
1221 1947 1492 2004 elatae.Et
1519 1953 1715 2003 nautae
1740 1948 1897 2003 544
1918 1962 2049 2000 nar-

2170 1946 2294 2017 τμὸς
2326 1941 2383 1999 δὲ
2411 1944 2593 2021 γέγονε
2623 1948 2743 2009 καθ’
2774 1943 2914 2015 ὅλης
2941 1953 3042 2015 τῆς
3076 1952 3178 2021 γῆς
3241 1946 3433 2020 μέγας,
3491 1945 3565 2006 ὡς
3615 1944 3703 1998 καὶ
3755 1943 3808 1998 ἐν

399 2044 696 2104 raverunt,
730 2054 865 2093 cum
899 2037 1161 2092 medium
1212 2036 1576 2091 Adriaticum
1610 2052 1771 2090 mare
1811 2035 2046 2106 naviga-

400 2134 554 2195 rent,
588 2145 767 2184 naves
793 2128 1063 2199 ipsorum
1093 2125 1167 2180 ad
1194 2126 1449 2180 fundum
1474 2125 1777 2180 desedisse
1797 2139 2050 2194 moxque

402 2235 638 2274 reversa
666 2234 821 2288 aqua
850 2216 1286 2287 navigationem
1319 2214 1665 2269 confecisse.

2161 2031 2538 2108 Ἀλεξανδρείᾳ
2620 2032 2792 2089 πλοῖα
2883 2032 3351 2108 προσωρμισμένα
3432 2038 3512 2104 τῷ
3570 2031 3811 2107 αἰγιαλῷ

2161 2121 2339 2177 ἐπάνω
2369 2121 2610 2197 γενέσθαι
2667 2129 2776 2178 τῶν
2839 2121 3095 2198 μεγάλῳν
3153 2126 3378 2197 τειχῶν.
3434 2121 3697 2179 Ναυτικοὶ
3756 2118 3815 2175 δέ

2161 2232 2299 2273 τινες
2330 2212 2665 2286 ἐξηγήσαντο
2723 2213 2797 2272 ὡς
2850 2213 2967 2266 κατ’
3024 2211 3230 2282 ἐκείνην
3289 2213 3389 2279 τήν
3449 2210 3591 2286 ὢραν
3651 2207 3812 2285 μέσον

403 2311 503 2361 τοῦ
537 2303 729 2380 Ἀδρία
760 2301 1032 2378 πελάγους
1066 2300 1344 2357 πλεόντων
1378 2301 1453 2363 εἰς
1482 2298 1752 2379 τοῦδαφος
1781 2300 1997 2354 καθίσαι
2047 2298 2115 2354 τὰ
2161 2300 2354 2369 πλοῖα,
2405 2301 2495 2355 καὶ
2547 2301 2681 2373 μετὰ
2731 2299 2912 2375 βραχὺ
2956 2298 3121 2355 πάλιν
3173 2298 3346 2355 ἐλθεῖν
3396 2301 3458 2355 τὸ
3509 2298 3678 2370 ὕδωρ,
3726 2299 3820 2354 καὶ

399 2393 542 2450 οὕτω
572 2393 830 2449 πλεῦσαι.

467 2487 684 2550 Quarto
707 2500 861 2539 anno
885 2483 1299 2554 aquaeductum
1348 2481 1658 2549 exstruxit,
1711 2480 1806 2535 cui
1841 2478 2052 2536 Valen-

398 2575 628 2630 tiniano
660 2589 879 2629 nomen
911 2578 1020 2627 est.
1047 2572 1529 2627 Valentinianum
1554 2569 2049 2638 accessitmulier,

402 2663 681 2719 Berenice
714 2663 976 2731 nomine,
1009 2678 1383 2733 conquerens
1413 2678 1552 2715 suas
1590 2659 1900 2715 facultates
1935 2658 2047 2713 sibi

399 2771 529 2810 esse
561 2770 595 2808 a
632 2752 876 2808 Rodano
906 2751 1224 2822 praeposito
1248 2755 1499 2821 ereptas.
1526 2751 1855 2820 Imperator
1874 2764 2056 2803 causa

402 2843 640 2915 cognita
670 2840 973 2896 mandavit
990 2846 1055 2895 ut
1077 2839 1314 2895 mulieri
1349 2856 1455 2894 sua
1476 2838 1886 2894 redderentur.
1907 2839 2053 2893 Cum

402 2938 601 2987 autem
632 2930 987 3001 praepositus
1038 2944 1157 2983 non
1215 2929 1438 2985 faceret
1481 2929 1791 3000 imperata,
1849 2943 2056 2982 rursus

406 3020 889 3076 Valentinianum
916 3019 978 3072 in
1009 3017 1174 3074 Circo
1206 3017 1425 3073 mulier
1454 3016 1828 3088 compellavit
1867 3033 1934 3071 ac
1983 3015 2055 3070 de

409 3108 784 3165 contumacia
811 3107 1112 3178 praepositi
1144 3107 1367 3162 retulit.
1402 3109 1550 3162 Eum
1573 3107 1896 3178 imperator
1915 3122 2055 3177 rogo

407 3200 469 3254 in
525 3198 710 3254 funda
767 3203 1086 3265 exstructo,
1145 3203 1212 3253 ut
1260 3203 1387 3252 erat
1463 3197 1731 3264 vestitus,
1787 3194 2056 3250 comburi

403 3288 606 3360 jussit,
639 3287 996 3359 mulierique
1027 3286 1157 3359 ejus
1186 3287 1343 3343 bona
1373 3285 1575 3341 omnia
1603 3283 1983 3357 adjudicavit.

478 3558 692 3623 Quinto
724 3571 881 3613 anno
932 3554 1147 3609 Valens
1203 3570 1338 3609 cum
1397 3552 1662 3608 Eudoxio
1721 3554 2057 3608 Graecorum

410 3663 590 3703 causa
617 3645 987 3701 Christianos
1045 3643 1316 3699 acerbius
1366 3660 1545 3714 quam
1593 3649 1728 3698 ante
1779 3659 2060 3714 persecu-

409 3742 508 3791 tus
541 3741 648 3790 est.

484 3827 656 3881 Sexto
684 3841 840 3880 anno
862 3823 1178 3878 Christiani
1201 3822 1276 3878 ad
1306 3822 1612 3879 Valentem
1638 3823 1862 3897 legatos
1887 3824 2059 3879 mise-

411 3920 570 3979 runt,
631 3914 785 3969 viros
843 3912 1165 3985 pontiﬁciaa
1230 3911 1535 3984 dignitatis
1592 3916 1679 3967 25.
1741 3915 1896 3978 Quos
1954 3913 2056 3968 ille

409 4021 618 4060 omnes
647 4020 770 4058 una
798 4019 934 4058 cum
965 4001 1102 4057 navi
1113 4001 1294 4073 jussit
1315 4002 1587 4068 cremari,
1615 4019 1746 4072 quae
1768 4021 1957 4075 usque
1984 4003 2059 4059 ad

410 4095 696 4165 Dacibyza
725 4092 1083 4165 perduravit.

2229 2483 2317 2550 Τῷ
2350 2476 2418 2533 δι’
2446 2474 2553 2535 ἔτει
2585 2480 2675 2534 τὸν
2732 2479 2950 2557 ἀγωγὸν
2997 2484 3094 2534 τοῦ
3153 2477 3349 2535 ὕδατος
3416 2477 3703 2552 οἷ’γοδομεῖ
3760 2478 3819 2533 ὅν

2162 2567 2617 2625 Οὐαλεντινιανὸν
2666 2569 2940 2642 ὠνόμασε·
3000 2570 3190 2642 Τούτῳ
3245 2573 3326 2641 τῷ
3382 2567 3820 2640 Οὐαλεντινιανῷ

2161 2657 2292 2730 γυνὴ
2352 2656 2656 2731 προσῆλθε,
2715 2655 2972 2731 Βερενίκη
3060 2653 3358 2731 λεγομένη,
3419 2653 3655 2733 λέγουσα
3715 2654 3818 2710 ὑπὸ

2160 2742 2416 2800 Ῥοδανοῦ
2456 2744 2817 2816 πραιποσίτου
2881 2742 3247 2820 διαρπαγῆναι
3298 2747 3397 2814 τήν
3461 2744 3663 2800 οὐσίαν’
3724 2742 3819 2806 οὕς

2162 2834 2348 2909 κρίνας
2410 2836 2437 2889 6
2489 2834 2746 2910 βασιλεὺς
2785 2831 3126 2904 ἀποδοθῆναι
3173 2834 3309 2908 αὐτῇ
3360 2835 3428 2889 τὰ
3474 2832 3592 2889 ἳδια
3648 2854 3819 2909 προσ-

2165 2924 2333 2994 έταξε.
2364 2926 2474 2981 Τοῦ
2506 2922 2563 2979 δὲ
2601 2924 2967 2999 πραιποσίτου
3001 2924 3078 2996 μή
3127 2924 3456 2997 πειθομένου
3507 2923 3819 2999 προσῆλθεν

2165 3016 2199 3082 ἡ
2232 3014 2400 3088 γονὴν
2432 3018 2511 3085 τῷ
2545 3012 2762 3089 βασιλεῖ
2801 3012 2887 3068 ἐπὶ
2942 3009 3342 3088 ἱπποδρομίου,
3393 3014 3483 3067 καὶ
3532 3014 3633 3082 τὴν
3674 3012 3824 3068 ἀπεί-

2167 3113 2310 3167 θειαν
2363 3100 2539 3171 ἐξεῖπε
2593 3106 2672 3173 τῷ
2730 3098 2966 3177 βασιλεῖ,
3028 3100 3251 3157 Κελεύει
3320 3101 3414 3155 οὗν
3471 3102 3498 3156 6
3560 3100 3822 3176 βασιλεὺς

2166 3191 2338 3267 πυράν
2363 3191 2508 3265 ἐντῇ
2562 3188 2826 3265 σφενδόνῃ
2880 3190 3184 3269 ἀναφθῆναι
3232 3191 3323 3245 καὶ
3375 3192 3466 3246 τὸν
3521 3192 3823 3266 πραιπόσι-

2164 3302 2259 3337 τον
2290 3284 2401 3356 (20)
2437 3283 2523 3354 [Ρ.
2566 3282 2693 3353 311]
2734 3280 2921 3342 αὐτοῖς
2979 3278 3210 3359 ἀμφίοις
3253 3282 3363 3354 (21)
3421 3278 3474 3336 ἐν
3530 3282 3672 3353 αὐτῇ
3729 3302 3824 3337 καο

2083 3344 2125 3410 C
2161 3373 2449 3441 τακαῆναι,
2508 3374 2577 3444 τῇ
2649 3366 2707 3424 δὲ
2765 3370 2983 3445 γυναικὶ
3041 3370 3141 3437 τήν
3201 3368 3386 3425 οὐσίαν
3434 3369 3598 3425 αὐτοῦ
3656 3374 3830 3425 πᾶσαν

2167 3458 2527 3530 ἀποδοθῆναι.

2238 3554 2332 3624 Τῷ
2362 3557 2399 3605 ε’
2427 3546 2533 3605 ἔτει
2563 3546 3019 3607 Οὐαλεντινιανοῦ
3051 3547 3274 3625 χείρονα
3304 3546 3552 3622 διωγμὸν
3598 3549 3826 3621 Οὐάλης

2170 3640 2305 3715 μετὰ
2336 3637 2598 3707 Εὐδοξίου
2648 3641 2746 3692 τοῦ
2799 3633 3026 3700 ἀσεϐοῦς
3086 3638 3218 3715 ὑπὲρ
3276 3643 3384 3694 τῶν
3443 3637 3822 3711 Ἑλληνιστῶν

2167 3731 2303 3805 πρὸς
2332 3729 2458 3789 τοὺς
2489 3725 2817 3803 ἀρθοδόξους
2852 3725 3098 3798 ἐποίησε.

2238 3818 2343 3875 Καὶ
2373 3822 2451 3889 τῷ
2481 3818 2525 3880 ς’
2555 3814 2660 3871 ἔτει
2716 3811 3003 3891 πρεσϐείαν
3045 3814 3370 3872 ἀπέστειλαν
3422 3819 3473 3872 οἳ
3530 3816 3819 3892 ὁρθόδοξοι

2167 3909 2304 3982 πρὸς
2329 3905 2670 3977 Οὐάλλεντα,
2702 3903 2901 3980 ἂνδρκς
2960 3905 3268 3981 ἱερατικοὺς
3330 3912 3401 3962 π¹⁶
3466 3903 3560 3970 οὕς
3617 3908 3826 3972 πάντας

2168 3997 2261 4053 σὺν
2290 4002 2369 4069 τῷ
2401 3995 2581 4068 πλοίῳ
2612 3997 2920 4072 ὑφαφθῆναι
2951 3993 3175 4066 Οὐάλης
3229 3995 3498 4065 ἐκέλευσε,
3549 3998 3639 4052 καὶ
3691 3998 3825 4052 πάν-

2166 4108 2253 4149 τες
2286 4088 2378 4142 σὺν
2411 4090 2479 4159 τῇ
2510 4085 2603 4155 νηί
2631 4082 3103 4160 κατεφλέχθησαν,
3139 4085 3307 4164 μέχρι
3361 4082 3676 4156 Δακιϐὐζων
3714 4089 3828 4162 (22)

2169 4181 2267 4232 σοῦ
2295 4174 2495 4231 πλοίου
2527 4172 2932 4247 διαρκέσαντος.

1616 4282 1979 4337 XYLANDRI
2009 4281 2095 4334 ET
2127 4278 2343 4335 GOARI
2377 4276 2595 4331 NOTAE.

476 4381 587 4452 (18)
621 4383 767 4452 Cum,
792 4379 885 4433 his
910 4382 1124 4452 praeter
1164 4378 1441 4452 historias
1474 4378 1802 4452 Marcellini
1831 4385 1889 4452 et
1918 4379 2059 4452 alio-

403 4468 537 4506 rum
570 4448 882 4523 gentilium
911 4448 1274 4523 conferenda
1320 4456 1459 4504 sunt
1508 4466 1640 4519 quae
1677 4450 1728 4523 _l.
1780 4468 1832 4504 Vl
1878 4451 2060 4506 habet

2169 4382 2228 4431 et
2256 4373 2532 4446 operibus
2555 4373 2992 4446 perennitatem
3021 4372 3433 4445 superstitiose
3448 4378 3826 4445 precaturus,

2171 4444 2368 4526 amplo
2401 4444 2463 4499 in
2486 4445 2773 4526 pepulum
2806 4444 3121 4526 distributo
3140 4444 3465 4526 congiario,
3493 4446 3655 4526 urbis
3681 4463 3827 4526 pra»

403 4499 803 4578 Ecclesoiasticae
844 4522 1085 4593 historia:
1116 4521 1491 4593 Sozomenus.
1527 4499 1693 4593 itpud
1733 4537 1868 4576 eum
1924 4539 2061 4593 pro-
2093 4499 2137 4563 Π
2169 4499 2359 4593 fectus
2389 4499 2638 4593 peregit.
2671 4517 2739 4570 In
2789 4499 3557 4593 sinistramlhujuscembdi
3580 4499 3827 4572 senten-

404 4593 627 4647 ditores
687 4591 1215 4665 Procopiiﬁr‘igelon
1249 4599 1325 4665 ret
1374 4591 1707 4665 Gomarius,
1741 4612 1783 4665 ῳ
1817 4591 2054 4665 magno,

402 4665 702 4735 leguntur,
737 4680 809 4729 v1,
843 4664 894 4717 8.
932 4663 1070 4718 Vide
1106 4668 1164 4717 et
1194 4664 1504 4733 Nicephori
1539 4664 1652 4719 l.x1
1675 4669 1734 4717 et
1756 4663 2055 4719 Socratem

403 4737 439 4790 l.
476 4751 546 4788 1v.
582 4735 897 4789 Oraculum
930 4735 1000 4790 de
1042 4735 1408 4789 Chalcedone
1454 4751 1526 4787 ex
1580 4736 1803 4789 Zonara
1852 4752 2054 4791 cmen-

402 4805 566 4871 davi;
597 4806 753 4875 quod
796 4806 974 4861 etiam
1023 4806 1181 4876 apud
1231 4806 1531 4866 Socratem
1577 4811 1786 4872 exstat,
1838 4825 1909 4871 ιν,
1963 4813 2051 4862 20.

398 4877 786 4948 Nympharum
821 4877 962 4949 quid
995 4877 1090 4943 sit,
1124 4878 1387 4947 disputat
1416 4876 1813 4949 Curspinianus
1858 4880 1917 4933 in
1951 4883 2053 4934 Va-

398 4947 579 5022 lente,
614 4947 874 5021 citatqne
908 4949 1377 5022 locu_m__Zo_narae
1409 4948 1509 5018 qui
1552 4947 1709 5005 idem
1759 4956 1850 5005 est
1896 4952 2054 5022 apud

396 5020 749 5087 Cedrenum,
776 5018 841 5076 ξι
871 5036 1002 5075 meo
1026 5018 1255 5090 judicio
1287 5019 1585 5074 diversum
1618 5018 1950 5078 sentientes
1967 5039 2054 5078 re-

393 5092 567 5174 fellit,
601 5124 669 5133 —
699 5094 836 5147 XYL.
871 5094 1157 5174 Νυμφαῖον
1177 5090 1655 5174 ¹(Ιοριιιιξριῲιὶοιε
1676 5093 2051 5174 celebrandis

393 5163 739 5235 nuptiarum
779 5160 1059 5235 conviviis
1091 5167 1148 5217 et
1177 5160 1575 5235 lud_is_di’cata.
1610 5166 1830 5235 Auctor
1877 5166 2050 5234 infra,

394 5230 679 5361 Νὶδμφαῖοό
718 5233 770 5287 έν
802 5234 950 5307 ᾧπερ
985 5235 1038 5287 οἱ
1066 5236 1238 5306 γάμοι
1269 5230 1514 5304 ἐγίνοντο
1539 5238 1645 5287 τῶν
1680 5234 1780 5288 οὐκ
1809 5230 2053 5308 ἐχόντων

394 5324 602 5361 οικους.
685 5323 812 5361 OAR.

394 5323 602 5366 οικους.
637 5323 812 5362 bOAR.

465 5378 579 5450 (19)
616 5379 764 5450 Diem
819 5380 1042 5450 festum
1080 5379 1192 5446 egit
1223 5376 1553 5450 _Xylander
1601 5377 2048 5450 interpretatur.

392 5446 481 5502 At
498 5446 676 5519 quem
698 5448 726 5504 ?
744 5465 860 5520 quo
882 5448 1048 5520 ritu?
1069 5464 1187 5520 qua
1204 5446 1275 5503 de
1305 5446 1485 5503 causa
1500 5448 1527 5503 ?
1541 5446 2046 5520 Paucis‘expedio.

392 5520 703 5591 Nascentis
734 5519 874 5575 anni
936 5519 1377 5591 celebritatem,
1423 5519 1632 5591 sopitis
1677 5527 1737 5574 et
1792 5519 1911 5576 non
1957 5539 2050 5577 ex-

389 5589 622 5662 stinctis
653 5590 725 5645 ob
770 5590 1004 5646 brevius
1044 5590 1207 5662 justo
1261 5589 1509 5662 Jovianii
1537 5590 1875 5662 imperium,
1928 5593 2046 5649 imo

380 5660 829 5736 jamireno‘vatis
847 5669 904 5717 et
926 5660 1195 5736 excitatis
1218 5661 1525 5736 gentilium
1551 5661 1785 5736 ritibus,
1815 5672 2047 5736 captata

388 5748 457 5786 ex
482 5734 790 5806 Nymphmi
815 5739 871 5788 et
894 5733 1280 5806 aqumductus
1290 5732 1416 5805 jam
1436 5733 1689 5788 absoluti
1709 5732 2041 5806 occasione,

389 5819 497 5859 ceu
529 5805 967 5861 dedicationem
985 5805 1297 5876 utriusque
1309 5810 1536 5860 vetusto
1557 5821 1721 5862 more
1734 5805 2045 5864 habiturus

2169 4591 2313 4645 tiam
2352 4589 2615 4644 adducor
2673 4604 2850 4658 pravo
2913 4588 3173 4644 Valentis
3232 4606 3372 4657 erga
3426 4589 3824 4644 Christianam

2168 4661 2517 4733 religionem
2545 4659 2744 4714 animo
2764 4664 2865 4733 ﬂet
2921 4658 3193 4733 libertate
3243 4660 3564 4733 gentilibus
3618 4661 3695 4733 ab
3720 4726 3734 4733 _
3754 4677 3824 4715 eo

2168 4726 2471 4793 concessa,
2496 4748 2634 4801 qua,
2663 4736 2728 4801 ut
2749 4731 3151 4801 Theodoretus
3177 4726 3348 4798 iv,'22
3374 4732 3597 4801 scribit,
3614 4726 3823 4801 Ἐλλη-

2166 4804 2318 4886 νικὰς
2375 4798 2598 4886 Σελετᾲς
2658 4798 2983 4886 ἐπετέλεσαν
3043 4803 3093 4855 οἱ
3177 4806 3247 4873 τῇ
3307 4801 3488 4886 πλένη
3547 4798 3824 4856 δεδουλώ·

2168 4877 2343 4948 μένοι.
2376 4874 2778 4948 Eamdemque
2814 4875 3053 4948 sugiliat
3082 4880 3289 4948 auctor
3310 4874 3560 4948 inferius
3587 4891 3743 4929 anno
3768 4878 3821 4929 7.

2166 4944 2756 5019 Moveoretiamnum
2788 4944 2946 5019 vocis
2968 4944 3288 5019 ἱερομηνίας
3314 4946 3826 5019 propri_etate,qua

2164 5021 2249 5076 nil
2276 5018 2686 5088 Christianum
2730 5017 3030 5088 sapimus,
3069 5034 3248 5087 quam
3297 5017 3569 5088 νουμηνίᾳ
3611 5024 3670 5073 et
3724 5035 3828 5070 κα-

2164 5086 2389 5150 λάνδαις
2421 5106 2456 5144 a
2495 5088 2748 5143 concilio
2779 5086 3059 5161 Trullano
3088 5086 3219 5143 can.
3253 5092 3321 5143 62
3354 5086 3413 5143 et
3440 5093 3506 5144 65
3548 5086 3822 5161 proscri-

2163 5165 2301 5235 ptis,
2327 5160 2743 5235 auctoritatem
2768 5175 2892 5235 no_n
2906 5160 3191 5235 mediocri
3212 5161 3501 5235 producta
3522 5160 3820 5235 congerie,

2207 5232 2617 5305 raeponderare
2637 5231 2811 5305 docet
2839 5231 3208 5305 Stephanus;
3235 5249 3414 5303 quam
3438 5231 3697 5305 denique
3722 5248 3819 5286 ce-

2186 5302 2408 5362 ebratis
2438 5302 2869 5376 saturnalibus,
2904 5303 3148 5376 antiquo
3180 5302 3267 5358 ac"
3285 5304 3537 5376 proinde
3568 5302 3816 5376 profano

2159 5380 2279 5434 ritu
2312 5374 2773 5448 peragi_fat_etur
2802 5374 3543 5448 Herodianus._Tiv_g’tpx1‘;v
3570 5374 3672 5428 ῖτοῦ
3708 5395 3815 5447 μη.

2159 5449 2252 5509 νὸς
2283 5441 2601 5520 ἱερομηνίαν
2630 5443 2821 5517 ’ὰγουσι
2850 5449 2929 5516 τῷ
2962 5449 3065 5520 τῷν
3094 5441 3320 5520 Ἰταλῶν
3347 5441 3476 5511 ἕθεὶῖ
3503 5441 3685 5520 ’(ΞοΑιι.

2230 5513 2345 5591 (20)
2370 5513 2691 5592 Simocatta
2722 5533 2791 5584 ιν,
2827 5513 2930 5592 ᾖδε
2966 5513 3248 5592 Εὐνοῦγον
3279 5516 3355 5579 εἷς
3379 5520 3487 5592 τήν.
3521 5517 3816 5592 βασιλικὴν

2158 5586 2486 5668 δορυφορίαν
2517 5586 2949 5668 συν-τεταγμένη
2975 5586 3429 5668 κορυφαιότατα),
3467 5586 3530 5644 ὃν
3578 5589 3818 5663 πραιπὸ-

2158 5656 2866 5735 σιέονέῗθιστο-Ῥωμαίοις
2924 5656 3248 5735 ἀποκαλεῖν,
3296 5656 3582 5735 ἐξέπεμψε.
3624 5656 3814 5719 ’(ΞΟΑΒ.

2235 5736 2349 5808 (2t)
2382 5730 2656 5808 Vestibus
2687 5732 2975 5808 nimirum
3007 5733 3187 5808 ofﬁcii
3235 5730 3592 5808 insignibus,
3640 5735 3815 5808 Com,

2230 5805 2339 5879 (22)
2373 5807 2732 5862 Sozomenus
2762 5821 2841 5874 v1,
2880 5807 2967 5874 14,
3018 5805 3242 5877 legatos
3287 5805 3693 5863 Nicomediam
3740 5805 3817 5863 ad
