4144 6414
294 341 410 400 593

296 558 472 616 ἄδειαν
544 557 747 615 δέδωκε
813 561 1004 624 θυσίας
1085 559 1174 615 καὶ
1268 560 1592 637 πανηγύρεις
1662 557 1951 615 ἐπιτελεῖν.

293 650 569 711 Ὡσαύτως
600 651 690 704 καὶ
725 646 1025 711 Ἰουδαίους
1084 648 1262 722 ἐτίμα.
1320 648 1534 709 Μόνους
1585 646 1642 703 δὲ
1686 649 1815 711 τοὺς
1861 646 1948 723 ὀρ-

297 737 552 809 οοδόξους
589 738 684 793 καὶ
717 739 784 793 τὰ
821 745 922 809 τῆς
954 738 1328 809 ἀποστολικῆς
1385 736 1714 807 Ἐκκλησίας
1741 738 1807 807 ἧν
1841 733 1953 791 δει-

295 833 399 892 νῶς
430 826 663 883 διώκων.

368 920 460 990 Τῷ
490 919 543 985 η’
576 912 685 972 ἔτει
715 915 1166 974 Οὐαλεντινιανοῦ
1224 916 1275 971 ἐν
1331 916 1650 995 ’Λντιοχείᾳ
1698 918 1798 981 τῆς
1850 921 1954 970 Συο

297 1007 415 1083 ρίας
459 1005 635 1071 ἐλθὼν
699 1004 924 1077 Οὐάλης
981 1003 1235 1062 πάνδεινα
1284 1006 1424 1061 κακὰ
1462 1010 1580 1066 τοῖς
1635 1000 1949 1079 ὀρθοδόξοις

290 1095 582 1167 ἐνδείξαιτο,
651 1093 899 1157 πολλοὺς
974 1096 1068 1167 μὲν
1133 1092 1345 1149 ἀνελὼν
1415 1093 1685 1169 μαχαίρᾳ,
1746 1090 1953 1156 ἄλλους

297 1184 594 1253 ἀποπνίξας
650 1183 728 1248 εἰς
782 1183 873 1238 τὸν
926 1182 1305 1258 παραρρέοντα
1354 1183 1620 1257 Ὀρόντην
1678 1182 1948 1256 ποταμόν,

290 1274 563 1336 Ὡσαύτως
599 1272 655 1328 δὶ
707 1273 798 1329 καὶ
856 1272 907 1328 ἐν
948 1271 1173 1348 Ἐδέσσῃ
1230 1276 1294 1329 τὸ
1351 1272 1566 1342 πλῆθος
1620 1277 1730 1327 τῶν
1789 1271 1951 1347 ὀρθο-

295 1362 461 1435 δόξων
549 1357 843 1419 συλλαϐὼν
931 1362 1202 1440 ἐφόνευσε.
1274 1363 1377 1419 Καί
1450 1383 1534 1425 τις
1601 1362 1735 1437 γυνή
1797 1360 1950 1435 ὀρθό-

294 1451 448 1524 δοξον
489 1453 551 1508 τὸ
578 1448 722 1507 ’ἰδιον
756 1452 942 1508 τέκνον
981 1451 1221 1508 ’ὲλκουσα
1272 1448 1482 1528 σπογδῇ
1528 1444 1697 1527 ἔλεγε·
1757 1453 1944 1524 Δεῦρο,

293 1542 505 1611 τέκνον,
540 1543 724 1617 καιρίς
781 1542 1102 1618 μαρτυρίαςο
1165 1542 1598 1615 μαρτυρήσωμεν
1664 1540 1795 1613 ὑπὲρ
1850 1542 1948 1593 τοῦ

292 1637 557 1709 Χριστοῦ.
589 1634 767 1689 Τοῦτο
796 1632 889 1687 τὸν
933 1631 1215 1690 Οὐάλεντα
1266 1629 1475 1707 ᾔσχυνε
1529 1630 1620 1685 καὶ
1670 1629 1732 1683 τὸ
1777 1627 1948 1696 ἄλγος

294 1720 556 1794 ἐκώλυσε,
590 1726 723 1777 Θεοῦ
751 1718 966 1793 δηλαδή
999 1725 1163 1776 τοῦτο
1195 1719 1680 1794 οἷκονομήσαντος.
1703 1718 1947 1790 Ὁμοίως

1431 338 1975 402 HISTORIARUM
2018 340 2584 403 COMPENDIUM.

361 472 452 527 Ἐν
481 467 538 525 δὲ
565 474 647 542 τῷ
679 471 723 540 ζ’
769 468 879 525 ’ἐτει
932 469 1153 541 Οὐάλης
1187 471 1215 527 ὁ
1251 470 1447 545 μιαρὸς
1502 474 1621 532 τοῖς
1677 467 1949 540 ’Ἐλλησιν
1980 473 2031 538 Α

3593 351 3713 414 594

2137 473 2394 545 Septimo
2426 489 2585 529 anno
2617 474 2905 531 scelestus
2931 476 3140 532 Valens
3162 479 3377 534 Graecis
3406 480 3709 540 licentiam

2063 562 2227 617 dedit
2255 564 2631 620 sacrificandi
2690 570 2748 620 et
2787 565 2972 621 festos
3011 566 3139 621 dies
3187 570 3417 639 agendi.
3470 573 3623 636 Quin
3654 580 3713 630 et

2058 652 2293 707 Judaaos
2326 653 2386 706 in
2442 653 2669 708 honore
2728 653 2954 709 habuit.
3017 655 3184 710 Solos
3242 658 3605 717 Christianos
3655 668 3715 718 et

2060 741 2417 813 apostolicas
2447 742 2742 798 Ecclesias
2771 743 3027 815 graviter
3055 745 3325 801 vexabat.

2132 922 2281 979 545
2318 923 2528 978 Octavo
2564 920 2963 977 Valentiniani
3022 939 3179 978 anno
3234 925 3446 981 Valens
3504 928 3713 982 Antio—

2059 1012 2256 1068 chiam
2290 1011 2471 1084 Syriae
2519 1011 2764 1067 veniens
2813 1012 3164 1069 Christianis
3212 1015 3436 1071 atrocia
3484 1016 3708 1081 intulit,

2059 1101 2279 1156 multos
2309 1100 2504 1173 gladio
2536 1100 2860 1169 trucidans,
2885 1101 3033 1156 alios
3051 1103 3111 1156 in
3136 1102 3471 1174 proﬂuente
3489 1106 3707 1163 Oronte

2060 1206 2350 1262 mergens.
2385 1190 2478 1244 Sic
2509 1196 2567 1243 et
2599 1188 2826 1244 Edessse
2858 1190 3225 1246 Christianos
3268 1194 3574 1249 turmatim
3605 1211 3700 1250 ca-

2058 1280 2229 1352 piens
2256 1279 2504 1335 necavit.
2564 1279 2688 1343 Quo
2742 1283 3008 1349 tempore
3048 1280 3320 1350 quasdam
3370 1282 3705 1339 Christiana

2057 1370 2273 1426 mulier
2286 1385 2458 1424 suum
2471 1367 2712 1423 ﬁliolum
2724 1385 2972 1439 propere
2986 1369 3704 1444 trahens:Eamus,inquit,

2056 1476 2189 1514 mea
2223 1458 2442 1530 proles,
2476 1462 2709 1529 tempus
2741 1460 2830 1512 est
2859 1457 3167 1513 veritatem
3190 1461 3476 1533 sanguine
3498 1469 3703 1519 nostro

2055 1534 2407 1620 obsignandi
2436 1563 2451 1602 :
2480 1546 2808 1601 moriamur
2839 1545 3057 1602 Christi
3089 1564 3287 1603 causa.
3321 1550 3441 1605 Hoc
3482 1551 3704 1607 factum

2059 1636 2285 1692 Valenti
2316 1634 2604 1707 pudorem
2636 1635 2887 1690 incussit
2917 1640 2973 1690 et
3004 1635 3231 1692 malum
3288 1638 3533 1701 sedavit.
3586 1641 3703 1696 Deo

2054 1727 2339 1782 nimirum
2378 1725 2461 1780 ita
2491 1724 2797 1797 dirigente.
2828 1725 3116 1781 Similiter
3153 1727 3334 1783 etiam
3366 1728 3428 1783 in
3475 1733 3703 1802 Cappa-

291 1811 379 1867 καὶ
410 1810 464 1866 ἐν
501 1807 860 1881 Καππαδοκίᾳ
915 1810 1009 1872 τὰς
1069 1808 1365 1879 ἐκκλησίας
1425 1810 1719 1883 Ἀρειανοῖς
1769 1826 1948 1881 παρα-

2062 1816 2224 1872 :locia
2253 1815 2537 1871 ecclesias
2589 1814 2825 1870 Arianis
2881 1814 3115 1871 tradere
3171 1817 3417 1885 studuit,
3464 1825 3703 1891 arrepta

295 1899 477 1957 δοῦναι
538 1895 857 1967 ἐσπούδασε,
914 1905 1015 1967 τῆς
1072 1897 1437 1959 ἐναντιώσεως
1497 1893 1827 1969 δραξάμενος
1877 1895 1945 1963 ἧς

293 1990 418 2067 ἔσχε
444 1989 593 2065 παρᾶ
641 1994 738 2045 τοῦ
801 1985 1047 2063 μεγάλου
1103 1985 1393 2042 Βασιλείου
1452 1985 1753 2046 Ἰουλιανὸς
1811 1987 1944 2056 (23),

293 2078 660 2157 πρεσϐυτέρου
699 2078 822 2133 τότε
850 2078 1223 2153 τυγχάνοντος
1268 2078 1367 2144 τῆς
1419 2071 1749 2144 Ἐκκλησίας
1810 2076 1948 2130 Και-

294 2170 532 2245 σαρείας,
590 2167 681 2222 καὶ
742 2161 1001 2223 Εὐσεϐίου
1070 2169 1167 2220 τοῦ
1225 2162 1525 2219 ἐπισκόπου
1592 2157 1946 2238 διεγείροντος

295 2259 370 2321 είς
394 2256 566 2329 ζῆλον
596 2253 934 2332 ὀρθοδοξίας.

360 2351 445 2420 Τῷ
479 2344 536 2401 δὲ
568 2346 614 2401 θ’
655 2340 759 2400 ἔτει
789 2348 887 2398 τοῦ
918 2341 1270 2399 πολυνάθλου
1301 2341 1617 2399 Ἀθανασίου
1645 2342 1781 2416 πρὸς
1840 2342 1950 2398 Κό-

299 2457 408 2513 ριον
482 2433 921 2508 ἐκδημήσαντος,
1011 2431 1482 2503 ἐπισκοπήσαντος
1567 2424 1661 2503 ἔτη
1729 2431 1837 2504 μς’,
1897 2430 1948 2485 έν

297 2526 566 2605 διωγμοῖς
597 2523 654 2580 δὶ
685 2524 776 2580 καὶ
805 2528 944 2589 τοῖς,
989 2520 1123 2597 ὑπὲρ
1180 2516 1452 2584 εὐσεϐείας
1494 2521 1691 2598 ἀγῶσι,
1743 2519 1947 2595 Πέτρος

298 2617 393 2686 τὴν
458 2614 764 2684 ἐπισκοπὴν
835 2608 1132 2683 διεδέξατο,
1188 2611 1246 2665 ’ὸν
1298 2611 1351 2664 οἱ
1409 2610 1674 2686 Ἀρειανοὶ
1727 2607 1949 2678 ἀπήλα-

302 2729 413 2767 σαν.
443 2706 587 2763 Τότε
616 2702 822 2760 πολλοὶ
864 2706 973 2758 τῶν
1034 2697 1341 2775 ἀροοδόξων
1392 2699 1562 2761 ἀθέως
1618 2699 1949 2775 ῄλίσθησαν,

302 2796 503 2853 πολλοὶ
537 2793 595 2851 δὲ
623 2794 715 2850 καὶ
748 2793 800 2849 ἐν
839 2791 1092 2867 βασάνοις
1122 2789 1542 2860 ἐτελειώθησαν.
1594 2792 1686 2862 Τῷ
1726 2787 1772 2844 δ’
1804 2790 1953 2862 αὐτῷ

300 2886 400 2942 ἐτει
470 2884 561 2940 καὶ
628 2884 657 2938 ὁ
719 2882 887 2957 μέγας
945 2880 1229 2940 Βασίλέιος
1312 2880 1413 2947 τῆς
1509 2879 1817 2952 Καισαρέων
1863 2876 1955 2932 ἐπ-

307 2975 598 3045 εσκόπησεν
655 2968 1012 3042 Ἐκκλησίας,
1068 2972 1166 3024 τοῦ
1220 2961 1488 3025 Εὐσεϐίου
1546 2962 1777 3031 εὐσεϐῶς
1834 2988 1951 3022 κοι-

311 3066 593 3139 μηθέντος.

369 3157 459 3226 Τῷ
520 3159 546 3206 ι’
599 3145 705 3205 ἔτει
761 3142 1095 3224 Ἀμϐρόσιος
1158 3147 1293 3220 μετὰ
1357 3142 1615 3215 Εὐδόξιον
1674 3151 1776 3214 τῆς
1831 3146 1946 3202 Ἐκ-

2052 1904 2466 1961 controversia:
2497 1905 2830 1969 occasione,
2863 1921 2996 1974 qum
3031 1904 3448 1961 intercesserat
3486 1924 3698 1980 magno

2055 1993 2290 2063 Basilio,
2325 1998 2464 2047 tunc
2523 1992 2866 2065 presbytero
2916 1992 3217 2062 Caesareae,
3272 2011 3408 2049 cum
3449 1996 3702 2052 Eusebio

2054 2083 2353 2155 episcopo,
2387 2082 2487 2153 qui
2520 2081 2592 2137 ad
2624 2082 3069 2137 aemulationem
3098 2099 3248 2138 veras
3274 2085 3579 2158 religionis
3610 2086 3705 2142 in-

2055 2170 2326 2243 stigabat.

2128 2352 2292 2406 Nono
2313 2366 2490 2418 anno,
2518 2365 2653 2405 cum
2676 2348 3011 2406 laboriosus
3044 2349 3144 2405 ille
3167 2351 3529 2409 Athanasius
3562 2371 3710 2425 qua-

2057 2439 2330 2513 draginta
2358 2456 2548 2494 annos
2581 2439 2927 2511 episcopatu
2957 2439 3222 2508 functus,
3255 2441 3460 2496 multis
3509 2459 3713 2514 perse-

2056 2528 2396 2584 cutionibus
2416 2532 2662 2600 propter
2681 2528 2981 2583 Christum
3004 2534 3270 2597 vexatus,
3286 2529 3360 2584 ad
3390 2531 3711 2586 Dominum

2056 2616 2524 2687 commigrasset,
2556 2618 2765 2672 Petrus
2795 2616 2856 2671 in
2901 2617 3310 2689 episcopatum
3355 2625 3445 2675 est
3496 2620 3711 2674 subro-

2055 2712 2244 2780 gatus.
2285 2706 2449 2760 Hunc
2480 2704 2681 2759 Ariani
2715 2704 3063 2777 abegerunt,
3101 2705 3392 2778 multique
3442 2724 3511 2762 eo
3559 2712 3712 2763 tem-

2054 2811 2198 2867 pore
2229 2793 2551 2848 Christiani
2593 2793 2774 2865 impie
2823 2799 2963 2849 sunt
3012 2795 3354 2863 excruciati,
3412 2797 3707 2868 multique

2056 2884 2214 2939 inter
2245 2888 2500 2938 torturas
2530 2882 2999 2956 exspiraverunt.
3031 2884 3252 2939 Eodem
3274 2901 3431 2940 anno
3453 2886 3708 2942 Basilius

2056 2990 2307 3045 magnus
2318 2973 2712 3028 Caesareensis
2727 2972 3004 3029 Ecclesiaa
3025 2974 3431 3047 episcopatum
3453 2974 3707 3050 adeptus

2058 3068 2168 3131 est,
2202 3062 2453 3118 Eusebio
2482 3063 2577 3133 pie
2610 3061 2907 3118 defuncto.

2128 3151 2369 3207 Decimo
2392 3168 2547 3207 anno
2569 3150 2915 3206 Ambrosius
2936 3150 3245 3208 Mediolani
3270 3154 3332 3207 in
3364 3154 3707 3227 episcopatu

383 3201 456 3226 ’Τ
525 3201 535 3206 ’
602 3201 703 3205 ⁷-⁷*
779 3201 961 3224 "FW"
1046 3201 1093 3209 7'
1158 3201 1169 3220 Ι
1243 3201 1246 3202 ⁷
1507 3201 1527 3215 ’³
1734 3201 1774 3214 ·“
1856 3201 1865 3202 7

305 3240 531 3312 κλησίας
587 3236 942 3297 Μεδιολανῶν
1011 3237 1280 3312 ἡγήσατο,
1339 3233 1793 3290 Οὐαλεντινιανοῦ
1850 3238 1945 3289 τοῦ

2128 3201 2363 3207 ______-
2394 3201 2541 3207 ﬁ“-
2569 3201 2912 3206 __--__--_-__
2936 3201 3245 3208 -_-_---_..-
3369 3201 3707 3227 -r----,_-..

2062 3241 2321 3297 Eudoxio
2351 3241 2656 3311 successit,
2689 3257 2823 3296 cum
2853 3239 2934 3295 ibi
2967 3240 3209 3313 degeret
3257 3241 3707 3300 Valentinianus

303 3329 563 3407 βασιλέως
594 3329 765 3384 ἐκεῖσε
797 3326 1104 3404 διάγοντος.
1159 3325 1259 3381 Καὶ
1304 3323 1407 3400 γάρ
1458 3325 1552 3379 τὸν
1609 3317 1948 3399 ’Λμϐρόσιον

298 3421 382 3476 ἐπὶ
437 3422 519 3491 τῷ
573 3415 823 3473 διαλῦσαι
880 3421 989 3470 τῶν
1047 3408 1579 3492 ἀμφισϐητουμένων
1661 3414 1948 3488 αἱρετικῶν

296 3510 386 3573 τὰς
441 3504 628 3585 ἔριδας
683 3503 1078 3572 ἀποσταλέντα,
1140 3501 1220 3559 ἔτι
1307 3504 1731 3580 κατηχούμενον
1800 3497 1949 3575 ὄντα,

296 3598 723 3673 ἐξαιτησάμενος
756 3598 783 3652 ὁ
830 3593 965 3658 λαὸς
1024 3589 1285 3649 ἐϐάπτισε
1342 3592 1432 3647 καὶ
1491 3591 1781 3647 ἐπίσκοπον
1840 3597 1953 3648 Με-

294 3687 564 3745 διόλανῶν
627 3685 900 3756 ἐποίησεν.
978 3685 1153 3757 ’Ὀπερ
1209 3680 1442 3741 ἀκούσας
1497 3679 1949 3744 Οὐαλεντινιανὸς

291 3777 632 3856 ὁβασιλεὺς,
662 3775 843 3851 Χάρις
876 3795 983 3843 σοι,
1035 3771 1161 3850 ἔφη,
1221 3772 1266 3825 ὦ
1307 3770 1547 3825 Δέσποτα
1599 3771 1694 3826 Θεέ
1750 3791 1944 3825 παντο-

288 3870 507 3945 κράτωρ
538 3866 629 3921 καὶ
664 3869 847 3938 Σῶτερ
879 3864 1134 3935 ἡμέτερε,
1188 3859 1272 3915 ὅτι
1330 3856 1468 3931 τῷδε
1515 3864 1595 3931 τῷ
1638 3856 1789 3934 ἀνδρὶ
1841 3858 1947 3935 ἐγὼ

288 3961 381 4033 μὲν
438 3957 695 4030 σώματα,
763 3953 826 4008 σὺ
886 3949 943 4006 δὲ
1000 3950 1180 4026 ψυχὰς
1238 3950 1535 4023 ἀνθρώπων
1595 3947 1944 4023 ἐνεχείρισας,

290 4045 585 4120 καὶταύτῃ
617 4044 713 4108 τὰς
751 4041 886 4116 ἐμὰς
947 4043 1163 4118 ψήφους
1222 4036 1430 4099 δικαίας
1480 4038 1775 4114 ἀπέφηνας.
1838 4040 1947 4100 Τῆς

288 4134 343 4193 δὲ
374 4136 592 4196 Δύσεως
621 4135 802 4203 πάσης
858 4127 1060 4205 Τριαδα
1118 4132 1201 4202 [Ρ.
1272 4130 1396 4202 312]
1463 4126 1756 4201 ὁμοούσιον
1812 4148 1947 4202 πρε-

290 4223 599 4294 σϐευούσης
655 4221 934 4298 ᾐτήσαντο
1012 4218 1479 4288 Οὐαλεντινιανὸν,
1561 4217 1649 4271 καὶ
1722 4216 1947 4286 ἐποίησε

284 4313 514 4372 σύνοδον
548 4311 599 4368 ἐν
633 4317 712 4384 τῷ
772 4307 1070 4382 Ἰλλυρικῷ
1136 4308 1276 4381 [24],
1330 4305 1418 4362 καὶ
1477 4307 1575 4376 τήν
1635 4303 1687 4360 έν
1742 4305 1947 4376 Νικαίᾳ

278 4408 464 4461 πίστιν
526 4401 814 4476 ἐκύρωσεν.
875 4393 1108 4455 Ἴδικτον
1166 4394 1225 4451 δὲ
1280 4389 1504 4470 ἔγραψεν
1561 4392 1944 4452 Οὐαλεντινιαο

278 4495 367 4557 νὸς
398 4497 525 4554 τοῖς
573 4490 626 4545 ἐν
668 4487 820 4560 Ἀσίᾳ
871 4485 962 4542 καὶ
1013 4485 1225 4563 Φρυγίᾳ
1271 4484 1361 4539 καὶ
1411 4488 1542 4539 πᾶσι
1597 4488 1713 4545 τοῖς
1765 4482 1816 4538 ἐν
1874 4487 1943 4557 τῇ

2057 3331 2400 3402 imperator.
2434 3330 2660 3402 Quippe
2691 3329 3088 3399 Ambrosium,
3122 3346 3257 3385 cum
3287 3330 3338 3386 is
3368 3331 3525 3388 546
3558 3333 3707 3387 mis-

2059 3438 2159 3476 sus
2201 3426 2358 3476 esset
2412 3420 2486 3475 ad
2542 3420 2700 3475 rixas
2765 3419 3181 3475 hmreticorum
3239 3421 3706 3492 componendas,

2056 3510 2384 3565 etiamnum
2417 3509 2975 3577 cathechumenum,
3035 3508 3291 3581 populus
3337 3509 3704 3582 depoposcit,

2054 3599 2465 3672 baptizatoque
2489 3598 2894 3670 episcopatum
2913 3597 3413 3654 Mediolanensem
3427 3600 3703 3656 credidit.

2053 3687 2119 3743 Id
2149 3705 2285 3744 cum
2316 3687 2730 3743 Valentiniano
2760 3687 3106 3759 imperatori
3137 3694 3296 3743 esset
3353 3688 3703 3760 indicatum,

2054 3778 2300 3845 Gratias,
2334 3776 2436 3847 ait,
2469 3776 2573 3832 tibi
2629 3793 2758 3848 ago,
2802 3777 3050 3831 Domine
3101 3778 3255 3833 Deus
3299 3779 3703 3850 omnipotens,

2053 3868 2212 3939 quod
2243 3884 2375 3922 cum
2409 3883 2513 3940 ego
2545 3867 2683 3922 huic
2710 3867 2833 3923 viro
2878 3883 3130 3939 corpora
3179 3868 3489 3924 hominum
3538 3886 3702 3924 com—

2052 3957 2374 4025 misissem,
2427 3962 2489 4011 tu
2547 3956 2598 4010 ei
2661 3957 2894 4012 animas
2951 3957 3459 4024 commendavisti,
3500 3957 3701 4027 itaque

2052 4062 2253 4101 meum
2298 4045 2640 4117 suffragium
2694 4045 3058 4117 approbasti.
3109 4046 3254 4100 Cum
3297 4052 3495 4101 autem
3544 4049 3703 4102 totus

2052 4134 2344 4191 Occidens
2356 4135 2702 4189 Trinitatem
2718 4133 3286 4189 consubstantialem
3303 4135 3449 4206 proli
3461 4141 3702 4206 teretur,

2054 4223 2504 4278 Valentinianus
2535 4227 2775 4294 rogatus
2798 4221 3116 4277 concilium
3139 4222 3200 4275 in
3221 4222 3460 4294 Illyriao
3491 4224 3704 4294 coegit,

2052 4313 2233 4383 inque
2261 4329 2329 4367 eo
2386 4311 2564 4367 ﬁdem
2621 4311 2919 4366 Nicaenam
2975 4311 3369 4366 conﬁrmavit.
3431 4311 3704 4368 Edictum

2052 4419 2288 4474 quoque
2319 4401 2485 4457 misit
2512 4400 2585 4457 ad
2616 4400 2791 4468 Asiae,
2810 4399 3077 4471 Phrygias
3102 4416 3427 4471 omnesque
3446 4401 3704 4457 Orientis

2051 4489 2384 4561 episcopos,
2413 4504 2528 4558 quo
2560 4486 2887 4542 mandabat
2912 4491 2979 4541 ut
3026 4491 3253 4542 starent
3302 4487 3538 4543 concilii
3595 4487 3701 4542 de-

277 4580 557 4655 Ἀνατολῇ
589 4578 938 4648 ἐπισκόποις,
970 4573 1223 4649 ἐμμένειν
1255 4579 1373 4636 τοῖς
1425 4573 1749 4649 ὡρισμένοις
1801 4575 1946 4665 παρα

2062 4577 2254 4645 cretis,
2287 4578 2480 4633 socios
2513 4576 2626 4631 sibi
2660 4592 2727 4631 eo
2753 4575 2816 4631 in
2843 4575 3036 4630 edicto
3067 4575 3372 4631 ascribens
3395 4575 3703 4632 Valentem

277 4680 378 4743 τῆς
433 4666 670 4727 συνόδου
729 4665 1220 4742 παρεγγυώμενος,
1296 4660 1593 4724 κοινωνοὺς
1647 4660 1812 4717 αὐτοῦ
1852 4660 1943 4716 καἰ

279 4764 565 4822 Οὐάλεντα
589 4762 682 4815 τὸν
717 4755 952 4837 ἀδελφὸν
984 4757 1074 4811 καὶ
1114 4755 1408 4830 Γρατιανὸν
1455 4755 1547 4810 τὸν
1601 4755 1715 4809 υἱὸν
1770 4775 1942 4830 προσ-

280 4849 594 4927 λαϐόμενος
628 4849 680 4905 ἐν
708 4851 788 4920 τῷ
819 4844 1033 4918 ἷδίκτῳ.
1062 4844 1196 4902 Τότε
1226 4843 1316 4898 καὶ
1346 4845 1653 4920 Γρηγόριος
1683 4845 1711 4898 ὁ
1744 4843 1942 4899 Θεολό-

277 4966 375 5020 γος
434 4948 542 5011 τῆς
603 4932 1236 4996 Κωνσταντινουπόλεως
1296 4932 1624 5003 Ἐκκλησίας
1683 4932 1941 5007 προέστη,

277 5039 397 5096 ταῖς
423 5027 722 5090 Βασιλείου
780 5027 872 5081 καὶ
941 5023 1207 5081 Μελετίου
1272 5023 1364 5077 καὶ
1420 5026 1530 5077 τῶν
1571 5021 1785 5078 λοιπῶν
1841 5029 1942 5093 τῆς

278 5116 560 5182 εὐσεϐείας
606 5115 945 5191 ὑπερμάχων
1010 5113 1351 5190 εἶσηγήσεσι.
1407 5110 1513 5166 Καὶ
1572 5110 1617 5165 εί
1679 5112 1754 5184 μή
1814 5114 1943 5191 φθά-

2054 4667 2299 4722 fratrem
2332 4671 2390 4722 et
2416 4668 2758 4722 Gratianum
2787 4663 2977 4720 tilium
3008 4681 3203 4720 suum.
3227 4667 3388 4721 Tunc
3411 4671 3468 4721 et
3494 4668 3706 4740 Grego-

2054 4756 2179 4810 rius
2210 4755 2538 4828 Theologus
2570 4754 2888 4826 Cpolitanaa
2918 4753 3198 4810 Ecclesiae
3238 4755 3537 4826 profectus
3590 4762 3701 4814 est.

2055 4847 2290 4912 Basilio,
2324 4847 2556 4903 Meletio
2589 4864 2655 4902 ac
2681 4846 2926 4916 reliquis
2955 4845 3057 4917 qui
3088 4863 3195 4918 pro
3226 4864 3364 4902 vera
3414 4847 3702 4921 religione

2053 4936 2509 5010 propugnabant
2557 4935 2921 4991 auctoribus.
2973 4934 3139 5000 Quod
3199 4936 3316 4991 nisi
3374 4937 3425 4991 is
3472 4942 3704 4993 mature

2052 5025 2260 5081 urbem
2291 5030 2647 5094 revocasset,
2679 5025 2888 5095 utique
2916 5029 3100 5079 totam
3130 5025 3349 5079 Ariana
3401 5030 3460 5079 et
3506 5027 3705 5081 Euno-

2052 5114 2259 5170 miana
2291 5114 2421 5169 lues
2447 5119 2818 5186 occupasset,
2852 5129 2986 5168 cum
3005 5114 3136 5186 jam
3169 5117 3294 5168 tum
3325 5113 3528 5168 omnia
3554 5121 3707 5170 tem-

1496 5211 1859 5267 XYLANDRI
1898 5212 1985 5266 ET
2023 5212 2237 5268 GOARI
2278 5213 2500 5267 ΝΟΤᾹΞ.

280 5322 597 5377 Valentem
625 5317 858 5374 venisse
889 5313 1132 5378 scribit;
1165 5327 1375 5366 navem
1406 5326 1612 5366 eorum
1636 5311 1942 5366 incensam

280 5394 489 5459 fuisse,
522 5407 657 5446 cum
690 5386 957 5443 medium
992 5383 1208 5459 Astacii
1242 5383 1408 5459 sinus
1466 5383 1833 5459 navigarent,
1885 5388 1944 5437 et

282 5454 581 5535 usquead
611 5455 1240 5535 Dacidajnmaritimze
1267 5454 1789 5535 Bithynia‘a‘p'agum
1808 5471 1939 5535 Per-

285 5523 555 5605 durasse.
617 5528 1059 5605 Apud_Suidam
1109 5541 1344 5605 quoque
1503 5523 1725 5605 υρξάλῖης
1770 5523 1935 5605 μέχρι

288 5600 614 5672 Δακιϐίζων.
648 5596 815 5676 Apud
853 5600 1248 5671 Nicephorum
1278 5596 1508 5668 legitur
1548 5597 1632 5651 ita
1667 5605 1735 5652 ut
1781 5596 1937 5670 apud

285 5674 715 5734 SozomenumJ
736 5674 873 5730 XYL.

2124 5314 2237 5381 (23)
2270 5313 2588 5389 ln__Graaco
2635 5312 2803 5368 locus
2855 5315 2955 5389 est
2988 5309 3340 5389 depravatae
3384 5314 3442 5389 et
3488 5311 3707 5389 Juli_ani

2051 5380 2273 5458 nomen
2307 5383 2739 5439 alienissimum
2770 5400 2804 5437 a
2833 5380 3148 5458 sententia
3170 5380 3551 5458 inculcatum.
3588 5385 3704 5458 Ego

2052 5454 2363 5509 historiam
2397 5462 2634 5511 secutus
2668 5472 2821 5518 sum,
2854 5468 3031 5523 quam
3053 5451 3232 5506 habet
3262 5452 3491 5508 Sozom.
3517 5471 3589 5524 vn,
3617 5451 3701 5524 f5,

2050 5532 2109 5580 et
2135 5527 2500 5591 Nicephorus
2540 5544 2618 5591 χι,
2653 5529 2738 5580 18.
2773 5525 2912 5579 XYL.

2120 5600 2234 5668 (24)
2267 5600 2488 5654 Sirmii.
2524 5600 2662 5652 XYL.
