4144 6428
366 360 484 422 895

1731 352 2047 417 GEORGII
2093 354 2437 423 CEDitENl

3670 360 3794 422 596

368 496 467 567 pla
498 509 568 550 ea
600 492 803 548 infecti
836 492 1196 555 obtinerent,
1231 494 1472 561 excepto
1493 495 1709 545 sanctae
1744 489 2020 565 martyris

2328 493 2343 513 λ
2666 494 2681 513 θ
2864 492 2875 513 Ι
3145 498 3171 509 ν
3310 493 3335 511 ﬂ
3454 500 3482 511 ιν
3579 492 3590 513 9
3713 495 3722 511 Ι

2156 511 2229 552 τας
2283 512 2382 562 την
2442 493 2605 550 πόλιν
2657 493 3038 563 ανεκαλεσατο,
3100 515 3244 549 πασα
3302 514 3363 547 αν
3418 514 3518 564 της
3594 501 3794 571 Apsum

369 584 702 639 Anastasius
726 582 1002 636 oratorio.
1028 580 1383 635 Arianorum
1411 585 1550 633 tunc
1582 578 1693 632 fuit
1713 579 2027 655 epiSCOpus

377 671 786 743 Demophilus.
822 669 1039 724 Eodem
1074 675 1339 739 tempore
1372 667 1683 740 Gregorius
1729 669 2027 739 Nyssenus

377 768 439 817 et
468 764 698 827 Petrus,
730 759 943 814 fratres
975 757 1196 825 Basilii,
1226 756 1586 812 claruerunt.
1611 758 1901 809 Caeterum
1927 756 2026 809 Va-

376 851 749 904 lentinianus
779 848 945 901 fratri
977 846 1208 901 Valenti
1241 862 1449 916 pravas
1497 845 1569 899 de
1616 844 1794 898 rebus
1845 844 2029 898 sacris

382 939 692 1010 opiniones
713 934 1308 1006 exprobravit,neque
1332 935 1383 988 ei
1404 933 1726 1005 postulanti
1742 933 2030 988 auxilium

380 1028 658 1082 adversus
688 1026 929 1079 Gotthos
961 1024 1142 1091 misit,
1178 1022 1404 1078 homini
1455 1029 1662 1078 contra
1708 1025 1890 1077 Deum
1924 1038 2029 1094 pu-

379 1115 582 1187 gnanti
610 1113 894 1169 auxilium
926 1111 1238 1168 ferendum
1271 1129 1400 1167 esse
1430 1128 1672 1184 negans.

451 1392 602 1449 547
629 1393 801 1446 Anno
826 1390 916 1445 sui
940 1384 1176 1461 imperii
1207 1388 1266 1443 11
1304 1387 1754 1444 Valentinianus
1785 1401 2033 1459 magnus

380 1482 491 1536 hoc
523 1478 697 1535 modo
732 1479 1006 1534 decessit.
1041 1478 1401 1532 Sauromata:
1434 1475 1505 1533 ab
1567 1476 1693 1549 ipso
1746 1477 1878 1531 victi
1930 1492 2031 1547 pe-

382 1568 579 1625 tendas
609 1568 774 1640 pacis
834 1584 1012 1622 causa
1070 1567 1293 1637 legatos
1352 1566 1655 1621 miserant.
1699 1567 1853 1630 Quos
1899 1582 2033 1620 cum

385 1660 515 1729 ipse
547 1658 933 1726 examinaret,
986 1655 1424 1729 responderunt
1472 1672 1533 1709 se
1587 1655 1856 1709 omnium
1906 1671 2034 1708 esse

386 1749 611 1819 primos
641 1752 819 1817 atque
853 1745 1213 1817 potissimos.
1249 1746 1597 1816 Imperator,
1631 1760 1764 1799 cum
1799 1744 1893 1798 isti
1944 1743 2033 1797 di-

386 1842 590 1892 cerent
615 1853 675 1890 se
709 1835 975 1891 omnium
1009 1835 1531 1905 praestantissimos
1554 1833 1616 1887 in
1650 1838 2033 1905 conspectum

389 1926 518 1997 ejus
550 1925 805 1993 venisse,
840 1939 1052 1997 magna
1098 1924 1155 1977 vi
1207 1922 1601 1978 exclamavit:
1655 1922 1798 1977 Male
1844 1921 2037 1995 agitur

386 2032 521 2071 cum
576 2017 840 2070 Romano
894 2012 1165 2084 imperio,
1222 2012 1380 2083 quod
1439 2013 1499 2066 in
1559 2011 2038 2067 Valentinianum

386 2105 581 2171 desiit,
616 2120 751 2159 cum
784 2105 1167 2169 Sauromatas,
1224 2102 1328 2157 tali
1377 2101 1653 2156 homines
1702 2099 2039 2155 conditione

386 2195 775 2264 omniumque
806 2192 1149 2247 mortalium
1182 2191 1439 2246 maxime
1494 2188 1887 2255 miserabiles,
1939 2189 2039 2244 ad-

386 2300 591 2338 versus
622 2282 771 2336 illud
802 2282 1132 2351 insurgunt.
1167 2282 1289 2345 Qua
1345 2296 1414 2341 ex
1458 2280 1835 2333 contentione
1884 2279 2041 2333 vocis

391 2378 449 2427 et
478 2387 766 2427 manuum
796 2371 1011 2441 plausu
1043 2385 1194 2423 vena
1220 2372 1411 2439 rupta,
1435 2384 1565 2423 cu'n
1587 2368 1894 2437 sanguinis
1917 2367 2043 2437 plu-

389 2460 607 2515 rimum
641 2459 936 2532 ejecisset,
970 2456 1031 2513 in
1063 2456 1320 2529 quodam
1356 2456 1557 2512 Galliaa
1589 2455 1835 2513 castello
1862 2456 2043 2510 vitam

392 2550 659 2620 reliquit.

463 2639 686 2694 Exinde
701 2638 951 2693 Romani
969 2637 1272 2691 Valentem
1296 2636 1426 2713 ejus
1453 2635 1696 2693 fratrem
1716 2636 2043 2707 Augustum

394 2728 692 2783 salutant:
725 2727 776 2781 is
808 2725 1123 2797 imperavit
1178 2725 1524 2783 triennium.
1583 2724 1663 2783 Eo
1711 2724 2043 2801 imperante

392 2817 586 2873 Gotthi
618 2816 868 2886 trajecta
898 2813 1170 2869 Maeotide
1201 2812 1439 2893 palude,
1499 2818 1801 2887 praeeunte
1851 2829 2042 2883 cerva,

392 2907 455 2961 in
484 2904 793 2961 Thraciam
825 2908 1138 2972 venerunt,
1195 2902 1378 2973 inque
1433 2902 1580 2957 duas
1628 2902 1795 2957 divisi
1848 2910 2045 2974 partes

390 2995 619 3051 bellum
641 2993 829 3049 altera
849 2992 1020 3048 alteri
1041 2988 1539 3047 fecerunt.Altera
1568 3008 1705 3072 pars
1737 3009 1770 3047 a
1799 2992 2044 3051 Valente

393 3084 695 3156 suppetias
726 3083 1063 3155 postulavit,
1097 3083 1451 3154 promittens
1481 3098 1543 3137 se
1566 3082 1797 3137 Christo
1823 3098 2043 3145 nomen

390 3174 699 3241 daturam;
734 3172 895 3243 iique
926 3169 1119 3243 potiti,
1152 3170 1429 3241 baptizati
1479 3168 1759 3226 Arianam
1806 3171 2042 3242 religio-

2136 578 2225 634 καὶ
2282 581 2556 656 Εὐνομίου
2649 577 2838 654 λώϐης
2919 581 3243 658 ἐπληρώθη·
3305 582 3476 649 πάσας
3534 583 3638 657 γὰρ
3694 583 3793 644 τὰς

2138 668 2466 743 Ἐκκλησίας
2523 668 2679 726 αὐτοὶ
2738 678 3017 751 κατεῖχον,
3078 669 3224 740 πλὴν
3280 674 3378 725 τοῦ
3458 678 3560 739 τῆς
3634 670 3800 748 ἁγίας

2140 757 2414 833 μάρτυρος
2470 759 2850 823 Ἀναστασίας.
2920 759 3250 819 Ἐπίσκοπος
3307 756 3362 813 δὲ
3412 763 3520 814 τῶν
3579 760 3796 834 Ἀρεια-

2137 852 2243 903 νῶν
2302 849 2368 917 ἦν
2429 847 2777 924 Δημόφιλος.
2834 850 3144 927 Γρηγόριος
3204 846 3261 905 δὲ
3306 849 3432 905 τότε
3486 849 3516 904 ὁ
3575 848 3798 918 Νύσσης

2136 935 2225 990 καὶ
2285 936 2510 1013 Πέτρος,
2571 936 2799 1011 ἀδελφοὶ
2858 937 3172 1010 Βασιλείου,
3250 934 3578 1011 διέλαμπον,
3648 937 3800 996 Οὐα-

2138 1025 2461 1089 λεντινιανὸς
2513 1024 2570 1082 δὲ
2630 1024 2877 1086 ὠνείδισε
2932 1026 3215 1085 Οὐάλεντα
3271 1026 3363 1087 τὸν
3422 1023 3660 1103 ἀδελφὸν
3719 1026 3798 1090 ὡς

2138 1109 2456 1188 κακόδοξον,
2522 1116 2598 1188 μή
2656 1116 2875 1190 πέμψας
2930 1115 3076 1188 αὐτῷ
3140 1116 3396 1193 βοήθειαν
3474 1112 3612 1172 κατά
3684 1118 3795 1168 τῶν

2139 1204 2358 1259 Γότθων
2392 1205 2655 1277 αἰτοῦντι,
2715 1204 2841 1263 ἀλλ’
2904 1203 3087 1261 εἶπών·
3150 1207 3225 1262 Οὐ
3284 1204 3437 1283 θέμις
3497 1202 3795 1277 ἐπαμύνειν

2141 1290 2294 1367 ἀνδρὶ
2327 1295 2610 1373 θεομάχῳ.

2210 1386 2297 1456 Τῷ
2331 1388 2395 1436 ta‘
2446 1381 2555 1439 ἔτει
2611 1380 3064 1447 Οὓαλεντινιανὸς
3124 1383 3152 1438 ὁ
3224 1383 3392 1460 μέγας
3453 1379 3799 1455 ἐτελεύτησε,

2144 1470 2473 1545 βασιλεύσας
2501 1467 2596 1547 ἔτη
2662 1474 2749 1541 ια’,
2804 1474 2994 1550 τρόπῳ
3050 1468 3269 1544 τοιῷδε·
3322 1472 3390 1527 Οἱ
3449 1471 3800 1546 Σαυρομάται

2143 1560 2231 1614 ὑπ’
2288 1561 2453 1617 αὐτοῦ
2512 1564 2803 1635 ἠττηθέτες
2858 1558 3113 1639 πρέσϐεις
3197 1562 3333 1641 πρὸς
3394 1561 3553 1618 αὐτὸν
3626 1556 3798 1633 ἔπεμν·

2141 1651 2242 1723 ψαν
2278 1650 2552 1714 αἰτοῦντες
2593 1651 2832 1728 εἰρήνην.
2870 1653 3056 1708 Αὐτοῦ
3100 1649 3153 1706 δὲ
3199 1652 3429 1712 τούτους
3484 1650 3800 1723 ἐρωτῶντος

2143 1738 2189 1793 εἷ
2227 1742 2422 1802 πάντες
2473 1742 2523 1795 οἱ
2584 1743 2934 1817 Σαυρομάται
2990 1739 3234 1796 τοιοῦτοί
3292 1739 3424 1795 εἰσιν
3482 1738 3795 1817 άκρότατοι,

2068 1828 2230 1928 Βκαῖ
2271 1827 2450 1886 αὐτὼν
2510 1828 2801 1902 εἷ’πόντων,
2860 1828 2965 1901 ὅτι,
3025 1828 3160 1893 Τοὺς
3227 1828 3537 1902 κρείττονας
3577 1827 3793 1883 πάντων

2154 1913 2220 1928 να
2290 1912 2313 1928 ,ι
2565 1919 2576 1928 .
2648 1919 2660 1928 .
2715 1924 2738 1928 _
2863 1918 2875 1928 .
3039 1920 3078 1928 .-
3209 1920 3233 1928 ,Α
3309 1918 3318 1928 .
3463 1912 3486 1928 ..
3659 1926 3666 1928 _
3774 1914 3787 1928 .

2143 1913 2251 1972 ὦδε
2287 1912 2436 1995 ἔχεις
2490 1919 2580 1974 καὶ
2641 1919 2792 1993 ὁρᾷς,
2852 1918 3149 1992 ἀνακράξας
3205 1918 3401 1993 βιαίως
3461 1912 3586 1993 ἔφη·
3646 1914 3799 1971 Δεινᾶ

2142 2007 2430 2085 Ῥωμαίων
2473 2011 2508 2076 ἡ
2574 2006 2825 2086 βασιλεία
2886 2007 3145 2082 ὑπομένει
3203 2006 3279 2068 εἷς
3348 2004 3801 2062 Οὐαλεντινιανὸν

2144 2090 2376 2169 λήξασα,
2422 2095 2467 2150 εί
2528 2098 2882 2172 Σαυρομάται
2941 2100 3185 2152 τοιοῦτοι
3243 2098 3393 2156 ’ὀντες
3459 2094 3807 2170 οἷκτρότατοι

2142 2184 2438 2256 Ῥωμαίοις
2468 2184 2956 2258 κατεξανίστανται.
3015 2186 3113 2242 Ἐκ
3166 2182 3222 2239 δὲ
3278 2191 3381 2255 τῆς
3445 2185 3653 2248 τάσεως
3712 2183 3806 2238 καὶ

2144 2277 2240 2331 τοῦ
2271 2275 2472 2350 κρότου
2525 2278 2634 2334 τῶν
2689 2280 2894 2355 χειρῶν
2940 2271 3144 2353 φλεϐὸς
3202 2273 3461 2351 ῥαγείσης
3526 2272 3612 2328 καὶ
3662 2272 3815 2328 πλεί-

2146 2372 2275 2417 στόυ
2328 2359 2685 2425 ἀναδοθέντος
2718 2363 2989 2441 αἳματος,
3022 2361 3074 2421 ἔν
3126 2386 3232 2419 τινι
3282 2363 3527 2441 φρουρίῳ
3574 2360 3817 2426 Γαλλίας

2144 2453 2382 2523 θνήσκει.

2219 2630 2324 2687 Καὶ
2356 2631 2746 2708 ἀναγορεύουσι
2778 2632 3052 2707 Ῥωμαῖοι
3096 2632 3384 2690 Οὐάλεντα
3432 2630 3527 2687 τὸν
3575 2628 3813 2710 ἀδελφὸν

2148 2721 2312 2781 αὐτοῦ
2344 2718 2686 2797 Αὔγουστον,
2727 2721 2785 2789 ὅς
2834 2721 3128 2798 ἐκράτησεν
3184 2721 3279 2791 ἔτη
3331 2723 3402 2797 γ’.
3462 2721 3585 2779 Ἐπὶ
3645 2721 3813 2777 αὐτοῦ

2149 2811 2200 2864 οἰ
2259 2810 2452 2866 Γότθοι
2509 2814 2831 2887 περάσαντες
2890 2814 2989 2883 τήν
3055 2809 3347 2884 Μαιώτιδα
3405 2808 3609 2885 λίμνην
3677 2808 3811 2865 ἐλά-

2150 2921 2252 2979 φου
2284 2902 2645 2977 ἡγησαμένης
2703 2901 2894 2962 αὐτοῖς
2958 2900 3127 2971 ἦλθον
3164 2900 3240 2963 εἰς
3272 2901 3369 2971 τὴν
3431 2901 3665 2974 Θράκην,
3718 2900 3809 2953 καὶ

2151 2987 2246 3043 δύο
2272 2993 2556 3065 γεγονότες
2603 2991 2741 3064 μέρη
2801 2989 3077 3061 ἀλλήλοις
3136 2988 3441 3068 ἐμάχοντο.
3511 2989 3608 3043 Καὶ
3669 3011 3813 3063 συμ-

2154 3081 2360 3157 μαχίαν
2401 3078 2719 3151 αἰτήσαντες
2776 3081 2828 3135 οἱ
2885 3085 2984 3135 τοῦ
3041 3080 3158 3142 ένὸς
3212 3080 3409 3157 μέρους
3469 3080 3616 3154 παρὰ
3673 3078 3809 3135 Οὐά-

2156 3169 2346 3233 λεντος
2376 3167 2571 3245 ἔτυχον
2621 3168 2914 3245 ὑποσχέσει
2961 3173 3059 3228 τοῦ
3120 3169 3486 3248 Χριστιανοὺς
3544 3166 3811 3245 γενέσθαι⁸

388 3279 527 3319 nem
559 3232 699 3317 sunt
726 3232 944 3329 secuti,
968 3232 1147 3332 quam
1180 3232 1248 3314 et-
1272 3259 1479 3315 Valens
1521 3259 1773 3315 colebat.
1836 3232 2041 3315 Postea

2336 3232 2341 3233 γ
2473 3232 2512 3245 ι.
2767 3232 2805 3245 η.
3175 3232 3183 3248 .
3558 3232 3568 3245 .

2158 3259 2276 3312 ὅθεν
2346 3257 2437 3315 καὶ
2508 3259 2884 3333 βαπτισθέντες
2975 3258 3249 3334 ’Λρειανοὶ
3342 3257 3811 3329 ἀποκατέστησαν,

388 3352 618 3420 urbem,
677 3350 910 3406 violatis
966 3355 1101 3421 post
1146 3349 1507 3420 baptismum
1580 3348 1788 3420 pactis,
1854 3348 2049 3403 adorti

389 3447 550 3497 sunt.
586 3440 799 3495 Iisdem
843 3440 1017 3494 annis
1052 3438 1540 3493 Massalianorum
1594 3439 1866 3507 haaresis,
1919 3454 2049 3510 quas

395 3535 453 3585 et
481 3529 865 3584 Euehitarum
915 3534 973 3583 et
1028 3527 1548 3583 Enthusiastarum
1606 3533 1663 3582 et
1714 3525 2047 3600 Bogomilo-

395 3635 530 3673 rum
563 3619 797 3684 dicitur,
832 3624 962 3673 orta
997 3624 1104 3672 est.
1149 3618 1362 3673 Valens
1394 3623 1593 3675 autem
1627 3634 1835 3674 omnes
1869 3616 2054 3679 eccle-

401 3708 522 3762 sias
553 3707 865 3762 devastans
907 3708 1233 3762 Caesaream
1282 3708 1460 3777 venit,
1512 3712 1719 3765 contra
1766 3706 2047 3763 Basiliam

404 3813 685 3869 magnum
716 3796 866 3852 548
890 3796 1089 3851 furore
1112 3797 1412 3852 incitatus.
1447 3801 1526 3851 Ac
1549 3802 1672 3850 tum
1694 3813 1763 3851 ea
1780 3794 1897 3865 egit
1917 3812 2046 3867 quae

402 3886 717 3959 Gregorius
740 3902 986 3959 magnus
1014 3886 1073 3940 in
1097 3887 1363 3941 oratione
1389 3882 1828 3940 Basiliifunebri
1845 3884 2044 3939 refert.

398 3978 521 4041 Quo
554 3982 821 4047 tempore
851 3974 1030 4031 etiam
1062 3975 1263 4030 Gallus
1296 3972 1555 4029 Valentis
1579 3975 1737 4030 illius
1768 3979 1826 4029 et
1855 3972 2044 4030 Domi-

397 4064 533 4119 nica
566 4062 822 4118 Valentis
850 4080 1001 4117 uxor
1038 4060 1196 4134 gravi
1240 4060 1447 4116 morbo
1495 4060 1701 4117 afﬂicti
1747 4066 1906 4117 sunt.
1957 4054 2043 4116 Ad

398 4155 545 4219 haac,
579 4169 712 4208 cum
743 4154 804 4207 in
836 4151 1133 4223 colloquio
1157 4165 1291 4206 cum
1315 4149 1558 4206 Valente
1580 4151 1781 4206 habito
1804 4151 2046 4222 quidam

398 4242 469 4299 de
503 4243 709 4316 coquis
768 4242 919 4313 ejus,
960 4241 1203 4296 nomine
1256 4240 1702 4307 Demosthenes,
1764 4241 2045 4301 Basilium

396 4332 879 4403 reprehendisset
909 4335 1184 4401 essetque
1214 4326 1519 4386 barbariae
1560 4329 1813 4394 locutus,
1848 4329 2046 4384 ferunt

398 4421 681 4476 Basilium
712 4418 932 4475 dixisse
958 4436 972 4473 :
996 4420 1081 4473 En
1104 4417 1358 4473 vidimus
1381 4419 1559 4474 etiam
1592 4417 2043 4475 Demosthenem

400 4510 767 4565 illiteratum.

410 4792 415 4797 ‘
471 4781 663 4836 Tertio
694 4797 850 4836 anno
881 4798 1087 4836 rursus
1128 4779 1326 4839 Gotthi
1385 4781 1451 4857 in.
1502 4783 1906 4839 Romanorum
1956 4781 2049 4837 di—

400 4870 624 4926 tionem
656 4871 1045 4942 impressione
1078 4870 1231 4927 facta
1262 4870 1595 4944 provincias
1619 4872 1821 4944 viginti
1842 4873 2043 4947 plures

2156 3348 2335 3409 καθὼς
2365 3350 2430 3417 ἦν
2455 3349 2546 3403 καὶ
2585 3346 2830 3420 Οὐάλης.
2868 3348 3015 3403 Μετὰ
3041 3351 3203 3403 τοῦτο
3257 3348 3355 3403 οὖν
3410 3346 3464 3403 ἐν
3521 3347 3691 3425 Συρίᾳ
3717 3352 3814 3401 τοῦ

2157 3436 2465 3499 Οὐάλεντος
2510 3432 2902 3511 διατρίϐοντος,
2963 3438 3015 3491 οἳ
3059 3435 3259 3502 Σκύθαι
3312 3436 3632 3514 περάσαντες
3676 3437 3813 3491 κατὰ

2158 3532 2259 3597 τῆς
2290 3525 2508 3587 πόλεως
2539 3525 2880 3606 είσέφρησαν,
2931 3528 3027 3589 τὰς
3073 3524 3307 3591 σπονδάς
3354 3529 3430 3599 μὴ
3482 3526 3814 3604 φυλάξαντες

2163 3615 2297 3687 μετά
2325 3615 2386 3669 τὸ
2449 3616 2811 3689 βαπτισθῆναι
2856 3615 3073 3677 αὐτους.
3139 3618 3271 3677 Τοῖς
3328 3616 3515 3677 αὐτοῖς
3574 3612 3740 3673 ἔτεσιν
3774 3616 3809 3685 ἡ

2156 3709 2263 3758 τῶν
2300 3701 2700 3761 Μασσαλιανῶν
2749 3703 2959 3779 α’ίρεσις
3007 3706 3176 3780 ἤγουν
3234 3705 3484 3781 Εὐχιτῶν
3518 3706 3552 3775 ἢ
3589 3705 3811 3762 Ἐνθου-

2160 3798 2416 3862 σιαστῶν,
2447 3799 2554 3849 τῶν
2587 3794 2676 3849 καὶ
2708 3793 3057 3870 Ηογομίλων,
3115 3791 3277 3868 ἐφύη.
3329 3792 3554 3867 ΟὐάΛης
3595 3791 3651 3848 δὲ
3702 3794 3811 3850 πά-

2160 3905 2254 3946 σας
2314 3884 2409 3945 τὰς
2467 3883 2761 3957 ἐκκλησίας
2810 3888 3028 3958 πορθῶν
3108 3886 3234 3951 ἧκεν
3315 3882 3391 3947 εἰς
3460 3884 3808 3962 Καισάρειαν,

2160 3977 2246 4048 [Ρ.
2281 3975 2407 4047 313]
2446 3973 2586 4029 κατὰ
2645 3978 2742 4028 τοῦ
2804 3972 3045 4051 μεγάλου
3106 3971 3394 4030 Βασιλείου
3456 3974 3809 4048 μαινόμενος.

2160 4064 2396 4141 Ἔπραξε
2428 4063 2485 4121 δέ
2517 4064 2605 4119 οἶα
2635 4062 2722 4119 καὶ
2776 4065 2803 4119 ὁ
2854 4062 3016 4138 μέγας
3069 4062 3375 4140 Γρηγὸριος
3430 4062 3511 4125 εἷς
3555 4065 3647 4119 τὸν
3699 4062 3816 4120 ἐπι-

2162 4176 2353 4233 ταφιοθ
2381 4159 2478 4210 τοῦ
2534 4153 2781 4228 μεγάλου
2827 4150 3118 4210 Βασιλείου
3176 4151 3374 4225 ἔλεξεν,
3420 4152 3510 4209 ὅτε
3558 4155 3646 4209 καὶ
3700 4159 3815 4209 Γα-

2163 4242 2336 4315 λάτης
2387 4242 2505 4305 υἱὸς
2562 4241 2869 4307 Οὐάλεντος
2923 4242 3011 4298 καὶ
3045 4245 3079 4312 ἡ
3114 4237 3350 4316 σύμϐιος
3399 4244 3641 4315 Δομνίκα
3700 4244 3814 4319 (25)

2164 4332 2309 4407 νόσῳ
2341 4330 2560 4409 χαλεπῇ
2594 4329 2925 4414 ἐχειμάσθη.
2985 4332 3129 4406 ΙΙρὸς
3176 4332 3392 4394 τούτοις
3436 4331 3820 4407 Δημοσθένους

2163 4422 2305 4484 τινὸς
2337 4426 2444 4477 τῶν
2480 4423 2760 4496 ὀψοποιῶν
2794 4418 3099 4481 Οὐάλεντος
3130 4418 3182 4476 ἐν
3213 4424 3282 4494 τῇ
3315 4419 3512 4494 ὁμιλίᾳ
3560 4425 3628 4495 τῇ
3676 4421 3815 4497 πρὸς

2164 4509 2441 4570 Οὐάλεντα
2470 4512 2823 4588 μεμφομένου
2881 4508 3170 4568 Βασίλειον
3226 4510 3315 4564 καὶ
3358 4506 3815 4587 βαρϐαρίσαντος,

2089 4597 2130 4660 D
2161 4600 2330 4657 εἰπεῖν
2361 4601 2452 4655 τὸν
2492 4597 2838 4655 διδάσκαλον·
2903 4596 3042 4654 Ἰδοὺ
3097 4596 3426 4674 ἐθεασάμεθα
3476 4599 3566 4655 καὶ
3620 4608 3814 4673 Δημο-

2164 4688 2351 4763 σθένην
2385 4688 2767 4769 ἀγράμματον.

2233 4781 2327 4851 Τῷ
2355 4778 2522 4854 τρίτῳ
2575 4780 2685 4834 ἓτει
2711 4774 2876 4835 πάλιν
2933 4775 3159 4849 ἐξῆλθον
3216 4777 3267 4833 οἱ
3320 4772 3515 4842 Γότθοι
3575 4777 3652 4840 εἷς
3708 4779 3810 4849 τήν

2154 4867 2444 4944 Ῥωμαίων
2495 4874 2598 4939 γῆν
2669 4868 2759 4923 καὶ
2843 4867 3149 4942 ἠρήμωσαν
3230 4865 3446 4928 πολλὰς
3517 4865 3812 4946 ἐπαρχίας,

1601 4998 1965 5059 XYLANDRI
2005 5001 2092 5057 ET
2130 4999 2336 5055 GOABI
2378 4998 2598 5055 ΝΟΤΔΕ.

467 5126 577 5194 (25)
610 5126 848 5178 Zonaras
908 5122 1210 5194 Domnina_._
1260 5121 1466 5176 Nosier
1515 5121 1783 5191 Δομνίκαν
1836 5128 1896 5177 et
1949 5122 2047 5178 alii

399 5192 736 5251 Doininicam
767 5195 990 5248 rectius
1022 5192 1342 5263 appellant.
1376 5194 1540 5258 Quod
1583 5200 1781 5250 autem
1831 5194 2051 5249 dicitur

396 5274 624 5353 statura
654 5266 833 5353 fuisse
866 5261 1390 5353 V‘allcn.é;8tg.l.091§;,
1424 5282 1543 5320 non
1577 5265 1872 5353 sane-nscio
1906 5266 2050 5353 Quid

397 5338 849 5410 intelligendum
886 5336 1002 5389 det.
1040 5333 1299 5410 Δίμοιρογ
1316 5334 1551 5410 bessem
1575 5336 1881 5410 signiﬁcat.
1910 5333 2046 5393 Etsi

394 5407 620 5490 ἠλικίαν
650 5415 883 5464 {etatem
904 5407 1295 5490 viarias(g.uod
1322 5407 1581 5490 alienum
1608 5408 1735 5462 loco
1771 5408 2045 5490 videtur),

397 5476 503 5536 cur
533 5484 599 5534 :‘50
630 5496 921 5534 annorum
956 5485 1097 5533 aetas
1121 5476 1395 5551 ’δίμοιρον
1417 5485 1673 5543 vocetur,
1733 5496 1854 5551 non
1903 5476 2046 5536 satis

397 5558 659 5621 apparet,
695 5552 809 5605 nisi
842 5551 1108 5606 fortassis
1132 5557 1196 5606 75
1220 5549 1604 5619 annijustum
1632 5550 1887 5607 hominis
1908 5556 2046 5605 sunt

396 5639 604 5677 zevum.
641 5623 777 5675 Χνι..
822 5655 877 5662 -
910 5621 1181 5678 Salebras
1205 5623 1264 5675 in
1288 5621 1465 5691 plano
1485 5621 1699 5691 qumrit
1719 5622 1815 5676 hic
1834 5622 2043 5692 Xylan-

2161 5122 2286 5187 der,
2323 5127 2379 5175 et
2405 5138 2582 5191 quam
2629 5139 2734 5192 pro
2784 5126 3000 5176 statura
3062 5135 3295 5192 sumere
3346 5119 3608 5186 deberet,
3658 5128 3821 5181 ανίσιί

2161 5210 2360 5248 vocem
2387 5191 2645 5264 applicat
2678 5194 2737 5247 in
2768 5191 3264 5264 Observationibus.
3314 5192 3423 5246 Sed
3482 5211 3592 5249 nec
3641 5194 3816 5252 allata

2158 5265 2335 5320 verba
2366 5262 2579 5321 sonant
2608 5281 2620 5323 :
2653 5268 2763 5333 fuit
2822 5262 3016 5338 V-zlcns
3054 5268 3271 5338 statura
3315 5266 3577 5319 mediocri
3612 5284 3624 5322 :
3668 5268 3813 5338 quin

2200 5338 2354 5391 otius
2422 5338 2500 5391 ita
2538 5352 2773 5407 procera
2817 5340 2887 5407 ut
2926 5334 3121 5407 bessem
3172 5333 3454 5388 videretur
3500 5333 3813 5407 umquam.

2200 5355 2354 5391 OLIUS
2422 5355 2500 5391 ua
2538 5355 2773 5406 procera
2817 5355 2875 5388 ut
2926 5355 3121 5388 nessem
3172 5355 3454 5388 maeret-ur
3500 5355 3805 5407 exarquare.

2159 5355 2272 5462 Καρ
2304 5409 2555 5463 mirum:
2589 5406 2770 5462 frater
2802 5406 2957 5459 enim
2990 5404 3443 5477 Valentinianus
3486 5408 3550 5473 ἦν
3581 5414 3659 5477 τῲ
3692 5411 3805 5464 σώ-

2161 5477 2641 5553 ματιλεύμεγέθης,
2682 5495 2750 5533 ac
2804 5477 2867 5553 in_
2910 5477 3127 5547 pietate
3170 5476 3431 5553 absimili
3489 5476 3695 5553 parem
3747 5486 3800 5543 ei

2154 5547 2348 5677 potuit
2386 5547 2602 5609 natura
2653 5548 2977 5605 concedere
3036 5547 3300 5619 corporis
3357 5547 3802 5620 proceritatem.

2202 5639 2326 5677 0.1m.

2202 5639 2326 5677 OAR.
