4144 6414
315 382 427 449 ὔθτ

1473 374 2014 447 HISTORIARUM
2064 378 2596 455 COMPENDIUM

3622 404 3745 465 598

318 512 576 587 Σκυθίαν,
632 511 863 585 Μυσίαν,
922 513 1162 589 Θρᾴκην,
1220 512 1582 604 Μακεδονίαν,
1617 514 1851 594 Ἀχαίαν
1875 517 1952 571 κα

2083 518 2426 593 depopulati
2463 531 2622 593 sunt,
2654 526 2976 600 Scythiam,
3001 524 3266 602 Mysiam,
3289 528 3744 604 Thraciam,Ma-

314 612 487 663 πᾶσαν
546 606 650 675 τήν
709 601 974 673 Ἐλλάδα,
1041 605 1174 679 ὑπὲρ
1228 605 1324 666 τὰς
1401 602 1603 659 εἷ’κοσιν
1677 603 1967 684 ἐπαρχίας.

314 698 646 768 Ἐθεάθησαν
705 692 764 750 δὲ
810 692 862 749 ἐν
916 698 997 766 τῷ
1052 693 1171 768 ἀέρι
1219 690 1403 768 ἄνδρες
1433 688 1683 762 ἔνοπλοι,
1714 692 1969 769 ἐσχημα·

310 787 559 865 τισμὲνοι
618 788 674 840 ἒν
723 790 845 847 ταῖς
882 784 1150 861 νεφέλαις.
1210 785 1506 858 Ἐγεννήθη
1560 780 1618 838 δὲ
1666 782 1719 837 ἐν
1763 786 1972 840 Ἀντιο-

313 878 445 953 χείᾳ
473 871 694 929 παιδίαν
746 871 955 933 ἐντελὲς
1019 872 1114 946 μὲν
1170 872 1240 927 τὰ
1293 870 1563 946 ὀλομερῆ,
1597 871 1880 951 ὀφθαλμὸν
1913 868 1972 927 δὲ

310 966 443 1041 ἔχον
474 961 567 1020 ἕνα
609 960 661 1018 ἐν
713 960 862 1036 μέσῳ
917 966 1014 1017 τοῦ
1077 961 1354 1035 μετώπου,
1405 966 1596 1040 χεῖρας
1626 958 1683 1015 δὲ
1712 961 1970 1036 τέσσαρας

306 1055 401 1110 καὶ
432 1051 601 1115 πόδας
654 1050 916 1125 τέσσαρας
974 1051 1065 1106 καὶ
1126 1052 1391 1125 πώγωνα.
1443 1045 1702 1112 Λιϐάνιος
1735 1046 1791 1104 δὲ
1821 1051 1849 1105 6
1878 1070 1970 1104 σο-

306 1145 507 1221 φιστὴς
538 1143 628 1197 καὶ
680 1136 1006 1216 Ἰἀμῦλιχος
1055 1140 1083 1195 6
1130 1134 1383 1212 Πρόκλου
1415 1136 1742 1202 διδάσκαλος
1774 1137 1971 1208 ἐποίη-

303 1234 536 1301 σανιτῆν
592 1228 899 1307 λεγομὶνην
958 1228 1502 1305 ἀλεκτορομαντείαν·
1534 1227 1837 1306 γράψαντες
1865 1229 1969 1307 γὰρ

300 1322 376 1378 ’τά
429 1320 509 1378 κδ’
563 1324 860 1397 γράμματα
931 1318 1020 1374 ἐπὶ
1092 1321 1316 1387 κόνεως,
1374 1319 1464 1374 καὶ
1522 1318 1789 1380 ἐπιθέντες
1847 1319 1968 1381 καθ’

296 1413 528 1468 ’ἑκαστον
560 1411 788 1486 γράμμα
817 1409 1015 1464 κόκκον
1049 1408 1219 1477 σίτου,
1274 1407 1545 1464 ἀπέλυσαν
1573 1406 1840 1482 ἀλέκτορα
1879 1404 1967 1462 ἐπὶ

300 1502 375 1558 τὰ
404 1504 727 1579 γράμματα,
754 1500 844 1555 καὶ
876 1495 1070 1555 ἔλαϐεν
1105 1501 1133 1554 ὁ
1178 1499 1426 1567 ἀλέκτωρ
1456 1501 1548 1554 τὸν
1582 1500 1633 1554 ἐν
1664 1502 1745 1571 τῷ
1778 1508 1806 1562 θ
1837 1498 1971 1552 κόκδ

302 1613 428 1661 κον,
458 1586 643 1646 ἔπειτα
670 1590 765 1646 τὸν
801 1588 855 1644 ἐν
902 1588 981 1662 τῷ
1036 1609 1060 1645 ε
1116 1590 1206 1644 καὶ
1266 1610 1294 1644 0
1349 1588 1441 1644 καὶ
1469 1589 1560 1643 τὸν
1592 1588 1645 1644 ἐν
1676 1592 1753 1660 τῷ
1782 1585 1834 1645 δ,
1869 1586 1963 1641 Καὶ

305 1681 518 1759 ἐγένετο
577 1682 612 1751 ἡ
675 1678 884 1735 τούτων
944 1678 1163 1753 μαντεία
1216 1674 1548 1756 ἀμφίϐολος
1606 1685 1831 1735 τοιαῦτα
1862 1676 1968 1753 γὰρ

300 1774 373 1828 τὰ
427 1777 535 1827 τῶν
586 1769 853 1826 τοιούτων
912 1766 1193 1838 ἀπατηλά.
1262 1771 1436 1825 Τοῦτο
1499 1768 1684 1843 μαθὼν
1740 1768 1966 1843 Οὐάλης

300 1859 557 1923 πολλοὺς
616 1856 938 1923 Θεοδοσίους
991 1857 1081 1912 καὶ
1142 1855 1444 1921 Θεοδότους
1501 1858 1593 1913 καὶ
1651 1856 2043 1946 ΘεοδώρουςΒ

299 1952 396 2007 καὶ
427 1950 555 2012 τοὺς
605 1948 817 2022 ὁμοίως
869 1948 1218 2023 εγκειμένους
1260 1950 1377 2008 τοῖς
1431 1966 1717 2025 γράμμασι
1747 1949 1965 2010 τούτοις

300 2041 410 2096 ἀπὸ
470 2043 579 2094 τῶν
640 2038 922 2111 ὀνομάτων
981 2036 1235 2098 ἀναιτίως
1294 2035 1572 2095 ἐκόλασεν.
1635 2033 1965 2114 Ἰάμϐλιχος

296 2129 360 2186 δὲ
391 2125 654 2211 φοϐηθεὶς
714 2128 1000 2205 φάρμακον
1058 2126 1200 2182 πιὼν
1260 2126 1509 2191 ἀπέθανε.
1572 2129 1770 2184 Μαθὼν
1803 2127 1860 2184 δὲ
1908 2129 1960 2185 ὲν

298 2219 618 2294 Ἀντιοχείᾳ
691 2215 916 2288 Οὐάλης
988 2217 1110 2291 περὶ
1185 2221 1291 2271 τῶι
1370 2217 1587 2272 Γότθων
1654 2218 1819 2285 ἦλθεν
1888 2218 1964 2283 εἰς

300 2306 908 2369 Κωνσταντινοῦπολιν.
972 2302 1225 2381 Ὕϐριζον
1285 2304 1343 2361 δὲ
1399 2307 1557 2362 οὐτὸν
1588 2309 1641 2362 οἱ
1673 2308 1961 2377 Βυζάντιοι

297 2402 374 2462 ὡς
403 2396 659 2476 ἄνανδρον
714 2397 802 2453 καὶ
862 2394 1274 2472 φυγοπόλεμον.
1330 2396 1734 2477 Ἐξερχομὲνου
1774 2396 1831 2454 δὲ
1861 2400 1960 2455 αὐ-

297 2487 395 2544 τοῦ
454 2488 592 2564 πρὸς
645 2485 739 2543 τόν
794 2490 900 2541 τῶν
958 2484 1171 2541 Γότοων
1228 2486 1499 2560 πόλεμον,
1559 2488 1831 2550 ’[σαάκιός
1878 2508 1961 2551 τις

303 2578 553 2655 μοναχὸς
611 2579 718 2632 τῶν
780 2570 1036 2652 μεγάλων
1094 2577 1367 2651 κρατήσας
1422 2580 1520 2631 103
1580 2575 1814 2651 χαλινοῦ
1862 2581 1960 2633 τοῦ

293 2668 468 2723 ἳππου
498 2663 801 2727 Οὐάλεντος
833 2660 932 2743 ἔφη
969 2664 1105 2737 πρὸς
1161 2661 1345 2719 αὐτόν·
1406 2668 1515 2719 Ποῢ
1544 2664 1765 2741 ἐξέρχῃ,
1801 2667 1958 2740 βασι-

298 2758 415 2825 λεῦ,
459 2755 597 2811 κατά
657 2759 790 2810 Θεοῦ
847 2749 1271 2829 στρατευόμενος
1324 2752 1415 2808 καὶ
1471 2753 1601 2809 Θεὸν
1632 2752 1776 2829 ἔχων
1808 2752 1955 2809 ἀντί-

294 2845 466 2903 παλον
500 2865 514 2915 ;
546 2844 754 2904 Τοῦτον
791 2842 1060 2919 ὀργισθεὶς
1091 2841 1317 2913 Οὐαλης
1379 2848 1589 2921 φρουρᾷ
1622 2840 1954 2917 παρέδωκεν,

295 2935 599 3008 ἀπειλήσας
657 2934 878 2990 θάνατον
933 2933 978 2988 εἰ
1031 2931 1341 2991 ἐπανέλθοι·
1402 2933 1515 3008 Πρὸ
1574 2932 1633 2989 δὲ
1659 2940 1760 3004 τῆς
1790 2933 1955 2989 αὐτοῦ

290 3027 573 3095 τελευτῆς,
626 3023 879 3089 ἐθεάσατο
937 3025 1056 3078 κατ’
1114 3021 1247 3098 ὄναρ
1314 3020 1480 3098 ἄνδρα
1530 3024 1648 3079 τινὰ
1721 3023 1956 3101 λεγοντα

295 3115 462 3187 αὐτῷ·
496 3115 688 3193 Τάχος
719 3111 909 3191 βάδιζε
966 3112 1104 3186 πρὸς
1161 3112 1419 3184 Μίμαντα
1474 3112 1566 3167 τὸν
1613 3108 1797 3187 μεγαν,
1828 3106 1955 3176 ἔνθα

305 3204 474 3280 μόρος
530 3224 587 3259 σε
640 3201 815 3266 δεινὸς
888 3203 1138 3277 ἁρπάσει,
1210 3201 1401 3260 τάλαν.
1461 3202 1799 3265 Διυπνισθεὶς
1858 3201 1949 3257 οὖν

295 3293 482 3371 ἠρώτα
535 3293 617 3355 τίς
672 3292 783 3347 ἐστι
856 3290 1071 3365 Μίμας⁶
1144 3289 1659 3364 προσκαλεσάμενος
1718 3289 1776 3346 δὲ
1826 3314 1947 3347 τινα

289 3388 397 3438 τῶν
460 3386 639 3462 σοφῶν
699 3381 1016 3438 ἐπυνθάνετο
1074 3382 1200 3457 παρ’
1252 3382 1420 3436 αὐτοῦ
1469 3380 1551 3443 τίς
1592 3383 1709 3436 ἐστι
1739 3382 1949 3455 Μίμας,

290 3474 354 3530 Ὀ
389 3470 445 3529 δὲ
474 3466 576 3553 ἔφη
624 3471 789 3543 αὐτῷ·
825 3471 993 3547 Ὄρος
1047 3470 1182 3539 ἐστὶ,
1243 3462 1497 3538 δέσποτα,
1562 3468 1818 3548 μέγιστον
1851 3477 1952 3540 τῆς

291 3561 499 3627 Ἀσίας,
557 3558 921 3639 προσεγγίζον
978 3564 1047 3634 τῇ
1104 3556 1375 3635 θαλάσσῃ,
1436 3559 1675 3630 πλησίον
1718 3567 1817 3629 τῆς
1846 3563 1949 3631 νή·

278 3673 380 3707 σου
438 3650 596 3707 Χίου⁶
658 3648 869 3711 οὗτινος
920 3649 1009 3705 καὶ
1066 3652 1318 3725 Ὄμηρος
1378 3644 1674 3721 μέμνηται,
1729 3650 1948 3730 φάσκων

278 3739 335 3795 ἐν
369 3737 677 3811 Ὀδυσσείᾳ·
737 3740 867 3814 Παρ⁹
928 3736 1225 3810 ἠνεμόεντα
1283 3738 1565 3810 Μίμαντα.
1601 3737 1697 3792 Καὶ
1723 3740 1750 3793 6
1785 3738 1946 3814 βασι-

280 3829 432 3893 λεύς·
466 3830 564 3893 Τίς
597 3828 721 3904 ἐμοὶ
754 3825 915 3904 χρεία
946 3827 1084 3901 πρὸς
1112 3828 1176 3881 τὸ
1232 3832 1331 3881 τοῦ
1364 3827 1650 3899 Μίμαντος
1681 3826 1833 3903 ὅρος,
1854 3824 1944 3884 ἵνα

272 3920 390 3975 ἐκεῖ
445 3921 532 3993 [Ρ.
593 3919 720 3991 314]
777 3915 1094 3987 τελευτήσω
1164 3913 1456 3983 ἀπελθών;
1519 3916 1697 3971 Τοῦτο
1754 3914 1938 3988 πλάνη

269 4007 576 4083 δαιμόνων,
606 4007 697 4062 καὶ
755 4004 1007 4061 εῗδώλων
1067 4004 1365 4075 ἀπατηλῶν
1403 4000 1636 4079 ὄνειρος.
1671 4006 1768 4059 Καὶ
1805 4008 1941 4079 μετὰ

267 4097 469 4171 μικρὸν
518 4096 714 4169 ἐξῆλθε
763 4098 864 4165 τῆς
916 4093 1134 4168 Θρᾴκης
1163 4093 1506 4167 πολεμήσων
1534 4098 1651 4157 τοῖς
1681 4090 1934 4155 Σκύθαις.

267 4188 374 4244 Καὶ
438 4180 740 4259 συμϐαλὼν
803 4182 989 4245 αὐτοῖς
1060 4183 1153 4238 καὶ
1228 4183 1489 4255 ἡττηθεὶς
1546 4183 1682 4237 κατὰ
1740 4184 1938 4259 κράτος

266 4276 461 4355 φεύγει
491 4271 544 4329 ἓν
578 4292 680 4328 τινι
715 4270 933 4348 χωρίῳ,
984 4271 1074 4326 καὶ
1129 4270 1389 4335 εἰσελθὼν
1421 4270 1473 4326 ἐν
1522 4273 1766 4346 ἀχυρῶνι
1800 4273 1936 4346 μετά

264 4370 384 4421 τῶν
454 4363 722 4419 συνόντων
782 4360 1097 4436 ἐκρύπτετο.
1185 4360 1309 4417 Τῶν
1397 4360 1487 4415 οὗν
1548 4362 1768 4416 Σκυθῶν
1825 4365 1929 4437 πῦρ

272 4448 638 4526 ἐμϐαλόντων
693 4450 884 4527 ἀγνοίᾳ
941 4452 1049 4505 τῶν
1103 4450 1518 4524 κεκρυμμένων,
1568 4451 1758 4512 πάντες
1788 4453 1844 4505 0i
1874 4449 1929 4506 ἐν

268 4547 357 4615 τῷ
419 4543 682 4615 οίκήματι
756 4538 1234 4617 προσπεφευγότες
1291 4538 1777 4618 ἀπετεφρώθησαν,
1831 4559 1928 4615 γει

2081 609 2415 681 cedoniam,
2452 614 2754 685 Achaiam,
2789 625 2847 672 et
2873 617 3209 677 universam
3244 622 3546 683 Graeciam.
3583 626 3737 683 Visae

2080 702 2219 754 sunt
2250 701 2427 757 etiam
2468 705 2528 758 in
2574 722 2710 761 aere
2768 704 2995 778 ei‘ﬂgies
3055 709 3314 765 virorum
3347 716 3733 781 armatorum,

2078 789 2139 843 in
2170 789 2427 847 nubibus
2486 809 2797 866 expressa).
2860 798 2929 851 Et
2986 796 3314 859 Antiochiae
3371 819 3521 874 puer
3559 810 3735 861 natus

2079 883 2169 934 est
2197 881 2474 937 omnibus
2504 884 2790 945 membris
2838 893 3137 958 constans,
3171 890 3275 945 sed
3313 892 3560 949 unicum
3594 912 3738 950 ocu-

2080 967 2202 1021 lum
2236 969 2295 1023 in
2326 969 2537 1026 frontis
2570 968 2766 1027 medio
2794 972 3041 1043 habens,
3075 992 3289 1032 manus
3320 986 3577 1050 quatuor
3608 983 3738 1037 toti-

2078 1056 2332 1130 demque
2365 1058 2544 1130 pedes
2575 1074 2643 1116 ac
2673 1058 2938 1121 barbam.
2972 1066 3134 1121 Tunc
3163 1066 3438 1126 Libanius
3471 1071 3739 1144 sophista

2077 1148 2133 1199 et
2163 1146 2525 1203 Jamblichus
2554 1148 2745 1206 Procli
2780 1154 3061 1226 magister
3080 1150 3216 1223 galli
3250 1157 3561 1229 gallinacei
3597 1161 3739 1215 divi-

2077 1235 2381 1290 nationem
2438 1237 2848 1299 instituerunt.
2909 1244 3243 1300 Scribentes
3297 1248 3456 1302 enim
3500 1249 3558 1304 in
3592 1251 3751 1327 pul-l

2076 1339 2210 1378 vere
2242 1326 2308 1379 24
2340 1326 2658 1391 elementa.
2690 1346 2757 1385 ac
2789 1332 2975 1387 cuivis
3017 1350 3269 1406 granum
3299 1335 3586 1393 frumenti
3620 1341 3731 1395 im-

2075 1418 2384 1481 ponentes,
2419 1414 2640 1485 gallum
2664 1416 2736 1471 iis
2760 1417 3155 1474 immiserunt.
3184 1422 3372 1492 Atque
3405 1424 3452 1478 is
3483 1440 3734 1497 granum

2075 1499 2148 1553 de
2180 1498 2379 1555 littera
2408 1503 2486 1571 th,
2522 1505 2663 1559 item
2695 1504 2767 1561 de
2801 1525 2846 1578 e,
2913 1508 2983 1563 de
3044 1526 3074 1563 ο
3125 1512 3182 1566 et
3239 1509 3311 1565 de
3372 1510 3409 1567 d
3465 1514 3731 1585 abstulit,

2076 1589 2276 1659 itaque
2308 1591 2643 1663 ambiguam
2672 1593 3141 1668 designationem
3164 1599 3429 1672 reliquit,
3455 1604 3735 1675 quemad-

2073 1676 2317 1733 modum
2349 1679 2408 1733 id
2446 1697 2632 1753 genus
2690 1686 2785 1739 res
2842 1686 3038 1740 solent
3089 1688 3555 1763 imposturarum
3601 1710 3730 1748 esse

2074 1765 2285 1836 plenas.
2322 1768 2533 1823 Valens
2565 1776 2761 1826 autem
2794 1790 2857 1827 re
2891 1774 3197 1831 intellecta
3226 1778 3446 1833 multos
3468 1780 3731 1836 Theodo-

2075 1856 2216 1921 sios,
2252 1862 2309 1911 et
2338 1858 2686 1929 Theodotos,
2710 1865 2765 1916 et
2786 1862 3141 1935 Theodoros,
3175 1865 3442 1939 aliosque
3475 1886 3728 1941 quorum

2072 1945 2319 2002 nomina
2342 1947 2415 2002 ab
2452 1948 2582 2004 istis
2638 1948 2851 2007 litteris
2901 1954 3252 2025 inciperent,
3288 1956 3555 2014 insontes
3586 1976 3730 2032 sup-

2071 2033 2264 2105 pliciis
2295 2038 2510 2092 aii‘ecit.
2539 2038 2904 2095 Jamblichus
2949 2048 3220 2098 metuens
3248 2044 3360 2099 sibi
3387 2046 3599 2103 hausto
3634 2065 3735 2101 ve-

2069 2138 2224 2178 neno
2248 2124 2359 2179 sibi
2384 2132 2637 2182 mortem
2657 2129 3149 2187 conscivit.Porro
3170 2132 3383 2188 Valens
3402 2135 3731 2191 Antiochim

2070 2214 2142 2268 de
2197 2216 2424 2272 Gottliis
2472 2220 2690 2272 certior
2745 2221 2899 2276 549
2933 2224 3122 2277 iactus
3156 2225 3733 2296 Constantinopolim

2068 2305 2262 2370 venit;
2298 2306 2498 2377 ibique
2528 2324 2662 2363 eum
2695 2310 2849 2364 cives
2879 2317 2944 2365 ut
2976 2312 3381 2368 eiieminatum
3416 2321 3474 2369 et
3497 2315 3735 2377 bellifu-

2066 2411 2199 2465 gam
2258 2396 2539 2451 conviciis
2599 2398 3031 2470 prosciderunt.
3078 2398 3366 2459 Eumdem
3399 2404 3473 2459 ad
3502 2404 3729 2461 bellum

2067 2490 2275 2539 contra
2306 2483 2553 2541 Gotthos
2602 2494 2918 2545 exeuntem
2969 2490 3249 2561 Isaacius,
3296 2510 3451 2548 unus
3482 2510 3729 2567 magno-

2065 2590 2199 2628 rum
2232 2576 2682 2646 monachorum,
2716 2584 2951 2650 arrepto
2986 2581 3119 2651 equi
3153 2581 3321 2636 freno
3356 2581 3437 2637 ita
3466 2585 3722 2653 monuit;

2066 2664 2357 2727 Quorsum
2390 2663 2576 2732 vadis,
2610 2665 2955 2739 imperator,
2990 2672 3198 2723 contra
3243 2670 3425 2725 Deum
3478 2673 3727 2743 expedi-

2066 2753 2289 2807 tionem
2320 2752 2566 2821 faciens,
2593 2771 2846 2827 eumque
2878 2756 3103 2812 habens
3125 2757 3525 2813 adversarium
3545 2761 3573 2815 Ῥ
3604 2760 3724 2817 ira-

2067 2846 2158 2895 tus
2190 2838 2405 2896 Valens
2437 2858 2569 2897 eum
2611 2844 2672 2898 in
2703 2846 3035 2900 custodiam
3069 2846 3331 2912 tradidit,
3370 2849 3629 2905 minatus
3662 2869 3724 2907 se

2064 2947 2098 2985 a
2153 2929 2352 2985 reditu
2401 2930 2759 3003 supplicium
2818 2933 2889 2989 de
2947 2935 3075 3005 ipso
3135 2942 3532 3007 sumpturum.
3576 2942 3726 2997 Ante

2064 3036 2237 3075 suum
2271 3020 2578 3075 interitum
2601 3022 2927 3091 imperator
2947 3040 3055 3094 per
3079 3025 3340 3095 quietem
3365 3026 3509 3083 vidit
3530 3029 3722 3085 virum

2064 3108 2383 3180 quemdam
2414 3110 2495 3164 ita
2526 3110 2639 3164 sibi
2674 3108 2972 3168 dicentem
3002 3128 3015 3168 :

2205 3199 2468 3255 Celeriter
2496 3202 2570 3255 ad
2598 3218 2859 3271 magnum
2891 3200 3210 3259 Mimantem
3239 3208 3403 3265 miser
3432 3208 3541 3276 abi,

2206 3292 2275 3345 Te
2304 3293 2495 3346 mortis
2524 3296 2692 3346 atrox
2720 3292 2802 3347 ibi
2825 3293 3089 3364 corripiet
3120 3296 3325 3351 exitus.

2061 3380 2279 3436 Somno
2309 3382 2540 3437 solutus
2570 3383 2840 3453 quaesivit
2867 3383 3142 3453 quisnam
3178 3390 3333 3439 esset
3365 3380 3450 3440 illi
3480 3382 3713 3455 Mimas,

2059 3470 2499 3541 quemdamque
2531 3468 2767 3525 doctum
2802 3470 2875 3526 ad
2918 3488 2979 3526 se
3028 3477 3298 3527 vocatum
3333 3480 3713 3551 percontatus

2059 3564 2238 3614 estea
2260 3559 2331 3615 de
2355 3577 2436 3614 re.
2458 3560 2512 3614 Is
2535 3557 2844 3632 respondit
2866 3562 3205 3618 Mimantem
3233 3579 3361 3618 esse
3390 3565 3715 3622 maximum

2054 3650 2208 3704 Asina
2240 3656 2526 3717 montem,
2554 3651 2655 3722 qui
2681 3664 2799 3706 non
2834 3651 3041 3722 procul
3064 3651 3262 3708 insula
3284 3652 3427 3709 Chio
3459 3655 3519 3709 in
3551 3672 3717 3713 mare

2054 3745 2384 3809 procurrat,
2414 3739 2587 3811 cujus
2615 3743 2674 3795 et
2697 3742 2987 3796 Homerus
3016 3740 3224 3797 fecerit
3252 3745 3621 3800 mentionem
3654 3747 3715 3801 in

2053 3827 2319 3898 Ulyssea,
2352 3827 2445 3883 his
2493 3827 2725 3883 verbis:
2787 3831 3109 3885 Ventosum
3164 3844 3321 3902 pone
3352 3830 3714 3890 Mimantem.

2050 3918 2196 3971 Tum
2228 3918 2592 3989 imperator:
2624 3918 2798 3986 Quid,
2850 3920 3067 3989 inquit,
3099 3920 3315 3975 attinet
3346 3937 3441 3976 me
3473 3922 3549 3977 ad
3580 3940 3717 3979 eum

2048 4011 2315 4060 montem
2341 4004 2665 4076 proficisci,
2698 4011 2765 4060 ut
2794 4002 2873 4060 ibi
2905 4008 3179 4062 moriar?
3206 4004 3340 4063 Hinc
3371 4014 3462 4064 est
3492 4010 3717 4066 dmino-

2047 4111 2191 4148 num
2225 4093 2556 4165 impostura
2582 4096 2639 4147 et
2669 4090 2975 4150 fallaciam
2998 4097 3453 4152 simulacrorum
3488 4100 3716 4155 insom-

2043 4185 2231 4238 nium.
2267 4182 2449 4237 Pauio
2480 4187 2616 4255 post
2646 4182 2706 4237 in
2738 4180 3048 4238 Thraciam
3082 4182 3305 4253 eduxit,
3342 4186 3544 4259 ibique
3577 4205 3712 4244 eum

2042 4272 2273 4344 Scythis
2304 4272 2429 4327 acie
2474 4286 2855 4344 congressus,
2890 4270 3113 4344 ingenti
3167 4272 3373 4345 praallo
3406 4277 3613 4341 victus,
3648 4281 3710 4335 in

2041 4362 2360 4432 quemdam
2393 4376 2607 4435 pagum
2658 4360 2963 4434 confugit;
3016 4362 3444 4436 ingressusque
3494 4364 3710 4427 cellam

2042 4450 2103 4505 in
2142 4467 2261 4522 qua
2288 4451 2474 4523 palea)
2517 4452 2793 4523 repositaa
2850 4454 3037 4519 erant,
3092 4468 3228 4509 cum
3258 4454 3329 4507 iis
3360 4468 3510 4526 quos
3540 4456 3690 4529 fugai

2038 4539 2295 4596 habebat
2328 4540 2599 4609 comites,
2632 4540 2712 4595 ibi
2757 4557 2886 4596 sese
2935 4540 3181 4596 abdidit.
3214 4543 3446 4617 Scythis
3478 4550 3709 4617 autem,

274 4634 503 4711 γονότες
558 4631 941 4705 πυρίκαυστοι.
1004 4629 1258 4702 Ὕστερον
1319 4626 1375 4682 δὲ
1456 4628 1591 4701 μετά
1664 4629 1765 4699 τήν
1826 4633 1935 4684 τῶν

2062 4629 2162 4700 qui
2197 4630 2525 4685 occultatas
2582 4628 2661 4684 ibi
2720 4624 3091 4703 ignorabant,
3152 4631 3350 4704 ignem
3383 4630 3585 4690 domui
3616 4634 3714 4692 isti

274 4719 571 4793 πολεμίων
603 4720 956 4795 ἀναχώρησιν
997 4716 1411 4788 ἀναζητούντων
1450 4720 1614 4771 τινῶν
1667 4717 1731 4771 τὸ
1783 4721 1943 4791 σῶμα

274 4815 378 4866 τοῦ
414 4808 711 4886 βασιλέως,
756 4807 948 4880 εὐρὲθη
1008 4805 1059 4861 ἓν
1116 4806 1162 4879 ᾧ
1222 4804 1520 4880 ἐκρύπτετο
1550 4806 1816 4879 οῗκήματι
1845 4807 1939 4863 τά·

276 4921 381 4980 φος
414 4899 649 4975 ἀρχαίου
701 4899 849 4959 τινὸς
907 4893 1377 4973 ἐπιγεγραμμένος
1425 4892 1626 4958 οὕτως·
1679 4896 1942 4953 Ἐνταῦθα

275 4995 458 5046 κεῖται
517 4988 706 5062 Μίμας
775 4983 1037 5043 Μακεδὼν
1116 4984 1503 5060 στρατηγὲτης.
1562 4984 1624 5041 Ὀ
1681 4982 1738 5040 δὲ
1798 4988 1939 5050 θεῖος

272 5078 545 5138 ἰσαέκιος
579 5076 629 5131 ἐν
656 5080 726 5151 τῇ
759 5076 969 5150 φρουρᾷ
1020 5072 1095 5128 ὢν
1152 5080 1252 5142 τῆς
1311 5070 1581 5135 δυσωδίας
1613 5068 1940 5128 ἀντελάϐετο

268 5170 344 5242 τῇ
375 5172 476 5235 τῆς
523 5167 712 5240 ψυχῆς
771 5162 1126 5235 καθαρότητι,
1159 5162 1248 5217 καὶ
1309 5155 1434 5235 ἔφη·
1470 5162 1659 5224 Οὖτως
1693 5163 1720 5216 ὁ
1752 5158 1940 5225 ἅθλιος

269 5256 500 5326 Οὐάλης
551 5256 672 5328 ἃρτι
729 5251 1095 5309 κατακαίεται.
1141 5252 1316 5326 ’Ὁπερ
1347 5248 1436 5305 διὰ
1464 5256 1570 5306 τῶν
1608 5252 1742 5324 μετὰ
1772 5255 1940 5307 ταῦτα

271 5345 682 5409 ἐπανελθόντων
718 5337 1047 5407 ἐϐεϐαιώθη.
1080 5346 1180 5396 Ἦν
1215 5338 1273 5395 δὲ
1324 5339 1547 5411 Οὐάλης
1577 5343 1679 5411 τὴν
1714 5339 1936 5410 ἠλικίαν

273 5435 595 5511 διμοιραίαν
653 5430 828 5511 ﬁxum,
870 5429 1114 5503 αὐθάδης
1174 5431 1267 5489 τὸν
1322 5429 1528 5502 τρόπον
1586 5430 1676 5487 καὶ
1734 5433 1940 5505 ὑπερή-

277 5545 445 5605 φανος
483 5524 575 5579 καὶ
632 5524 771 5598 πρὸς
829 5521 1078 5594 αἱμάτων
1136 5519 1325 5594 χύσεις
1385 5519 1937 5594 ὲτοεμότατος.1εχων

276 5615 377 5675 τάς
408 5615 602 5690 φρένας
647 5612 982 5685 ἀσυμπαθεῖς
1025 5608 1115 5664 καὶ
1164 5607 1363 5671 παντὸς
1398 5607 1583 5671 ἐλέους
1614 5606 1936 5683 ἀλλοτρίας,

280 5702 550 5778 αὐστηρία
605 5703 695 5756 τὸν
770 5699 1036 5777 λογισμὸν
1127 5697 1513 5772 σκοτιζόμενος
1576 5699 1668 5754 καὶ
1756 5700 1938 5770 πάσης

2052 4718 2482 4789 injicientibus,
2507 4724 2799 4790 quotquot
2823 4718 2902 4774 ibi
2924 4719 3206 4789 latebant,
3230 4736 3440 4779 omnes
3466 4727 3715 4785 cremati

2052 4812 2111 4863 et
2142 4806 2203 4862 in
2235 4808 2467 4863 cineres
2497 4808 2720 4865 redacti
2778 4812 2935 4863 sunt.
2973 4808 3185 4865 Postea
3239 4809 3523 4884 digressis
3554 4812 3713 4872 550

2052 4892 2323 4951 hostibus
2337 4914 2469 4952 cum
2488 4898 2729 4968 quidam
2745 4914 2960 4969 corpus
2981 4897 3359 4971 imperatoris
3378 4911 3714 4975 quaererent

2052 4990 2401 5057 repererunt
2459 4986 2521 5040 in
2581 4985 2778 5057 domo,
2815 4986 2875 5042 in
2932 5002 3107 5059 quam
3154 5006 3214 5044 se
3247 4986 3555 5047 abdiderat
3584 4993 3706 5062 ille,

2050 5076 2389 5147 sepulcrum
2424 5076 2654 5147 antiqui
2689 5077 3003 5147 cujusdam
3033 5078 3114 5134 ita
3136 5079 3482 5150 inscriptum
3510 5097 3522 5133 :
3547 5104 3575 5127 ιτ
3604 5082 3707 5139 Hic

2052 5169 2200 5222 situs
2233 5170 2322 5221 est
2354 5166 2554 5220 Mimas
2584 5165 2817 5221 Macedo
2841 5165 3052 5221 ductor
3072 5167 3385 5221 exercitus.
3412 5189 3439 5215 ››
3464 5168 3706 5226 Divinus

2050 5259 2246 5309 autem
2280 5254 2538 5309 lsaacius
2570 5254 2629 5308 in
2661 5253 2928 5309 custodia
2974 5254 3248 5309 detentus
3279 5255 3533 5324 puritate
3564 5258 3707 5312 ani-

2048 5360 2162 5399 ma:
2194 5344 2383 5399 sensit
2403 5342 2672 5405 fetorem.
2702 5343 3000 5415 dixitque:
3034 5344 3121 5397 Ita
3144 5344 3325 5397 miser
3345 5344 3707 5418 Valensjam

2049 5433 2439 5491 comburitur.
2500 5434 2664 5501 Quod
2724 5434 2854 5505 ejus
2905 5433 3129 5489 dictum
3161 5432 3234 5486 ab
3267 5433 3341 5487 iis
3372 5435 3474 5504 qui
3506 5452 3540 5490 a
3569 5436 3706 5510 fuga

2048 5522 2324 5577 redibant
2374 5524 2793 5578 confirmatum
2851 5526 2960 5576 est.
3024 5520 3154 5574 Fuit
3206 5520 3420 5577 Valens
3479 5530 3705 5587 statura

2049 5612 2355 5675 mediocri.
2392 5610 2655 5669 moribus
2714 5606 3165 5667 contumacibus
3214 5612 3272 5662 et
3316 5611 3610 5684 superbis,
3646 5622 3704 5673 et

2048 5701 2123 5757 ad
2152 5699 2521 5757 fundendum
2545 5698 2894 5771 sanguinem
2918 5697 3364 5769 promptissimo
3388 5703 3609 5770 animo,
3633 5722 3700 5760 ac
