4144 6414
335 353 455 431 599

1699 343 2027 408 GEORGII
2069 343 2425 406 CEDRENI

3629 335 3755 398 600

338 485 409 542 ab
441 485 512 540 ab
557 484 720 539 omni
781 483 1164 540 miseratione
1222 487 1280 537 et
1334 481 1705 537 humanitate
1756 480 1997 546 alieno;

2133 474 2360 539 παιδείας
2392 473 2687 551 ἀμέτοχος.
2726 474 2862 543 Γυνή
2895 470 2952 528 δὲ
2982 470 3182 528 τοότου
3213 467 3475 545 Δομνίκα,
3506 470 3762 545 Ἀρειανή

337 574 676 644 rationique
735 589 843 628 sua
899 572 1249 628 auctoritate
1308 570 1585 625 tenebras
1642 568 1993 634 obducebat,

342 663 518 718 homo
549 661 775 717 nullius
807 661 1137 732 disciplinas
1191 659 1508 731 particeps.
1542 659 1696 713 Uxor
1725 659 1854 726 ejus
1886 658 1996 710 Do-

342 751 566 807 minica
592 750 872 806 Arianam
903 755 1125 804 sectam
1156 748 1550 803 fervidissime
1580 746 1833 801 colebat.

415 840 725 895 Gratianus
781 837 1176 892 Valentiniani
1258 836 1419 891 filius
1474 835 1787 907 imperavit
1840 832 1998 888 solus

345 946 537 984 annos
566 933 704 994 tres,
739 932 795 980 et
853 926 1000 981 alios
1059 926 1308 981 totidem
1366 924 1696 979 Theodosio
1751 923 1995 994 collega.

348 1021 491 1073 Nam
521 1016 791 1087 Byzantio
824 1015 989 1071 missi
1044 1014 1115 1069 ad
1175 1014 1517 1070 Gratianum
1558 1012 1733 1085 legati
1764 1012 2003 1066 fuerant

347 1107 408 1160 in
439 1105 829 1171 Pannoniam,
863 1104 1286 1176 imperatorem
1308 1103 1441 1158 urbi
1463 1108 1793 1175 poscentes.
1825 1103 2001 1155 Datus

350 1200 437 1248 est
467 1209 604 1265 ergo
633 1192 999 1248 Theodosius
1056 1194 1320 1265 Magnus,
1376 1193 1698 1263 imperator
1727 1190 2000 1245 declara-

348 1289 464 1338 tus.
497 1284 550 1337 Is
578 1283 889 1354 imperavit
918 1299 1107 1337 annos
1153 1286 1240 1349 17,
1292 1298 1528 1335 menses
1559 1284 1611 1347 5,
1645 1280 1771 1335 dies
1801 1282 1852 1333 4.
1886 1278 2002 1333 Sub

350 1374 629 1428 Gratiano
663 1377 862 1426 tantus
892 1371 1003 1425 fuit
1059 1376 1231 1425 terras
1288 1376 1484 1425 motus
1512 1369 1909 1435 Alexandriae,
1942 1374 2005 1422 ut

352 1477 508 1532 aqua
536 1460 715 1514 maris
747 1458 950 1530 procul
971 1475 1032 1513 se
1063 1475 1099 1514 a
1123 1459 1321 1513 littore
1345 1457 1692 1514 subduxerit
1712 1473 2005 1527 navesque

355 1551 419 1604 in
450 1549 604 1603 sicco
637 1548 1090 1603 destituerit.Ad
1118 1547 1273 1619 quod
1316 1547 1663 1601 inusitatum
1700 1552 2008 1617 spectacu-

355 1640 481 1694 lum
515 1654 651 1692 cum
684 1653 897 1708 magna
926 1637 1237 1692 hominum
1284 1635 1600 1690 multitudo
1632 1636 2005 1701 accurrisset,

360 1744 515 1798 aqua
558 1726 749 1781 subito
783 1742 995 1797 magna
1045 1726 1095 1778 vi
1155 1724 1349 1790 rediit,
1413 1730 1471 1779 et
1525 1726 1700 1779 50000
1730 1723 2009 1779 mortales

2105 562 2390 640 διάπυρος.

2178 836 2470 906 Γρατιανὸς
2528 836 2556 890 6
2617 836 2733 897 υίὸς
2773 833 3252 903 Οὗαλεντινιανοῦ,
3309 831 3584 905 αἱρετικὸς
3632 832 3770 902 (26),

2106 919 2423 979 ἐϐασίλευσε
2482 924 2644 996 μόνος
2702 920 2795 994 ἔτη
2851 925 2923 998 γ’,
2977 922 3066 978 καὶ
3129 922 3263 995 μετὰ
3292 917 3583 977 Θεοδοσίου
3611 916 3770 993 ἕτερα

2104 1014 2170 1089 γι,
2232 1014 2337 1067 ἀπὸ
2411 1014 2517 1088 γὰρ
2591 1017 2689 1068 τοῦ
2749 1013 3044 1081 Βυζαντίου
3098 1010 3451 1089 ἐπέμφθησαν
3510 1002 3764 1083 πρέσϐεις

2108 1103 2244 1176 πρὸς
2302 1103 2590 1178 Γρατιανὸν
2667 1099 2720 1156 ἒν
2807 1100 3045 1172 Πανονίᾳ
3098 1101 3528 1175 κατερχόμενον,
3587 1095 3764 1166 δοθῆ-

2106 1214 2190 1247 ναι
2222 1193 2409 1253 αὐτοῖς
2464 1189 2712 1267 βασιλέα,
2774 1191 2864 1246 καὶ
2922 1188 3082 1259 ἐδόθη
3139 1190 3327 1250 αὐτοῖς
3361 1190 3388 1243 6
3423 1188 3587 1262 μέγας
3638 1193 3768 1242 Θεο-

2112 1282 2296 1344 δόσιος
2352 1282 2726 1359 ἀναγορευθεὶς
2817 1279 3096 1356 βασιλεὺς,
3171 1280 3264 1334 καὶ
3323 1278 3612 1353 ἐκράτησεν
3671 1275 3766 1347 ἔτη

2115 1375 2199 1444 ιζ’,
2235 1379 2409 1446 μῆνας
2439 1373 2496 1441 ε’,
2548 1370 2759 1448 ἠμέρας
2801 1368 2864 1426 δ’.
2925 1370 3048 1428 Ἐπὶ
3107 1372 3408 1442 Γρατιανοῦ
3470 1368 3689 1441 σεισμὸς
3718 1367 3771 1422 ἐν

2112 1459 2495 1536 Ἀλεξανδρείᾳ
2567 1462 2779 1537 γέγονεν
2858 1458 2946 1515 ἐπὶ
3028 1463 3291 1515 τοσοῦτον
3348 1458 3421 1519 ὡς
3480 1456 3567 1512 ἐπὶ
3624 1454 3771 1511 πολὺ

2116 1552 2479 1625 ὑποχωρῆσαι
2509 1550 2609 1619 τὴν
2661 1546 2939 1604 Θάλασσαν
2996 1549 3087 1603 καὶ
3144 1548 3211 1601 τὰ
3262 1546 3434 1603 πλοῖα
3485 1545 3573 1601 ἐπὶ
3604 1546 3772 1619 ξηρᾶς

2116 1640 2352 1695 ἐστάναι.
2388 1637 2641 1709 Πληθους
2701 1635 2757 1693 δὲ
2809 1636 3025 1693 πολλοῦ
3091 1634 3178 1691 ἐπὶ
3213 1640 3292 1708 τῷ
3324 1631 3613 1711 παραδόξῳ
3644 1634 3771 1688 θεά-

2121 1750 2247 1803 ματι
2306 1724 2833 1801 συνδεδραμηκότος,
2890 1731 2998 1782 τῶν
3064 1723 3273 1782 ὑδάτων
3333 1725 3546 1801 ἀθρόως
3578 1720 3772 1799 ἐκδρα-

363 1816 700 1871 submersit.
735 1815 954 1869 Eodem
979 1820 1241 1885 tempore
1267 1830 1479 1886 magna
1500 1814 1679 1869 etiam
1712 1830 1849 1884 pars
1879 1816 2010 1868 Gre-

2133 1818 2331 1873 αιτντων
2363 1817 2522 1872 πέντε
2583 1816 2840 1892 μυριάδες
2899 1816 3199 1890 ἀνθρώπων
3251 1813 3771 1883 κατεποντίσοησαν,

361 1912 454 1974 ιω,
487 1905 743 1971 Achaiae,
774 1905 1027 1972 Bccotiw,
1061 1905 1218 1975 Epiri
1265 1920 1334 1958 ac
1381 1905 1528 1960 55]
1568 1904 1782 1958 Siciliaa
1814 1902 2010 1973 periit,

365 1994 541 2049 maris
572 1992 885 2061 alluvione,
936 2009 1071 2047 cum
1131 1991 1373 2063 quidem
1432 2008 1609 2047 naves
1666 1992 1729 2047 in
1779 1997 2013 2046 montes

365 2088 502 2138 sunt
541 2081 745 2152 ejectaa
778 2082 850 2136 ad
883 2087 1122 2137 centum
1153 2099 1340 2153 usque
1374 2099 1407 2137 a
1437 2081 1637 2137 littore
1668 2082 1877 2137 stadia.

437 2354 727 2410 Cmterum
758 2353 1148 2409 Maximianus
1170 2353 1411 2424 quidam
1434 2354 1775 2423 Britannus,
1798 2371 1933 2410 cum
1956 2371 2017 2409 se

365 2443 666 2517 prasterito
698 2443 984 2514 nulloque
1016 2443 1239 2498 honore
1271 2445 1480 2499 affecto
1510 2443 1735 2499 videret
1754 2444 2017 2499 Theodo-

366 2533 522 2588 sium
554 2549 588 2586 a
618 2533 892 2587 Gratiano
950 2532 1182 2604 imperii
1241 2538 1576 2588 consortem
1624 2540 2018 2605 assumptum,

368 2622 682 2676 Britannos
712 2622 774 2675 in
798 2622 1147 2676 Gratianum
1188 2622 1425 2687 excitat,
1477 2623 1777 2693 mittitque
1812 2627 2022 2677 contra

369 2728 505 2765 eum
535 2710 1026 2781 Andragathium.
1084 2710 1520 2782 Andragathius
1578 2711 1786 2767 lectica
1817 2718 2022 2783 operta

365 2806 568 2855 vectus
597 2816 900 2854 rumorem
958 2800 1181 2870 spargit
1227 2800 1489 2854 Gratiani
1520 2817 1766 2856 uxorem
1799 2818 1867 2855 ex
1896 2802 2022 2855 Bri-

368 2888 576 2944 tannia
604 2904 675 2942 ea
704 2887 934 2942 advehi.
966 2889 1172 2942 Uxoris
1203 2905 1340 2960 ergo
1371 2906 1573 2944 amore
1605 2891 1918 2945 Gratianus
1948 2890 2021 2944 ad

368 2977 644 3033 lecticam
675 2992 1007 3047 aggressus,
1040 2993 1174 3030 cum
1227 2994 1355 3032 eam
1399 2979 1747 3049 aperuisset,
1782 2979 2021 3034 Andra-

370 3065 636 3137 gathium
669 3063 827 3118 intus
860 3064 1127 3133 offendit,
1161 3065 1332 3137 cujus
1362 3067 1538 3138 jussu
1567 3085 1601 3123 a
1633 3068 1918 3123 militibus
1949 3068 2022 3123 ad

369 3156 483 3210 hoc
513 3154 870 3225 comparatis
927 3153 1084 3208 illico
1133 3155 1478 3211 trucidatur.
1513 3157 1828 3212 Gratianus
1861 3164 2024 3214 tanta

366 3244 483 3300 fuit
502 3242 811 3315 jaculandi
845 3243 1076 3314 peritia,
1136 3249 1201 3299 ut
1256 3245 1498 3315 quidam
1529 3246 1863 3301 didicerent
1892 3247 2023 3317 ejus

370 3335 599 3408 spicula
628 3351 759 3389 esse
791 3340 988 3390 mente
1022 3335 1289 3405 prmdita.
1322 3338 1547 3407 Corpus
1578 3339 1709 3407 ejus
1740 3338 1801 3392 in
1832 3338 2024 3407 impe-

370 3426 593 3482 ratoria
622 3425 995 3480 monimenta
1015 3426 1376 3481 Theodosius
1406 3427 1631 3482 retulit.

448 3519 651 3571 Frater
678 3520 877 3570 autem
924 3516 1182 3571 Gratiani
1244 3522 1566 3588 superstes,
1599 3518 1784 3589 patris
1819 3516 2029 3573 Valen-

372 3608 589 3664 tiniani
615 3625 837 3663 nomen
866 3625 1098 3681 gerens,
1117 3609 1423 3682 episcopos
1444 3609 1517 3665 ab
1541 3610 1748 3666 exsilio
1771 3615 2026 3677 revocat,

373 3713 633 3769 suasque
692 3696 764 3752 iis
822 3697 1018 3753 reddit
1075 3698 1381 3765 ecclesias,
1415 3699 1743 3771 proﬂigatis
1768 3699 2025 3757 Arianis.

374 3787 500 3850 Qua
552 3785 612 3838 in
660 3800 724 3838 re
782 3789 873 3841 est
901 3801 936 3839 a
966 3786 1215 3840 Damaso
1266 3787 1530 3841 Romano
1576 3802 1730 3858 papa
1766 3787 2028 3857 adjutus.

385 3877 536 3930 l‘unc
566 3880 623 3929 et
646 3875 971 3946 Theologus
1003 3875 1317 3945 Gregorius
1350 3876 1560 3947 majori
1591 3894 1724 3933 cum
1757 3878 2029 3933 libertate

376 3962 683 4017 veritatem
713 3960 875 4032 Cpoli
908 3959 1109 4015 docuit
1137 3962 1198 4015 in
1230 3963 1488 4017 oratorio
1519 3970 1739 4019 sanctas
1771 3968 2029 4019 Anasta-

377 4052 500 4117 siai,
535 4050 694 4121 quod
724 4050 919 4105 adhuc
950 4055 1073 4104 erat
1123 4050 1420 4122 exiguum,
1453 4051 1810 4111 decennium
1862 4054 1941 4108 ibi
1976 4059 2034 4110 et

380 4140 557 4212 paulo
590 4138 848 4210 amplius
873 4143 1154 4193 moratus.
1181 4139 1264 4194 Ibi
1300 4157 1535 4212 quoque
1559 4142 1827 4199 inaudita
1850 4143 2033 4198 mira-

379 4228 516 4284 cula
544 4234 683 4283 sunt
713 4227 873 4282 edita
902 4244 936 4281 a
966 4229 1299 4284 castissima
1329 4230 1429 4284 Dei
1472 4231 1755 4287 Genitrix.
1808 4233 2034 4303 Duplex

380 4319 540 4373 enim
567 4315 914 4389 perhibetur
938 4318 1088 4373 ratio
1111 4318 1372 4373 nominis
1398 4319 1601 4390 templi
1630 4326 1847 4376 sanctae
1879 4322 2032 4378 552

380 4406 708 4462 Anastasiaa
734 4422 748 4460 :
781 4422 919 4470 una,
952 4406 1113 4476 quod
1143 4406 1224 4460 ibi
1266 4408 1591 4463 resurrexit
1615 4426 1764 4464 verm
1794 4410 2035 4481 religio-

383 4498 479 4552 nis
509 4496 816 4561 doctrina;
865 4494 1054 4550 altera
1090 4513 1127 4551 a
1155 4496 1444 4551 miraculo
1492 4497 1573 4551 ibi
1619 4497 1796 4554 edito.
1830 4500 2038 4554 Fertur

2119 1908 2207 1962 καὶ
2241 1914 2339 1976 τῆς
2369 1908 2594 1979 Κρήτης
2625 1903 2683 1960 δὲ
2738 1905 2825 1960 καὶ
2880 1905 3111 1978 Ἀχαίας
3166 1904 3257 1958 καὶ
3291 1901 3559 1964 Βοιωτίας
3594 1901 3779 1958 Ἐπεί-

2124 2018 2218 2072 ρου
2265 2017 2324 2052 τε
2378 1997 2469 2052 καὶ
2529 1995 2783 2058 Σικελίας
2820 1995 3052 2051 πλείστα
3114 1994 3253 2069 μέρη
3312 1992 3633 2059 ἀπολέσθαι,
3675 1999 3779 2061 τῆς

2121 2087 2400 2157 θαλάσσης
2462 2085 2797 2155 ἀνελθοῦσης
2891 2086 2981 2140 καὶ
3042 2084 3412 2155 ἐπικλυσάσης
3480 2083 3634 2152 αὐτὰ,
3704 2083 3778 2144 ὡς

2122 2176 2213 2232 καὶ
2245 2175 2333 2229 ἐπὶ
2362 2179 2470 2230 τῶν
2504 2174 2673 2251 ὀρέων
2728 2173 3099 2251 ἀπορριφῆναι
3158 2170 3331 2228 πλοῖα
3385 2168 3517 2246 ἄχρι
3550 2166 3783 2224 σταδίων

2125 2263 2311 2320 ἐκατόν
2322 2309 2335 2322 .

2199 2353 2533 2426 Μαειμιανὸς
2594 2350 2651 2407 δέ
2702 2372 2785 2413 τις
2842 2350 3165 2425 Βρεττανὸς,
3198 2348 3281 2405 ὅτι
3306 2351 3399 2405 τὸν
3433 2346 3721 2404 Θεοδόσιον
3754 2347 3783 2401 6

2128 2443 2421 2518 Γρατιανὸς
2474 2440 2699 2517 βασιλέα
2747 2439 3022 2509 ἐποίησεν,
3055 2437 3218 2495 αἱ)τοῦ
3278 2436 3552 2512 μηδεμιᾶς
3584 2436 3789 2512 τυχὸν-

2125 2553 2220 2593 τος
2248 2537 2439 2605 τιμῆς,
2474 2528 2718 2604 διήγειρε
2769 2529 2897 2591 τοὺς
2955 2528 3006 2584 ἐν
3065 2530 3362 2603 Βρεττανίᾳ
3388 2528 3613 2602 ἀντᾶραι
3644 2533 3788 2601 Γρα-

2126 2626 2316 2692 τιανῷ.
2380 2620 2477 2675 Καὶ
2558 2618 2885 2676 ἀποστέλλει
2967 2616 3357 2693 Ἀνδραγάθιον
3414 2619 3532 2673 κατ’
3591 2615 3784 2685 αὐτοῦ,

2127 2712 2189 2768 Ὀ
2218 2709 2274 2765 δὲ
2322 2708 2571 2778 εἰσῆλθεν
2631 2706 2681 2761 ἐν
2744 2707 2945 2785 φορείῳ
3002 2705 3345 2782 καταστέγῳ,
3403 2704 3659 2780 φημίζων
3689 2705 3789 2772 τήν

2129 2804 2355 2873 γυναῖκα
2391 2801 2683 2866 Γρατιανοῦ
2743 2798 2877 2851 εἶναι
2912 2796 2970 2851 ἐκ
3012 2800 3332 2871 Βρεττανιας
3388 2795 3787 2866 ἐπανήκουσαν,

2128 2889 2196 2958 ἧς
2224 2893 2293 2962 τῇ
2324 2887 2509 2962 ’ἀγάπῃ
2566 2886 2859 2961 Γρατιανὸς
2907 2886 3201 2960 κρατηθεὶς
3252 2889 3333 2957 τῷ
3382 2883 3586 2963 φορείῳ
3616 2904 3786 2959 προσ·

2129 2977 2285 3042 ἦλθε·
2346 2976 2435 3031 καὶ
2493 2974 2844 3048 ἀνακαλύψας
2936 2973 3125 3049 βλέπει
3209 2974 3299 3028 τὸν
3376 2971 3787 3047 Ἀνδραγάθιον,

2132 3066 2190 3129 ὅς
2248 3065 2495 3138 πάραυτα
2549 3061 2639 3119 διὰ
2712 3067 3061 3136 στρατιωτῶν
3121 3064 3641 3138 παρεσκευασμένων
3701 3057 3787 3114 ὅν-

2130 3177 2238 3210 των
2300 3153 2387 3209 ἐπὶ
2453 3154 2651 3209 τούτου
2722 3154 3007 3227 Γρατιανὸν
3068 3149 3455 3231 διεχειρίσατο.
3535 3152 3631 3213 ’⁸ος
3701 3148 3791 3205 ἐπὶ

2132 3248 2391 3300 τοσοῦτον
2427 3246 2518 3315 [Α.
2553 3244 2677 3315 315]
2710 3239 2988 3316 εὺστόχως
3023 3240 3257 3310 ἐτόξευεν
3311 3241 3386 3305 ὡς
3434 3240 3608 3315 λέγειν
3639 3240 3793 3301 τινας

2128 3335 2197 3389 τὰ
2253 3337 2547 3406 Γρατιανοῦ
2613 3329 2750 3407 βέλη
2808 3332 3001 3410 φρένας
3058 3328 3229 3409 ἔχειν.
3286 3329 3553 3400 Μετετέθη
3597 3327 3652 3384 δέ
3686 3329 3789 3385 ὑπὸ

2132 3420 2424 3479 Θεοδοσίου
2456 3420 2532 3485 εἷς
2560 3419 2687 3483 τοὺς
2723 3418 3043 3495 βασιλικοὺς
3072 3420 3306 3498 τάφους.

2205 3509 2469 3589 Ἀδελφὸς
2527 3508 2584 3566 δὲ
2641 3515 2938 3583 Γρατιανοῢ
2997 3512 3404 3583 ὁμώνυμοςτῷ
3436 3509 3595 3585 πατρῖ
3642 3510 3788 3566 Οὐα-

2132 3602 2468 3671 λεντινιανῷ,
2528 3595 2606 3653 ἔτι
2662 3600 2888 3673 περιὼν,
2946 3598 3075 3659 τοὺς
3115 3598 3165 3652 ἐν
3217 3597 3397 3673 ἐξορίᾳ
3458 3596 3789 3660 ἐπισκόπους

2133 3690 2494 3748 ἀνεκαλέσατο
2549 3688 2638 3744 καὶ
2687 3689 2781 3751 τὰς
2841 3686 2979 3750 ἰδίας
3038 3686 3335 3757 ἐκκλησίας
3386 3685 3661 3743 ἀπέδωκεν
3694 3685 3790 3741 αὐ-

2131 3786 2270 3852 τοῖς,
2304 3777 2561 3851 ἐκδιώξας
2625 3779 2752 3840 τοὺς
2815 3777 3153 3849 Ἀρειανοὺς,
3213 3776 3466 3851 Δαμάσου
3508 3781 3605 3831 τοῦ
3638 3777 3793 3831 πάπα

2137 3871 2359 3943 Ῥώμης
2409 3869 2560 3939 αὐτῷ
2619 3868 3084 3941 συμπράττοντος.
3145 3868 3284 3925 Τότε
3339 3866 3429 3922 καὶ
3460 3867 3487 3921 6
3519 3865 3795 3939 Θεολόγος

2135 3958 2438 4035 Γρηγὸριος
2496 3956 3103 4035 παρρησιαστικώτερον
3163 3957 3254 4010 τὸν
3310 3954 3479 4031 λόγον
3519 3961 3619 4025 τῆς
3652 3953 3800 4025 άλη-

2136 4051 2278 4109 θείας
2311 4045 2585 4102 ἐδίδασκεν
2643 4045 2693 4101 ἐν
2754 4044 3319 4100 Κωνσταντινουπόλει
3380 4045 3457 4108 εἰς
3497 4044 3560 4099 τὸ
3592 4042 3797 4113 εὐκτή-

2139 4160 2255 4214 ριον
2314 4146 2414 4207 τῆς
2483 4136 2637 4211 ἁγίας
2696 4134 3052 4199 Ἀναστασίας
3109 4130 3188 4191 ἔτι
3251 4136 3443 4211 μικρὸν
3500 4134 3800 4211 τυγχάνον,

2140 4228 2268 4284 δέκα
2300 4229 2531 4303 χρόνους
2563 4226 2651 4281 καὶ
2692 4226 2886 4300 μικρόν
2946 4247 3000 4281 τι
3057 4226 3193 4301 πρὸς
3248 4224 3421 4281 ἐκεῖσε
3451 4224 3798 4296 πεποιηκώς.

2139 4320 2306 4374 Ἒνθα
2362 4317 2452 4372 καὶ
2510 4314 2791 4390 παράδοξα
2846 4315 3047 4391 γίνεται
3107 4318 3355 4389 θαύματα
3409 4316 3461 4388 ἐξ
3512 4315 3801 4397 ἐμφανείας

2139 4414 2239 4477 τῆς
2307 4407 2689 4480 παναχράντου
2750 4405 3046 4475 Δεσποίνης
3104 4408 3264 4480 ἡμῶν
3338 4414 3439 4477 τῆς
3507 4406 3799 4463 Θεοτὸκου.

2143 4503 2347 4562 Δισσῶς
2405 4499 2510 4573 γὰρ
2570 4498 2788 4573 λέγεται
2844 4500 2879 4567 ἡ
2942 4497 3222 4573 ἐπωνυμία
3296 4504 3393 4554 τοῦ
3452 4507 3552 4569 τῆς
3608 4500 3800 4576 Ἃγίας

385 4582 547 4638 enim
604 4581 921 4652 quamdam
997 4583 1310 4637 mulierem
1363 4583 1434 4638 de
1491 4584 1733 4639 sublimi
1801 4586 2020 4658 lapsam

2137 4587 2489 4649 Ἀναστασίας
2519 4591 2672 4641 ναυῦ·
2707 4588 3023 4650 Ἀνάστασις
3077 4589 3170 4661 μὲν
3233 4586 3322 4644 διὰ
3349 4590 3412 4645 τὸ
3450 4591 3544 4646 τὸν
3569 4596 3671 4658 τῆς
3704 4590 3807 4665 ὀρ-

388 4670 720 4741 exspirasse
752 4674 808 4724 et
839 4669 1305 4725 Christianorum
1369 4670 1619 4742 publicis
1648 4668 1941 4744 precibus
1973 4676 2035 4730 in

387 4760 567 4814 vitam
597 4763 946 4814 revocatam.
999 4759 1061 4813 Id
1120 4761 1443 4815 oratorium
1501 4779 1635 4817 eum
1669 4780 1737 4818 eo
1773 4768 2036 4836 tempore

390 4853 549 4904 esset
603 4863 870 4917 parvum,
924 4853 1131 4917 postea
1187 4851 1472 4920 temporis
1532 4852 1664 4923 pius
1714 4853 2038 4923 imperator

388 4936 721 4993 Marcianus
750 4936 825 4992 ad
853 4952 981 4991 eam
1015 4937 1231 4992 molem
1263 4941 1521 4995 extruxit
1548 4958 1665 5012 qua
1708 4959 1866 4999 nunc
1899 4944 2032 4999 visi-

388 5032 507 5082 tur.

2145 4674 2393 4747 θοδοξίας
2453 4674 2620 4749 λόγον
2685 4674 2739 4729 ἐν
2792 4675 2962 4751 ταύτῃ
3034 4678 3350 4747 ἀναστῆναι,
3398 4678 3714 4735 Ἀναστασία
3745 4676 3805 4733 δὲ

2146 4764 2235 4821 διὰ
2289 4765 2352 4820 τὸ
2410 4758 2620 4836 συμϐάν
2688 4764 2764 4825 εἷς
2822 4766 2993 4833 αὐτὴν
3055 4766 3553 4842 θαυματούργημα·
3587 4765 3803 4842 λέγεται

2147 4855 2252 4932 γὰρ
2302 4854 2529 4927 γυναϊκά
2583 4872 2704 4906 τινα
2761 4851 2963 4908 ἄνωθεν
3022 4857 3286 4909 πεσοῦσαν
3343 4854 3657 4928 ἀποθανεῖν,
3707 4877 3802 4931 γε-

2146 4941 2379 5016 νομένης
2412 4939 2469 4996 δὲ
2497 4948 2685 5010 κοινῆς
2718 4941 2888 5017 εὐχῆς
2932 4941 3035 4998 ὕπὸ
3091 4948 3199 4997 τῶν
3260 4942 3567 5020 ὀρθοδόξων
3597 4945 3802 5014 ταύτην

2149 5031 2457 5100 ἀναστῆναι·
2522 5035 2720 5107 μικροῦ
2797 5028 2853 5086 δὲ
2924 5027 3076 5093 ὄντος
3149 5031 3275 5088 τότε
3333 5038 3430 5089 τοῦ
3490 5033 3804 5109 εὐκτηρίου,

2150 5121 2370 5195 ὕστερον
2432 5118 2519 5175 ἐπὶ
2574 5124 2673 5175 τοῦ
2732 5118 2884 5175 ὁσίου
2943 5122 3257 5197 Μαρκιανοῦ
3298 5121 3802 5198 ἀνοικοδομηθῆναι

2147 5210 2327 5273 καθὼς
2361 5210 2573 5281 ὁρᾶται.

1590 5301 1951 5361 XYLANDRI
1991 5308 2077 5362 ET
2116 5310 2334 5365 GOARI
2374 5309 2601 5365 NOTAE.

461 5428 574 5497 (26)
604 5424 1094 5501 Alpertxéeinitio
1117 5426 1387 5501 Gratiani
1419 5444 1526 5501 vox
1567 5444 1810 5501 prorsus
1837 5446 2038 5501 super-

392 5513 651 5569 vacanea
678 5497 1031 5567 veritatique
1061 5497 1303 5553 adversa
1330 5505 1438 5554 est.
1464 5500 1534 5552 Et
1563 5497 1723 5569 quod
1755 5499 1826 5554 de
1858 5497 2041 5557 Theo-

392 5568 561 5623 dosio
594 5568 831 5633 dicitur,
864 5568 1082 5622 falsum
1139 5568 1239 5622 alii
1295 5570 1557 5625 historici
1584 5568 1929 5626 ostendunt.
1968 5578 2048 5629 Ac

394 5641 495 5711 qui
529 5655 663 5693 eum
711 5640 941 5693 curavit
996 5640 1274 5708 interfici,
1334 5642 1384 5695 is
1440 5642 1513 5696 ab
1572 5641 1727 5711 aliis,
1768 5658 1887 5698 non
1923 5653 2048 5701 uta

2154 5440 2356 5488 nostro
2405 5435 2812 5500 Maximianus,
2869 5435 2971 5490 sed
3032 5438 3316 5493 Maximus
3347 5441 3709 5496 nominatur.
3742 5443 3814 5496 Et

2157 5506 2240 5631 ἕο
2272 5507 2450 5561 etiam
2481 5507 2690 5560 Noster
2747 5506 2925 5561 habet
2980 5524 3137 5564 anno
3190 5510 3502 5566 Theodosii
3535 5514 3808 5584 septimo,

2209 5594 2294 5631 γι.

2209 5594 2294 5631 YL.
