4144 6426
337 391 450 453 601

1482 394 2020 456 HISTORIARUM
2066 395 2620 459 OOMPENDIUM.

3637 391 3756 452 602

408 522 696 589 Θεοδόσιος
728 523 914 598 μέντοι
979 524 1234 600 βασιλεὺς
1293 530 1375 598 τῷ
1428 528 1565 600 γένει
1604 526 1698 600 μὲν
1731 521 1890 598 Ἴϐηρ
1922 528 1990 596 ἧν

2179 529 2541 585 Theodosius
2591 530 2917 600 imperator
2969 527 3211 583 natione
3266 526 3381 582 fuit
3435 526 3753 597 Hispanus,

335 621 445 672 τῶν
481 615 801 690 Ἑσπερίων,
858 614 1079 691 εύγενής
1137 614 1195 672 δὲ
1248 636 1331 678 τις
1388 616 1481 671 καὶ
1536 617 1835 690 θαυμάσιος
1865 616 1989 692 περὶ

335 707 466 768 τοὺς
493 701 798 778 πολέμους.
828 706 1005 770 Οὗτος
1056 706 1180 771 εύθὺ
1237 706 1371 767 τοὺς
1426 705 1479 761 ἐν
1538 707 1721 783 Θρᾴκῃ
1772 703 1993 783 Βαρϐά-

339 817 466 871 ρους
517 796 655 852 κατᾶ
704 796 903 870 κράτος
954 795 1221 866 ἐνίκησεν,
1279 791 1507 867 εὐσεϐὴς
1536 794 1610 851 ὥν
1640 797 1732 852 καὶ
1764 796 1989 872 ὀρθόδο-

338 885 445 955 ξος.
478 885 653 949 Οὗτος
678 885 746 955 ἦν
777 886 876 953 τήν
923 886 1018 958 μὶν
1065 884 1383 960 ἀναδρομὴν
1428 890 1531 941 τοῦ
1564 886 1818 959 σώματος
1852 885 1993 958 σύμ-

341 993 564 1048 μετρος,
596 971 883 1047 ἄμεμπτος
938 973 1046 1030 ἀπὸ
1105 971 1289 1030 ποδῶν
1342 971 1447 1037 ἕως
1492 975 1761 1050 κεφαλῆς,
1796 974 1988 1050 ὑπέρυ-

337 1065 465 1139 θρος
518 1069 600 1137 τῷ
658 1066 969 1138 προσώπῳ,
1033 1066 1224 1139 ξανθὴν
1282 1062 1427 1140 ἔχων
1483 1067 1584 1135 τήν
1640 1067 1830 1141 τρίχα,
1888 1066 1988 1135 τήν

337 1153 459 1227 ῥῖνα
516 1152 721 1222 λδπτῆν
774 1152 864 1209 καὶ
922 1152 1240 1229 ἐπίγρυπον,
1307 1155 1518 1230 χαρίεις
1579 1157 1679 1223 τὴν
1739 1154 1989 1228 ὁμιλίαν,

336 1243 427 1297 τὸν
498 1243 701 1314 τρὸπον
758 1239 816 1297 δὲ
873 1242 1252 1318 χαριέστατος,
1293 1237 1439 1322 ἔχων
1497 1249 1727 1319 γυναῖκα
1758 1243 1989 1317 ὀνοματι

335 1329 680 1399 Πλακίλλαν,
738 1330 790 1401 ἐξ
847 1333 913 1400 ἧν
969 1326 1126 1406 ἔσχεν
1210 1329 1501 1408 Ἀρκάδων
1556 1333 1647 1388 καὶ
1704 1334 1986 1407 Ὁνώριον*

333 1421 401 1489 ἧς
449 1419 857 1491 τελευτησάσης
890 1419 1104 1476 Γάλλαν
1137 1419 1379 1498 ἀδελφὴν
1434 1428 1728 1498 Γρατιανοῦ
1759 1418 1985 1498 ἔγημεν.

333 1509 422 1566 Ἐν
483 1509 850 1583 Θεσσαλονίκῃ
905 1506 963 1565 δὲ
1027 1508 1124 1578 ὢν,
1187 1511 1333 1584 νόσῳ
1369 1512 1698 1587 περιπεσὼν,
1737 1512 1988 1588 βαπτίζε-

334 1618 420 1652 ται
454 1598 562 1654 ὑπὸ
620 1596 922 1674 Ἀσχολίου
979 1604 1077 1655 τιῦ
1134 1598 1458 1658 ἐπισκόπου.
1519 1601 1624 1656 Καὶ
1653 1600 1822 1673 νόμον
1855 1601 1990 1676 ὑπὲρ

331 1691 440 1743 τῶν
505 1683 807 1761 όρθοδόξων
866 1692 962 1743 τοῦ
1019 1688 1319 1762 ὁμόουσίου
1376 1683 1621 1764 ἔγραψεν,
1657 1688 1713 1745 ὅν
1756 1689 1810 1745 ἐν
1843 1697 1993 1746 Κων-

336 1775 1148 1834 σταντινουπόλειάπὲστειλεν.
1205 1777 1414 1834 Ἐλθὼν
1471 1776 1528 1834 δὲ
1577 1778 1671 1834 καὶ
1728 1779 1887 1840 αὐτὸς
1934 1779 1985 1833 ἐν

2099 618 2319 674 nobilis
2352 624 2409 674 et
2438 619 2596 673 bello
2627 617 3035 684 admirandus,
3068 616 3202 687 pius
3246 620 3305 670 et
3333 632 3481 669 vera
3514 615 3756 687 religio—

2096 707 2191 762 nis
2213 707 2533 779 professor.
2560 710 2614 761 Is
2647 707 2848 763 statim
2871 706 3161 761 Barbaros
3182 705 3243 759 in
3265 704 3513 758 Thracia
3541 718 3755 774 magno

2097 798 2304 871 pralio
2336 799 2653 870 superavit.
2688 800 2924 853 Statura
2951 797 3066 852 fuit
3093 795 3405 867 medjocri,
3433 810 3468 850 a
3498 794 3658 849 calce
3691 811 3757 849 ac

2096 889 2376 944 verticem
2406 904 2594 960 usque
2625 888 2964 959 inculpata:
3022 885 3303 941 subrufus
3334 884 3569 948 faciem,
3602 883 3755 938 fulvo

2098 978 2335 1049 capillo,
2370 994 2516 1032 naso
2547 976 2712 1032 tenui
2743 982 2804 1031 et
2832 976 3094 1041 incurvo,
3128 974 3422 1046 gratiosus
3470 973 3532 1027 in
3568 971 3753 1026 collo.

2099 1067 2260 1138 quio,
2328 1066 2595 1122 moribus
2675 1065 3130 1120 venustissimis.
3202 1065 3454 1119 Uxorem
3548 1060 3757 1116 habuit

2095 1156 2426 1221 Placillam,
2458 1172 2590 1226 qua
2631 1172 2767 1210 eum
2814 1153 3064 1209 Arcadio
3123 1156 3182 1207 et
3233 1151 3489 1206 Honorio
3520 1155 3752 1221 patrem

2097 1246 2256 1302 fecit.
2289 1247 2369 1301 Ea
2397 1250 2634 1301 mortua
2672 1244 2898 1300 Gallam
2948 1243 3136 1313 duxit,
3168 1241 3428 1296 Gratiani
3461 1256 3749 1293 sororem.

2096 1334 2529 1390 Thessalonica
2559 1335 2782 1407 degens
2811 1349 2947 1388 cum
2994 1332 3058 1387 in
3115 1330 3388 1386 morbum
3418 1327 3749 1395 incidisset,

2096 1424 2426 1496 baptizatus
2476 1436 2563 1479 est
2621 1423 2694 1479 ab
2748 1422 3026 1478 Ascholio
3086 1421 3385 1492 episcopo.
3419 1419 3748 1488 Legemque

2099 1512 2233 1568 tulit
2250 1530 2357 1584 pro
2380 1513 2725 1569 orthodoxis
2751 1512 2825 1567 de
2850 1512 2998 1567 Filio
3021 1510 3212 1566 Patris
3234 1505 3747 1570 consubstantiali,

2097 1619 2349 1673 eamque
2370 1602 2599 1674 Cpolim
2620 1602 2941 1673 misit.lpse
2963 1616 3201 1671 quoque
3223 1615 3291 1653 eo
3314 1613 3450 1652 cum
3470 1596 3748 1664 venisset,

2096 1691 2515 1763 Demophilum
2547 1696 2648 1746 aut
2677 1690 2749 1746 ab
2789 1707 2990 1745 errore
3021 1689 3144 1743 Arii
3176 1688 3463 1742 desistere
3484 1690 3585 1740 aut
3612 1700 3749 1739 mox

2096 1781 2358 1837 Ecclesia
2386 1780 2674 1836 decedere
2714 1779 2916 1851 jussit.
2950 1776 3334 1848 Demophilus
3367 1774 3747 1830 multitudine

335 1865 919 1923 Κωνσταντινουπόλει
982 1865 1292 1944 Δημοφίλῳ
1343 1864 1620 1938 ἐδήλωσεν
1679 1868 1714 1938 ἢ
1747 1869 1990 1938 ἀποστῆ-

2101 1873 2446 1928 Arianorum
2463 1869 2755 1925 conducta
2770 1868 3088 1923 conciones
3103 1870 3270 1921 extra
3283 1863 3495 1919 urbem
3517 1863 3744 1918 habuit:

330 1975 417 2009 ναι
473 1961 579 2025 τῆς
638 1954 852 2031 ’Δρείου
900 1954 1119 2027 πλάνης
1173 1956 1209 2026 ἢ
1261 1956 1478 2033 ταχέως
1524 1964 1625 2027 τῆς
1653 1958 1986 2028 Ἐκκλησίας

333 2042 586 2113 ἐξελθεῖν.
648 2044 710 2101 Ὀ
768 2040 826 2100 δὲ
876 2044 940 2099 τὸ
994 2044 1211 2114 πλῆθος
1265 2050 1376 2101 τῶν
1437 2048 1727 2121 Ἀρειανῶν
1756 2049 1984 2118 συνείξας

332 2127 431 2204 ἔξω
462 2140 565 2203 τῆς
597 2132 814 2196 πόλεως
872 2132 1249 2206 ἐκκλησίαζεν,
1305 2133 1450 2211 ἔχων
1505 2136 1595 2192 καὶ
1626 2136 1861 2193 Λούκιον
1889 2139 1982 2193 τὸν

333 2219 744 2295 Ἀλεξανδρείας
804 2221 1102 2279 ἐπίσκοπον
1160 2226 1440 2299 Ἀρειανὸν
1508 2226 1600 2280 σὺν
1663 2226 1831 2299 αύτῷ.
1881 2228 1987 2283 Καὶ

333 2311 477 2366 οὕτω
530 2309 724 2367 λοιπὸν
774 2312 802 2366 ὁ
851 2313 996 2374 θεῖος
1046 2312 1367 2388 Γρηγόριος,
1421 2316 1538 2387 μεθ’
1569 2315 1645 2369 ὧν
1675 2314 1838 2378 αἰτὸς
1885 2316 1984 2384 τήν

2097 1966 2341 2031 eratque
2398 1976 2530 2015 eum
2593 1975 2661 2014 eo
2720 1958 2950 2025 Lucius,
3010 1954 3382 2011 Alexandria
3431 1952 3744 2023 episcOpus

2094 2052 2370 2106 Arianus.
2401 2051 2489 2103 Ita
2519 2048 2760 2103 demum
2789 2048 2999 2102 beatus
3027 2044 3359 2116 Gregorius,
3385 2048 3442 2097 et
3462 2058 3611 2112 quos
3640 2040 3741 2095 ille

2097 2140 2248 2197 553
2302 2155 2454 2193 vera
2508 2137 2647 2192 ﬁdei
2706 2137 2976 2192 doctrina
3034 2133 3493 2199 illuminaverat,
3543 2128 3744 2185 omnia

2098 2227 2323 2300 templa
2388 2231 2760 2298 receperunt,
2830 2225 2902 2280 ab
2961 2223 3197 2279 Arianis
3252 2222 3429 2293 paulo
3495 2219 3751 2291 amplius

2096 2317 2488 2389 quadraginta
2517 2316 2691 2371 annis
2719 2319 3027 2386 occupata.

334 2396 624 2475 δρθόδοξον
657 2401 840 2456 πίστιν
867 2399 1118 2481 ἐφώτισε,
1150 2403 1246 2466 τὰς
1276 2401 1570 2475 ἐκκλησίας
1601 2405 1776 2466 πάσας
1833 2400 2130 2479 παρέλαϐε,
2181 2406 2579 2480 τεσσαράκοντα
2608 2401 2700 2474 ἔτη
2753 2404 2843 2457 καὶ
2888 2399 3084 2476 μικρόν
3113 2420 3167 2455 τι
3197 2397 3335 2473 πρὸς
3362 2395 3751 2470 κατασχόντων

333 2488 499 2551 αύτΞις
525 2495 635 2545 τῶν
666 2493 985 2566 Ἀρειανῶν.

401 2585 492 2653 Τῷ
541 2581 579 2635 ε’
634 2574 740 2635 ἔτει
791 2578 1082 2636 Θεοδοσίου
1140 2581 1191 2636 ἐν
1249 2582 1561 2657 Ἀντιοχείᾳ
1587 2576 1733 2638 ἔτεκε
1765 2585 1902 2659 γυνὴ
1937 2582 1988 2639 ἐν

334 2670 516 2741 ταυτῴ
575 2666 767 2724 παιδία
819 2670 1051 2745 τέσσαρα
1105 2670 1383 2747 ἀῤῥενικά*
1443 2670 1674 2744 ἐπέζησε
1704 2669 1762 2727 δὲ
1816 2676 1989 2745 μῆνας

339 2756 455 2828 δύο,
488 2758 580 2814 καὶ
608 2758 866 2814 ἀπέθανεν
889 2756 944 2814 ἓν
975 2758 1051 2815 ἐνὶ
1081 2762 1148 2815 τὰ
1174 2761 1426 2837 τέσσαρα.

404 2851 489 2921 [Ρ.
552 2851 677 2922 316]
734 2851 826 2920 Τῷ
881 2856 926 2913 ς’
981 2843 1089 2905 ἔτει
1146 2851 1181 2919 ἡ
1246 2850 1456 2926 μεγάλη
1512 2852 1602 2905 καὶ
1633 2852 1983 2926 οἰκουμενική

337 2938 462 3016 ἁγία
492 2934 714 3010 δευτέρα
771 2936 996 3000 σύνοδος
1049 2943 1158 2994 τῶν
1214 2940 1400 2994 ἑκατὸν
1455 2942 1795 3011 πεντήκοντα
1825 2941 1987 3015 ὀρθο-

340 3023 505 3097 δόξων
564 3025 872 3081 ἐπισκόπων
946 3025 999 3082 ἐν
1056 3027 1631 3084 Κωνσταντινουπόλει
1697 3029 1988 3104 συνηθροί-

345 3118 444 3185 σθη
475 3117 609 3190 πρὸς
642 3110 933 3190 βεϐαίωσιν
991 3121 1100 3170 τῶν
1154 3115 1206 3171 ἐν
1267 3117 1462 3188 Νικαίᾳ
1513 3115 1986 3192 δογματισθὲντων

345 3205 431 3258 καὶ
467 3204 600 3259 κατὰ
629 3201 969 3262 Μακεδονίου
1020 3209 1120 3261 τοῦ
1176 3205 1672 3282 Πνευματομάχου·
1741 3208 1988 3284 ὑπῆρχον

346 3290 416 3399 δὲ,
454 3294 715 3402 ’ςιμόθεος
769 3292 1210 3366 ’Δλεξανδρείας,
1277 3295 1546 3359 Μελὲτιος
1626 3298 2068 3402 ’Δντιοχείας,0

341 3380 620 3458 Κύριλλος
665 3382 1096 3456 Ἱεροσολύμων,
1152 3385 1242 3439 καὶ
1301 3386 1604 3461 Γρηγόριος
1635 3387 1663 3441 ὁ
1695 3385 1986 3461 Θεόλογος.

339 3473 814 3545 Ἀναθεματίζεται
846 3470 906 3528 δὲ
963 3470 1297 3537 Μακεδόνιος
1336 3476 1476 3531 κατᾶ
1505 3480 1603 3531 τοῦ
1634 3476 1789 3551 ἁγίου
1819 3479 1989 3533 Ηνεύ-

341 3583 511 3635 ματος
547 3561 917 3640 βλασφημῶν,
943 3563 1035 3617 καὶ
1058 3563 1150 3617 σὺν
1180 3564 1326 3637 αύτῷ
1359 3560 1665 3630 Σαϐἐλ).ιος
1700 3567 1788 3622 καὶ
1816 3570 1990 3623 Ἀπο-

338 3649 608 3727 λινάριος,
644 3649 725 3705 ἓτι
756 3648 813 3705 δὲ
842 3657 1062 3726 ’Ἄρειος
1119 3652 1211 3706 καὶ
1277 3650 1537 3717 Εὐσέϐιος
1564 3656 1592 3710 ὁ
1618 3655 1993 3729 Νικομηδείας

338 3738 586 3810 Εὖζώϊός
615 3760 674 3795 τε
703 3740 795 3794 καὶ
828 3740 1103 3811 Ἀκάκιος,
1168 3743 1392 3816 Θέογνις
1434 3743 1524 3797 καὶ
1573 3743 1872 3821 Εὐφρόνιος
1901 3745 1992 3800 καὶ

337 3830 388 3884 οἱ
449 3828 642 3885 λοιποὶ
698 3828 986 3904 αἱρετικοί,
1048 3826 1275 3906 Ἀπέχει
1335 3828 1456 3901 δὲὴ
1491 3829 1714 3908 δευτέρα
1771 3832 1992 3898 σύνοδος

334 3917 442 3974 ἀπὸ
500 3924 603 3987 τῆς
658 3919 884 3992 πρώτης
940 3913 1034 3989 ἔτη
1083 3921 1144 3992 ξ’.
1204 3920 1495 3997 Γρηγορίῳ
1527 3919 1585 3976 δὲ
1622 3926 1702 3993 τῷ
1732 3922 1993 3999 Θεολόγῳ

329 4010 429 4078 τήν
482 4007 785 4077 ἐπισκοπὴν
836 4008 1464 4073 Κωνσταντινουπόλεως
1526 4014 1560 4081 ἡ
1614 4009 1839 4073 σύνοδος
1871 4012 1993 4067 ἐκύ-

335 4117 509 4173 ρωσεν
566 4097 640 4160 ὡς
695 4095 879 4153 πολλὰ
928 4099 1163 4172 καμόντι
1211 4101 1302 4154 καὶ
1347 4107 1449 4169 τῆς
1491 4096 1682 4170 λώϐης
1712 4107 1820 4157 τῶν
1853 4101 1995 4177 αἱρὲ-

337 4205 474 4240 σεων
529 4186 630 4254 τὴν
691 4184 1019 4256 Ἐκκλησίαν
1076 4184 1523 4262 ἐλευθερώσαντι.
1584 4189 1748 4252 Τινὰς
1799 4188 1856 4244 δὲ
1885 4196 1995 4245 τῶν

335 4273 387 4346 ἐξ
445 4274 734 4349 Αἰγύπτου
789 4275 976 4348 μαθὼν
1031 4276 1059 4330 ὁ
1114 4278 1528 4352 μακαριώτατος
1584 4284 1664 4352 τῷ
1708 4281 1993 4355 πράγματι

334 4365 734 4442 φθονήσαντας,
803 4364 896 4418 τὸν
975 4368 1367 4440 συντακτήριον
1425 4365 1827 4441 ἐπιδειξάμενος
1897 4368 1991 4424 λό-

334 4474 434 4529 γον
469 4455 589 4527 (27)
620 4453 880 4516 ἑκουσίως
934 4458 1033 4508 τοῦ
1062 4455 1257 4526 θρόνου
1294 4462 1395 4524 τῆς
1456 4455 1739 4531 βασιλίδος
1772 4459 1996 4534 ὑπεχώ-

336 4563 497 4618 ρησε,
531 4540 628 4598 δύο
687 4544 919 4618 χρόνους
980 4545 1148 4618 μόνον
1202 4547 1407 4616 ταύτης
1463 4546 1857 4620 ἐπισκοπησας.
1892 4556 1996 4604 Νε-

333 4635 562 4709 κτάριον
598 4632 628 4687 ὁ
681 4631 936 4708 βασιλεὺς
998 4632 1091 4688 καὶ
1146 4636 1182 4703 ἡ
1241 4632 1465 4699 σύνοδος
1524 4637 1990 4717 προχειρίζονται,

337 4717 673 4777 ἀϐάπτιστον
727 4718 831 4784 ἕως
878 4721 1004 4778 τότε
1048 4724 1408 4798 τυγχάνοντα.
1462 4727 1770 4801 Προσὲθηκε
1824 4726 1881 4782 δὲ
1906 4733 1988 4800 τῷ

338 4806 615 4885 συμϐόλῳ
642 4810 733 4866 καὶ
761 4811 858 4880 νήν
906 4810 1192 4888 θεολογίαν
1239 4817 1335 4868 τοῦ
1383 4814 1718 4889 Ιίνεύματος.
1753 4816 1995 4887 Ἐξὲθετο

2020 4687 2068 4752 D

2167 2585 2383 2650 Quinto
2404 2600 2560 2639 anno
2579 2583 2812 2655 imperii
2830 2579 3221 2637 Theodosiani
3245 2576 3517 2648 quadam
3539 2575 3756 2630 mulier

2093 2674 2422 2729 Antiochia
2443 2690 2563 2728 uno
2586 2678 2759 2744 partu
2785 2677 3041 2741 quatuor
3065 2665 3357 2724 masculos
3389 2663 3575 2719 edidit
3600 2680 3614 2717 :
3649 2679 3750 2718 su-

2094 2763 2349 2835 pervixit
2366 2777 2604 2817 menses
2635 2761 2802 2817 duos.
2826 2760 3026 2814 Infans
3048 2773 3203 2813 unus
3225 2759 3360 2827 post
3378 2754 3563 2808 alium
3581 2751 3751 2807 obiit.

2166 2853 2342 2907 Sexto
2368 2867 2526 2906 anno
2554 2866 2832 2923 magnum
2866 2847 3197 2904 secundum
3225 2860 3460 2901 sacrum
3490 2858 3749 2897 acume-

2096 2942 2299 2996 nicum
2322 2940 2643 2995 concilium
2656 2939 2822 3010 Cpoli
2835 2937 3202 2993 celebratum
3216 2936 3465 2989 estalEiO
3478 2930 3754 2986 orthodo-

2095 3032 2187 3087 xis
2203 3028 2600 3102 episcopis,ad
2620 3027 3031 3084 conﬁrmanda
3051 3027 3259 3080 Nicaa
3283 3021 3493 3094 synodi
3516 3020 3755 3076 decreta

2097 3137 2166 3177 ac
2195 3124 2400 3174 contra
2429 3118 2839 3173 Macedoniam
2870 3116 3124 3187 Spiritus
3154 3113 3343 3169 sancti
3374 3113 3753 3183 impugnato-

2096 3227 2245 3265 rem.
2277 3207 2653 3263 Prafuerunt
2678 3207 3020 3261 Timotheus
3057 3201 3451 3269 Alexandria,
3483 3198 3753 3253 Meletius

2096 3299 2450 3365 Antiochia,
2483 3296 2736 3368 Cyrillus
2794 3294 3338 3365 Hierosolymorum
3379 3288 3660 3360 episcopi,
3694 3291 3754 3341 et

2099 3388 2412 3460 Gregorius
2441 3386 2789 3458 Theologus.
2833 3383 3101 3439 Damnati
3161 3386 3300 3436 sunt
3352 3376 3751 3440 Macedonius,

2098 3477 2279 3548 impie
2299 3477 2361 3531 in
2384 3475 2668 3547 Spiritum
2699 3480 2971 3530 sanctum
3003 3470 3754 3535 contumeliosus,cumque

2098 3583 2167 3621 eo
2200 3565 2510 3631 Sabellius,
2562 3563 2960 3635 Apolinarius,
3006 3561 3202 3626 Arius,
3254 3556 3544 3613 Eusebius
3580 3555 3753 3609 Nico-

2097 3654 2310 3709 media
2336 3654 2677 3725 episcopus,
2697 3651 3013 3719 Euzonius,
3033 3649 3303 3717 Aeacius,
3322 3645 3753 3718 TheognisJEu-

2099 3748 2389 3820 phronius
2433 3753 2492 3801 et
2538 3745 2755 3817 reliqui
2805 3744 3093 3801 haretici.
3125 3739 3397 3798 Secunda
3427 3738 3689 3811 synodus
3720 3754 3756 3792 a

2098 3838 2295 3909 prima
2314 3836 2503 3891 abfuit
2522 3836 2698 3891 annis
2718 3836 3045 3908 sexaginta.
3065 3835 3147 3888 Ea
3162 3830 3438 3903 Gregorio
3459 3827 3753 3897 Theologo

2100 3926 2511 3997 episcopatum
2540 3923 2915 3995 Cpolitanum
2956 3921 3217 3977 decrevit
3267 3924 3333 3974 ut
3383 3917 3485 3988 qui
3535 3916 3753 3971 multos

2098 4016 2335 4071 labores
2354 4010 3170 4087 pertulisset,Ecclesiamque
3187 4009 3603 4065 hareticorum
3618 4005 3753 4060 labe

2100 4109 2503 4177 expurgasset.
2527 4103 2641 4158 Sed
2663 4119 2799 4157 cum
2820 4103 2871 4156 is
2893 4101 3120 4156 videret
3140 4099 3428 4170 quosdam
3453 4095 3753 4169 .IEgyptios

2097 4195 2183 4249 rei
2212 4192 2433 4248 invidia
2461 4197 2785 4263 correptos,
2818 4189 3203 4262 pronuntiata
3230 4188 3303 4243 de
3333 4184 3751 4242 constituenda

2099 4283 2420 4349 concordia
2449 4282 2737 4348 oratione,
2759 4280 2917 4335 ultro
2939 4296 3002 4334 se
3024 4279 3173 4333 solio
3194 4278 3369 4350 regia
3392 4276 3556 4330 urbis
3585 4273 3753 4329 abdi-

2100 4373 2270 4440 cavit,
2298 4389 2433 4428 cum
2482 4371 2792 4426 biennium
2852 4370 3260 4442 episcopatum
3292 4367 3423 4439 ejus
3449 4365 3749 4439 gessisset.

2098 4464 2240 4535 Ejus
2272 4462 2333 4516 in
2364 4462 2560 4517 locum
2590 4460 2914 4532 imperator
2960 4465 3018 4513 et
3065 4457 3387 4512 concilium
3419 4454 3753 4511 Nectarium

2101 4552 2386 4623 deligunt,
2417 4551 2685 4606 nondum
2716 4549 3095 4621 baptizatum.
3128 4549 3193 4601 In
3242 4547 3562 4603 concilium
3594 4559 3753 4616 sym-

2101 4641 2238 4696 bolo
2269 4641 2492 4712 adjecit
2519 4640 2850 4695 doctrinam
2907 4638 2980 4694 de
3037 4637 3258 4709 Spiritu
3315 4640 3520 4692 sancto
3551 4651 3564 4700 ;
3598 4633 3756 4691 554

2108 4736 2167 4784 et
2196 4745 2454 4785 canones
2485 4729 2690 4798 edidit,
2723 4729 2786 4783 in
2834 4728 3052 4799 quibus
3100 4727 3225 4783 sedi
3269 4727 3592 4798 Cpolitana
3624 4731 3760 4796 post

2106 4819 2324 4875 solium
2355 4822 2689 4876 Romanum
2740 4819 2970 4890 primus
3030 4817 3196 4873 locus
3224 4818 3580 4890 assignatur.
3614 4818 3757 4870 Tum

1546 4942 1909 5001 XYLANDRI
1946 4947 2034 5001 ET
2072 4946 2289 5002 GOABI
2328 4945 2552 5001 NOTE.

411 5064 526 5135 (27)
557 5064 901 5139 Qrationem
934 5065 1174 5139 titulum
1204 5066 1363 5139 hunc
1392 5068 1809 5139 praferentem
1835 5086 1996 5125 com-

338 5133 639 5215 ponendis
659 5135 1073 5215 episcOporum
1092 5137 1355 5215 dissidiis
1367 5133 1414 5215 a:
1414 5139 1690 5215 Gregorio
1702 5141 1995 5215 Theologo

337 5207 978 5281 pronuntiatamgc’um
1024 5209 1327 5281 Xylandro
1356 5207 1627 5281 plerique
1659 5207 1992 5281 autumatit,

338 5294 523 5349 quam
550 5278 762 5333 Billius
1206 5298 1246 5350 ι,
1268 5283 1337 5355 22
1356 5278 1771 5355 ἓποτοῖκτήριον
1798 5278 1996 5355 potius

339 5357 569 5427 censet,
602 5349 1446 5427 qua_nimirum_aliosvalere
1472 5354 1606 5425 quis
1628 5349 1822 5427 j'ubet'.
1856 5356 1996 5427 Ejus

338 5420 687 5546 conjectura
709 5422 1061 5477 Damasceni
1092 5424 1371 5492 maxime,
1403 5420 1521 5480 sive
1557 5420 1818 5482 au'ctoris
1848 5420 1995 5499 opu.

341 5509 450 5546 sou
478 5511 493 5546 ι
555 5493 712 5546 Ouod
765 5495 970 5546 mortui
1024 5496 1330 5546 viventium
1389 5498 1657 5546 beneﬁciis
1714 5499 1992 5546 iuventur-

341 5493 501 5568 sculi
555 5493 712 5568 Quod
765 5495 970 5568 mortui
1024 5496 1330 5568 viventium
1389 5498 1657 5561 beneﬁciis
1703 5493 1993 5568 juveniur,

340 5564 1042 5643 ve_rbis_fulcitur,quibus
1063 5566 1329 5643 damnati
1351 5569 1570 5643 ajustis
1589 5564 1841 5643 separati
1867 5571 1994 5643 θρη-

337 5638 466 5709 νεῖν-
497 5635 560 5709 to
611 5638 1024 5709 συντακτήριον,
1058 5640 1117 5693 in
1148 5639 1348 5694 ultima
1391 5635 1992 5709 avaram—lamentari,

340 5712 398 5761 et
433 5706 505 5763 de
536 5707 732 5762 futuro
764 5708 827 5763 in
859 5706 1148 5765 aternum
1179 5709 1427 5766 dissidio
1457 5706 1766 5783 conqueri,
1790 5714 1990 5784 perhio

2105 5071 2340 5126 bentur.
2376 5068 2588 5141 scribit
2616 5085 2854 5141 quoque
2885 5075 3092 5126 auctor
3130 5070 3380 5141 inferius
3409 5071 3603 5141 p.255
3636 5085 3759 5119 συν-

2102 5143 2362 5214 τακήριον
2407 5136 2889 5214 ἐκκληρόῢν,’ριό
2946 5158 3014 5196 eo
3067 5140 3377 5214 guod_est_
3409 5136 3757 5194 discessum

2104 5211 2257 5269 votis
2288 5211 2594 5284 conceptis
2620 5214 2737 5269 Deo
2769 5211 3220 5284 commendare.
3236 5211 3499 5284 ‘Lexicon
3530 5226 3759 5284 anony-

2106 5303 2271 5358 mum
2297 5302 2311 5339 :
2343 5278 2736 5358 Συντακτήριοι
2768 5282 2935 5358 λόγοι
2960 5283 3014 5336 οἱ
3055 5282 3106 5335 ἐν
3133 5278 3351 5358 *ἐξόδοις
3400 5278 3627 5358 ἐπὶιςιῶν
3648 5278 3758 5358 καρ-

2105 5357 2319 5433 χόγτων
2350 5349 2861 5433 ἀποχαιρετισμοὶ,’
2881 5355 3007 5433 ρξος
3057 5355 3149 5408 καὶ
3177 5349 3208 5407 ὃ
3233 5349 3612 5433 τοῦ-μεγάλου
3646 5349 3759 5433 ηα-

2104 5424 2239 5502 ἷξρὸς
2270 5424 2581 5502 Γρηγοξῖίου
2620 5430 2722 5502 ,τοῦ
2776 5424 3047 5502 Θεολόγου
3087 5424 3498 5502 συντακτήριος,
3542 5426 3761 5502 Auctor

2106 5496 2687 5557 B'ardam‘Michaelis
2735 5496 3091 5554 avunculum
3135 5497 3283 5553 mari
3314 5511 3376 5549 se
3408 5496 3757 5551 commissu-

2106 5589 2240 5627 rum
2284 5572 2466 5627 refert
2512 5570 2900 5642 συντακτήριον
2948 5565 3330 5642 ἐππλᾼηρῶσαι,
3367 5573 3505 5622 ante
3537 5568 3758 5642 disces-

2106 5661 2238 5699 sum
2267 5643 2540 5700 videlicet
2559 5639 2893 5712 nuncupatis
2912 5646 3054 5696 rotis
3077 5640 3186 5695 iter
3208 5643 3315 5695 Deo
3336 5639 3756 5694 commendasse.

2104 5716 2278 5774 GOAR.
