4144 6438
312 380 429 443 603

1638 373 1955 439 GEORGII
2002 374 2345 440 CEDRENI

3616 383 3752 443 604

318 518 496 572 etiam
526 519 705 586 caput
731 514 976 570 Joannis
1011 514 1284 585 Baptista;
1309 518 1367 567 et
1386 527 1600 583 corpus
1630 510 1797 567 Pauli
1825 511 1973 566 Con-

2090 505 2146 563 δέ
2182 510 2273 567 καὶ
2323 512 2548 576 κανόνας
2606 513 2658 569 ὲν
2714 516 2803 577 οἷς
2859 518 2937 586 τῷ
2995 514 3172 590 θρόνῳ
3232 510 3747 571 Κωνσταντινουπὸ-

319 607 563 663 fessoris
587 607 798 678 Cpolin
829 608 1069 663 advecta
1101 610 1254 660 sunt.

2085 595 2224 661 λεως
2280 601 2347 657 τὶ
2399 598 2661 676 πρεσϐεῖα
2733 604 2955 677 Ῥώμης
3028 602 3301 677 ἄπίνειμε.
3362 603 3502 662 Τότε
3558 603 3649 658 καὶ
3708 605 3742 673 ἡ

312 695 525 773 κεφαλή
558 699 655 750 τοῦ
688 692 1018 770 Προδρόμου
1054 692 1105 747 ἄν
1136 689 1710 749 Κωνσταντινουπόλει
1744 691 1921 764 ἤχθη,
1953 687 2042 745 καὶ
2072 688 2135 742 τὸ
2167 692 2329 764 σῶμα
2356 696 2456 747 τοῦ
2488 692 2647 767 ἁγίου
2680 691 2899 751 Παύλου
2932 697 3031 749 τοῦ
3056 692 3462 768 Ὀμολογητοῦ.

387 789 556 841 Anno
588 790 619 839 7
651 785 1012 841 Theodosius
1062 784 1357 854 Augustus
1414 783 1759 846 Honorium,
1797 796 1973 836 suum

322 893 391 931 ex
422 875 667 931 Placilla
697 874 905 942 tilium,
933 873 1238 928 consulem
1271 873 1508 937 creavit,
1533 888 1713 942 seque
1744 870 1817 926 ad
1850 869 1971 926 hel-

318 966 444 1020 lnm
474 972 724 1036 tyranno
758 963 1004 1018 Maximo
1037 961 1371 1017 faciendum
1406 961 1649 1033 paravit.

392 1057 562 1107 Anno
596 1055 627 1105 8
658 1054 1013 1106 Emmaunte
1044 1050 1359 1106 Paltestine
1396 1067 1541 1123 pago
1573 1049 1769 1105 infans
1800 1054 1975 1105 natus

320 1148 406 1196 est
435 1142 507 1196 ab
542 1140 824 1195 umbilico
876 1156 1114 1193 sursum
1173 1139 1463 1195 dissectus
1495 1140 1556 1193 in
1589 1139 1704 1194 duo
1735 1142 1976 1209 pectora

319 1231 550 1300 duoque
582 1230 799 1300 capita,
819 1234 879 1283 et
901 1234 1152 1299 utraque
1176 1245 1313 1300 pars
1342 1245 1519 1284 sensu
1553 1234 1678 1283 erat
1705 1226 1971 1298 praedita.

316 1320 535 1373 Etlente
567 1318 755 1373 altera
785 1324 886 1372 aut
937 1317 1196 1381 bibento,
1231 1318 1418 1373 altera
1448 1317 1820 1382 abstinebat;
1855 1332 1977 1372 una

317 1407 667 1471 dormiente,
693 1407 881 1462 altera
906 1407 1183 1480 vigilabat
1208 1424 1220 1474 ;
1249 1407 1571 1477 aliquando
1598 1408 1753 1462 inter
1774 1423 1835 1462 se
1859 1404 1977 1460 col-

316 1497 623 1563 ludebaut,
682 1496 908 1551 ﬂebant
960 1497 1158 1565 simul,
1239 1497 1487 1552 alteram
1540 1496 1970 1568 percutiebant.

322 1589 610 1643 Vixerunt
638 1604 826 1643 annos
858 1587 1028 1657 duos,
1063 1594 1121 1642 et
1148 1588 1337 1643 altera
1368 1593 1623 1654 mortua,
1656 1586 1972 1658 quatriduo

325 1683 460 1750 post
489 1678 677 1732 altera
709 1677 981 1732 decessit.

2154 779 2248 850 Τῷ
2278 780 2320 849 ζ’
2350 779 2455 836 ἔτει
2502 783 2699 839 τούτου
2739 780 3026 848 Θεοδόσιος
3057 784 3085 838 6
3121 782 3434 859 Αὔγουστος
3478 782 3740 855 ὀνώριον

2084 866 2202 923 υἱὸν
2234 865 2400 924 αὑτοῦ
2428 870 2518 924 τὸν
2552 868 2614 925 ἐκ
2644 868 2972 941 Πλακίλλης
3013 869 3218 926 ὕπατον
3251 867 3484 940 ἀνέδειξε
3511 870 3600 924 καὶ
3633 890 3741 929 που

2086 953 2271 1028 λεμεῖν
2303 961 2383 1029 τῷ
2413 959 2652 1032 τυράννῳ
2684 960 2924 1033 Μαξίμῳ
2954 960 3273 1035 ηὗτρίπισε.

2155 1046 2249 1117 Τῷ
2314 1048 2365 1115 η’
2421 1042 2528 1101 ἔτει
2592 1046 2645 1103 ἐν
2706 1046 3074 1122 Παλαιστίνῃ,
3117 1048 3169 1102 ὲν
3228 1049 3394 1123 κώμῃ
3454 1049 3741 1121 Ἐμμαοῦς

2086 1132 2379 1210 λεγομένῃ,
2411 1133 2630 1191 παιδίον
2663 1136 2922 1211 ἑγεννήθη
2959 1136 3170 1193 τίλειον
3214 1137 3321 1192 ἀπὸ
3367 1135 3623 1211 ὀμφαλοῦ
3653 1133 3745 1193 καὶ

2086 1222 2196 1281 ἅνω
2226 1221 2586 1299 διῃρημένον,
2621 1224 2650 1281 6"
2679 1228 2799 1305 εἶχε
2857 1223 2953 1281 δύο
2999 1228 3195 1296 στήθη,
3230 1223 3327 1281 δύο
3359 1224 3618 1303 κεφαλὰς,
3653 1224 3744 1279 καὶ

2081 1310 2305 1369 ἕκαστον
2336 1318 2431 1375 τας
2470 1315 2748 1385 αἰσθήσεις
2804 1315 2943 1390 εἶχε.
3004 1315 3079 1373 Τὸ
3133 1314 3192 1369 ἓν
3251 1315 3408 1384 ἤσθιε
3455 1309 3743 1383 καὶὲπινε,

2084 1401 2147 1459 τὸ
2204 1399 2261 1460 δὲ
2313 1401 2495 1477 ἓτερον
2553 1403 2703 1480 οὐχί·
2763 1404 2826 1459 τὸ
2882 1400 2934 1460 ἵν
2976 1401 3252 1471 ἐκάθευδε,
3309 1404 3402 1458 καὶ
3452 1403 3516 1458 τὸ
3557 1399 3742 1476 ἕτερον

2083 1488 2389 1567 ἐγρηγόρει.
2451 1493 2607 1549 Ἔστι
2665 1491 2711 1548 δ’
2769 1491 2859 1549 ὅτε
2916 1492 3005 1548 καὶ
3066 1493 3383 1561 συνέπαιζον
3444 1493 3580 1566 πρὸς
3639 1490 3743 1547 ἆλ-

2085 1577 2256 1653 ληλα,
2287 1581 2377 1637 καὶ
2434 1576 2652 1638 ἔκλαιον
2711 1581 3017 1660 ἀμφότερα,
3074 1584 3165 1638 καὶ
3218 1576 3444 1639 ἔτυπτον
3490 1579 3736 1651 ἄλληλα.

2084 1675 2318 1739 ’Ἐζησαν
2349 1668 2409 1724 δὲ
2438 1668 2530 1741 ἔτη
2595 1667 2712 1742 δύο,
2766 1671 2853 1726 καὶ
2911 1671 2973 1727 τὸ
3029 1671 3124 1745 μὶν
3191 1670 3248 1726 'c'v
3308 1670 3557 1737 ἀπέθανε,
3587 1670 3650 1726 τὸ
3683 1666 3741 1725 δὶ

2080 1759 2263 1833 ’ἕτερον
2309 1759 2444 1832 μετᾶ
2472 1780 2733 1834 τεσσαρας
2765 1762 2976 1834 ἡμερας
3006 1758 3379 1831 ὶτελεύτησεν.

392 1858 631 1911 Sextum
663 1870 884 1911 annum
918 1856 996 1926 (α)
1030 1855 1360 1928 imperante
1393 1856 1720 1911 Theodosio
1752 1858 1976 1928 Magno,

2160 1852 2253 1922 Τῷ
2308 1851 2353 1913 ς’
2409 1844 2516 1905 ἔτει
2570 1854 2695 1920 τῆς
2744 1849 3020 1925 βασιλείας
3046 1855 3144 1907 τοῦ
3180 1850 3419 1925 μεγάλου
3449 1847 3742 1905 Θεοδοσίου

324 1945 649 2000 secundum
682 1958 917 2000 sacrum
972 1947 1407 2001 mcumenicum
1456 1946 1779 2001 concilium
1812 1945 1977 2017 Cpoli

317 2039 513 2089 actum
547 2040 636 2089 est
657 2052 690 2088 a
714 2038 814 2088 150
840 2034 1132 2102 Pati-ibus,
1160 2035 1406 2089 Damaso
1428 2040 1551 2088 tum
1578 2036 1776 2089 Romae
1802 2050 1975 2104 papa.

318 2122 692 2179 Prmfuerunt
737 2124 1080 2177 Timotheus
1134 2122 1527 2193 Alexandria},
1560 2122 1825 2177 Meietius
1857 2126 1979 2177 An-

319 2212 579 2277 tiochiae,
609 2210 863 2281 Cyrillus
909 2212 1331 2283 Hierosolyma;
1363 2212 1645 2283 episcopi,
1677 2218 1736 2266 et
1765 2212 1977 2283 Grego~

318 2300 446 2353 rius
478 2299 804 2370 theologos.
840 2299 947 2353 Res
977 2305 1139 2371 gesta
1179 2306 1387 2355 contra
1417 2300 1843 2367 Macedonium,
1876 2301 1975 2370 qui

319 2388 515 2442 fuerat
545 2388 858 2459 episcopus
888 2388 1252 2459 Cpolitanus,
1289 2389 1482 2444 adhuc
1516 2388 1975 2459 seperstitem.ls

321 2482 381 2530 et
414 2477 535 2530 Arii
569 2493 830 2531 errorem
865 2478 1244 2547 sequebatur,
1294 2483 1351 2531 et
1392 2479 1675 2549 Spiritum
1703 2484 1972 2532 sanctum

318 2568 569 2637 negabat
613 2583 742 2623 esse
794 2582 997 2625 verum
1059 2569 1263 2634 Deum,
1320 2568 1423 2625 sed
1480 2574 1811 2623 creaturam
1844 2584 1971 2622 esse

310 2656 640 2729 judicabat.
675 2658 815 2711 Post
863 2673 1139 2729 exiguum
1169 2662 1402 2729 tempus
1449 2657 1599 2715 555
1656 2656 1971 2727 Gregorius

319 2747 794 2801 animadvertens
854 2745 1145 2817 quosdam
1200 2747 1502 2819 Egyptios
1546 2746 1819 2819 dignitati
1849 2763 1971 2801 sum

320 2835 607 2899 invidere,
641 2834 907 2889 oratione
961 2834 1033 2889 de
1077 2834 1496 2890 constituenda
1526 2833 1783 2890 Ecclesia
1815 2835 1972 2891 edita

321 2924 664 2994 episcopatu
687 2939 749 2977 se
768 2923 1144 2990 abdicavit,et
1165 2923 1237 2977 ad
1256 2940 1427 2982 suum
1456 2924 1517 2979 in
1540 2923 1969 2994 Cappadociam

320 3013 611 3083 praedium
651 3012 847 3078 rediit,
880 3012 981 3067 ubi
1014 3013 1454 3083 aliquantulum
1485 3014 1682 3084 quiete
1714 3013 1971 3069 refectus

318 3101 794 3172 tumultibusque
823 3101 1000 3156 variis
1059 3102 1371 3167 subductu,
1403 3119 1471 3158 ac
1510 3118 1710 3159 rerum
1742 3103 1967 3158 divina-

2089 1937 2306 2016 γέγονεν
2352 1941 2388 2009 ἡ
2446 1938 2500 1995 ἐν
2558 1939 3124 1997 Κωνσταντινουπόλει
3178 1941 3309 2016 ἁγία
3365 1940 3455 1996 καὶ
3489 1941 3743 2012 οἰκουμε·

2088 2030 2209 2101 νική
2239 2026 2459 2103 δευτέρα
2516 2026 2742 2091 σύνοδος
2797 2036 2906 2085 τῶν
2968 2031 3043 2105 ρν“
3099 2031 3267 2105 ἁγίων
3330 2030 3608 2103 Ματέρων,
3652 2028 3743 2085 ἐπὶ

2091 2118 2345 2189 Δαμάσου
2375 2119 2528 2175 πάπα
2557 2120 2801 2193 Ῥώμης,
2855 2123 2922 2189 ἧς
2979 2122 3211 2194 ἡγοῦντο
3241 2118 3508 2190 Τιμόθεος
3540 2116 3744 2176 Ἀλλεο

2088 2202 2388 2281 ξανδρείας,
2441 2205 2707 2268 Μελὲτιος
2766 2209 3130 2281 Ἀντιοχείας,
3173 2205 3447 2281 Κύριλλος
3512 2211 3744 2279 Ἰεροσο-

2088 2292 2281 2367 λύμων
2311 2295 2397 2351 καὶ
2457 2297 2763 2372 Γρηγόριος
2817 2298 2845 2352 ὁ
2899 2295 3201 2371 Θεολόγος,
3232 2296 3369 2351 κατᾶ
3402 2291 3745 2353 Μακεδονίου

2085 2387 2374 2461 γεγονότος
2446 2385 2746 2445 ἐπισκόπου
2822 2383 3477 2453 Κωνστοιντινουπόλεως,
3537 2383 3595 2447 ὅς
3664 2379 3742 2441 ἔτι

2087 2475 2287 2548 περιὼν
2321 2473 2576 2536 ὡσαύτως
2638 2480 2718 2548 τῷ
2770 2476 2966 2550 Ἀρείῳ
3015 2471 3381 2553 ἐϐλασφήμει.
3412 2475 3652 2548 Ὁμοίως
3686 2473 3742 2528 δὶ

2085 2563 2175 2621 καί
2227 2564 2289 2618 τὸ
2348 2568 2569 2637 Πνεῦμα
2624 2566 2688 2619 τὸ
2746 2565 2900 2642 ἅγιον
2957 2566 3033 2638 μὴ
3097 2565 3231 2620 εἶναι
3280 2565 3408 2641 Θεὸν
3451 2562 3737 2634 ἀληθινὸν,

2087 2656 2170 2727 [Ρ.
2206 2656 2332 2726 317]
2362 2652 2507 2709 ἀλλὰ
2539 2654 2743 2727 κτίσμα
2800 2655 2892 2710 καὶ
2947 2654 3078 2710 αὐτὸ
3137 2650 3537 2728 ὑπελάμϐανεν.
3580 2652 3732 2709 Ὀλί-

2084 2764 2185 2819 γου
2233 2741 2290 2797 δὲ
2344 2748 2540 2818 καιροῦ
2593 2744 3004 2823 παρῳχηκότος
3067 2744 3255 2817 μαθὼν
3288 2745 3316 2799 6
3347 2746 3492 2806 θεῖος
3526 2744 3737 2819 Γρηγό-

2086 2833 2370 2906 ριόςτινας
2399 2836 2507 2889 τῶν
2557 2832 2607 2907 ἐξ
2670 2833 2952 2911 Αἰγύπτου
3009 2838 3089 2905 τῷ
3149 2831 3300 2909 λόγῳ
3331 2834 3501 2889 αὐτοῦ
3535 2835 3741 2911 φθονή-

2085 2942 2301 2989 σαντας,
2357 2923 2449 2978 τὸν
2508 2925 2897 2997 συντακτήριον
2956 2921 3363 2997 ἐπιδειξάμενος
3424 2922 3598 2998 λόγος
3641 2928 3741 2991 τῆς

2083 3009 2446 3081 ἐπίσκοπικῆς
2503 3009 2828 3082 διοικήσεως
2890 3012 3308 3086 ὑπανεχώρησε.
3361 3011 3464 3068 Καὶ
3502 3012 3642 3086 πρὸς
3683 3011 3745 3069 τὸ

2082 3094 2134 3150 ἐν
2192 3093 2554 3169 Καππαδοκίᾳ
2608 3104 2793 3169 κτῆμα
2871 3097 3038 3153 αὐτοῦ
3098 3096 3377 3165 ἀπελθὼν,
3440 3096 3634 3171 μικρόν
3686 3115 3739 3152 τι

316 3207 450 3246 rum
508 3188 999 3262 contemplationi
1056 3192 1267 3262 majori
1324 3193 1442 3248 otio
1500 3193 1757 3259 deditus,
1789 3208 1971 3248 senex

2090 3183 2362 3286 ἓσυχάσας
2394 3184 2447 3240 ἐν
2478 3186 2626 3258 αὐτῷ
2678 3188 2768 3244 καὶ
2830 3191 2939 3244 τῶν
2999 3185 3228 3243 πολλῶν
3256 3189 3543 3261 ἡρεμήσας
3576 3185 3744 3260 θορύ-

317 3281 567 3352 vitaeque
600 3287 764 3336 satur
794 3280 1067 3336 decessit.
1118 3282 1219 3335 Vir
1262 3281 1376 3336 fuit
1413 3282 1625 3354 spiritu
1654 3283 1971 3353 omnisque

323 3370 675 3443 cognitionis
734 3376 791 3425 et
848 3371 1368 3441 contemplationis
1397 3371 1634 3442 plenus.
1682 3375 1974 3427 Gmterum

322 3467 591 3516 sanctum
609 3458 931 3515 concilium
954 3460 1256 3515 damnavit
1274 3461 1704 3527 Macedoniam,
1720 3477 1975 3531 cumque

320 3569 388 3606 eo
421 3548 739 3604 Sabellium
772 3547 995 3615 Afrum,
1032 3550 1133 3621 qui
1190 3565 1372 3606 unum
1411 3555 1645 3609 tantum
1675 3550 1975 3605 Trinitatis

317 3655 637 3713 personam
658 3638 988 3703 asserebat;
1016 3646 1073 3693 et
1098 3640 1502 3711 Apollnarium
1525 3640 1974 3706 Laodicensem,

314 3729 417 3800 qui
476 3727 730 3785 Verbum
790 3727 852 3781 in
911 3729 1151 3783 homine
1211 3729 1430 3784 mentis
1462 3742 1643 3785 vacuo
1677 3729 1974 3785 habitasse

317 3816 603 3880 tradebat,
651 3834 718 3871 ac
777 3816 904 3871 loco
967 3818 1185 3872 mentis
1237 3818 1452 3874 animae
1483 3818 1739 3873 Verbum
1770 3817 1974 3874 fuisse.

318 3906 729 3962 Pronuntiavit
771 3912 971 3961 autem
1028 3906 1348 3962 concilium
1391 3907 1675 3978 Spiritum
1707 3913 1977 3964 sanctum

317 4014 446 4052 esse
480 3997 663 4051 Deum
696 3996 1017 4063 viviticum,
1038 3996 1308 4066 ejusdem
1332 4008 1467 4055 curn
1502 4002 1670 4053 Patre
1703 3997 1977 4055 essentia)

321 4103 387 4141 ac
410 4102 546 4142 eum
573 4086 747 4152 Filio;
773 4084 1119 4155 addiditque
1142 4085 1410 4156 symbolo
1439 4087 1509 4142 de
1534 4087 1755 4158 Spiritu
1773 4092 1977 4145 sancto

320 4177 443 4230 lusc
476 4175 690 4231 verba:
729 4176 1071 4243 Dominum,
1104 4174 1423 4244 viviﬂcum,
1456 4183 1570 4233 etc.

392 4352 472 4405 Eo
506 4356 772 4421 tempore
802 4366 1054 4421 magnus
1082 4349 1182 4407 ille
1212 4350 1663 4420 Amphilochius
1685 4352 1757 4409 ab
1788 4352 1978 4422 impe-

320 4447 515 4494 ratore
603 4438 911 4495 contendit
965 4444 1031 4494 ut
1087 4439 1367 4497 omnibus
1426 4439 1675 4498 urbibus
1732 4440 1982 4499 Ariauos

2084 3269 2195 3329 ϐων
2255 3275 2341 3331 καὶ
2401 3275 2453 3331 ἂν
2529 3275 2739 3348 μείζονι
2797 3276 3087 3351 γενόμενος
3168 3278 3372 3352 θεωρίᾳ
3444 3276 3537 3332 τὸν
3624 3276 3742 3350 βίον

2081 3363 2434 3435 ὑπαλλάττει,
2551 3361 2863 3441 πρεσϐύτης
2965 3367 3057 3423 καὶ
3159 3364 3385 3441 πλήρης
3490 3369 3739 3440 ἡμερῶν,

2076 3460 2183 3509 τῶν
2252 3459 2349 3513 τοῦ
2417 3454 2730 3527 Ηνεύματος
2821 3455 3034 3526 ἁπάσης
3102 3456 3354 3527 γνώσεως
3429 3455 3520 3513 καὶ
3596 3456 3741 3510 (icon

2080 3543 2200 3618 ρίας
2233 3540 2511 3615 ἔμπλεως.
2564 3546 2624 3602 ἸΙ
2684 3541 2742 3602 δὲ
2798 3544 2928 3619 ἁγία
2988 3542 3219 3608 σύνοδος
3250 3540 3741 3601 Μακεδόνιονάνα-

2080 3633 2378 3705 θεματίζει,
2438 3634 2530 3691 σὺν
2591 3634 2740 3705 αὐτῷ
2796 3633 2886 3691 καὶ
2943 3630 3262 3690 Σαϐἑλλιον
3322 3633 3410 3689 τὸν
3470 3628 3636 3693 Λίϐυν
3681 3630 3738 3688 ’έν

2079 3724 2372 3797 πρόσωπον
2405 3720 2494 3778 ἐπὶ
2546 3729 2645 3791 τῆς
2705 3722 2859 3798 ἁγίας
2917 3721 3152 3797 Τριάδος
3213 3721 3526 3793 δοξάζοντα,
3557 3718 3735 3790 ἔτιδῆ

2080 3811 2170 3866 καὶ
2202 3810 2590 3886 Ἀπολινάριόν
2640 3812 2733 3869 τὸν
2785 3808 3050 3868 Λαοδικέα
3086 3811 3321 3887 λέγοντα
3353 3810 3446 3867 τὸν
3476 3811 3745 3885 ὲνανθρω-

2081 3903 2329 3970 πήσαντα
2387 3902 2563 3977 Λόγον
2629 3903 2910 3976 ἄνθρωπον
2972 3901 3133 3967 εἶναι,
3193 3900 3308 3956 ἀντὶ
3366 3898 3424 3956 δὲ
3479 3901 3602 3961 νοὸς
3662 3901 3748 3956 τὸν

2084 3989 2247 4066 λόγον
2281 3990 2460 4066 ἂρκεῖν
2492 3995 2561 4065 τῇ
2592 3994 2769 4067 ψυχῇ.
2797 3990 3060 4065 Ἐκήρυξε
3086 3988 3142 4046 δί
3162 3991 3224 4046 τὸ
3252 3994 3472 4063 Πνεῦμα
3502 3990 3565 4045 τὸ
3597 3990 3754 4064 ἅγιον

2083 4084 2215 4139 εἶναι
2247 4086 2517 4153 ζωοποιὸν
2561 4084 2651 4139 καὶ
2692 4084 2994 4156 ὁμοούσιον
3043 4088 3123 4155 τῷ
3173 4082 3349 4156 ΙΙατρὶ
3381 4082 3472 4137 καὶ
3505 4087 3591 4154 τῷ
3626 4083 3756 4154 ι’ἱῷ,

2081 4175 2493 4247 προστεθεικυῖα
2523 4172 2599 4235 εἷς
2652 4173 2715 4227 τὸ
2772 4167 2924 4246 ἅγιον
2982 4167 3265 4243 σύμϐολον
3306 4174 3570 4247 περὶτοῦ
3602 4171 3759 4247 ἁγίου

2083 4261 2400 4335 ΙΙνεύματος
2428 4262 2489 4317 τὸ
2524 4259 2745 4333 Κύριον,
2777 4261 2839 4316 τὸ
2873 4259 3146 4330 ζωοποιὸν
3181 4260 3271 4320 καὶ
3303 4261 3371 4319 τὰ
3400 4261 3545 4333 ἑξῆς.

2155 4352 2290 4408 Τότε
2347 4352 2375 4406 ὁ
2437 4351 2608 4427 μέγας
2640 4349 3023 4429 Ἀμφιλόχιος
3082 4347 3352 4404 ἐδυσώπει
3395 4348 3760 4425 τὸνβασιλέα

2088 4440 2408 4510 ἐξελαθῆναι
2466 4440 2595 4501 τοὺς
2656 4440 2975 4513 Ἀρειανοὺς
3030 4437 3091 4497 ἐκ
3145 4444 3330 4496 πασῶν
3379 4443 3486 4493 τῶν
3514 4438 3751 4499 πόλεων.

323 4529 587 4599 ejiceret.
622 4527 734 4583 Sed
762 4544 899 4583 cum
935 4544 1036 4585 rex
1084 4527 1145 4585 id
1201 4534 1442 4598 negaret
1466 4537 1533 4587 ut
1556 4529 1650 4586 cui
1682 4530 1976 4589 crudelior

2090 4532 2153 4587 Ὀ
2200 4526 2257 4587 δὲ
2317 4527 2689 4602 ἀπηνεστέραν
2753 4525 3049 4583 ῦπολαὸὼν
3103 4529 3204 4597 τὴν
3260 4525 3474 4601 αἴτησιν
3509 4527 3618 4602 οὐχ
3649 4528 3753 4583 ὑπό

323 4619 429 4672 illa
461 4617 667 4689 petitio
699 4617 1017 4684 videretur,
1080 4617 1263 4672 tacuit
1320 4622 1445 4675 tum
1500 4619 1582 4676 vir
1613 4619 1979 4690 sapientissi-

324 4722 479 4762 mus.
514 4708 645 4761 Mon
677 4706 865 4765 multo
895 4712 1029 4777 post
1049 4712 1250 4764 autem
1272 4723 1408 4765 cum
1440 4708 1502 4765 in
1532 4710 1756 4781 regiam
1784 4712 1984 4767 venis-

322 4801 432 4862 set,
458 4796 902 4865 imperatorem,
922 4795 1009 4853 uti
1032 4812 1143 4866 par
1169 4801 1314 4863 erat,
1343 4796 1666 4855 honorifice
1691 4800 1979 4871 salutans,

322 4884 518 4940 filium
551 4883 703 4955 patri
759 4883 920 4956 regio
980 4884 1188 4940 habitu
1231 4875 1524 4941 astantem
1556 4888 1981 4950 inhonoratum

324 4974 628 5045 praeteriit.
667 4975 997 5043 Imperator
1026 4973 1084 5028 id
1125 4974 1419 5030 oblivione
1464 4977 1684 5032 factum
1716 4979 1980 5044 credere,

322 5064 668 5134 hortarique
695 5062 1181 5134 Amphilochium
1213 5071 1279 5119 ut
1311 5066 1433 5120 ﬁlio
1465 5080 1701 5138 quoque
1733 5068 1833 5138 qui
1858 5068 1981 5136 regi

322 5152 358 5207 d
372 5152 579 5206 ebetur
594 5152 887 5209 salutandi
902 5150 1983 5229 honoremexitiberet.Amphilochius

324 5241 520 5297 dicere
551 5241 839 5312 privatam
895 5242 947 5297 ei
1002 5239 1423 5299 salutationem
1480 5245 1621 5300 satis
1654 5263 1803 5300 esse.
1838 5245 1985 5304 Cum

319 5332 731 5403 indignaretur
760 5332 917 5389 556
950 5332 1274 5403 imperator
1295 5339 1353 5387 et
1376 5333 1496 5388 tilio
1522 5334 1745 5389 illatam
1774 5340 1986 5392 contu-

322 5420 562 5476 meliam
591 5423 663 5477 ad
694 5438 755 5477 se
790 5426 1057 5494 spectare
1103 5423 1347 5481 diceret.
1380 5424 1832 5494 Amphilochius
1864 5426 1984 5482 alta

327 5525 465 5563 voce
493 5525 505 5561 :
540 5510 742 5575 Viden,
779 5510 992 5583 inquit,
1026 5510 1371 5583 imperator,
1396 5516 1452 5564 te
1485 5528 1603 5569 non
1638 5512 1789 5567 l‘erre
1824 5514 1982 5587 igno-

327 5598 571 5654 miniam
608 5597 728 5655 tilio
781 5602 879 5654 tuo
928 5597 1192 5657 factum?
1237 5599 1487 5673 proinde
1529 5602 1710 5659 Deum
1746 5620 1981 5679 quoque

400 5695 476 5765 (α)
509 5697 639 5748 Haec
659 5695 787 5765 jam
817 5694 994 5750 modo
1026 5696 1256 5751 dixerat
1288 5698 1410 5767 (col.
1446 5700 1543 5752 601
1582 5701 1667 5770 Β).

2094 4626 2315 4695 ἤκουσε.
2355 4623 2457 4679 Καὶ
2491 4623 2616 4678 τότε
2649 4622 2742 4694 μὶν
2800 4621 2828 4676 6
2888 4622 3203 4699 σοφώτατος
3233 4620 3611 4695 ’Δμφιλόχιος
3641 4619 3753 4675 ista

2090 4729 2247 4787 γησε·
2285 4712 2400 4783 μετ’
2433 4712 2494 4767 οὒ
2525 4709 2668 4766 πολὺ
2703 4707 2760 4765 δὶ
2816 4709 2966 4773 ἐντὸς
3023 4715 3132 4766 τῶν
3197 4710 3489 4785 βασιλείων
3520 4711 3752 4784 γενόμεο

2090 4823 2180 4863 νος
2213 4802 2303 4856 τὸν
2333 4802 2429 4874 μὲν
2468 4798 2700 4876 βασιλίια
2751 4799 3034 4868 ἠσπάσατο
3093 4800 3168 4861 ὡς
3223 4800 3390 4865 εἱκὸς,
3423 4800 3516 4855 τὸν
3546 4797 3603 4854 δὶ
3632 4800 3753 4854 υἱὸν

2091 4891 2256 4951 αὐτοῦ
2315 4889 2408 4947 σὺν
2466 4888 2614 4959 αύτῴ
2670 4887 2875 4944 ἑστῶτα
2934 4887 3233 4962 βασιλικῶς
3282 4888 3581 4963 ἀγέραστον
3613 4908 3752 4942 κατ-

2093 4976 2268 5035 έλιπε.
2313 4978 2416 5034 Καὶ
2447 4979 2475 5032 6
2510 4977 2768 5052 βασιλεὺς
2801 4976 3035 5050 νομίσας
3089 4974 3456 5047 ἐπιλησθῆναι
3492 4978 3583 5032 τὸν
3619 4978 3754 5050 Ἀμ-

2092 5067 2376 5147 φιλόχιον,
2410 5066 2746 5131 ἀσπάσασθαι
2803 5066 2893 5120 καὶ
2942 5066 3035 5119 τὸν
3079 5060 3196 5118 υἱὸν
3256 5064 3556 5143 βασιλικῶς
3586 5084 3759 5143 προσ-

2091 5156 2286 5227 έταξεν.
2348 5158 2409 5213 Ὁ
2463 5150 2520 5210 δὲ
2569 5155 2827 5264 ἀποζρῆν
2889 5148 2989 5232 ἔφη
3048 5155 3147 5223 τὴν
3209 5154 3336 5229 παρ’
3392 5152 3557 5211 αὐτοῦ
3588 5175 3757 5230 προσ·

2222 5248 2246 5264 n
2281 5250 2303 5262 ν
2521 5238 2535 5263 9
2584 5249 2611 5260 ο
2740 5239 2763 5264 δ
2903 5244 2968 5264 ﬂ"
3203 5242 3215 5264 Ι
3336 5238 3400 5264 ﬁn
3511 5244 3524 5264 ε
3604 5243 3631 5264 ﬁ

2093 5248 2401 5322 ενεχθεῖσαν
2476 5238 2625 5315 αύτῷ
2715 5238 3010 5322 ἰδιωτικῶς
3078 5242 3268 5316 τιμήν.
3336 5238 3432 5303 Ὃν
3504 5244 3532 5303 6
3603 5243 3753 5318 βασι-

2096 5320 2222 5398 λεὺς
2256 5334 2575 5408 χαλεπήνας
2614 5331 2815 5389 οἰκείαν
2847 5320 3034 5407 ἔλεγεν
3067 5332 3209 5389 εἶναι
3237 5333 3336 5400 τὴν
3363 5336 3459 5387 τοῦ
3488 5332 3609 5387 υἱοῦ
3639 5332 3754 5387 ἀτιδ

2097 5424 2239 5496 μίαν.
2275 5424 2375 5480 Καὶ
2409 5424 2437 5477 6
2468 5420 2841 5499 Ἀμφιλόχιος
2867 5414 3174 5491 ἐξεϐόησεψ
3209 5421 3393 5494 Ὁρᾷς,
3429 5420 3474 5473 ὦ
3501 5419 3750 5493 βασιλεῦ,

2096 5519 2215 5576 πῶς
2266 5513 2331 5567 ού
2390 5511 2569 5592 φέρεις
2627 5509 2726 5579 τὴν
2789 5512 2885 5566 τοῦ
2943 5508 3065 5565 υἱοῦ
3123 5508 3389 5582 ἆτιμίανς
3459 5507 3752 5564 Πίστευσον

2094 5601 2187 5660 οῦν
2219 5600 2309 5657 καὶ
2339 5602 2430 5658 τὸν
2464 5598 2594 5659 Θεὸν
2623 5596 2750 5658 τοῦς
2808 5594 2900 5657 τὸν
2930 5596 3053 5653 Υἳδν
3085 5596 3249 5653 αὐτοῦ
3286 5595 3753 5676 βλασφημοῦντας
