4144 6420
346 348 469 407 607

1718 349 2036 412 GEORGII
2080 349 2233 410 CED
2243 351 2429 412 RENI

3660 357 3783 417 608

294 481 301 488 ’
344 488 660 549 traturum,
693 482 955 549 dimisit;
987 501 1055 540 ac
1082 502 1201 539 non
1242 485 1427 540 multo
1469 491 1602 556 post
1650 486 1777 556 ipse
1826 484 1998 538 lacta-

2120 476 2375 552 δέσποτα,
2409 479 2725 557 δραμοῦμαι
2774 484 2864 539 καὶ
2922 485 3016 540 τὸν
3082 484 3342 561 ἀρχιερέα
3399 488 3571 542 πείσω
3623 483 3787 544 λῦσαί

344 577 438 626 tus
471 588 575 643 spe
605 572 962 628 subsecutus
995 574 1295 629 hominem
1321 580 1426 627 est.
1453 573 1807 629 Ambrosius
1825 571 2005 627 simul

348 666 526 731 atque
559 662 838 717 Ruﬁnum
896 664 1204 734 conspexit
1232 680 1243 717 :
1278 663 1617 731 Emularis,
1651 664 1755 729 ait,
1791 678 2005 717 canum

344 749 802 820 impudentiam,
835 751 1067 818 Ruﬁne,
1097 752 1195 822 qui
1232 757 1349 807 tam
1394 752 1661 807 scelestae
1715 751 1871 809 558
1903 767 2008 804 caa-

352 840 441 894 dis
475 841 669 895 socius
700 858 766 895 ac
797 857 1005 896 suasor
1031 842 1216 897 fuisti.
1250 848 1324 898 Et
1353 844 1596 913 quidem
1657 859 1765 914 ego
1810 840 2006 896 denuo

349 929 776 999 imperatorum
804 928 1030 984 foribus
1047 932 1251 1002 templi
1274 932 1624 1004 prohibebo.
1652 933 1784 985 Haec
1806 929 2009 985 audita

346 1019 619 1073 celeriter
648 1021 893 1074 Ruﬁnus
922 1019 1270 1091 imperatori
1311 1022 1625 1076 nuntiavit.
1676 1022 2009 1091 Imperator

343 1107 539 1162 media
561 1107 688 1176 jam
720 1109 809 1162 via
840 1108 1107 1163 confecta
1130 1111 1409 1164 nuntium
1439 1109 1764 1181 accipiens,
1791 1107 2005 1175 Adibo,

348 1197 561 1265 inquit,
613 1199 979 1268 meritasqne
1035 1199 1332 1270 perferam
1392 1199 1809 1255 contumelias.
1841 1198 1914 1251 Ut
1942 1197 2005 1250 in

346 1287 633 1356 templum
667 1287 844 1352 venit,
877 1287 950 1341 ab
982 1288 1259 1359 episcOpo
1320 1289 1610 1359 majorem
1641 1289 1704 1342 in
1762 1285 2006 1341 modum

345 1374 630 1446 ﬂagitavit
684 1381 750 1430 ut
793 1393 853 1431 se
886 1377 1136 1431 vinculis
1182 1377 1456 1443 solveret,
1488 1377 1839 1431 Ambrosius
1872 1391 2005 1429 vero

342 1466 722 1533 tyrannicum
756 1482 884 1521 esse
918 1466 1078 1521 hunc
1134 1467 1453 1522 adventum
1496 1472 1554 1521 et
1582 1466 2006 1537 imperatorem

341 1559 550 1609 contra
602 1557 788 1610 Deum
819 1556 1017 1610 furere
1064 1556 1232 1612 dixit.
1265 1555 1378 1610 Sed
1417 1555 1785 1611 Theodosius
1841 1545 2007 1625 gravi

333 1644 618 1698 mcestitia
648 1661 714 1699 ac
746 1645 952 1699 dolore
978 1645 1177 1700 cordis
1197 1651 1613 1716 compunctus,
1636 1642 2005 1715 respondere

334 1751 456 1788 non
487 1751 549 1789 se
582 1735 766 1789 sacris
787 1736 1115 1790 canonibus
1140 1736 1417 1792 ferociter
1434 1734 1807 1808 repugnandi
1830 1750 2009 1789 causa

336 1823 566 1889 adesse,
602 1824 705 1878 sed
739 1824 1154 1879 liberationem
1186 1825 1560 1880 vinculorum
1611 1823 2005 1895 efﬂagitandi.

341 1913 744 1986 Interrogatus
776 1915 849 1969 ab
872 1916 1149 1986 episcopo
1183 1932 1361 1985 quam
1394 1921 1528 1987 post
1581 1920 1813 1970 tantum
1862 1913 2008 1969 fuci-

339 2021 454 2059 nus
486 2005 963 2076 resipiscentiam
994 2006 1787 2077 demonstrasset,quibusve
1814 2021 2008 2059 reme-

341 2094 453 2149 diis
474 2100 687 2150 sanatu
705 2095 975 2150 difﬁcilia
1006 2095 1118 2150 ista
1148 2095 1395 2150 vulnera
1417 2095 2009 2167 procurasset,Tuum

339 2191 447 2252 est,
483 2185 700 2256 inquit,
736 2187 1172 2242 medicamenta
1196 2187 1411 2242 docere
1435 2193 1615 2257 atque
1650 2192 2006 2257 temperare,

339 2292 541 2329 meum
572 2275 865 2347 imperata
885 2276 1100 2331 facere.
1122 2276 1207 2331 lbi
1235 2277 1476 2331 demum
1504 2277 1851 2331 Ambrosius
1882 2276 1964 2330 ait
1989 2292 2002 2330 :

340 2364 631 2428 Quoniam
684 2365 743 2418 in
783 2365 1112 2436 judicando
1173 2365 1324 2419 iram
1384 2382 1448 2419 es
1507 2370 1768 2432 secutus,
1818 2364 2006 2436 legem

340 2469 500 2507 nunc
530 2469 683 2525 pone
715 2471 846 2524 quea
878 2454 979 2508 iraa
1013 2454 1251 2510 decreta
1275 2454 1665 2523 rescindat,ut
1697 2453 2003 2508 sententia:

342 2543 625 2613 capitales
659 2549 717 2597 et
746 2543 819 2597 de
869 2543 1274 2615 publicatione
1313 2543 1607 2598 bonorum
1657 2544 2002 2614 perscriptae

346 2633 791 2704 suspendantur
819 2650 927 2704 per
956 2634 1199 2705 triginta
1236 2632 1383 2700 dies,
1417 2633 1557 2687 dum
1582 2638 1742 2687 recta
1770 2632 2001 2687 ratione

345 2723 693 2777 examinatis
727 2722 1152 2794 dijudicentur.
1186 2724 1329 2777 Cum
1388 2722 1576 2794 legem
1622 2738 1750 2777 eam
1798 2721 1998 2776 statim

343 2811 594 2866 dictaret
622 2812 986 2866 Theodosius
1018 2816 1076 2866 et
1106 2828 1214 2866 sua
1236 2828 1415 2866 manu
1440 2810 1835 2882 subscriptam
1856 2828 1999 2865 con-

340 2901 628 2967 ﬁrmaret,
670 2900 1016 2955 Ambrosius
1045 2900 1278 2955 vinculo
1311 2917 1443 2955 eum
1479 2900 1649 2955 solvit
1668 2917 1998 2971 passusque

343 2995 432 3044 est
463 2989 525 3043 in
556 2989 843 3060 templum
875 2989 1120 3045 intrare.
1152 2990 1513 3045 Theodosius
1545 2991 1847 3062 ingressus
1864 3007 1999 3061 pro-

341 3095 456 3133 nus
486 3078 548 3132 in
569 3079 973 3149 pavimentum
1004 3079 1588 3150 procubuit,altaque
1606 3097 1744 3134 voce
1763 3080 1993 3139 clama-

2121 590 2178 623 σε
2210 575 2306 624 τοῦ
2339 568 2567 646 δεσμοῦ.
2609 575 2670 631 Ὁ
2702 569 2778 642 δὲ,
2822 571 2964 632 Οἶδα
3004 574 3130 649 ἐγω,
3165 576 3319 654 φησὶ,
3373 578 3473 647 τὴν
3533 573 3786 653 Ἀμϐρο-

2119 658 2239 713 σίου
2301 657 2603 737 ἀκρίϐειαν.
2658 664 2806 719 Ἐπεὶ
2870 661 2928 718 δὲ
2983 662 3202 720 πλείοσι
3258 663 3448 740 λόγοις
3482 671 3781 742 χρησάμε-

2115 768 2204 810 νος
2260 750 2288 802 6
2347 754 2631 830 Ῥουφῖνος
2687 753 2891 807 πείθειν
2967 753 3263 828 ὑπέσχετο,
3332 753 3585 810 ἀπελθεῖν
3671 755 3789 811 ἐκέ-

2120 836 2300 895 λευσε.
2359 841 2442 913 Τῇ
2501 837 2685 896 ἐλπίδι
2744 838 2801 896 δὲ
2863 841 3228 915 βουκοληθεὶς
3286 842 3638 915 ἠκολούθησε
3692 846 3785 899 καὶ

2117 925 2280 989 αὐτὸς
2331 930 2449 1001 μετ’
2516 927 2728 1004 ὀλίγον.
2789 930 2994 987 Αὐτίκα
3050 933 3229 987 τοίνυν
3290 929 3421 987 ἰδὼν
3478 935 3570 988 τὸν
3623 935 3781 989 Ῥου-

2118 1022 2271 1094 φῖνον
2333 1014 2670 1095 Ἀμϐρόσιος
2726 1018 2855 1099 ’ἔφη’
2932 1022 3045 1090 Τὴν
3102 1028 3274 1077 κυνῶν
3352 1021 3646 1093 ἀναίδειαν,
3732 1023 3778 1078 ὦ

2115 1109 2387 1185 Ῥουφῖνε,
2478 1110 2694 1182 ζηλοῖς,
2747 1113 3019 1183 τόσαύτης
3090 1113 3401 1190 μιαιφονίας
3489 1115 3781 1192 γενόμενος

2120 1195 2359 1272 μέτοχός
2418 1220 2475 1253 τε
2529 1200 2619 1254 καὶ
2680 1196 3019 1274 σύμϐουλος.
3088 1200 3249 1259 Ἀλλ’
3308 1202 3417 1279 ἐγὼ
3471 1205 3561 1257 καί
3619 1202 3786 1257 πάλιν

2116 1283 2276 1341 αὺτὸν
2305 1286 2542 1343 κωλύσω
2572 1295 2677 1344 τῶν
2711 1290 2871 1365 ἱερῶν
2920 1286 3174 1360 ἐπιϐῆναι
3233 1293 3548 1367 προθύρων.
3598 1294 3784 1349 Ταῦτα

2116 1374 2348 1436 ἀκούσας
2371 1378 2648 1453 Ῥουφῖνος
2707 1375 2955 1450 ἐδήλωσε
3006 1383 3086 1451 τῷ
3141 1378 3364 1453 βασιλεῖ
3423 1382 3665 1456 ταχέως.
3720 1380 3783 1437 Ὀ

2118 1460 2175 1518 δὲ
2236 1463 2491 1540 βασιλεὺς
2544 1467 2679 1522 κατὰ
2739 1467 2906 1540 μέσην
2964 1473 3125 1524 τοῦτο
3215 1471 3422 1543 μαθών·
3495 1468 3775 1540 Ἀπέλθω,

2117 1554 2273 1628 φησί,
2305 1556 2519 1618 καὶτὰς
2552 1555 2761 1618 δικαίας
2819 1554 3041 1630 δέξομαι
3107 1557 3416 1633 παροινίας.
3478 1559 3618 1616 Εἶτα
3673 1579 3782 1613 πα·-

2117 1644 2478 1718 ραγενόμενος
2510 1645 2584 1707 εἰς
2607 1652 2705 1715 τήν
2741 1645 3036 1718 ἐκκλησίαν
3092 1645 3361 1703 ἐδυσώπει
3418 1648 3513 1703 τὸν
3573 1648 3772 1724 ἀρχιε-

2119 1729 2212 1806 ρέα
2268 1732 2499 1803 λυθῆναι
2563 1739 2661 1790 τοῦ
2742 1733 2963 1810 δεσμοῦ.
3027 1736 3125 1793 Καὶ
3204 1739 3232 1792 ὁ
3291 1739 3389 1811 μὲν
3451 1738 3781 1812 τυραννικὴν

2038 1844 2085 1910 Β
2115 1821 2375 1879 ἀπεκάλει
2408 1825 2505 1895 τήν
2539 1825 2857 1900 παρουσίαν,
2916 1827 3006 1881 καὶ
3063 1829 3198 1882 κατὰ
3247 1831 3380 1883 Θεοῦ
3445 1825 3780 1900 μεμηνέναι’

2121 1912 2149 1964 6
2182 1908 2239 1965 δὲ
2299 1913 2433 1987 μετὰ
2489 1915 2945 1990 σκυθρωπότητος
3006 1915 3095 1970 καὶ
3138 1914 3359 1980 πολλῆς
3416 1914 3779 1989 κατανύξεως,

2120 2001 2197 2058 Ού
2256 2004 2676 2077 θρασυνόμενος,
2741 2002 2869 2082 ἔφη,
2926 2005 3061 2059 κατᾶ
3125 2011 3231 2060 τῶν
3281 2007 3454 2081 ἁγίων
3507 2006 3776 2074 κανόνων,

2118 2089 2267 2146 ἀλλὰ
2296 2091 2454 2148 λῦσαί
2495 2115 2563 2166 με
2602 2098 2710 2148 τῶν
2766 2092 2979 2168 δεσμῶν
3036 2094 3280 2165 ἀξιώσων
3340 2093 3606 2166 ἐλήλυθα.
3667 2093 3769 2150 Καὶ

2115 2182 2408 2256 ποίαν,[Ρ.
2443 2187 2568 2257 319]
2602 2183 2756 2261 φησὶ,
2815 2186 3097 2258 μετάνοιαν
3156 2183 3358 2257 ἔδειξας
3416 2185 3549 2259 μετὰ
3604 2205 3777 2258 παρα-

2114 2270 2308 2344 νομίαν
2334 2272 2602 2344 τοσαύτην
2638 2292 2652 2343 ;
2684 2271 2719 2343 ἤ
2750 2275 2935 2335 ποίοις
2990 2273 3302 2351 φαρμάκοις
3362 2274 3527 2344 ἀξίως
3584 2271 3777 2347 ἐθερά-

2114 2379 2313 2421 πευσας
2344 2360 2412 2414 τά
2453 2356 2674 2416 δυσίατα
2711 2362 2995 2436 τραύματα
3027 2379 3041 2431 ;
3074 2362 3180 2418 Καὶ
3240 2362 3269 2415 6
3331 2358 3610 2437 βασιλεύς
3673 2361 3778 2415 Σὸν

2114 2444 2269 2524 ἔργον
2323 2446 2435 2502 ἐστὶ
2494 2450 2556 2504 τὸ
2617 2446 2786 2520 δεῖξαι
2844 2452 2937 2524 μὲν
2993 2451 3080 2505 καὶ
3113 2451 3333 2526 κεράσαι
3390 2450 3457 2505 τὰ
3494 2450 3773 2527 φάρμακα,

2114 2535 2245 2609 ἐμὸν
2280 2535 2337 2592 δὲ
2372 2538 2436 2593 τὸ
2467 2535 2733 2608 δέξασθαι.
2766 2540 2905 2596 Τότε
2956 2540 3154 2595 λοιπὸν
3206 2534 3544 2613 Ἀμϐρόσιος
3603 2538 3771 2616 λέγει’

2109 2624 2337 2696 Ἐπειδή
2394 2633 2475 2700 τῷ
2535 2634 2691 2701 θυμῷ
2746 2628 2809 2683 τὸ
2870 2626 3103 2698 δικάζειν
3164 2627 3496 2704 ἐπιτρέπεις,
3555 2630 3766 2704 γράψον

2108 2716 2278 2789 νόμον
2306 2720 2402 2771 τοῦ
2457 2721 2631 2791 θυμοῦ
2694 2718 2790 2780 τὰς
2850 2720 3068 2792 ψήφους
3118 2718 3290 2794 ἀργὰς
3347 2722 3629 2788 ποιοῦντα,
3678 2717 3769 2772 καὶ

2109 2806 2320 2879 ἡμέρας
2354 2804 2399 2860 λ’
2432 2807 2487 2860 αἱ
2517 2807 2739 2885 φονικαί
2794 2828 2853 2861 τε
2916 2808 3005 2861 καὶ
3064 2804 3390 2880 δημευτικαὶ
3453 2807 3767 2881 μενέτωσαν

2105 2893 2454 2969 γνώσειςοέν
2503 2896 2815 2971 γράμμασι,
2898 2898 2998 2966 τὴν
3056 2900 3153 2950 τοῦ
3236 2897 3399 2971 ὀρθοῦ
3485 2895 3764 2971 λογισμοῦ

2106 2981 2464 3058 ἐκδεχόμεναι
2495 2984 2691 3060 κρίσιν.
2725 2988 2821 3041 "Ov
2869 2985 3029 3050 εὐθὺς
3085 2990 3180 3040 τοῦ
3240 2984 3515 3061 βασιλέως
3574 2983 3764 3041 κελεύ-

2104 3098 2296 3140 σαντος
2323 3084 2597 3155 γραφῆναι
2628 3078 2718 3134 καὶ
2750 3075 2839 3133 διὰ
2864 3083 2966 3144 τῆς
3024 3078 3225 3144 οἰκείας
3285 3081 3471 3155 χειρὸς
3516 3074 3755 3153 βεϐαιώ-

343 3168 428 3222 vit
455 3184 468 3221 :
500 3168 714 3223 Anima
742 3184 875 3222 mea
902 3167 1026 3223 solo
1078 3169 1257 3224 afﬁxa
1306 3174 1431 3224 est:
1462 3169 1692 3224 viviﬁca
1732 3185 1849 3238 me,
1880 3171 1996 3224 Do-

2109 3186 2324 3236 σαντος,
2375 3162 2591 3221 διέλυσε
2645 3167 2736 3222 τὸν
2794 3165 2992 3240 δεσμὸν
3053 3163 3386 3242 Ἀμϐρόσιος
3443 3170 3529 3223 καὶ
3590 3167 3765 3223 εἴσελ-

343 3258 526 3324 mine,
548 3258 878 3313 secundum
911 3258 1153 3314 verbum
1184 3264 1351 3313 tuum
1382 3257 1423 3314 ⁴.
1458 3258 1726 3314 Manibus
1758 3275 1996 3329 quoque

341 3347 538 3403 crines
568 3348 778 3419 capitis
811 3348 1029 3417 evellit,
1058 3348 1268 3403 faciem
1285 3348 1465 3416 feriit,
1481 3354 1701 3404 terram
1719 3348 2000 3420 lacrymis

337 3436 718 3502 humectavit,
751 3438 905 3495 550
934 3455 1123 3508 usque
1137 3439 1211 3493 ad
1237 3438 1445 3493 horam
1472 3437 1790 3492 oblationis
1813 3438 1999 3492 Deum

339 3525 688 3596 deprecans.
722 3528 883 3581 Tunc
915 3544 1161 3599 surgens
1194 3533 1252 3583 et
1298 3528 1373 3582 ad
1404 3526 1703 3582 cancellos
1733 3543 1997 3597 progres-

348 3632 449 3669 sus
480 3631 615 3669 cum
645 3616 869 3671 intrare
886 3616 1161 3685 vellet,ab
1184 3616 1496 3672 Ambrosio
1529 3620 1618 3671 est
1641 3616 1997 3686 prohibitus,

346 3704 429 3758 ita
453 3710 727 3759 monente
751 3722 764 3758 :
800 3705 1625 3777 Scias,imperator,interiora
1646 3705 1789 3759 solis
1804 3722 2000 3760 sacer—

346 3793 586 3848 dotibus
611 3794 774 3849 adire
806 3794 893 3849 fas
924 3812 1085 3849 esse:
1119 3812 1153 3850 a
1181 3794 1432 3865 reliquis
1450 3792 1997 3863 quibusviseaadiri

345 3888 448 3939 aut
479 3883 635 3955 tangi
668 3883 875 3955 religio
908 3889 1017 3938 est.
1044 3884 1146 3938 Exi
1178 3884 1380 3955 igitur,
1414 3889 1472 3937 et
1501 3883 1656 3937 inter
1677 3882 1825 3938 alios
1846 3889 1992 3937 asta.

342 3977 610 4047 Purpura
640 3975 800 4031 enim
823 3993 944 4031 non
958 3975 1272 4046 pontiﬁces
1286 3974 1559 4042 facit,sed
1580 3975 1993 4046 imperatores.

338 4066 457 4119 Hoc
484 4082 721 4136 quoque
750 4082 922 4135 aaquo
946 4065 1147 4118 animo
1174 4064 1313 4119 tulit
1341 4064 1704 4119 Theodosius
1730 4064 1991 4133 ;docuit—

338 4171 452 4225 que
484 4171 546 4208 se
572 4171 694 4209 non
709 4154 991 4225 superbia
1010 4153 1332 4209 adductum
1354 4153 1578 4208 intrare
1612 4153 1991 4221 voluisse,sed

340 4245 481 4315 quia
518 4245 678 4300 hunc
698 4261 926 4300 morem
958 4244 1124 4315 Cpoli
1172 4243 1498 4310 didicisset,
1550 4244 1784 4315 egitque
1816 4245 1995 4317 hujus

339 4349 573 4403 quoque
631 4333 1016 4388 correctionis
1065 4332 1308 4387 nomine
1390 4331 1607 4404 gratias
1662 4331 1992 4387 Ambrosio.

337 4424 522 4477 Tanta
555 4428 613 4476 et
641 4423 966 4493 imperator
997 4427 1055 4475 et
1097 4422 1410 4493 episcopus
1462 4422 1676 4476 virtute
1732 4420 1995 4476 illustres

334 4511 596 4565 fuerunt.
631 4513 784 4576 Quin
816 4511 992 4565 etiam
1041 4510 1248 4582 Cpolin
1288 4525 1578 4575 reversus,
1627 4510 1876 4565 solemni
1910 4528 1995 4566 sa'

2109 3258 2217 3310 θεῖν
2295 3255 2453 3310 αὐτὸν
2559 3254 2612 3311 ἐν
2692 3259 2761 3330 τῇ
2838 3256 3102 3331 ἐκκλησίᾳ
3155 3256 3475 3333 ἐπέτρεψεν.
3571 3259 3631 3314 Ὀ
3710 3254 3768 3312 δὲ

2109 3344 2392 3415 εἰσελθὼν,
2450 3348 2663 3421 πρηνὴς
2711 3346 2795 3403 ἐπ’
2857 3345 3087 3426 ἐδάφους
3155 3349 3353 3416 πεσὼν,
3430 3343 3560 3403 ἐϐόα
3629 3348 3768 3422 μετὰ

2105 3442 2369 3512 κραυγῆς
2406 3433 2719 3507 Ἐκολλήθη
2748 3441 2827 3509 τῷ
2855 3434 3037 3513 ἐδάφει
3087 3440 3122 3506 ἠ
3179 3440 3333 3513 ψυχή
3398 3459 3522 3511 μου·
3597 3438 3763 3507 ζῆσόν

2110 3546 2179 3599 με
2206 3525 2343 3579 κατὰ
2368 3525 2458 3579 τὸν
2484 3522 2651 3600 λόγον
2709 3546 2828 3596 σου,
2886 3526 3064 3601 Κύριε.
3124 3526 3225 3583 Καὶ
3277 3532 3397 3589 ταῖς
3451 3526 3609 3603 χερσὶ
3667 3527 3766 3589 τὰς

2105 3613 2303 3692 τρίχας
2357 3621 2459 3683 τῆς
2508 3612 2749 3692 κεφαλῆς
2809 3608 3015 3685 ἕτιλλε,
3070 3615 3167 3679 τὰς
3208 3614 3359 3689 ὄψεις
3399 3609 3612 3687 ἔτυπτε,
3669 3616 3762 3670 καὶ

2104 3707 2203 3774 τήν
2232 3712 2335 3779 γῆν
2367 3709 2484 3767 τοῖς
2539 3702 2793 3778 δάκρυσιν
2862 3700 3077 3782 ἔϐρεχε,
3135 3707 3226 3761 καὶ
3277 3707 3371 3761 τὸν
3425 3707 3555 3762 Θεὸν
3615 3704 3766 3761 ἐδυσ-

2105 3795 2242 3849 ώπει
2272 3792 2405 3869 ἂχρι
2444 3802 2542 3863 τῆς
2573 3792 2719 3868 ὥρας
2773 3801 2875 3864 τῆς
2918 3792 3300 3870 μεταληψεως.
3358 3796 3495 3853 Τότε
3551 3792 3606 3850 δὲ
3664 3793 3757 3850 δι-

2105 3883 2333 3946 αναστὰς
2390 3884 2479 3938 καὶ
2536 3881 2776 3953 πλησίον
2827 3888 2937 3938 τῶν
2996 3881 3301 3961 κιγκλίδων
3394 3888 3505 3957 (29)
3571 3882 3744 3939 ἐλθὼν

2110 3972 2450 4051 βουλόμενος
2508 3971 2789 4043 εἰσελθεῖν,
2847 3970 3099 4043 ἐκωλύθη
3158 3974 3304 4048 παρὰ
3359 3972 3457 4028 τοῦ
3515 3969 3755 4049 Ἀμϐρο-

2103 4062 2247 4132 σίου,
2277 4059 2628 4132 δηλώσαντος
2659 4059 2824 4134 αὒτῷ³
2860 4062 3019 4130 Ἰσθι,
3053 4062 3098 4115 ὦ
3151 4061 3399 4139 βασιλεῦ,
3434 4063 3507 4125 ὡς
3578 4063 3762 4137 μόνοι,

2101 4158 2218 4214 τοῖς
2241 4153 2473 4227 ἱερεῦσιν
2535 4151 2843 4226 ὑπάρχουσι
2896 4152 2961 4205 τὰ
3018 4147 3167 4206 ἔνδον
3225 4151 3489 4221 εἷσιτητὰ,
3544 4159 3661 4213 τοῖς
3717 4149 3765 4207 δ’

2104 4239 2300 4301 ἂλλοις
2342 4245 2502 4294 πᾶσιν
2560 4235 2733 4294 ἂϐατά
2788 4261 2847 4294 τε
2898 4241 2987 4295 καὶ
3046 4239 3309 4315 ἄψαυστα.
3368 4243 3540 4314 ’Ἐξιθι
3576 4242 3759 4297 τοίνυν

2101 4330 2191 4385 καὶ
2220 4334 2337 4391 τοῖς
2362 4327 2555 4390 ἄλλοις
2587 4328 2835 4384 κοινώνει
2866 4336 2966 4399 τῆς
3023 4331 3281 4392 στάσεως·
3342 4329 3605 4406 ἁλουργὶς
3656 4332 3757 4405 γάρ

2105 4418 2378 4495 βασιλεῖς,
2411 4419 2520 4493 οὐχ
2550 4420 2714 4493 ἱερεῖς
2745 4426 2922 4475 ποιεῖν
2980 4419 3191 4485 εἷ’ωθεν.
3251 4423 3313 4479 Ὀ
3368 4418 3424 4475 δὲ
3469 4422 3559 4476 καὶ
3590 4426 3752 4477 τοῦτο

2104 4508 2385 4582 δεξάμενος
2448 4508 2693 4581 ἀσμένως
2745 4505 3141 4579 ἀντεδήλωσεν,
3202 4510 3277 4575 ὡς
3325 4512 3444 4568 Οὐκ
3498 4508 3753 4581 αὐθαδείᾳ

334 4600 561 4654 oriﬁcio
591 4615 726 4664 cum
759 4599 821 4653 in
850 4615 1017 4654 sacra
1036 4615 1247 4654 mensa
1288 4615 1507 4653 munus
1536 4614 1706 4652 suum
1739 4598 1983 4653 obtulis-

2108 4598 2384 4673 (ρώμενος
2414 4602 2579 4652 τοῦτο
2610 4599 2908 4667 πεποίηκα,
2951 4598 3079 4653 ἀλλ’
3135 4597 3188 4653 ἐν
3246 4600 3754 4656 Κωνσταντινουπό-

335 4694 444 4753 set,
478 4688 678 4743 statim
710 4689 885 4743 exivit
903 4689 1182 4743 sacrario.
1216 4689 1285 4743 Et
1315 4704 1450 4742 cum
1482 4704 1515 4741 a
1551 4687 1845 4755 Nectario,
1878 4688 1980 4759 qui

334 4784 461 4832 tum
493 4777 828 4848 patriarcha
859 4784 1003 4846 erat,
1059 4794 1299 4833 causam
1330 4776 1469 4831 lacti
1499 4782 1840 4848 rogaretur:
1878 4778 1980 4832 Vix

332 4866 818 4938 tandem,inquit,
834 4868 1157 4923 discrimen
1180 4855 1555 4937 imperatoris
1578 4872 1635 4920 et
1657 4867 1980 4921 sacerdotis

333 4957 536 5012 didici.
598 4958 847 5012 Unicum
903 4956 1063 5011 enim
1112 4955 1492 5010 Ambrosium
1523 4955 1682 5022 novi,
1716 4957 1816 5026 qui
1864 4957 1982 5028 epi-

331 5047 496 5119 scopi
537 5063 759 5102 nomen
790 5046 1004 5101 merito
1037 5062 1143 5100 suo
1197 5050 1361 5115 gerat
1394 5060 1407 5098 :
1444 5050 1671 5100 tantum
1706 5046 1981 5102 utilitatis

330 5138 560 5194 confert
588 5136 944 5207 objurgatio,
975 5135 1049 5191 ab
1080 5134 1321 5190 homine
1355 5134 1565 5189 virtute
1593 5136 1813 5207 insigni
1846 5153 1979 5207 pro-

324 5228 500 5283 fecta.

2091 4686 2175 4743 λει
2232 4689 2295 4742 τὸ
2354 4682 2472 4749 ἔθος
2540 4687 2679 4741 εἶναι
2734 4691 2895 4742 τοῦτο
2956 4687 3267 4761 μεμάθηκα.
3322 4689 3489 4764 Χάριν
3550 4687 3606 4743 δέ
3661 4710 3745 4744 σοι

2091 4775 2299 4854 ὀφείλω
2357 4778 2444 4830 καὶ
2503 4773 2666 4843 τῆσδε
2723 4783 2824 4845 τῆς
2892 4776 3152 4849 ἰατρείας.
3221 4777 3474 4851 Τοσαύτη
3532 4774 3597 4847 δὴ
3654 4780 3744 4833 καὶ

2087 4864 2397 4939 τηλικαύτῃ
2440 4861 2743 4937 διέλαμπον
2775 4866 2944 4940 ἀρετῇ
3001 4864 3031 4918 ὅ
3086 4886 3145 4919 τε
3193 4865 3482 4944 ἀρχιερεὺς
3539 4867 3629 4921 καὶ
3715 4869 3743 4922 6

2095 4954 2369 5030 βασιλεύς.
2412 4952 2751 5010 Ἐπανελθὼν
2785 4951 2841 5008 δὲ
2899 4955 2926 5009 ὁ
2983 4952 3240 5028 βασιλεὺς
3294 4953 3347 5009 ἐν
3398 4959 3745 5013 Κωνσταντι⁴

2090 5044 2376 5108 νουπόλει,
2405 5043 2494 5098 καὶ
2528 5045 2722 5118 ἑορτῆς
2780 5044 3104 5118 γενομένης,
3137 5044 3226 5098 καὶ
3273 5043 3326 5098 ἐν
3357 5049 3426 5118 τῇ
3468 5046 3585 5120 ἱερᾷ
3613 5067 3748 5122 τρα-

2089 5135 2226 5209 πέζῃ
2261 5134 2327 5188 τὰ
2361 5131 2511 5206 δώρα
2534 5132 2910 5207 προσενεγκὼν
2951 5131 3110 5196 εὐθὺς
3150 5130 3498 5204 ἐξελήλυθεν.
3532 5141 3745 5191 Νεκταο-

2093 5222 2213 5298 ρίου
2274 5219 2330 5276 δὲ
2406 5227 2504 5277 τοῦ
2574 5226 2873 5292 τηνικαῦτα
2954 5222 3302 5297 πατριάρχου
3362 5220 3743 5295 δεδηλωκότος

330 5322 516 5391 μαθεῖν
546 5317 646 5384 τὴν
666 5316 868 5382 αἰτίαν,
902 5315 1098 5389 Μόγις,
1128 5308 1254 5388 ἔφη,
1288 5310 1561 5382 βασιλέως
1592 5313 1682 5367 καὶ
1713 5312 1903 5386 ἱερέως
1938 5311 2199 5391 διαφορὰν
2231 5310 2549 5388 ἐδιδάχθηνο
2609 5307 2941 5387 Ἀμϐρόσιον
3001 5312 3106 5387 γάρ
3164 5310 3289 5368 οἶδα
3353 5314 3519 5386 μόνον
3578 5314 3743 5387 ἀξίως

323 5407 617 5462 ἐπίσκοπον
645 5404 1009 5477 καλούμενον.
1045 5406 1320 5460 Τοσοῦτον
1354 5402 1592 5472 ὀνίνησιν
1626 5399 1861 5477 ἔλεγχος
1891 5406 2037 5479 παρὰ
2069 5399 2263 5477 ἀνδρὸς
2293 5404 2457 5477 ἀρετῇ
2495 5402 2808 5473 λάμποντος
2838 5402 3310 5481 προσφερόμενος.

407 5508 428 5540 ⁸
459 5508 609 5562 Psal.
645 5521 833 5573 cxvm,
866 5507 953 5560 25.

1538 5530 1901 5630 XYLA'NDRI
1943 5575 2024 5629 ET
2063 5575 2279 5630 GOARI
2321 5575 2542 5629 ΝΟΤΑΞ.

394 5672 708 5741 (29)]ιιωια
747 5671 1014 5728 cancellos
1047 5667 1333 5741 populum
1363 5664 1610 5741 a_sacris_
1630 5664 2040 5741 penetralibus
2066 5670 2366 5741 arcentes,
2400 5663 2471 5718 de
2505 5662 2720 5733 quibus
2778 5662 3025 5718 Allatius
3089 5663 3159 5718 de
3221 5664 3485 5735 templis,
3520 5671 3577 5721 et
3626 5685 3738 5726 nos

328 5736 563 5814 quoque
590 5744 886 5799 nonnulla
915 5736 1073 5797 circa
1100 5736 1525 5809 Euchologium
1559 5736 2018 5791 observavimus.
2056 5737 2230 5811 (ἔφη.
