4144 6414
324 397 441 457 609

1463 388 2000 453 HISTORIARUM
2045 389 2586 459 COMPENDIUM.

3627 403 3748 463 610

398 528 538 602 Εἶχε
586 523 645 580 δὲ
691 523 782 579 καὶ
841 521 1019 595 ἄλλην
1075 522 1334 600 ἀφορμὴν
1415 523 1444 577 6
1521 520 1777 598 βασιλεὺς
1838 521 1979 594 ὡφε-

2165 525 2431 583 Habebat
2453 546 2629 601 porro
2661 530 2987 602 imperator
3012 530 3188 586 aliam
3202 532 3381 587 etiam
3403 532 3748 604 opportuni-

327 616 497 678 )lelac',
554 617 590 684 ἡ
643 616 748 690 γὰρ
800 614 999 669 τούτου
1057 613 1311 687 σύζυγος,
1487 609 1777 668 Πλακίλλα
1859 604 1978 664 ὅνο-

333 726 427 779 μα,
456 708 565 760 τῶν
608 703 770 767 θείων
830 700 991 757 αυτὸν
1053 706 1297 780 συνεχῶς
1350 701 1725 775 ἀνεμίμνησκε
1775 700 1978 770 νόμων.

327 795 404 853 Οὐ
443 795 545 870 γὰρ
604 792 802 868 ἐπῆρεν
870 791 1038 861 αὐτὴν
1095 798 1194 861 τῆς
1247 789 1526 867 βασιλείας
1584 793 1619 860 ἡ
1680 787 1978 854 δυναστεία,

329 882 475 939 ἀλλὰ
503 889 606 952 τῆς
636 880 942 958 εὐεργεσίας
968 880 1033 936 τὸ
1094 880 1320 955 μέγεθος
1381 885 1565 954 μεῖζον
1600 880 1664 934 τὸ
1714 879 1835 952 περὶ
1889 876 1980 930 τὸν

332 973 617 1050 εὐεργέτην
678 973 955 1047 εἴργάζετο
1013 969 1262 1048 φίλτρον.
1322 973 1444 1028 Τῶν
1496 973 1599 1047 γὰρ
1659 964 1984 1041 λελωϐημέ-

330 1086 437 1118 νων
468 1065 580 1137 (30)
608 1059 861 1133 ἀδελφῶν
892 1060 983 1116 καὶ
1006 1065 1114 1115 τῶν
1147 1059 1334 1122 ἄλλως
1392 1060 1454 1115 τὸ
1511 1065 1675 1134 σῶμα
1720 1076 1981 1130 πεπηρω-

336 1153 510 1227 μένων
586 1147 936 1219 παντοδαπὴν
994 1149 1231 1205 ἐποιεῖτο
1316 1147 1598 1227 φροντίδα,
1685 1147 1981 1222 αὐτουργὸς

328 1242 463 1311 αὐτὴ
495 1241 758 1317 γινομένη
791 1239 881 1294 καὶ
914 1237 985 1294 δι’
1032 1238 1227 1309 ἑαυτῆς
1287 1237 1549 1314 ὀρέγουσα
1604 1239 1831 1301 κύλικας
1890 1232 1980 1293 καὶ

325 1331 529 1409 τροφὰς
562 1333 933 1404 παρατιθεῖσα.
967 1330 1106 1391 Τοὺς
1133 1331 1235 1405 γὰρ
1296 1330 1522 1399 ξενῶνας
1578 1333 1686 1385 τῶν
1739 1327 1980 1400 Ἐκκλη-

327 1426 458 1477 σιῶν
534 1424 930 1496 περινοστοῦσα
1009 1422 1092 1493 [Ρ.
1146 1420 1273 1491 320]
1330 1417 1458 1481 τοὺς
1514 1419 1854 1482 κλινοπετεῖς
1911 1418 1981 1476 δι’

331 1512 526 1581 ἑαυτῆς
580 1510 921 1585 ἐθεράπευσε·
970 1510 1061 1565 καὶ
1144 1510 1244 1564 ὃσα
1295 1509 1519 1566 οἰκετῶν
1574 1512 1665 1566 καὶ
1723 1522 1979 1587 θεραπαι-

333 1600 500 1657 νίδων
557 1599 692 1678 ἔργα
754 1601 1085 1673 νενόμισται,
1137 1600 1306 1669 αὐτὴν
1365 1598 1689 1675 ἐξεπλήρου.
1744 1603 1846 1659 Καὶ
1901 1608 1981 1675 τῷ

331 1690 568 1765 ὁμόζυγι
609 1687 665 1745 δὲ
695 1690 784 1745 καὶ
822 1686 1040 1765 βασιλεῖ
1070 1694 1317 1767 συνεχῶς
1345 1686 1618 1767 ἐπέλεγεν·
1657 1691 1771 1748 Ἂεί
1830 1713 1909 1760 σε,
1937 1693 1982 1746 ὧ

329 1777 473 1853 ἄνερ,
508 1780 773 1854 προσήκει
801 1777 1115 1852 λογίζεσθαι
1145 1776 1228 1840 τίς
1290 1779 1383 1851 μὲν
1443 1779 1604 1848 ἦσθα,
1641 1779 1724 1840 τίς
1785 1777 1842 1835 δὲ
1895 1781 1982 1854 γέ-

2094 616 2278 669 tatem
2307 632 2320 669 :
2353 634 2505 673 uxor
2534 619 2695 674 enim
2725 620 2963 675 Placilla
2992 620 3227 675 assidue
3257 620 3586 676 divinarum
3611 639 3747 676 eum

2096 699 2454 759 admonebat
2484 707 2700 779 legum.
2735 709 2862 763 Non
2894 726 2963 765 ea
2991 709 3066 764 ob
3108 708 3346 780 imperii
3376 709 3748 780 majestatem

2096 790 2298 847 animo
2329 795 2816 863 eﬂ'erebatur,sed
2846 798 3480 871 beneﬁciimagnitudo
3497 798 3752 853 faciebat

2096 884 2162 933 ut
2192 884 2354 937 tanto
2378 883 2708 957 impensius
2762 887 3204 943 benefactorem
3237 888 3529 959 diligeret.
3582 887 3751 941 Chri-

2097 968 2321 1024 stianos
2350 971 2562 1028 fratres
2595 976 2695 1045 qui
2728 976 2949 1031 morbis
2979 976 3212 1031 tractati
3245 976 3402 1033 560
3432 981 3536 1031 aut
3564 992 3751 1031 mem-

2094 1056 2219 1113 bris
2239 1062 2497 1118 mutilati
2521 1064 2920 1138 fuerant,ipsa
2948 1066 3112 1121 omni
3143 1066 3338 1121 studio
3368 1054 3632 1135 curabat,
3654 1084 3753 1121 ca-

2095 1145 2240 1202 lices
2261 1149 2347 1205 eis
2375 1153 2499 1208 suis
2515 1155 2789 1211 manibus
2814 1157 3121 1228 porrigens
3152 1161 3209 1209 et
3237 1155 3401 1211 cibos
3422 1172 3750 1227 apponens.

2095 1234 2429 1307 Hospitales
2461 1242 2642 1297 etiam
2679 1244 3070 1299 Ecclesiarum
3104 1243 3312 1299 domos
3364 1244 3626 1299 invisens
3659 1245 3757 1299 de-

2088 1328 2515 1388 cumbentibus
2527 1332 3119 1404 ministrabat,eaque
3133 1334 3334 1388 obibat
3355 1350 3599 1389 munera
3618 1351 3749 1404 quae

2092 1437 2397 1480 servorum
2452 1429 2555 1477 aut
2609 1422 2961 1478 ancillarum
3042 1423 3355 1478 habentur.
3415 1423 3753 1479 Inculcabat

2091 1513 2421 1568 identidem
2454 1513 2580 1567 haec
2609 1513 2824 1568 marito
2850 1530 2955 1568 suo
2981 1528 2994 1569 :
3030 1512 3273 1583 Semper
3302 1518 3381 1579 te,
3413 1514 3494 1567 mi
3525 1512 3628 1583 vir,
3657 1531 3752 1568 re-

2092 1609 2300 1675 putare
2335 1604 2613 1659 convenit
2644 1604 2778 1674 quis
2806 1604 2993 1659 fueris
3023 1609 3083 1658 et
3111 1603 3257 1675 quid
3286 1603 3483 1659 factus
3516 1604 3616 1658 sis.
3647 1605 3758 1658 Gu—

2092 1693 2279 1749 berna
2310 1709 2447 1765 ergo
2479 1692 2802 1764 imperium
2835 1693 2949 1747 hoc
2970 1692 3233 1765 legitime
3261 1709 3274 1746 :
3309 1693 3394 1747 sic
3426 1692 3752 1748 honorabis

2094 1799 2231 1838 eum
2264 1782 2368 1854 qui
2391 1781 2574 1837 dedit.
2611 1783 2772 1837 Hanc
2828 1782 2991 1836 omni
3026 1781 3417 1836 admiratione
3470 1786 3530 1836 et
3580 1781 3755 1837 laude

328 1888 496 1945 γονας
550 1873 668 1925 νῦν.
727 1863 1070 1944 Κυϐέρνησον
1132 1868 1223 1922 οὖν
1280 1869 1382 1936 τήν
1444 1868 1726 1942 βασιλείαν
1779 1869 1980 1940 ταύτην

2103 1871 2337 1943 dignam
2370 1871 2812 1941 imperatricem
2844 1870 3093 1942 contigit
3112 1875 3248 1925 ante
3272 1870 3554 1924 maritum
3578 1887 3648 1924 ex
3675 1870 3758 1923 vi-

332 1959 603 2033 έννόμως,
635 1958 723 2013 καὶ
759 1958 903 2012 οὓτω
961 1956 1306 2032 θεραπεύσεις
1360 1957 1450 2012 τὸν
1512 1955 1810 2016 δεδωκότα.
1851 1957 1992 2015 Ταύ-

332 2069 435 2119 την
462 2049 563 2118 τήν
608 2046 909 2120 θαυμασίαν
942 2045 1031 2100 καὶ
1081 2044 1252 2108 ὅντως
1309 2045 1614 2115 ἀξιέπαινον
1674 2045 1991 2121 βασίλισσαν

334 2133 533 2207 συνέϐη
593 2137 702 2211 πρὸ
764 2140 862 2190 τοῦ
922 2132 1112 2209 ἀνδρὸς
1166 2131 1493 2192 ἀποϐιῶναι.
1552 2138 1704 2194 Μετά
1756 2156 1878 2191 τινα
1935 2135 1994 2192 δὲ

339 2226 540 2303 χρόνον
602 2225 704 2280 ὑπὸ
758 2229 867 2279 τῶν
937 2229 1177 2300 συνεχῶν
1235 2221 1498 2297 πολέμων
1551 2226 1879 2300 βιαζόμενος
1965 2227 1993 2282 6

341 2313 597 2392 βασιλεὺς
658 2314 911 2394 εἰσφοράν
972 2334 1094 2368 τινα
1145 2312 1294 2384 ξένην
1361 2319 1480 2377 ταῖς
1538 2315 1764 2371 πόλεσιν
1822 2313 1995 2371 ἐπιτέ-

337 2408 529 2460 θεικεν.
560 2404 625 2461 Ἡ
659 2400 716 2458 δὲ
775 2402 1066 2478 Ἀντιόχου
1122 2402 1286 2465 πόλις
1328 2403 1393 2458 τὸ
1442 2404 1628 2459 καινὸν
1680 2402 1839 2466 τέλος
1897 2404 1997 2459 οὐκ

341 2492 588 2570 ἤνεγκεν·
651 2493 792 2567 ὁρῶν
827 2492 930 2568 γὰρ
1003 2492 1032 2546 6
1089 2488 1270 2565 δῆμος
1315 2493 1444 2555 τοὺς
1500 2492 1995 2570 εἰσπραττομένους

344 2582 796 2657 τιμωρουμένους
861 2581 1043 2660 ἀρχὴν
1100 2581 1316 2654 ἀταξίας
1373 2578 1667 2656 ἐλάμϐανε,
1742 2585 1833 2639 καὶ
1894 2585 1994 2654 τὴν

348 2671 571 2748 χαλκῆν
627 2671 810 2726 εἰκόνα
867 2676 969 2739 τῆς
1056 2672 1421 2748 πανευφήμου
1487 2670 1812 2743 Πλακίλλης
1868 2693 2000 2728 κατ-

352 2758 544 2837 ήνεγκέ
570 2780 630 2815 τε
658 2759 755 2814 παὶ
794 2759 939 2814 πολὺ
984 2766 1086 2829 τῆς
1139 2758 1358 2824 πόλεως
1413 2755 1584 2835 ἔσυρε.
1619 2760 1801 2818 Ταῦτα
1830 2762 2002 2817 πυθό-

349 2870 506 2922 μενος
540 2850 568 2904 6
585 2847 843 2926 βασιλεὺς
872 2848 963 2903 καὶ
986 2846 1114 2903 λίαν
1135 2846 1452 2924 χαλεπήνας
1483 2848 1548 2905 τά
1575 2870 1635 2905 τε
1661 2853 1761 2915 τῆς
1782 2848 1999 2912 πόλεως

347 2938 603 3017 ἀφείλετο
657 2937 934 3013 προνόμια
997 2938 1088 2993 καὶ
1146 2943 1214 3012 τῇ
1273 2940 1650 3013 γειτνιαζούσῃ
1692 2939 1853 2995 πόλει
1899 2941 2001 3010 τήν

351 3029 648 3105 ἡγεμονίαν
681 3025 935 3083 δέδωκεψ
970 3026 1301 3097 ἐζηλοτύπει
1331 3029 1434 3103 γὰρ
1465 3031 1500 3097 ἡ
1550 3027 1843 3084 Λαοδίκεια
1900 3031 2000 3099 τὴν

350 3118 688 3192 Ἀντιόχειαν
740 3114 960 3173 ἄνωθεν.
1019 3117 1171 3173 Μετὰ
1224 3114 1281 3171 δὲ
1336 3121 1503 3172 ταῦτα
1553 3118 1643 3173 καὶ
1701 3117 2000 3193 ἐμπρήσειν

355 3205 572 3276 ἠπείλει
629 3207 716 3261 καὶ
781 3206 857 3269 είς
915 3207 1114 3280 κώμην
1174 3207 1237 3261 τὸ
1292 3206 1421 3262 ἂστυ
1473 3209 1884 3265 κατασκευάσαι.
1929 3212 1997 3268 Οἱ

353 3292 409 3350 δέ
437 3316 499 3371 γε
527 3295 785 3372 ἃρχοντες
814 3297 909 3352 καί
936 3316 1087 3358 τινας
1118 3295 1357 3366 ἀνεῖλον,
1415 3298 1546 3373 παρ’
1597 3297 1729 3354 αὐτὸ
1786 3297 1996 3355 συλλα-

348 3379 531 3449 ϐόντες
552 3386 617 3442 τὸ
670 3386 962 3461 τόλμημα,
1019 3387 1147 3461 πρὶν
1201 3390 1405 3462 γνῶναι
1466 3388 1559 3442 τὸν
1620 3385 1847 3462 βασιλέα
1902 3390 2000 3459 τὴν

345 3473 877 3552 τραγῳδίαν.Ταῦτα
931 3473 988 3531 δὲ
1037 3476 1212 3530 πάντα
1269 3477 1297 3530 6
1357 3475 1616 3551 βασιλεὺς
1673 3478 2001 3553 προσέταττε

348 3565 469 3638 μὲν,
497 3565 599 3621 οὐκ
627 3563 831 3642 ἐγίνετο
864 3562 942 3637 δὲ,
988 3569 1087 3620 τοῦ
1148 3564 1320 3638 νόμου
1384 3564 1700 3629 κωλύοντος
1755 3568 1816 3624 ’ὀν
1864 3570 2001 3643 Ἀμ-

345 3649 571 3729 ϐρὸσιος
628 3656 657 3710 6
713 3655 881 3731 μέγας
949 3656 1172 3723 τεθῆναι
1256 3654 1578 3729 παρῄνεσεν.
1662 3654 1883 3728 Ἐπειδὴ
1945 3654 2003 3712 δὲ

348 3744 608 3824 ἀφίκοντο
640 3745 692 3799 οἱ
714 3744 813 3809 τὰς
868 3742 1099 3800 ἀπειλὰς
1157 3743 1359 3806 ἐκείνας
1416 3744 1756 3818 κομίζοντες,
1811 3746 1864 3801 έν
1895 3745 2001 3803 δέει

349 3834 449 3908 μὶν
481 3834 619 3903 ἦσαν
652 3835 878 3896 ἅπαντες
900 3833 997 3895 τὰς
1043 3832 1275 3895 ἀπειλὰς
1332 3833 1677 3910 πεφρικότες,
1730 3836 1821 3890 καὶ
1852 3840 1999 3913 φυγῇ

339 3925 443 3994 τὴν
472 3925 744 3999 σωτηρίαν
801 3923 1148 3998 ἐπορίσαντο,
1204 3923 1258 3977 οἱ
1316 3919 1373 3977 δὲ
1430 3923 1483 3977 ἐν
1535 3929 1651 3985 τοῖς
1709 3920 1885 4000 ὄρεσιν
1919 3927 2001 3981 οἱ·

338 4017 564 4074 κοῦντες
594 4019 695 4082 τῆς
724 4012 924 4085 ἀρετῆς
982 4011 1215 4082 ἀσκηταὶ
1264 4010 1493 4083 (πολλοὶ
1552 4010 1609 4067 δὲ
1664 4014 1800 4082 ἦσαν
1851 4015 2001 4070 οὗτοι

340 4104 429 4157 καὶ
470 4100 705 4176 ἃριστοι)
748 4101 967 4164 πολλὰς
1019 4103 1113 4164 τὰς
1169 4103 1509 4178 παραινέσεις
1584 4104 1673 4158 καὶ
1721 4103 2004 4179 παρακλή-

344 4212 460 4256 σεις
485 4197 602 4254 τοῖς
635 4191 694 4246 ἐκ
720 4195 818 4247 τοῦ
879 4190 1153 4266 βασιλέως
1199 4190 1549 4247 ἀποσταλεῖσι
1603 4196 1998 4271 προσήνεγκαν,

341 4280 646 4338 Ἀλλᾶκαί
681 4281 1017 4343 Μακεδόνιος
1077 4282 1105 4336 6
1162 4280 1458 4351 θειότατος,
1519 4280 1671 4338 οὐδὲν
1735 4285 1829 4356 μὲν
1895 4291 2003 4341 τῶν

334 4371 479 4426 κατᾶ
500 4370 592 4425 τὸν
630 4370 747 4445 βίον
777 4370 1152 4443 ἐπιστάμενος,
1185 4370 1275 4426 καὶ
1314 4376 1424 4426 τῶν
1491 4372 1647 4427 Θείων
1681 4371 1738 4427 δὲ
1797 4373 2001 4451 λογίων

335 4459 569 4535 πάμπαν
597 4459 821 4535 ἄπειρος
853 4457 951 4529 ὢν,
985 4460 1037 4515 ἐν
1098 4458 1156 4515 δὲ
1211 4465 1329 4523 ταῖς
1386 4466 1493 4516 τῶν
1547 4461 1685 4536 ὀρῶν
1734 4471 2002 4543 κορυφαῖς

336 4547 700 4624 διαιτώμενος
749 4551 838 4606 καὶ
899 4550 1067 4606 νύκτα
1118 4550 1207 4606 καὶ
1264 4550 1474 4626 ἡμέραν
1529 4556 1627 4607 τοῦ
1686 4557 1820 4608 Θεοῦ
1878 4552 2003 4611 δεό-

337 4659 525 4713 μενος,
559 4637 620 4694 ού
651 4643 748 4695 τοῦ
783 4637 1056 4714 βασιλέως
1085 4640 1184 4709 τήν
1249 4638 1422 4714 ὀργὴν
1479 4642 1850 4717 καταπλαγεὶς
1883 4642 2005 4700 οὕτε

331 4734 440 4784 τῶν
484 4727 784 4784 σταλέντων
817 4731 914 4799 τὴν
949 4728 1215 4799 ἐξουσίαν,
1273 4728 1329 4783 ὲν
1391 4728 1538 4802 μέσῳ
1594 4735 1674 4804 τῷ
1703 4730 1850 4788 ἄστει
1911 4755 2004 4810 γε·-

338 4819 596 4891 νόμενος,
627 4826 728 4889 τῆς
788 4816 1082 4898 χλαμύδος
1143 4817 1367 4892 θατέρου
1421 4824 1528 4873 τῶν
1577 4819 1999 4877 ἀποσταλέντων

335 4903 649 4981 λαϐόμενος
705 4903 978 4978 ἀποϐῆναι
1024 4907 1122 4963 τού
1176 4904 1352 4962 ἵππου
1409 4906 1640 4966 κελεύει.
1702 4912 1766 4966 Οἱ
1825 4908 1884 4967 δὲ
1916 4935 2001 4986 μι-

331 4997 471 5070 κρὸν
505 4995 786 5073 γερόντιον
848 4992 1081 5067 ῗδόντες,
1142 4994 1335 5064 εὐτελῆ
1400 4994 1560 5070 ῥάκια
1598 4994 2002 5075 περιϐεϐλημέ-

333 5104 449 5153 νον,
484 5087 675 5157 πρῶτα
709 5084 804 5157 μὲν
837 5082 1209 5159 ἐχαλέπηναν
1252 5079 1441 5152 ἐπειδὴ
1498 5081 1554 5138 δέ
1598 5106 1741 5149 τινες
1769 5088 1869 5157 τήν
1901 5092 1999 5144 τοῦ

334 5169 535 5248 ἀνδρὸς
568 5170 853 5244 ἐδήλωσαν
915 5172 1136 5248 ἀρετὴν,
1193 5167 1472 5243 άπέϐησᾶν
1531 5193 1592 5228 τε
1646 5179 1754 5230 τῶν
1811 5176 1996 5231 ἳππων

334 5261 567 5317 καὶτῶν
625 5262 834 5318 ἐκείνου
913 5262 1153 5337 γονάτων
1210 5256 1606 5336 ἐπιλαϐόμενοι
1663 5266 1998 5340 συγγνώμην

334 5351 586 5422 ἐζήτουν.
614 5354 675 5410 Ὀ
703 5349 761 5407 δὲ
784 5359 885 5422 τῆς
917 5351 1061 5414 θείας
1111 5349 1304 5430 σοφίας
1363 5349 1700 5430 ἐμφορηθεὶς
1756 5355 1996 5412 τοιοῖσδε

2095 1961 2181 2016 vis
2212 1959 2518 2016 excedere.
2551 1959 2884 2030 Aliquando
2905 1965 3040 2031 post
3062 1959 3428 2015 Theodosius
3447 1959 3757 2016 continen-

2096 2049 2253 2105 tibus
2280 2049 2455 2105 bellis
2482 2055 2721 2104 coactus
2744 2054 2833 2104 est
2853 2065 3070 2103 novum
3098 2047 3433 2103 civitatibus
3465 2047 3752 2102 tributum

2095 2138 2748 2209 imperare.Antiochiaa
2779 2139 2933 2193 cives
2964 2154 3097 2193 eam
3122 2137 3495 2193 exactionem
3518 2154 3638 2191 non
3664 2143 3757 2191 tu-

2095 2227 2329 2296 lerunt;
2363 2243 2620 2298 cumque
2650 2227 2939 2299 supplicio
2971 2226 3356 2282 afﬁcerentur
3385 2226 3486 2298 qui
3522 2225 3751 2297 depen-

2098 2319 2237 2375 dere
2266 2318 2928 2388 recusassent,tumultu
2959 2319 3214 2374 excitato
3233 2334 3448 2373 aeream
3471 2317 3759 2373 laudatis-

2100 2409 2264 2464 sima)
2300 2407 2551 2464 Placillaa
2583 2413 2840 2464 statuam
2872 2408 3223 2480 dejecerunt
3268 2412 3328 2463 et
3356 2423 3632 2480 magnam
3657 2424 3768 2477 per

2098 2498 2267 2553 urbis
2298 2502 2528 2569 partem
2550 2501 2954 2569 raptaverunt.
2991 2498 3110 2552 Hoc
3139 2495 3344 2551 audito
3365 2495 3630 2551 facinore
3653 2495 3769 2550 im-

2101 2591 2341 2658 perator
2368 2587 2712 2659 gravissima
2744 2586 2964 2641 exarsit
2994 2585 3423 2657 indignatione,
3452 2590 3510 2639 et
3560 2584 3773 2639 Antio-

2103 2675 2300 2730 chiam
2348 2674 2672 2746 privilegiis
2723 2673 2846 2729 suis
2907 2673 3201 2744 spoliavit,
3236 2673 3761 2744 principatumque

2106 2763 2408 2819 Laodiceaa
2445 2763 2655 2819 vicinae
2705 2762 3070 2836 jampridem
3129 2762 3361 2817 aamulaa
3418 2762 3762 2833 assignavit.

2103 2856 2328 2908 Praeter
2354 2854 2482 2908 haac
2510 2852 2858 2908 incendium
2890 2869 3124 2924 quoque
3157 2851 3312 2922 urbi,
3344 2857 3404 2907 et
3434 2869 3497 2907 se
3546 2868 3674 2906 eam
3704 2852 3766 2906 in

2105 2960 2322 3015 pagum
2355 2947 2726 2998 mutaturum
2774 2942 3037 2997 minatus
3094 2947 3204 2997 est.
3262 2941 3532 2997 Praefecti
3584 2941 3767 2996 etiam

2108 3031 2399 3103 quosdam
2413 3032 2473 3086 in
2488 3032 2616 3104 ipso
2630 3032 3038 3103 deprehensos
3049 3031 3313 3087 facinore
3325 3031 3774 3100 interfecerant,

2110 3123 2460 3193 pririsquam
2489 3122 2770 3193 tragmdia
2806 3121 3155 3192 imperatori
3188 3126 3608 3193 exponeretur.
3642 3122 3771 3175 Cas-

2110 3217 2304 3266 terum
2334 3212 2460 3266 haec
2490 3211 2693 3267 omnia
2724 3210 3768 3282 imperatormandavitquidem,non

2111 3306 2310 3355 tamen
2338 3299 2604 3372 perfecit,
2636 3299 2765 3371 lege
2794 3298 3119 3370 impeditus
3150 3315 3330 3369 quam
3360 3297 3596 3353 monitu
3624 3301 3769 3351 Am-

2110 3389 2293 3445 brosii
2351 3388 2587 3445 tulerat.
2645 3388 2718 3443 Ut
2776 3388 3152 3443 Antiochiam
3180 3392 3474 3443 venerunt
3519 3387 3771 3441 istarum

2112 3480 2412 3535 minarum
2444 3479 2912 3550 denuntiatores,
2935 3494 3079 3534 sane
3111 3494 3314 3533 earum
3347 3481 3512 3531 metu
3529 3476 3771 3531 univer-

2112 3585 2210 3624 sos
2243 3569 2389 3626 561
2427 3583 2676 3641 magnus
2709 3572 2901 3623 terror
2931 3567 3159 3635 invasit,
3218 3571 3278 3621 et
3323 3565 3463 3638 fuga
3519 3565 3773 3620 salutem

2114 3658 2538 3728 quaesiverunt.
2554 3659 2629 3711 At
2655 3656 2932 3712 monachi
2955 3658 3055 3729 qui
3086 3657 3148 3711 in
3172 3654 3479 3711 montibus
3496 3655 3775 3709 virtutem

2114 3747 2602 3817 exercebant,qui
2636 3747 2711 3802 iis
2742 3746 2886 3801 locis
2920 3751 3092 3802 erant
3109 3751 3167 3800 et
3195 3744 3439 3817 plurimi
3464 3743 3768 3815 etOptimi,

2114 3837 2327 3891 missos
2352 3837 2425 3891 ab
2458 3837 2816 3907 imperatore
2838 3835 3042 3890 multis
3064 3834 3262 3889 verbis
3284 3833 3585 3906 deprecati
3611 3837 3769 3888 sunt.

2112 3926 2235 3988 Quo
2268 3930 2531 3996 tempore
2562 3924 2740 3979 etiam
2771 3924 3178 3979 divinissimus
3206 3922 3603 3988 Macedonius,
3631 3920 3766 3976 nul-

2112 4013 2226 4067 lius
2258 4028 2462 4068 earum
2485 4029 2616 4084 qua:
2650 4014 2722 4067 ad
2755 4012 2931 4067 vitam
2964 4013 3116 4067 hanc
3168 4011 3499 4083 degendam
3539 4010 3770 4065 faciunt

2112 4102 2330 4157 artium
2361 4106 2795 4171 gnarus,atque
2828 4117 3135 4157 sacrarum
3166 4100 3346 4155 etiam
3377 4115 3622 4171 prorsus
3652 4099 3769 4152 im-

2111 4191 2335 4263 peritus
2364 4191 2721 4256 litterarum,
2752 4189 2962 4244 solitus
2996 4190 3057 4243 in
3116 4188 3434 4243 verticibus
3473 4187 3769 4242 montium

2112 4281 2324 4353 degere
2348 4297 2416 4335 ac
2469 4281 2656 4335 Deum
2704 4284 2911 4334 noctes
2969 4279 3215 4348 diesque
3248 4277 3579 4348 deprecari,
3625 4275 3775 4330 nihil

2112 4371 2262 4425 iram
2296 4368 2672 4440 imperatoris
2697 4371 2972 4422 metuens
3011 4371 3113 4421 aut
3142 4366 3271 4437 ejus
3308 4365 3632 4436 legatorum
3666 4381 3769 4435 po-

2114 4460 2381 4527 tentiam,
2406 4459 2469 4513 in
2499 4457 2757 4513 mediam
2789 4456 2998 4512 urbem
3024 4474 3086 4512 se
3117 4454 3771 4525 contulit,alterumque

2115 4565 2319 4605 eorum
2342 4547 2654 4619 chlamyde
2698 4548 3138 4618 apprehensum
3194 4561 3348 4615 equo
3405 4543 3767 4599 descendere

2033 4628 2081 4691 D
2106 4640 2308 4712 jussit.
2343 4639 2538 4711 Legati
2598 4637 3060 4692 homuncionem
3111 4651 3317 4691 senem
3357 4634 3768 4706 inspicientes,

2116 4729 2332 4800 pannis
2356 4728 2573 4783 vilibus
2615 4726 2896 4795 obsitum,
2930 4725 3224 4797 principio
3256 4724 3591 4797 indignari:
3634 4740 3774 4779 mox

2113 4834 2147 4873 a
2180 4818 2540 4889 quibusdam
2570 4816 2643 4872 de
2676 4816 2892 4872 virtute
2925 4816 3188 4871 hominis
3210 4815 3496 4871 certiores
3525 4815 3665 4871 facti
3696 4815 3768 4871 ab

2114 4907 2283 4978 equis
2314 4905 2775 4975 descenderunt,
2808 4922 3123 4978 genuaque
3156 4904 3288 4975 ejus
3319 4909 3626 4978 tangentes
3672 4921 3767 4959 ve-

2111 4999 2275 5053 niam
2305 5003 2604 5070 rogarunt.
2621 4999 2696 5052 At
2719 4997 3129 5052 Macedonium
3144 4995 3343 5051 divina
3373 4995 3652 5066 impletus
3671 5010 3772 5049 sa-

2109 5088 2443 5161 pientia,ita
2473 5103 2573 5143 eos
2604 5091 2695 5143 est
2721 5087 2937 5143 allatus
2961 5103 2975 5140 :
3009 5086 3221 5150 Dicite,
3241 5084 3439 5151 amici,
3462 5083 3611 5138 meis
3637 5083 3767 5138 hmo

2106 5179 2300 5235 verbis
2328 5177 2676 5250 imperatori
2704 5194 2717 5234 :
2743 5178 2872 5232 Non
2902 5176 3226 5247 imperator
3253 5178 3486 5227 tantum
3543 5188 3625 5238 es,
3660 5171 3769 5227 sed

2108 5271 2285 5326 etiam
2317 5269 2495 5323 homo
2531 5285 2544 5321 :
2578 5284 2703 5322 non
2732 5266 2933 5338 itaque
2965 5264 3283 5335 imperium
3312 5262 3508 5328 modo,
3531 5260 3631 5315 sed
3663 5277 3767 5316 na-

2106 5365 2301 5415 turam
2351 5374 2588 5430 quoque
2618 5363 2852 5429 reputa.
2897 5354 3123 5425 Quippe
3155 5351 3334 5407 homo
3391 5366 3527 5406 cum
3567 5349 3669 5417 sis,
3704 5349 3767 5403 in

1544 5481 1911 5540 XYLANDRI
1949 5487 2036 5540 ET
2079 5485 2299 5543 GOARI
2338 5486 2560 5540 NOTAE.

410 5604 523 5678 (5οὶ
558 5608 732 5684 Potes
755 5606 1194 5684 etian1_vertere
1224 5603 1535 5684 leprosos;
1565 5622 1707 5684 nam
1745 5601 1935 5684 λώϐην
1967 5610 2285 5684 aliquoties
2309 5628 2413 5683 pro
2438 5610 2605 5681 lepra
2635 5606 2751 5661 κατ’
2793 5602 2990 5679 ἐξοχῆν
3062 5603 3271 5659 dicunt
3326 5603 3385 5658 hi
3418 5604 3759 5675 scriptores.

335 5676 689 5750 Exemplum
720 5679 905 5735 habes
935 5678 1007 5734 de
1038 5678 1206 5749 lepra
1230 5676 1603 5732 Constantini
1638 5680 1853 5752 Magni.
1886 5676 2030 5741 XYL.
