4144 6434
377 372 494 432 615

1738 366 2055 430 GEORGII
2098 368 2434 430 CEDRENI

3679 372 3801 431 616

383 505 504 560 nali
535 509 702 576 parte
734 502 848 559 fori
878 503 1043 559 curia
1083 510 1191 571 est,
1226 520 1401 574 quam
1434 504 1546 558 Leo
1581 503 1810 558 Verinze
1851 502 2022 558 mari-

2156 501 2297 576 Πρὸς
2326 497 2383 556 δὶ
2411 502 2478 556 τὰ
2510 500 2699 577 βόρεια
2734 506 2833 556 τοῦ
2880 502 3052 577 φόρου
3108 496 3218 557 ἔστι
3277 502 3342 558 τὸ
3400 522 3634 571 σενατον,
3668 500 3803 579 ὅπερ

380 600 474 647 tus
502 593 789 648 incendit.
818 593 903 648 lbi
936 599 1106 664 porta
1155 600 1244 647 est
1281 593 1483 647 Dianas
1531 592 1865 663 Ephesinaa,
1895 608 2027 646 mu-

380 701 494 739 nus
525 684 782 757 Trajani.
814 686 880 738 In
911 700 980 739 ea
1005 688 1143 739 sunt
1172 699 1463 755 expressa;
1502 699 1694 738 causae
1727 682 1866 737 belli
1890 683 2028 753 Scy-

382 774 547 839 thici,
583 774 891 846 Gigantum
951 788 1166 845 pugna,
1216 771 1470 827 fulmina
1497 771 1671 838 Jovis;
1724 773 2028 842 Neptunus

380 864 702 918 tridentem
737 868 995 935 gestans,
1039 861 1245 932 Apollo
1278 878 1419 916 arcu
1468 861 1815 915 instructus.
1874 860 2031 915 Infra

379 953 651 1025 Gigantes
672 952 995 1006 draconum
1027 966 1088 1004 1n
1116 949 1359 1005 modum
1403 950 1720 1014 irruentes,
1755 948 2030 1003 manibus

377 1042 579 1113 glebas
610 1041 671 1094 in
731 1038 983 1094 sublime
1029 1039 1346 1111 jactantes,
1381 1045 1611 1093 torvum
1661 1042 1914 1092 tuentes.
1951 1036 2032 1091 Ad

374 1130 486 1185 fori
520 1146 696 1201 porro
727 1129 985 1200 plateam
1019 1134 1178 1183 stant
1217 1128 1348 1183 duae
1393 1134 1624 1183 statuae.
1659 1129 1784 1182 Una
1829 1142 2032 1181 versus

376 1235 651 1274 occasum
685 1218 905 1273 Lindiae
940 1219 1232 1286 Minervae,
1266 1217 1495 1271 casside
1523 1221 1751 1271 armata
1783 1221 1839 1269 et
1870 1231 2034 1269 mon-

377 1314 497 1363 stro
523 1310 848 1380 Gorgoneo,
875 1308 1035 1362 circa
1064 1306 1285 1362 collum
1314 1306 1607 1377 anguibus
1640 1305 2031 1375 complicatis.

376 1397 470 1452 Sic
500 1397 660 1452 enim
705 1396 1027 1469 imaginem
1061 1397 1189 1468 ejus
1220 1396 1402 1467 prisci
1449 1394 1807 1450 referebant.
1868 1392 2033 1449 Ortui

377 1487 651 1557 opposita
709 1486 926 1555 altera,
978 1485 1335 1557 Amphitrite
1395 1489 1503 1552 est,
1557 1484 1755 1539 cancri
1798 1482 2033 1537 forﬁces

374 1575 601 1630 habens
635 1591 814 1646 super
845 1575 1238 1646 temporibus:
1274 1574 1478 1629 Rhodo
1509 1573 1767 1629 adducta
1792 1571 1923 1626 fuit.

2136 585 2334 659 ἐκαύθη
2374 590 2476 645 ὑπὸ
2508 590 2740 653 Λέοντος
2769 595 2868 645 τοῦ
2897 598 2997 659 τῆς
3028 590 3287 666 Βηρίνης,
3322 590 3373 646 ἐν
3404 592 3450 663 ᾠ
3481 589 3629 662 πύλη
3687 591 3799 646 ἐστὶ

2134 679 2233 746 τῆς
2265 679 2512 757 Ἐφεσίας
2552 677 2899 753 Ἀρτέμιδος,
2931 681 3201 755 Τραϊανοῦ
3233 676 3490 754 δῶρημα,
3520 687 3623 750 τῆς
3656 686 3798 734 Σκυ-

2135 767 2243 820 θῶν
2279 769 2467 845 μάχης
2499 761 2703 843 ἔχουσα
2724 768 2821 830 τὰς
2852 767 3027 831 αἰτίας
3053 769 3151 835 τήν
3204 773 3312 822 τῶν
3374 769 3648 842 Γιγάντων
3686 770 3797 842 μά-

2139 872 2249 929 χην
2278 855 2369 909 καὶ
2405 856 2532 916 τοὺς
2563 855 2853 931 κεραυνοὺς
2890 861 2987 911 τοῦ
3021 857 3144 918 Διὸς
3192 856 3284 911 καὶ
3342 858 3433 911 τὸν
3480 854 3798 913 Ποσειδῶνα

2136 943 2235 999 ,οῦν
2264 948 2333 1019 τῇ
2362 945 2575 1019 τριαίνῃ
2605 946 2697 1000 καὶ
2742 946 2835 1000 τὸν
2897 945 3233 1002 Ἀπόλλωνα
3269 946 3421 1017 τόξον
3479 944 3803 1022 ἐσκευασμέ-

2138 1054 2253 1103 νον,
2287 1032 2435 1088 γάτω
2468 1031 2524 1088 δὲ
2571 1037 2699 1097 τοὺς
2730 1034 2982 1111 γίγαντας
3036 1036 3111 1099 ὡς
3142 1032 3436 1110 δράκοντας
3491 1036 3801 1112 ἐπερχομέ-

2140 1143 2288 1191 νους,
2321 1122 2481 1201 χερσὶ
2516 1122 2735 1197 βώλους
2770 1122 3096 1198 ῥιπτοῦντας
3126 1124 3201 1186 εἰς
3235 1124 3371 1199 ὕψος
3409 1124 3501 1180 καὶ
3528 1123 3801 1199 βλοσυρὸν

2142 1213 2491 1285 εἷσορῶντας.
2552 1215 2816 1270 Ἱστανται
2849 1212 2906 1269 δὲ
2936 1236 3073 1290 προς
3132 1217 3232 1284 τήν
3298 1219 3396 1271 τοῦ
3451 1217 3623 1291 φόρου
3654 1214 3802 1271 πλα-

2142 1308 2285 1358 τεῖαν
2323 1303 2610 1377 ἀγάλματα
2643 1301 2760 1374 δύο,
2796 1303 2933 1379 πρὸς
2980 1304 3072 1377 μὶν
3135 1301 3282 1359 δύσιν
3339 1306 3401 1359 τὸ
3430 1312 3529 1374 τῆς
3589 1302 3809 1369 Λινδίας

2142 1393 2401 1462 Ἀθηνᾶς,
2433 1393 2631 1464 κράνος
2661 1391 2789 1467 ἔχον
2850 1393 2937 1447 καὶ
3007 1393 3071 1447 τὸ
3130 1393 3447 1468 Γοργόνειον
3497 1394 3653 1469 τέρας
3713 1396 3802 1449 καὶ

2146 1480 2298 1560 διρεις
2329 1481 2449 1553 περὶ
2491 1481 2585 1535 τὸν
2643 1483 2727 1554 [Ρ.
2788 1484 2915 1555 323]
2964 1481 3250 1557 τράχηλον
3314 1481 3803 1559 ἐμπεπλεγμένους

2145 1568 2344 1639 (οὕτως
2376 1568 2473 1643 γὰρ
2502 1568 2564 1623 τὸ
2592 1566 2825 1624 εἷ’δωλον
2884 1569 3054 1638 αὐτῆς
3116 1571 3169 1625 o't
3226 1571 3454 1626 παλαιοὶ
3502 1571 3805 1648 ἱστόροῦν),

373 1662 512 1735 πρὸς
544 1658 601 1714 δὲ
630 1662 728 1730 τήν
762 1659 1034 1730 ἀνατολήν
1067 1663 1101 1729 ἡ
1138 1659 1490 1735 Ἀμφιτρίτη,
1544 1656 1730 1734 χηλὰς
1769 1652 1974 1732 ἔχουσα
2019 1655 2277 1731 καρκίνου
2326 1654 2413 1710 ἐπὶ
2466 1660 2574 1710 τῶν
2624 1658 2936 1731 κροτάφων.
2991 1659 3179 1732 ’Ἦχθη
3237 1655 3295 1713 δὲ
3345 1659 3435 1713 καὶ
3491 1659 3629 1730 αὐτὴ
3689 1658 3797 1713 ἀπό

377 1746 595 1805 Ῥόδου.

451 1842 876 1897 Constantinus
898 1842 1097 1913 posuit
1126 1857 1400 1913 magnam
1433 1856 1689 1896 crucem.

448 2021 711 2085 Quatuor
740 2020 991 2093 pedibus
1033 2020 1342 2076 suii‘ultum
1375 2038 1546 2092 opus,
1580 2018 1739 2091 quod
1788 2022 2036 2072 conten-

375 2109 600 2164 tionem
631 2115 944 2165 ventorum
976 2115 1209 2177 vocant,
1242 2108 1608 2164 Theodosius
1636 2110 1876 2178 Magnus
1909 2123 2034 2160 ere-

372 2198 476 2265 xit,
510 2198 838 2270 pyramidis
868 2198 1121 2253 formam
1150 2199 1476 2269 depingens
1511 2204 1567 2253 et
1600 2196 1883 2251 ﬁctilibus
1914 2195 2037 2249 ani-

375 2286 634 2342 malibus
683 2304 1003 2357 exornans,
1057 2287 1446 2359 germinibus,
1508 2285 1798 2341 fructibus
1858 2289 2035 2355 atque

376 2376 552 2430 malis
574 2376 830 2447 punicis.
866 2376 1035 2431 Stant
1063 2382 1120 2430 et
1150 2376 1293 2430 nudi
1326 2379 1594 2442 Amores,
1629 2372 1882 2430 invicem
1926 2373 2036 2429 sibi

380 2463 600 2519 blande
623 2464 957 2519 arridentes
981 2470 1039 2519 et
1060 2464 1214 2519 infra
1240 2464 1686 2519 transeuntibus
1718 2464 1872 2520 566
1904 2463 2037 2517 illu-

375 2552 600 2606 dentes.
630 2554 885 2607 Rursum
912 2552 1014 2607 alii
1033 2552 1441 2608 adolescentes
1464 2551 1842 2607 subsidentes
1864 2552 2034 2606 aereis

370 2640 533 2696 tubis
563 2645 771 2696 ventos
802 2642 1095 2708 influant;
1140 2647 1198 2697 et
1246 2642 1438 2714 imago
1470 2658 1641 2697 cerea
1698 2642 1759 2696 in
1790 2639 2031 2695 sublimi

369 2730 574 2786 volans
596 2736 801 2785 acutos
834 2731 1009 2787 flatus
1040 2739 1353 2786 ventorum
1387 2730 1649 2786 denotat.

437 2819 610 2874 Tauri
642 2824 898 2876 statuam
947 2820 1147 2892 posuit
1185 2822 1429 2892 Magnus
1473 2818 1860 2889 Theodosius,
1893 2836 2030 2890 suas

369 2916 579 2965 contra
635 2911 881 2982 Scythas
940 2911 1344 2966 continentem
1429 2927 1657 2982 pugnas
1723 2915 1783 2965 et
1830 2910 1901 2964 de
1958 2910 2030 2965 iis

374 3003 570 3054 statua
598 3005 840 3070 tropaea.
863 3000 1050 3054 Habet
1070 3000 1229 3055 intus
1260 3001 1411 3055 viam
1444 3017 1680 3055 sursum
1711 3000 2025 3055 ferentem.

373 3089 567 3158 Eques
626 3104 801 3159 porro
858 3089 919 3142 in
977 3088 1131 3144 bivio
1192 3090 1419 3161 positus
1475 3090 1599 3160 ipse
1659 3094 1749 3144 est
1786 3090 2026 3161 Magnus

2062 1840 2111 1905 B

2213 1837 2335 1891 “Οτι
2387 1836 2415 1890 ὁ
2475 1841 2885 1899 Κωνσταντῖνος
2970 1835 3162 1908 ἔστησε

2148 1923 2242 1999 ρόν
2272 1928 2408 1999 (40).

2217 2016 2339 2071 ’Ὁτι
2396 2015 2459 2070 τὸ
2517 2014 2871 2093 τετρασκελές
2935 2017 3236 2092 τέχνάσμα,
3270 2018 3300 2071 ὅ
3335 2013 3491 2093 δῆριν
3552 2017 3804 2094 λέγουσιν

2150 2102 2389 2176 ἀνέμων,
2416 2100 2633 2178 ἤγειρεν
2668 2106 2695 2158 6
2726 2106 2895 2181 μέγας
2928 2102 3238 2174 Θεοδόσιος,
3273 2101 3582 2180 πυραμίδος
3610 2113 3806 2181 σχῆμα

2151 2197 2467 2273 ζωγραφοῦν
2493 2193 2583 2248 καὶ
2647 2195 2808 2263 ζώοις
2868 2191 3133 2255 πλαστοῖς
3191 2194 3602 2268 κεκοσμημένον
3663 2194 3804 2271 βλα-

2147 2288 2296 2346 στοῖς
2324 2305 2383 2338 τε
2409 2285 2500 2339 καὶ
2530 2290 2763 2361 καρποῖς
2804 2283 2893 2339 καὶ
2944 2283 3208 2361 ῥοΐσκοις.
3264 2287 3469 2358 Γυμνοί
3525 2307 3583 2341 τε
3610 2289 3801 2361 ’Ἑρω-

2145 2391 2231 2434 τες
2265 2370 2503 2428 ἵστανται
2534 2380 2952 2450 προσγελῶντες
2983 2373 3261 2445 ἀλλήλοις
3320 2373 3543 2449 ἡμέρως
3574 2376 3663 2429 καὶ
3687 2381 3805 2438 τοῖς

2145 2461 2294 2516 κάτω
2325 2468 2561 2538 περῶσιν
2617 2462 2993 2537 ἐμπαίζοντες.
3048 2460 3254 2520 ’Λλλοι
3286 2461 3343 2519 δὲ
3399 2467 3505 2537 (41)
3559 2463 3800 2521 έποκλά-

2149 2555 2328 2620 ζοντες
2359 2546 2596 2625 ἔμπαλιν
2651 2551 2785 2624 νέοι,
2842 2552 3093 2628 σάλπιγξι
3128 2540 3390 2628 ⁸χαλκαῖς
3449 2552 3801 2631 ἐμφυσῶντες

2143 2639 2399 2714 ἀνέμους.
2433 2641 2684 2698 Χαλκοῦν
2715 2640 2771 2698 δὲ
2807 2642 2998 2718 βρέτας
3033 2641 3230 2716 ὑψόθεν
3281 2645 3577 2718 πετόμενον
3632 2644 3803 2706 πνοὰς

2143 2727 2354 2806 λιγείας
2387 2728 2616 2786 δεικνύει
2647 2737 2755 2787 τῶν
2788 2730 3025 2806 ἀνέμων.

2211 2821 2336 2878 ’Ότι
2365 2821 2457 2875 τὸν
2476 2825 2575 2876 τοῦ
2604 2821 2812 2897 ταύρου
2858 2821 3015 2878 κίονα
3073 2820 3293 2894 ἔστησεν
3328 2823 3355 2878 ὁ
3389 2823 3554 2898 μέγας
3596 2820 3799 2880 Θεοδό-

2142 2929 2279 2979 σιος,
2313 2909 2549 2986 τρόπαια
2595 2909 2685 2964 καὶ
2748 2909 2935 2983 μάχας
2995 2905 3191 2986 ἔχοντα
3248 2911 3385 2967 κατὰ
3451 2914 3673 2968 Σκυθῶν
3703 2915 3795 2970 καὶ

2142 2994 2435 3073 βαρϐάρων
2463 3004 2561 3054 τοῦ
2591 2998 2776 3055 αὐτοῦ.
2809 3002 2973 3078 ’Ἑχει
3005 2997 3061 3055 δὲ
3091 3002 3252 3062 οὗτος
3292 2995 3502 3066 ἔνδοθεν
3529 3003 3619 3057 καὶ
3669 3000 3792 3058 ὁδὸν

2139 3087 2252 3143 ἄνω
2293 3090 2575 3164 φέρουσαν.
2620 3088 2721 3146 Καὶ
2762 3091 2789 3144 6
2829 3090 2966 3145 κατᾶ
2992 3091 3054 3146 τὸ
3086 3088 3332 3170 ἄμφοδον
3390 3089 3449 3146 δὲ
3478 3093 3644 3157 ἑστὼς
3699 3094 3797 3148 ἱπ-

3262 1838 3354 1893 τὸν
3417 1836 3587 1916 μέγαν
3645 1860 3703 1894 στ
3711 1860 3805 1894 αυ-

368 3175 732 3231 Theodosius
763 3176 1031 3232 dextram
1086 3194 1289 3233 versus
1320 3177 1526 3232 urbem
1579 3176 1923 3244 intendens,
1954 3193 2022 3232 ac

2145 3176 2316 3248 πότης
2374 3176 2536 3240 αὐτός
2589 3176 2730 3233 ἐστιν
2782 3180 2810 3233 6
2840 3177 3007 3255 μέγας
3054 3176 3342 3244 Θεοδόσιος
3390 3185 3552 3256 χεῖρα
3598 3182 3789 3237 τείνων

371 3269 712 3320 monstrans
744 3265 1032 3337 inscripta
1062 3272 1270 3322 statuae
1303 3272 1544 3338 tropwa.

441 3445 552 3499 Bos
584 3461 776 3500 aereus
802 3447 1087 3517 Pergamo
1118 3445 1233 3500 fuit
1291 3446 1527 3501 allatus.
1562 3444 1842 3500 Caminus
1890 3443 2022 3512 fuit,

368 3532 429 3586 in
469 3549 582 3603 qua
610 3539 780 3589 ustus
812 3542 901 3590 est
932 3535 1177 3606 Antipas
1208 3541 1447 3591 sanctus
1485 3541 1729 3607 martyr.

440 3622 815 3678 Amastriana
845 3629 1043 3679 autem
1077 3625 1359 3680 dicuntur
1388 3625 1507 3680 sive
1531 3642 1565 3679 a
1596 3624 1854 3694 quodam
1886 3643 2025 3697 pau-

367 3726 507 3781 pere
540 3712 639 3782 qui
671 3714 926 3767 Amastri
958 3713 1246 3770 oriundus
1277 3714 1337 3768 in
1392 3713 1602 3768 urbem
1656 3716 2024 3785 paupertatis

361 3815 540 3854 causa
568 3800 746 3869 venit,
782 3801 983 3873 ibique
1030 3808 1301 3859 mortuus
1347 3807 1456 3867 est,
1509 3803 1628 3857 sive
1654 3803 1726 3858 ab
1778 3803 2025 3859 infamia

359 3887 471 3941 loci
506 3889 635 3960 ejus
666 3890 951 3962 maxima,
986 3891 1144 3962 quod
1184 3891 1265 3946 ibi
1307 3892 1563 3947 malefici
1598 3898 1655 3946 et
1705 3893 2019 3949 homicidae

355 3977 644 4047 supplicio
664 3977 1449 4053 afﬁciuntur,turpissimam
1468 3980 2018 4039 denominationem

353 4067 582 4137 accepit
613 4074 856 4139 propter
916 4071 1367 4144 Paphlagonum
1417 4071 1765 4128 sceleratam
1815 4073 2015 4128 vitam.

350 4153 485 4209 Fuit
532 4157 856 4227 aliquando
916 4159 998 4214 ibi
1055 4162 1381 4216 maximum
1427 4162 1716 4234 templum
1751 4162 1903 4218 Solis
1961 4170 2021 4218 et

353 4244 551 4312 Lunae,
586 4245 648 4299 in
681 4264 796 4318 quo
830 4265 1033 4304 versus
1065 4251 1535 4321 septentrionem
1567 4251 1774 4306 ordine
1807 4256 2015 4308 statuas

354 4332 628 4400 stabant;
662 4336 724 4391 in
756 4337 953 4393 medio
980 4344 1181 4394 autem
1217 4341 1383 4395 sinus
1417 4345 1544 4396 erat
1573 4341 1814 4396 concha:
1846 4341 2016 4396 simi-

349 4424 423 4479 lis
454 4427 747 4496 rotundze,
782 4445 966 4500 super
996 4447 1174 4502 quem
1234 4431 1331 4486 Sol
1389 4433 1452 4486 in
1484 4432 1618 4487 albo
1651 4447 1850 4498 curru,
1884 4436 2012 4486 tum

350 4513 513 4569 Luna
536 4516 816 4587 nympha;
844 4518 906 4572 in
936 4535 1162 4575 morem
1189 4527 1473 4577 coronata
1493 4521 1646 4594 bigis
1665 4520 2008 4577 vehebatur.

352 4601 621 4671 Byzantis
644 4604 757 4659 ista
787 4614 955 4662 erant
987 4625 1189 4679 opera,
1209 4610 1497 4666 Phidaliw
1532 4610 1747 4664 mariti.
1780 4608 2012 4665 Inferne

347 4696 556 4745 autem
591 4693 663 4748 ad
693 4695 836 4751 aedis
865 4695 1256 4754 fundamenta
1284 4698 1531 4755 sedebat
1570 4698 1810 4770 quidam
1844 4716 2012 4771 scep-

347 4779 541 4849 triger
572 4781 630 4836 in
680 4784 851 4849 solio,
902 4788 1312 4859 pepulumque
1350 4787 1604 4859 jubebat
1638 4785 2009 4860 magistratui

348 4885 581 4939 parere.
619 4871 766 4928 567
804 4874 1030 4931 Ibidem
1060 4877 1134 4932 ad
1168 4882 1385 4932 terram
1417 4862 1576 4931 Jovis
1607 4882 1734 4932 erat
1762 4877 2005 4933 simula-

344 4975 512 5014 crum
546 4976 615 5015 ex
646 4963 780 5018 albo
812 4964 1031 5037 lapide,
1067 4966 1225 5037 quod
1254 4964 1566 5021 videbatur
1613 4967 1676 5022 in
1704 4966 1858 5023 lecto
1919 4985 2004 5023 se-

344 5048 505 5120 dere,
539 5068 687 5123 opus
717 5054 962 5110 Phidiae.

2140 3260 2314 3334 δεξιάν
2346 3264 2482 3337 πρὸς
2514 3264 2611 3333 τήν
2639 3261 2825 3333 πόλιν,
2875 3264 2964 3319 καὶ
2997 3262 3206 3328 δεικνὺς
3261 3266 3329 3320 τὰ
3386 3265 3795 3343 ἐγγεγραμμένα

2137 3357 2214 3425 τῷ
2237 3352 2421 3427 στόλῳ
2449 3353 2703 3427 τρόπαια.

2205 3443 2332 3499 Ὀτι
2365 3443 2393 3497 ὁ
2427 3440 2673 3521 χαλκοῦς
2725 3444 2855 3518 βοῦς
2915 3443 2974 3498 έκ
3004 3445 3300 3520 Περγάμου
3338 3443 3498 3515 ἦλθε,
3556 3445 3787 3520 κάμινος

2138 3529 2194 3587 δὲ
2224 3532 2289 3601 ἦν
2319 3531 2370 3586 ἐν
2465 3531 2762 3588 πέωλεκται
2796 3534 2824 3587 6
2857 3529 3013 3610 ἅγιος
3049 3534 3254 3609 μάρτυς
3286 3536 3561 3598 Ἀντίπας.

2204 3624 2327 3678 Ὅτι
2357 3620 2424 3676 τὰ
2455 3621 2850 3698 Ἀμαστριανοῦ
2879 3620 3093 3698 λέγεται
3125 3622 3234 3679 εἷ’τε
3281 3623 3387 3679 ἀπό
3441 3646 3589 3688 τινος
3646 3624 3791 3681 εὖτε-

2136 3707 2268 3772 λοῦς
2300 3707 2537 3782 πατρίδα
2591 3708 2817 3786 ἔχοντος
2864 3714 2963 3783 τήν
3028 3715 3363 3788 νΑμαστριν,
3422 3713 3674 3777 ἐλθόντος
3730 3735 3789 3770 τε

2130 3798 2265 3853 κατὰ
2295 3798 2477 3854 πενίαν
2510 3798 2562 3855 ἐν
2617 3804 2685 3874 τῇ
2745 3800 2907 3856 πόλει
2965 3801 3119 3856 κάκεῖ
3172 3800 3617 3873 τελευτήσαντος,
3677 3801 3788 3859 εἷ’τε

2132 3888 2237 3943 ἀπὸ
2269 3887 2513 3963 ἐνεργοῦς
2545 3897 2646 3959 τῆς
2673 3894 2770 3944 τοῦ
2798 3890 2972 3945 τόπου
3006 3889 3337 3966 δυσφημίας,
3374 3892 3459 3946 ὅτι
3490 3898 3594 3953 πᾶς
3650 3914 3785 3948 κακ-

2130 3981 2332 4053 οῦργος
2362 3978 2454 4033 καὶ
2486 3979 2679 4056 φονεὺς
2730 3978 2917 4044 αὐτόθι
2944 3980 3137 4035 τιννόει
3172 3979 3352 4052 δίκην,
3411 3981 3607 4053 γλῆσιν
3655 3977 3782 4039 ἕλα-

2130 4087 2225 4143 χεν
2257 4068 2548 4144 αἰσχίστην
2580 4075 2682 4137 τῆς
2730 4067 3101 4146 Παφλαγόνων
3130 4067 3301 4125 ἕνεκεν
3334 4069 3649 4146 βδελυρίας.
3680 4078 3779 4127 Ἦν

2128 4156 2185 4213 δέ
2215 4180 2347 4213 ποτε
2374 4158 2499 4220 ναὸς
2536 4156 2791 4233 μέγιστος
2829 4159 3015 4223 αὑτόθι
3059 4157 3254 4217 Ἡλίου
3294 4161 3383 4215 καὶ
3416 4160 3683 4232 Σελήνης,
3716 4163 3778 4217 οὗ

2125 4248 2262 4321 πρὸς
2294 4244 2489 4321 ἄρκτον
2549 4247 2725 4309 κίονες
2781 4244 3079 4323 στοιχηδὸν
3131 4249 3493 4321 εἷστήκεισαν,
3528 4250 3686 4323 μέσον
3721 4248 3779 4306 δὲ

2123 4337 2335 4401 κόλπος
2366 4337 2452 4392 οἶα
2482 4337 2695 4413 κόγχης
2726 4338 2974 4412 εὖγόρου,
3033 4339 3260 4415 ὖπερθεν
3293 4337 3351 4395 δὲ
3379 4339 3548 4411 αὐτῆς
3578 4342 3779 4403 Ἤλιος

2123 4425 2212 4481 ἐπὶ
2245 4424 2441 4481 λευκοῦ
2472 4426 2742 4499 ἅρματος,
2773 4429 2808 4497 ἡ
2844 4425 2902 4482 δὲ
2931 4426 2997 4481 αὖ
3022 4427 3240 4500 Σελήνη
3273 4433 3558 4506 νυμφικῶς
3584 4429 3775 4503 ἐστεμ·

2126 4513 2259 4588 μένη
2322 4514 2403 4594 ἐφ’
2443 4515 2771 4591 ἁρμαμάξης
2823 4513 3011 4591 ἤγετο.
3070 4517 3339 4586 Βύζαντος
3398 4516 3530 4594 ἔργα
3586 4524 3772 4576 ταῦτα.

2122 4609 2218 4659 τοῦ
2251 4601 2568 4678 Φειδαγείας
2600 4604 2929 4675 ξυνευνέτου.
2965 4606 3120 4661 Κάτω
3159 4603 3216 4661 δὲ
3244 4608 3381 4681 πρὸς
3414 4604 3650 4681 θέμεθλα
3682 4605 3776 4663 δό-

2126 4715 2229 4765 μου
2261 4694 2492 4763 ἐκάθητό
2517 4714 2601 4755 τις
2641 4700 2995 4770 σκηπτοῦχος
3050 4695 3139 4750 ἐπὶ
3197 4698 3414 4772 θρόνου,
3469 4699 3559 4754 καί
3616 4698 3773 4764 λαοῖς

2118 4781 2367 4838 ἐκέλευσε
2392 4787 2507 4845 τοῖς
2564 4788 2850 4858 κρατοῦσιν
2901 4786 3158 4841 ὑπείκειν.
3200 4786 3378 4842 Αὐτοῦ
3412 4785 3470 4842 δὲ
3498 4789 3634 4863 πρὸς
3664 4796 3770 4863 γῆν

2113 4873 2179 4943 ἦν
2215 4872 2410 4947 βρέτας
2442 4872 2565 4933 Διὸς
2595 4873 2654 4927 ἐκ
2685 4872 2882 4928 λευκοῦ
2939 4873 3116 4945 λίθου,
3149 4872 3303 4950 ἔργον
3339 4874 3584 4951 Φειδίου,
3644 4878 3757 4948 ἱζά.

2111 4981 2226 5029 νον,
2252 4964 2331 5033 τῷ
2359 4958 2558 5033 δοκεῖν,
2592 4961 2679 5016 ἐπὶ
2727 4961 2945 5034 κλίνης.

1579 5181 1949 5237 XYLANDBI
1979 5184 2067 5238 ET
2098 5182 2316 5239 GOARI
2347 5181 2572 5237 NOTz‘E.

344 5298 480 5355 dam
512 5301 916 5376 deservientes
948 5305 1171 5361 ibidem
1202 5306 1493 5376 repositas
1513 5307 1779 5362 narravit
1799 5313 2005 5363 auctor

345 5386 501 5449 anno
535 5374 907 5431 Constantini
940 5382 1171 5449 xxmet
1203 5374 1346 5445 xxiv,
1379 5378 1478 5433 ubi
1514 5379 1851 5449 expressius
1898 5396 2000 5434 co-

345 5440 627 5521 lumnam“
648 5449 919 5521 eamdem
965 5448 1249 5521 depingit.
1304 5440 1476 5521 Cosa.

416 5513 533 5594 (/10)
555 5515 726 5588 Οἶμαι
760 5520 873 5594 τὸν,
894 5516 974 5594 ἐν-
996 5513 1114 5580 τοῖς
1149 5513 1596 5593 υόιρτοπωλείοις,
1629 5521 1906 5593 ascripsit
1937 5523 2001 5576 li-

346 5581 594 5674 brarius
625 5581 897 5674 margini.
932 5591 1068 5673 Χγι.

414 5653 530 5726 (41)
563 5653 789 5717 Senarii
822 5669 963 5718 sunt
992 5664 1053 5718 in
1079 5664 1303 5733 Graeco,
1340 5666 1443 5722 sed
1491 5665 1699 5737 quales
1752 5666 1998 5721 omnino

2113 5313 2414 5383 postrema
2437 5311 2578 5383 astas
2608 5308 2857 5383 protulit
2879 5323 2893 5373 ;
2918 5314 2975 5383 et
2996 5309 3167 5381 paulo
3189 5316 3322 5382 post
3351 5312 3455 5369 alii
3477 5317 3766 5383 sequntur

2113 5377 2428 5453 desolenet
2453 5377 2607 5435 luns.
2641 5379 2712 5453 Et
2740 5377 3021 5453 librarius
3051 5377 3371 5453 adnetavit,
3418 5377 3583 5438 τοῦτό
3613 5387 3703 5436 νῦν
3737 5382 3765 5435 ὁ

2111 5448 2284 5511 πολὺς
2330 5445 2628 5529 ᾅνθρωπος.
2669 5447 2941 5529 ἀνεμοδοῦ
2988 5449 3167 5529 καλεῖ,
3197 5445 3399 5529 ,γωεό
3448 5461 3767 5529 δυσφιειιθ

2111 5521 2443 5597 οηεῐξιοάιι,
2464 5522 2630 5597 quasi
2657 5521 2969 5597 ventorum
2997 5521 3159 5581 viam
3180 5521 3364 5597 dicas”,
3393 5528 3608 5583 vocari.
3635 5528 3764 5583 Χγτ.

2109 5599 2212 5651 AN.
2246 5589 2641 5665 ἀνεμοδοῦλιον
2669 5593 2698 5648 ?
