4144 6424
310 318 429 379 617

1452 318 1816 381 HISTORIA
1832 321 2008 383 RUM
2054 322 2581 389 COMPENDIUM
2594 372 2610 390 .

3618 327 3740 389 618

382 452 508 508 ’Ὀτι
540 451 568 506 6
606 449 938 530 Ξηρὸλοφος
995 449 1155 530 ἔργον
1204 452 1347 508 ἐστὶν
1402 449 1721 527 Ἀρκαδίου,
1777 453 1972 526 ὅμοιον

2153 460 2531 533 Xerolophus
2557 461 2794 518 Arcadii
2826 477 2976 532 opus
3029 466 3142 528 est,
3177 464 3342 517 tauro
3388 476 3494 533 per
3541 465 3747 519 omnia

316 541 457 595 κατὰ
486 539 664 595 πάντα
695 545 776 613 τῷ
805 540 1013 616 ταύρῳ.

383 632 509 687 ’Ότι
543 631 595 684 οἱ
627 629 917 708 ἐλέφαντες
949 631 1000 683 οἱ
1025 627 1078 684 ἐν
1114 633 1183 696 τῆ
1235 631 1422 705 Χρυσῇ
1453 630 1632 706 πόρτῃ
1688 629 1879 703 ὅμοιοί
1913 630 1985 684 εἷ-

315 738 403 772 σιν
434 717 508 771 ὧν
542 717 716 774 πάλαι
766 715 1055 779 Θεοδόσιος
1087 711 1305 788 ,ἐπιϐὰς
1364 716 1442 780 εἰς
1488 720 1591 788 τὴν
1652 716 1816 774 πόλιν
1878 717 1983 772 εἷσ-

319 807 355 877 ή
363 804 525 861 λασεν
537 851 550 863 .

362 896 459 953 ’Ὁ
515 893 675 959 αὐτὸς
729 893 893 973 μέγας
945 892 1236 961 Θεοδόσιος
1309 895 1613 967 ἐπεθύλησε
1656 890 1984 952 καταλαϐεῖν

319 984 396 1039 τὰ
422 982 807 1060 Ἰεροσόλυμα,
837 985 929 1040 καὶ
988 980 1427 1061 περιϐαλόμενος
1482 991 1676 1061 σχῆμα
1708 982 1985 1039 ἴδιωτικὸν

320 1073 494 1143 ἦλθεν
542 1072 596 1129 ἐν
639 1095 706 1149 τῃ
738 1073 891 1149 πύλῇ
922 1074 1022 1144 τὴς
1056 1074 1210 1148 ἁγίας
1243 1074 1617 1143 Ἀναστασίας,
1676 1073 1767 1129 καὶ
1821 1072 1989 1149 κρού-

324 1183 518 1224 σαντος
549 1158 734 1232 ἤνοιξέ
761 1184 845 1226 τις
890 1163 1205 1238 ὑπηρετῶν.
1268 1163 1489 1219 Πάντων
1524 1161 1582 1219 δὲ
1608 1169 1718 1219 τῶν
1766 1162 1987 1238 λύχνων

326 1247 680 1323 σϐεσθέντων,
712 1257 792 1325 τῷ
823 1251 1086 1308 εἰσελθεῖν
1117 1252 1208 1307 τὸν
1262 1252 1492 1326 βασιλέα
1521 1249 1792 1327 αἰφνίδιον
1823 1250 1987 1307 πάλιν

325 1340 647 1420 ἀντειροησαν
679 1343 753 1405 ὡς
798 1341 849 1396 ἐν
897 1342 1220 1420 πανηγύρει.
1253 1345 1313 1398 '0
1373 1341 1430 1398 δὲ
1488 1342 1733 1418 θυρωρὸς
1785 1339 1993 1398 ἐκπλα-

327 1453 443 1509 γεις
504 1432 787 1509 ἀπήγαγεν
860 1433 1023 1488 αὐτον
1080 1433 1218 1508 πρὸς
1280 1435 1534 1503 Ἰωάννην
1590 1432 1989 1508 τὸνξάρχιερέα.

326 1505 469 1579 Ὁδι
509 1519 578 1575 δι’
607 1505 779 1597 εὖχῆς
835 1524 919 1596 [ρ.
975 1505 1364 1600 324]’έπέγνω
1410 1523 1597 1595 αὐτὸν,
1643 1505 1756 1577 κάξ·
1786 1505 1993 1595 ἐμακά-

330 1631 473 1689 ρισεν
503 1609 610 1677 ὅτι,
666 1609 922 1686 βασιλεὺς
954 1606 1049 1679 ὥν,
1102 1610 1154 1667 ἐν
1185 1612 1422 1684 τοιούτῳ
1478 1613 1729 1687 σχήματι
1766 1611 1991 1688 παρεγέ·

327 1718 452 1760 vero
480 1707 853 1776 προσκυνῆσαι
883 1702 1009 1763 τοὺς
1042 1700 1233 1776 ἁγίους
1264 1701 1489 1764 τὸπους,

407 1880 581 1942 Οὗτος
614 1880 641 1934 6
677 1878 841 1956 μέγας
873 1876 1163 1943 Θεοδόσιος
1194 1880 1460 1955 πολεμῶν
1508 1884 1588 1953 τῷ
1618 1880 1861 1955 τυράννῳ
1891 1879 1990 1935 E6-

335 1968 524 2046 γενίῳ,
551 1969 725 2044 εὑρὼν
756 1969 1048 2042 εὖκτήριον
1082 1970 1133 2025 ἐν
1182 1969 1263 2043 τῷ
1311 1970 1448 2045 ὅρει,
1504 1966 1688 2024 ’ἐπ-,σεν
1747 1968 1835 2023 ἐπὶ
1892 1972 1993 2025 τοῦ

333 2056 565 2137 ἐδάφους
593 2058 801 2114 κλαίων
851 2058 944 2114 καὶ
1002 2059 1095 2114 τὸν
1142 2060 1270 2115 Θεὸν
1327 2058 1582 2114 ἱκετεύων
1634 2057 1991 2132 ἐπικουρῆσαι

332 2147 503 2221 αὐτῷ.
556 2149 655 2205 Καὶ
739 2147 931 2222 μικρὸν
981 2148 1278 2224 ἀφυπώσας
1339 2146 1387 2218 ἐξ
1447 2147 1681 2221 ἀθυμίας
1740 2147 1841 2223 όρᾷ
1895 2144 1991 2201 δύο

330 2237 479 2300 τινὰς
511 2236 594 2318 ἐφ’
625 2235 816 2301 ἵπποις
867 2237 1087 2300 λευκοῖς
1127 2237 1494 2312 καθημένους,
1526 2237 1791 2313 λέγοντας
1846 2235 1996 2308 αὐτῷ

331 2329 544 2402 θαρσεῖν
577 2325 668 2382 καὶ
697 2328 790 2382 τὸν
834 2328 1065 2402 στρατὸν
1098 2325 1382 2402 διεγείρειν
1440 2327 1520 2391 εἷς
1574 2325 1842 2400 πόλεμον.
1875 2331 1997 2383 Τῶν

332 2412 391 2471 δὲ
415 2415 682 2493 φανέντων
714 2417 742 2472 6
777 2417 871 2490 μὲν
905 2414 1085 2492 ἔλεγεν
1109 2417 1298 2473 ἑαυτὸν
1331 2415 1610 2488 Ἰωάννην,
1644 2417 1671 2471 ὁ
1704 2413 1762 2472 δὲ
1794 2414 1996 2472 Φίλιπ-

333 2523 440 2563 πον
460 2504 590 2569 τοὺς
623 2505 986 2569 ἀποστόλους.
1047 2505 1265 2578 Ταύτην
1296 2503 1354 2561 δὲ
1398 2507 1500 2576 τὴν
1561 2506 1745 2582 ὅρασιν
1779 2505 1872 2561 καὶ
1918 2507 1995 2566 εἷς

333 2596 444 2650 τῶν
472 2598 823 2671 στρατιωτῶν
881 2592 1012 2650 ἰδὼν
1040 2594 1349 2671 ἀπήγγειλε
1377 2599 1456 2667 τῷ
1491 2595 1729 2670 βασιλεῖ.
1764 2595 1863 2650 Καὶ
1902 2615 2003 2649 πο-

339 2680 515 2758 λέμου
542 2684 1004 2759 συγκροτηθέντος
1035 2683 1341 2761 προσιῤῥύη
1387 2685 1415 2739 ό
1464 2685 1691 2761 στρατός
1742 2688 1845 2741 τοῦ
1888 2684 1997 2743 Εὐ-

338 2774 523 2850 γενίυυ
551 2778 632 2846 τῷ
667 2772 904 2851 βασιλεῖ.
933 2780 1247 2850 Προηγεῖτο
1291 2770 1349 2829 δὲ
1405 2774 1457 2830 ἐν
1498 2778 1578 2847 τῷ
1635 2777 1848 2850 στρατῷ
1902 2777 2000 2828 τοῦ

340 2862 606 2940 Εὐγενίου
636 2866 672 2934 ἡ
732 2864 891 2920 εἰκὼν
940 2869 1039 2920 τοῦ
1086 2863 1407 2939 Ἡρακλέος,
1461 2861 1756 2920 Θεοδοσίου
1778 2861 1837 2917 δὲ
1869 2864 1897 2918 ὁ
1925 2864 2002 2917 τί·

348 2972 476 3027 μιος
508 2953 757 3026 σταυρὸς.
804 2955 925 3010 ’Ἔτι
975 2950 1032 3009 δὲ
1084 2947 1304 3026 ἔστησεν
1337 2954 1365 3008 ὀ
1400 2952 1656 3030 βασιλεὺς
1714 2950 2000 3013 Θεοδόσιος

343 3042 549 3098 καὶτὸν
580 3043 735 3098 κίονα
790 3047 892 3098 τοῦ
949 3042 1175 3120 ταύρου.
1230 3043 1415 3113 κτίζει
1473 3040 1530 3101 δὲ
1582 3042 1673 3098 καὶ
1730 3040 1895 3097 πόλιν
1947 3041 2002 3095 ἐν

345 3130 552 3206 Θρᾴκῃ,
586 3128 1017 3189 Θεοδοσιόπολιν
1052 3132 1350 3205 ὀνομάσας,
1380 3133 1480 3202 τήν
1512 3132 1638 3206 πρὶν
1688 3128 1994 3205 λεγομένην

344 3221 566 3295 Ἀπρων
598 3220 701 3276 ἀπὸ
730 3226 825 3278 τοῦ
854 3221 1137 3284 κτίσαντος
1168 3222 1336 3291 αὐτὴν
1394 3223 1513 3277 κατ’
1542 3221 1725 3296 ἀρχὴν
1756 3221 1994 3295 νΑπρου,

343 3307 404 3371 ὅς
428 3310 494 3380 ἣν
526 3311 775 3386 πενθερὸς
808 3311 1037 3387 Καρίνου
1092 3314 1230 3386 (42),
1291 3313 1350 3373 ὅς
1405 3312 1496 3365 καὶ
1553 3310 1763 3366 ἀνεῖλεν
1813 3309 1998 3364 αὐτὸν.

339 3400 558 3456 "Enna:
589 3397 646 3455 δὲ
666 3401 756 3455 καὶ
785 3399 966 3476 ἑτέραν
999 3400 1162 3456 πόλιν
1193 3398 1277 3455 ἐπ’
1299 3397 1532 3474 ὀνόμήτι
1556 3403 1657 3457 τοῦ
1689 3400 1812 3457 υἱοῦ
1833 3398 1999 3453 «6106

336 3484 796 3562 ’Δρκαδιόπολιν,
824 3490 888 3544 τὸ
921 3490 1049 3565 πρὶν
1079 3489 1417 3565 Βεργούλιον
1450 3488 1770 3566 λεγομένην.

409 3575 672 3653 Εὖγενίου
755 3580 1190 3651 τυραννήσαντος
1275 3577 1590 3656 ἀντιγράφει
1657 3579 1746 3633 καὶ
1806 3574 2001 3652 Ἀρϐά-

336 3686 533 3742 γαστος
566 3668 594 3722 6
625 3667 733 3723 ἀπὸ
766 3667 1035 3731 Γαλατίας
1084 3667 1178 3724 σὺν
1226 3667 1372 3741 αὖτῷ
1428 3674 1777 3743 τυραννῆσαι.
1806 3667 2001 3725 Ἀκού-

340 3777 437 3820 σας
467 3753 526 3812 δὲ
554 3755 607 3813 ἐν
635 3758 823 3833 Ῥώμῃ
852 3759 880 3812 6
914 3758 1108 3833 μικρὸς
1141 3756 1615 3828 Οὐαλεντινιανὸς,
1649 3758 1677 3812 6
1707 3761 1804 3812 τοῦ
1836 3757 2001 3832 μεγά-

341 3845 445 3902 λου
476 3845 926 3903 Οὐαλεντινιανοῖὶ
954 3853 1106 3917 παῖς,
1145 3846 1362 3925 ἀγχόνῃ
1390 3845 1689 3923 ἐχρήσατο.
1739 3846 2001 3903 Ἒσπευσε

342 3933 403 3990 δὲ
432 3936 460 3990 6
495 3935 659 4013 μέγας
682 3934 968 3998 Θεοδόσιος
1019 3936 1099 4000 εἷς
1157 3935 1432 4009 ἐκδίκησιν
1488 3934 1678 3993 «6106.
1724 3935 1913 4005 Ἐξιὼν
1943 3932 2003 3989 δὲ

340 4025 481 4080 κατὰ
503 4031 601 4082 τοῦ
628 4028 886 4103 τυράννου
918 4027 1180 4103 Εὐγενίου
1240 4025 1345 4084 οόλ
1405 4022 1515 4097 ἰδίᾳ
1548 4022 1706 4100 ἰσχύϊ
1763 4022 2002 4099 €032,567;-

341 4135 454 4184 σεν,
487 4116 728 4173 Ιωάννου
777 4113 834 4171 δέ
889 4136 1037 4179 τινος
1096 4115 1400 4194 Αἰγυπτίου
1454 4119 1700 4191 μοναχοῦ
1757 4113 2001 4191 μεγαλου

337 4207 442 4276 τήν
476 4201 681 4283 ῥάϐδον
710 4205 823 4262 ἀντὶ
881 4203 1130 4282 δόρατος,
1161 4207 1262 4276 τὴν
1292 4203 1547 4280 ἐπωμίδα
1580 4202 1638 4260 δὶ
1700 4204 1818 4260 ἀντί
1865 4203 2003 4279 κρά·

335 4316 467 4358 νους
510 4294 903 4371 ὁπλισάμενος,
958 4297 1098 4352 κατᾶ
1149 4296 1351 4373 κράτος
1408 4296 1501 4351 τὸν
1561 4294 1849 4369 ἀλιτήριον
1884 4311 2001 4368 χει-

338 4389 532 4462 ροῦται
563 4390 738 4455 ζῶντα
765 4387 857 4441 καὶ
889 4384 1017 4450 τοὺς
1037 4386 1130 4442 σὺν
1159 4386 1310 4458 αὐτῷ
1340 4383 1545 4442 ἀνεῖλε.
1577 4384 1730 4442 Μετᾶ
1790 4382 1849 4438 δὲ
1904 4384 2003 4452 τὴν

334 4473 496 4544 νίκην
527 4472 724 4532 τούτου
749 4472 1009 4540 εἰσελθὼν
1068 4474 1121 4529 ἐν
1177 4474 1368 4549 Ῥώμῃ
1422 4472 1684 4531 πλεῖστον
1739 4475 1809 4547 τῇ
1844 4470 2001 4527 πόλει

2090 550 2307 605 simile.

2161 639 2473 711 Elephanti
2497 641 2572 696 ad
2592 643 2849 696 Auream
2872 646 3107 712 portam
3130 640 3356 695 similes
3387 647 3528 697 sunt
3546 657 3749 698 eorum

2092 728 2308 799 quibus
2340 730 2484 786 olim
2516 732 2580 786 in
2610 732 2822 787 urbem
2855 731 3122 787 invectus
3154 730 3268 787 fuit
3297 730 3681 787 Theodosius.

2164 905 2328 962 Idem
2359 924 2611 981 magnus
2640 906 3007 963 Theodosius
3054 906 3469 978 Hierosolyma
3526 907 3753 963 intrare

2096 996 2346 1067 cupiens
2408 1014 2477 1052 eo
2528 996 2736 1052 habitu
2780 996 2995 1069 privati
3046 996 3310 1052 hominis
3370 1012 3432 1051 se
3480 996 3755 1062 contulit,

2094 1087 2376 1157 venitque
2409 1087 2485 1142 ad
2515 1092 2746 1158 portam
2794 1092 3013 1142 sanctae
3045 1086 3394 1142 Anastasius.
3425 1088 3568 1141 Eam
3617 1103 3755 1141 cum

2096 1176 2416 1247 pulsasset,
2494 1177 2750 1232 famulus
2807 1176 3049 1247 quidam
3104 1177 3355 1247 aperuit.
3413 1176 3557 1231 Cum
3616 1193 3753 1231 vero

2097 1282 2309 1320 omnes
2350 1264 2611 1320 lucernae
2664 1270 2864 1321 essent
2894 1265 3219 1331 exstinctae,
3255 1265 3630 1336 imperatoris
3661 1266 3756 1319 in-

2095 1356 2277 1411 troitu
2309 1357 2600 1412 universaa
2632 1373 2898 1412 accensae
2931 1355 3125 1411 subito
3158 1361 3316 1422 sunt,
3347 1362 3413 1411 ut
3444 1357 3504 1410 in
3537 1356 3756 1412 solem-

2096 1445 2304 1501 nitate.
2335 1447 2566 1501 Janitor
2594 1453 2795 1502 autem
2837 1446 3129 1501 attonitus
3177 1446 3467 1501 miraculo
3513 1463 3650 1501 eum
3682 1447 3756 1502 ad

2095 1536 2385 1591 Joannem
2418 1536 2762 1607 pontiﬁcem
2791 1536 3119 1591 maximum
3165 1535 3430 1591 adduxit.
3454 1536 3563 1601 Qui
3622 1552 3759 1591 eum

2099 1629 2167 1679 ut
2209 1629 2576 1697 agnosceret,
2636 1626 2826 1679 Deum
2892 1624 3192 1695 precando
3242 1629 3332 1680 est
3384 1628 3758 1691 consecutus,

2100 1712 2461 1784 beatumque
2492 1712 2835 1785 praedicavit
2864 1729 2877 1766 :
2908 1714 3009 1784 qui
3043 1730 3179 1767 cum
3212 1718 3371 1769 esset
3417 1714 3757 1786 imperator,

2021 1824 2067 1889 Β
2102 1802 2205 1858 tali
2236 1803 2447 1858 habitu
2476 1803 2734 1858 venisset
2762 1801 3073 1857 adoratum
3105 1818 3275 1858 sacra
3304 1801 3453 1857 loca.

2167 1891 2331 1946 Idem
2346 1891 2711 1946 Theodosius
2725 1890 2951 1945 bellum
2966 1906 3177 1962 gerens
3200 1896 3411 1945 contra
3427 1892 3755 1964 Eugenium

2098 1986 2439 2052 tyrannum,
2473 1981 2535 2035 in
2566 1985 2770 2035 monte
2803 1979 3128 2034 oratorium
3155 1996 3289 2034 cum
3319 1980 3663 2049 invenisset,
3696 1982 3760 2036 in

2096 2070 2501 2141 pavimentum
2535 2085 2664 2124 sese
2694 2069 3010 2139 prostravit
3057 2085 3125 2123 ac
3179 2068 3512 2140 lacrymans
3575 2072 3757 2126 Deum

2097 2174 2272 2230 opem
2313 2159 2603 2230 poposcit.
2657 2157 2800 2212 Inde
2861 2174 2995 2213 cum
3028 2174 3149 2228 praa
3181 2158 3366 2213 animi
3406 2158 3759 2231 aegritudine

2100 2247 2414 2320 paululum
2467 2247 2946 2313 obdormivisset,
3016 2245 3161 2301 vidit
3202 2247 3265 2300 in
3322 2248 3554 2303 somnis
3611 2249 3761 2304 duos

2101 2335 2392 2407 quosdam
2424 2334 2578 2391 albis
2610 2335 2778 2406 equis
2810 2333 3164 2404 insidentes,
3202 2351 3236 2390 a
3266 2335 3481 2406 quibus
3503 2336 3761 2409 jubeba-

2102 2431 2199 2480 tur
2230 2424 2385 2480 bono
2443 2440 2573 2480 esse
2625 2424 2826 2479 animo
2883 2428 2943 2478 et
2991 2423 3317 2479 exercitum
3370 2424 3444 2479 ad
3504 2442 3763 2498 pugnam
3865 2480 3869 2485 .

2102 2514 2382 2570 excitare.
2403 2515 2622 2569 Eorum
2654 2513 2806 2568 alter
2831 2529 2892 2568 se
2913 2512 3226 2581 Joannem,
3253 2513 3404 2567 alter
3422 2513 3765 2587 Philippum

2101 2602 2403 2675 apostolos
2418 2601 2829 2657 nominabant.
2848 2601 3008 2656 Idem
3036 2600 3272 2656 cuidam
3285 2602 3543 2658 militum
3574 2604 3764 2659 visum

2102 2689 2394 2762 apparuit,
2429 2689 2598 2759 isque
2624 2677 2751 2742 rem
2783 2686 3127 2758 imperatori
3156 2687 3450 2758 exposuit.
3483 2688 3765 2744 Commis-

2103 2796 2168 2834 sa
2197 2783 2397 2833 autem
2427 2793 2625 2850 pugna
2655 2775 2950 2831 exercitus
2982 2775 3225 2842 Eugenii
3256 2775 3331 2830 ad
3361 2777 3759 2834 Theodosium

2102 2868 2358 2924 transiit.
2406 2866 2687 2922 Anteibat
2716 2865 2869 2923 568
2903 2865 3145 2934 Eugenii
3181 2866 3505 2921 exercitum
3565 2867 3760 2941 imago

2104 2956 2371 3012 Herculis
2404 2997 2418 3022 ,
2471 2954 2786 3010 Theodosii
2837 2951 3175 3009 veneranda
3217 2970 3382 3009 crux.
3441 2955 3763 3013 Constituit

2104 3062 2280 3118 porro
2298 3044 2663 3100 Theodosius
2677 3042 3016 3098 columnam
3034 3042 3208 3097 tauri.
3235 3044 3305 3097 Et
3325 3043 3387 3097 in
3400 3044 3649 3101 Thracia
3662 3062 3765 3101 ur-

2108 3135 2245 3190 bem
2267 3133 2533 3189 condidit
2555 3149 2736 3204 quam
2766 3148 2800 3186 a
2831 3148 2894 3186 se
2924 3130 3421 3202 Theodosiopolin
3442 3133 3773 3188 nominavit

2114 3240 2249 3280 cum
2279 3226 2416 3278 ante
2464 3223 2667 3293 Apron
2728 3220 3027 3276 diceretur
3058 3219 3129 3275 ab
3177 3225 3418 3276 auctore
3452 3239 3557 3277 suo
3589 3225 3768 3294 Apro,

2113 3328 2316 3369 socero
2376 3310 2574 3366 Carini
2618 3315 2676 3365 et
2718 3308 2810 3364 sui
2868 3308 3070 3381 generi
3122 3308 3523 3366 interfectore.
3578 3311 3773 3367 Aliam

2109 3418 2345 3474 quoque
2377 3400 2588 3457 urbem
2620 3397 2906 3467 condidit,
2947 3415 3015 3454 ac
3048 3397 3117 3453 de
3144 3398 3251 3453 ﬁlii
3301 3400 3547 3455 nomine
3586 3402 3772 3457 Arca-

2109 3490 2400 3563 diopolim
2432 3489 2598 3557 dixit,
2631 3504 2769 3544 cum
2800 3493 2938 3543 ante
2979 3487 3381 3558 appellaretur
3408 3489 3767 3563 Bergulium.

2180 3582 2327 3636 Cum
2355 3579 2653 3652 Eugenius
2712 3576 3095 3649 tyrannidem
3126 3577 3462 3646 invasisset,
3515 3578 3777 3652 Arboga—

2110 3676 2236 3727 stus
2268 3670 2448 3725 etiam
2493 3668 2694 3724 Gallus
2742 3667 2972 3723 socium
3005 3683 3067 3722 se
3099 3667 3229 3737 ejus
3285 3667 3590 3738 tyrannidi
3621 3686 3775 3741 prae-

2108 3758 2259 3815 buit.
2291 3757 2357 3813 Id
2378 3773 2516 3813 cum
2546 3758 2746 3811 Romae
2778 3755 3143 3827 percepisset
3198 3755 3647 3813 Valentinianus
3671 3758 3774 3830 ju-

2108 3844 2263 3911 nior,
2307 3842 2707 3899 Valentiniani
2765 3841 2964 3915 magni
3027 3840 3207 3912 ﬁlius,
3263 3844 3583 3916 suspendio
3642 3862 3771 3902 sese

2107 3933 2226 3987 vita
2255 3931 2478 3989 eduxit.
2509 3930 2599 3985 Ad
2630 3946 2811 4001 quem
2834 3929 3245 3986 ulciscendum
3272 3930 3636 3989 Theodosius
3676 3950 3770 3988 ex-

2108 4022 2475 4095 peditionem
2506 4037 2746 4076 movens
2777 4037 2898 4075 non
2932 4026 3022 4075 est
3050 4020 3307 4091 propriis
3338 4021 3561 4079 viribus
3586 4025 3772 4079 confl-

2111 4129 2212 4168 sus
2236 4128 2250 4169 :
2279 4110 2384 4166 sed
2410 4109 2656 4166 Joannis
2688 4108 3001 4180 cujusdam
3028 4110 3278 4181 Egyptii
3309 4112 3509 4184 magni
3559 4130 3775 4171 mona-

2110 4200 2204 4256 chi
2235 4199 2515 4255 baculum
2546 4214 2651 4270 pro
2686 4198 2877 4263 hasta,
2923 4196 3224 4253 cucullam
3253 4216 3361 4270 pro
3392 4199 3562 4272 galea
3591 4219 3770 4257 usur-

2110 4307 2279 4362 pans,
2338 4287 2693 4361 Eugenium,
2752 4302 2902 4341 caaso
2953 4284 3082 4357 ejus
3114 4286 3429 4356 comitatu,
3461 4290 3663 4346 vivum
3714 4292 3778 4346 in

2111 4382 2467 4452 potestatem
2524 4375 2772 4448 redegit.
2806 4376 2853 4429 A
2883 4374 3132 4431 victoria
3187 4375 3490 4447 profectus
3534 4381 3782 4437 Romam

2113 4466 2378 4540 plurima
2406 4465 2467 4519 in
2494 4463 2704 4519 urbem
2727 4462 3021 4518 beneﬁcia
3067 4463 3345 4533 contulit,
3405 4465 3782 4539 abolevitque

338 4562 658 4640 ἐχαρίσατο,
688 4564 779 4619 καὶ
807 4563 875 4619 τὰ
905 4562 958 4619 ἐν
1015 4568 1135 4627 τοῖς
1189 4562 1538 4640 μαγκιπείοις
1569 4563 1683 4636 (43)
1738 4565 1847 4617 τῶν
1902 4580 1998 4615 κα-

2113 4554 2611 4613 consuetudinem
2668 4568 2786 4625 qua
2836 4551 3137 4624 mancipia
3177 4553 3240 4609 in
3299 4554 3428 4610 loco
3459 4554 3782 4614 bestiarum

337 4654 718 4709 ταπιπτόντων
755 4655 909 4725 ζώων
945 4655 1078 4730 ἄχρι
1108 4654 1435 4729 γήρωςῖτοῖς
1471 4650 1687 4726 μόλωσι
1720 4649 2005 4726 συγκλειο-

345 4742 524 4816 μένων
583 4743 673 4798 καὶ
758 4741 983 4814 ἀλήθειν
1043 4740 1517 4818 κατεπειγομένων
1592 4740 1858 4818 περιεῖλε,
1916 4739 2007 4795 καὶ

342 4832 447 4901 τὴν
477 4835 585 4888 τῶν
608 4832 1028 4908 μοιχευομένων
1068 4835 1335 4910 γυναικῶν
1398 4826 1575 4907 ὕϐριν,
1631 4832 1731 4900 τὴν
1766 4829 1816 4885 ἐν
1866 4849 2008 4904 πορ-

341 4918 489 4983 νείας
522 4918 611 4976 διὰ
637 4918 877 4985 κώδονος
909 4920 1315 4999 ἐλεγχομένην,
1346 4920 1656 4994 περιέκοψε.

419 5012 514 5083 Τῷ
548 5010 615 5065 ια’
646 5003 752 5067 ἔτει
795 5013 1022 5083 νικήσας
1056 5011 1307 5086 Μάξιμον
1361 5009 1454 5066 τὸν
1509 5007 1772 5084 τύραννον
1823 5007 2005 5063 ἀνεῖλε

344 5097 440 5157 καὶ
472 5096 864 5178 Ἀνδραγάθιον
896 5101 985 5157 τὸν
1020 5102 1323 5178 στρατηγὸν
1359 5099 1528 5157 αὐτοῦ
1558 5099 1632 5162 ὡς
1673 5098 2005 5176 φονεύσαντα

2120 4643 2502 4717 pereuntium
2533 4643 2599 4697 in
2635 4641 2883 4712 pistrina
2919 4641 3291 4699 dedebantur
3321 4649 3378 4699 et
3425 4645 3651 4703 molere
3682 4665 3782 4705 us-

2122 4759 2235 4814 que
2267 4741 2340 4797 ad
2374 4744 2743 4797 senectutem
2775 4738 3162 4813 cogebantur,
3196 4740 3459 4813 itemque
3504 4761 3638 4800 eam
3668 4763 3786 4817 qua

2120 4831 2530 4887 adulterarum
2562 4828 2883 4884 mulierum
2917 4829 3309 4886 scortationes
3357 4831 3512 4887 nolaa
3563 4834 3787 4891 tinnitu

2124 4918 2599 4993 publicabantur.

2172 5008 2498 5064 Undecimo
2514 5006 2996 5062 annoMaximum
3008 5011 3329 5080 tyrannum
3344 5009 3575 5065 necavit
3586 5015 3644 5066 et
3659 5011 3789 5084 ejus

2117 5099 2427 5171 copiarum
2449 5096 2660 5152 ducem
2684 5096 3177 5170 Andragathium,
3209 5102 3415 5170 utpote
3438 5098 3791 5157 interfecto-

1563 5227 1931 5284 XYLANDRI
1976 5228 2063 5283 ET
2103 5226 2321 5283 GOARI
2358 5224 2582 5280 NOTAE.

424 5355 538 5429 (42)
562 5357 687 5412 Imo
718 5355 1083 5427 Numeriani,
1113 5357 1219 5429 qui
1252 5353 1433 5429 hujus
1455 5355 1657 5429 frater,
1693 5354 1825 5409 Cari
1856 5354 2016 5410 ﬁlius

345 5426 483 5494 fuit,
511 5425 693 5500 gener
722 5429 896 5501 Apri:
932 5425 1150 5484 omnes
1165 5425 1453 5501 historici.
1507 5425 1619 5481 Sed
1680 5432 1741 5481 et
1768 5441 1900 5497 quaa
1932 5442 2020 5501 se-

347 5497 620 5570 quuntur
645 5503 728 5556 ita
757 5497 1011 5557 6bscura
1042 5505 1202 5564 sunt,
1236 5504 1303 5555 ut
1340 5500 1390 5555 si
1419 5515 1548 5555 rem
1577 5514 1700 5553 non
1730 5514 1840 5554 acu
1891 5497 2021 5553 teti-

345 5570 566 5641 berim,
600 5574 813 5629 saltem
846 5573 1083 5627 veniam
1111 5572 1313 5626 videar
1345 5571 1614 5627 meritus.
1662 5571 1803 5624 ΧΠ..

384 5642 539 5714 ,Α
600 5645 806 5701 Suidas
852 5661 865 5700 :
949 5640 1327 5714 ὰρτοπωλεῖον
1382 5643 1446 5696 τὸ
1494 5645 1803 5714 μαγκιπεῖοι

638 5661 806 5701 ιιιαειε
852 5661 865 5700 ε

633 5836 901 5900 Parnm.
947 5840 1063 5899 Ga.
1108 5832 1319 5898 CXXI.

949 5640 1337 5718 ὰρτοπωλεῖον
1382 5643 1446 5696 τὸ
1494 5645 1847 5718 μαγκιπεῖον-
1880 5638 2024 5718 ἐνΑῷ

348 5708 413 5766 οἳ
432 5708 597 5787 ’ἄρτοι
627 5715 890 5792 γίνονται.
924 5708 1053 5773 N6n
1094 5717 1456 5786 mancipium,
1496 5708 1615 5770 'sed
1638 5712 1873 5785 pistoris
1902 5708 2024 5781 ofﬂ-

2128 5354 2275 5419 cina,
2301 5353 2606 5424 pistrinum
2639 5352 2731 5404 est
2765 5353 3104 5424 μαγκιπεῖον.
3140 5353 3221 5424 Ex
3255 5370 3372 5424 quo
3416 5353 3613 5410 minus
3640 5352 3789 5409 ﬁde-

2129 5424 2250 5479 lem
2282 5424 2367 5478 sic
2396 5422 3041 5496 restituesversionem
3066 5437 3103 5496 εΔ
3130 5422 3474 5496 abolevitque
3502 5433 3795 5483 consuetu-

2131 5496 2334 5562 dinem,
2366 5511 2479 5564 qua
2508 5495 2568 5548 in
2591 5493 2881 5563 publicum
2931 5492 3235 5568 pistrinum
3262 5492 3505 5568 fort—uita
3552 5499 3793 5568 delapsa

2134 5574 2233 5622 aut
2285 5563 2415 5622 casa
2465 5568 2816 5638 occurrentia
2853 5563 3128 5638 animalia
3165 5566 3337 5621 molas
3387 5578 3553 5638 agere
3594 5563 3795 5626 ad'se-

2134 5644 2407 5695 nectutem
2438 5653 2607 5706 usque
2629 5636 2984 5706 cogebantur.
3018 5637 3194 5692 Goxn.

3439 5830 3520 5888 20
