4144 6416
381 323 500 383 619

1744 312 2064 382 GEORGII
2108 309 2445 376 CEDRENI

3690 323 3810 384 620

377 472 506 513 rem
538 456 821 514 Gratiani.
875 459 948 513 Ut
979 460 1225 514 Romam
1281 456 1458 522 venit,
1495 455 1649 512 ὅου
1709 453 2035 510 Honorium

2153 447 2466 521 Lpatiavov.
2503 444 2714 505 Ἐλθὼν
2753 445 2809 501 δὲ
2841 447 2917 511 εἷς
2939 449 3160 523 Ῥώμην
3178 444 3395 525 ἔστεψεν
3418 450 3685 525 Ὀνώριον
3715 474 3814 513 τον

379 546 571 602 lilium
604 563 776 602 suum
808 553 1155 602 coronatum
1188 547 1437 618 imperio
1470 544 1862 617 inauguravit.
1888 538 2031 597 Inde

381 632 934 707 Constantinopolin
967 648 1254 704 reversus,
1287 634 1627 708 postulante
1660 628 2031 689 Alexandriae

382 728 661 800 episcopo
719 726 1062 800 Theophilo,
1114 728 1313 782 omnia
1363 726 1651 783 falsorum
1718 725 2033 781 numinum

376 816 525 872 fana
556 817 730 889 dejici
764 823 823 872 et
850 817 1170 872 simulacra
1199 816 1448 872 conﬂari
1479 833 1546 871 ac
1605 816 1664 870 in
1696 829 2032 887 pauperum

375 920 519 961 usus
545 906 771 978 erogari
796 906 1039 961 curavit.
1073 907 1196 970 Quo
1221 912 1486 977 tempore
1518 905 1698 961 etiam
1722 901 2033 959 Marcellus

373 999 650 1068 Apameae
703 996 905 1067 (Syriae
965 995 1106 1051 urbs
1164 994 1277 1067 est)
1327 996 1645 1068 episcopus
1699 993 2035 1049 Graecanica

378 1084 599 1156 templa
619 1084 951 1140 demoliens
982 1100 1017 1139 a
1047 1085 1265 1140 Graecis
1297 1090 1389 1139 est
1428 1090 1691 1140 necatus.
1744 1086 2033 1138 Caeterum

381 1174 602 1245 templo
634 1174 933 1245 Serapidis
963 1173 1342 1229 Alexandriae
1373 1175 1674 1229 destructo
1722 1186 1902 1228 sacrae
1934 1170 2033 1225 lit-

378 1270 641 1320 terarum
674 1265 1101 1320 notteinventua
1124 1270 1263 1319 sunt
1293 1265 1486 1320 crucis
1515 1264 1725 1319 forma.
1757 1264 1868 1317 Eas
1900 1277 2034 1316 cum

379 1353 674 1409 vidissent
703 1355 918 1409 Grrecm
956 1353 1266 1426 religionis
1324 1353 1620 1416 homines,
1668 1350 1847 1406 iidem
1877 1350 2039 1405 Chri-

380 1445 636 1499 stianam
651 1444 907 1515 amplexi
948 1444 1383 1511 sunt,dicentes
1397 1442 1841 1515 hieroglyphico
1855 1455 2036 1496 sensu

378 1548 619 1588 crucem
662 1533 973 1605 designare
1028 1533 1207 1588 vitam
1264 1533 1805 1604 supervenientem.
1871 1530 2037 1585 Hune

385 1624 636 1695 Serapin
669 1622 770 1678 alii
826 1624 1025 1678 Jovem
1087 1638 1217 1678 esse
1276 1622 1610 1695 perhibent,
1657 1621 1758 1676 alii
1816 1620 2033 1685 Nilum,

386 1712 520 1768 ideo
550 1712 710 1782 quod
768 1712 1035 1767 modium
1093 1711 1269 1767 habet
1326 1712 1389 1766 in
1421 1712 1613 1783 capite
1645 1713 1703 1765 et
1747 1709 2035 1765 cubitum.

383 1804 499 1859 Alii
532 1805 681 1875 Apin
706 1802 1021 1875 quemdam
1051 1803 1216 1858 aiunt
1249 1803 1555 1859 hominem
1585 1802 1825 1857 divitem
1859 1800 2039 1856 fuisse

388 1894 449 1947 in
482 1893 740 1966 Egypto,
776 1893 875 1964 qui
902 1898 1149 1963 urgente
1182 1893 1335 1948 fame
1366 1891 1790 1947 Alexandrinis
1821 1890 1892 1945 de
1939 1906 2045 1945 suo

385 1982 889 2054 suppeditaverit:
922 1981 975 2036 ei
1009 1981 1288 2037 defuncto
1324 1982 1530 2037 fanum
1597 1982 1780 2036 fuisse
1838 1984 1897 2034 et
1935 1982 2049 2034 sta-

2150 537 2267 591 υἱὸν
2309 535 2471 591 αὐτοῦ
2531 534 2798 611 βασιλέα,
2855 538 2947 592 καὶ
3007 537 3240 610 ἀνῆλθεν
3301 538 3354 595 ἐν
3404 542 3816 600 Κωσταντινου-

2144 626 2327 683 πόλει.
2355 625 2456 684 Καὶ
2488 631 2590 685 τοῦ
2650 626 3060 706 Ἀλεξανδρείας
3106 629 3374 711 Θεοφίλου
3442 632 3811 708 αἰτησαμένου

2146 715 2211 769 τὰ
2242 716 2358 791 ἱερὰ
2385 716 2559 772 πάντα
2588 720 2697 773 τῶν
2729 716 3014 789 Ἑλλήνων
3048 719 3418 795 καθῃρέθησαν
3467 724 3559 778 καὶ
3618 724 3682 779 τὰ
3738 723 3809 780 εἶ-

2149 800 2302 859 δωλα
2359 803 2739 881 ἐχωνεύθησαν
2790 807 2882 861 καὶ
2925 807 3002 869 εἷς
3060 809 3250 885 χρείας
3308 813 3552 881 πενήτων
3616 810 3802 885 ἐδόθη.

2148 892 2285 949 Τὸτε
2311 892 2402 948 καὶ
2447 891 2777 970 Μάρκελλος
2828 896 2855 950 ὁ
2887 895 3180 952 ἐπίσκοπος
3211 899 3514 972 Ἀπαμείας
3552 906 3651 970 τῆς
3697 908 3805 958 Συ-

2151 979 2269 1056 ρίας
2303 982 2428 1045 ναὸς
2488 982 2854 1055 Ἑλληνικοὺς
2910 988 3293 1068 καταστρέφων
3355 987 3457 1044 ὑπὸ
3517 987 3803 1061 Ἑλλήνιον

2148 1070 2471 1147 ἀναιρεῖται.
2502 1076 2608 1129 Τοῦ
2640 1071 2697 1129 δὲ
2727 1077 2857 1130 ναοῦ
2904 1077 3003 1131 τοῦ
3064 1075 3378 1152 Σαράπιδος
3438 1075 3493 1133 ἰν
3554 1078 3801 1151 Ἀλεξαν·

2151 1158 2302 1235 δρείᾳ
2332 1161 2603 1236 λυομένου
2653 1163 3015 1242 ἱερογλυφικα
3065 1165 3363 1244 γράμματα
3407 1165 3595 1243 εὖρέθη
3654 1191 3810 1223 σταυ-

2154 1253 2249 1324 ροῦ
2276 1249 2444 1306 τύπον
2478 1249 2769 1326 ἐπέχοντα,
2801 1252 2935 1328 ἅπερ
2968 1253 3019 1307 οἱ
3051 1253 3101 1326 ἐξ
3157 1255 3445 1328 Ἑλλήνων
3480 1258 3805 1333 θεασάμενοι

2152 1337 2467 1395 ἐπίστευσαν
2502 1385 2515 1410 ,
2571 1340 2828 1416 λέγοντες
2896 1343 3178 1416 σημαίνειν
3228 1346 3321 1399 τὸν
3385 1344 3612 1422 σταυρδν
3670 1347 3810 1403 κατα

2152 1429 2252 1498 τὴν
2283 1433 2393 1485 τῶν
2422 1429 2828 1509 ἱερογλυφικῶν
2878 1436 2960 1506 [Ρ.
3022 1434 3148 1508 325]
3208 1435 3547 1511 γραμμάτιον
3603 1432 3810 1492 ἔννοιαν

2156 1520 2302 1587 ζωὴν
2330 1516 2729 1594 ἐπερχομένην.
2766 1524 2971 1579 Τοῦτον
3017 1522 3107 1577 τὸν
3163 1524 3400 1598 Σάραπιν
3455 1525 3509 1579 οἱ
3569 1526 3664 1597 μὲν
3722 1525 3814 1580 τὸν

2156 1608 2254 1663 Δία
2281 1610 2417 1664 εἶναι
2457 1608 2728 1685 λέγουσιν,
2757 1611 2809 1665 οἱ
2836 1607 2892 1665 δὲ
2921 1612 3015 1666 τὸν
3047 1609 3246 1669 Νεῖλον
3278 1609 3369 1667 διὰ
3397 1613 3458 1668 τὸ
3488 1615 3580 1669 τὸν
3616 1611 3810 1688 μὸδιον

2158 1694 2307 1772 ἔχειν
2337 1698 2390 1752 ἐν
2422 1702 2488 1772 τῇ
2508 1698 2719 1777 κεφαλῇ
2750 1699 2843 1754 καὶ
2896 1700 2989 1755 τὸν
3022 1704 3225 1776 πῆχυν.
3260 1701 3327 1759 Οἱ
3359 1698 3417 1757 δὲ
3458 1701 3624 1758 Ἀπίν
3686 1724 3811 1759 τινα

2156 1784 2439 1861 ἄνθρωπον
2473 1784 2702 1861 εὔπορον
2758 1787 2809 1842 ἐν
2866 1787 3125 1864 Αἰγύπτῳ
3179 1790 3478 1865 γεγονέναι,
3511 1793 3571 1855 ’ὸς
3603 1791 3655 1847 ἐν
3685 1814 3809 1848 και-

2156 1881 2233 1951 ρῷ
2264 1875 2436 1951 λιμοῦ
2462 1877 2521 1933 ἐκ
2548 1883 2656 1934 τῶν
2715 1876 2867 1934 ἰδίων
2925 1879 3216 1956 ἐπήρκεσεν
3274 1879 3729 1957 Ἀλεξανδρεῦσιν,
3764 1886 3811 1957 ᾦ

2151 1966 2241 2020 καὶ
2270 1965 2595 2024 τελευτῶντι
2624 1970 2752 2023 ναὸν
2778 1970 2871 2023 καὶ
2903 1967 3109 2040 στήλην
3160 1969 3475 2040 ἀνέστησαν·
3526 1972 3617 2027 καὶ
3679 1973 3810 2048 βοῦς

388 2076 553 2127 tuam
584 2072 859 2143 positam,
881 2072 1130 2142 ejusque
1161 2070 1367 2127 bovem
1392 2070 1630 2143 publice
1662 2070 1954 2125 nutritum
1979 2084 2038 2124 ac

2153 2056 2317 2110 αὐτοῦ
2348 2056 2622 2135 ἐτρέφετο,
2671 2058 2731 2113 ὃν
2756 2057 2848 2113 καὶ
2877 2059 3045 2115 Ἀπιν
3075 2057 3302 2116 ἐκάλουν
3364 2060 3679 2135 ὁμωνῦμως
3728 2066 3809 2134 τῷ

386 2142 616 2215 domini
647 2161 737 2215 sui
771 2159 1012 2215 nomine
1045 2161 1346 2216 aifectum.
1382 2142 1446 2215 id
1476 2161 1660 2215 fuisse
1706 2158 2038 2231 symbolum

2153 2142 2414 2221 δεσπότῃ.
2450 2142 2743 2219 Σῦμϐολον
2771 2148 2931 2210 οὗτος
2963 2151 3029 2217 ἦν
3088 2155 3184 2205 τοῦ
3226 2156 3490 2226 γεωργοῦ,
3551 2148 3811 2207 Μετωνό-

386 2249 825 2321 agricolaszsed
854 2252 912 2304 et
954 2247 1063 2303 viri
1096 2250 1224 2321 ejus
1266 2262 1486 2304 nomen
1526 2248 1588 2303 in
1633 2246 1901 2316 Gorasin,
1933 2252 2038 2302 sta-

2156 2254 2327 2307 μασαν
2361 2231 2420 2289 δὲ
2448 2236 2538 2289 τὸν
2572 2235 2858 2311 ἄνθρωπον
2889 2236 3091 2293 ἐκεῖνον
3136 2238 3226 2293 καὶ
3288 2239 3537 2313 Γόρασιν,
3571 2259 3661 2295 και
3696 2240 3803 2295 Σά-

308 2378 313 2383 -
389 2344 506 2394 tuae
535 2338 599 2392 in
642 2338 889 2409 Serapin
944 2340 1339 2394 mutaverunt.
1395 2336 1459 2393 In
1488 2337 1711 2409 templa
1740 2337 1920 2410 hujus
1949 2338 2038 2392 Se-

2156 2342 2312 2397 ραπιν
2343 2325 2443 2393 τὴν
2477 2324 2708 2394 στήλην.
2745 2327 2831 2381 Ἐν
2866 2329 2947 2398 τῷ
3004 2330 3117 2399 ναῷ
3146 2330 3275 2402 γοῦν
3330 2327 3527 2383 τούτου
3585 2326 3812 2405 ἄγαλμα

388 2426 614 2500 rapidis
644 2408 842 2482 statua
871 2423 986 2482 fuit
1014 2425 1225 2497 ingens
1265 2433 1441 2499 atque
1474 2408 1778 2493 terribilis,
1813 2408 2038 2482 diversa

2156 2411 2400 2486 μέγακαὶ
2434 2408 2664 2491 φοϐερὸν
2721 2414 2836 2469 οἶον
2887 2413 2948 2469 ἐκ
3001 2412 3263 2494 διαφόρου
3320 2417 3812 2490 κατεσκευασμένον

390 2533 461 2572 ex
492 2512 745 2572 materia
762 2522 1045 2572 constans
1076 2520 1135 2572 et
1165 2513 1393 2572 duabus
1416 2516 1694 2571 manibus
1734 2515 1881 2571 duos
1902 2523 2046 2571 tem-

386 2605 467 2678 pli
498 2622 701 2661 muros
734 2605 1048 2678 attingens.
1083 2604 1241 2661 Intra
1279 2607 1434 2662 hanc
1491 2604 1655 2662 aliud
1712 2606 1942 2672 fanum,
1966 2607 2044 2661 si-

388 2694 757 2764 mulacrum,
792 2701 850 2749 et
894 2701 1090 2751 statua
1150 2710 1334 2764 aenea,
1394 2708 1515 2751 non
1555 2695 1796 2768 magna.
1858 2695 2045 2767 Hujus

383 2782 560 2857 capiti
604 2785 926 2840 iunxerant
967 2784 1214 2854 ferrum,
1264 2791 1324 2840 et
1362 2801 1393 2840 e
1442 2786 1686 2858 regione
1745 2800 1926 2857 supra
1982 2783 2044 2840 in

382 2876 521 2931 tecti
553 2871 935 2947 laquearibus
966 2874 1227 2946 lapidem
1260 2881 1633 2947 magnetem;
1666 2874 1866 2946 itaque
1888 2874 2043 2932 510

389 2961 714 3018 effecerant
749 2966 818 3017 ut
870 2968 1065 3017 statua
1095 2960 1156 3017 in
1190 2977 1325 3018 aere
1383 2960 1683 3018 videretur
1732 2978 2041 3037 suspensa,

388 3064 586 3122 neque
618 3056 836 3106 terram
869 3055 1120 3125 tangens
1145 3067 1340 3123 neque
1367 3057 1611 3108 tectum.

454 3232 860 3293 lnteridolum
895 3239 954 3289 et
982 3233 1250 3290 indalma
1290 3232 1402 3291 hoc
1433 3236 1721 3290 interesse
1774 3234 2032 3304 noveris,

385 3326 543 3400 quod
574 3324 799 3381 idolum
832 3323 1061 3379 nullius
1124 3329 1212 3379 est
1241 3325 1327 3380 rei
1362 3323 1424 3379 in
1482 3330 1699 3379 natura
1756 3324 2044 3379 exstantis

384 3418 643 3489 signum,
675 3413 938 3469 indalma
968 3417 1167 3468 autem
1197 3412 1453 3484 alicujus
1484 3411 1837 3472 similitudo,
1865 3418 2041 3483 atque

385 3504 611 3575 eiﬂgies
641 3504 749 3557 rei.
782 3500 1014 3557 Idolum
1048 3507 1156 3568 est,
1191 3506 1255 3555 ut
1284 3498 1442 3556 verbi
1494 3501 1682 3573 gratia
1730 3501 2039 3574 Sphinges,

381 3593 685 3661 Centauri,
717 3591 880 3646 vultu
914 3592 1128 3646 canino
1156 3596 1259 3646 aut
1288 3591 1581 3662 capitibus
1631 3588 1866 3645 bovillis
1896 3607 2044 3661 prae-

2151 2498 2292 2572 ὺλης
2322 2500 2531 2574 ἵστατο,
2563 2504 2639 2565 ὡς
2696 2501 2976 2580 ἑκατέραις
3022 2506 3210 2581 χερσὶν
3269 2505 3533 2582 ἑκατέρων
3589 2505 3809 2588 ἔχεσθαι

2148 2595 2256 2646 τῶν
2283 2592 2515 2667 τοίχων.
2549 2590 2736 2649 Ἕνδον
2771 2592 2828 2649 δὲ
2851 2594 3047 2649 τούτου
3078 2594 3175 2650 τοῦ
3241 2595 3499 2672 μεγίστου
3558 2595 3809 2671 ἀγαλμα-

2148 2705 2243 2745 τος
2275 2681 2448 2745 ἀλλος
2462 2683 2587 2745 ναὸς
2617 2684 2707 2739 καὶ
2737 2682 2971 2739 εἴδωλον
3001 2683 3091 2740 καὶ
3125 2685 3310 2756 ξόανον
3333 2685 3639 2763 ἁπῃώρήτο
3663 2688 3811 2762 χαλ-

2147 2775 2301 2840 κοῦν,
2335 2773 2397 2828 οὗ
2442 2773 2581 2847 μέγα
2612 2772 2689 2833 δέ.
2715 2774 2927 2831 Τούτου
2957 2777 3028 2847 τῇ
3054 2779 3267 2853 κεφαλῇ
3298 2773 3523 2850 σίδηρον
3570 2774 3808 2853 ἐνείραν-

2148 2883 2257 2933 τες,
2287 2867 2406 2925 τοῖς
2437 2868 2760 2940 φατνώμασι
2794 2861 2851 2919 δὲ
2905 2868 3006 2934 τῆς
3046 2865 3238 2941 στέγης
3298 2862 3498 2930 ἄνωθεν
3544 2873 3807 2942 μαγνῆτιν

2148 2951 2304 3009 λίθον
2335 2954 2471 3009 κατὰ
2498 2954 2723 3017 κάθετον
2778 2951 3079 3027 ἐνθέμενοι,
3123 2953 3394 3030 μετέωρον
3451 2959 3647 3011 τοῦτον
3706 2957 3807 3011 τοῦ

2149 3042 2308 3119 ἀέρος
2368 3042 2578 3119 ἀφῆκαν
2639 3043 2864 3117 ὁρᾶσθαι
2920 3043 3287 3118 κρεμάμενον,
3341 3045 3433 3099 καὶ
3494 3042 3618 3100 οὔτε
3673 3053 3802 3121 γης,

2157 3132 2270 3187 οὔτ’
2299 3132 2471 3201 αὐτῆς
2502 3138 2603 3201 τῆς
2633 3131 2828 3207 στέγης
2858 3130 3249 3209 ἐφαπτόμενον.

2227 3221 2423 3278 ’ἰστέον
2481 3221 2563 3278 δτι
2630 3222 2693 3277 τὸ
2756 3222 2849 3295 μὲν
2904 3219 3132 3278 εἴδωλον
3189 3220 3448 3296 οὐδεμίαν
3510 3222 3803 3280 ὑπόστασιν

2151 3307 2294 3391 ἔχει,
2323 3312 2385 3367 τὸ
2417 3308 2464 3366 δ’
2491 3308 2731 3383 ίνδαλμά
2757 3312 2908 3373 τινός
2937 3309 3079 3367 ἐστιν
3119 3310 3384 3387 ὁμοίωμα
3435 3313 3524 3368 καὶ
3581 3311 3806 3369 ἀπεικά-

2151 3422 2339 3474 νισμα.
2374 3402 2470 3458 Καὶ
2499 3399 2732 3457 ε’ἰδωλον
2779 3400 2872 3473 μὶν
2906 3401 3166 3481 Σφίγγες,
3209 3401 3504 3478 Κένταυροι
3536 3399 3809 3476 κυνοπρό-

2152 3512 2307 3547 σωπα
2336 3490 2425 3547 καὶ
2459 3487 2792 3568 βουκέφαλοι
2823 3491 2990 3565 ἤγουν
3022 3492 3086 3547 τὰ
3121 3493 3197 3565 μὴ
3261 3493 3558 3571 ὑφεστῶτα,
3592 3495 3804 3567 ὁμοιώ-

2328 3578 2369 3599 λλ
2440 3584 2467 3596 ο
2530 3581 2543 3602 ε
2712 3582 2723 3600 1
2910 3580 2928 3599 9.
3246 3582 3273 3603 Ὗ
3440 3582 3451 3602 Ρ

2146 3601 2293 3652 ματα
2324 3596 2381 3636 οε
2399 3601 2505 3637 των
2524 3600 2845 3659 υφεστωτων
2879 3582 3199 3654 εικάσματα,
3216 3603 3331 3637 οιον
3353 3583 3541 3653 ἡλιου,
3566 3580 3802 3654 σελήνης

383 3680 529 3737 diti:
565 3696 634 3735 ea
683 3680 844 3734 enim
894 3692 1187 3749 nusquam
1244 3682 1401 3734 sunt.
1456 3678 1786 3733 Simulacra
1842 3684 2038 3734 autem

2153 3670 2379 3745 ἔστρων,
2420 3670 2741 3745 ἀνθρώπων,
2770 3673 3002 3748 θηρίων,
3053 3674 3293 3749 ἑρπετῶν
3321 3674 3412 3728 καὶ
3442 3678 3550 3729 τῶν
3583 3674 3800 3737 τούτοις

382 3774 522 3827 sunt
551 3774 616 3824 ut
648 3767 808 3837 solis,
829 3770 895 3823 ut
924 3764 1105 3834 lunae,
1138 3773 1205 3822 ut
1234 3773 1550 3838 astmrum,
1604 3772 1670 3823 ut
1700 3766 2036 3835 hominum,

2153 3759 2570 3835 παραπλησίων.

378 3859 664 3920 ferarum.
689 3858 1048 3929 repentium,
1081 3863 1139 3911 et
1177 3853 1431 3913 aliorum
1463 3856 1520 3911 id
1553 3870 1757 3931 genus.

443 3949 592 4004 Nota
622 3946 927 4005 Chaldaeos
958 3947 1176 4019 ignem,
1209 3950 1275 4002 ut
1304 3964 1421 4018 quo
1449 3962 1653 4002 omnes
1691 3964 1786 4004 res
1818 3964 2035 4005 consu-

2209 3944 2406 3999 ’ἰστέον
2441 3943 2524 3999 ὅτι
2554 3939 2832 4001 Χαλδαῖοι
2890 3943 2952 3999 τὸ
3008 3946 3118 4019 πῦρ
3151 3943 3224 4007 ὡς
3260 3943 3471 3999 πάντων
3530 3942 3801 4019 ἀναιρετι-

371 4042 635 4106 mantur,
684 4050 792 4109 pro
833 4037 952 4092 Deo
1007 4032 1285 4102 coluisse,
1313 4041 1370 4091 et
1430 4050 1638 4092 omnes
1693 4036 2031 4093 Graecorum

2153 4034 2227 4089 ιὸν
2285 4027 2555 4102 σέϐονται,
2601 4032 2692 4088 καὶ
2749 4031 2951 4094 πάντας
2980 4031 3107 4094 τοὺς
3139 4029 3430 4103 Ἑλλήνιον
3473 4032 3629 4096 θεοὺς
3659 4054 3798 4088 κατ-

372 4130 521 4187 Deos
559 4128 868 4185 remtasse.
902 4127 970 4182 lii
1002 4140 1139 4183 cum
1172 4127 1245 4182 ad
1277 4127 1495 4200 CanOpi
1530 4126 1709 4183 etiam
1753 4126 2029 4184 sacerdo-

2153 4119 2391 4199 δραμον.
2447 4120 2767 4197 Προσῆλθον
2822 4117 2878 4176 δὲ
2908 4120 2999 4177 καὶ
3054 4126 3134 4194 τῷ
3193 4124 3453 4185 Κάνωπος
3484 4123 3642 4195 ἱερεῖ,
3698 4111 3789 4178 καἲ

370 4228 489 4276 tem
520 4220 952 4292 pervenissent,
1004 4216 1054 4272 is
1102 4216 1206 4274 tali
1237 4235 1381 4273 usus
1415 4223 1505 4273 est
1559 4223 1712 4273 astu.
1770 4217 2024 4274 Situlam

2153 4211 2291 4274 ιῦτὸς
2326 4211 2639 4291 μηχανᾶταί
2678 4232 2731 4266 τι
2780 4214 3053 4268 τοιοῦτον.
3112 4208 3203 4275 Εἷς
3262 4211 3433 4267 τῦπον
3467 4211 3791 4287 ἀγάλματος

370 4308 616 4365 fictilem
648 4309 708 4363 in
730 4310 939 4365 statuae
972 4305 1227 4362 formam
1273 4307 1596 4380 apparavit,
1622 4322 1799 4378 quam
1830 4308 2021 4362 tenui-

2153 4299 2315 4378 ιδρίαν
2403 4300 2726 4378 ὀστρακίνην
2800 4302 3205 4366 κατασκευάσας
3269 4305 3488 4378 τρήσεις
3548 4303 3793 4374 ὒπέθηκε

368 4398 480 4454 bus
508 4395 901 4453 foraminibus
925 4412 1060 4451 cera
1083 4395 1339 4467 oppletis
1369 4400 1676 4467 peatusam
1716 4412 1872 4468 aqua
1911 4396 2019 4452 im-

2153 4392 2351 4459 .επτᾶς,
2385 4388 2445 4453 ἃς
2475 4396 2634 4467 κηρῷ
2665 4393 3000 4469 φραξάμενος
3031 4391 3123 4447 καὶ
3174 4393 3436 4468 χρώματι
3493 4391 3792 4463 καλλῦνας,

370 4486 617 4558 pluevit,
647 4483 1009 4555 inductoque
1041 4484 1239 4540 colore
1266 4488 1323 4539 et
1354 4489 1561 4540 statuas
1612 4484 1802 4557 capite
1834 4484 2023 4539 artiﬁ-

2153 4481 2363 4537 ταλαιοῦ
2393 4478 2713 4555 ἀγάλματος
2762 4481 3053 4555 ἀποτεμὼν
3114 4480 3361 4558 κεφαλὴν
3422 4481 3513 4537 καὶ
3547 4480 3791 4561 tempus.

366 4556 524 4630 ciose
554 4574 832 4645 imposito
864 4573 985 4648 igni
1018 4570 1297 4645 admovit,
1330 4574 1532 4647 itaque
1571 4556 1697 4630 vim,
1722 4573 1873 4647 ignis
1929 4590 2017 4629 re-

2153 4593 2224 4634 ἀς
2251 4575 2330 4643 τῷ
2359 4589 2535 4625 σκευει
2566 4568 2799 4649 εὒφυῶς,
2822 4571 2911 4627 καὶ
2944 4576 3025 4643 τῷ
3055 4572 3184 4646 πυρὶ
3212 4571 3575 4649 προσαγαγὼν
3609 4569 3788 4645 ’ἤλεγ-

360 4660 533 4729 fellit,
564 4660 851 4734 paulatim
882 4679 1050 4734 aquas
1082 4660 1323 4718 deﬂuxu
1358 4664 1654 4719 exstincti.

2158 4682 2209 4717 εν
2275 4660 2559 4731 αὖτοῦτὴν
2622 4660 2805 4741 ἰσχὺν,
2858 4662 2996 4718 κατὰ
3051 4662 3243 4740 μικρὸν
3310 4659 3398 4718 διὰ
3446 4666 3543 4720 τοῦ
3592 4659 3788 4725 ὕδατος

2128 4746 2547 4815 ἆποσόεσθέντος
2560 4795 2571 4807 .

432 4842 602 4897 Anno
634 4836 724 4897 sui
746 4838 980 4913 imperii
1016 4838 1082 4896 15
1114 4846 1173 4897 et
1204 4844 1269 4897 i6
1306 4838 1672 4897 Theodosius
1702 4838 1890 4918 legem
1921 4848 2013 4899 tu-

2195 4840 2286 4913 Τῷ
2321 4841 2381 4895 ιε’
2418 4841 2505 4896 καὶ
2549 4839 2612 4905 ις’
2640 4833 2746 4896 ἔτει
2797 4840 2962 4897 αὐτοῦ
3019 4839 3307 4905 Θεοδόσιος
3369 4841 3537 4917 νόμον
3588 4840 3787 4918 γράφει

361 4930 454 4996 lit,
491 4946 566 4984 ne
607 4945 723 5000 qua
755 4929 973 4984 mulier
992 4928 1065 4985 ad
1089 4929 1437 4985 diaconissae
1468 4945 1688 4986 munus
1714 4930 2017 5004 recipere-

2153 4936 2352 4986 ὐναῖκα
2377 4930 2453 4992 εἷς
2485 4927 2827 4986 διακόνισσαν
2865 4934 2939 5005 μὴ
2991 4926 3327 5007 προϐαίνειν,
3364 4931 3409 4987 εἷ
3462 4934 3537 5005 μὴ
3574 4926 3782 5007 ὑπερϐῇ

357 5026 455 5075 tur
482 5020 599 5076 nisi
632 5032 855 5075 annum
886 5020 955 5075 60
999 5034 1253 5092 egressa.
1304 5018 1523 5075 Eodem
1556 5036 1711 5075 anno
1758 5020 2015 5077 moritur

2156 5021 2187 5075 ὰ
2217 5019 2256 5090 ξ’
2278 5016 2398 5090 ἔτη.
2432 5020 2527 5092 Τῳ
2573 5018 2720 5091 αὐτῷ
2765 5014 2872 5075 ἔτει
2933 5017 3225 5077 ΙῙλακίλλα
3256 5023 3289 5091 ἡ
3318 5021 3529 5094 γαμετὴ
3581 5017 3781 5075 Θεοδο-

356 5109 604 5166 Placilia
632 5108 945 5166 Theodosii
967 5108 1253 5182 uxor,pia
1274 5115 1332 5164 et
1360 5124 1689 5182 pauperum
1723 5110 2010 5179 studiosa,

2153 5109 2241 5165 {ou
2272 5108 2570 5183 ἐκοιμήθη,
2632 5102 2858 5178 εὗσεϐἠς
2919 5108 3053 5165 οὖσα
3103 5109 3193 5166 καὶ
3253 5109 3636 5188 φίλὸπτωχος,
3696 5106 3776 5163 ol-

356 5218 487 5271 quae
520 5201 644 5255 suis
674 5201 950 5256 manibus
983 5200 1218 5274 mgrotis
1248 5204 1424 5270 atque
1456 5200 1611 5256 male
1640 5200 1853 5257 utiocto
1883 5216 2009 5257 cor-

2153 5199 2290 5264 είαις
2316 5199 2474 5274 χερσὶ
2505 5193 2714 5261 λωϐοῖς
2743 5198 2834 5253 καὶ
2866 5203 3115 5255 νοσοῦσιν
3143 5200 3511 5276 ὑπηρετοῦσα.
3542 5198 3775 5268 Ταύτης.

355 5307 499 5362 pore
526 5291 872 5346 hominibus
901 5291 1301 5346 ministrabat.
1354 5291 1540 5363 Hujus
1569 5295 1825 5347 statuam
1873 5308 2009 5346 con-

2153 5290 2206 5344 ὸν
2236 5285 2525 5365 ἀνδριάντα
2551 5285 2807 5361 κατέαξαν
2869 5289 2921 5343 οἳ
2980 5289 3296 5367 Ἀντιοχεῖς
3329 5286 3419 5344 διὰ
3470 5293 3538 5345 τά
3594 5286 3770 5343 ἐπιτε-

351 5378 658 5451 fregerunt
686 5376 1044 5436 Antiocheni
1075 5379 1150 5435 ob
1183 5378 1557 5437 exactionem
1589 5378 2000 5452 imperatoris,

2153 5376 2271 5435 έντα
2330 5372 2570 5450 δημόσια
2627 5377 2774 5453 παρὰ
2847 5381 2944 5433 τοῦ
3004 5375 3274 5453 βασιλέως
3328 5376 3509 5435 τελεῖν
3540 5377 3763 5441 αὐτούς.

350 5484 469 5539 qua
510 5470 660 5525 671
694 5469 771 5525 de
800 5486 864 5525 re
915 5471 1173 5526 Joannes
1202 5470 1684 5542 Chrysostomus,
1732 5485 1801 5525 eo
1850 5475 2002 5526 tem-

2153 5469 2251 5524 ’ότε
2278 5464 2368 5524 καὶ
2401 5468 2655 5537 Ἰωάννης
2708 5467 2738 5523 ὁ
2796 5466 3209 5543 Χρυσόστομος,
3269 5463 3643 5543 πρεσϐύτερος
3702 5462 3777 5522 ὧν

348 5571 492 5626 pore
522 5556 849 5612 Antiochiae
874 5557 1204 5629 presbyter,
1234 5558 1538 5614 mirandas
1565 5556 1756 5612 edidit
1783 5559 2003 5614 oratio-

2153 5554 2481 5633 ivzzoxstac,
2512 5554 2718 5629 λόγους
2750 5557 2875 5631 περὶ
2911 5555 3109 5612 τούτου
3170 5557 3515 5630 θαυμαστοὺς
3547 5556 3776 5626 ἐξέθετο,

349 5661 480 5713 nes,
509 5651 835 5700 statuarum
888 5644 1080 5702 titulo.
1111 5648 1275 5703 Tunc
1320 5649 1500 5704 etiam
1551 5647 1772 5702 idcirco
1822 5648 2003 5705 Thes-

2153 5647 2205 5710 ὗς
2231 5644 2549 5721 ἀνδριάντας
2607 5643 2894 5722 ἐπέγραψε.
2954 5645 3097 5704 Τότε
3154 5646 3244 5702 καὶ
3395 5644 3448 5700 ἐν
3504 5644 3777 5701 θεσσαλοσ
