4144 6416
376 358 495 423 631

1516 354 2075 419 ΗΙΞΤΟΗΙΔΒΠΜ
2119 356 2683 421 COMPENDIUM.

3689 354 3810 416 622

374 513 502 564 νικῃ
543 493 725 571 σφαγῆ
755 496 864 547 τῶν
902 492 960 547 ιε’
991 488 1261 548 χιλιάδων
1294 494 1390 553 τοῦ
1438 490 1575 547 λαοῦ
1608 491 1713 545 ὑπὸ
1746 486 2035 549 Θεοδοσίου

2165 493 2436 549 salonicm
2468 492 2832 547 Theodosius
2858 492 2923 545 15
2944 490 3256 546 hominum
3283 492 3472 551 millia
3494 492 3812 561 interfecit,

379 580 613 656 γίνεται,
644 580 736 636 καί
762 582 831 638 τὰ
877 582 1025 657 παρὰ
1077 584 1174 636 τοῦ
1233 579 1392 657 ἁγίου
1452 575 1793 654 Ἀμϐροσίου
1824 575 2047 632 ἐπισκόε

383 693 496 728 που
547 668 902 729 Μεδιολάνων
962 670 1038 733 είς
1096 670 1257 727 αὐτὸν
1315 668 1543 745 βασιλέα
1572 668 1904 744 πραχθὲντα.
1949 667 2047 724 Διὸ

383 761 480 817 καὶ
538 761 711 835 νόμον
773 759 1041 824 ἐκτίθεται
1095 765 1219 821 τοῖς
1275 756 1798 833 καταδικαζομένοις
1839 758 2048 829 θανάτῳ

383 847 425 919 ἤ
481 846 741 923 δημεύσει
801 848 1138 925 προθεσμίαν
1181 847 1229 904 λ’
1287 852 1509 924 ἡμερῶν
1546 849 1621 911 είς
1655 846 1932 922 διάσκεψιν
1966 844 2047 901 δί.

385 936 601 1003 δοσθαι.

463 1033 557 1102 Τῷ
601 1030 689 1103 [Ρ.
749 1030 874 1103 326]
936 1026 993 1084 δὶ
1047 1029 1195 1102 αὐτῷ
1247 1025 1353 1085 ἔτει
1409 1032 1508 1084 τοῦ
1557 1031 1813 1099 ποταμοῦ
1845 1025 2049 1083 Νείλου

388 1118 527 1174 κατὰ
553 1119 615 1174 τὸ
645 1112 768 1183 ἔθος
801 1120 878 1191 μὴ
910 1112 1212 1180 ἀναϐάντος
1267 1114 1493 1193 ἔχαιρον
1527 1117 1579 1171 οἱ
1606 1115 1900 1184 Ἓλληνες,
1959 1113 2050 1171 λέ-

386 1228 573 1278 γοντες
627 1205 804 1268 αἶ’τιον
833 1206 971 1264 εἶναι
1026 1202 1229 1265 τούτου
1287 1209 1351 1263 τὸ
1405 1205 1721 1276 κωλυθῆναι
1756 1203 1903 1260 θύειν
1930 1209 2049 1265 τοῖς

391 1302 536 1361 θεοῖς
567 1296 766 1353 αὐτῶν.
806 1297 978 1370 Ὅπερ
1036 1296 1222 1367 μαθὼν
1276 1296 1304 1349 6
1363 1290 1588 1365 εὐσεϐὴς
1624 1292 1877 1370 βασιλεὺς
1908 1293 2045 1353 εἶτεν

390 1388 486 1456 Μὴ
520 1384 734 1463 γένοιτό
765 1405 896 1442 ποτε
954 1385 1202 1459 ποταμὸν
1260 1384 1464 1457 θυσίαις
1520 1383 1780 1459 χαίροντα
1828 1382 1917 1443 ἐπὶ
1946 1383 2045 1450 τὴν

389 1474 958 1553 γῆνπλημμυρῆσαι.
1018 1474 1080 1532 Ὀ
1142 1472 1200 1535 δὲ
1255 1475 1387 1536 Θεὸς
1444 1477 1609 1535 τοῦτο
1650 1470 2047 1548 ἀποδεξάμενος

394 1565 667 1642 εὐλόγησε
707 1565 806 1633 τὴν
867 1559 1127 1625 ἀνάϐασιν
1184 1567 1280 1617 τοῦ
1333 1567 1607 1635 ποταμοῦ,
1639 1560 1777 1619 ὥστε
1809 1562 2046 1623 ἅπαντας

391 1653 523 1715 τοὺς
553 1655 671 1710 κατ’
702 1653 980 1731 Αἴγυπτον
1012 1648 1324 1731 φοϐηθῆναι
1352 1654 1428 1726 μὴ
1452 1654 1541 1713 καί
1570 1652 1741 1723 αὐτὴν
1772 1654 1871 1722 τήν
1895 1650 2052 1711 Ἀλε-

391 1742 669 1819 ξάνδρειαν
698 1742 1010 1819 κατακλύσῃ
1043 1746 1077 1813 ἡ
1110 1742 1425 1819 πλημμύρα
1453 1746 1552 1799 τοῦ
1578 1740 1793 1809 ὕδατος,

2158 588 2217 637 et
2247 582 2597 639 Ambrosius
2636 579 2953 637 Mediolani
3005 579 3320 651 episcopus
3371 597 3440 634 ea
3470 598 3602 635 cum
3634 582 3817 653 impe-

2161 677 2358 726 ratore
2382 672 2499 743 egit
2520 688 2651 742 quae
2684 669 3250 734 retulimus.Quibu
3275 674 3471 724 motus
3494 670 3818 740 imperator

2160 762 2353 834 legem
2413 762 2546 817 tulit
2590 778 2722 832 qum
2772 759 3266 833 recognoscendm
3299 760 3609 815 sententia)
3641 777 3819 819 causa

2159 851 2438 907 damnato
2472 850 2679 906 mortis
2711 855 2813 906 aut
2857 849 3275 922 publicationis
3307 850 3376 903 30
3406 849 3637 904 dierum
3669 849 3818 904 dila-

2160 941 2385 999 tionem
2417 938 2799 995 concedebat.

2232 1032 2309 1084 Eo
2342 1030 2472 1101 ipso
2500 1045 2679 1098 anno,
2705 1044 2842 1084 cum
2863 1028 3025 1084 Nilus
3048 1046 3154 1099 pro
3186 1045 3350 1083 more
3382 1045 3504 1084 non
3532 1029 3820 1085 exundas-

2163 1125 2271 1188 set,
2304 1119 2485 1174 Graeci
2519 1118 2638 1173 laati
2691 1119 2843 1173 hanc
2876 1118 3156 1173 dixerunt
3211 1135 3337 1174 esse
3369 1135 3631 1188 causam,
3657 1120 3816 1190 quod

2161 1209 2275 1263 diis
2307 1209 2430 1264 suis
2461 1209 2796 1263 sacrificare
2827 1208 3210 1263 interdictum
3242 1208 3388 1278 ipsis
3420 1214 3595 1263 esset.
3628 1211 3816 1264 Thoo-

2161 1298 2365 1353 dosius
2396 1315 2604 1355 eorum
2636 1314 2913 1353 sermone
2945 1297 3178 1368 cognito
3207 1313 3220 1351 :
3254 1298 3439 1365 Absit,
3475 1297 3577 1365 ait,
3610 1304 3675 1352 ut
3704 1299 3818 1353 ilu-

2161 1389 2287 1444 vius
2319 1388 2628 1449 sacriﬁciis
2656 1387 2919 1460 gaudens
2943 1393 3161 1447 terram
3184 1386 3404 1457 irriget.
3432 1389 3583 1443 Deus
3614 1393 3813 1445 autem

2162 1478 2221 1535 id
2252 1478 2382 1549 ejus
2408 1495 2764 1549 responsum
2790 1479 2872 1534 ita
2896 1478 3166 1549 probavit
3195 1482 3260 1535 ut
3291 1477 3485 1534 Nilum
3509 1478 3811 1535 exundare

2156 1568 2406 1640 jusserit
2437 1569 2583 1625 adeo
2614 1574 2680 1625 ut
2709 1569 2968 1625 universi
2998 1568 3247 1640 zEgyptii
3288 1568 3351 1623 in
3383 1574 3609 1625 metum
3637 1586 3817 1624 vene-

2162 1660 2304 1728 rint,
2336 1677 2409 1716 ne
2470 1659 2658 1731 ipsam
2719 1676 2955 1730 quoque
3013 1657 3435 1715 Alexandriam
3484 1658 3671 1715 eluvio
3702 1659 3816 1715 ista

2162 1748 2455 1820 perderet.

466 1834 554 1895 Ἐν
587 1830 912 1906 Μεδιολάνῳ
945 1831 1289 1907 ὑπάρχοντος
1316 1836 1413 1887 τοῦ
1447 1830 1718 1907 βασιλέως
1752 1829 2043 1891 θεοδοσίου

2228 1841 2378 1894 Dum
2413 1837 2729 1894 Mediolani
2763 1836 2924 1909 degit
2951 1834 3335 1903 Theodosius,
3366 1836 3605 1893 interim
3627 1839 3815 1894 Juduzi

393 1924 445 1979 οἱ
486 1921 548 1978 ἐκ
601 1919 1232 1985 Κωνσταντινουπόλεως
1301 1918 1579 1991 Ἰουδαῖοι,
1610 1918 1670 1977 ἐκ
1699 1920 2039 1996 προστάξεως

390 2012 705 2088 Ὁνωράτου
744 2010 1011 2089 ἐπάρχου,
1049 2011 1364 2088 συναγωγὴν
1421 2008 1478 2071 ἓν
1536 2016 1652 2072 τοῖς
1711 2008 2042 2084 Χαλκοπράι-

392 2124 508 2166 τοις
542 2100 769 2156 πολλῶν
795 2098 1074 2155 ταλάντων
1128 2098 1462 2181 εἷ’ργάσαντο.
1511 2104 1628 2155 Τῶν
1687 2097 1743 2155 δὲ
1775 2102 2041 2177 Χριστια-

387 2197 495 2249 νῶν
530 2189 960 2269 δυσφημούντων
994 2190 1131 2245 κατὰ
1167 2193 1263 2243 τοῦ
1296 2188 1562 2264 ἐπάρχου,
1595 2188 1754 2252 αὐτὸς
1788 2189 1848 2249 ού
1880 2211 2043 2265 προσ-

391 2283 567 2357 έσχεν.
605 2281 672 2351 ἦν
722 2281 822 2357 γάρ
878 2276 1114 2353 Ἕλλην.
1172 2282 1289 2355 Πῦρ
1348 2280 1439 2333 οὗν
1491 2274 1820 2353 ἐμϐαλόντες
1854 2281 2045 2347 νυκτὸς

389 2371 590 2441 ταύτην
646 2371 998 2424 κατέκαυσαν.
1060 2367 1260 2447 Γράφει
1315 2371 1483 2424 τοῦτο
1542 2368 1568 2421 6
1625 2364 1865 2444 ἔπαρχος
1909 2369 2043 2444 πρὸς

392 2456 710 2530 Θεοδόσιον,
769 2455 1015 2535 ἐγκαλῶν
1068 2462 1185 2527 τοῖς
1245 2455 1522 2518 πολίταις·
1566 2457 1594 2511 6
1627 2454 1683 2513 δὲ
1732 2457 1902 2533 ὁρίζει
1946 2464 2042 2530 ζη,

398 2549 524 2623 μίαν
559 2549 858 2613 ὓποστῆναι
915 2547 1042 2608 τοὺς
1098 2550 1266 2601 τοῦτο
1325 2544 1621 2622 δράσαντας
1649 2548 1735 2604 καί
1764 2550 2043 2619 κτισθῆναι

394 2641 494 2715 τὴν
528 2640 873 2716 συναγωγήν.
922 2637 1366 2717 Ιίροσιρεύγουσιν
1427 2638 1478 2692 οἱ
1537 2636 1761 2695 πολῖται
1791 2640 1926 2715 πρὸς
1956 2640 2047 2695 τὸν

401 2730 568 2807 μέγαν
631 2723 991 2805 ’Λμϐρόσιον,
1050 2728 1112 2787 Ὀ
1173 2726 1231 2781 δὲ
1289 2734 1387 2801 τῆς
1447 2728 1640 2805 ἑορτῆς
1670 2733 1777 2783 τῶν
1813 2730 2048 2806 Χριστοῦ

396 2819 690 2895 γενεθλίων
723 2818 980 2888 ἐνστάσης
1036 2817 1128 2871 καὶ
1182 2820 1279 2871 τοῦ
1336 2814 1607 2894 βασιλέως
1640 2815 1848 2875 εἷ’σοδον
1882 2821 2048 2890 ποιή-

398 2921 586 2977 σασθαι
644 2908 967 2983 μέλλοντος,
1036 2905 1357 2987 δημηγορεῖ
1412 2909 1440 2961 6
1502 2906 1672 2989 μέγας
1717 2903 2050 2982 Ἀμϐρόσιος

399 2997 561 3073 ὀλίγα
592 3001 701 3073 (44)
736 2997 830 3071 μὲν
864 2994 989 3072 περὶ
1017 3001 1119 3067 τῆς
1151 2996 1363 3069 ἑορτῆς,
1413 2994 1481 3048 τὰ
1524 2992 1703 3049 πλείω
1736 2992 1792 3050 δὲ
1822 2999 1918 3050 τοῦ
1952 2998 2050 3072 βα.

400 3083 597 3150 σιλέως
626 3085 1036 3159 καθαπτόμενος
1089 3085 1362 3165 σςροδρῶς,
1419 3083 1634 3162 φάσκων
1679 3084 1850 3146 οὕτως
1883 3085 1957 3148 ὡς
1994 3084 2048 3141 ἐκ

2155 1928 2256 1998 qui
2301 1927 2466 1998 Cpoli
2516 1926 2811 1992 vivebant,
2864 1925 3145 1982 mandato
3196 1926 3479 1981 Honorati
3525 1928 3811 1997 praefecti,

2148 2017 2354 2073 multis
2376 2016 2615 2073 talentis
2634 2021 3008 2073 constantem
3027 2016 3090 2070 in
3104 2015 3492 2086 Chalcoprato
3510 2016 3814 2071 mdiﬁcant

2151 2124 2526 2180 synagogam.
2562 2106 2882 2165 Prmfeetus
2908 2121 2941 2160 a
2970 2105 3323 2163 Christianis
3354 2104 3483 2176 ejus
3513 2105 3596 2160 rei
3631 2122 3811 2161 causa

2150 2197 2517 2269 objurgatus,
2547 2200 2753 2267 utpote
2785 2196 2997 2251 Graeca)
3030 2193 3335 2266 religionis
3366 2198 3640 2261 sectator,
3676 2196 3809 2250 ani-

2148 2304 2315 2347 mum
2345 2287 2430 2342 eis
2459 2303 2581 2347 non
2611 2285 2880 2341 advertit.
2932 2286 3136 2355 Itaque
3193 2283 3233 2339 ii
3293 2288 3472 2345 noctu
3511 2300 3642 2340 eam
3674 2284 3807 2355 igne

2151 2377 2370 2449 injecto
2403 2380 2689 2435 cremant.
2716 2374 3035 2431 Praefectus
3068 2389 3135 2429 eo
3169 2372 3238 2433 de
3270 2371 3423 2434 facto
3451 2372 3524 2429 ad
3556 2373 3810 2445 impera-

2152 2470 2345 2523 torem
2376 2464 2602 2534 scribit,
2660 2462 2813 2519 cives
2873 2480 3179 2531 accusans,
3235 2462 3631 2534 impetratque
3664 2469 3730 2521 ut
3761 2464 3809 2518 is

2148 2555 2359 2628 jubeat
2393 2552 2667 2613 mulctari
2713 2553 2870 2613 cives
2928 2557 2986 2606 et
3036 2551 3198 2607 refici
3232 2567 3608 2623 synagogam.
3643 2551 3814 2611 Cives

2155 2659 2327 2715 opem
2358 2642 2653 2705 Ambrosii
2688 2641 3029 2712 implorant.
3054 2642 3107 2697 Is
3130 2657 3263 2695 cum
3288 2640 3441 2699 572
3473 2640 3814 2697 natalitium

2156 2732 2372 2793 Christi
2404 2732 2621 2791 festum
2677 2736 2911 2802 tempus
2970 2728 3323 2797 advenisset,
3357 2745 3490 2801 rege
3524 2729 3816 2799 templum

2157 2824 2447 2895 ingresso,
2473 2838 2662 2893 pauca
2685 2820 2961 2892 qumdam
2987 2819 3059 2873 de
3084 2835 3152 2873 ea
3178 2818 3555 2875 solemnitate
3588 2820 3819 2874 concio-

2158 2919 2331 2973 natus
2354 2911 2645 2982 majorem
2664 2908 2953 2969 orationis
2974 2912 3202 2980 partem
3221 2907 3439 2962 acriter
3456 2907 3816 2977 increpando

2158 3003 2581 3073 imperatorem
2606 2999 2948 3072 insumpsit,
2982 2998 3064 3053 ita
3112 2996 3172 3052 in
3232 2997 3333 3051 Dei
3394 3014 3649 3068 persona
3679 3014 3817 3052 eum

2161 3092 2568 3164 compellans:
2602 3093 2804 3145 Nonne
2839 3095 2895 3144 te
2928 3105 3033 3161 ego
3065 3087 3138 3142 de
3170 3092 3406 3157 pastore
3434 3088 3652 3154 ovium,
3675 3088 3820 3147 insi-

400 3177 696 3250 προσώπου
720 3179 815 3230 τοῦ
848 3178 1002 3231 Θεοῦ·
1045 3172 1159 3230 Ούκ
1203 3172 1313 3249 ἐγώ
1368 3194 1433 3227 σα
1487 3174 1718 3247 ποιμένα
1749 3174 1876 3230 ’ὀντα
1908 3194 2045 3249 προ.

406 3262 436 3281 Ι,
457 3265 466 3279 Ι
623 3262 668 3281 ’β
806 3267 828 3281 n
996 3267 1020 3278 υ
1132 3263 1153 3281 Ἶ
1395 3263 1407 3281 Ι
1575 3259 1599 3281 Ἰ
1615 3278 1621 3281 .
1677 3258 1707 3281 ρ
1906 3264 1920 3281 \
2019 3268 2043 3279 εν

2165 3183 2462 3238 diantibus
2495 3186 2785 3252 ereptum,
2808 3178 3013 3251 populi
3046 3177 3161 3232 mei
3196 3181 3492 3248 pastorem
3525 3194 3593 3232 ac
3626 3178 3817 3248 impe-

403 3262 578 3320 ϐάτων
618 3262 890 3335 ἐξοπισθεν
953 3267 1064 3319 τῶν
1132 3263 1522 3338 λοχευομένων
1573 3258 1791 3334 ἔλαϐον,
1833 3264 2048 3319 καὶτοῦ

399 3355 536 3412 λαοῦ
569 3377 673 3430 μου
706 3355 941 3427 ποιμένα
988 3353 1079 3408 καί
1141 3352 1368 3428 βασιλέα
1423 3354 1765 3423 autem“;
1797 3354 1911 3410 Οὔκ
1942 3353 2051 3428 ἐγώ

399 3467 495 3502 σου
549 3447 649 3514 τήν
705 3442 950 3522 κεφαλήν
1006 3442 1308 3521 αὐχμῶσαν
1365 3442 1457 3496 καὶ
1506 3446 1832 3521 φθειριῶσαν
1860 3447 2053 3519 χρυσῷ

401 3538 647 3611 στεφάνῳ
707 3531 1167 3590 κατεκαλλώπισα
1224 3533 1313 3587 καὶ
1370 3532 1550 3603 ταινίᾳ
1606 3533 2054 3609 χρυσοπορφύρῳ

399 3624 727 3699 ἐκόσμησας
787 3623 891 3683 Καὶ
941 3620 1034 3677 ’ἶνα
1090 3621 1141 3675 τί
1199 3621 1328 3683 τοὺς
1387 3621 1617 3700 σφαγέας
1668 3627 1765 3677 τοῦ
1795 3624 1915 3677 υἱοῦ
1950 3644 2053 3696 μου

400 3716 733 3790 προκρίτους
789 3709 933 3789 ἂίγεις
990 3711 1078 3765 καὶ
1157 3710 1247 3765 τὸν
1299 3709 1428 3783 ἐμόν
1486 3710 1617 3766 λαὸν
1671 3711 2053 3786 κατατρύχεις,

404 3803 758 3874 ποινηλατῶν
785 3798 884 3870 τὴν
932 3798 1310 3876 κληρονομίαν
1374 3818 1517 3873 μους
1576 3800 1680 3855 Καὶ
1713 3802 1741 3855 6
1775 3799 2054 3877 βασιλεύς·

402 3893 468 3949 Τί
497 3897 694 3959 ποιεῖς,
727 3891 1024 3959 ἐπίσκοπες
1055 3891 1169 3960 Τὴν
1216 3887 1408 3962 ἑορτὴν
1455 3886 1773 3944 καταλιπὼν
1806 3888 1945 3960 ὅλην
1974 3889 2055 3944 ἐπ’

404 3984 504 4057 ἐμὲ
532 3986 631 4059 τὴν
664 3980 1014 4059 δημηγορίαν
1065 3979 1404 4053 ἐξήρτησαςς
1448 3980 1550 4036 Καὶ
1609 3980 1636 4034 ὁ
1699 3975 2051 4052 Ἀμϐρόσιος·

403 4071 482 4129 Ού
512 4072 650 4133 κατὰ
689 4075 806 4140 σοῦ,
871 4067 1121 4146 βασιλεῦ,
1153 4067 1283 4123 ἀλλ’
1345 4069 1478 4145 ὑπὲρ
1536 4072 1650 4123 σοῦ.
1684 4068 1745 4123 Τί
1776 4069 1879 4144 γὰρ
1910 4062 2057 4125 ἔσται

401 4166 750 4237 Χριστιανοῖς
782 4158 923 4215 ἄλλο
984 4156 1311 4234 δεινότερον,
1359 4158 1452 4212 ἳνα
1504 4158 1592 4212 καὶ
1624 4155 1897 4215 Ἰουδαίων
1935 4180 2058 4213 συν-

403 4251 624 4327 αγωγὰς
682 4250 1062 4325 ἆπαρτίζωσι;
1122 4248 1227 4304 Καὶ
1287 4249 1315 4302 6
1376 4246 1652 4321 βασιλεύς’
1716 4249 1819 4304 Καὶ
1852 4246 2058 4304 δίκαιόν

403 4342 546 4396 ἐστιν
574 4342 666 4397 ’ίνα
695 4341 725 4394 6'
753 4339 843 4394 ἐὰν
875 4336 1002 4409 δόξῃ
1059 4335 1225 4410 δήμῳ
1257 4334 1471 4409 ἀτάκτῳ
1525 4335 1612 4391 ἐπὶ
1665 4335 1925 4413 βασιλικῇ
1956 4338 2058 4393 πό-

406 4430 490 4486 λει
523 4430 914 4505 κατεργάζηται
944 4445 957 4494 ;
990 4427 1087 4481 Καὶ
1147 4427 1176 4483 6
1232 4420 1587 4500 Ἀμϐρόσιοςο
1645 4427 1745 4483 Καὶ
1778 4431 1940 4482 τοῦτο
1973 4426 2060 4482 δίη

403 4520 558 4575 καιόν
616 4518 751 4591 ἐστι,
813 4514 1084 4592 βασιλέων
1144 4510 1541 4585 θεοσεϐέστατε,
1589 4513 1665 4569 Ἷν²
1718 4517 1807 4570 Et!
1841 4515 2059 4580 πόλεως

2161 3278 2423 3329 ratorem
2455 3270 2782 3327 constitui?
2806 3271 3012 3324 Nonne
3045 3271 3220 3339 caput
3252 3272 3416 3322 tuum
3450 3266 3723 3337 squalore
3757 3272 3816 3321 et

2163 3363 2451 3441 pediculis
2482 3361 2744 3425 deforme
2777 3376 2958 3421 aurea
2987 3374 3208 3413 corona
3238 3356 3509 3411 redimiri
3548 3373 3617 3411 ac
3639 3356 3819 3412 uenia

2164 3470 2306 3509 auro
2341 3466 2720 3531 purpuraque
2753 3448 2971 3519 insigni
3031 3445 3357 3503 exornavi?
3413 3448 3602 3515 Quare
3636 3445 3818 3516 igitur

2164 3542 2291 3603 Filii
2328 3542 2442 3601 mei
2477 3539 2883 3595 interfectores
2932 3537 3158 3608 primas
3214 3540 3311 3590 tuo
3354 3534 3581 3607 judicio
3614 3537 3821 3589 tenent

2164 3633 2585 3712 partes‘.’Quare
2606 3629 2889 3705 populum
2910 3644 3108 3689 meum
3128 3625 3606 3680 ethmrcditatem
3626 3641 3820 3683 meam

2166 3722 2369 3779 multis
2421 3720 2625 3778 atteris
2646 3720 2672 3774 ’ἶ
2694 3718 2781 3775 Ad
2813 3719 2938 3773 haec
2968 3717 3331 3787 imperator:
3366 3714 3518 3779 Quid
3546 3713 3689 3787 agis,
3722 3714 3812 3768 in-

2167 3812 2315 3887 quit,
2350 3811 2649 3882 episcope,
2710 3808 2812 3879 qui
2873 3806 3266 3871 solemnitatis
3325 3805 3546 3861 omissa
3574 3805 3827 3861 materia

2168 3906 2351 3957 totam
2400 3900 2461 3954 in
2505 3915 2599 3959 me
2657 3897 2859 3970 dirigis
2915 3895 3248 3957 orationem
3270 3894 3296 3948 ‘2
3353 3895 3479 3949 Non
3511 3892 3825 3949 adversum

2169 3996 2245 4056 te,
2280 3988 2479 4058 inquit
2500 3985 2867 4048 Ambrosius,
2886 3984 2988 4039 sed
3012 4001 3115 4055 pro
3142 3990 3195 4036 te
3218 3983 3329 4038 hoc
3358 3982 3455 4036 ﬁt:
3491 3981 3633 4058 quid
3662 3982 3824 4036 enim

2165 4078 2401 4150 gravius
2423 4077 2482 4129 in
2504 4075 2870 4129 Christianos
2889 4074 3082 4143 potuit
3104 4072 3279 4126 statui
3306 4088 3484 4141 quam
3507 4076 3572 4124 ut
3590 4069 3825 4124 Judmo-

2168 4184 2301 4222 rum
2334 4180 2659 4236 synagogas
2716 4161 3033 4217 reficiant?
3088 4163 3232 4214 Tum
3262 4159 3661 4215 Theodosius:
3692 4161 3822 4214 Jus-

2170 4264 2372 4313 tumne
2406 4273 2540 4328 ergo
2572 4254 2679 4309 tibi
2711 4253 2943 4307 videtur
2973 4252 3209 4305 turbam
3254 4250 3562 4304 hominum
3598 4248 3825 4303 incom—

2169 4348 2422 4420 positam
2464 4346 2525 4399 in
2570 4344 2733 4417 regia
2790 4342 2935 4396 urbe
2996 4358 3102 4411 pro
3160 4356 3268 4395 sua
3324 4338 3573 4393 libidine
3604 4339 3825 4410 agere?

2172 4437 2499 4511 Respondit
2517 4434 2866 4492 Ambrosius
2892 4451 2903 4487 :
2928 4433 3121 4499 Quid?
3142 4433 3450 4486 Justumne
3479 4436 3651 4502 putas
3676 4446 3825 4498 esse,

2172 4530 2441 4601 piissime
2465 4527 2809 4600 imperator,
2835 4529 2900 4578 ut
2924 4524 2983 4577 in
3006 4522 3149 4577 urbe
3175 4538 3305 4592 qum
3327 4538 3431 4576 arx
3455 4526 3544 4575 est
3567 4519 3826 4591 imperii,

406 4582 823 4685 βασιλευούσης.
866 4603 1121 4664 Ἰουδαῖοι
1188 4582 1557 4684 βλασφήμου-ς
1615 4602 1761 4677 ᾠδὰς
1815 4606 2051 4680 ἀναπέμ-

2169 4619 2352 4674 Judaei
2390 4618 2449 4672 in
2486 4617 2676 4673 Deum
2707 4613 3139 4670 contumeliosa
3170 4611 3439 4665 carmina
3468 4608 3825 4665 decantentl

405 4718 590 4769 πωσι;
653 4699 746 4767 Μὴ
802 4695 982 4769 τούτῳ
1041 4696 1367 4768 στοιχήσῃς,
1429 4692 1697 4769 βασιλέων
1746 4696 2058 4772 πανάριστε.

403 4790 460 4845 οἱ
488 4790 589 4866 γὰρ
623 4787 841 4843 ἐκείνων
887 4784 1046 4864 εύχαῖ
1110 4782 1456 4862 βλασφημίαι
1509 4785 1600 4841 καὶ
1632 4781 1815 4857 ὕϐρεις
1843 4785 1934 4840 καὶ
1964 4785 2064 4860 ἆρσ-

406 4876 730 4955 ρητολογίαι
761 4880 1120 4954 τυγχάνουσι.
1155 4873 1257 4931 Καὶ
1287 4878 1459 4930 ταῦτα
1502 4873 1764 4951 λὲγοντος
1813 4872 2061 4951 Ἀμϐρο-

2172 4709 2252 4761 Ne
2286 4708 2395 4762 hac
2423 4707 2513 4761 via
2544 4704 2898 4777 ingrediare,
2923 4701 3143 4774 optime
3171 4701 3467 4773 princeps.
3491 4699 3831 4755 Iudaeorum

2175 4796 2336 4851 enim
2368 4801 2500 4850 vota
2530 4795 2591 4849 in
2626 4795 2811 4848 Deum
2842 4780 3158 4847 maledicta
3198 4795 3338 4846 sunt
3370 4795 3427 4844 et
3456 4787 3831 4845 contumeliae

2171 4891 2349 4956 atque
2382 4884 2637 4940 infanda:
2672 4882 3131 4938 exsecrationes.
3169 4882 3270 4935 His
3304 4880 3601 4935 Ambrosii
3632 4884 3830 4933 motus

407 4969 527 5024 σίου
556 4970 762 5045 ἀφῆκεν
790 4969 818 5021 6
855 4964 1111 5042 βασιλεὺς
1164 4965 1229 5021 τὸ
1283 4963 1587 5038 ἐπιτίμιον,
1617 4963 1788 5037 νόμον
1840 4963 2051 5039 ἐκθέμε.

2171 4975 2364 5029 verbis
2397 4974 2718 5045 imperator
2774 4972 3125 5027 Christianis
3175 4971 3421 5025 multam
3462 4967 3711 5034 remisit,
3745 4967 3830 5020 le-

405 5079 497 5120 νος
532 5059 609 5132 μὴ
642 5057 788 5133 ἔχειν
822 5052 1121 5117 Ἰουδαίους
1160 5052 1214 5109 ἐν
1264 5053 1543 5127 Βυζαντίῳ
1575 5056 1888 5131 συναγωγὴν
1926 5058 2065 5127 μήτε

403 5148 621 5221 τολμᾷν
652 5146 898 5220 δημοσίᾳ
924 5144 1348 5220 προσεύχεσθαι.

476 5239 564 5295 Ἐν
610 5236 830 5299 τούτοις
885 5234 919 5306 ἥ
969 5256 1030 5292 τι
1081 5240 1189 5291 τῶν
1248 5231 1639 5308 Ὀλυμπιάδων
1691 5234 1900 5308 ἀπέσϐη
1931 5260 2063 5295 nav-

406 5331 627 5404 ήγυρις,
656 5327 780 5399 ἥτις
805 5326 943 5383 κατᾶ
973 5328 1057 5398 [Ρ.
1080 5326 1207 5398 327]
1239 5326 1704 5399 τετραετῆχρόνον
1735 5325 2062 5387 ἐπετελέετο.

2172 5079 2421 5137 gemque
2454 5063 2588 5118 tulit
2626 5078 2701 5117 ne
2755 5060 2943 5116 Judaei
2974 5061 3234 5131 Byzantii
3268 5074 3623 5130 synagogam
3656 5055 3833 5110 habe-

2172 5158 2310 5208 rent
2338 5169 2483 5207 neve
2516 5152 2579 5207 in
2605 5150 2844 5223 publico
2875 5167 3082 5221 preces
3112 5150 3397 5204 facerent.

2244 5244 2398 5301 578
2429 5243 2575 5297 Tum
2614 5240 3024 5311 Olympierum
3074 5238 3252 5292 desiit
3297 5234 3599 5289 festivitas.
3636 5232 3833 5304 quarti

2175 5334 2464 5406 cujusque
2495 5332 2636 5388 anni
2670 5331 2829 5386 exitu
2885 5330 3061 5385 solita
3117 5325 3427 5395 celebrari,
3460 5323 3733 5380 instituta
3762 5339 3834 5380 eo

1617 5453 1981 5512 XYLANDRI
2018 5461 2104 5514 ET
2144 5461 2360 5521 GOARI
2399 5460 2622 5517 NOT/E.

476 5587 592 5660 (44)
624 5587 688 5642 In
722 5582 1025 5667 margine:
1072 5580 1279 5667 :Ovtw;
1307 5576 1596 5667 Δἐλάλησεν
1636 5577 1880 5667 ἐναντίον
1915 5576 2062 5639 ϐασι-

409 5651 585 5729 λέὶυν,’
635 5677 725 5719 και
786 5651 885 5719 ςιὐὶ
940 5651 1234 5735 ᾐσχύνετο.
1291 5653 1519 5719 alludit
1577 5651 1653 5709 ad
1696 5656 1843 5717 Psal.
1882 5673 2069 5721 cxvm.

2176 5589 2287 5723 Sed
2313 5590 2486 5725 quos]i
2504 5590 2577 5644 de
2607 5585 2951 5645 indictionis
2993 5581 3265 5654 sequitur
3313 5583 3537 5652 etymo,
3571 5583 3660 5636 est
3690 5577 3840 5634 ridi.

2186 5680 2257 5721 cu
2288 5680 2406 5725 um,
2494 5679 2578 5723 η,

2186 5679 2406 5725 cuium,
2440 5679 2578 5725 λῖἰι,
