4144 6442
325 365 445 423 623

1685 355 1995 416 GEORGII
2039 355 2349 416 CEDREN
2360 359 2379 417 l

3626 351 3750 414 624

322 503 610 568 tempore,
644 512 761 567 quo
788 496 1085 550 Manasses
1114 491 1263 547 Juda
1291 508 1392 546 rex
1420 490 1553 558 fuit,
1581 495 1639 544 et
1677 506 1867 560 usque
1898 487 1972 543 ad

2104 490 2318 563 Ἠρξατο
2406 487 2463 544 δὲ
2512 492 2547 559 ἡ
2601 488 2829 560 τοιαύτη
2916 489 3224 563 πανήγυρις
3299 488 3389 542 ὅτε
3446 491 3751 556 Μανασσῆς

323 586 644 658 imperium
663 584 975 639 Theodosii
996 581 1298 653 perducta.
1313 582 1749 650 Cmperuntque
1766 595 1946 633 nume
1960 609 1977 618 -

323 676 444 730 rari
476 675 857 740 indictiones,
885 688 1136 742 quarum
1170 669 1527 741 principium
1560 669 1622 723 in
1656 671 1720 722 15
1751 683 1979 722 annum

324 764 561 836 imperii
589 763 856 835 Augusti.
888 764 1115 817 Nomen
1147 759 1325 814 habet
1363 758 1610 813 indictio
1643 758 1716 813 ab
1749 758 1983 812 Actiaca

323 853 586 918 victoria,
616 859 675 907 et
720 857 811 907 est
864 851 1098 905 Actium
1147 847 1625 920 promontorium
1659 846 1980 917 Nicopolis,

328 943 494 998 urbis
525 943 585 997 in
614 943 788 1014 Epiro
820 941 945 995 sita:
976 956 989 1005 ;
1023 938 1183 1010 quod
1239 954 1308 993 eo
1362 943 1631 1009 tempore
1685 940 1984 1007 Augustus

328 1032 408 1086 ibi
444 1030 685 1087 devictis
716 1031 973 1085 Antonio
999 1034 1056 1084 et
1077 1028 1393 1099 Cleopatra
1422 1027 1583 1083 solus
1604 1042 1807 1081 rerum
1830 1041 1987 1079 sum-

327 1138 487 1177 mam
518 1120 796 1175 obtinuit.

398 1403 568 1458 Enim
588 1420 723 1458 vero
743 1402 1113 1457 Theodosius
1134 1399 1428 1471 principio
1452 1398 1542 1453 sui
1558 1397 1791 1468 imperii
1806 1399 1991 1452 Roma

336 1492 665 1548 abduxerat
692 1507 973 1563 magnum
1004 1489 1176 1543 illum
1220 1487 1557 1553 Arsenium,
1590 1502 1724 1541 cum
1758 1486 1829 1540 de
1861 1484 1991 1555 ejus

326 1581 1048 1649 rerumhumanarumque
1063 1577 1514 1647 divinarumque
1528 1575 1741 1647 peritia
1758 1575 1990 1630 inaudi-

327 1671 547 1735 visset;
581 1670 755 1740 eique
810 1686 947 1723 suos
1010 1668 1163 1722 ﬁlios
1220 1666 1541 1721 Arcadium
1575 1671 1634 1719 et
1661 1664 1989 1719 Honorium

335 1762 517 1816 sacris
548 1760 764 1815 litteris
786 1758 1185 1813 instituendos
1212 1756 1750 1819 commendaverat,
1776 1771 1844 1809 ac
1875 1755 1993 1808 Ca:-

2085 582 2192 633 τῶν
2253 576 2531 636 Ἰουδαίων
2588 574 2923 647 ἐϐασίλευσε,
2982 578 3070 632 καὶ
3132 575 3465 656 ἐφυλάττετο
3508 573 3612 637 ἕως
3641 583 3744 645 τῆς

2087 667 2268 741 ἀρχῆς
2300 668 2466 723 αὐτοῦ
2523 671 2622 723 τοῦ
2693 666 2940 746 μεγάλου
2997 663 3307 723 Θεοδοσίου.
3372 666 3470 720 Καὶ
3511 665 3746 741 ἤρξαντο

2087 756 2438 830 ἀριθμεῖσθαι
2487 759 2541 812 αἱ
2594 755 2847 828 ἴνδικτοι,
2917 756 3210 831 ἀρξάμεναι
3265 755 3372 810 ἀπὸ
3430 753 3746 832 Αὐγούστου

2091 847 2362 923 Καίσαρος
2422 846 2473 902 ἐν
2516 844 2621 903 ἔτει
2684 848 2740 902 ιε’
2796 850 2895 917 τῆς
2954 847 3136 925 ἀρχῆς
3176 845 3361 904 αὐτοῦ.
3393 842 3654 902 Καλεῖται
3689 841 3746 898 δὲ

2092 932 2389 1003 ἷνδικτιὼν,
2442 936 2719 991 τουτέστιν
2787 934 3060 1004 ἶνακτιὼν,
3121 937 3156 1004 ἡ
3217 934 3341 1010 περὶ
3400 934 3463 989 τὸ
3521 934 3748 991 ’Δκτιον

2090 1024 2239 1095 νίκη.
2270 1028 2494 1080 ’Ἄκτιον
2555 1023 2612 1080 δέ
2666 1024 2809 1082 ἐστιν
2864 1025 3210 1100 ἀκρωτήριον
3263 1023 3618 1086 Νικοπόλεως
3650 1030 3753 1093 τῆς

2094 1115 2376 1190 Ἠπείρου,
2434 1111 2561 1170 ἔνθα
2620 1117 3000 1190 μαχεσάμενος
3053 1111 3368 1191 Αὔγουστος
3407 1116 3498 1169 τὸν
3531 1134 3591 1169 τε
3623 1114 3750 1170 Ἀν-

2093 1205 2284 1260 τώνιον
2338 1206 2427 1260 καὶ
2483 1202 2843 1280 Κλεοπάτραν
2920 1204 3153 1276 ἐνίκησε,
3219 1203 3499 1279 μόναρχος
3549 1199 3759 1258 ἀναδεισ

2095 1296 2250 1373 χθεὶς
2282 1299 2363 1368 τῷ
2390 1296 2514 1350 τότε
2543 1294 2751 1370 χρόνῳ.

2165 1404 2230 1460 ⁷0
2257 1400 2347 1457 οὖν
2383 1404 2553 1480 μέγας
2582 1400 2870 1465 Θεοδόσιος
2897 1401 3103 1480 ἢγαγεν
3130 1402 3234 1456 ἀπὸ
3268 1401 3493 1474 Ῥώμης
3522 1399 3577 1455 ἐν
3610 1398 3760 1475 ἀρχῇ

2094 1498 2194 1561 τῆς
2232 1490 2513 1567 βασιλείας
2566 1490 2735 1547 αὖ)τοῦ
2791 1492 2884 1547 τὸν
2959 1489 3126 1567 μέγαν
3185 1490 3492 1565 Ἀρσένιον,
3526 1488 3762 1550 ἀκούσας

2097 1582 2222 1657 περὶ
2278 1588 2379 1650 τῆς
2440 1581 2630 1660 σοφίας
2689 1580 2853 1636 αὐτοῦ
2937 1581 3031 1635 καὶ
3092 1586 3277 1650 θεῖκῆς
3328 1579 3610 1654 γνώσεως,
3670 1578 3762 1633 καὶ

2098 1671 2277 1743 τούτῳ
2327 1667 2611 1745 Ἀρκάδιον
2669 1670 3020 1742 καὶὉνώριον
3078 1668 3205 1731 τοὺς
3264 1668 3415 1731 υἱοὺς
3472 1667 3637 1722 αὐτοῦ
3670 1664 3762 1721 δέ·

2101 1757 2262 1829 δωκε,
2294 1757 2641 1824 παιδεύεσθαι
2697 1759 2786 1814 ὑπ’
2842 1759 3007 1813 αὐτοῦ
3065 1760 3134 1813 τά
3190 1757 3309 1827 ἱερᾶ
3340 1757 3668 1834 γράμματα,
3703 1755 3761 1811 δν

328 1866 527 1904 sarum
552 1854 782 1921 patrem
810 1848 1219 1902 constituerat.
1248 1846 1305 1900 Is
1327 1844 1611 1900 Arsenius
1631 1845 1817 1899 Deum
1842 1860 1988 1914 qua-

2104 1850 2188 1905 καὶ
2249 1847 2694 1925 βασιλεοπάτορα
2750 1847 3070 1918 πεποίηκεν.
3113 1848 3283 1908 Οὗτος
3344 1846 3395 1900 ἐν
3456 1846 3613 1901 νυκτὶ
3645 1843 3764 1901 δεό-

325 1937 461 1993 dam
492 1942 664 1993 nocte
700 1937 982 1991 invocans
1014 1951 1217 1990 vocem
1245 1934 1474 1989 audivit
1515 1934 1598 1988 ita
1633 1933 1988 2004 praacipien-

326 2032 449 2081 tem
476 2043 489 2082 :
527 2027 760 2092 Arseni,
792 2026 928 2098 fuge
958 2025 1254 2091 homines,
1289 2029 1348 2078 et
1378 2023 1571 2078 salvus
1605 2023 1741 2078 eris.

392 2134 557 2188 Idem
574 2132 940 2188 Theodosius
967 2131 1189 2202 templa
1211 2131 1555 2185 ﬁctitiorum
1580 2129 1845 2198 deorum,
1862 2147 1992 2201 qua)

332 2227 563 2277 tantum
621 2221 854 2276 occludi
926 2220 1351 2275 Constantinus
1410 2235 1660 2290 magnus
1710 2218 1992 2289 jusserat,

331 2313 533 2366 omnia
563 2311 831 2365 funditus
864 2308 1412 2365 evertit.Mediolani
1445 2326 1516 2363 ex
1542 2308 1748 2363 morbo
1783 2309 1996 2362 deces—

336 2402 414 2454 sit
458 2400 898 2473 sexagenarius,
932 2404 1248 2470 postquam
1309 2399 1661 2468 imperasset
1691 2414 1878 2452 annos
1910 2400 1992 2462 16,

341 2489 578 2544 duobus
610 2489 749 2544 ﬁliis
779 2489 1025 2555 relictis,
1067 2505 1320 2559 quorum
1368 2487 1653 2558 majorem
1687 2486 1995 2542 Arcadium

339 2578 564 2633 Orienti
580 2577 1359 2649 praafecit,Honorium,cum
1376 2574 1992 2643 Placidia,0ccidenti.

334 2674 421 2722 Ac
452 2667 745 2722 Honorius
777 2665 1015 2737 quidem
1052 2668 1345 2721 Ravenna;
1376 2665 1594 2737 regiam
1629 2680 1798 2719 suam
1835 2664 1995 2720 574

336 2755 663 2823 constituit,
697 2755 964 2810 Placidia
1019 2760 1218 2810 autem
1280 2753 1545 2810 Gratiani
1606 2753 1731 2809 ﬁlia
1774 2755 1993 2808 Roma).

335 2844 528 2899 Patris
558 2860 774 2915 corpus
833 2842 1121 2899 Arcadius
1179 2842 1387 2914 Cpolin
1436 2840 1651 2897 detulit
1702 2848 1879 2912 atque
1932 2842 1995 2895 in

336 2933 475 2987 fano
535 2931 941 3004 apostolorum
998 2931 1292 3002 deposuit.
1344 2932 1758 3001 Episcopatum
1808 2929 1999 2984 tenuit

335 3020 666 3091 Nectarius,
707 3037 865 3075 anno
919 3020 1125 3075 mundi
1180 3020 1340 3091 5888,
1393 3019 1820 3074 incarnationis
1851 3018 1999 3072 divi-

336 3126 431 3165 nae
463 3111 589 3164 394.

407 3310 695 3366 Arcadius
726 3309 1040 3366 Theodosii
1098 3308 1290 3382 Magni
1324 3308 1483 3363 ﬁlius
1542 3308 1854 3380 imperavit
1879 3324 1990 3363 an-

330 3416 440 3456 nos
472 3403 558 3455 14.
593 3400 646 3455 Is
676 3400 883 3471 quinto
913 3399 1151 3471 imperii
1202 3398 1291 3454 sui
1341 3415 1497 3454 anno
1532 3398 1742 3454 Rostra
1777 3414 1990 3468 magna

331 3505 361 3545 e
392 3489 632 3561 regione
662 3489 925 3560 praetorii
958 3487 1407 3543 exstruxitFuit
1430 3486 1716 3543 Arcadius
1742 3503 1988 3558 corpore

331 3577 656 3633 admodum
687 3576 960 3645 deformi,
994 3577 1184 3649 niger,
1220 3581 1449 3631 statura
1478 3593 1677 3648 parva,
1711 3576 1771 3630 id
1801 3593 1988 3630 unum

328 3667 683 3740 praclarum
741 3666 967 3722 habens
1026 3664 1186 3737 quod
1245 3664 1396 3720 bene
1445 3665 1761 3729 scribebat,
1794 3666 1878 3721 ita
1916 3664 1988 3719 ab

329 3756 583 3811 Arsenio
617 3754 881 3810 edoctus.
934 3755 1050 3810 Sub
1111 3770 1179 3809 eo
1238 3754 1506 3825 reliquias
1558 3754 1712 3809 beati
1742 3754 1988 3810 Joannis

329 3846 608 3916 Baptistae
671 3843 1094 3900 Alexandriam
1147 3843 1524 3915 transposita)
1581 3850 1738 3899 sunt.
1793 3843 1985 3899 Etiam

331 3934 697 4006 peculiarem
731 3950 1050 3989 numerum
1100 3932 1266 4005 Cpoli
1316 3932 1593 4000 instituit,
1627 3950 1775 4005 quos
1807 3935 1988 3988 Arca-

331 4024 539 4081 dianos
570 4024 911 4097 appellavit.

406 4316 643 4373 Sextum
665 4316 915 4372 Arcadio
927 4331 1153 4371 annum
1174 4315 1988 4387 imperante,Chrysostomus

332 4406 528 4478 Cpolis
559 4407 871 4477 episcopus
927 4404 1206 4474 deligitur
1230 4446 1244 4472 ,
1285 4404 1454 4475 cujus
1484 4403 1776 4459 facundiae
1809 4406 1989 4461 etiam

331 4494 609 4551 Libanius
644 4495 1051 4549 testimonium
1099 4492 1259 4548 tulit.
1301 4495 1700 4565 Interrogatus
1728 4511 1988 4565 namque

2099 1962 2258 2014 μενος
2286 1942 2384 1996 τοῦ
2434 1944 2568 1994 Θεοῦ
2625 1939 2828 2008 ἢκουσε
2883 1944 3069 2015 φωνῆς
3126 1935 3396 2009 λεγούσης
3429 1934 3598 2009 αὐτῷ’
3634 1936 3761 2010 Ἀρο

2098 2031 2257 2099 σένιε,
2285 2034 2448 2108 φεῦγε
2471 2030 2599 2091 τοὺς
2626 2029 2966 2104 ἀνθρώπους,
2999 2026 3089 2081 καὶ
3123 2026 3289 2100 σώζῃ.

2170 2140 2341 2201 Οὗτος
2394 2140 2422 2194 6
2465 2135 2754 2200 Θεοδόσιος
2819 2136 2947 2198 τοὺς
3017 2132 3342 2197 εἷδωλικοὺς
3373 2131 3561 2201 ναοὺς,
3602 2131 3701 2195 οὕς
3734 2134 3762 2188 6

2104 2229 2270 2304 μέγας
2328 2232 2734 2287 Κωνσταντῖνος
2821 2223 3140 2291 κλεισθῆναι
3223 2223 3387 2297 μόνον
3448 2222 3763 2297 προσέταξε,

2100 2319 2304 2380 πάντας
2362 2313 2467 2378 ἕως
2531 2314 2760 2396 ἐδάφους
2813 2313 3126 2371 κατέλυσεν.
3185 2315 3273 2369 Ἑν
3333 2309 3656 2384 Μεδιολάνῳ
3708 2310 3769 2365 δὲ

2101 2405 2456 2481 ἀρρωστήσας
2489 2406 2760 2479 ἐκοιμήθη
2803 2403 2855 2459 ἐν
2912 2404 3116 2479 Κυρίῳ,
3180 2401 3439 2477 ὑπάρχων
3502 2400 3636 2456 ἐτῶν
3701 2400 3767 2488 ξ’,

2106 2496 2432 2572 βασιλεύσας
2487 2491 2584 2567 ἓτη
2650 2496 2732 2567 ιζ’,
2785 2492 3116 2568 καταλείψας
3147 2492 3274 2555 τοὺς
3307 2490 3402 2546 δύο
3453 2491 3610 2553 υἱοὺς
3656 2490 3758 2545 αὖ-

2099 2591 2197 2642 τοῦ
2266 2582 2555 2661 Ἀρκάδιον
2626 2584 2721 2659 μὲν
2797 2583 2888 2639 τὸν
2952 2577 3321 2657 πρεσϐύτεραι
3392 2586 3492 2650 τῆς
3558 2579 3760 2651 Ἐῲας.

2100 2676 2362 2751 Ὃνώριον
2391 2673 2448 2730 δὲ
2475 2680 2583 2729 τῶν
2634 2672 2932 2748 Ἐσπερίων
2987 2670 3079 2727 σὺν
3137 2667 3429 2740 Πλακιδίᾳ.
3465 2667 3571 2725 Καὶ
3604 2670 3632 2723 6
3665 2668 3762 2741 μὶν

2101 2767 2364 2841 Ὁνώριος
2398 2759 2525 2841 ἔσχε
2580 2765 2647 2819 τὰ
2709 2761 2959 2839 βασίλεια
3012 2760 3087 2824 εἷς
3147 2755 3459 2829 Ῥάϐενναν,
3491 2755 3767 2814 Πλακιδία

2104 2853 2162 2908 δὲ
2218 2856 2254 2924 ἡ
2315 2853 2554 2929 θυγάτηρ
2612 2856 2912 2929 Γρατιανοῦ
2967 2850 3020 2905 ἐν
3073 2854 3143 2925 τῇ
3202 2849 3415 2923 Ῥώμῃ.
3451 2848 3765 2923 Μετήνεγκε

2105 2940 2162 2998 δὲ
2189 2944 2251 2999 τὸ
2282 2949 2443 3016 σῶμα
2500 2944 2668 2998 αὐτοῦ
2725 2941 2778 2997 ἐν
2831 2938 3403 2996 Κωνσταντινουπύλει
3449 2933 3767 3012 Ἀρκάδιος,

2103 3033 2211 3095 θεὶς
2242 3031 2293 3088 ἐν
2324 3037 2404 3105 τῷ
2430 3037 2543 3105 ναῷ
2570 3036 2678 3088 τῶν
2723 3031 2922 3106 Ἀγίων
2975 3027 3352 3089 Ἀποστόλων.
3406 3029 3519 3096 Τὴν
3581 3025 3638 3081 δὲ
3662 3033 3768 3095 τῆς

2109 3123 2518 3198 ἀρχιερωσύνης
2576 3119 2838 3196 καθέδραν
2897 3125 3122 3198 κατεῖχε
3178 3116 3498 3193 Νεκτάριος,
3548 3115 3760 3189 κόσμου

2104 3207 2211 3268 ἔτει
2243 3213 2435 3283 εωπη’,
2464 3217 2564 3282 τῆς
2593 3210 2739 3272 θείας
2770 3210 3095 3286 σαρκώσεως
3130 3205 3267 3287 τιιδκ

2169 3317 2458 3396 ’Δρκάδιος
2514 3321 2542 3374 ὁ
2602 3319 2717 3383 υἱὸς
2773 3322 2872 3374 τοῦ
2933 3314 3176 3393 μεγάλου
3228 3311 3521 3371 Θεοδοσίου
3574 3307 3761 3368 ἐϐασί-

2097 3408 2284 3465 λευσεν
2332 3407 2425 3479 ἔτη
2491 3406 2573 3464 ιδ’.
2617 3411 2788 3471 Οὗτος
2848 3407 2901 3462 ἐν
2960 3411 3040 3479 τῷ
3096 3407 3134 3460 ε’
3188 3402 3294 3461 ἔτει
3323 3405 3414 3460 τὸν
3452 3401 3623 3479 μέγαν
3655 3401 3762 3473 ἔμ-

2098 3495 2265 3555 ϐολον
2308 3499 2530 3572 ἀντικρὺ
2588 3501 2688 3551 τοῦ
2746 3495 3087 3573 πραιτωρίου
3146 3492 3378 3550 ἔκτισεν.
3413 3494 3513 3549 Ἦν
3548 3489 3605 3546 δὲ
3637 3492 3766 3567 Ἀρ-

2097 3586 2283 3645 κάδιον
2313 3588 2410 3656 τήν
2444 3588 2585 3642 θέσιν
2649 3590 2751 3640 τοῦ
2806 3587 3065 3660 σώματος
3122 3582 3552 3659 εἷ’ὂεχθέστατος,
3591 3578 3768 3656 μέλας

2096 3680 2197 3747 τὴν
2227 3677 2446 3754 χροιὰν,
2486 3679 2586 3747 τήν
2648 3675 2871 3747 ἡλικίαν
2926 3674 3288 3753 φαυλότατος,
3320 3669 3374 3727 ’ἐν
3409 3672 3571 3745 μόνον
3609 3666 3754 3747 ἔχων

2096 3765 2481 3840 πλεονέκτημα
2534 3766 2598 3822 τὸ
2652 3764 2840 3828 καλῶς
2899 3765 3147 3843 γράφειν,
3209 3761 3239 3817 ὅ
3292 3762 3565 3837 παρᾶτοῦ
3598 3762 3759 3837 μεγά-

2098 3855 2198 3913 λου
2257 3857 2538 3931 Ἀρσενὶου
2598 3851 2969 3927 ἐξεπαίδεύθη.
3058 3851 3182 3910 Ἐπῖ
3237 3851 3440 3907 τούτου
3499 3852 3757 3925 μετετέθη

2095 3947 2162 4001 τὰ
2192 3945 2421 4021 λείψανα
2460 3950 2557 4001 τοῦ
2615 3945 2777 4021 ἁγίου
2828 3943 3113 4018 προφήτου
3170 3937 3500 4016 Προδρόμου
3531 3940 3622 3995 καὶ
3658 3945 3763 3993 Βα-

2096 4039 2323 4092 πτιστοῦ
2400 4036 2652 4092 Ἰωάννου
2726 4032 2782 4088 ἐν
2854 4027 3254 4105 Ἀλεξανδρείᾳ.
3334 4034 3491 4085 Ποιεῖ
3547 4025 3605 4083 δὲ
3668 4026 3762 4083 καὶ

2099 4122 2239 4181 ἴδιον
2307 4124 2542 4198 ἀριθμὸν
2611 4122 2663 4178 ἐν
2723 4116 3319 4188 Κωνσταντινουπόλει,
3374 4117 3468 4179 οὕς
3509 4114 3762 4173 ἐκάλεσεν

2096 4219 2151 4268 ‘A
2161 4211 2481 4289 ρκαδικούς.

2168 4323 2262 4394 Τῷ
2317 4322 2356 4384 ς’
2406 4319 2602 4375 τούτου
2661 4319 2890 4389 ἐνιαυτῷ
2952 4321 3351 4392 χειροτονεῖται
3382 4315 3410 4369 ὁ
3444 4315 3765 4391 Χρυσόστο-

2102 4432 2207 4484 μος
2250 4408 2300 4464 ἐν
2335 4407 2928 4478 Κωνσταντινουπόλει,
2979 4404 3025 4478 ᾧ
3082 4406 3176 4461 καὶ
3230 4399 3487 4467 Λιϐάνιος
3529 4405 3767 4478 ὑμαρτύ-

2101 4520 2253 4576 ρησε.
2285 4500 2616 4572 Πυθομένων
2653 4499 2758 4574 γὰρ
2803 4501 2911 4552 τῶν
2963 4496 3131 4551 αὐτοῦ
3170 4500 3451 4574 φοιτητῶν
3495 4493 3617 4549 τίνα
3650 4494 3768 4549 ἀντ’

333 4586 405 4640 ab
440 4584 808 4640 auditoribus
843 4599 1163 4654 quemnam
1209 4598 1316 4637 suo
1369 4582 1496 4637 loco
1530 4582 1748 4638 scholas
1803 4586 1988 4655 praeﬁ-

2104 4588 2269 4643 αὐτοῦ
2301 4586 2593 4662 προΐστησι
2649 4588 2729 4660 τῷ
2788 4582 3178 4657 διδασκαλείῳ,
3228 4584 3504 4653 Ἰωάννην,
3548 4581 3676 4658 ἔφη,
3712 4583 3760 4638 εἰ

331 4678 513 4741 ceret,
569 4675 859 4727 Joannem
918 4670 1229 4743 respondit
1299 4688 1360 4726 se
1422 4672 1878 4742 prapositurum
1938 4674 1991 4729 ei

332 4762 541 4830 fuisse,
572 4762 688 4816 nisi
721 4763 877 4816 hunc
909 4761 1340 4832 surripuissent
1391 4760 1728 4818 Christiani.
1771 4764 1992 4819 Eodem

330 4867 488 4909 anno
525 4849 924 4906 Theodosium
947 4849 1254 4921 juniorem
1304 4848 1566 4905 Eudoxia
1593 4852 1853 4923 Augusta
1882 4856 1991 4908 Ar-

331 4940 502 4997 cadio
529 4939 781 5013 peperit,
842 4955 1020 5010 quem
1077 4938 1149 4994 de
1207 4942 1410 4993 sancto
1465 4937 1697 4995 lavacro
1730 4942 1990 4999 Joannes

330 5032 795 5103 Chrysostomus
818 5028 1098 5100 suscepit.

395 5143 565 5196 Anno
585 5144 792 5195 octavo
811 5137 1024 5193 Gainas
1042 5135 1421 5209 tyrannidem
1444 5143 1652 5193 contra
1668 5140 1987 5196 Arcadium

324 5231 652 5302 occupavit,
678 5228 984 5298 multaque
1009 5226 1170 5282 mala
1192 5227 1464 5297 Byzantio
1488 5227 1823 5294 intulit.Qui
1853 5248 1987 5286 cum

325 5319 482 5374 ultro
513 5321 783 5390 citroque
816 5317 954 5373 dato
978 5318 1322 5388 juramento
1350 5315 1731 5371 Chalcedone
1752 5318 1826 5372 ad
1850 5319 1989 5375 San-

328 5413 485 5463 ctam
506 5407 896 5480 Euphemiam
920 5423 1118 5478 pacem
1141 5406 1439 5473 icisset,eo
1461 5404 1676 5460 violato
1698 5406 1757 5462 in
1780 5410 1986 5467 urbem

326 5497 654 5570 ingressus,
684 5498 1051 5568 direptiones
1109 5501 1166 5550 et
1218 5494 1335 5550 alia
1393 5494 1551 5549 mala
1609 5502 1983 5568 perpetravit.

324 5584 470 5639 Inde
526 5585 600 5640 ad
658 5585 919 5640 Thraciaa
975 5584 1413 5639 Cherronesum
1470 5582 1622 5640 575
1665 5586 1982 5660 profectus,

325 5673 553 5729 ratibus
583 5673 869 5729 confectis
913 5671 988 5727 ad
1044 5671 1223 5727 urbes
1253 5671 1507 5728 Orientis
1540 5687 1779 5730 cursum
1813 5677 1981 5735 insti.

2109 4680 2183 4753 μή
2244 4676 2485 4749 ἐσυλήθη
2549 4678 2653 4732 ὑπὸ
2708 4682 2815 4733 τῶν
2872 4679 3226 4753 Χριστιανῶν.
3264 4678 3358 4746 Τῷ
3398 4672 3446 4729 δ’
3477 4673 3623 4747 αὖτῷ
3653 4672 3762 4730 ἔτει

2102 4770 2349 4843 γεννᾶται
2379 4764 2657 4839 Ἀρκαδίῳ
2700 4766 2816 4828 υἱὸς
2872 4763 2924 4835 ἐξ
2976 4763 3238 4833 Εὐδοξίας
3278 4769 3381 4833 τῆς
3413 4762 3761 4838 Αὐγούστης,

2101 4853 2388 4919 Θεοδόσιος
2451 4856 2479 4910 ὁ
2541 4854 2755 4931 μικρὸς,
2808 4856 2864 4909 δν
2912 4851 3192 4924 ἀνεδέξατο
3250 4851 3509 4923 Ἰωάννης
3542 4853 3570 4907 6
3602 4858 3760 4927 Χρυ-

2102 4947 2369 5019 σόστομος
2403 4944 2454 5001 ἐν
2487 4948 2568 5018 τῷ
2593 4945 2735 5021 ἁγίῳ
2769 4942 3127 5021 βαπτίσματι.

2168 5144 2263 5213 Τῷ
2319 5149 2371 5213 η’
2407 5137 2512 5197 ἔτει
2571 5146 2766 5205 Γαῖνᾶς
2805 5145 3051 5216 τυραννεῖ
3102 5140 3239 5196 κατὰ
3296 5135 3607 5213 Ἀρκαδίου,
3660 5140 3754 5193 καὶ

2098 5230 2286 5287 πολλὰ
2336 5234 2472 5287 κατὰ
2521 5236 2601 5305 τῷ
2659 5231 2933 5303 Βυζαντίῳ
2999 5226 3326 5300 ἐπεδείξατο.
3394 5231 3631 5303 ’Όρκους
3699 5226 3755 5282 δὲ

2098 5317 2281 5376 λαϐὼν
2314 5322 2405 5377 καὶ
2462 5320 2588 5383 δοὺς
2640 5320 2692 5376 ἐν
2747 5325 2817 5395 τῇ
2879 5319 3005 5393 ἁγίᾳ
3036 5323 3115 5394 [Ρ.
3150 5324 3276 5392 328]
3311 5318 3571 5398 Εὐφημίᾳ
3597 5321 3664 5392 τῇ
3696 5314 3749 5371 ἐν

2096 5407 2431 5481 Χαλκηδόνι,
2502 5410 2730 5473 τούτους
2806 5404 3042 5484 παρέϐη,
3110 5410 3200 5464 καὶ
3260 5406 3516 5464 εἷσελθὼν
3575 5407 3627 5461 ἐν
3685 5409 3754 5480 τῇ

2096 5498 2255 5555 πόλει
2314 5499 2568 5575 ἐχώρησε
2625 5500 2762 5575 πρὸς
2819 5497 3063 5575 ἁρπαγὰς
3121 5499 3212 5553 καὶ
3272 5497 3453 5572 ἑτέρας
3500 5496 3752 5559 ἀτοπίας.

2093 5590 2232 5648 Εἶτα
2291 5588 2524 5664 ἐξελθὼν
2582 5591 2658 5651 εἷς
2715 5590 2815 5659 τὴν
2876 5589 3225 5667 Χερῥόνησον
3258 5587 3473 5663 Θρᾴκης
3504 5587 3594 5642 καὶ
3626 5606 3754 5661 σχε-

2095 5681 2215 5743 δίας
2249 5681 2657 5756 ποιήσας,πρὸς
2681 5681 2777 5743 τὰς
2827 5677 3154 5743 ἀνατολικὰς
3181 5676 3374 5741 πόλεις
3408 5680 3604 5755 χωρεῖ.
3637 5682 3755 5732 Πο-
