  <div class='ocr_page' id='page_1' title='image "/cluster/home/n/w/nwhite01/storage/ocr_20150623/121:no.1/coo.31924054870260/324.png"; bbox 0 0 4144 6414; ppageno 0'>
   <div class='ocr_carea' id='block_1_1' title="bbox 388 427 510 486">
    <p class='ocr_par' dir='ltr' id='par_1_1' title="bbox 388 427 510 486">
     <span class='ocr_line' id='line_1_1' title="bbox 388 427 510 486; baseline 0 0"><span class='ocrx_word' id='word_1_1' title='bbox 388 427 510 486; x_wconf 79' lang='grc'>625</span> 
     </span>
    </p>
   </div>
   <div class='ocr_carea' id='block_1_2' title="bbox 1548 434 2689 501">
    <p class='ocr_par' dir='ltr' id='par_1_2' title="bbox 1548 434 2689 501">
     <span class='ocr_line' id='line_1_2' title="bbox 1548 434 2689 501; baseline -0.002 -4"><span class='ocrx_word' id='word_1_2' title='bbox 1548 435 2094 501; x_wconf 73' lang='lat' dir='ltr'>HISTORIARUM</span> <span class='ocrx_word' id='word_1_3' title='bbox 2136 434 2689 497; x_wconf 83' lang='lat' dir='ltr'>COMPENDIUM.</span> 
     </span>
    </p>
   </div>
   <div class='ocr_carea' id='block_1_3' title="bbox 3708 440 3830 500">
    <p class='ocr_par' dir='ltr' id='par_1_3' title="bbox 3708 440 3830 500">
     <span class='ocr_line' id='line_1_3' title="bbox 3708 440 3830 500; baseline 0.016 -2"><span class='ocrx_word' id='word_1_4' title='bbox 3708 440 3830 500; x_wconf 82' lang='lat'>626</span> 
     </span>
    </p>
   </div>
   <div class='ocr_carea' id='block_1_4' title="bbox 386 556 2022 647">
    <p class='ocr_par' dir='ltr' id='par_1_4' title="bbox 386 556 2022 647">
     <span class='ocr_line' id='line_1_4' title="bbox 386 556 2022 647; baseline 0.007 -34"><span class='ocrx_word' id='word_1_5' title='bbox 386 556 564 647; x_wconf 63' lang='grc' dir='ltr'>λέμου</span> <span class='ocrx_word' id='word_1_6' title='bbox 595 557 654 616; x_wconf 74' lang='grc' dir='ltr'>δὲ</span> <span class='ocrx_word' id='word_1_7' title='bbox 682 558 902 617; x_wconf 75' lang='grc' dir='ltr'>πολλοῦ</span> <span class='ocrx_word' id='word_1_8' title='bbox 961 563 1323 641; x_wconf 74' lang='grc' dir='ltr'>συρῥαγὲντος</span> <span class='ocrx_word' id='word_1_9' title='bbox 1384 571 1525 625; x_wconf 81' lang='grc' dir='ltr'>κατὰ</span> <span class='ocrx_word' id='word_1_10' title='bbox 1558 591 1617 625; x_wconf 91' lang='grc' dir='ltr'>τε</span> <span class='ocrx_word' id='word_1_11' title='bbox 1674 577 1779 647; x_wconf 82' lang='grc' dir='ltr'>γῆν</span> <span class='ocrx_word' id='word_1_12' title='bbox 1832 572 1923 628; x_wconf 82' lang='grc' dir='ltr'>καὶ</span> <span class='ocrx_word' id='word_1_13' title='bbox 1955 572 2022 625; x_wconf 79' lang='grc' dir='ltr'>θά</span> 
     </span>
    </p>
   </div>
   <div class='ocr_carea' id='block_1_5' title="bbox 2136 556 3829 647">
    <p class='ocr_par' dir='ltr' id='par_1_5' title="bbox 2162 568 3829 646">
     <span class='ocr_line' id='line_1_5' title="bbox 2162 568 3829 646; baseline 0.004 -22"><span class='ocrx_word' id='word_1_14' title='bbox 2162 568 2294 624; x_wconf 88' lang='lat' dir='ltr'>tuit.</span> <span class='ocrx_word' id='word_1_15' title='bbox 2325 568 2438 623; x_wconf 89' lang='lat' dir='ltr'>Sed</span> <span class='ocrx_word' id='word_1_16' title='bbox 2472 575 2628 625; x_wconf 91' lang='lat' dir='ltr'>terra</span> <span class='ocrx_word' id='word_1_17' title='bbox 2683 570 2955 641; x_wconf 88' lang='lat' dir='ltr'>marique</span> <span class='ocrx_word' id='word_1_18' title='bbox 3006 570 3344 626; x_wconf 87' lang='lat' dir='ltr'>commissis</span> <span class='ocrx_word' id='word_1_19' title='bbox 3373 573 3615 644; x_wconf 83' lang='lat' dir='ltr'>pugnis,</span> <span class='ocrx_word' id='word_1_20' title='bbox 3648 575 3829 646; x_wconf 90' lang='lat' dir='ltr'>periit</span> 
     </span>
    </p>
   </div>
   <div class='ocr_carea' id='block_1_6' title="bbox 388 645 1797 737">
    <p class='ocr_par' dir='ltr' id='par_1_6' title="bbox 388 645 1797 737">
     <span class='ocr_line' id='line_1_6' title="bbox 388 645 1797 737; baseline 0.011 -33"><span class='ocrx_word' id='word_1_21' title='bbox 388 645 595 705; x_wconf 88' lang='grc' dir='ltr'>λασσαν</span> <span class='ocrx_word' id='word_1_22' title='bbox 626 651 882 708; x_wconf 84' lang='grc' dir='ltr'>ἀπώλετο</span> <span class='ocrx_word' id='word_1_23' title='bbox 913 652 1006 708; x_wconf 85' lang='grc' dir='ltr'>σὺν</span> <span class='ocrx_word' id='word_1_24' title='bbox 1039 660 1155 718; x_wconf 86' lang='grc' dir='ltr'>τοῖς</span> <span class='ocrx_word' id='word_1_25' title='bbox 1185 656 1378 713; x_wconf 70' lang='grc' dir='ltr'>ἑαυτοῦ</span> <span class='ocrx_word' id='word_1_26' title='bbox 1411 645 1797 737; x_wconf 80' lang='grc' dir='ltr'>στρατεύμασι.</span> 
     </span>
    </p>
   </div>
   <div class='ocr_carea' id='block_1_7' title="bbox 463 737 2051 827">
    <p class='ocr_par' dir='ltr' id='par_1_7' title="bbox 463 737 2051 827">
     <span class='ocr_line' id='line_1_7' title="bbox 463 737 2051 827; baseline 0.006 -31"><span class='ocrx_word' id='word_1_27' title='bbox 463 742 573 796; x_wconf 77' lang='grc' dir='ltr'>Τοῦ</span> <span class='ocrx_word' id='word_1_28' title='bbox 615 737 674 795; x_wconf 77' lang='grc' dir='ltr'>δὲ</span> <span class='ocrx_word' id='word_1_29' title='bbox 722 742 1118 816; x_wconf 81' lang='grc' dir='ltr'>Χρυσοστόμου</span> <span class='ocrx_word' id='word_1_30' title='bbox 1176 747 1243 800; x_wconf 74' lang='grc' dir='ltr'>τὰ</span> <span class='ocrx_word' id='word_1_31' title='bbox 1295 754 1401 818; x_wconf 81' lang='grc' dir='ltr'>τῆς</span> <span class='ocrx_word' id='word_1_32' title='bbox 1460 748 1753 827; x_wconf 80' lang='grc' dir='ltr'>ὀρθοδόξου</span> <span class='ocrx_word' id='word_1_33' title='bbox 1807 748 2051 821; x_wconf 82' lang='grc' dir='ltr'>Ἐκκλη-</span> 
     </span>
    </p>
   </div>
   <div class='ocr_carea' id='block_1_8' title="bbox 2163 659 2756 713">
    <p class='ocr_par' dir='ltr' id='par_1_8' title="bbox 2163 659 2756 713">
     <span class='ocr_line' id='line_1_8' title="bbox 2163 659 2756 713; baseline 0.002 -1"><span class='ocrx_word' id='word_1_34' title='bbox 2163 674 2301 713; x_wconf 89' lang='lat' dir='ltr'>cum</span> <span class='ocrx_word' id='word_1_35' title='bbox 2331 674 2438 712; x_wconf 92' lang='lat' dir='ltr'>suo</span> <span class='ocrx_word' id='word_1_36' title='bbox 2472 659 2756 713; x_wconf 81' lang='lat' dir='ltr'>exercitu.</span> 
     </span>
    </p>
   </div>
   <div class='ocr_carea' id='block_1_9' title="bbox 2229 747 3822 821">
    <p class='ocr_par' dir='ltr' id='par_1_9' title="bbox 2229 747 3822 821">
     <span class='ocr_line' id='line_1_9' title="bbox 2229 747 3822 821; baseline 0.004 -19"><span class='ocrx_word' id='word_1_37' title='bbox 2229 747 2370 803; x_wconf 82' lang='lat' dir='ltr'>Cum</span> <span class='ocrx_word' id='word_1_38' title='bbox 2394 747 2737 802; x_wconf 87' lang='lat' dir='ltr'>orthodoxa</span> <span class='ocrx_word' id='word_1_39' title='bbox 2751 748 3031 804; x_wconf 88' lang='lat' dir='ltr'>Ecclesia</span> <span class='ocrx_word' id='word_1_40' title='bbox 3048 754 3334 820; x_wconf 88' lang='lat' dir='ltr'>praesset</span> <span class='ocrx_word' id='word_1_41' title='bbox 3350 749 3822 821; x_wconf 87' lang='lat' dir='ltr'>Chrysostomus,</span> 
     </span>
    </p>
   </div>
   <div class='ocr_carea' id='block_1_10' title="bbox 391 828 2022 909">
    <p class='ocr_par' dir='ltr' id='par_1_10' title="bbox 391 828 2022 909">
     <span class='ocr_line' id='line_1_10' title="bbox 391 828 2022 909; baseline 0.007 -26"><span class='ocrx_word' id='word_1_42' title='bbox 391 828 512 891; x_wconf 89' lang='grc' dir='ltr'>σίας</span> <span class='ocrx_word' id='word_1_43' title='bbox 540 828 824 893; x_wconf 77' lang='grc' dir='ltr'>ἰθύνοντος</span> <span class='ocrx_word' id='word_1_44' title='bbox 856 832 1164 908; x_wconf 81' lang='grc' dir='ltr'>προσῆλθεν</span> <span class='ocrx_word' id='word_1_45' title='bbox 1220 834 1369 909; x_wconf 85' lang='grc' dir='ltr'>αύτῷ</span> <span class='ocrx_word' id='word_1_46' title='bbox 1422 860 1507 902; x_wconf 88' lang='grc' dir='ltr'>τις</span> <span class='ocrx_word' id='word_1_47' title='bbox 1561 846 1660 909; x_wconf 75' lang='grc' dir='ltr'>τῆς</span> <span class='ocrx_word' id='word_1_48' title='bbox 1714 845 1822 896; x_wconf 83' lang='grc' dir='ltr'>τῶν</span> <span class='ocrx_word' id='word_1_49' title='bbox 1866 842 2022 898; x_wconf 61' lang='lat' dir='ltr'>Mane</span> 
     </span>
    </p>
   </div>
   <div class='ocr_carea' id='block_1_11' title="bbox 2136 828 3823 909">
    <p class='ocr_par' dir='ltr' id='par_1_11' title="bbox 2158 836 3823 908">
     <span class='ocr_line' id='line_1_11' title="bbox 2158 836 3823 908; baseline 0.003 -17"><span class='ocrx_word' id='word_1_50' title='bbox 2158 836 2408 891; x_wconf 86' lang='lat' dir='ltr'>accessit</span> <span class='ocrx_word' id='word_1_51' title='bbox 2436 836 2511 892; x_wconf 92' lang='lat' dir='ltr'>ad</span> <span class='ocrx_word' id='word_1_52' title='bbox 2544 853 2680 892; x_wconf 87' lang='lat' dir='ltr'>eum</span> <span class='ocrx_word' id='word_1_53' title='bbox 2711 837 2953 908; x_wconf 90' lang='lat' dir='ltr'>quidam</span> <span class='ocrx_word' id='word_1_54' title='bbox 3005 838 3105 908; x_wconf 86' lang='lat' dir='ltr'>qui</span> <span class='ocrx_word' id='word_1_55' title='bbox 3137 855 3172 894; x_wconf 89' lang='lat' dir='ltr'>a</span> <span class='ocrx_word' id='word_1_56' title='bbox 3201 838 3633 895; x_wconf 83' lang='lat' dir='ltr'>Macedoniana</span> <span class='ocrx_word' id='word_1_57' title='bbox 3662 847 3823 896; x_wconf 88' lang='lat' dir='ltr'>secta</span> 
     </span>
    </p>
   </div>
   <div class='ocr_carea' id='block_1_12' title="bbox 388 916 2045 1005">
    <p class='ocr_par' dir='ltr' id='par_1_12' title="bbox 388 916 2045 1005">
     <span class='ocr_line' id='line_1_12' title="bbox 388 916 2045 1005; baseline 0.007 -32"><span class='ocrx_word' id='word_1_58' title='bbox 388 916 652 975; x_wconf 81' lang='grc' dir='ltr'>δονιανῶν</span> <span class='ocrx_word' id='word_1_59' title='bbox 713 918 970 994; x_wconf 69' lang='grc' dir='ltr'>αἱρέσεως</span> <span class='ocrx_word' id='word_1_60' title='bbox 1026 928 1387 997; x_wconf 78' lang='grc' dir='ltr'>μετανοήσας.</span> <span class='ocrx_word' id='word_1_61' title='bbox 1454 932 1785 1005; x_wconf 75' lang='grc' dir='ltr'>Παραινὲσας</span> <span class='ocrx_word' id='word_1_62' title='bbox 1840 929 1898 986; x_wconf 70' lang='grc' dir='ltr'>δὲ</span> <span class='ocrx_word' id='word_1_63' title='bbox 1953 931 2045 985; x_wconf 79' lang='grc' dir='ltr'>καὶ</span> 
     </span>
    </p>
   </div>
   <div class='ocr_carea' id='block_1_13' title="bbox 386 1005 2043 1092">
    <p class='ocr_par' dir='ltr' id='par_1_13' title="bbox 386 1005 2043 1092">
     <span class='ocr_line' id='line_1_13' title="bbox 386 1005 2043 1092; baseline 0.007 -30"><span class='ocrx_word' id='word_1_64' title='bbox 386 1011 458 1079; x_wconf 80' lang='grc' dir='ltr'>τῇ</span> <span class='ocrx_word' id='word_1_65' title='bbox 512 1005 625 1079; x_wconf 80' lang='grc' dir='ltr'>ἱδίᾳ</span> <span class='ocrx_word' id='word_1_66' title='bbox 673 1015 887 1085; x_wconf 78' lang='grc' dir='ltr'>γαμετῇ</span> <span class='ocrx_word' id='word_1_67' title='bbox 937 1012 1256 1089; x_wconf 69' lang='grc' dir='ltr'>ἂπιστρὲψαι</span> <span class='ocrx_word' id='word_1_68' title='bbox 1301 1017 1392 1072; x_wconf 77' lang='grc' dir='ltr'>καὶ</span> <span class='ocrx_word' id='word_1_69' title='bbox 1445 1026 1775 1092; x_wconf 80' lang='grc' dir='ltr'>μετανοῆσαι</span> <span class='ocrx_word' id='word_1_70' title='bbox 1804 1020 1894 1076; x_wconf 82' lang='grc' dir='ltr'>καὶ</span> <span class='ocrx_word' id='word_1_71' title='bbox 1922 1041 2043 1075; x_wconf 89' lang='grc' dir='ltr'>κοι-</span> 
     </span>
    </p>
   </div>
   <div class='ocr_carea' id='block_1_14' title="bbox 382 1097 2040 1174">
    <p class='ocr_par' dir='ltr' id='par_1_14' title="bbox 382 1097 2040 1174">
     <span class='ocr_line' id='line_1_14' title="bbox 382 1097 2040 1174; baseline 0.008 -25"><span class='ocrx_word' id='word_1_72' title='bbox 382 1103 649 1166; x_wconf 81' lang='grc' dir='ltr'>νωνῆσαι,</span> <span class='ocrx_word' id='word_1_73' title='bbox 715 1097 884 1172; x_wconf 87' lang='grc' dir='ltr'>μόλις</span> <span class='ocrx_word' id='word_1_74' title='bbox 941 1100 1017 1164; x_wconf 84' lang='grc' dir='ltr'>ὡς</span> <span class='ocrx_word' id='word_1_75' title='bbox 1056 1098 1216 1172; x_wconf 81' lang='grc' dir='ltr'>δῆθεν</span> <span class='ocrx_word' id='word_1_76' title='bbox 1274 1100 1503 1165; x_wconf 78' lang='grc' dir='ltr'>ἔπεισεν.</span> <span class='ocrx_word' id='word_1_77' title='bbox 1544 1109 1610 1164; x_wconf 88' lang='grc' dir='ltr'><strong>Ἡ</strong></span> <span class='ocrx_word' id='word_1_78' title='bbox 1663 1105 1720 1163; x_wconf 73' lang='grc' dir='ltr'>δὲ</span> <span class='ocrx_word' id='word_1_79' title='bbox 1778 1105 1946 1164; x_wconf 73' lang='grc' dir='ltr'>δοῦσα</span> <span class='ocrx_word' id='word_1_80' title='bbox 1972 1112 2040 1174; x_wconf 85' lang='grc' dir='ltr'><strong>τῆ</strong></span> 
     </span>
    </p>
   </div>
   <div class='ocr_carea' id='block_1_15' title="bbox 381 1183 2040 1261">
    <p class='ocr_par' dir='ltr' id='par_1_15' title="bbox 381 1183 2040 1261">
     <span class='ocr_line' id='line_1_15' title="bbox 381 1183 2040 1261; baseline 0.007 -21"><span class='ocrx_word' id='word_1_81' title='bbox 381 1183 645 1261; x_wconf 80' lang='grc' dir='ltr'>παιδίσκῃ</span> <span class='ocrx_word' id='word_1_82' title='bbox 701 1189 991 1245; x_wconf 78' lang='grc' dir='ltr'>κοινωνίαν</span> <span class='ocrx_word' id='word_1_83' title='bbox 1076 1197 1184 1247; x_wconf 83' lang='grc' dir='ltr'>τῶν</span> <span class='ocrx_word' id='word_1_84' title='bbox 1272 1192 1691 1253; x_wconf 70' lang='grc' dir='ltr'>Μακεδονιανῶν</span> <span class='ocrx_word' id='word_1_85' title='bbox 1765 1196 2040 1254; x_wconf 69' lang='grc' dir='ltr'>ἐκέλευσεν</span> 
     </span>
    </p>
   </div>
   <div class='ocr_carea' id='block_1_16' title="bbox 379 1269 2042 1363">
    <p class='ocr_par' dir='ltr' id='par_1_16' title="bbox 379 1269 2042 1363">
     <span class='ocr_line' id='line_1_16' title="bbox 379 1269 2042 1363; baseline 0.008 -34"><span class='ocrx_word' id='word_1_86' title='bbox 379 1269 528 1350; x_wconf 82' lang='grc' dir='ltr'>ἔχειν</span> <span class='ocrx_word' id='word_1_87' title='bbox 571 1282 689 1349; x_wconf 88' lang='grc' dir='ltr'>μεθ’</span> <span class='ocrx_word' id='word_1_88' title='bbox 746 1277 963 1352; x_wconf 69' lang='grc' dir='ltr'>ἑαυτῆς.</span> <span class='ocrx_word' id='word_1_89' title='bbox 1026 1281 1125 1335; x_wconf 81' lang='grc' dir='ltr'>Καὶ</span> <span class='ocrx_word' id='word_1_90' title='bbox 1175 1278 1242 1352; x_wconf 77' lang='grc' dir='ltr'>δὴ</span> <span class='ocrx_word' id='word_1_91' title='bbox 1301 1284 1789 1359; x_wconf 84' lang='grc' dir='ltr'>προσελθοῦσατῷ</span> <span class='ocrx_word' id='word_1_92' title='bbox 1820 1290 2042 1363; x_wconf 80' lang='grc' dir='ltr'>Χρυσο-</span> 
     </span>
    </p>
   </div>
   <div class='ocr_carea' id='block_1_17' title="bbox 378 1364 2040 1450">
    <p class='ocr_par' dir='ltr' id='par_1_17' title="bbox 378 1364 2040 1450">
     <span class='ocr_line' id='line_1_17' title="bbox 378 1364 2040 1450; baseline 0.008 -31"><span class='ocrx_word' id='word_1_93' title='bbox 378 1364 589 1438; x_wconf 88' lang='grc' dir='ltr'>στόμῳ,</span> <span class='ocrx_word' id='word_1_94' title='bbox 648 1367 738 1421; x_wconf 73' lang='grc' dir='ltr'>καὶ</span> <span class='ocrx_word' id='word_1_95' title='bbox 798 1364 1060 1442; x_wconf 73' lang='grc' dir='ltr'>δεξαμένη</span> <span class='ocrx_word' id='word_1_96' title='bbox 1119 1372 1221 1439; x_wconf 78' lang='grc' dir='ltr'>τὴν</span> <span class='ocrx_word' id='word_1_97' title='bbox 1278 1373 1430 1450; x_wconf 68' lang='grc' dir='ltr'>ἁγίαν</span> <span class='ocrx_word' id='word_1_98' title='bbox 1483 1374 1767 1430; x_wconf 85' lang='grc' dir='ltr'>κοινωνίαν</span> <span class='ocrx_word' id='word_1_99' title='bbox 1826 1375 1887 1431; x_wconf 69' lang='grc' dir='ltr'>ἐκ</span> <span class='ocrx_word' id='word_1_100' title='bbox 1931 1380 2040 1431; x_wconf 82' lang='grc' dir='ltr'>τῶν</span> 
     </span>
    </p>
   </div>
   <div class='ocr_carea' id='block_1_18' title="bbox 375 1455 2036 1538">
    <p class='ocr_par' dir='ltr' id='par_1_18' title="bbox 375 1455 2036 1538">
     <span class='ocr_line' id='line_1_18' title="bbox 375 1455 2036 1538; baseline 0.007 -30"><span class='ocrx_word' id='word_1_101' title='bbox 375 1457 581 1529; x_wconf 73' lang='grc' dir='ltr'>χειρῶν</span> <span class='ocrx_word' id='word_1_102' title='bbox 642 1455 830 1524; x_wconf 75' lang='grc' dir='ltr'>αὐτοῦ,</span> <span class='ocrx_word' id='word_1_103' title='bbox 889 1457 1243 1534; x_wconf 79' lang='grc' dir='ltr'>ὑποκριθεῖσα</span> <span class='ocrx_word' id='word_1_104' title='bbox 1318 1462 1524 1534; x_wconf 91' lang='grc' dir='ltr'>ταύτης</span> <span class='ocrx_word' id='word_1_105' title='bbox 1599 1460 2036 1538; x_wconf 77' lang='grc' dir='ltr'>μεταλαμϐάνειν</span> 
     </span>
    </p>
   </div>
   <div class='ocr_carea' id='block_1_19' title="bbox 375 1540 2036 1621">
    <p class='ocr_par' dir='ltr' id='par_1_19' title="bbox 375 1540 2036 1621">
     <span class='ocr_line' id='line_1_19' title="bbox 375 1540 2036 1621; baseline 0.006 -22"><span class='ocrx_word' id='word_1_106' title='bbox 375 1540 578 1599; x_wconf 70' lang='grc' dir='ltr'>δέδωκε</span> <span class='ocrx_word' id='word_1_107' title='bbox 608 1549 678 1619; x_wconf 84' lang='grc' dir='ltr'>τῇ</span> <span class='ocrx_word' id='word_1_108' title='bbox 708 1543 989 1621; x_wconf 81' lang='grc' dir='ltr'>παιδίσκῃ,</span> <span class='ocrx_word' id='word_1_109' title='bbox 1025 1549 1115 1603; x_wconf 87' lang='grc' dir='ltr'>καὶ</span> <span class='ocrx_word' id='word_1_110' title='bbox 1162 1550 1263 1618; x_wconf 75' lang='grc' dir='ltr'>τήν</span> <span class='ocrx_word' id='word_1_111' title='bbox 1314 1552 1422 1607; x_wconf 84' lang='grc' dir='ltr'>τῶν</span> <span class='ocrx_word' id='word_1_112' title='bbox 1481 1550 1893 1609; x_wconf 82' lang='grc' dir='ltr'>Μακεδονιανῶν</span> <span class='ocrx_word' id='word_1_113' title='bbox 1927 1553 2036 1609; x_wconf 87' lang='grc' dir='ltr'>λα-</span> 
     </span>
    </p>
   </div>
   <div class='ocr_carea' id='block_1_20' title="bbox 376 1628 2033 1718">
    <p class='ocr_par' dir='ltr' id='par_1_20' title="bbox 376 1628 2033 1718">
     <span class='ocr_line' id='line_1_20' title="bbox 376 1628 2033 1718; baseline 0.007 -32"><span class='ocrx_word' id='word_1_114' title='bbox 376 1628 548 1688; x_wconf 80' lang='grc' dir='ltr'>ϐοῦσα</span> <span class='ocrx_word' id='word_1_115' title='bbox 605 1636 871 1711; x_wconf 76' lang='grc' dir='ltr'>προσάγει</span> <span class='ocrx_word' id='word_1_116' title='bbox 953 1640 1034 1709; x_wconf 79' lang='grc' dir='ltr'>τῷ</span> <span class='ocrx_word' id='word_1_117' title='bbox 1112 1638 1367 1712; x_wconf 69' lang='grc' dir='ltr'>στόματι,</span> <span class='ocrx_word' id='word_1_118' title='bbox 1424 1641 1515 1696; x_wconf 86' lang='grc' dir='ltr'>καὶ</span> <span class='ocrx_word' id='word_1_119' title='bbox 1575 1642 1810 1718; x_wconf 75' lang='grc' dir='ltr'>εὑρίσκει</span> <span class='ocrx_word' id='word_1_120' title='bbox 1866 1643 2033 1711; x_wconf 74' lang='grc' dir='ltr'>αὐτὴν</span> 
     </span>
    </p>
   </div>
   <div class='ocr_carea' id='block_1_21' title="bbox 378 1720 2037 1808">
    <p class='ocr_par' dir='ltr' id='par_1_21' title="bbox 378 1720 2037 1808">
     <span class='ocr_line' id='line_1_21' title="bbox 378 1720 2037 1808; baseline 0.006 -30"><span class='ocrx_word' id='word_1_121' title='bbox 378 1720 532 1778; x_wconf 88' lang='grc' dir='ltr'>λίθον</span> <span class='ocrx_word' id='word_1_122' title='bbox 586 1729 889 1798; x_wconf 85' lang='grc' dir='ltr'>γεγονυῖαν.</span> <span class='ocrx_word' id='word_1_123' title='bbox 950 1725 1191 1801; x_wconf 70' lang='grc' dir='ltr'>Φρίξασα</span> <span class='ocrx_word' id='word_1_124' title='bbox 1247 1727 1339 1784; x_wconf 75' lang='grc' dir='ltr'>οὖν</span> <span class='ocrx_word' id='word_1_125' title='bbox 1395 1730 1727 1806; x_wconf 79' lang='grc' dir='ltr'>προσπίπτει</span> <span class='ocrx_word' id='word_1_126' title='bbox 1780 1736 1860 1804; x_wconf 80' lang='grc' dir='ltr'>τῷ</span> <span class='ocrx_word' id='word_1_127' title='bbox 1898 1731 2037 1808; x_wconf 85' lang='grc' dir='ltr'>ἁγίῳ</span> 
     </span>
    </p>
   </div>
   <div class='ocr_carea' id='block_1_22' title="bbox 380 1810 2039 1896">
    <p class='ocr_par' dir='ltr' id='par_1_22' title="bbox 380 1810 2039 1896">
     <span class='ocr_line' id='line_1_22' title="bbox 380 1810 2039 1896; baseline 0.007 -30"><span class='ocrx_word' id='word_1_128' title='bbox 380 1810 718 1887; x_wconf 85' lang='grc' dir='ltr'>ὑπότρομος,</span> <span class='ocrx_word' id='word_1_129' title='bbox 777 1811 1164 1891; x_wconf 76' lang='grc' dir='ltr'>ἐξαγορεύουσα</span> <span class='ocrx_word' id='word_1_130' title='bbox 1216 1818 1279 1873; x_wconf 89' lang='grc' dir='ltr'>τὸ</span> <span class='ocrx_word' id='word_1_131' title='bbox 1332 1819 1604 1894; x_wconf 86' lang='grc' dir='ltr'>τόλμημα</span> <span class='ocrx_word' id='word_1_132' title='bbox 1652 1820 1742 1875; x_wconf 85' lang='grc' dir='ltr'>καὶ</span> <span class='ocrx_word' id='word_1_133' title='bbox 1803 1819 2039 1896; x_wconf 81' lang='grc' dir='ltr'>εἰλικρι-</span> 
     </span>
    </p>
   </div>
   <div class='ocr_carea' id='block_1_23' title="bbox 376 1903 1355 1979">
    <p class='ocr_par' dir='ltr' id='par_1_23' title="bbox 376 1903 1355 1979">
     <span class='ocr_line' id='line_1_23' title="bbox 376 1903 1355 1979; baseline 0.01 -25"><span class='ocrx_word' id='word_1_134' title='bbox 376 1903 486 1964; x_wconf 82' lang='grc' dir='ltr'>νῶς</span> <span class='ocrx_word' id='word_1_135' title='bbox 514 1903 934 1977; x_wconf 76' lang='grc' dir='ltr'>προσερχομένη</span> <span class='ocrx_word' id='word_1_136' title='bbox 970 1908 1040 1979; x_wconf 82' lang='grc' dir='ltr'>τῇ</span> <span class='ocrx_word' id='word_1_137' title='bbox 1071 1904 1355 1978; x_wconf 75' lang='grc' dir='ltr'>ἐκκλησίᾳ.</span> 
     </span>
    </p>
   </div>
   <div class='ocr_carea' id='block_1_24' title="bbox 445 1988 2027 2079">
    <p class='ocr_par' dir='ltr' id='par_1_24' title="bbox 445 1988 2027 2079">
     <span class='ocr_line' id='line_1_24' title="bbox 445 1988 2027 2079; baseline 0.008 -35"><span class='ocrx_word' id='word_1_138' title='bbox 445 1988 719 2064; x_wconf 77' lang='grc' dir='ltr'>Κύριλλος</span> <span class='ocrx_word' id='word_1_139' title='bbox 769 1989 828 2047; x_wconf 75' lang='grc' dir='ltr'>δὲ</span> <span class='ocrx_word' id='word_1_140' title='bbox 880 1992 909 2048; x_wconf 89' lang='grc' dir='ltr'><strong>ὁ</strong></span> <span class='ocrx_word' id='word_1_141' title='bbox 965 1994 1271 2069; x_wconf 81' lang='grc' dir='ltr'>ἁγιώτατος</span> <span class='ocrx_word' id='word_1_142' title='bbox 1330 1995 1743 2073; x_wconf 76' lang='grc' dir='ltr'>Ἀλεξανδρείας</span> <span class='ocrx_word' id='word_1_143' title='bbox 1772 2000 2027 2079; x_wconf 76' lang='grc' dir='ltr'>ἆρχιεπίο</span> 
     </span>
    </p>
   </div>
   <div class='ocr_carea' id='block_1_25' title="bbox 368 2081 2030 2165">
    <p class='ocr_par' dir='ltr' id='par_1_25' title="bbox 368 2081 2030 2165">
     <span class='ocr_line' id='line_1_25' title="bbox 368 2081 2030 2165; baseline 0.007 -31"><span class='ocrx_word' id='word_1_144' title='bbox 368 2100 573 2143; x_wconf 88' lang='grc' dir='ltr'>σκοπος</span> <span class='ocrx_word' id='word_1_145' title='bbox 630 2081 848 2155; x_wconf 78' lang='grc' dir='ltr'>ἀνεψιὸς</span> <span class='ocrx_word' id='word_1_146' title='bbox 899 2084 966 2153; x_wconf 81' lang='grc' dir='ltr'>ἦν</span> <span class='ocrx_word' id='word_1_147' title='bbox 1028 2085 1301 2159; x_wconf 77' lang='grc' dir='ltr'>Θεοφίλου</span> <span class='ocrx_word' id='word_1_148' title='bbox 1357 2090 1495 2143; x_wconf 77' lang='grc' dir='ltr'>κατὰ</span> <span class='ocrx_word' id='word_1_149' title='bbox 1551 2090 1744 2165; x_wconf 79' lang='grc' dir='ltr'>σάρκα.</span> <span class='ocrx_word' id='word_1_150' title='bbox 1801 2092 1945 2151; x_wconf 83' lang='grc' dir='ltr'>Ἕως</span> <span class='ocrx_word' id='word_1_151' title='bbox 1973 2088 2030 2146; x_wconf 75' lang='grc' dir='ltr'>δὲ</span> 
     </span>
    </p>
   </div>
   <div class='ocr_carea' id='block_1_26' title="bbox 369 2170 2026 2251">
    <p class='ocr_par' dir='ltr' id='par_1_26' title="bbox 369 2170 2026 2251">
     <span class='ocr_line' id='line_1_26' title="bbox 369 2170 2026 2251; baseline 0.007 -28"><span class='ocrx_word' id='word_1_152' title='bbox 369 2170 587 2245; x_wconf 77' lang='grc' dir='ltr'>χρόνων</span> <span class='ocrx_word' id='word_1_153' title='bbox 614 2176 773 2226; x_wconf 81' lang='grc' dir='ltr'>τινῶν</span> <span class='ocrx_word' id='word_1_154' title='bbox 823 2171 913 2227; x_wconf 83' lang='grc' dir='ltr'>καὶ</span> <span class='ocrx_word' id='word_1_155' title='bbox 974 2172 1135 2238; x_wconf 81' lang='grc' dir='ltr'>αὐτὸς</span> <span class='ocrx_word' id='word_1_156' title='bbox 1188 2175 1468 2251; x_wconf 72' lang='grc' dir='ltr'>προλήψει</span> <span class='ocrx_word' id='word_1_157' title='bbox 1500 2179 1613 2251; x_wconf 78' lang='grc'>(45)</span> <span class='ocrx_word' id='word_1_158' title='bbox 1643 2175 1916 2233; x_wconf 82' lang='grc' dir='ltr'>δουλεύων</span> <span class='ocrx_word' id='word_1_159' title='bbox 1951 2180 2026 2242; x_wconf 84' lang='grc' dir='ltr'>ὡς</span> 
     </span>
    </p>
   </div>
   <div class='ocr_carea' id='block_1_27' title="bbox 365 2256 2023 2343">
    <p class='ocr_par' dir='ltr' id='par_1_27' title="bbox 365 2256 2023 2343">
     <span class='ocr_line' id='line_1_27' title="bbox 365 2256 2023 2343; baseline 0.004 -28"><span class='ocrx_word' id='word_1_160' title='bbox 365 2256 677 2333; x_wconf 76' lang='grc' dir='ltr'>ἄνθρωπος,</span> <span class='ocrx_word' id='word_1_161' title='bbox 735 2260 825 2316; x_wconf 82' lang='grc' dir='ltr'>καὶ</span> <span class='ocrx_word' id='word_1_162' title='bbox 880 2265 962 2334; x_wconf 80' lang='grc' dir='ltr'>τῷ</span> <span class='ocrx_word' id='word_1_163' title='bbox 1015 2261 1267 2343; x_wconf 78' lang='grc' dir='ltr'>Θεοφίλῳ</span> <span class='ocrx_word' id='word_1_164' title='bbox 1299 2265 1374 2328; x_wconf 83' lang='grc' dir='ltr'>ὡς</span> <span class='ocrx_word' id='word_1_165' title='bbox 1428 2267 1559 2339; x_wconf 84' lang='grc' dir='ltr'>θείῳ</span> <span class='ocrx_word' id='word_1_166' title='bbox 1613 2265 2023 2339; x_wconf 76' lang='grc' dir='ltr'>ἐπακολουθῶν,</span> 
     </span>
    </p>
   </div>
   <div class='ocr_carea' id='block_1_28' title="bbox 362 2351 2024 2439">
    <p class='ocr_par' dir='ltr' id='par_1_28' title="bbox 362 2351 2024 2439">
     <span class='ocr_line' id='line_1_28' title="bbox 362 2351 2024 2439; baseline 0.006 -35"><span class='ocrx_word' id='word_1_167' title='bbox 362 2351 579 2426; x_wconf 86' lang='grc' dir='ltr'>πονηρὰ</span> <span class='ocrx_word' id='word_1_168' title='bbox 632 2353 775 2439; x_wconf 10' lang='grc' dir='ltr'>κατὰ,</span> <span class='ocrx_word' id='word_1_169' title='bbox 822 2357 921 2407; x_wconf 74' lang='grc' dir='ltr'>τοῦ</span> <span class='ocrx_word' id='word_1_170' title='bbox 979 2354 1373 2429; x_wconf 84' lang='grc' dir='ltr'>Χρυσοστόμου</span> <span class='ocrx_word' id='word_1_171' title='bbox 1430 2356 1643 2437; x_wconf 72' lang='grc' dir='ltr'>ἔφρόνει</span> <span class='ocrx_word' id='word_1_172' title='bbox 1700 2379 1760 2414; x_wconf 86' lang='grc' dir='ltr'>τε</span> <span class='ocrx_word' id='word_1_173' title='bbox 1794 2358 1888 2413; x_wconf 82' lang='grc' dir='ltr'>καὶ</span> <span class='ocrx_word' id='word_1_174' title='bbox 1938 2358 2024 2439; x_wconf 79' lang='grc' dir='ltr'>ἐφ-</span> 
     </span>
    </p>
   </div>
   <div class='ocr_carea' id='block_1_29' title="bbox 363 2438 2023 2525">
    <p class='ocr_par' dir='ltr' id='par_1_29' title="bbox 363 2438 2023 2525">
     <span class='ocr_line' id='line_1_29' title="bbox 363 2438 2023 2525; baseline 0.007 -31"><span class='ocrx_word' id='word_1_175' title='bbox 363 2441 605 2515; x_wconf 65' lang='grc' dir='ltr'>θέγγετο·</span> <span class='ocrx_word' id='word_1_176' title='bbox 638 2438 826 2512; x_wconf 82' lang='grc' dir='ltr'>ἐπειδή</span> <span class='ocrx_word' id='word_1_177' title='bbox 861 2439 918 2497; x_wconf 75' lang='grc' dir='ltr'>δὲ</span> <span class='ocrx_word' id='word_1_178' title='bbox 947 2442 1118 2512; x_wconf 79' lang='grc' dir='ltr'>ζῆλος</span> <span class='ocrx_word' id='word_1_179' title='bbox 1151 2444 1245 2517; x_wconf 81' lang='grc' dir='ltr'>ἦν,</span> <span class='ocrx_word' id='word_1_180' title='bbox 1291 2444 1346 2500; x_wconf 82' lang='grc' dir='ltr'>εἷ’</span> <span class='ocrx_word' id='word_1_181' title='bbox 1383 2448 1472 2501; x_wconf 80' lang='grc' dir='ltr'>καὶ</span> <span class='ocrx_word' id='word_1_182' title='bbox 1531 2449 1607 2519; x_wconf 76' lang='grc' dir='ltr'>μὴ</span> <span class='ocrx_word' id='word_1_183' title='bbox 1642 2451 1761 2504; x_wconf 80' lang='grc' dir='ltr'>κατ’</span> <span class='ocrx_word' id='word_1_184' title='bbox 1789 2438 2023 2525; x_wconf 76' lang='grc' dir='ltr'>ἐπίγνω-</span> 
     </span>
    </p>
   </div>
   <div class='ocr_carea' id='block_1_30' title="bbox 364 2527 2023 2614">
    <p class='ocr_par' dir='ltr' id='par_1_30' title="bbox 364 2527 2023 2614">
     <span class='ocr_line' id='line_1_30' title="bbox 364 2527 2023 2614; baseline 0.005 -29"><span class='ocrx_word' id='word_1_185' title='bbox 364 2551 468 2600; x_wconf 89' lang='grc' dir='ltr'>σιν,</span> <span class='ocrx_word' id='word_1_186' title='bbox 504 2530 569 2586; x_wconf 80' lang='grc' dir='ltr'>οὗ</span> <span class='ocrx_word' id='word_1_187' title='bbox 605 2529 802 2608; x_wconf 87' lang='grc' dir='ltr'>φθόνος</span> <span class='ocrx_word' id='word_1_188' title='bbox 851 2527 910 2586; x_wconf 76' lang='grc' dir='ltr'>δὲ</span> <span class='ocrx_word' id='word_1_189' title='bbox 961 2530 1078 2587; x_wconf 80' lang='grc' dir='ltr'>οὐδ’</span> <span class='ocrx_word' id='word_1_190' title='bbox 1118 2530 1362 2598; x_wconf 80' lang='grc' dir='ltr'>ἔνστασις</span> <span class='ocrx_word' id='word_1_191' title='bbox 1413 2530 1711 2606; x_wconf 84' lang='grc' dir='ltr'>διαϐολική</span> <span class='ocrx_word' id='word_1_192' title='bbox 1740 2538 1805 2592; x_wconf 85' lang='grc' dir='ltr'>τὸ</span> <span class='ocrx_word' id='word_1_193' title='bbox 1838 2540 2023 2614; x_wconf 84' lang='grc' dir='ltr'>μαχό-</span> 
     </span>
    </p>
   </div>
   <div class='ocr_carea' id='block_1_31' title="bbox 372 2616 2022 2698">
    <p class='ocr_par' dir='ltr' id='par_1_31' title="bbox 372 2616 2022 2698">
     <span class='ocr_line' id='line_1_31' title="bbox 372 2616 2022 2698; baseline 0.005 -24"><span class='ocrx_word' id='word_1_194' title='bbox 372 2641 554 2695; x_wconf 86' lang='grc' dir='ltr'>μενον,</span> <span class='ocrx_word' id='word_1_195' title='bbox 596 2616 684 2675; x_wconf 83' lang='grc' dir='ltr'>διὰ</span> <span class='ocrx_word' id='word_1_196' title='bbox 728 2623 892 2676; x_wconf 73' lang='grc' dir='ltr'>τοῦτο</span> <span class='ocrx_word' id='word_1_197' title='bbox 942 2618 1088 2691; x_wconf 81' lang='grc' dir='ltr'>ἄξιος</span> <span class='ocrx_word' id='word_1_198' title='bbox 1121 2620 1466 2698; x_wconf 84' lang='grc' dir='ltr'>διορθώσεως</span> <span class='ocrx_word' id='word_1_199' title='bbox 1518 2622 1707 2698; x_wconf 74' lang='grc' dir='ltr'>ἐκρίθη</span> <span class='ocrx_word' id='word_1_200' title='bbox 1738 2625 2022 2682; x_wconf 83' lang='grc' dir='ltr'>ἀποκαλύ-</span> 
     </span>
    </p>
   </div>
   <div class='ocr_carea' id='block_1_32' title="bbox 364 2709 2016 2795">
    <p class='ocr_par' dir='ltr' id='par_1_32' title="bbox 364 2709 2016 2795">
     <span class='ocr_line' id='line_1_32' title="bbox 364 2709 2016 2795; baseline 0.004 -30"><span class='ocrx_word' id='word_1_201' title='bbox 364 2713 453 2795; x_wconf 71' lang='grc' dir='ltr'>ψει</span> <span class='ocrx_word' id='word_1_202' title='bbox 481 2709 590 2765; x_wconf 87' lang='grc' dir='ltr'>τινί</span> <span class='ocrx_word' id='word_1_203' title='bbox 632 2712 893 2783; x_wconf 83' lang='grc' dir='ltr'>μυστικῇ,</span> <span class='ocrx_word' id='word_1_204' title='bbox 950 2710 1005 2765; x_wconf 85' lang='grc' dir='ltr'>ἐν</span> <span class='ocrx_word' id='word_1_205' title='bbox 1140 2709 1315 2767; x_wconf 80' lang='grc' dir='ltr'>ἐδόκει</span> <span class='ocrx_word' id='word_1_206' title='bbox 1364 2712 1645 2788; x_wconf 77' lang='grc' dir='ltr'>εὑρεθῆναι</span> <span class='ocrx_word' id='word_1_207' title='bbox 1693 2710 1750 2770; x_wconf 78' lang='grc' dir='ltr'>’ἐν</span> <span class='ocrx_word' id='word_1_208' title='bbox 1781 2736 1886 2770; x_wconf 90' lang='grc' dir='ltr'>τινι</span> <span class='ocrx_word' id='word_1_209' title='bbox 1918 2737 2016 2795; x_wconf 84' lang='grc' dir='ltr'>φο-</span> 
     </span>
    </p>
   </div>
   <div class='ocr_carea' id='block_1_33' title="bbox 361 2793 2015 2880">
    <p class='ocr_par' dir='ltr' id='par_1_33' title="bbox 361 2793 2015 2880">
     <span class='ocr_line' id='line_1_33' title="bbox 361 2793 2015 2880; baseline -0.003 -27"><span class='ocrx_word' id='word_1_210' title='bbox 361 2793 507 2873; x_wconf 85' lang='grc' dir='ltr'>ϐερῷ</span> <span class='ocrx_word' id='word_1_211' title='bbox 533 2798 625 2855; x_wconf 84' lang='grc' dir='ltr'>καὶ</span> <span class='ocrx_word' id='word_1_212' title='bbox 654 2796 985 2873; x_wconf 85' lang='grc' dir='ltr'>περικαλλεῖ</span> <span class='ocrx_word' id='word_1_213' title='bbox 1010 2800 1186 2873; x_wconf 86' lang='grc' dir='ltr'>τόπῳ,</span> <span class='ocrx_word' id='word_1_214' title='bbox 1245 2799 1298 2855; x_wconf 82' lang='grc' dir='ltr'>ἐν</span> <span class='ocrx_word' id='word_1_215' title='bbox 1358 2800 1405 2873; x_wconf 86' lang='grc' dir='ltr'>ᾧ</span> <span class='ocrx_word' id='word_1_216' title='bbox 1460 2801 1653 2874; x_wconf 74' lang='grc' dir='ltr'>πλήθη</span> <span class='ocrx_word' id='word_1_217' title='bbox 1710 2804 1879 2880; x_wconf 79' lang='grc' dir='ltr'>ἁγίων</span> <span class='ocrx_word' id='word_1_218' title='bbox 1909 2793 2015 2880; x_wconf 71' lang='grc' dir='ltr'>ἆγ-</span> 
     </span>
    </p>
   </div>
   <div class='ocr_carea' id='block_1_34' title="bbox 355 2886 2016 2969">
    <p class='ocr_par' dir='ltr' id='par_1_34' title="bbox 355 2886 2016 2969">
     <span class='ocr_line' id='line_1_34' title="bbox 355 2886 2016 2969; baseline 0.004 -27"><span class='ocrx_word' id='word_1_219' title='bbox 355 2886 533 2963; x_wconf 69' lang='grc' dir='ltr'>γέλων</span> <span class='ocrx_word' id='word_1_220' title='bbox 588 2889 1017 2962; x_wconf 74' lang='grc' dir='ltr'>παρειστήκεσαν</span> <span class='ocrx_word' id='word_1_221' title='bbox 1091 2892 1162 2965; x_wconf 80' lang='grc' dir='ltr'>τῇ</span> <span class='ocrx_word' id='word_1_222' title='bbox 1242 2893 1575 2964; x_wconf 75' lang='grc' dir='ltr'>Θεομήτορι,</span> <span class='ocrx_word' id='word_1_223' title='bbox 1642 2892 1899 2969; x_wconf 85' lang='grc' dir='ltr'>σύνεγγυς</span> <span class='ocrx_word' id='word_1_224' title='bbox 1958 2891 2016 2949; x_wconf 79' lang='grc' dir='ltr'>δὲ</span> 
     </span>
    </p>
   </div>
   <div class='ocr_carea' id='block_1_35' title="bbox 356 2974 2008 3057">
    <p class='ocr_par' dir='ltr' id='par_1_35' title="bbox 356 2974 2008 3057">
     <span class='ocr_line' id='line_1_35' title="bbox 356 2974 2008 3057; baseline 0.003 -24"><span class='ocrx_word' id='word_1_225' title='bbox 356 2977 558 3048; x_wconf 78' lang='grc' dir='ltr'>ταύτης</span> <span class='ocrx_word' id='word_1_226' title='bbox 612 2977 706 3032; x_wconf 86' lang='grc' dir='ltr'>τὸν</span> <span class='ocrx_word' id='word_1_227' title='bbox 770 2974 932 3052; x_wconf 75' lang='grc' dir='ltr'>μέγαν</span> <span class='ocrx_word' id='word_1_228' title='bbox 1011 2979 1418 3054; x_wconf 86' lang='grc' dir='ltr'>Χρυσόστομον·</span> <span class='ocrx_word' id='word_1_229' title='bbox 1475 2982 1643 3044; x_wconf 79' lang='grc' dir='ltr'>’Ένθα</span> <span class='ocrx_word' id='word_1_230' title='bbox 1698 2977 1757 3036; x_wconf 67' lang='grc' dir='ltr'>δὲ</span> <span class='ocrx_word' id='word_1_231' title='bbox 1812 3002 2008 3057; x_wconf 88' lang='grc' dir='ltr'>πειρα-</span> 
     </span>
    </p>
   </div>
   <div class='ocr_carea' id='block_1_36' title="bbox 354 3063 2011 3145">
    <p class='ocr_par' dir='ltr' id='par_1_36' title="bbox 354 3063 2011 3145">
     <span class='ocr_line' id='line_1_36' title="bbox 354 3063 2011 3145; baseline 0.005 -26"><span class='ocrx_word' id='word_1_232' title='bbox 354 3066 506 3120; x_wconf 73' lang='grc' dir='ltr'>θὲντα</span> <span class='ocrx_word' id='word_1_233' title='bbox 558 3063 830 3139; x_wconf 76' lang='grc' dir='ltr'>Κύριλλον</span> <span class='ocrx_word' id='word_1_234' title='bbox 875 3064 1182 3136; x_wconf 89' lang='grc' dir='ltr'>πλησιάσαι</span> <span class='ocrx_word' id='word_1_235' title='bbox 1232 3066 1541 3141; x_wconf 73' lang='grc' dir='ltr'>ἐξωθεῖσθαι</span> <span class='ocrx_word' id='word_1_236' title='bbox 1594 3072 1882 3145; x_wconf 77' lang='grc' dir='ltr'>προστάξει</span> <span class='ocrx_word' id='word_1_237' title='bbox 1912 3077 2011 3127; x_wconf 81' lang='grc' dir='ltr'>τοῦ</span> 
     </span>
    </p>
   </div>
   <div class='ocr_carea' id='block_1_37' title="bbox 357 3152 2007 3235">
    <p class='ocr_par' dir='ltr' id='par_1_37' title="bbox 357 3152 2007 3235">
     <span class='ocr_line' id='line_1_37' title="bbox 357 3152 2007 3235; baseline 0.003 -24"><span class='ocrx_word' id='word_1_238' title='bbox 357 3154 631 3222; x_wconf 84' lang='grc' dir='ltr'>Ἰωάννου,</span> <span class='ocrx_word' id='word_1_239' title='bbox 658 3155 756 3223; x_wconf 74' lang='grc' dir='ltr'>τὴν</span> <span class='ocrx_word' id='word_1_240' title='bbox 821 3154 1038 3230; x_wconf 84' lang='grc' dir='ltr'>μητάρα</span> <span class='ocrx_word' id='word_1_241' title='bbox 1104 3152 1161 3211; x_wconf 73' lang='grc' dir='ltr'>δὲ</span> <span class='ocrx_word' id='word_1_242' title='bbox 1210 3161 1309 3212; x_wconf 80' lang='grc' dir='ltr'>τοῦ</span> <span class='ocrx_word' id='word_1_243' title='bbox 1367 3157 1569 3230; x_wconf 83' lang='grc' dir='ltr'>Κυρίου</span> <span class='ocrx_word' id='word_1_244' title='bbox 1607 3154 2007 3235; x_wconf 87' lang='grc' dir='ltr'>πρεσϐεύουσαν</span> 
     </span>
    </p>
   </div>
   <div class='ocr_carea' id='block_1_38' title="bbox 2156 924 3824 1002">
    <p class='ocr_par' dir='ltr' id='par_1_38' title="bbox 2156 924 3824 1002">
     <span class='ocr_line' id='line_1_38' title="bbox 2156 924 3824 1002; baseline 0.004 -24"><span class='ocrx_word' id='word_1_245' title='bbox 2156 924 2218 980; x_wconf 87' lang='lat' dir='ltr'>in</span> <span class='ocrx_word' id='word_1_246' title='bbox 2250 926 2403 980; x_wconf 89' lang='lat' dir='ltr'>viam</span> <span class='ocrx_word' id='word_1_247' title='bbox 2434 925 2712 995; x_wconf 82' lang='lat' dir='ltr'>redierat,</span> <span class='ocrx_word' id='word_1_248' title='bbox 2747 931 2805 980; x_wconf 91' lang='lat' dir='ltr'>et</span> <span class='ocrx_word' id='word_1_249' title='bbox 2836 943 3079 982; x_wconf 88' lang='lat' dir='ltr'>uxorem</span> <span class='ocrx_word' id='word_1_250' title='bbox 3114 944 3350 998; x_wconf 89' lang='lat' dir='ltr'>quoque</span> <span class='ocrx_word' id='word_1_251' title='bbox 3382 928 3457 983; x_wconf 90' lang='lat' dir='ltr'>ad</span> <span class='ocrx_word' id='word_1_252' title='bbox 3490 928 3650 983; x_wconf 89' lang='lat' dir='ltr'>idem</span> <span class='ocrx_word' id='word_1_253' title='bbox 3687 947 3824 1002; x_wconf 88' lang='lat' dir='ltr'>ope-</span> 
     </span>
    </p>
   </div>
   <div class='ocr_carea' id='block_1_39' title="bbox 2152 1015 3819 1090">
    <p class='ocr_par' dir='ltr' id='par_1_39' title="bbox 2152 1015 3819 1090">
     <span class='ocr_line' id='line_1_39' title="bbox 2152 1015 3819 1090; baseline 0.003 -21"><span class='ocrx_word' id='word_1_254' title='bbox 2152 1030 2285 1069; x_wconf 88' lang='lat' dir='ltr'>rose</span> <span class='ocrx_word' id='word_1_255' title='bbox 2318 1015 3044 1087; x_wconf 88' lang='lat' dir='ltr'>exhortatus,impetrasse</span> <span class='ocrx_word' id='word_1_256' title='bbox 3066 1017 3138 1071; x_wconf 91' lang='lat' dir='ltr'>ab</span> <span class='ocrx_word' id='word_1_257' title='bbox 3162 1032 3233 1071; x_wconf 88' lang='lat' dir='ltr'>ea</span> <span class='ocrx_word' id='word_1_258' title='bbox 3262 1017 3578 1073; x_wconf 81' lang='lat' dir='ltr'>videbatur</span> <span class='ocrx_word' id='word_1_259' title='bbox 3599 1025 3665 1073; x_wconf 89' lang='lat' dir='ltr'>ut</span> <span class='ocrx_word' id='word_1_260' title='bbox 3689 1018 3819 1090; x_wconf 88' lang='lat' dir='ltr'>ipsa</span> 
     </span>
    </p>
   </div>
   <div class='ocr_carea' id='block_1_40' title="bbox 2155 1103 3818 1174">
    <p class='ocr_par' dir='ltr' id='par_1_40' title="bbox 2155 1103 3818 1174">
     <span class='ocr_line' id='line_1_40' title="bbox 2155 1103 3818 1174; baseline 0.004 -17"><span class='ocrx_word' id='word_1_261' title='bbox 2155 1119 2392 1174; x_wconf 90' lang='lat' dir='ltr'>quoque</span> <span class='ocrx_word' id='word_1_262' title='bbox 2422 1103 2496 1159; x_wconf 88' lang='lat' dir='ltr'>ad</span> <span class='ocrx_word' id='word_1_263' title='bbox 2528 1120 2725 1159; x_wconf 88' lang='lat' dir='ltr'>veram</span> <span class='ocrx_word' id='word_1_264' title='bbox 2759 1120 2963 1159; x_wconf 80' lang='lat' dir='ltr'>secum</span> <span class='ocrx_word' id='word_1_265' title='bbox 3011 1105 3334 1161; x_wconf 89' lang='lat' dir='ltr'>Ecclesiam</span> <span class='ocrx_word' id='word_1_266' title='bbox 3365 1105 3591 1161; x_wconf 84' lang='lat' dir='ltr'>rediret</span> <span class='ocrx_word' id='word_1_267' title='bbox 3621 1124 3689 1162; x_wconf 91' lang='lat' dir='ltr'>ac</span> <span class='ocrx_word' id='word_1_268' title='bbox 3722 1125 3818 1163; x_wconf 89' lang='lat' dir='ltr'>sa-</span> 
     </span>
    </p>
   </div>
   <div class='ocr_carea' id='block_1_41' title="bbox 2153 1194 3817 1266">
    <p class='ocr_par' dir='ltr' id='par_1_41' title="bbox 2153 1194 3817 1266">
     <span class='ocr_line' id='line_1_41' title="bbox 2153 1194 3817 1266; baseline 0.003 -19"><span class='ocrx_word' id='word_1_269' title='bbox 2153 1198 2524 1249; x_wconf 89' lang='lat' dir='ltr'>cramentum</span> <span class='ocrx_word' id='word_1_270' title='bbox 2555 1194 3042 1249; x_wconf 86' lang='lat' dir='ltr'>communicaret.</span> <span class='ocrx_word' id='word_1_271' title='bbox 3078 1195 3213 1249; x_wconf 88' lang='lat' dir='ltr'>Hac</span> <span class='ocrx_word' id='word_1_272' title='bbox 3238 1194 3591 1266; x_wconf 80' lang='lat' dir='ltr'>particulam</span> <span class='ocrx_word' id='word_1_273' title='bbox 3628 1198 3817 1252; x_wconf 80' lang='lat' dir='ltr'>Mace-</span> 
     </span>
    </p>
   </div>
   <div class='ocr_carea' id='block_1_42' title="bbox 2149 1281 3813 1354">
    <p class='ocr_par' dir='ltr' id='par_1_42' title="bbox 2149 1281 3813 1354">
     <span class='ocr_line' id='line_1_42' title="bbox 2149 1281 3813 1354; baseline 0.005 -18"><span class='ocrx_word' id='word_1_274' title='bbox 2149 1281 2470 1337; x_wconf 88' lang='lat' dir='ltr'>donianam</span> <span class='ocrx_word' id='word_1_275' title='bbox 2501 1283 2731 1338; x_wconf 90' lang='lat' dir='ltr'>ancilla</span> <span class='ocrx_word' id='word_1_276' title='bbox 2765 1283 2883 1349; x_wconf 90' lang='lat' dir='ltr'>dat,</span> <span class='ocrx_word' id='word_1_277' title='bbox 2910 1282 3201 1354; x_wconf 90' lang='lat' dir='ltr'>jubetque</span> <span class='ocrx_word' id='word_1_278' title='bbox 3234 1299 3437 1339; x_wconf 91' lang='lat' dir='ltr'>secum</span> <span class='ocrx_word' id='word_1_279' title='bbox 3464 1300 3766 1341; x_wconf 81' lang='lat' dir='ltr'>asservare</span> <span class='ocrx_word' id='word_1_280' title='bbox 3798 1295 3813 1344; x_wconf 78' lang='grc' dir='ltr'>ς</span> 
     </span>
    </p>
   </div>
   <div class='ocr_carea' id='block_1_43' title="bbox 2148 1372 3816 1447">
    <p class='ocr_par' dir='ltr' id='par_1_43' title="bbox 2148 1372 3816 1447">
     <span class='ocr_line' id='line_1_43' title="bbox 2148 1372 3816 1447; baseline 0.002 -20"><span class='ocrx_word' id='word_1_281' title='bbox 2148 1376 2208 1427; x_wconf 88' lang='lat' dir='ltr'>et</span> <span class='ocrx_word' id='word_1_282' title='bbox 2234 1373 2310 1427; x_wconf 88' lang='lat' dir='ltr'>ad</span> <span class='ocrx_word' id='word_1_283' title='bbox 2338 1372 2824 1445; x_wconf 79' lang='lat' dir='ltr'>Chrysostomum</span> <span class='ocrx_word' id='word_1_284' title='bbox 2847 1389 3142 1446; x_wconf 80' lang='lat' dir='ltr'>aggressa,</span> <span class='ocrx_word' id='word_1_285' title='bbox 3182 1390 3319 1429; x_wconf 91' lang='lat' dir='ltr'>cum</span> <span class='ocrx_word' id='word_1_286' title='bbox 3366 1391 3595 1430; x_wconf 88' lang='lat' dir='ltr'>sacram</span> <span class='ocrx_word' id='word_1_287' title='bbox 3626 1376 3816 1447; x_wconf 90' lang='lat' dir='ltr'>parti-</span> 
     </span>
    </p>
   </div>
   <div class='ocr_carea' id='block_1_44' title="bbox 2147 1460 3811 1536">
    <p class='ocr_par' dir='ltr' id='par_1_44' title="bbox 2147 1460 3811 1536">
     <span class='ocr_line' id='line_1_44' title="bbox 2147 1460 3811 1536; baseline 0.003 -21"><span class='ocrx_word' id='word_1_288' title='bbox 2147 1460 2344 1517; x_wconf 92' lang='lat' dir='ltr'>culam</span> <span class='ocrx_word' id='word_1_289' title='bbox 2375 1461 2448 1517; x_wconf 91' lang='lat' dir='ltr'>de</span> <span class='ocrx_word' id='word_1_290' title='bbox 2493 1463 2770 1518; x_wconf 88' lang='lat' dir='ltr'>manibus</span> <span class='ocrx_word' id='word_1_291' title='bbox 2822 1464 2953 1530; x_wconf 89' lang='lat' dir='ltr'>eius</span> <span class='ocrx_word' id='word_1_292' title='bbox 3003 1463 3350 1535; x_wconf 87' lang='lat' dir='ltr'>accepisset,</span> <span class='ocrx_word' id='word_1_293' title='bbox 3385 1464 3617 1536; x_wconf 82' lang='lat' dir='ltr'>[ingens</span> <span class='ocrx_word' id='word_1_294' title='bbox 3648 1481 3717 1520; x_wconf 91' lang='lat' dir='ltr'>ea</span> <span class='ocrx_word' id='word_1_295' title='bbox 3749 1482 3811 1520; x_wconf 92' lang='lat' dir='ltr'>se</span> 
     </span>
    </p>
   </div>
   <div class='ocr_carea' id='block_1_45' title="bbox 2145 1551 3806 1625">
    <p class='ocr_par' dir='ltr' id='par_1_45' title="bbox 2145 1551 3806 1625">
     <span class='ocr_line' id='line_1_45' title="bbox 2145 1551 3806 1625; baseline 0.004 -22"><span class='ocrx_word' id='word_1_296' title='bbox 2145 1551 2299 1605; x_wconf 88' lang='lat' dir='ltr'>vesci</span> <span class='ocrx_word' id='word_1_297' title='bbox 2332 1551 2566 1607; x_wconf 89' lang='lat' dir='ltr'>ancilla</span> <span class='ocrx_word' id='word_1_298' title='bbox 2605 1568 2737 1607; x_wconf 90' lang='lat' dir='ltr'>eam</span> <span class='ocrx_word' id='word_1_299' title='bbox 2790 1553 3054 1625; x_wconf 82' lang='lat' dir='ltr'>porrigit,</span> <span class='ocrx_word' id='word_1_300' title='bbox 3094 1552 3700 1625; x_wconf 85' lang='lat' dir='ltr'>Macedonianamque</span> <span class='ocrx_word' id='word_1_301' title='bbox 3732 1555 3806 1609; x_wconf 90' lang='lat' dir='ltr'>ab</span> 
     </span>
    </p>
   </div>
   <div class='ocr_carea' id='block_1_46' title="bbox 2145 1643 3805 1713">
    <p class='ocr_par' dir='ltr' id='par_1_46' title="bbox 2145 1643 3805 1713">
     <span class='ocr_line' id='line_1_46' title="bbox 2145 1643 3805 1713; baseline 0.002 -18"><span class='ocrx_word' id='word_1_302' title='bbox 2145 1656 2216 1695; x_wconf 91' lang='lat' dir='ltr'>ea</span> <span class='ocrx_word' id='word_1_303' title='bbox 2247 1646 2543 1712; x_wconf 88' lang='lat' dir='ltr'>repetens,</span> <span class='ocrx_word' id='word_1_304' title='bbox 2572 1658 2708 1698; x_wconf 90' lang='lat' dir='ltr'>cum</span> <span class='ocrx_word' id='word_1_305' title='bbox 2766 1643 2920 1699; x_wconf 90' lang='lat' dir='ltr'>hanc</span> <span class='ocrx_word' id='word_1_306' title='bbox 2979 1644 3068 1698; x_wconf 89' lang='lat' dir='ltr'>ori</span> <span class='ocrx_word' id='word_1_307' title='bbox 3126 1644 3489 1713; x_wconf 88' lang='lat' dir='ltr'>admoveret,</span> <span class='ocrx_word' id='word_1_308' title='bbox 3525 1644 3713 1699; x_wconf 88' lang='lat' dir='ltr'>sensit</span> <span class='ocrx_word' id='word_1_309' title='bbox 3746 1645 3805 1699; x_wconf 90' lang='lat' dir='ltr'>in</span> 
     </span>
    </p>
   </div>
   <div class='ocr_carea' id='block_1_47' title="bbox 2144 1728 3806 1805">
    <p class='ocr_par' dir='ltr' id='par_1_47' title="bbox 2144 1728 3806 1805">
     <span class='ocr_line' id='line_1_47' title="bbox 2144 1728 3806 1805; baseline 0.003 -22"><span class='ocrx_word' id='word_1_310' title='bbox 2144 1728 2405 1800; x_wconf 87' lang='lat' dir='ltr'>lapidem</span> <span class='ocrx_word' id='word_1_311' title='bbox 2435 1735 2746 1785; x_wconf 85' lang='lat' dir='ltr'>mutatam.</span> <span class='ocrx_word' id='word_1_312' title='bbox 2770 1731 3207 1788; x_wconf 86' lang='lat' dir='ltr'>Exhorrescens</span> <span class='ocrx_word' id='word_1_313' title='bbox 3239 1749 3376 1805; x_wconf 84' lang='lat' dir='ltr'>ergo</span> <span class='ocrx_word' id='word_1_314' title='bbox 3408 1733 3806 1789; x_wconf 86' lang='lat' dir='ltr'>tremebunda</span> 
     </span>
    </p>
   </div>
   <div class='ocr_carea' id='block_1_48' title="bbox 2145 1818 3802 1893">
    <p class='ocr_par' dir='ltr' id='par_1_48' title="bbox 2145 1818 3802 1893">
     <span class='ocr_line' id='line_1_48' title="bbox 2145 1818 3802 1893; baseline 0.003 -20"><span class='ocrx_word' id='word_1_315' title='bbox 2145 1833 2208 1873; x_wconf 92' lang='lat' dir='ltr'>se</span> <span class='ocrx_word' id='word_1_316' title='bbox 2238 1818 2312 1873; x_wconf 89' lang='lat' dir='ltr'>ad</span> <span class='ocrx_word' id='word_1_317' title='bbox 2342 1819 2523 1891; x_wconf 83' lang='lat' dir='ltr'>pedes</span> <span class='ocrx_word' id='word_1_318' title='bbox 2555 1820 2745 1876; x_wconf 88' lang='lat' dir='ltr'>sancti</span> <span class='ocrx_word' id='word_1_319' title='bbox 2776 1821 3041 1892; x_wconf 86' lang='lat' dir='ltr'>episcopi</span> <span class='ocrx_word' id='word_1_320' title='bbox 3074 1821 3301 1893; x_wconf 86' lang='lat' dir='ltr'>abjicit,</span> <span class='ocrx_word' id='word_1_321' title='bbox 3344 1821 3577 1878; x_wconf 87' lang='lat' dir='ltr'>facinus</span> <span class='ocrx_word' id='word_1_322' title='bbox 3627 1839 3802 1878; x_wconf 89' lang='lat' dir='ltr'>suum</span> 
     </span>
    </p>
   </div>
   <div class='ocr_carea' id='block_1_49' title="bbox 2066 1908 3800 2007">
    <p class='ocr_par' dir='ltr' id='par_1_49' title="bbox 2066 1908 3800 2007">
     <span class='ocr_line' id='line_1_49' title="bbox 2066 1908 3800 2007; baseline 0.002 -46"><span class='ocrx_word' id='word_1_323' title='bbox 2066 1944 2113 2007; x_wconf 77' lang='grc' dir='ltr'><strong>Β</strong></span> <span class='ocrx_word' id='word_1_324' title='bbox 2144 1908 2460 1977; x_wconf 82' lang='lat' dir='ltr'>conﬁtens,</span> <span class='ocrx_word' id='word_1_325' title='bbox 2492 1926 2562 1965; x_wconf 89' lang='lat' dir='ltr'>ac</span> <span class='ocrx_word' id='word_1_326' title='bbox 2591 1916 2716 1965; x_wconf 90' lang='lat' dir='ltr'>tum</span> <span class='ocrx_word' id='word_1_327' title='bbox 2746 1926 2879 1965; x_wconf 86' lang='lat' dir='ltr'>vere</span> <span class='ocrx_word' id='word_1_328' title='bbox 2907 1909 2980 1965; x_wconf 91' lang='lat' dir='ltr'>ad</span> <span class='ocrx_word' id='word_1_329' title='bbox 3010 1910 3334 1966; x_wconf 90' lang='lat' dir='ltr'>Ecclesiam</span> <span class='ocrx_word' id='word_1_330' title='bbox 3368 1927 3431 1965; x_wconf 91' lang='lat' dir='ltr'>se</span> <span class='ocrx_word' id='word_1_331' title='bbox 3461 1911 3800 1967; x_wconf 84' lang='lat' dir='ltr'>conferens.</span> 
     </span>
    </p>
   </div>
   <div class='ocr_carea' id='block_1_50' title="bbox 2213 1997 3803 2069">
    <p class='ocr_par' dir='ltr' id='par_1_50' title="bbox 2213 1997 3803 2069">
     <span class='ocr_line' id='line_1_50' title="bbox 2213 1997 3803 2069; baseline 0.001 -17"><span class='ocrx_word' id='word_1_332' title='bbox 2213 1997 2468 2069; x_wconf 90' lang='lat' dir='ltr'>Cyrillus</span> <span class='ocrx_word' id='word_1_333' title='bbox 2498 2004 2718 2065; x_wconf 90' lang='lat' dir='ltr'>autem,</span> <span class='ocrx_word' id='word_1_334' title='bbox 2754 1998 3170 2055; x_wconf 90' lang='lat' dir='ltr'>sanctissimus</span> <span class='ocrx_word' id='word_1_335' title='bbox 3199 1999 3577 2055; x_wconf 85' lang='lat' dir='ltr'>Alexandria</span> <span class='ocrx_word' id='word_1_336' title='bbox 3609 2000 3803 2056; x_wconf 86' lang='lat' dir='ltr'>archi-</span> 
     </span>
    </p>
   </div>
   <div class='ocr_carea' id='block_1_51' title="bbox 2139 2084 3796 2160">
    <p class='ocr_par' dir='ltr' id='par_1_51' title="bbox 2139 2084 3796 2160">
     <span class='ocr_line' id='line_1_51' title="bbox 2139 2084 3796 2160; baseline 0.002 -19"><span class='ocrx_word' id='word_1_337' title='bbox 2139 2084 2472 2157; x_wconf 88' lang='lat' dir='ltr'>episcopus,</span> <span class='ocrx_word' id='word_1_338' title='bbox 2506 2087 2899 2143; x_wconf 89' lang='lat' dir='ltr'>consobrinus</span> <span class='ocrx_word' id='word_1_339' title='bbox 2918 2093 3046 2143; x_wconf 90' lang='lat' dir='ltr'>erat</span> <span class='ocrx_word' id='word_1_340' title='bbox 3072 2088 3416 2160; x_wconf 85' lang='lat' dir='ltr'>Theophili;</span> <span class='ocrx_word' id='word_1_341' title='bbox 3443 2093 3502 2143; x_wconf 90' lang='lat' dir='ltr'>et</span> <span class='ocrx_word' id='word_1_342' title='bbox 3522 2088 3796 2159; x_wconf 83' lang='lat' dir='ltr'>aliquan-</span> 
     </span>
    </p>
   </div>
   <div class='ocr_carea' id='block_1_52' title="bbox 2137 2173 3797 2250">
    <p class='ocr_par' dir='ltr' id='par_1_52' title="bbox 2137 2173 3797 2250">
     <span class='ocr_line' id='line_1_52' title="bbox 2137 2173 3797 2250; baseline 0.004 -22"><span class='ocrx_word' id='word_1_343' title='bbox 2137 2173 2239 2229; x_wconf 89' lang='lat' dir='ltr'>diu</span> <span class='ocrx_word' id='word_1_344' title='bbox 2260 2177 2709 2248; x_wconf 85' lang='lat' dir='ltr'>prasumptioni</span> <span class='ocrx_word' id='word_1_345' title='bbox 2731 2178 2994 2233; x_wconf 87' lang='lat' dir='ltr'>serviens</span> <span class='ocrx_word' id='word_1_346' title='bbox 3017 2183 3083 2233; x_wconf 90' lang='lat' dir='ltr'>ut</span> <span class='ocrx_word' id='word_1_347' title='bbox 3103 2178 3302 2245; x_wconf 89' lang='lat' dir='ltr'>homo,</span> <span class='ocrx_word' id='word_1_348' title='bbox 3321 2194 3390 2234; x_wconf 92' lang='lat' dir='ltr'>ac</span> <span class='ocrx_word' id='word_1_349' title='bbox 3401 2178 3797 2250; x_wconf 85' lang='lat' dir='ltr'>Theophilum</span> 
     </span>
    </p>
   </div>
   <div class='ocr_carea' id='block_1_53' title="bbox 2136 2264 3794 2339">
    <p class='ocr_par' dir='ltr' id='par_1_53' title="bbox 2136 2264 3794 2339">
     <span class='ocr_line' id='line_1_53' title="bbox 2136 2264 3794 2339; baseline 0.003 -21"><span class='ocrx_word' id='word_1_350' title='bbox 2136 2264 2498 2320; x_wconf 88' lang='lat' dir='ltr'>avunculum</span> <span class='ocrx_word' id='word_1_351' title='bbox 2530 2282 2808 2337; x_wconf 89' lang='lat' dir='ltr'>sequens,</span> <span class='ocrx_word' id='word_1_352' title='bbox 2836 2268 2910 2323; x_wconf 91' lang='lat' dir='ltr'>de</span> <span class='ocrx_word' id='word_1_353' title='bbox 2932 2267 3351 2339; x_wconf 84' lang='lat' dir='ltr'>Cbrysostomo</span> <span class='ocrx_word' id='word_1_354' title='bbox 3382 2267 3538 2323; x_wconf 89' lang='lat' dir='ltr'>male</span> <span class='ocrx_word' id='word_1_355' title='bbox 3568 2272 3628 2322; x_wconf 90' lang='lat' dir='ltr'>et</span> <span class='ocrx_word' id='word_1_356' title='bbox 3657 2284 3794 2323; x_wconf 89' lang='lat' dir='ltr'>sen-</span> 
     </span>
    </p>
   </div>
   <div class='ocr_carea' id='block_1_54' title="bbox 2133 2352 3796 2426">
    <p class='ocr_par' dir='ltr' id='par_1_54' title="bbox 2133 2352 3796 2426">
     <span class='ocr_line' id='line_1_54' title="bbox 2133 2352 3796 2426; baseline 0.002 -19"><span class='ocrx_word' id='word_1_357' title='bbox 2133 2352 2318 2409; x_wconf 87' lang='lat' dir='ltr'>tiebat</span> <span class='ocrx_word' id='word_1_358' title='bbox 2347 2359 2407 2410; x_wconf 90' lang='lat' dir='ltr'>et</span> <span class='ocrx_word' id='word_1_359' title='bbox 2434 2354 2810 2426; x_wconf 88' lang='lat' dir='ltr'>loquebatur.</span> <span class='ocrx_word' id='word_1_360' title='bbox 2841 2356 2990 2420; x_wconf 85' lang='lat' dir='ltr'>Quia</span> <span class='ocrx_word' id='word_1_361' title='bbox 3028 2360 3227 2413; x_wconf 88' lang='lat' dir='ltr'>autem</span> <span class='ocrx_word' id='word_1_362' title='bbox 3264 2357 3496 2412; x_wconf 88' lang='lat' dir='ltr'>fervens</span> <span class='ocrx_word' id='word_1_363' title='bbox 3525 2356 3639 2412; x_wconf 92' lang='lat' dir='ltr'>hoc</span> <span class='ocrx_word' id='word_1_364' title='bbox 3668 2362 3796 2413; x_wconf 90' lang='lat' dir='ltr'>erat</span> 
     </span>
    </p>
   </div>
   <div class='ocr_carea' id='block_1_55' title="bbox 2134 2442 3791 2517">
    <p class='ocr_par' dir='ltr' id='par_1_55' title="bbox 2134 2442 3791 2517">
     <span class='ocr_line' id='line_1_55' title="bbox 2134 2442 3791 2517; baseline 0.002 -21"><span class='ocrx_word' id='word_1_365' title='bbox 2134 2442 2398 2498; x_wconf 89' lang='lat' dir='ltr'>studium</span> <span class='ocrx_word' id='word_1_366' title='bbox 2419 2444 2741 2517; x_wconf 82' lang='lat' dir='ltr'>pugnandi,</span> <span class='ocrx_word' id='word_1_367' title='bbox 2775 2461 2895 2500; x_wconf 90' lang='lat' dir='ltr'>non</span> <span class='ocrx_word' id='word_1_368' title='bbox 2916 2462 2950 2500; x_wconf 94' lang='lat' dir='ltr'>a</span> <span class='ocrx_word' id='word_1_369' title='bbox 2970 2445 3186 2501; x_wconf 89' lang='lat' dir='ltr'>notitia</span> <span class='ocrx_word' id='word_1_370' title='bbox 3208 2445 3349 2515; x_wconf 83' lang='lat' dir='ltr'>veri,</span> <span class='ocrx_word' id='word_1_371' title='bbox 3373 2461 3568 2516; x_wconf 87' lang='lat' dir='ltr'>neque</span> <span class='ocrx_word' id='word_1_372' title='bbox 3593 2450 3791 2501; x_wconf 88' lang='lat' dir='ltr'>tamen</span> 
     </span>
    </p>
   </div>
   <div class='ocr_carea' id='block_1_56' title="bbox 2132 2531 3789 2606">
    <p class='ocr_par' dir='ltr' id='par_1_56' title="bbox 2132 2531 3789 2606">
     <span class='ocr_line' id='line_1_56' title="bbox 2132 2531 3789 2606; baseline 0.001 -20"><span class='ocrx_word' id='word_1_373' title='bbox 2132 2531 2204 2586; x_wconf 93' lang='lat' dir='ltr'>ab</span> <span class='ocrx_word' id='word_1_374' title='bbox 2238 2531 2460 2588; x_wconf 86' lang='lat' dir='ltr'>invidia</span> <span class='ocrx_word' id='word_1_375' title='bbox 2490 2539 2592 2589; x_wconf 90' lang='lat' dir='ltr'>aut</span> <span class='ocrx_word' id='word_1_376' title='bbox 2621 2532 2918 2590; x_wconf 84' lang='lat' dir='ltr'>diabolica</span> <span class='ocrx_word' id='word_1_377' title='bbox 2946 2535 3274 2606; x_wconf 88' lang='lat' dir='ltr'>pervicacia</span> <span class='ocrx_word' id='word_1_378' title='bbox 3322 2539 3540 2600; x_wconf 87' lang='lat' dir='ltr'>ortum,</span> <span class='ocrx_word' id='word_1_379' title='bbox 3572 2533 3789 2605; x_wconf 85' lang='lat' dir='ltr'>dignus</span> 
     </span>
    </p>
   </div>
   <div class='ocr_carea' id='block_1_57' title="bbox 2131 2620 3786 2694">
    <p class='ocr_par' dir='ltr' id='par_1_57' title="bbox 2131 2620 3786 2694">
     <span class='ocr_line' id='line_1_57' title="bbox 2131 2620 3786 2694; baseline 0.002 -19"><span class='ocrx_word' id='word_1_380' title='bbox 2131 2626 2223 2675; x_wconf 93' lang='lat' dir='ltr'>est</span> <span class='ocrx_word' id='word_1_381' title='bbox 2251 2620 2487 2677; x_wconf 89' lang='lat' dir='ltr'>habitus</span> <span class='ocrx_word' id='word_1_382' title='bbox 2519 2622 2619 2693; x_wconf 88' lang='lat' dir='ltr'>qui</span> <span class='ocrx_word' id='word_1_383' title='bbox 2650 2623 2713 2677; x_wconf 91' lang='lat' dir='ltr'>in</span> <span class='ocrx_word' id='word_1_384' title='bbox 2745 2623 2900 2677; x_wconf 91' lang='lat' dir='ltr'>viam</span> <span class='ocrx_word' id='word_1_385' title='bbox 2954 2629 3331 2678; x_wconf 87' lang='lat' dir='ltr'>revocaretur</span> <span class='ocrx_word' id='word_1_386' title='bbox 3360 2623 3613 2694; x_wconf 81' lang='lat' dir='ltr'>mystica</span> <span class='ocrx_word' id='word_1_387' title='bbox 3642 2639 3786 2693; x_wconf 92' lang='lat' dir='ltr'>qua-</span> 
     </span>
    </p>
   </div>
   <div class='ocr_carea' id='block_1_58' title="bbox 2130 2709 3786 2783">
    <p class='ocr_par' dir='ltr' id='par_1_58' title="bbox 2130 2709 3786 2783">
     <span class='ocr_line' id='line_1_58' title="bbox 2130 2709 3786 2783; baseline 0.001 -20"><span class='ocrx_word' id='word_1_388' title='bbox 2130 2709 2266 2765; x_wconf 90' lang='lat' dir='ltr'>dam</span> <span class='ocrx_word' id='word_1_389' title='bbox 2295 2710 2711 2781; x_wconf 84' lang='lat' dir='ltr'>patefactione.</span> <span class='ocrx_word' id='word_1_390' title='bbox 2739 2712 3102 2783; x_wconf 84' lang='lat' dir='ltr'>Imaginatus</span> <span class='ocrx_word' id='word_1_391' title='bbox 3133 2711 3292 2766; x_wconf 89' lang='lat' dir='ltr'>enim</span> <span class='ocrx_word' id='word_1_392' title='bbox 3326 2716 3416 2765; x_wconf 90' lang='lat' dir='ltr'>est</span> <span class='ocrx_word' id='word_1_393' title='bbox 3444 2711 3697 2782; x_wconf 88' lang='lat' dir='ltr'>Cyrillus</span> <span class='ocrx_word' id='word_1_394' title='bbox 3724 2727 3786 2765; x_wconf 90' lang='lat' dir='ltr'>se</span> 
     </span>
    </p>
   </div>
   <div class='ocr_carea' id='block_1_59' title="bbox 2128 2790 3784 2863">
    <p class='ocr_par' dir='ltr' id='par_1_59' title="bbox 2128 2790 3784 2863">
     <span class='ocr_line' id='line_1_59' title="bbox 2128 2790 3784 2863; baseline 0 -17"><span class='ocrx_word' id='word_1_395' title='bbox 2128 2806 2258 2846; x_wconf 90' lang='lat' dir='ltr'>esse</span> <span class='ocrx_word' id='word_1_396' title='bbox 2281 2790 2540 2861; x_wconf 87' lang='lat' dir='ltr'>quodam</span> <span class='ocrx_word' id='word_1_397' title='bbox 2560 2791 2815 2846; x_wconf 91' lang='lat' dir='ltr'>terribili</span> <span class='ocrx_word' id='word_1_398' title='bbox 2836 2806 2905 2847; x_wconf 89' lang='lat' dir='ltr'>ac</span> <span class='ocrx_word' id='word_1_399' title='bbox 2930 2791 3335 2863; x_wconf 90' lang='lat' dir='ltr'>pulcherrimo</span> <span class='ocrx_word' id='word_1_400' title='bbox 3361 2792 3423 2845; x_wconf 89' lang='lat' dir='ltr'>in</span> <span class='ocrx_word' id='word_1_401' title='bbox 3451 2792 3543 2848; x_wconf 76' lang='lat'>57</span> <span class='ocrx_word' id='word_1_402' title='bbox 3558 2791 3605 2846; x_wconf 74' lang='grc' dir='ltr'><strong>ϐ</strong></span> <span class='ocrx_word' id='word_1_403' title='bbox 3630 2790 3784 2859; x_wconf 92' lang='lat' dir='ltr'>loco,</span> 
     </span>
    </p>
   </div>
   <div class='ocr_carea' id='block_1_60' title="bbox 2126 2880 3785 2954">
    <p class='ocr_par' dir='ltr' id='par_1_60' title="bbox 2126 2880 3785 2954">
     <span class='ocr_line' id='line_1_60' title="bbox 2126 2880 3785 2954; baseline -0.001 -17"><span class='ocrx_word' id='word_1_404' title='bbox 2126 2881 2227 2938; x_wconf 89' lang='lat' dir='ltr'>ubi</span> <span class='ocrx_word' id='word_1_405' title='bbox 2250 2880 2571 2937; x_wconf 85' lang='lat' dir='ltr'>multitudo</span> <span class='ocrx_word' id='word_1_406' title='bbox 2593 2883 2941 2954; x_wconf 79' lang='lat' dir='ltr'>angelorum</span> <span class='ocrx_word' id='word_1_407' title='bbox 2964 2882 3245 2937; x_wconf 85' lang='lat' dir='ltr'>Genitrici</span> <span class='ocrx_word' id='word_1_408' title='bbox 3270 2881 3372 2937; x_wconf 90' lang='lat' dir='ltr'>Dei</span> <span class='ocrx_word' id='word_1_409' title='bbox 3403 2884 3785 2953; x_wconf 85' lang='lat' dir='ltr'>astaret,pro-</span> 
     </span>
    </p>
   </div>
   <div class='ocr_carea' id='block_1_61' title="bbox 2124 2974 3787 3046">
    <p class='ocr_par' dir='ltr' id='par_1_61' title="bbox 2124 2974 3787 3046">
     <span class='ocr_line' id='line_1_61' title="bbox 2124 2974 3787 3046; baseline 0.001 -17"><span class='ocrx_word' id='word_1_410' title='bbox 2124 2991 2317 3046; x_wconf 88' lang='lat' dir='ltr'>peque</span> <span class='ocrx_word' id='word_1_411' title='bbox 2349 2991 2481 3031; x_wconf 88' lang='lat' dir='ltr'>eam</span> <span class='ocrx_word' id='word_1_412' title='bbox 2511 2976 2984 3046; x_wconf 85' lang='lat' dir='ltr'>Chrysostomus.</span> <span class='ocrx_word' id='word_1_413' title='bbox 3010 2976 3104 3043; x_wconf 91' lang='lat' dir='ltr'>Se,</span> <span class='ocrx_word' id='word_1_414' title='bbox 3132 2991 3268 3031; x_wconf 89' lang='lat' dir='ltr'>cum</span> <span class='ocrx_word' id='word_1_415' title='bbox 3291 2974 3574 3031; x_wconf 89' lang='lat' dir='ltr'>accedere</span> <span class='ocrx_word' id='word_1_416' title='bbox 3606 2991 3787 3030; x_wconf 90' lang='lat' dir='ltr'>cona-</span> 
     </span>
    </p>
   </div>
   <div class='ocr_carea' id='block_1_62' title="bbox 2121 3064 3784 3136">
    <p class='ocr_par' dir='ltr' id='par_1_62' title="bbox 2121 3064 3784 3136">
     <span class='ocr_line' id='line_1_62' title="bbox 2121 3064 3784 3136; baseline -0.001 -18"><span class='ocrx_word' id='word_1_417' title='bbox 2121 3064 2386 3133; x_wconf 89' lang='lat' dir='ltr'>retur,ab</span> <span class='ocrx_word' id='word_1_418' title='bbox 2409 3081 2478 3120; x_wconf 91' lang='lat' dir='ltr'>eo</span> <span class='ocrx_word' id='word_1_419' title='bbox 2500 3064 2773 3136; x_wconf 90' lang='lat' dir='ltr'>repellit:</span> <span class='ocrx_word' id='word_1_420' title='bbox 2797 3067 3041 3122; x_wconf 83' lang='lat' dir='ltr'>Matrem</span> <span class='ocrx_word' id='word_1_421' title='bbox 3065 3070 3264 3120; x_wconf 89' lang='lat' dir='ltr'>autem</span> <span class='ocrx_word' id='word_1_422' title='bbox 3286 3064 3390 3118; x_wconf 92' lang='lat' dir='ltr'>Dei</span> <span class='ocrx_word' id='word_1_423' title='bbox 3411 3064 3784 3120; x_wconf 85' lang='lat' dir='ltr'>intercedere</span> 
     </span>
    </p>
   </div>
   <div class='ocr_carea' id='block_1_63' title="bbox 2120 3153 3783 3225">
    <p class='ocr_par' dir='ltr' id='par_1_63' title="bbox 2120 3153 3783 3225">
     <span class='ocr_line' id='line_1_63' title="bbox 2120 3153 3783 3225; baseline 0 -18"><span class='ocrx_word' id='word_1_424' title='bbox 2120 3170 2228 3225; x_wconf 88' lang='lat' dir='ltr'>pro</span> <span class='ocrx_word' id='word_1_425' title='bbox 2257 3170 2342 3223; x_wconf 91' lang='lat' dir='ltr'>se,</span> <span class='ocrx_word' id='word_1_426' title='bbox 2371 3159 2429 3209; x_wconf 88' lang='lat' dir='ltr'>et</span> <span class='ocrx_word' id='word_1_427' title='bbox 2457 3170 2701 3225; x_wconf 90' lang='lat' dir='ltr'>poscere</span> <span class='ocrx_word' id='word_1_428' title='bbox 2734 3159 2801 3209; x_wconf 91' lang='lat' dir='ltr'>ut</span> <span class='ocrx_word' id='word_1_429' title='bbox 2842 3153 3214 3222; x_wconf 89' lang='lat' dir='ltr'>admittatur,</span> <span class='ocrx_word' id='word_1_430' title='bbox 3246 3153 3389 3224; x_wconf 89' lang='lat' dir='ltr'>quia</span> <span class='ocrx_word' id='word_1_431' title='bbox 3416 3168 3538 3207; x_wconf 90' lang='lat' dir='ltr'>non</span> <span class='ocrx_word' id='word_1_432' title='bbox 3568 3168 3783 3225; x_wconf 90' lang='lat' dir='ltr'>parum</span> 
     </span>
    </p>
   </div>
   <div class='ocr_carea' id='block_1_64' title="bbox 363 3239 2022 3328">
    <p class='ocr_par' dir='ltr' id='par_1_64' title="bbox 363 3239 2008 3328">
     <span class='ocr_line' id='line_1_64' title="bbox 363 3239 2008 3328; baseline 0.006 -32"><span class='ocrx_word' id='word_1_433' title='bbox 363 3242 498 3317; x_wconf 67' lang='grc' dir='ltr'>ὑπὲρ</span> <span class='ocrx_word' id='word_1_434' title='bbox 525 3239 688 3297; x_wconf 78' lang='grc' dir='ltr'>αὒτοῦ</span> <span class='ocrx_word' id='word_1_435' title='bbox 713 3245 805 3299; x_wconf 82' lang='grc' dir='ltr'>καὶ</span> <span class='ocrx_word' id='word_1_436' title='bbox 835 3244 1250 3325; x_wconf 83' lang='grc' dir='ltr'>παραδεχθῆναι</span> <span class='ocrx_word' id='word_1_437' title='bbox 1308 3245 1579 3319; x_wconf 79' lang='grc' dir='ltr'>ἂξιοῦσαν,</span> <span class='ocrx_word' id='word_1_438' title='bbox 1610 3249 1685 3311; x_wconf 81' lang='grc' dir='ltr'>ὡς</span> <span class='ocrx_word' id='word_1_439' title='bbox 1717 3249 1816 3304; x_wconf 76' lang='grc' dir='ltr'>οὐκ</span> <span class='ocrx_word' id='word_1_440' title='bbox 1846 3249 2008 3328; x_wconf 86' lang='grc' dir='ltr'>ὀλίγα</span> 
     </span>
    </p>
   </div>
   <div class='ocr_carea' id='block_1_65' title="bbox 2136 3239 3780 3328">
    <p class='ocr_par' dir='ltr' id='par_1_65' title="bbox 2136 3242 3780 3315">
     <span class='ocr_line' id='line_1_65' title="bbox 2136 3242 3780 3315; baseline -0.001 -17"><span class='ocrx_word' id='word_1_441' title='bbox 2136 3248 2363 3315; x_wconf 70' lang='grc' dir='ltr'>ποριεῖ·</span> <span class='ocrx_word' id='word_1_442' title='bbox 2390 3244 2584 3315; x_wconf 89' lang='lat' dir='ltr'>ipsam</span> <span class='ocrx_word' id='word_1_443' title='bbox 2616 3243 2836 3299; x_wconf 89' lang='lat' dir='ltr'>laboris</span> <span class='ocrx_word' id='word_1_444' title='bbox 2869 3242 3233 3315; x_wconf 89' lang='lat' dir='ltr'>pertulisset,</span> <span class='ocrx_word' id='word_1_445' title='bbox 3256 3242 3399 3298; x_wconf 89' lang='lat' dir='ltr'>dum</span> <span class='ocrx_word' id='word_1_446' title='bbox 3429 3258 3648 3298; x_wconf 89' lang='lat' dir='ltr'>nomen</span> <span class='ocrx_word' id='word_1_447' title='bbox 3681 3243 3780 3297; x_wconf 90' lang='lat' dir='ltr'>Dei</span> 
     </span>
    </p>
   </div>
   <div class='ocr_carea' id='block_1_66' title="bbox 351 3310 2022 3406">
    <p class='ocr_par' dir='ltr' id='par_1_66' title="bbox 351 3310 2001 3406">
     <span class='ocr_line' id='line_1_66' title="bbox 351 3310 2001 3406; baseline 0.006 -20"><span class='ocrx_word' id='word_1_448' title='bbox 351 3331 483 3405; x_wconf 81' lang='grc' dir='ltr'>ὑπὲρ</span> <span class='ocrx_word' id='word_1_449' title='bbox 525 3338 627 3402; x_wconf 85' lang='grc' dir='ltr'>τῆς</span> <span class='ocrx_word' id='word_1_450' title='bbox 675 3329 838 3405; x_wconf 78' lang='grc' dir='ltr'>δόξης</span> <span class='ocrx_word' id='word_1_451' title='bbox 892 3310 1087 3404; x_wconf 58' lang='grc' dir='ltr'>αὐτῆςν</span> <span class='ocrx_word' id='word_1_452' title='bbox 1117 3337 1488 3406; x_wconf 86' lang='grc' dir='ltr'>πεποιηκότος</span> <span class='ocrx_word' id='word_1_453' title='bbox 1521 3336 1598 3399; x_wconf 77' lang='grc' dir='ltr'>εἰς</span> <span class='ocrx_word' id='word_1_454' title='bbox 1640 3339 1705 3393; x_wconf 89' lang='grc' dir='ltr'>τὸ</span> <span class='ocrx_word' id='word_1_455' title='bbox 1735 3310 2001 3395; x_wconf 73' lang='grc' dir='ltr'>Θεοτόκόν</span> 
     </span>
    </p>
   </div>
   <div class='ocr_carea' id='block_1_67' title="bbox 2136 3310 3773 3406">
    <p class='ocr_par' dir='ltr' id='par_1_67' title="bbox 2136 3310 3773 3403">
     <span class='ocr_line' id='line_1_67' title="bbox 2136 3310 3773 3403; baseline -0.002 -14"><span class='ocrx_word' id='word_1_456' title='bbox 2136 3310 2434 3389; x_wconf 57' lang='grc' dir='ltr'>ἓθιίὶιινίοἱέ</span> <span class='ocrx_word' id='word_1_457' title='bbox 2461 3334 2807 3389; x_wconf 89' lang='lat' dir='ltr'>vindicaret.</span> <span class='ocrx_word' id='word_1_458' title='bbox 2838 3310 3160 3403; x_wconf 54' lang='lat' dir='ltr'>P_ostquam</span> <span class='ocrx_word' id='word_1_459' title='bbox 3188 3332 3264 3388; x_wconf 90' lang='lat' dir='ltr'>ad</span> <span class='ocrx_word' id='word_1_460' title='bbox 3294 3348 3357 3387; x_wconf 90' lang='lat' dir='ltr'>se</span> <span class='ocrx_word' id='word_1_461' title='bbox 3386 3331 3566 3387; x_wconf 87' lang='lat' dir='ltr'>rediit</span> <span class='ocrx_word' id='word_1_462' title='bbox 3591 3331 3773 3403; x_wconf 87' lang='lat' dir='ltr'>Cyril-</span> 
     </span>
    </p>
   </div>
   <div class='ocr_carea' id='block_1_68' title="bbox 339 3420 2022 3505">
    <p class='ocr_par' dir='ltr' id='par_1_68' title="bbox 339 3420 2006 3505">
     <span class='ocr_line' id='line_1_68' title="bbox 339 3420 2006 3505; baseline 0.006 -30"><span class='ocrx_word' id='word_1_463' title='bbox 339 3421 515 3491; x_wconf 76' lang='grc' dir='ltr'>αὐτὴν</span> <span class='ocrx_word' id='word_1_464' title='bbox 547 3420 939 3495; x_wconf 79' lang='grc' dir='ltr'>ὀνομάζεσθαι.</span> <span class='ocrx_word' id='word_1_465' title='bbox 1008 3423 1104 3487; x_wconf 85' lang='grc' dir='ltr'>Είς</span> <span class='ocrx_word' id='word_1_466' title='bbox 1157 3425 1348 3480; x_wconf 78' lang='grc' dir='ltr'>ἑαυτὸν</span> <span class='ocrx_word' id='word_1_467' title='bbox 1397 3423 1456 3481; x_wconf 76' lang='grc' dir='ltr'>δὶ</span> <span class='ocrx_word' id='word_1_468' title='bbox 1489 3427 1517 3482; x_wconf 88' lang='grc' dir='ltr'>ὁ</span> <span class='ocrx_word' id='word_1_469' title='bbox 1547 3426 1693 3501; x_wconf 74' lang='grc' dir='ltr'>ἱερὸς</span> <span class='ocrx_word' id='word_1_470' title='bbox 1729 3428 2006 3505; x_wconf 84' lang='grc' dir='ltr'>Κύριλλος</span> 
     </span>
    </p>
   </div>
   <div class='ocr_carea' id='block_1_69' title="bbox 2136 3420 3776 3505">
    <p class='ocr_par' dir='ltr' id='par_1_69' title="bbox 2138 3420 3776 3495">
     <span class='ocr_line' id='line_1_69' title="bbox 2138 3420 3776 3495; baseline -0.002 -18"><span class='ocrx_word' id='word_1_471' title='bbox 2138 3438 2229 3491; x_wconf 90' lang='lat' dir='ltr'>us,</span> <span class='ocrx_word' id='word_1_472' title='bbox 2283 3422 2374 3477; x_wconf 92' lang='lat' dir='ltr'>sui</span> <span class='ocrx_word' id='word_1_473' title='bbox 2430 3423 2618 3495; x_wconf 88' lang='lat' dir='ltr'>ipsius</span> <span class='ocrx_word' id='word_1_474' title='bbox 2673 3422 3022 3493; x_wconf 80' lang='lat' dir='ltr'>panitentia</span> <span class='ocrx_word' id='word_1_475' title='bbox 3083 3421 3296 3476; x_wconf 91' lang='lat' dir='ltr'>ductus</span> <span class='ocrx_word' id='word_1_476' title='bbox 3361 3421 3425 3476; x_wconf 90' lang='lat' dir='ltr'>in</span> <span class='ocrx_word' id='word_1_477' title='bbox 3497 3420 3776 3475; x_wconf 88' lang='lat' dir='ltr'>omnibus</span> 
     </span>
    </p>
   </div>
   <div class='ocr_carea' id='block_1_70' title="bbox 344 3511 2005 3591">
    <p class='ocr_par' dir='ltr' id='par_1_70' title="bbox 344 3511 2005 3591">
     <span class='ocr_line' id='line_1_70' title="bbox 344 3511 2005 3591; baseline 0.007 -27"><span class='ocrx_word' id='word_1_478' title='bbox 344 3511 636 3585; x_wconf 84' lang='grc' dir='ltr'>γενόμενος</span> <span class='ocrx_word' id='word_1_479' title='bbox 693 3513 937 3588; x_wconf 65' lang='grc' dir='ltr'>κατέγνω</span> <span class='ocrx_word' id='word_1_480' title='bbox 994 3512 1090 3585; x_wconf 75' lang='grc' dir='ltr'>μὲν</span> <span class='ocrx_word' id='word_1_481' title='bbox 1150 3513 1365 3585; x_wconf 68' lang='grc' dir='ltr'>ἑαυτοῦ,</span> <span class='ocrx_word' id='word_1_482' title='bbox 1395 3521 1512 3578; x_wconf 86' lang='grc' dir='ltr'>τοῖς</span> <span class='ocrx_word' id='word_1_483' title='bbox 1543 3512 1602 3571; x_wconf 69' lang='grc' dir='ltr'>δὲ</span> <span class='ocrx_word' id='word_1_484' title='bbox 1629 3520 1727 3572; x_wconf 80' lang='grc' dir='ltr'>τοῦ</span> <span class='ocrx_word' id='word_1_485' title='bbox 1789 3523 2005 3591; x_wconf 77' lang='grc' dir='ltr'>Χρυσοο</span> 
     </span>
    </p>
   </div>
   <div class='ocr_carea' id='block_1_71' title="bbox 345 3600 2009 3687">
    <p class='ocr_par' dir='ltr' id='par_1_71' title="bbox 345 3600 2009 3687">
     <span class='ocr_line' id='line_1_71' title="bbox 345 3600 2009 3687; baseline 0.006 -32"><span class='ocrx_word' id='word_1_486' title='bbox 345 3600 552 3673; x_wconf 88' lang='grc' dir='ltr'>στόμου</span> <span class='ocrx_word' id='word_1_487' title='bbox 600 3602 869 3674; x_wconf 73' lang='grc' dir='ltr'>ἑπόμενος</span> <span class='ocrx_word' id='word_1_488' title='bbox 926 3608 1057 3658; x_wconf 84' lang='grc' dir='ltr'>πᾶσι</span> <span class='ocrx_word' id='word_1_489' title='bbox 1109 3603 1203 3660; x_wconf 80' lang='grc' dir='ltr'>καί</span> <span class='ocrx_word' id='word_1_490' title='bbox 1261 3602 1472 3662; x_wconf 84' lang='grc' dir='ltr'>δώδεκα</span> <span class='ocrx_word' id='word_1_491' title='bbox 1500 3608 1776 3687; x_wconf 76' lang='grc' dir='ltr'>κεφάλαια</span> <span class='ocrx_word' id='word_1_492' title='bbox 1801 3608 2009 3680; x_wconf 73' lang='grc' dir='ltr'>ἐξέθετο</span> 
     </span>
    </p>
   </div>
   <div class='ocr_carea' id='block_1_72' title="bbox 353 3687 2010 3769">
    <p class='ocr_par' dir='ltr' id='par_1_72' title="bbox 353 3687 2010 3769">
     <span class='ocr_line' id='line_1_72' title="bbox 353 3687 2010 3769; baseline 0.007 -26"><span class='ocrx_word' id='word_1_493' title='bbox 353 3687 662 3765; x_wconf 73' lang='grc' dir='ltr'>δογματικὰ</span> <span class='ocrx_word' id='word_1_494' title='bbox 719 3691 808 3746; x_wconf 86' lang='grc' dir='ltr'>καὶ</span> <span class='ocrx_word' id='word_1_495' title='bbox 859 3692 1142 3769; x_wconf 86' lang='grc' dir='ltr'>Νεστορίῳ</span> <span class='ocrx_word' id='word_1_496' title='bbox 1205 3691 1414 3768; x_wconf 82' lang='grc' dir='ltr'>ἔπμψεν</span> <span class='ocrx_word' id='word_1_497' title='bbox 1469 3695 1521 3750; x_wconf 82' lang='grc' dir='ltr'>ἐν</span> <span class='ocrx_word' id='word_1_498' title='bbox 1575 3699 2010 3754; x_wconf 82' lang='grc' dir='ltr'>Κωνσταντινου-</span> 
     </span>
    </p>
   </div>
   <div class='ocr_carea' id='block_1_73' title="bbox 352 3775 2013 3861">
    <p class='ocr_par' dir='ltr' id='par_1_73' title="bbox 352 3775 2013 3861">
     <span class='ocr_line' id='line_1_73' title="bbox 352 3775 2013 3861; baseline 0.007 -29"><span class='ocrx_word' id='word_1_499' title='bbox 352 3775 536 3838; x_wconf 85' lang='grc' dir='ltr'>πόλει.</span> <span class='ocrx_word' id='word_1_500' title='bbox 597 3783 691 3834; x_wconf 86' lang='grc' dir='ltr'>Ὧν</span> <span class='ocrx_word' id='word_1_501' title='bbox 760 3779 964 3843; x_wconf 78' lang='grc' dir='ltr'>ἐκεῖνος</span> <span class='ocrx_word' id='word_1_502' title='bbox 1034 3785 1450 3861; x_wconf 75' lang='grc' dir='ltr'>καταφρονήσας</span> <span class='ocrx_word' id='word_1_503' title='bbox 1517 3786 1616 3854; x_wconf 75' lang='grc' dir='ltr'>τὴν</span> <span class='ocrx_word' id='word_1_504' title='bbox 1673 3789 1789 3842; x_wconf 84' lang='grc' dir='ltr'>κατ’</span> <span class='ocrx_word' id='word_1_505' title='bbox 1848 3788 2013 3842; x_wconf 72' lang='grc' dir='ltr'>αὐτοῦ</span> 
     </span>
    </p>
   </div>
   <div class='ocr_carea' id='block_1_74' title="bbox 347 3865 2014 3950">
    <p class='ocr_par' dir='ltr' id='par_1_74' title="bbox 347 3865 2014 3950">
     <span class='ocr_line' id='line_1_74' title="bbox 347 3865 2014 3950; baseline 0.005 -28"><span class='ocrx_word' id='word_1_506' title='bbox 347 3868 540 3941; x_wconf 90' lang='grc' dir='ltr'>τρίτην</span> <span class='ocrx_word' id='word_1_507' title='bbox 618 3865 846 3923; x_wconf 82' lang='grc' dir='ltr'>σύνοδον</span> <span class='ocrx_word' id='word_1_508' title='bbox 922 3871 1172 3947; x_wconf 73' lang='grc' dir='ltr'>γενέσθαι</span> <span class='ocrx_word' id='word_1_509' title='bbox 1248 3873 1669 3946; x_wconf 86' lang='grc' dir='ltr'>παρεσκεύασεν.</span> <span class='ocrx_word' id='word_1_510' title='bbox 1740 3875 2014 3950; x_wconf 79' lang='grc' dir='ltr'>’Λρσένιος</span> 
     </span>
    </p>
   </div>
   <div class='ocr_carea' id='block_1_75' title="bbox 353 3953 2017 4041">
    <p class='ocr_par' dir='ltr' id='par_1_75' title="bbox 353 3953 2017 4041">
     <span class='ocr_line' id='line_1_75' title="bbox 353 3953 2017 4041; baseline 0.005 -30"><span class='ocrx_word' id='word_1_511' title='bbox 353 3953 411 4011; x_wconf 72' lang='grc' dir='ltr'>δὲ</span> <span class='ocrx_word' id='word_1_512' title='bbox 459 3959 487 4012; x_wconf 85' lang='grc' dir='ltr'>ὁ</span> <span class='ocrx_word' id='word_1_513' title='bbox 541 3955 710 4033; x_wconf 73' lang='grc' dir='ltr'>μέγας</span> <span class='ocrx_word' id='word_1_514' title='bbox 756 3963 866 4014; x_wconf 80' lang='grc' dir='ltr'>τῶν</span> <span class='ocrx_word' id='word_1_515' title='bbox 918 3964 1017 4015; x_wconf 82' lang='grc' dir='ltr'>τοῦ</span> <span class='ocrx_word' id='word_1_516' title='bbox 1066 3961 1279 4034; x_wconf 88' lang='grc' dir='ltr'>κόσμου</span> <span class='ocrx_word' id='word_1_517' title='bbox 1328 3962 1541 4017; x_wconf 80' lang='grc' dir='ltr'>πάντων</span> <span class='ocrx_word' id='word_1_518' title='bbox 1599 3968 2017 4041; x_wconf 75' lang='grc' dir='ltr'>καταφρονήσας</span> 
     </span>
    </p>
   </div>
   <div class='ocr_carea' id='block_1_76' title="bbox 352 4045 2012 4132">
    <p class='ocr_par' dir='ltr' id='par_1_76' title="bbox 352 4045 2012 4132">
     <span class='ocr_line' id='line_1_76' title="bbox 352 4045 2012 4132; baseline 0.004 -29"><span class='ocrx_word' id='word_1_519' title='bbox 352 4045 444 4103; x_wconf 80' lang='grc' dir='ltr'>καὶ</span> <span class='ocrx_word' id='word_1_520' title='bbox 471 4050 574 4102; x_wconf 76' lang='grc' dir='ltr'>τοῦ</span> <span class='ocrx_word' id='word_1_521' title='bbox 601 4047 815 4122; x_wconf 88' lang='grc' dir='ltr'>κόσμου</span> <span class='ocrx_word' id='word_1_522' title='bbox 863 4048 1226 4128; x_wconf 75' lang='grc' dir='ltr'>ἀναχωρήσας</span> <span class='ocrx_word' id='word_1_523' title='bbox 1274 4051 1372 4120; x_wconf 79' lang='grc' dir='ltr'>τὴν</span> <span class='ocrx_word' id='word_1_524' title='bbox 1422 4052 1567 4116; x_wconf 91' lang='grc' dir='ltr'>θείαν</span> <span class='ocrx_word' id='word_1_525' title='bbox 1602 4052 1935 4132; x_wconf 72' lang='grc' dir='ltr'>φιλοσοφίαν</span> <span class='ocrx_word' id='word_1_526' title='bbox 1961 4055 2012 4109; x_wconf 78' lang='grc' dir='ltr'>ἐν</span> 
     </span>
    </p>
   </div>
   <div class='ocr_carea' id='block_1_77' title="bbox 357 4136 1655 4217">
    <p class='ocr_par' dir='ltr' id='par_1_77' title="bbox 357 4136 1655 4217">
     <span class='ocr_line' id='line_1_77' title="bbox 357 4136 1655 4217; baseline 0.005 -24"><span class='ocrx_word' id='word_1_527' title='bbox 357 4136 623 4211; x_wconf 78' lang='grc' dir='ltr'>Αἰγύπτῳ</span> <span class='ocrx_word' id='word_1_528' title='bbox 656 4140 966 4213; x_wconf 79' lang='grc' dir='ltr'>μετήρχετο</span> <span class='ocrx_word' id='word_1_529' title='bbox 998 4139 1051 4194; x_wconf 76' lang='grc' dir='ltr'>ἐν</span> <span class='ocrx_word' id='word_1_530' title='bbox 1082 4138 1363 4214; x_wconf 83' lang='grc' dir='ltr'>μοναδικῷ</span> <span class='ocrx_word' id='word_1_531' title='bbox 1386 4144 1655 4217; x_wconf 78' lang='grc' dir='ltr'>σχήματι.</span> 
     </span>
    </p>
   </div>
   <div class='ocr_carea' id='block_1_78' title="bbox 430 4225 2016 4308">
    <p class='ocr_par' dir='ltr' id='par_1_78' title="bbox 430 4225 2016 4308">
     <span class='ocr_line' id='line_1_78' title="bbox 430 4225 2016 4308; baseline 0.003 -24"><span class='ocrx_word' id='word_1_532' title='bbox 430 4228 524 4299; x_wconf 81' lang='grc' dir='ltr'>Τῷ</span> <span class='ocrx_word' id='word_1_533' title='bbox 556 4228 587 4281; x_wconf 73' lang='grc' dir='ltr'>ι’</span> <span class='ocrx_word' id='word_1_534' title='bbox 615 4225 722 4283; x_wconf 79' lang='grc' dir='ltr'>ἔτει</span> <span class='ocrx_word' id='word_1_535' title='bbox 752 4226 1067 4303; x_wconf 69' lang='grc' dir='ltr'>Ἀρκαδίου</span> <span class='ocrx_word' id='word_1_536' title='bbox 1116 4232 1152 4299; x_wconf 83' lang='grc' dir='ltr'>ἠ</span> <span class='ocrx_word' id='word_1_537' title='bbox 1202 4231 1395 4303; x_wconf 88' lang='grc' dir='ltr'>πρώτη</span> <span class='ocrx_word' id='word_1_538' title='bbox 1452 4230 1634 4308; x_wconf 81' lang='grc' dir='ltr'>ἐξορία</span> <span class='ocrx_word' id='word_1_539' title='bbox 1674 4236 1771 4287; x_wconf 80' lang='grc' dir='ltr'>τοῦ</span> <span class='ocrx_word' id='word_1_540' title='bbox 1803 4234 2016 4307; x_wconf 80' lang='grc' dir='ltr'>Χρυσο-</span> 
     </span>
    </p>
   </div>
   <div class='ocr_carea' id='block_1_79' title="bbox 355 4317 2015 4399">
    <p class='ocr_par' dir='ltr' id='par_1_79' title="bbox 355 4317 2015 4399">
     <span class='ocr_line' id='line_1_79' title="bbox 355 4317 2015 4399; baseline 0.003 -27"><span class='ocrx_word' id='word_1_541' title='bbox 355 4317 565 4390; x_wconf 88' lang='grc' dir='ltr'>στόμου</span> <span class='ocrx_word' id='word_1_542' title='bbox 640 4318 883 4395; x_wconf 71' lang='grc' dir='ltr'>γέγονεν,</span> <span class='ocrx_word' id='word_1_543' title='bbox 943 4318 1037 4398; x_wconf 75' lang='grc' dir='ltr'>ἀφ’</span> <span class='ocrx_word' id='word_1_544' title='bbox 1085 4320 1153 4389; x_wconf 78' lang='grc' dir='ltr'>ἧς</span> <span class='ocrx_word' id='word_1_545' title='bbox 1212 4320 1535 4399; x_wconf 80' lang='grc' dir='ltr'>ὑποστρέφει</span> <span class='ocrx_word' id='word_1_546' title='bbox 1600 4322 1862 4395; x_wconf 72' lang='grc' dir='ltr'>ἐξήκοντα</span> <span class='ocrx_word' id='word_1_547' title='bbox 1899 4324 2015 4378; x_wconf 64' lang='lat' dir='ltr'>hm-</span> 
     </span>
    </p>
   </div>
   <div class='ocr_carea' id='block_1_80' title="bbox 353 4405 2022 4484">
    <p class='ocr_par' dir='ltr' id='par_1_80' title="bbox 353 4405 2022 4484">
     <span class='ocr_line' id='line_1_80' title="bbox 353 4405 2022 4484; baseline 0.003 -23"><span class='ocrx_word' id='word_1_548' title='bbox 353 4406 572 4462; x_wconf 87' lang='grc' dir='ltr'>σκόπων</span> <span class='ocrx_word' id='word_1_549' title='bbox 635 4405 1007 4472; x_wconf 88' lang='grc' dir='ltr'>συνελθόντων</span> <span class='ocrx_word' id='word_1_550' title='bbox 1068 4408 1157 4464; x_wconf 75' lang='grc' dir='ltr'>καὶ</span> <span class='ocrx_word' id='word_1_551' title='bbox 1214 4406 1386 4484; x_wconf 76' lang='grc' dir='ltr'>ἄκυρα</span> <span class='ocrx_word' id='word_1_552' title='bbox 1440 4412 1615 4466; x_wconf 86' lang='grc' dir='ltr'>πάντα</span> <span class='ocrx_word' id='word_1_553' title='bbox 1644 4412 1711 4467; x_wconf 80' lang='grc' dir='ltr'>τὰ</span> <span class='ocrx_word' id='word_1_554' title='bbox 1740 4413 1876 4467; x_wconf 82' lang='grc' dir='ltr'>κατὰ</span> <span class='ocrx_word' id='word_1_555' title='bbox 1924 4416 2022 4469; x_wconf 80' lang='grc' dir='ltr'>τοῦ</span> 
     </span>
    </p>
   </div>
   <div class='ocr_carea' id='block_1_81' title="bbox 350 4493 2016 4579">
    <p class='ocr_par' dir='ltr' id='par_1_81' title="bbox 350 4493 2016 4579">
     <span class='ocr_line' id='line_1_81' title="bbox 350 4493 2016 4579; baseline 0.005 -30"><span class='ocrx_word' id='word_1_556' title='bbox 350 4493 501 4559; x_wconf 73' lang='grc' dir='ltr'>θείου</span> <span class='ocrx_word' id='word_1_557' title='bbox 531 4495 787 4552; x_wconf 79' lang='grc' dir='ltr'>Ἰωάννου</span> <span class='ocrx_word' id='word_1_558' title='bbox 846 4499 993 4573; x_wconf 72' lang='grc' dir='ltr'>παρὰ</span> <span class='ocrx_word' id='word_1_559' title='bbox 1044 4502 1144 4554; x_wconf 81' lang='grc' dir='ltr'>τοῦ</span> <span class='ocrx_word' id='word_1_560' title='bbox 1197 4499 1470 4579; x_wconf 77' lang='grc' dir='ltr'>Θεοφίλου</span> <span class='ocrx_word' id='word_1_561' title='bbox 1500 4501 1591 4555; x_wconf 85' lang='grc' dir='ltr'>καὶ</span> <span class='ocrx_word' id='word_1_562' title='bbox 1627 4503 1710 4576; x_wconf 89' lang='grc' dir='ltr'>[Ρ.</span> <span class='ocrx_word' id='word_1_563' title='bbox 1746 4504 1871 4575; x_wconf 78' lang='grc'>329]</span> <span class='ocrx_word' id='word_1_564' title='bbox 1907 4507 2016 4559; x_wconf 81' lang='grc' dir='ltr'>τῶν</span> 
     </span>
    </p>
   </div>
   <div class='ocr_carea' id='block_1_82' title="bbox 362 4584 2020 4667">
    <p class='ocr_par' dir='ltr' id='par_1_82' title="bbox 362 4584 2020 4667">
     <span class='ocr_line' id='line_1_82' title="bbox 362 4584 2020 4667; baseline 0.005 -28"><span class='ocrx_word' id='word_1_565' title='bbox 362 4585 454 4639; x_wconf 81' lang='grc' dir='ltr'>σὺν</span> <span class='ocrx_word' id='word_1_566' title='bbox 492 4585 641 4657; x_wconf 82' lang='grc' dir='ltr'>αὐτῷ</span> <span class='ocrx_word' id='word_1_567' title='bbox 691 4588 1041 4657; x_wconf 82' lang='grc' dir='ltr'>ποιησάντων</span> <span class='ocrx_word' id='word_1_568' title='bbox 1100 4584 1350 4651; x_wconf 88' lang='grc' dir='ltr'>δικαίως.</span> <span class='ocrx_word' id='word_1_569' title='bbox 1381 4594 1468 4661; x_wconf 85' lang='grc' dir='ltr'>Τῷ</span> <span class='ocrx_word' id='word_1_570' title='bbox 1500 4587 1558 4645; x_wconf 71' lang='grc' dir='ltr'>δὲ</span> <span class='ocrx_word' id='word_1_571' title='bbox 1591 4596 1656 4645; x_wconf 82' lang='grc' dir='ltr'>ια’</span> <span class='ocrx_word' id='word_1_572' title='bbox 1684 4590 1774 4645; x_wconf 79' lang='grc' dir='ltr'>καὶ</span> <span class='ocrx_word' id='word_1_573' title='bbox 1811 4592 1883 4667; x_wconf 90' lang='grc' dir='ltr'>ιβ’</span> <span class='ocrx_word' id='word_1_574' title='bbox 1914 4589 2020 4647; x_wconf 82' lang='grc' dir='ltr'>ἔτει</span> 
     </span>
    </p>
   </div>
   <div class='ocr_carea' id='block_1_83' title="bbox 2116 3509 3771 3583">
    <p class='ocr_par' dir='ltr' id='par_1_83' title="bbox 2116 3509 3771 3583">
     <span class='ocr_line' id='line_1_83' title="bbox 2116 3509 3771 3583; baseline -0.001 -17"><span class='ocrx_word' id='word_1_575' title='bbox 2116 3511 2604 3583; x_wconf 80' lang='lat' dir='ltr'>Chrysostomum</span> <span class='ocrx_word' id='word_1_576' title='bbox 2645 3510 2860 3566; x_wconf 83' lang='lat' dir='ltr'>exinde</span> <span class='ocrx_word' id='word_1_577' title='bbox 2921 3516 3013 3567; x_wconf 90' lang='lat' dir='ltr'>est</span> <span class='ocrx_word' id='word_1_578' title='bbox 3066 3516 3325 3566; x_wconf 88' lang='lat' dir='ltr'>secutus.</span> <span class='ocrx_word' id='word_1_579' title='bbox 3358 3509 3558 3566; x_wconf 91' lang='lat' dir='ltr'>Edidit</span> <span class='ocrx_word' id='word_1_580' title='bbox 3588 3510 3771 3565; x_wconf 90' lang='lat' dir='ltr'>etiam</span> 
     </span>
    </p>
   </div>
   <div class='ocr_carea' id='block_1_84' title="bbox 2117 3599 3769 3673">
    <p class='ocr_par' dir='ltr' id='par_1_84' title="bbox 2117 3599 3769 3673">
     <span class='ocr_line' id='line_1_84' title="bbox 2117 3599 3769 3673; baseline -0.001 -17"><span class='ocrx_word' id='word_1_581' title='bbox 2117 3600 2431 3656; x_wconf 90' lang='lat' dir='ltr'>duodecim</span> <span class='ocrx_word' id='word_1_582' title='bbox 2463 3601 2745 3673; x_wconf 90' lang='lat' dir='ltr'>capitula,</span> <span class='ocrx_word' id='word_1_583' title='bbox 2779 3600 3020 3657; x_wconf 87' lang='lat' dir='ltr'>decreta</span> <span class='ocrx_word' id='word_1_584' title='bbox 3066 3600 3344 3656; x_wconf 88' lang='lat' dir='ltr'>Ecclesia</span> <span class='ocrx_word' id='word_1_585' title='bbox 3377 3599 3769 3665; x_wconf 87' lang='lat' dir='ltr'>continentia,</span> 
     </span>
    </p>
   </div>
   <div class='ocr_carea' id='block_1_85' title="bbox 2117 3690 3776 3763">
    <p class='ocr_par' dir='ltr' id='par_1_85' title="bbox 2117 3690 3776 3763">
     <span class='ocr_line' id='line_1_85' title="bbox 2117 3690 3776 3763; baseline -0.001 -17"><span class='ocrx_word' id='word_1_586' title='bbox 2117 3691 2399 3761; x_wconf 91' lang='lat' dir='ltr'>misitque</span> <span class='ocrx_word' id='word_1_587' title='bbox 2418 3691 2685 3746; x_wconf 88' lang='lat' dir='ltr'>Nestorio</span> <span class='ocrx_word' id='word_1_588' title='bbox 2706 3691 3085 3763; x_wconf 86' lang='lat' dir='ltr'>Cpolin.Qua</span> <span class='ocrx_word' id='word_1_589' title='bbox 3108 3690 3159 3747; x_wconf 89' lang='lat' dir='ltr'>is</span> <span class='ocrx_word' id='word_1_590' title='bbox 3184 3695 3577 3746; x_wconf 87' lang='lat' dir='ltr'>contemnens</span> <span class='ocrx_word' id='word_1_591' title='bbox 3597 3704 3776 3745; x_wconf 83' lang='lat' dir='ltr'>causa</span> 
     </span>
    </p>
   </div>
   <div class='ocr_carea' id='block_1_86' title="bbox 2116 3781 3778 3855">
    <p class='ocr_par' dir='ltr' id='par_1_86' title="bbox 2116 3781 3778 3855">
     <span class='ocr_line' id='line_1_86' title="bbox 2116 3781 3778 3855; baseline 0 -19"><span class='ocrx_word' id='word_1_592' title='bbox 2116 3781 2230 3837; x_wconf 81' lang='lat' dir='ltr'>fuit</span> <span class='ocrx_word' id='word_1_593' title='bbox 2258 3787 2324 3837; x_wconf 91' lang='lat' dir='ltr'>ut</span> <span class='ocrx_word' id='word_1_594' title='bbox 2349 3783 2523 3837; x_wconf 89' lang='lat' dir='ltr'>tertia</span> <span class='ocrx_word' id='word_1_595' title='bbox 2543 3786 2753 3838; x_wconf 89' lang='lat' dir='ltr'>contra</span> <span class='ocrx_word' id='word_1_596' title='bbox 2773 3783 2970 3854; x_wconf 90' lang='lat' dir='ltr'>ipsum</span> <span class='ocrx_word' id='word_1_597' title='bbox 2993 3781 3257 3855; x_wconf 86' lang='lat' dir='ltr'>synodus</span> <span class='ocrx_word' id='word_1_598' title='bbox 3279 3781 3778 3837; x_wconf 90' lang='lat' dir='ltr'>conscriberetur.</span> 
     </span>
    </p>
   </div>
   <div class='ocr_carea' id='block_1_87' title="bbox 2120 3871 3779 3943">
    <p class='ocr_par' dir='ltr' id='par_1_87' title="bbox 2120 3871 3779 3943">
     <span class='ocr_line' id='line_1_87' title="bbox 2120 3871 3779 3943; baseline -0.001 -17"><span class='ocrx_word' id='word_1_599' title='bbox 2120 3873 2360 3943; x_wconf 88' lang='lat' dir='ltr'>Magnus</span> <span class='ocrx_word' id='word_1_600' title='bbox 2417 3877 2618 3926; x_wconf 90' lang='lat' dir='ltr'>autem</span> <span class='ocrx_word' id='word_1_601' title='bbox 2676 3871 2779 3926; x_wconf 91' lang='lat' dir='ltr'>ille</span> <span class='ocrx_word' id='word_1_602' title='bbox 2840 3872 3147 3939; x_wconf 85' lang='lat' dir='ltr'>Arsenius,</span> <span class='ocrx_word' id='word_1_603' title='bbox 3180 3871 3405 3926; x_wconf 87' lang='lat' dir='ltr'>mundo</span> <span class='ocrx_word' id='word_1_604' title='bbox 3437 3875 3779 3941; x_wconf 89' lang='lat' dir='ltr'>contempto</span> 
     </span>
    </p>
   </div>
   <div class='ocr_carea' id='block_1_88' title="bbox 2119 3959 3782 4031">
    <p class='ocr_par' dir='ltr' id='par_1_88' title="bbox 2119 3959 3782 4031">
     <span class='ocr_line' id='line_1_88' title="bbox 2119 3959 3782 4031; baseline -0.001 -17"><span class='ocrx_word' id='word_1_605' title='bbox 2119 3966 2296 4030; x_wconf 89' lang='lat' dir='ltr'>atque</span> <span class='ocrx_word' id='word_1_606' title='bbox 2354 3960 2585 4025; x_wconf 90' lang='lat' dir='ltr'>relicto,</span> <span class='ocrx_word' id='word_1_607' title='bbox 2645 3959 2905 4015; x_wconf 86' lang='lat' dir='ltr'>divinam</span> <span class='ocrx_word' id='word_1_608' title='bbox 2968 3960 3412 4031; x_wconf 65' lang='lat' dir='ltr'>philosophiam</span> <span class='ocrx_word' id='word_1_609' title='bbox 3444 3960 3508 4014; x_wconf 89' lang='lat' dir='ltr'>in</span> <span class='ocrx_word' id='word_1_610' title='bbox 3539 3961 3782 4031; x_wconf 58' lang='lat' dir='ltr'>Algypto</span> 
     </span>
    </p>
   </div>
   <div class='ocr_carea' id='block_1_89' title="bbox 2121 4047 2876 4104">
    <p class='ocr_par' dir='ltr' id='par_1_89' title="bbox 2121 4047 2876 4104">
     <span class='ocr_line' id='line_1_89' title="bbox 2121 4047 2876 4104; baseline -0.004 0"><span class='ocrx_word' id='word_1_611' title='bbox 2121 4047 2307 4104; x_wconf 89' lang='lat' dir='ltr'>coluit</span> <span class='ocrx_word' id='word_1_612' title='bbox 2339 4047 2548 4103; x_wconf 90' lang='lat' dir='ltr'>habitu</span> <span class='ocrx_word' id='word_1_613' title='bbox 2577 4048 2876 4103; x_wconf 90' lang='lat' dir='ltr'>monachi.</span> 
     </span>
    </p>
   </div>
   <div class='ocr_carea' id='block_1_90' title="bbox 2194 4227 3787 4300">
    <p class='ocr_par' dir='ltr' id='par_1_90' title="bbox 2194 4227 3787 4300">
     <span class='ocr_line' id='line_1_90' title="bbox 2194 4227 3787 4300; baseline -0.003 -15"><span class='ocrx_word' id='word_1_614' title='bbox 2194 4230 2433 4285; x_wconf 90' lang='lat' dir='ltr'>Decimo</span> <span class='ocrx_word' id='word_1_615' title='bbox 2464 4227 2702 4284; x_wconf 82' lang='lat' dir='ltr'>Arcadii</span> <span class='ocrx_word' id='word_1_616' title='bbox 2727 4244 2883 4285; x_wconf 88' lang='lat' dir='ltr'>anno</span> <span class='ocrx_word' id='word_1_617' title='bbox 2915 4227 3372 4300; x_wconf 85' lang='lat' dir='ltr'>Chrysostomus</span> <span class='ocrx_word' id='word_1_618' title='bbox 3401 4227 3662 4299; x_wconf 90' lang='lat' dir='ltr'>primum</span> <span class='ocrx_word' id='word_1_619' title='bbox 3694 4231 3787 4281; x_wconf 89' lang='lat' dir='ltr'>est</span> 
     </span>
    </p>
   </div>
   <div class='ocr_carea' id='block_1_91' title="bbox 2121 4315 3783 4390">
    <p class='ocr_par' dir='ltr' id='par_1_91' title="bbox 2121 4315 3783 4390">
     <span class='ocr_line' id='line_1_91' title="bbox 2121 4315 3783 4390; baseline -0.001 -18"><span class='ocrx_word' id='word_1_620' title='bbox 2121 4318 2439 4390; x_wconf 89' lang='lat' dir='ltr'>relegatus,</span> <span class='ocrx_word' id='word_1_621' title='bbox 2494 4322 2921 4388; x_wconf 88' lang='lat' dir='ltr'>revocatusque</span> <span class='ocrx_word' id='word_1_622' title='bbox 2980 4316 3218 4387; x_wconf 87' lang='lat' dir='ltr'>deinde,</span> <span class='ocrx_word' id='word_1_623' title='bbox 3251 4333 3387 4371; x_wconf 92' lang='lat' dir='ltr'>cum</span> <span class='ocrx_word' id='word_1_624' title='bbox 3418 4318 3487 4369; x_wconf 88' lang='grc'>60</span> <span class='ocrx_word' id='word_1_625' title='bbox 3518 4315 3783 4387; x_wconf 90' lang='lat' dir='ltr'>episcopi</span> 
     </span>
    </p>
   </div>
   <div class='ocr_carea' id='block_1_92' title="bbox 2124 4406 3784 4479">
    <p class='ocr_par' dir='ltr' id='par_1_92' title="bbox 2124 4406 3784 4479">
     <span class='ocr_line' id='line_1_92' title="bbox 2124 4406 3784 4479; baseline -0.002 -15"><span class='ocrx_word' id='word_1_626' title='bbox 2124 4409 2544 4466; x_wconf 88' lang='lat' dir='ltr'>convenissent</span> <span class='ocrx_word' id='word_1_627' title='bbox 2589 4409 2873 4479; x_wconf 88' lang='lat' dir='ltr'>justoque</span> <span class='ocrx_word' id='word_1_628' title='bbox 2922 4406 3153 4479; x_wconf 91' lang='lat' dir='ltr'>judicio</span> <span class='ocrx_word' id='word_1_629' title='bbox 3210 4406 3597 4463; x_wconf 88' lang='lat' dir='ltr'>rescidissent</span> <span class='ocrx_word' id='word_1_630' title='bbox 3651 4423 3784 4477; x_wconf 85' lang='lat' dir='ltr'>qua</span> 
     </span>
    </p>
   </div>
   <div class='ocr_carea' id='block_1_93' title="bbox 2126 4496 3783 4570">
    <p class='ocr_par' dir='ltr' id='par_1_93' title="bbox 2126 4496 3783 4570">
     <span class='ocr_line' id='line_1_93' title="bbox 2126 4496 3783 4570; baseline -0.001 -16"><span class='ocrx_word' id='word_1_631' title='bbox 2126 4504 2333 4555; x_wconf 88' lang='lat' dir='ltr'>contra</span> <span class='ocrx_word' id='word_1_632' title='bbox 2362 4515 2499 4554; x_wconf 90' lang='lat' dir='ltr'>eum</span> <span class='ocrx_word' id='word_1_633' title='bbox 2528 4498 2889 4570; x_wconf 88' lang='lat' dir='ltr'>Theophilus</span> <span class='ocrx_word' id='word_1_634' title='bbox 2946 4514 3083 4552; x_wconf 89' lang='lat' dir='ltr'>cum</span> <span class='ocrx_word' id='word_1_635' title='bbox 3133 4512 3240 4551; x_wconf 88' lang='lat' dir='ltr'>sua</span> <span class='ocrx_word' id='word_1_636' title='bbox 3275 4496 3535 4552; x_wconf 85' lang='lat' dir='ltr'>factione</span> <span class='ocrx_word' id='word_1_637' title='bbox 3561 4501 3783 4568; x_wconf 83' lang='lat' dir='ltr'>egerat.</span> 
     </span>
    </p>
   </div>
   <div class='ocr_carea' id='block_1_94' title="bbox 2126 4587 3788 4660">
    <p class='ocr_par' dir='ltr' id='par_1_94' title="bbox 2126 4587 3788 4660">
     <span class='ocr_line' id='line_1_94' title="bbox 2126 4587 3788 4660; baseline -0.002 -15"><span class='ocrx_word' id='word_1_638' title='bbox 2126 4589 2315 4645; x_wconf 82' lang='lat' dir='ltr'>Annis</span> <span class='ocrx_word' id='word_1_639' title='bbox 2348 4591 2408 4645; x_wconf 79' lang='grc'><strong>11</strong></span> <span class='ocrx_word' id='word_1_640' title='bbox 2444 4594 2499 4643; x_wconf 90' lang='lat' dir='ltr'>te</span> <span class='ocrx_word' id='word_1_641' title='bbox 2535 4589 2601 4643; x_wconf 82' lang='grc'>12</span> <span class='ocrx_word' id='word_1_642' title='bbox 2630 4605 2837 4643; x_wconf 88' lang='lat' dir='ltr'>rursus</span> <span class='ocrx_word' id='word_1_643' title='bbox 2866 4588 3286 4660; x_wconf 85' lang='lat' dir='ltr'>Chrysostomo</span> <span class='ocrx_word' id='word_1_644' title='bbox 3329 4587 3559 4643; x_wconf 82' lang='lat' dir='ltr'>insidia</span> <span class='ocrx_word' id='word_1_645' title='bbox 3593 4588 3788 4659; x_wconf 88' lang='lat' dir='ltr'>majo-</span> 
     </span>
    </p>
   </div>
   <div class='ocr_carea' id='block_1_95' title="bbox 349 4672 2022 4756">
    <p class='ocr_par' dir='ltr' id='par_1_95' title="bbox 349 4672 2013 4756">
     <span class='ocr_line' id='line_1_95' title="bbox 349 4672 2013 4756; baseline 0.004 -27"><span class='ocrx_word' id='word_1_646' title='bbox 349 4674 516 4730; x_wconf 78' lang='grc' dir='ltr'>πάλιν</span> <span class='ocrx_word' id='word_1_647' title='bbox 547 4676 614 4730; x_wconf 78' lang='grc' dir='ltr'>τὰ</span> <span class='ocrx_word' id='word_1_648' title='bbox 670 4676 807 4731; x_wconf 79' lang='grc' dir='ltr'>κατὰ</span> <span class='ocrx_word' id='word_1_649' title='bbox 864 4683 963 4747; x_wconf 80' lang='grc' dir='ltr'>τῆς</span> <span class='ocrx_word' id='word_1_650' title='bbox 1021 4672 1328 4748; x_wconf 68' lang='grc' dir='ltr'>δπιϐουλῆς</span> <span class='ocrx_word' id='word_1_651' title='bbox 1388 4676 1536 4752; x_wconf 73' lang='grc' dir='ltr'>αὔξει</span> <span class='ocrx_word' id='word_1_652' title='bbox 1575 4683 1673 4734; x_wconf 76' lang='grc' dir='ltr'>τοῦ</span> <span class='ocrx_word' id='word_1_653' title='bbox 1704 4682 2013 4756; x_wconf 42' lang='grc' dir='ltr'>Χρυσοστό.</span> 
     </span>
    </p>
   </div>
   <div class='ocr_carea' id='block_1_96' title="bbox 2136 4672 3788 4756">
    <p class='ocr_par' dir='ltr' id='par_1_96' title="bbox 2136 4675 3788 4741">
     <span class='ocr_line' id='line_1_96' title="bbox 2136 4675 3788 4741; baseline -0.001 -9"><span class='ocrx_word' id='word_1_654' title='bbox 2136 4696 2254 4734; x_wconf 85' lang='lat' dir='ltr'>rem</span> <span class='ocrx_word' id='word_1_655' title='bbox 2280 4679 2342 4733; x_wconf 89' lang='lat' dir='ltr'>in</span> <span class='ocrx_word' id='word_1_656' title='bbox 2369 4678 2610 4733; x_wconf 90' lang='lat' dir='ltr'>modum</span> <span class='ocrx_word' id='word_1_657' title='bbox 2639 4678 2983 4733; x_wconf 89' lang='lat' dir='ltr'>tenduntur.</span> <span class='ocrx_word' id='word_1_658' title='bbox 3006 4679 3177 4732; x_wconf 80' lang='lat' dir='ltr'>Anno</span> <span class='ocrx_word' id='word_1_659' title='bbox 3204 4677 3432 4741; x_wconf 80' lang='lat' dir='ltr'>13,cum</span> <span class='ocrx_word' id='word_1_660' title='bbox 3454 4675 3788 4731; x_wconf 89' lang='lat' dir='ltr'>orationem</span> 
     </span>
    </p>
   </div>
   <div class='ocr_carea' id='block_1_97' title="bbox 362 4762 2016 4845">
    <p class='ocr_par' dir='ltr' id='par_1_97' title="bbox 362 4762 2016 4845">
     <span class='ocr_line' id='line_1_97' title="bbox 362 4762 2016 4845; baseline 0.004 -26"><span class='ocrx_word' id='word_1_661' title='bbox 362 4785 490 4838; x_wconf 88' lang='grc' dir='ltr'>μου.</span> <span class='ocrx_word' id='word_1_662' title='bbox 517 4766 604 4821; x_wconf 85' lang='grc' dir='ltr'>Ἐν</span> <span class='ocrx_word' id='word_1_663' title='bbox 639 4762 697 4820; x_wconf 70' lang='grc' dir='ltr'>δὲ</span> <span class='ocrx_word' id='word_1_664' title='bbox 725 4770 806 4838; x_wconf 82' lang='grc' dir='ltr'>τῷ</span> <span class='ocrx_word' id='word_1_665' title='bbox 857 4767 946 4843; x_wconf 71' lang='grc' dir='ltr'>ιγ’,</span> <span class='ocrx_word' id='word_1_666' title='bbox 997 4767 1088 4823; x_wconf 74' lang='grc' dir='ltr'>ὅτε</span> <span class='ocrx_word' id='word_1_667' title='bbox 1133 4767 1223 4822; x_wconf 86' lang='grc' dir='ltr'>καὶ</span> <span class='ocrx_word' id='word_1_668' title='bbox 1271 4768 1364 4823; x_wconf 90' lang='grc' dir='ltr'>τὸν</span> <span class='ocrx_word' id='word_1_669' title='bbox 1412 4767 1576 4845; x_wconf 85' lang='grc' dir='ltr'>λόγον</span> <span class='ocrx_word' id='word_1_670' title='bbox 1608 4770 1860 4841; x_wconf 68' lang='grc' dir='ltr'>εποίησεν</span> <span class='ocrx_word' id='word_1_671' title='bbox 1889 4771 1950 4825; x_wconf 78' lang='grc' dir='ltr'>οὗ</span> <span class='ocrx_word' id='word_1_672' title='bbox 1981 4772 2016 4840; x_wconf 74' lang='grc' dir='ltr'>ἡ</span> 
     </span>
    </p>
   </div>
   <div class='ocr_carea' id='block_1_98' title="bbox 352 4853 2019 4934">
    <p class='ocr_par' dir='ltr' id='par_1_98' title="bbox 352 4853 2019 4934">
     <span class='ocr_line' id='line_1_98' title="bbox 352 4853 2019 4934; baseline 0.004 -25"><span class='ocrx_word' id='word_1_673' title='bbox 352 4854 525 4933; x_wconf 54' lang='grc' dir='ltr'>ἀρχή</span> <span class='ocrx_word' id='word_1_674' title='bbox 562 4878 591 4906; x_wconf 77' lang='grc' dir='ltr'>(ι</span> <span class='ocrx_word' id='word_1_675' title='bbox 624 4854 799 4911; x_wconf 85' lang='grc' dir='ltr'>Πάλιν</span> <span class='ocrx_word' id='word_1_676' title='bbox 823 4854 1099 4932; x_wconf 84' lang='grc' dir='ltr'>Ἡρωδιὰς</span> <span class='ocrx_word' id='word_1_677' title='bbox 1146 4857 1408 4931; x_wconf 86' lang='grc' dir='ltr'>μαίνεται,</span> <span class='ocrx_word' id='word_1_678' title='bbox 1435 4882 1464 4910; x_wconf 85' lang='grc'><strong>››</strong></span> <span class='ocrx_word' id='word_1_679' title='bbox 1482 4859 1608 4914; x_wconf 86' lang='grc' dir='ltr'>τότε</span> <span class='ocrx_word' id='word_1_680' title='bbox 1636 4853 1809 4934; x_wconf 75' lang='grc' dir='ltr'>ἔχθρα</span> <span class='ocrx_word' id='word_1_681' title='bbox 1836 4859 2019 4916; x_wconf 88' lang='grc' dir='ltr'>τελεία</span> 
     </span>
    </p>
   </div>
   <div class='ocr_carea' id='block_1_99' title="bbox 343 4944 2020 5025">
    <p class='ocr_par' dir='ltr' id='par_1_99' title="bbox 343 4944 2020 5025">
     <span class='ocr_line' id='line_1_99' title="bbox 343 4944 2020 5025; baseline 0.002 -24"><span class='ocrx_word' id='word_1_682' title='bbox 343 4952 446 5014; x_wconf 80' lang='grc' dir='ltr'>τῆς</span> <span class='ocrx_word' id='word_1_683' title='bbox 478 4944 803 5021; x_wconf 85' lang='grc' dir='ltr'>βασιλίσσης</span> <span class='ocrx_word' id='word_1_684' title='bbox 854 4948 976 5003; x_wconf 82' lang='grc' dir='ltr'>κατ’</span> <span class='ocrx_word' id='word_1_685' title='bbox 1024 4947 1196 5003; x_wconf 76' lang='grc' dir='ltr'>αὐτοῦ</span> <span class='ocrx_word' id='word_1_686' title='bbox 1245 4949 1474 5025; x_wconf 87' lang='grc' dir='ltr'>γίνεται,</span> <span class='ocrx_word' id='word_1_687' title='bbox 1520 4949 1611 5004; x_wconf 80' lang='grc' dir='ltr'>καὶ</span> <span class='ocrx_word' id='word_1_688' title='bbox 1656 4950 1862 5006; x_wconf 78' lang='grc' dir='ltr'>πάλλιν</span> <span class='ocrx_word' id='word_1_689' title='bbox 1893 4961 2020 5014; x_wconf 90' lang='grc' dir='ltr'>καθ-</span> 
     </span>
    </p>
   </div>
   <div class='ocr_carea' id='block_1_100' title="bbox 345 5033 2017 5111">
    <p class='ocr_par' dir='ltr' id='par_1_100' title="bbox 345 5033 2017 5111">
     <span class='ocr_line' id='line_1_100' title="bbox 345 5033 2017 5111; baseline 0.004 -23"><span class='ocrx_word' id='word_1_690' title='bbox 345 5033 553 5106; x_wconf 74' lang='grc' dir='ltr'>αίρεσις</span> <span class='ocrx_word' id='word_1_691' title='bbox 609 5034 698 5091; x_wconf 83' lang='grc' dir='ltr'>καὶ</span> <span class='ocrx_word' id='word_1_692' title='bbox 757 5035 940 5111; x_wconf 72' lang='grc' dir='ltr'>ἒξορία</span> <span class='ocrx_word' id='word_1_693' title='bbox 996 5036 1074 5099; x_wconf 82' lang='grc' dir='ltr'>εἷς</span> <span class='ocrx_word' id='word_1_694' title='bbox 1130 5036 1465 5109; x_wconf 79' lang='grc' dir='ltr'>Κούκουσον,</span> <span class='ocrx_word' id='word_1_695' title='bbox 1526 5040 1726 5103; x_wconf 69' lang='grc' dir='ltr'>ἐκεῖθεν</span> <span class='ocrx_word' id='word_1_696' title='bbox 1785 5039 1862 5101; x_wconf 79' lang='grc' dir='ltr'>είς</span> <span class='ocrx_word' id='word_1_697' title='bbox 1921 5045 2017 5095; x_wconf 80' lang='grc' dir='ltr'>Ιιι-</span> 
     </span>
    </p>
   </div>
   <div class='ocr_carea' id='block_1_101' title="bbox 350 5126 2014 5205">
    <p class='ocr_par' dir='ltr' id='par_1_101' title="bbox 350 5126 2014 5205">
     <span class='ocr_line' id='line_1_101' title="bbox 350 5126 2014 5205; baseline 0.002 -26"><span class='ocrx_word' id='word_1_698' title='bbox 350 5128 604 5180; x_wconf 77' lang='grc' dir='ltr'>τυοῦντα⁹</span> <span class='ocrx_word' id='word_1_699' title='bbox 662 5126 752 5180; x_wconf 83' lang='grc' dir='ltr'>καὶ</span> <span class='ocrx_word' id='word_1_700' title='bbox 812 5126 1105 5200; x_wconf 85' lang='grc' dir='ltr'>γενόμενος</span> <span class='ocrx_word' id='word_1_701' title='bbox 1151 5127 1201 5182; x_wconf 72' lang='grc' dir='ltr'>ἓν</span> <span class='ocrx_word' id='word_1_702' title='bbox 1258 5127 1530 5201; x_wconf 77' lang='grc' dir='ltr'>Κομάνοις</span> <span class='ocrx_word' id='word_1_703' title='bbox 1577 5135 1679 5199; x_wconf 79' lang='grc' dir='ltr'>τῆς</span> <span class='ocrx_word' id='word_1_704' title='bbox 1724 5129 2014 5205; x_wconf 88' lang='grc' dir='ltr'>Ἀρμενίας</span> 
     </span>
    </p>
   </div>
   <div class='ocr_carea' id='block_1_102' title="bbox 350 5210 2014 5291">
    <p class='ocr_par' dir='ltr' id='par_1_102' title="bbox 350 5210 2014 5291">
     <span class='ocr_line' id='line_1_102' title="bbox 350 5210 2014 5291; baseline 0.002 -23"><span class='ocrx_word' id='word_1_705' title='bbox 350 5214 487 5268; x_wconf 81' lang='grc' dir='ltr'>κατὰ</span> <span class='ocrx_word' id='word_1_706' title='bbox 516 5210 756 5288; x_wconf 79' lang='grc' dir='ltr'>πάροδον</span> <span class='ocrx_word' id='word_1_707' title='bbox 789 5211 1082 5286; x_wconf 75' lang='grc' dir='ltr'>ὲτελειώθη</span> <span class='ocrx_word' id='word_1_708' title='bbox 1134 5215 1186 5270; x_wconf 70' lang='grc' dir='ltr'>ἐν</span> <span class='ocrx_word' id='word_1_709' title='bbox 1232 5215 1433 5291; x_wconf 87' lang='grc' dir='ltr'>Κυρίῳ.</span> <span class='ocrx_word' id='word_1_710' title='bbox 1468 5217 1653 5287; x_wconf 69' lang='grc' dir='ltr'>’Ἄξιον</span> <span class='ocrx_word' id='word_1_711' title='bbox 1689 5215 1746 5273; x_wconf 75' lang='grc' dir='ltr'>δὲ</span> <span class='ocrx_word' id='word_1_712' title='bbox 1774 5218 1889 5273; x_wconf 69' lang='grc' dir='ltr'>ἔστι</span> <span class='ocrx_word' id='word_1_713' title='bbox 1924 5239 2014 5290; x_wconf 79' lang='grc' dir='ltr'>μι-</span> 
     </span>
    </p>
   </div>
   <div class='ocr_carea' id='block_1_103' title="bbox 349 5298 2016 5382">
    <p class='ocr_par' dir='ltr' id='par_1_103' title="bbox 349 5298 2016 5382">
     <span class='ocr_line' id='line_1_103' title="bbox 349 5298 2016 5382; baseline 0.002 -24"><span class='ocrx_word' id='word_1_714' title='bbox 349 5304 479 5377; x_wconf 86' lang='grc' dir='ltr'>κρὸν</span> <span class='ocrx_word' id='word_1_715' title='bbox 502 5298 866 5359; x_wconf 66' lang='grc' dir='ltr'>δπαναλαϐεῖν</span> <span class='ocrx_word' id='word_1_716' title='bbox 883 5301 966 5377; x_wconf 76' lang='grc' dir='ltr'>τῷ</span> <span class='ocrx_word' id='word_1_717' title='bbox 988 5302 1138 5379; x_wconf 88' lang='grc' dir='ltr'>λόγῳ</span> <span class='ocrx_word' id='word_1_718' title='bbox 1158 5305 1283 5381; x_wconf 86' lang='grc' dir='ltr'>περὶ</span> <span class='ocrx_word' id='word_1_719' title='bbox 1308 5306 1406 5361; x_wconf 77' lang='grc' dir='ltr'>τοῦ</span> <span class='ocrx_word' id='word_1_720' title='bbox 1427 5305 1586 5381; x_wconf 83' lang='grc' dir='ltr'>ἁγίου</span> <span class='ocrx_word' id='word_1_721' title='bbox 1617 5306 1825 5382; x_wconf 85' lang='grc' dir='ltr'>[Ιατρὸς</span> <span class='ocrx_word' id='word_1_722' title='bbox 1853 5309 2016 5381; x_wconf 76' lang='grc' dir='ltr'>ἡμῶν</span> 
     </span>
    </p>
   </div>
   <div class='ocr_carea' id='block_1_104' title="bbox 2130 4766 3788 4840">
    <p class='ocr_par' dir='ltr' id='par_1_104' title="bbox 2130 4766 3788 4840">
     <span class='ocr_line' id='line_1_104' title="bbox 2130 4766 3788 4840; baseline 0 -17"><span class='ocrx_word' id='word_1_723' title='bbox 2130 4768 2561 4840; x_wconf 90' lang='lat' dir='ltr'>composuisset</span> <span class='ocrx_word' id='word_1_724' title='bbox 2589 4767 2759 4840; x_wconf 88' lang='lat' dir='ltr'>cujus</span> <span class='ocrx_word' id='word_1_725' title='bbox 2815 4767 3093 4822; x_wconf 85' lang='lat' dir='ltr'>initium:</span> <span class='ocrx_word' id='word_1_726' title='bbox 3148 4788 3177 4817; x_wconf 83' lang='lat'>«</span> <span class='ocrx_word' id='word_1_727' title='bbox 3210 4768 3469 4822; x_wconf 80' lang='lat' dir='ltr'>Rursum</span> <span class='ocrx_word' id='word_1_728' title='bbox 3501 4766 3788 4823; x_wconf 86' lang='lat' dir='ltr'>Herodias</span> 
     </span>
    </p>
   </div>
   <div class='ocr_carea' id='block_1_105' title="bbox 2128 4855 3785 4927">
    <p class='ocr_par' dir='ltr' id='par_1_105' title="bbox 2128 4855 3785 4927">
     <span class='ocr_line' id='line_1_105' title="bbox 2128 4855 3785 4927; baseline -0.001 -16"><span class='ocrx_word' id='word_1_729' title='bbox 2128 4857 2291 4927; x_wconf 82' lang='lat' dir='ltr'>furit,</span> <span class='ocrx_word' id='word_1_730' title='bbox 2327 4879 2353 4905; x_wconf 76' lang='grc' dir='ltr'>ιι</span> <span class='ocrx_word' id='word_1_731' title='bbox 2387 4856 2590 4911; x_wconf 89' lang='lat' dir='ltr'>odium</span> <span class='ocrx_word' id='word_1_732' title='bbox 2613 4855 3010 4927; x_wconf 87' lang='lat' dir='ltr'>imperatricis</span> <span class='ocrx_word' id='word_1_733' title='bbox 3033 4856 3095 4910; x_wconf 92' lang='lat' dir='ltr'>in</span> <span class='ocrx_word' id='word_1_734' title='bbox 3122 4871 3258 4910; x_wconf 89' lang='lat' dir='ltr'>eum</span> <span class='ocrx_word' id='word_1_735' title='bbox 3279 4872 3525 4926; x_wconf 88' lang='lat' dir='ltr'>prorsus</span> <span class='ocrx_word' id='word_1_736' title='bbox 3547 4856 3785 4925; x_wconf 85' lang='lat' dir='ltr'>exarsit,</span> 
     </span>
    </p>
   </div>
   <div class='ocr_carea' id='block_1_106' title="bbox 2127 4945 3785 5017">
    <p class='ocr_par' dir='ltr' id='par_1_106' title="bbox 2127 4945 3785 5017">
     <span class='ocr_line' id='line_1_106' title="bbox 2127 4945 3785 5017; baseline -0.001 -16"><span class='ocrx_word' id='word_1_737' title='bbox 2127 4962 2483 5016; x_wconf 76' lang='lat' dir='ltr'>ruisumque</span> <span class='ocrx_word' id='word_1_738' title='bbox 2542 4946 2883 5017; x_wconf 89' lang='lat' dir='ltr'>episcopatu</span> <span class='ocrx_word' id='word_1_739' title='bbox 2932 4945 3202 5017; x_wconf 88' lang='lat' dir='ltr'>dejectus</span> <span class='ocrx_word' id='word_1_740' title='bbox 3257 4945 3556 5017; x_wconf 88' lang='lat' dir='ltr'>relegatur</span> <span class='ocrx_word' id='word_1_741' title='bbox 3592 4945 3785 5015; x_wconf 89' lang='lat' dir='ltr'>primo</span> 
     </span>
    </p>
   </div>
   <div class='ocr_carea' id='block_1_107' title="bbox 2126 5034 3788 5107">
    <p class='ocr_par' dir='ltr' id='par_1_107' title="bbox 2126 5034 3788 5107">
     <span class='ocr_line' id='line_1_107' title="bbox 2126 5034 3788 5107; baseline -0.003 -15"><span class='ocrx_word' id='word_1_742' title='bbox 2126 5037 2442 5098; x_wconf 86' lang='lat' dir='ltr'>Cucusum,</span> <span class='ocrx_word' id='word_1_743' title='bbox 2468 5034 2606 5090; x_wconf 88' lang='lat' dir='ltr'>inde</span> <span class='ocrx_word' id='word_1_744' title='bbox 2636 5036 2997 5106; x_wconf 88' lang='lat' dir='ltr'>Pityuntem.</span> <span class='ocrx_word' id='word_1_745' title='bbox 3018 5037 3286 5107; x_wconf 85' lang='lat' dir='ltr'>Cumque</span> <span class='ocrx_word' id='word_1_746' title='bbox 3313 5034 3505 5089; x_wconf 90' lang='lat' dir='ltr'>obiter</span> <span class='ocrx_word' id='word_1_747' title='bbox 3524 5035 3788 5088; x_wconf 88' lang='lat' dir='ltr'>Comana</span> 
     </span>
    </p>
   </div>
   <div class='ocr_carea' id='block_1_108' title="bbox 2124 5121 3784 5197">
    <p class='ocr_par' dir='ltr' id='par_1_108' title="bbox 2124 5121 3784 5197">
     <span class='ocr_line' id='line_1_108' title="bbox 2124 5121 3784 5197; baseline -0.002 -16"><span class='ocrx_word' id='word_1_748' title='bbox 2124 5125 2420 5181; x_wconf 84' lang='lat' dir='ltr'>Armenia</span> <span class='ocrx_word' id='word_1_749' title='bbox 2445 5124 2730 5197; x_wconf 87' lang='lat' dir='ltr'>oppidum</span> <span class='ocrx_word' id='word_1_750' title='bbox 2751 5124 3219 5196; x_wconf 88' lang='lat' dir='ltr'>pervenisset,ad</span> <span class='ocrx_word' id='word_1_751' title='bbox 3241 5124 3554 5179; x_wconf 91' lang='lat' dir='ltr'>Dominum</span> <span class='ocrx_word' id='word_1_752' title='bbox 3580 5138 3650 5176; x_wconf 88' lang='lat' dir='ltr'>ex</span> <span class='ocrx_word' id='word_1_753' title='bbox 3674 5121 3784 5177; x_wconf 90' lang='lat' dir='ltr'>hac</span> 
     </span>
    </p>
   </div>
   <div class='ocr_carea' id='block_1_109' title="bbox 2122 5214 3785 5287">
    <p class='ocr_par' dir='ltr' id='par_1_109' title="bbox 2122 5214 3785 5287">
     <span class='ocr_line' id='line_1_109' title="bbox 2122 5214 3785 5287; baseline -0.002 -18"><span class='ocrx_word' id='word_1_754' title='bbox 2122 5216 2241 5271; x_wconf 89' lang='lat' dir='ltr'>vita</span> <span class='ocrx_word' id='word_1_755' title='bbox 2265 5214 2692 5287; x_wconf 86' lang='lat' dir='ltr'>commigravit.</span> <span class='ocrx_word' id='word_1_756' title='bbox 2716 5214 2858 5271; x_wconf 70' lang='grc'>572</span> <span class='ocrx_word' id='word_1_757' title='bbox 2897 5215 2979 5269; x_wconf 92' lang='lat' dir='ltr'>De</span> <span class='ocrx_word' id='word_1_758' title='bbox 3009 5214 3122 5268; x_wconf 90' lang='lat' dir='ltr'>hoc</span> <span class='ocrx_word' id='word_1_759' title='bbox 3152 5217 3355 5268; x_wconf 90' lang='lat' dir='ltr'>sancto</span> <span class='ocrx_word' id='word_1_760' title='bbox 3374 5214 3548 5268; x_wconf 89' lang='lat' dir='ltr'>Patre</span> <span class='ocrx_word' id='word_1_761' title='bbox 3576 5215 3785 5266; x_wconf 90' lang='lat' dir='ltr'>nostro</span> 
     </span>
    </p>
   </div>
   <div class='ocr_carea' id='block_1_110' title="bbox 2126 5301 3760 5375">
    <p class='ocr_par' dir='ltr' id='par_1_110' title="bbox 2126 5301 3760 5375">
     <span class='ocr_line' id='line_1_110' title="bbox 2126 5301 3760 5375; baseline -0.004 -11"><span class='ocrx_word' id='word_1_762' title='bbox 2126 5312 2185 5364; x_wconf 92' lang='lat' dir='ltr'>et</span> <span class='ocrx_word' id='word_1_763' title='bbox 2213 5306 2375 5363; x_wconf 86' lang='lat' dir='ltr'>orbis</span> <span class='ocrx_word' id='word_1_764' title='bbox 2402 5311 2698 5361; x_wconf 87' lang='lat' dir='ltr'>terrarum</span> <span class='ocrx_word' id='word_1_765' title='bbox 2728 5303 3136 5360; x_wconf 88' lang='lat' dir='ltr'>illuminatore</span> <span class='ocrx_word' id='word_1_766' title='bbox 3164 5301 3400 5359; x_wconf 88' lang='lat' dir='ltr'>videtur</span> <span class='ocrx_word' id='word_1_767' title='bbox 3429 5318 3625 5375; x_wconf 88' lang='lat' dir='ltr'>opera</span> <span class='ocrx_word' id='word_1_768' title='bbox 3654 5319 3760 5374; x_wconf 91' lang='lat' dir='ltr'>pre</span> 
     </span>
    </p>
   </div>
   <div class='ocr_carea' id='block_1_111' title="bbox 1569 5434 2568 5490">
    <p class='ocr_par' dir='ltr' id='par_1_111' title="bbox 1569 5434 2568 5490">
     <span class='ocr_line' id='line_1_111' title="bbox 1569 5434 2568 5490; baseline -0.001 -1"><span class='ocrx_word' id='word_1_769' title='bbox 1569 5434 1951 5490; x_wconf 82' lang='lat' dir='ltr'>XYLANDRI</span> <span class='ocrx_word' id='word_1_770' title='bbox 1980 5435 2068 5490; x_wconf 89' lang='lat' dir='ltr'>ET</span> <span class='ocrx_word' id='word_1_771' title='bbox 2101 5434 2316 5490; x_wconf 83' lang='lat' dir='ltr'><strong>GOARI</strong></span> <span class='ocrx_word' id='word_1_772' title='bbox 2346 5434 2568 5490; x_wconf 69' lang='lat' dir='ltr'>NOTAE.</span> 
     </span>
    </p>
   </div>
   <div class='ocr_carea' id='block_1_112' title="bbox 422 5531 2010 5607">
    <p class='ocr_par' dir='ltr' id='par_1_112' title="bbox 422 5531 2010 5607">
     <span class='ocr_line' id='line_1_112' title="bbox 422 5531 2010 5607; baseline -0.002 -18"><span class='ocrx_word' id='word_1_773' title='bbox 422 5536 534 5607; x_wconf 73' lang='grc'>(45)</span> <span class='ocrx_word' id='word_1_774' title='bbox 564 5534 628 5591; x_wconf 92' lang='lat' dir='ltr'>Id</span> <span class='ocrx_word' id='word_1_775' title='bbox 659 5539 751 5607; x_wconf 86' lang='lat' dir='ltr'>est</span> <span class='ocrx_word' id='word_1_776' title='bbox 774 5533 1044 5607; x_wconf 86' lang='lat' dir='ltr'>opinioni</span> <span class='ocrx_word' id='word_1_777' title='bbox 1078 5547 1199 5586; x_wconf 92' lang='lat' dir='ltr'>non</span> <span class='ocrx_word' id='word_1_778' title='bbox 1228 5532 1461 5586; x_wconf 90' lang='lat' dir='ltr'>ratione</span> <span class='ocrx_word' id='word_1_779' title='bbox 1492 5537 1655 5586; x_wconf 89' lang='lat' dir='ltr'>certa</span> <span class='ocrx_word' id='word_1_780' title='bbox 1705 5537 1765 5587; x_wconf 88' lang='lat' dir='ltr'>et</span> <span class='ocrx_word' id='word_1_781' title='bbox 1808 5531 2010 5607; x_wconf 79' lang='lat' dir='ltr'>explo-</span> 
     </span>
    </p>
   </div>
   <div class='ocr_carea' id='block_1_113' title="bbox 352 5603 2013 5674">
    <p class='ocr_par' dir='ltr' id='par_1_113' title="bbox 352 5603 2013 5674">
     <span class='ocr_line' id='line_1_113' title="bbox 352 5603 2013 5674; baseline -0.002 -13"><span class='ocrx_word' id='word_1_782' title='bbox 352 5603 642 5674; x_wconf 59' lang='lat' dir='ltr'>rata,&#39;sed</span> <span class='ocrx_word' id='word_1_783' title='bbox 680 5606 754 5661; x_wconf 91' lang='lat' dir='ltr'>ob</span> <span class='ocrx_word' id='word_1_784' title='bbox 788 5603 1204 5661; x_wconf 75' lang='lat' dir='ltr'>auctoritatem</span> <span class='ocrx_word' id='word_1_785' title='bbox 1252 5607 1508 5673; x_wconf 83' lang='lat' dir='ltr'>recepta</span> <span class='ocrx_word' id='word_1_786' title='bbox 1558 5603 2013 5658; x_wconf 85' lang='lat' dir='ltr'>consuetudinis</span> 
     </span>
    </p>
   </div>
   <div class='ocr_carea' id='block_1_114' title="bbox 353 5674 2012 5747">
    <p class='ocr_par' dir='ltr' id='par_1_114' title="bbox 353 5674 2012 5747">
     <span class='ocr_line' id='line_1_114' title="bbox 353 5674 2012 5747; baseline -0.001 -16"><span class='ocrx_word' id='word_1_787' title='bbox 353 5677 599 5732; x_wconf 88' lang='lat' dir='ltr'>valenti.</span> <span class='ocrx_word' id='word_1_788' title='bbox 634 5679 724 5733; x_wconf 91' lang='lat' dir='ltr'>Sic</span> <span class='ocrx_word' id='word_1_789' title='bbox 792 5674 1098 5747; x_wconf 86' lang='lat' dir='ltr'>usurpavit</span> <span class='ocrx_word' id='word_1_790' title='bbox 1139 5675 1327 5747; x_wconf 14' lang='lat' dir='ltr'>etiam,</span> <span class='ocrx_word' id='word_1_791' title='bbox 1369 5674 1637 5747; x_wconf 79' lang='lat' dir='ltr'>Justinus</span> <span class='ocrx_word' id='word_1_792' title='bbox 1682 5680 1910 5746; x_wconf 84' lang='lat' dir='ltr'>martyr</span> <span class='ocrx_word' id='word_1_793' title='bbox 1938 5675 2012 5729; x_wconf 90' lang='lat' dir='ltr'>ad</span> 
     </span>
    </p>
   </div>
   <div class='ocr_carea' id='block_1_115' title="bbox 352 5745 2017 5818">
    <p class='ocr_par' dir='ltr' id='par_1_115' title="bbox 352 5745 2017 5818">
     <span class='ocr_line' id='line_1_115' title="bbox 352 5745 2017 5818; baseline -0.001 -14"><span class='ocrx_word' id='word_1_794' title='bbox 352 5751 597 5818; x_wconf 82' lang='lat' dir='ltr'>lenam,</span> <span class='ocrx_word' id='word_1_795' title='bbox 649 5754 707 5803; x_wconf 88' lang='lat' dir='ltr'>et</span> <span class='ocrx_word' id='word_1_796' title='bbox 756 5745 968 5804; x_wconf 77' lang='lat' dir='ltr'>Noster</span> <span class='ocrx_word' id='word_1_797' title='bbox 1020 5760 1218 5817; x_wconf 90' lang='lat' dir='ltr'>supra.</span> <span class='ocrx_word' id='word_1_798' title='bbox 1271 5745 1631 5817; x_wconf 86' lang='lat' dir='ltr'>TheOphilus</span> <span class='ocrx_word' id='word_1_799' title='bbox 1688 5745 1889 5802; x_wconf 86' lang='lat' dir='ltr'>autem</span> <span class='ocrx_word' id='word_1_800' title='bbox 1920 5747 2017 5802; x_wconf 90' lang='lat' dir='ltr'>hic</span> 
     </span>
    </p>
   </div>
   <div class='ocr_carea' id='block_1_116' title="bbox 2118 5526 3778 5600">
    <p class='ocr_par' dir='ltr' id='par_1_116' title="bbox 2118 5526 3778 5600">
     <span class='ocr_line' id='line_1_116' title="bbox 2118 5526 3778 5600; baseline -0.002 -14"><span class='ocrx_word' id='word_1_801' title='bbox 2118 5531 2231 5587; x_wconf 83' lang='lat' dir='ltr'>fuit</span> <span class='ocrx_word' id='word_1_802' title='bbox 2290 5530 2664 5586; x_wconf 80' lang='lat' dir='ltr'>Alexandria</span> <span class='ocrx_word' id='word_1_803' title='bbox 2729 5529 3065 5600; x_wconf 82' lang='lat' dir='ltr'>episcopus.</span> <span class='ocrx_word' id='word_1_804' title='bbox 3115 5526 3483 5600; x_wconf 76' lang='lat' dir='ltr'>Nicephorus</span> <span class='ocrx_word' id='word_1_805' title='bbox 3539 5544 3663 5600; x_wconf 81' lang='lat' dir='ltr'>xm,</span> <span class='ocrx_word' id='word_1_806' title='bbox 3724 5530 3778 5591; x_wconf 76' lang='grc'>4,</span> 
     </span>
    </p>
   </div>
   <div class='ocr_carea' id='block_1_117' title="bbox 2122 5597 3781 5671">
    <p class='ocr_par' dir='ltr' id='par_1_117' title="bbox 2122 5597 3781 5671">
     <span class='ocr_line' id='line_1_117' title="bbox 2122 5597 3781 5671; baseline -0.002 -13"><span class='ocrx_word' id='word_1_807' title='bbox 2122 5604 2481 5658; x_wconf 88' lang='lat' dir='ltr'>Sozomenus</span> <span class='ocrx_word' id='word_1_808' title='bbox 2511 5603 2551 5659; x_wconf 93' lang='lat' dir='ltr'>l.</span> <span class='ocrx_word' id='word_1_809' title='bbox 2580 5618 2693 5668; x_wconf 87' lang='lat' dir='ltr'>vm,</span> <span class='ocrx_word' id='word_1_810' title='bbox 2720 5597 2819 5671; x_wconf 80' lang='lat' dir='ltr'>qui</span> <span class='ocrx_word' id='word_1_811' title='bbox 2853 5597 3005 5653; x_wconf 91' lang='lat' dir='ltr'>liber</span> <span class='ocrx_word' id='word_1_812' title='bbox 3032 5614 3167 5652; x_wconf 92' lang='lat' dir='ltr'>cum</span> <span class='ocrx_word' id='word_1_813' title='bbox 3200 5597 3362 5650; x_wconf 85' lang='lat' dir='ltr'>hisce</span> <span class='ocrx_word' id='word_1_814' title='bbox 3393 5598 3660 5654; x_wconf 88' lang='lat' dir='ltr'>historiis</span> <span class='ocrx_word' id='word_1_815' title='bbox 3691 5605 3781 5654; x_wconf 86' lang='lat' dir='ltr'>est</span> 
     </span>
    </p>
   </div>
   <div class='ocr_carea' id='block_1_118' title="bbox 2126 5674 2615 5747">
    <p class='ocr_par' dir='ltr' id='par_1_118' title="bbox 2126 5674 2615 5747">
     <span class='ocr_line' id='line_1_118' title="bbox 2126 5674 2615 5747; baseline -0.004 -18"><span class='ocrx_word' id='word_1_816' title='bbox 2126 5674 2433 5747; x_wconf 88' lang='lat' dir='ltr'>legendus.</span> <span class='ocrx_word' id='word_1_817' title='bbox 2470 5676 2615 5728; x_wconf 78' lang='lat' dir='ltr'>XvL.</span> 
     </span>
    </p>
   </div>
  </div>
