4144 6426
322 432 435 491 ϐΞἾ
1690 431 2017 492 GEORGII
2062 429 2413 493 CEDRENI
3622 430 3744 492 698

328 567 474 623 tium
508 568 764 639 paucula
792 568 972 623 altius
1003 573 1290 639 repetere,
1312 567 1469 638 quod
1500 566 1770 620 fortassis
1799 566 1954 619 bone

2112 564 2186 618 ιαὶ
2218 572 2509 644 φωστῆρος
2535 575 2637 638 τῆς
2668 568 2998 641 οἳκουμὲνης
3032 567 3286 628 Ἰωάννου
3317 570 3414 623 τοῦ
3446 565 3748 640 Χρυσοπό-

335 657 405 711 sti
441 657 724 711 studiosis
755 673 875 711 non
906 656 1216 710 videbetur
1247 674 1279 709 a
1313 673 1373 710 re
1406 655 1668 710 alienum
1703 672 1853 709 esse.

2109 653 2366 718 ιουοῖ¹σως
2391 658 2494 733 γὰρ
2508 663 2626 719 τοῖς
2644 657 2973 735 φιλοκάλοις
2996 658 3057 713 οὐ
3084 654 3253 728 δόξειε
3271 660 3433 712 τοῦτο
3454 655 3745 729 πάρεργον.

406 746 458 800 is
488 763 625 817 ergo
657 762 880 801 annum
931 746 1119 800 atatis
1178 760 1357 816 agens
1415 744 1985 814 duodevigesimum,

2166 746 2664 804 Ὀκτωκαιδέκατον
2720 747 2866 827 ἄγων
2916 757 3017 819 τῆς
3045 748 3266 819 ἡλικίας
3324 743 3461 817 ἔτος,
3518 742 3750 800 καταλιο

334 836 619 890 deserens
650 835 997 907 magistrum
1030 850 1205 889 suum
1228 834 1538 889 Libanium
1571 833 1922 904 sOphistam,
1956 849 1970 886 ι

2108 837 2212 891 πὼν
2260 837 2354 891 τὸν
2416 835 2740 895 διδάσκαλον
2793 839 2960 895 αὐτοῦ
3018 834 3276 895 Λιϐάνιον
3320 838 3412 892 τὸν
3457 837 3744 915 σοφιστὴν,

333 927 567 981 Meletio
591 926 923 980 Antiochia
943 925 1320 980 sanctissimo
1339 926 1616 996 episcopo
1637 924 1967 995 baptizatus

2117 926 2203 980 me
2234 930 2332 982 τοΰ
2378 926 2686 1001 ἁγιωτάτου
2742 929 3040 984 ἐπισκόπου
3101 925 3447 1002 Ἀντιοχείας
3480 922 3753 982 Μελετίου

334 1015 407 1070 ad
439 1015 676 1069 lectoris
709 1029 927 1068 munus
960 1014 1304 1085 designatus
1338 1020 1446 1070 est.
1486 1014 1567 1068 ibi
1614 1029 1749 1068 cum
1804 1012 1970 1067 trien‘

2118 1016 2413 1079 iammﬂaig
2486 1024 2889 1094 χειροτονεῖται
2973 1018 3347 1093 ἀναγνώστης.
3418 1016 3521 1072 Καὶ
3581 1032 3754 1089 παρα-

332 1105 498 1158 nium
523 1104 784 1160 ecclesia
810 1103 1118 1170 adfuisset,
1142 1104 1217 1158 ad
1239 1105 1656 1159 monachorum
1677 1103 1968 1174 quemdam

2121 1104 2280 1165 ιείνας
2309 1107 2378 1179 τῇ
2405 1103 2670 1178 ἐκκλησίᾳ
2716 1104 2807 1177 ἔτη
2869 1107 2993 1183 τρία
3049 1102 3392 1181 ἀνεχώρησε,
3417 1102 3509 1158 καὶ
3541 1103 3757 1171 ἀπῆλθε

335 1198 683 1267 prafectum
736 1198 999 1266 secessit,
1032 1198 1275 1251 nomine
1319 1198 1686 1264 Carterium;
1719 1197 1971 1268 apudquc

2122 1193 2235 1267 πρὸς
2264 1214 2385 1250 τινα
2437 1196 2680 1274 μοναχὸν
2737 1196 2827 1251 καὶ
2885 1197 3198 1273 ἡγούμενον
3257 1195 3546 1269 Καρτίριον
3574 1190 3758 1247 τοῦνο-

332 1303 467 1341 eum
502 1287 967 1358 quadriennium
987 1293 1255 1342 moratus
1285 1288 1615 1342 monachus
1640 1287 1749 1341 sub
1773 1303 1841 1341 eo
1862 1286 1968 1340 fuit

2119 1303 2196 1353 ια,
2254 1284 2343 1339 καὶ
2402 1284 2551 1357 αὐτῷ
2601 1286 2935 1361 προσμείνας
2995 1280 3088 1355 ἔτη
3142 1284 3371 1359 τέσσαρα
3404 1282 3610 1360 γίνεται
3667 1280 3755 1336 ὑπ’

330 1377 759 1447 institutusque
793 1382 881 1431 est
931 1377 1114 1432 sacris
1164 1378 1400 1431 Litteris
1450 1383 1507 1431 et
1560 1382 1834 1432 accurata
1864 1376 1966 1429 vita

2119 1371 2268 1426 ιύτοῦ
2328 1372 2592 1451 μοναχός.
2655 1372 2753 1427 Καὶ
2837 1373 2933 1435 τὰς
3013 1372 3158 1437 θείας
3229 1372 3439 1451 Γραφᾶς
3498 1371 3584 1425 ὑπ’
3645 1370 3755 1425 αὐ-

332 1466 613 1521 solitaria
635 1466 918 1537 degenda
942 1467 1191 1523 ratione.
1210 1469 1421 1521 Postea
1440 1468 1657 1537 quietis
1676 1466 1968 1537 cupiditat

2118 1466 2194 1516 τοῦ
2250 1460 2554 1525 παιδευθεὶς
2610 1464 2700 1519 καὶ
2768 1471 2871 1533 τῆς
2934 1470 3242 1539 μοναχικῆς
3301 1460 3589 1523 πολιτείας
3654 1461 3754 1527 τήν

334 1554 549 1609 ductus
571 1556 633 1609 in
652 1556 996 1625 speluncam
1020 1552 1375 1626 abiit,inque
1402 1571 1469 1609 ea
1497 1556 1810 1611 biennium
1833 1553 1962 1609 solu

2125 1547 2398 1627 ικρίϐειαν,
2434 1554 2632 1627 χοόνον
2659 1554 2779 1609 τινὰ
2829 1555 3175 1629 ἀνεχώρησεν
3208 1552 3259 1607 ὲν
3290 1550 3547 1623 σπηλαίῳ
3595 1550 3761 1617 μόνος

337 1646 550 1716 exegit.
587 1646 712 1710 Quo
747 1650 868 1700 toto
901 1644 1144 1699 biennio
1195 1661 1329 1699 cum
1364 1661 1557 1715 neque
1590 1651 1769 1700 noctu
1799 1659 1973 1713 nequc

2122 1637 2192 1710 ’τη
2221 1638 2340 1709 δύο,
2388 1643 2571 1696 ποθῶν
2628 1643 2729 1711 τήν
2786 1643 3041 1722 ἡσυχίαν,
3106 1644 3195 1711 Μὴ
3256 1640 3543 1696 ἀναπεσὼν
3579 1636 3638 1693 δὲ
3665 1638 3758 1693 τὸν

334 1734 600 1790 interdiu
627 1735 1019 1802 recubuisset,
1045 1734 1314 1789 enecavit
1335 1751 1509 1791 renes
1533 1740 1592 1789 et
1621 1739 1819 1806 partes
1840 1733 1970 1787 infra

2126 1736 2252 1799 ἱιετῆ
2282 1731 2504 1805 χρόνον,
2540 1733 2617 1805 μὴ
2649 1732 2887 1806 νύκτωρ,
2931 1733 3006 1804 μὴ
3066 1732 3183 1804 μεθ’
3242 1730 3478 1802 ἡμέραν,
3538 1729 3762 1803 νεκρυῦο

336 1830 603 1879 ventrem
663 1824 829 1891 sitas,
884 1823 1098 1895 frigore
1160 1840 1261 1879 eas
1320 1824 1630 1895 perdente.
1664 1825 1843 1879 Porro
1874 1838 1972 1879 nor

2124 1837 2189 1870 ται
2245 1818 2312 1871 τὰ
2374 1818 2730 1894 ὑπογάστρια,
2786 1819 3020 1894 πληγεὶς
3079 1819 3185 1874 ἀπὸ
3240 1820 3338 1873 τοῦ
3405 1816 3605 1891 κρύους
3662 1815 3760 1876 τὰς

333 1920 648 1969 contentus
675 1913 788 1967 sibi
810 1910 922 1984 ipsi
952 1912 1269 1984 profuisse,
1302 1929 1541 1969 rursum
1567 1913 1764 1968 divina
1785 1912 1969 1984 provi-

2118 1908 2221 1980 τερὶ
2253 1907 2379 1968 τοὺς
2436 1906 2664 1983 νεφροὺς
2718 1904 2994 1982 δυνάμεις.
3052 1909 3138 1977 Μή
3200 1906 3450 1982 ἐπαρκῶν
3482 1903 3539 1960 δὲ
3578 1906 3754 1976 ἑαυτῷ

332 2005 445 2058 den
456 2004 533 2058 tia
548 2004 658 2057 hoc
671 2003 744 2057 ad
759 2002 1066 2058 multorum
1079 2003 1333 2057 salutem
1347 2009 1702 2073 procurante
1716 2001 1790 2058 ad
1804 2002 1963 2058 eccle

2120 1996 2459 2071 ίρησιμεύειν
2515 1994 2681 2053 πάλιν
2739 1992 3150 2071 καταλαμϐάνει
3211 1999 3309 2067 τὴν
3372 1994 3667 2064 ἐκκλησίαν
3696 1992 3756 2048 ἐκ

334 2094 482 2148 siam
534 2092 729 2147 rediit.
765 2091 1034 2147 Meletius
1085 2098 1223 2147 tunc
1272 2108 1409 2147 eum
1456 2091 1773 2147 diaconum
1805 2098 1968 2148 creat

2124 2087 2243 2149 sia:
2299 2087 2640 2162 προμηθείας
2701 2087 2778 2150 εἶς
2836 2086 3062 2143 πολλῶν
3129 2084 3423 2161 σωτηρίαν.
3483 2085 3760 2146 Ἐντεῦθεν

332 2183 597 2251 Cumque
644 2179 814 2235 altari
869 2181 1194 2235 triennium
1226 2180 1595 2236 inserviisset
1624 2186 1683 2235 et
1705 2182 1830 2251 jam
1862 2182 1968 2253 eju:

2114 2180 2491 2250 (ειροτονεῖται
2524 2175 2773 2239 διάκονος
2801 2176 2931 2249 ξὺπὸ
2988 2180 3086 2232 τοῦ
3137 2176 3285 2232 θείου
3315 2173 3607 2242 Μελετίου,
3644 2173 3750 2227 ὑπο

334 2272 395 2324 in
425 2268 695 2325 docendo
725 2270 912 2323 virtus
936 2270 1315 2335 innotuisset,
1349 2286 1383 2323 a
1413 2270 1690 2324 Flaviano
1715 2271 1970 2342 episcopi

2113 2267 2368 2341 ιρετήσας
2397 2271 2476 2339 τῷ
2505 2267 2876 2342 θυσιαστηρίῳ
2922 2266 3047 2343 τρία
3091 2265 3207 2336 ἔτη.
3256 2262 3401 2335 Ἤδη
3450 2260 3506 2319 δὲ
3534 2271 3635 2332 τῆς
3668 2259 3749 2316 δι-

333 2359 648 2429 presbyter
678 2359 1081 2414 constituitur.
1114 2358 1257 2412 Inde
1298 2359 1359 2412 in
1392 2358 1762 2413 Antiochena
1793 2356 1969 2414 Eccle

2116 2355 2436 2425 Βασκαλικῆς
2495 2356 2658 2411 αὐτοῦ
2737 2359 2932 2432 ἀρετῆς
2987 2354 3409 2429 διαλαμπούσης
3457 2348 3752 2428 πρεσϐύτε-

335 2450 423 2504 sia
454 2448 915 2519 quadriennium
940 2454 1203 2503 versatus
1226 2449 1357 2503 vita
1381 2466 1501 2504 sua
1524 2449 1840 2505 virtutibus
1863 2465 1971 2505 ean

2123 2467 2193 2507 ιος
2227 2452 2619 2521 χειροτονεῖται
2680 2444 2770 2501 διὰ
2827 2442 3144 2502 Φλαϐιανοῦ
3181 2449 3282 2501 τοῦ
3315 2441 3635 2510 ἐπισκόπου,
3666 2440 3759 2496 καί

336 2539 659 2595 exornavit.
690 2542 828 2593 Erat
860 2554 1094 2593 summa
1123 2539 1507 2593 continentia
1556 2545 1615 2593 et
1662 2538 1972 2596 tolerantia

2124 2536 2332 2609 εέσσαρα
2361 2528 2455 2607 ἔτη
2517 2533 2818 2611 διαπρέψας
2873 2533 2927 2590 ἐν
2976 2540 3045 2610 τῇ
3107 2534 3372 2605 ὶκκλησίᾳ
3418 2532 3760 2610 Ἀντιοχείας

337 2629 781 2694 exercitatione,
806 2628 1053 2700 pervigit
1083 2634 1143 2682 et
1172 2629 1389 2699 quietis
1421 2628 1897 2684 studiosissimus
1928 2646 1973 2685 ω

2122 2623 2457 2697 ὶποσεμνύνει
2488 2625 2550 2679 τὸ
2606 2622 2776 2680 ἔκεῖσε
2826 2625 3088 2701 ἱερατεῖον
3146 2628 3217 2698 τῇ
3269 2629 3367 2679 τοῦ
3413 2622 3536 2699 βίου
3567 2622 3758 2695 ἀρετῇ.

288 2778 297 2785 Δ
338 2719 748 2789 temperantia
767 2718 1147 2773 amulatione
1166 2718 1225 2772 in
1249 2718 1510 2773 dibendo
1531 2718 1924 2791 iiber:alioqu

2124 2719 2204 2770 Ην
2234 2714 2336 2787 γὰρ
2367 2714 2608 2784 ἀσκητὴς
2659 2713 2840 2788 ἄκρως
2897 2713 2989 2768 καὶ
3046 2711 3472 2789 πολυάγρυπνος
3502 2710 3594 2765 καὶ
3627 2707 3760 2783 φιλ-

333 2806 664 2875 irritabiiis,
706 2808 810 2862 ira
864 2822 1044 2877 quam
1096 2806 1308 2879 pudori
1364 2804 1809 2880 obsequentior,
1841 2809 1969 2866 δτι

2124 2805 2313 2877 ςσυχος
2374 2801 2492 2857 λίαν
2555 2802 2645 2857 καὶ
2701 2800 2791 2857 διὰ
2850 2802 3021 2873 ζῆλον
3082 2804 3441 2880 σωφροσύνης
3483 2798 3760 2875 εόπαρῥηο

333 2897 657 2953 immodica
674 2896 909 2951 dicendi
930 2897 1206 2952 libertate
1226 2898 1505 2953 utebatur
1521 2898 1799 2953 adversus
1818 2900 1969 2954 inter

2125 2892 2323 2956 ιίαστος
2374 2891 2465 2946 καὶ
2521 2891 2858 2967 ἀκράχολος,
2918 2893 3005 2947 καὶ
3066 2896 3225 2965 θυμῷ
3287 2889 3502 2967 μᾶλλον
3544 2890 3579 2959 ἢ
3612 2886 3761 2942 αἰδοῖ

330 2986 648 3057 peliantes.
672 2988 740 3041 In
767 2986 1036 3041 docendo
1060 2988 1416 3043 utilissimus
1439 2988 1856 3058 habebatur,in
1881 2990 1966 3045 col

2123 2982 2410 3057 χαρίζετο,
2466 2979 2926 3056 ἐλευθεροστομίᾳ
3002 3001 3062 3035 τε
3132 2981 3262 3056 πρὸς
3310 2977 3439 3043 τοὺς
3496 2974 3759 3053 ἐντυγχά-

332 3075 550 3145 ioquiis
576 3091 859 3147 arrogans
882 3075 1192 3131 videbatur
1214 3082 1271 3131 et
1290 3080 1666 3149 contemptor
1685 3079 1968 3134 hominun

2118 3088 2294 3131 νοντας
2318 3069 2567 3146 ἆμέτρως
2626 3069 2916 3149 ἑκὲχρητο.
2980 3072 3085 3127 Καὶ
3135 3069 3189 3125 ἲν
3254 3070 3347 3143 μὲν
3377 3071 3456 3139 τῷ
3486 3064 3754 3122 διδάσκειν

329 3165 403 3219 iis
432 3166 531 3237 qui
562 3181 700 3222 eum
745 3181 866 3222 non
916 3170 1150 3223 norant.
1206 3167 1406 3240 Itaque
1441 3170 1620 3225 etiam
1652 3170 1725 3225 ad
1766 3172 1965 3243 episco

2120 3157 2276 3222 πολὺς
2308 3160 2375 3228 ἦν
2408 3159 2543 3233 πρὸς
2577 3159 2869 3236 ὠφέλειαν,
2918 3160 2969 3214 ἐν
3022 3155 3078 3213 δὲ
3123 3164 3243 3221 ταῖς
3275 3158 3588 3232 συντυχίαις
3621 3155 3756 3209 ἃλα-

329 3259 534 3327 patum
575 3261 812 3311 evectus
842 3257 1053 3329 majOri
1087 3259 1404 3329 supercilio
1436 3260 1749 3315 adversum
1784 3242 1965 3315 subdit

2125 3248 2313 3318 ζονικός
2354 3251 2467 3321 (46)
2519 3269 2605 3311 τις
2662 3250 2751 3304 καὶ
2808 3248 3119 3324 ὑπερόπτης
3149 3248 3429 3320 ἐνομίζετο
3456 3251 3574 3309 τοῖς
3601 3242 3761 3299 αὐτὸν

336 3304 534 3327 μη---
580 3304 811 3311 μη---
842 3304 1053 3329 ---νυνη
1087 3304 1401 3329 ﬂre.-.“
1436 3304 1749 3315 “ww...”
1785 3304 1955 3315 υνυς..

336 3352 423 3399 tos
458 3346 755 3414 utebatur,
789 3346 864 3401 ad
896 3348 1147 3402 salutem
1175 3353 1234 3403 et
1262 3350 1695 3404 correctionem
1728 3348 1972 3422 singulo!

2124 3304 2134 3318 .
2302 3304 2312 3310 -
2357 3304 2370 3321 .
2426 3304 2464 3321 ν,
2591 3304 2603 3311 .
2912 3304 2920 3324 .
3076 3304 3116 3319 .-
3241 3304 3251 3320 .
3316 3304 3336 3317 τ
3561 3304 3571 3309 -

2124 3339 2384 3414 ὶγνοοῦσι.
2407 3339 2500 3393 Διὸ
2515 3337 2605 3393 καὶ
2628 3336 2715 3393 ἐπὶ
2738 3340 2835 3406 τὴν
2859 3338 3160 3407 ἐπισκοπὴν
3185 3332 3524 3412 προϐληθεὶς
3554 3334 3760 3407 μείζονι

337 3449 474 3490 rum
521 3441 720 3507 gestus
772 3453 839 3491 ac
887 3436 1191 3491 orationes
1224 3437 1568 3493 immutans.
1602 3439 1785 3493 Nemo
1817 3439 1973 3511 igitw

2127 3428 2273 3507 ἱφρύῖ
2301 3428 2435 3483 κατά
2489 3435 2596 3483 τῶν
2653 3428 2910 3499 ὑπηκόων
2968 3427 3260 3503 ἐκέχρητο,
3300 3428 3436 3502 πρὸς
3478 3424 3763 3500 διόρθωσιν

342 3525 502 3578 hunc
529 3525 879 3595 arrogantia
911 3522 1221 3579 damnabit
1277 3526 1392 3581 nisi
1451 3526 1753 3594 adulator;
1799 3540 1978 3598 neque

2129 3523 2333 3575 κάστου
2365 3518 2454 3573 καὶ
2477 3517 2752 3595 σωτηρίαν
2775 3518 2867 3575 καὶ
2889 3520 3016 3579 τοὺς
3036 3520 3274 3595 τρόπους
3296 3518 3388 3572 καὶ
3408 3518 3537 3573 τοὺς
3564 3519 3765 3594 λόγους

345 3612 631 3668 mediocri
665 3614 865 3667 animo
922 3614 1105 3668 fuisse
1163 3615 1384 3683 credet,
1427 3617 1528 3685 qui
1570 3617 1695 3687 ipse
1727 3615 1981 3672 adulatm

2122 3607 2524 3666 αεταλλάττων.
2556 3608 2633 3665 Οὐ
2664 3609 2862 3681 τοίνυν,
2897 3610 2944 3663 εἰ
2997 3610 3070 3682 μή
3106 3626 3190 3672 τις
3219 3606 3301 3679 εἴη
3335 3608 3525 3679 κόλαξ,
3566 3613 3758 3664 τοῦτον

347 3703 423 3756 sit
452 3707 509 3755 et
538 3702 701 3772 parvi
732 3702 938 3755 animi.
978 3703 1191 3757 Verum
1231 3704 1314 3758 ita
1342 3704 1685 3759 habendum
1716 3710 1823 3768 est,
1860 3722 1983 3761 eum

2125 3698 2347 3769 ἱλαζόνα
2377 3700 2509 3753 εἶναι
2539 3698 2772 3773 νομίζει·
2807 3697 2922 3754 οὐδ’
2952 3698 3017 3753 αὖ
3051 3699 3237 3769 πάλιν,
3273 3698 3321 3753 εἷ·
3349 3696 3519 3769 κόλαξ
3551 3696 3636 3767 εἴη
3670 3698 3761 3753 καὶ

344 3794 564 3845 statum
589 3792 749 3845 hunc
777 3792 1061 3862 tenuisse,
1082 3793 1183 3863 qui
1206 3792 1461 3848 liberum
1486 3794 1673 3850 decet.
1706 3796 1974 3868 Magnani

2123 3790 2353 3865 ἱγεννής,
2422 3789 2612 3844 τοῦτον
2670 3790 3036 3866 μετριόφρονα
3094 3786 3336 3857 καλέσει,
3377 3786 3525 3843 ἀλλά
3582 3788 3675 3842 τὸν
3708 3785 3759 3842 ἐν

343 3896 507 3937 mum
541 3882 699 3936 enim
733 3898 862 3937 esse
894 3883 1188 3952 convenit,
1215 3897 1335 3939 non
1368 3885 1691 3956 superbum
1718 3904 1731 3952 ;
1760 3888 1970 3943 fortem

2122 3877 2459 3953 προσηκούσῃ
2517 3879 2663 3948 τάξει
2722 3884 2837 3941 τοῖς
2894 3876 3201 3952 ἐλευθέροις
3249 3876 3531 3952 πρεπούσῃ
3565 3872 3758 3931 ἑαυτὸν

340 3987 460 4026 non
495 3971 881 4026 temerarium
909 3988 922 4039 ;
955 3973 1510 4042 aquanimum,non
1540 3972 1754 4046 abjecti
1778 3976 1961 4031 animi

2123 3967 2468 4043 ρυλάττοντα.
2502 3967 2916 4047 Μεγαλόψυχον
2967 3965 3073 4044 γὰρ
3132 3969 3268 4022 εἶναι
3327 3968 3617 4041 προσῆκει,
3652 3964 3759 4041 οὐχ

336 4061 731 4131 moderatum,
764 4078 887 4116 non
919 4062 1274 4117 humilitatis
1306 4063 1735 4133 simulatorem,
1779 4064 1972 4121 libera

2120 4058 2473 4135 ὕπερήφανον,
2531 4054 2800 4131 ἀνδρεῖον,
2851 4056 2917 4111 οὐ
2968 4058 3186 4131 θρασὺν,
3235 4061 3317 4130 [Ρ.
3350 4059 3477 4129 330]
3520 4055 3756 4125 ἐπιεικῆ,

336 4150 475 4217 lem,
504 4168 622 4205 non
647 4151 942 4207 servilem.
968 4152 1478 4216 Quemadmodum
1512 4158 1570 4207 et
1601 4154 1726 4225 ipse
1753 4155 1972 4226 Chryse

2123 4147 2169 4202 >ὐ
2230 4145 2606 4222 δουλοπρεπῆ,
2665 4146 3045 4223 μετριόφρονα,
3124 4146 3186 4201 οὐ
3261 4144 3759 4226 ταπεινοφροσύνην

339 4244 563 4295 stomus
587 4240 731 4295 dicit
754 4257 767 4294 :
794 4242 1115 4311 Propterea
1136 4242 1360 4297 varium
1385 4259 1515 4298 esse
1547 4248 1782 4314 oportet
1802 4251 1967 4316 pasto

2126 4236 2555 4313 ιποκρινόμενον,
2588 4235 2917 4310 ἐλευθέριον,
2967 4237 3068 4290 οὐκ
3122 4232 3547 4311 ἀνδραποδώδη,
3580 4236 3762 4311 ὣσπερ

337 4345 463 4384 rem
496 4336 673 4400 atque
705 4329 1030 4385 doctorem.
1058 4331 1299 4385 Varium
1330 4332 1609 4399 dico,non
1642 4333 1958 4390 subdolum

2127 4325 2177 4393 ἰὴ
2206 4328 2298 4380 καὶ
2327 4325 2494 4388 αὐτὸς
2552 4325 2710 4389 οὗτος
2768 4326 2797 4379 ὁ
2851 4323 3242 4400 Χρυσόστομος
3274 4323 3440 4400 λέγει.
3475 4327 3571 4380 Διὰ
3599 4331 3763 4381 τοῦτο

340 4435 533 4489 neque
594 4417 967 4473 adulatorem
998 4424 1100 4473 aut
1152 4420 1585 4491 insultatorem,
1619 4424 1721 4478 sed
1754 4424 1976 4495 plenun

2131 4414 2363 4470 ποικίλον
2396 4414 2533 4470 εἶναι
2565 4412 2648 4470 δεῖ
2668 4415 2761 4470 τὸν
2807 4416 3042 4488 ποιμένα
3096 4416 3188 4472 καὶ
3249 4414 3596 4473 διδάσκαλον.
3630 4422 3767 4471 Ποι-

340 4524 570 4580 magna
603 4506 932 4574 libertatis;
962 4508 1061 4577 qui
1087 4512 1143 4561 et
1176 4509 1498 4565 concedere
1530 4510 1759 4567 utiliter
1790 4514 1976 4584 possit

2133 4504 2263 4560 ιίλον
2295 4503 2351 4560 δὲ
2381 4504 2550 4580 λέγω,
2610 4504 2717 4581 οὐχ
2776 4504 3016 4561 ὕποὺλον
3072 4502 3201 4562 οὐδὶ
3255 4506 3466 4563 κόλακα
3493 4505 3585 4561 καὶ
3619 4502 3769 4583 ὑϐρι-

341 4597 442 4652 ubi
470 4596 557 4650 rei
591 4601 1007 4667 argumentum
1039 4596 1098 4650 id
1132 4598 1417 4668 requiret,
1452 4604 1511 4653 et
1556 4603 1674 4655 tam
1706 4600 1903 4656 lenem
1934 4619 1977 4655 ει

2130 4597 2265 4665 ιτήν,
2318 4593 2466 4650 ἀλλὰ
2521 4591 2743 4664 πολλῆς
2782 4593 3092 4669 ἐλευθερίας
3150 4596 3240 4651 καὶ
3299 4596 3609 4672 παρρησίας
3637 4598 3766 4651 ἀνά·

343 4701 521 4756 quam
544 4689 851 4739 austerum
871 4685 1365 4758 prabere.Neque
1388 4688 1549 4742 enim
1571 4702 1780 4745 omnes
1805 4690 1979 4746 eodem

2123 4701 2331 4756 αεστον,
2384 4681 2565 4739 εἰδότα
2616 4683 2705 4739 καὶ
2766 4686 3099 4761 συγκατιέναι
3161 4686 3484 4765 χρησίμως,
3532 4685 3658 4741 ὅταν
3725 4688 3759 4757 ἡ

344 4775 520 4829 modo
552 4778 692 4827 sunt
738 4774 1027 4829 tractandi
1084 4774 1327 4846 subditi,
1364 4777 1602 4847 quando
1651 4794 1845 4850 neque
1873 4795 1980 4834 me-

2130 4776 2216 4826 τῶν
2265 4773 2604 4848 πραγμάτων
2661 4774 2913 4837 ὑπόθεσις
2971 4775 3174 4848 ἀπαιτῇ
3232 4779 3420 4846 τοῦτο,
3473 4776 3565 4828 καὶ
3626 4794 3766 4848 χρη-

345 4864 460 4919 dici
493 4864 567 4919 ad
599 4877 807 4919 omnes
855 4864 1095 4920 morbos
1144 4866 1357 4920 eodem
1405 4871 1660 4922 utuntur
1708 4868 1972 4926 remedio

2128 4864 2235 4917 nov
2294 4863 2425 4917 εἶναι
2486 4862 2627 4936 ὁμοῦ
2673 4865 2764 4917 καὶ
2821 4862 3113 4937 αὐστηρόν.
3166 4865 3243 4921 Οὐ
3296 4865 3399 4940 γὰρ
3449 4864 3525 4918 ἑνὶ
3575 4864 3764 4936 τρόπῳ

346 4968 538 5024 neque
561 4953 941 5025 gubernatori
966 4955 1143 5010 unica
1167 4960 1255 5010 est
1272 4956 1461 5011 ventis
1482 4957 1801 5012 resistendi
1830 4959 1979 5013 ratio

2132 4958 2354 5027 (ρῆσθαι
2383 4957 2500 5012 τοῖς
2555 4951 2891 5027 ἀρχομένοις
2949 4952 3116 5007 ’ἅπασι
3171 4949 3309 5024 δέον,
3367 4951 3480 5008 ἐπεὶ
3518 4951 3659 5026 μηδὲ
3692 4951 3768 5007 ἴα-

346 5042 669 5099 Considera
716 5058 853 5113 ergo
912 5043 1148 5113 qualem
1201 5049 1472 5115 oporteat
1519 5046 1677 5100 hunc
1717 5062 1865 5117 esse,
1903 5064 1982 5118 qu

2131 5046 2256 5120 ιρῶν
2324 5042 2507 5098 παισὶν
2569 5044 2646 5098 ὲνί
2736 5045 3009 5122 φαρμάκῳ
3102 5049 3233 5100 πᾶσι
3314 5051 3432 5107 τοῖς
3499 5044 3767 5119 κάμνουσι

345 5139 571 5187 tantam
601 5132 895 5187 sustinere
926 5137 1344 5203 tempestatem
1398 5133 1610 5189 debeat
1652 5140 1981 5209 tantumqut

2128 5131 2510 5213 προσφέρεσθαι
2566 5134 2758 5206 καλὸν,
2839 5132 2981 5207 μηδὲ
3037 5130 3398 5210 κυϐερνήταις
3458 5136 3584 5211 μίαν
3643 5133 3764 5190 ὁδὸν

347 5226 555 5277 astum
589 5226 765 5290 atque
812 5225 900 5274 tot
943 5221 1180 5289 ﬂuctus,
1231 5222 1297 5275 ut
1342 5222 1619 5278 omnibus
1650 5225 1852 5280 omnia
1882 5227 1983 5281 ﬂat

2133 5224 2319 5283 ιῒδὲναι
2386 5232 2485 5295 τῆς
2541 5226 2677 5301 πρὸς
2735 5225 2802 5280 τὰ
2862 5225 3141 5300 πνεύματα
3201 5229 3410 5303 μάχης.
3479 5229 3769 5297 Ἐννόησον

346 5324 462 5381 quo
495 5324 704 5365 omnes
736 5310 1021 5365 lucretur.
1055 5311 1301 5381 Oportet
1329 5311 1490 5365 enim
1523 5313 1682 5368 hunc
1718 5329 1846 5368 esse
1876 5332 1979 5387 gra

2134 5312 2211 5370 ὧν
2241 5315 2434 5371 ὁποῖόν
2464 5335 2584 5370 τινα
2643 5315 2776 5372 εἶναι
2839 5317 2950 5391 χρὴ
3009 5316 3099 5371 τὸν
3164 5316 3436 5391 μέλλοντα
3481 5320 3617 5392 πρὸς
3650 5334 3770 5391 χει-

342 5416 494 5467 vem,
526 5400 717 5455 fastus
746 5404 1070 5470 expertem,
1118 5398 1471 5469 terribilem,
1503 5403 1656 5459 579
1688 5403 1978 5475 placidum

2142 5410 2279 5461 ιῶνα
2333 5409 2592 5461 τοσοῦτον
2647 5402 2884 5473 ἀνθέξειν
2959 5406 3049 5459 καὶ
3124 5409 3385 5478 τοιαύτην
3448 5408 3620 5480 ζάλην
3677 5413 3778 5466 καὶ

1563 5529 1924 5588 XYLANDRI
1964 5535 2050 5589 ET
2080 5533 2294 5589 GOARl
2334 5534 2556 5588 ΝΟΤιΕ.

562 5649 971 5743 ΙςξιΔ
997 5644 1442 5743 eiulas-dianae
1491 5654 1752 5743 κρείσσων
1793 5657 1827 5725 ἢ
1862 5658 1997 5729 τιμὴ
2110 5654 2635 5743 ξΛληιθευτιηκὸς-γάρ
2668 5657 2745 5743 ἦν⁹
2789 5655 2857 5743 τά
2907 5654 3120 5743 πολλὰ,
3154 5658 3237 5741 δτι
3267 5659 3564 5743 καὶ-στόμα
3595 5672 3764 5743 σοφοῦ

351 5722 856 5811 xaxe5‘.'LS.enariLus
888 5725 996 5787 est,
1030 5722 1320 5811 indi-cans.
1350 5722 1628 5811 prastare
1661 5735 1725 5782 ut
1755 5722 1987 5811 succen'

2126 5722 2365 5811 ιαλησειΛ
2388 5722 3022 5811 ἀλήθειάν-βγθνὶιίιιοω
3076 5722 3238 5811 enim
3289 5722 3542 5811 colebat,
3589 5722 3762 5811 juita

357 5797 481 5847 seat
514 5792 617 5845 tibi
652 5789 869 5861 probus
902 5807 1079 5860 quam
1110 5799 1175 5848 ut
1206 5789 1398 5850 malus
1428 5803 1481 5851 te
1514 5798 1782 5858 honoret.
1816 5803 1995 5857 Item:
2110 5789 2293 5858 illud:
2327 5804 2394 5857 Os
2421 5789 2682 5871 sapientis
2714 5802 2971 5871 loquetur
2994 5803 3299 5860 raritatem.
3335 5789 3473 5861 th.
