4144 6420
371 429 490 491 629

1533 421 1895 485 HISTORIA
1910 419 2089 482 RUM
2131 419 2692 488 COMPENDIUM.

3658 422 3779 484 630

356 563 601 615 τοσαῦτα
655 557 896 631 κύματα,
980 558 1115 631 πρὸς
1181 557 1244 611 τὸ
1300 551 1546 632 γενέσθαι
1601 557 1721 615 τοῖς
1773 555 1903 607 πᾶσι
1955 548 2019 604 τά

2132 551 2383 625 imperio
2439 560 2725 625 utentem,
2772 556 3339 633 communicantem,
3417 556 3785 628 corruptelas

353 648 554 719 πάντα,
587 642 676 701 ’ἱνα
721 646 927 709 πάντας
985 640 1251 720 κερδήσῖπ
1313 645 1409 699 Καὶ
1465 642 1568 720 γὰρ
1627 640 1820 716 σεμνὸν
1885 638 2021 695 εἶναι

353 733 441 792 δεῖ
474 736 567 793 τὸν
595 739 852 792 τοιοῦτον
880 734 972 791 καὶ
1002 734 1231 813 ἄτυφον,
1280 734 1371 789 καὶ
1426 726 1656 814 φοϐερὸν
1708 731 1799 786 καὶ
1849 748 2023 805 προσ-

353 833 490 898 ηνῆ,
543 824 637 881 καὶ
694 823 992 900 ἀρχονικὸν
1038 823 1128 879 καὶ
1181 822 1527 891 κοινωνικὸν,
1584 818 1676 875 καὶ
1728 816 2018 875 ἀδέκαστον

350 915 446 973 καὶ
480 913 896 991 θεραπευτικὸν,
939 913 1030 968 καὶ
1077 913 1327 969 ταπεινὸν
1386 911 1479 967 καὶ
1532 907 1871 979 ἀδούλωτον,
1928 906 2021 963 καὶ

356 1002 586 1083 φαιδρὸν
614 1005 706 1059 καὶ
742 1000 973 1078 ἥμερον,
1001 999 1094 1058 ’ίνα
1140 1000 1279 1077 πρὸς
1321 1004 1492 1057 ταῦτα
1541 996 1785 1062 εὐκόλως
1842 994 2022 1073 μάχε-

358 1098 477 1149 σθαι
504 1091 748 1163 δύνηται.
783 1092 996 1150 Οὐκοῦν
1043 1084 1128 1147 δεῖ
1172 1090 1266 1147 τὸν
1313 1087 1558 1165 ἐνάρετον
1610 1089 1702 1143 καὶ
1746 1084 2021 1166 ἐχέφρονα

359 1182 577 1262 φεύγειν
622 1182 685 1237 τὸ
742 1179 1063 1238 κολακεύειν
1119 1179 1210 1236 καὶ
1265 1176 1676 1249 κολακεύεσθαι,
1725 1175 1815 1232 καὶ
1877 1176 2020 1251 μήτε

360 1271 692 1344 ἀλαζονικὸν
724 1272 862 1327 εἶναι
896 1273 1037 1345 μήτε
1064 1268 1303 1342 κόλακα,
1357 1267 1486 1326 ἀλλ’
1534 1262 1857 1346 ἀμφοτέρων
1906 1269 2015 1321 τῶν

365 1369 546 1421 κακῶν
575 1363 784 1419 τούτων
814 1360 1065 1433 κολάζειν
1105 1363 1205 1432 τὴν
1264 1360 1545 1437 ἀμετρίαν,
1592 1360 1683 1416 καὶ
1733 1355 2014 1431 ἐλεύθερον

371 1452 531 1524 εἶναι,
566 1455 705 1528 μήτε
726 1452 804 1515 εἷς
834 1447 1121 1507 αὐθάδειαν
1163 1450 1529 1507 ἀποκλίνοντα
1579 1451 1715 1523 μήνε
1764 1447 1839 1510 εἰς
1890 1445 2019 1502 δου-

368 1541 696 1617 λοπρέπειαν
746 1540 1167 1598 καταπίπτοντα.
1233 1540 1375 1615 Πρὸς
1433 1539 1527 1613 μὲν
1585 1538 1686 1614 γὰρ
1739 1536 2018 1612 χρηστοὺς

364 1631 617 1687 ταπεινὸν
674 1630 940 1709 ὒπάρχειν
1000 1630 1138 1708 χρὴ,
1190 1628 1327 1702 πρὸς
1387 1624 1444 1683 δὲ
1502 1629 1714 1701 θρασεῖς
1776 1625 2012 1699 ὕψηλον,

363 1719 582 1795 ἐπείπερ
614 1721 663 1775 οἱ
725 1720 820 1794 μὲν
879 1720 1074 1796 ἀρετὴν
1134 1716 1269 1774 εἶναι
1316 1717 1418 1788 τήν
1476 1716 1765 1773 ἐπιείκειαν
1807 1718 2012 1791 ἡγοῦν-

355 1831 469 1877 ται,
520 1811 571 1864 οἱ
632 1807 690 1865 δὲ
747 1806 962 1886 ἀνδρίαν
1019 1809 1117 1878 τήν
1179 1806 1507 1883 θρασύτητα.
1567 1805 1852 1867 Κάκείνοις
1914 1803 2009 1876 μὶν

352 1903 457 1971 τήν
515 1899 1017 1977 ταπεινοφροσύνην
1086 1896 1204 1954 δέον
1279 1896 1622 1975 προσφέρειν,
1679 1893 1896 1957 τούτοις
1956 1890 2014 1949 δὲ

357 1991 459 2059 τήν
490 1987 712 2065 ἀνδρίαν
746 1985 1105 2044 σϐεννύουσαν
1134 1988 1313 2044 αὐτων
1340 1988 1467 2059 ετὴν
1517 1986 1623 2042 ἀπὸ
1670 1992 1770 2053 τῆς
1814 1982 2015 2059 θρασύ-

360 2100 527 2150 τητος
558 2076 735 2150 δόξαν,
770 2076 852 2135 ἵνα
889 2076 1018 2139 τοὺς
1074 2078 1168 2151 μὲν
1221 2075 1508 2154 ὠφελήσῃ,
1561 2079 1666 2129 τῶν
1717 2070 1776 2129 δὲ
1826 2092 2012 2128 ταπει-

360 2169 509 2244 νώσῃ
539 2170 601 2225 τὸ
634 2170 911 2247 φρόνημα.
958 2170 1127 2241 Ὅπερ
1178 2166 1270 2221 οὗν
1329 2164 1419 2221 καὶ
1452 2166 1480 2221 ὁ
1512 2164 1677 2240 μέγας
1728 2161 2013 2224 Βασίλειος

360 2254 546 2328 δηλῶν
580 2255 682 2338 ἔφη
736 2258 799 2313 τὸ
843 2261 941 2314 τοῦ
1000 2256 1321 2333 σοφωτάτου
1372 2253 1758 2329 Σολομῶντος·
1807 2252 2014 2325 Καιρὸς

357 2352 436 2421 τῷ
462 2352 618 2403 παντί
648 2346 951 2424 πράγματι,
1005 2342 1199 2401 εἷδέιαι
1254 2346 1366 2420 χρή
1413 2340 1496 2400 ὃτι
1548 2341 1638 2398 καὶ
1686 2341 2015 2411 ταπεινότησ-

360 2457 454 2500 τος
479 2436 571 2492 καὶ
602 2436 866 2509 ἐξουσίας,
892 2434 982 2491 καὶ
1013 2433 1247 2510 ἐλέγχου
1304 2435 1393 2489 καὶ
1453 2429 1873 2507 παρακλήσεως,
1923 2432 2015 2487 καὶ

367 2524 584 2601 φειδοῦς
614 2526 705 2581 καὶ
762 2523 1088 2601 παρρησίας,
1146 2522 1236 2579 καὶ
1292 2520 1680 2602 χρηστότητος
1735 2522 1823 2577 καὶ
1884 2521 2018 2577 ἀπο-

365 2614 588 2691 τομῖας,
646 2614 741 2671 καὶ
797 2613 1130 2684 ἁπαξαπλῶς
1188 2612 1379 2689 καιρός
1448 2610 1560 2667 ἐστι
1616 2611 1819 2674 παντὸς
1875 2612 2015 2686 πρά-

366 2727 576 2782 γματος
610 2702 774 2774 ἴδιος,
828 2704 969 2760 ὥστε
1018 2704 1154 2760 ποτὶ
1203 2704 1299 2779 μὶν
1359 2701 1425 2758 τὰ
1479 2704 1578 2766 τῆς
1631 2699 2018 2770 ταπεινότητος

366 2792 623 2850 δεικνύειν
672 2794 763 2850 καὶ
857 2794 1145 2867 μιμεῖσθαι
1201 2791 1257 2848 ἰν
1331 2792 1654 2846 ταπεινώσει
1702 2789 1771 2844 τὰ
1826 2786 2021 2845 παιδία

366 2886 502 2940 κατά
529 2884 629 2954 τήν
656 2883 928 2956 Κυριακήν
980 2882 1187 2957 φωνὴν,
1244 2880 1379 2937 ποτὲ
1436 2878 1495 2935 δὶ
1548 2883 1617 2952 τῇ
1674 2877 1890 2951 ἐξουσίᾳ
1939 2898 2022 2933 κε-

373 2975 635 3049 χρῆσθαι,
660 2970 726 3041 ἣν
767 2965 963 3026 ἔδωκεν
998 2970 1251 3044 ὁΚύριος
1300 2968 1376 3031 εἰς
1431 2964 1733 3042 οἰκοδομὴν
1780 2965 1870 3022 καὶ
1921 2966 2022 3022 οὐκ

371 3062 446 3125 εἷς
472 3063 804 3137 καθαιρεσιν,
866 3059 990 3115 ὅταν
1052 3061 1086 3129 ἡ
1149 3056 1600 3137 χρείαξέπιζητῇ
1657 3058 1756 3126 τήν
1813 3053 2020 3130 παρῥη-

373 3152 509 3221 σίαν,
557 3152 644 3207 καὶ
705 3148 759 3206 ἑν
813 3153 989 3226 καιρῷ
1050 3148 1145 3223 μὶν
1194 3146 1594 3224 παρακλήσεως
1653 3146 1716 3201 τὰ
1774 3146 2017 3221 χρηστὸν

374 3238 750 3311 ἐνδείκνυσθαι,
784 3239 837 3297 ἰν
865 3244 1041 3316 καιρῷ
1094 3236 1151 3296 δὶ
1204 3238 1513 3311 ἀποτομίας
1552 3238 1644 3293 τὸν
1696 3243 1868 3308 ζῆλον
1917 3235 2019 3306 ἔμε»

367 3329 590 3408 φαίνειν,
620 3330 712 3385 καὶ
742 3329 824 3404 ἐφ’
856 3328 1083 3385 ἑκάστου
1135 3332 1245 3383 τῶν
1290 3325 1480 3384 ἄλλων
1525 3325 1732 3400 ὁμοίως
1780 3327 1873 3382 τὸν
1927 3322 2012 3382 ἕκ-

367 3440 549 3491 κριτον
586 3417 678 3475 καὶ
734 3416 942 3474 δίκαιον
1001 3416 1269 3493 λογισμὸν
1307 3413 1689 3493 ἀποφέρεσθαιο
1756 3413 2019 3491 λογισμοὶ

367 3512 468 3587 γὰρ
497 3506 722 3564 δικαίων
769 3507 1031 3585 κρίματα.
1083 3506 1189 3565 Καὶ
1239 3502 1308 3575 δὴ
1358 3505 1449 3561 καὶ
1496 3506 1525 3560 ὁ
1571 3506 1834 3583 θεοφόρος
1893 3503 2019 3561 ἰσί-

366 3594 542 3675 δωρος
572 3594 782 3654 καὶτοῦ
841 3598 1113 3672 μακαρίου
1173 3595 1444 3672 φοιτητὴς
1492 3595 1629 3649 ποτε
1683 3592 1853 3671 λέγει’
1915 3594 2021 3650 Τὸν

366 3690 452 3762 [Ρ.
495 3690 620 3761 331]
653 3686 892 3763 ἄρχοντα
923 3685 1012 3742 καὶ
1045 3685 1248 3759 ἀγαθὸν
1295 3686 1432 3739 εἶναι
1486 3680 1567 3739 δεῖ
1620 3682 1711 3738 καὶ
1764 3678 2021 3761 φοϐερὸν,

363 3777 433 3832 ’ἶν’
464 3778 516 3832 οἱ
546 3779 641 3851 μὲν
670 3774 726 3831 εὖ
779 3776 1024 3852 βιοῦντες
1079 3774 1352 3849 θαῤῥοῖεν,
1408 3772 1461 3827 οἱ
1516 3769 1574 3827 δί
1628 3773 2026 3848 ἁμαρτάνοντες

371 3864 604 3924 ὂκνοῖεν.
636 3867 871 3941 Θάτερον
904 3865 1009 3941 γὰρ
1070 3864 1297 3938 θατέρου
1356 3862 1533 3937 χωρὶς
1584 3860 1823 3937 ἀναρχία
1882 3860 2025 3935 μᾶλο-

369 3955 464 4012 λόν
508 3957 650 4013 ἐστιν
682 3956 718 4028 ἢ
750 3955 922 4031 ἀρχή.
954 3955 1019 4012 Εἰ
1051 3955 1145 4028 μὲν
1170 3955 1276 4029 γὰρ
1309 3953 1520 4016 ,πάντες
1569 3941 1727 4021 ἦσαν⁴
1758 3952 2024 4015 εὐπειθεῖς

368 4046 461 4103 καὶ
504 4044 817 4126 φιλάρετοι,
874 4044 1214 4118 ἀγαθότητος
1271 4039 1379 4098 ἔδει
1437 4042 1628 4116 μόνης,
1683 4040 1733 4097 εἴ
1791 4038 1848 4097 δὶ
1904 4041 2027 4118 φιλ-

370 4139 783 4211 αμαρτήμονες,
810 4129 1006 4212 φόϐου.
1070 4130 1292 4202 Ἐπειδὴ
1346 4128 1403 4187 δὲ
1440 4129 1679 4208 ἀγαθοὺς
1723 4130 1813 4186 καὶ
1851 4150 2024 4202 πονη-

374 4225 502 4301 ροὺς
557 4226 764 4302 ἀνάγκη
826 4223 878 4280 ἐν
938 4228 1055 4286 τοῖς
1112 4220 1447 4299 ἀρχομένοις
1523 4220 1681 4290 εἶναι,
1741 4221 2027 4299 ἀμφότερα

373 4320 817 4392 μεταχειριστέον
863 4319 942 4387 τῷ
988 4311 1219 4388 ἄρχοντι
1276 4310 1366 4367 καὶ
1423 4310 1832 4384 προϊσταμένῳ,
1888 4309 1958 4366 ’ἶν’
1990 4313 2025 4380 ἡ

300 4405 307 4411 ’
374 4406 469 4479 μὲν
502 4405 775 4483 ἀγαθότης
806 4402 1037 4479 στηρίζῃ
1097 4401 1225 4463 τοὺς
1284 4399 1522 4476 ἀγαθοὺς
1581 4398 1673 4456 καί
1722 4400 2025 4476 σώφρονας,

370 4496 398 4551 ὁ
430 4492 488 4550 δὲ
534 4491 705 4573 φόϐος
762 4489 1181 4566 προαναστέλλο
1238 4493 1348 4546 τῶν
1406 4487 1674 4546 κακίστων
1742 4490 1811 4545 τὰ
1864 4490 2029 4548 πταί-

369 4605 568 4658 σματα.
599 4590 779 4642 Ταῦτα
824 4582 1025 4651 τοίνυν,
1082 4580 1156 4643 ὡς
1210 4577 1404 4650 ἔοικεν,
1446 4580 1768 4653 ἀγνοοῦντες
1829 4580 1920 4637 καὶ
1962 4580 2030 4637 τὰ

373 4632 568 4658 -.-τ-η
608 4632 779 4642 -..ν-.-
835 4632 1025 4651 ---.--,
1387 4632 1404 4650 ,
1493 4632 1504 4653 ,
1592 4632 1633 4634 η
1693 4632 1767 4643 --.
1974 4632 2029 4637 η

368 4679 577 4735 τούτων
610 4679 781 4752 ’ὀμοια
841 4674 918 4747 μή
976 4670 1162 4732 καλῶς
1218 4668 1572 4741 ἐπιστάμενοι
1632 4666 1903 4745 διακρῖναι
1938 4632 2105 4740 καὶῙ)

373 4771 656 4846 συγκρῖναι
688 4766 741 4823 οἱ
791 4758 983 4840 ἐχθροὶ
1037 4760 1135 4816 τοῦ
1178 4755 1463 4846 θεσπεσίου
1498 4754 1762 4846 λ’ίωάννου
1812 4754 2030 4837 ἀλόγως

367 4839 464 4916 καί
490 4839 739 4930 ἀνοήτως
771 4839 995 4930 ἆμίσουν
1024 4848 1186 4907 αὐτὸν
1220 4841 1309 4905 καὶ
1341 4839 1633 4904 διέϐαλλον
1694 4849 1769 4914 ὡς
1818 4852 2030 4928 τραχύν

364 4970 487 5005 τινα
513 4946 606 5003 καὶ
637 4942 885 5021 ὀργίλον.

436 5038 528 5093 Διὸ
558 5035 626 5106 δὴ
673 5032 766 5089 καὶ
821 5032 959 5087 κατὰ
1011 5033 1283 5108 γυναικῶν
1314 5030 1634 5101 6³Ιωάννης
1686 5027 1769 5085 ἐπ’
1823 5026 2020 5104 ἐκκλη-

359 5127 479 5191 σίας
514 5126 680 5203 λόγον
712 5118 1047 5195 ἐπεδείξατο,
1079 5118 1136 5174 ὃν
1170 5121 1225 5175 οἱ
1257 5114 1540 5193 δυσμενεῖς
1588 5120 1708 5177 κατ’
1757 5116 2018 5193 Εύδοξίας

361 5215 615 5294 εἰρῆσθαι
662 5209 1031 5289 θρυλήσαντες
1092 5204 1263 5284 ταύτῃ
1324 5208 1415 5267 τὸν
1476 5204 1645 5285 λόγον
1704 5209 2017 5294 εἰσήγαγον.

486 5302 546 5360 δὲ
602 5302 741 5376 πρὸς
799 5294 1082 5374 ’Δρκάδιον
1140 5296 1231 5353 καὶ
1290 5295 1482 5361 δεινῶς
1545 5299 1870 5363 πεπονθίναι
1928 5292 2017 5354 λὲο

361 5410 537 5471 γουσα
590 5388 732 5448 κατά
816 5388 1072 5445 Ἰωάννου
1136 5383 1330 5443 τοῦτον
1413 5385 1749 5463 παρώτρυνε.
1841 5386 2018 5465 Παρα-

364 5485 611 5553 σκευάζει
672 5474 731 5535 δὲ
781 5476 1184 5552 μετασταλῆναι
1266 5472 1539 5555 Θεόφελον
1590 5476 1664 5539 ὡς
1734 5473 2019 5554 πρόδηλον

371 5573 573 5648 ἐχθρὸν
600 5574 700 5627 τοῦ
762 5569 1013 5626 Ἰωάννου
1073 5565 1409 5643 ὑπάρχοντα*
1467 5562 1526 5628 ὅς
1588 5561 2022 5641 παραγενόμενος

365 5663 421 5719 ἐν
451 5666 521 5736 τῇ
552 5662 703 5734 Apul,
734 5662 804 5732 τῇ
834 5662 928 5713 νῦν
956 5658 1380 5734 Ῥουφινιαναῖς,
1427 5657 1529 5725 τὴν
1581 5656 1719 5711 κατά
1767 5657 2023 5715 Ἰωάννου

442 5760 490 5797 ⁴⁶
521 5762 678 5816 Matt.
714 5772 877 5815 xvm.

2131 650 2536 715 respuentem,
2569 647 2912 704 demerendi
2942 664 3216 720 gnarum,
3257 647 3568 717 humilem,
3599 648 3785 703 animi

2130 748 2513 806 nequaquam
2542 735 2805 806 obnoxii,
2840 736 3095 793 hilarem
3150 752 3221 793 ac
3270 740 3670 803 mansuetum,
3720 742 3785 791 ut

2130 827 2338 879 contra
2367 824 2481 880 ista
2510 841 2773 897 pugnare
2816 818 3089 898 expedite
3121 825 3329 898 possit.
3360 827 3510 897 Ergo
3543 825 3644 896 qui
3667 824 3784 880 vir-

2130 914 2253 967 tute
2286 912 2570 983 prmditus
2601 920 2692 970 est
2719 932 2787 972 ac
2818 915 3118 984 cordatus,
3153 917 3204 972 is
3233 932 3439 972 cavere
3484 914 3662 971 debet
3708 931 3784 971 ne

2128 1000 2218 1055 vel
2247 1000 2478 1057 adulari
2513 1020 2575 1059 se
2607 1004 2767 1061 sinat
2793 1004 2884 1061 vel
2913 1004 3064 1061 alios
3120 1004 3397 1061 aduletur
3415 1021 3439 1068 ;
3481 1008 3542 1059 et
3585 1018 3781 1074 neque

2127 1106 2409 1163 arrogans
2436 1111 2566 1150 esse
2598 1111 2794 1167 neque
2824 1096 3120 1163 adulator,
3153 1096 3258 1152 sed
3305 1095 3573 1152 medium
3620 1095 3781 1152 intra

2127 1186 2446 1253 utrumque
2478 1183 2686 1239 vitium
2719 1201 2953 1240 servare
2982 1184 3255 1240 libertate
3298 1189 3552 1248 retenta,
3601 1184 3688 1239 ita
3714 1189 3781 1238 ut

2126 1286 2319 1341 neque
2333 1271 2408 1327 ad
2426 1272 2815 1330 insolentiam
2837 1274 3096 1330 declinet
3118 1291 3312 1345 neque
3325 1274 3569 1329 serviles
3582 1288 3778 1328 mores

2126 1358 2423 1415 admittat.
2458 1361 2683 1433 Quippe
2716 1378 2854 1436 erga
2883 1363 3070 1419 bonos
3104 1363 3489 1431 submissum,
3522 1378 3661 1431 erga
3693 1363 3777 1418 fe-

2124 1464 2293 1504 roces
2324 1449 2543 1506 elatum
2576 1468 2637 1507 se
2667 1459 2834 1523 gerat
2862 1470 3013 1525 opus
3044 1459 3155 1517 est,
3206 1468 3342 1508 cum
3393 1450 3481 1506 illi
3530 1453 3781 1522 aequita-

2126 1543 2243 1594 tem
2260 1556 2367 1611 pro
2387 1540 2624 1611 virtute,
2639 1541 2698 1597 hi
2714 1542 2997 1599 fereciam
3011 1560 3117 1615 pro
3130 1542 3477 1598 fortitudine
3494 1542 3775 1599 habeant.

2122 1628 2260 1684 Ideo
2292 1630 2414 1686 illis
2443 1632 2768 1689 tractandis
2797 1633 3139 1690 adhibenda
3167 1638 3259 1689 est
3287 1633 3469 1689 animi
3502 1632 3777 1705 quendam

2123 1719 2424 1787 demissio,
2458 1720 2552 1775 his
2609 1727 2809 1777 autem
2864 1721 3171 1791 fortitudo,
3231 1739 3365 1794 quas
3419 1738 3626 1779 eorum
3682 1723 3769 1778 fe-

2121 1825 2289 1865 roces
2318 1809 2564 1880 spiritus
2594 1812 2900 1882 reprimat,
2934 1829 3051 1883 quo
3084 1818 3141 1867 et
3173 1812 3295 1867 illis
3325 1812 3515 1884 prosit
3551 1817 3611 1868 et
3640 1813 3774 1867 ani-

2045 1921 2091 1989 Β
2124 1916 2253 1955 mos
2278 1900 2490 1956 horum
2509 1900 2937 1973 dejiciatJdem
2953 1902 3204 1958 Basilius
3217 1904 3458 1975 Magnus
3478 1902 3772 1971 indicans,

2126 1990 2460 2045 Salomonis
2491 1990 2684 2046 verbis
2710 1996 2914 2046 monet
2948 1992 3010 2047 in
3042 1992 3207 2047 omni
3235 2006 3301 2048 re
3331 2008 3499 2048 suam
3523 2008 3651 2047 esse
3683 1990 3778 2047 vel

2123 2079 2500 2147 humilitatis,
2520 2081 2611 2135 vel
2634 2081 2933 2150 elationis,
2950 2082 3042 2137 vel
3061 2081 3496 2154 objurgationis
3517 2081 3603 2137 vel
3632 2096 3781 2137 cono

2124 2169 2455 2236 solationis,
2488 2170 2578 2224 vel
2610 2170 2996 2242 indulgentiae
3022 2171 3113 2226 vel
3135 2171 3488 2239 severitatis,
3511 2170 3600 2226 vel
3625 2170 3778 2225 leni-

2124 2260 2262 2315 tatis
2312 2258 2398 2314 vel
2454 2260 2840 2329 austeritatis,
2890 2266 2950 2315 et
2986 2261 3048 2316 in
3099 2276 3334 2316 summa
3372 2260 3635 2332 οιιμιενίε
3687 2260 3775 2314 rei

2127 2364 2295 2404 suam
2325 2349 2849 2420 opportunitatem.
2883 2351 3089 2421 Itaque
3120 2364 3550 2420 nonnunquam
3602 2354 3779 2404 utena

2126 2438 2268 2494 dum
2298 2444 2389 2495 est
2418 2438 2780 2495 demissione
2811 2441 3020 2507 animi,
3080 2441 3591 2511 puerulorumque
3638 2440 3780 2495 imi-

2126 2526 2309 2584 tanda
2375 2527 2704 2597 humilitas,
2772 2528 2925 2584 sicut
3002 2529 3289 2584 Dominus
3364 2529 3603 2584 monuit
3661 2529 3705 2563 "
3767 2540 3781 2584 :

2127 2615 2450 2687 aliquando
2477 2621 2770 2687 potestate
2800 2616 3091 2672 utendum
3125 2623 3215 2672 est
3261 2633 3440 2687 quam
3490 2618 3783 2673 Dominus

2128 2706 2444 2774 concessit,
2476 2706 2550 2761 ad
2581 2705 3021 2773 mdiﬁcandum,
3055 2723 3177 2761 non
3208 2706 3283 2761 ad
3313 2705 3786 2774 demoliendum,

2129 2812 2265 2850 cum
2301 2794 2576 2850 libertate
2597 2811 2747 2866 opus
2769 2800 2878 2850 est.
2913 2797 3001 2850 lta
3056 2799 3115 2850 et
3163 2794 3263 2849 ubi
3313 2792 3783 2850 consolationem

2131 2888 2366 2955 tempus
2396 2883 2679 2954 requiret,
2715 2883 3051 2957 benignitas
3079 2884 3431 2951 exercenda,
3474 2890 3534 2938 et
3563 2884 3785 2939 severi-

2131 2978 2312 3029 tatem
2327 2973 2638 3028 occasione
2653 2972 3244 3043 postulante,serium
3261 2972 3499 3044 pietatis
3518 2973 3782 3029 studium

2132 3060 2668 3118 demonstrandum
2726 3062 2882 3119 580
2930 3067 3057 3118 est:
3106 3062 3503 3133 similiterque
3551 3063 3782 3119 caeteris

2133 3150 2413 3207 omnibus
2435 3166 2498 3204 re
2528 3154 2803 3206 accurate
2820 3155 2880 3205 et
2901 3152 3065 3223 juste
3085 3150 3462 3207 considerata
3490 3150 3782 3207 utendum

2134 3246 2243 3296 est.
2268 3242 2413 3296 Nam
2442 3238 2832 3311 cogitationes
2855 3240 3158 3311 justorum
3180 3240 3413 3311 judicia
3442 3246 3604 3296 sunt.
3664 3241 3779 3296 Sed

2133 3336 2193 3386 et
2220 3330 2454 3386 divinus
2484 3329 2769 3397 Isidorus,
2801 3330 2904 3401 qui
2933 3329 3254 3401 aliquando
3285 3329 3613 3401 discipulus
3669 3330 3783 3384 fuit

2125 3419 2550 3491 Chrysostomi,
2627 3418 2986 3490 Principem,
3063 3418 3259 3490 inquit
3332 3424 3391 3473 et
3462 3418 3780 3490 benignum

2128 3526 2258 3566 esse
2291 3514 2524 3581 oportet
2571 3513 2630 3563 et
2660 3508 3011 3575 terribilem,
3070 3513 3138 3563 ut
3191 3509 3293 3579 qui
3336 3513 3494 3564 recte
3545 3508 3774 3577 vivunt,

2127 3599 2308 3655 rebus
2338 3597 2737 3668 ﬂdant,etqui
2756 3597 2897 3653 mali
2916 3602 3075 3667 sunt,
3097 3597 3448 3668 delinquere
3480 3603 3773 3654 metuant.

2130 3691 2275 3745 Nam
2308 3687 2356 3744 si
2396 3688 2612 3744 horum
2667 3686 3024 3743 alterutrum
3066 3687 3243 3756 absit,
3288 3703 3412 3742 non
3460 3688 3780 3759 imperium

2130 3782 2241 3844 est,
2300 3775 2406 3832 sed
2461 3774 2756 3834 confusio.
2819 3777 2877 3832 Si
2938 3776 3100 3832 enim
3155 3793 3366 3832 omnes
3437 3776 3787 3832 obedientes

2130 3869 2333 3921 essent
2361 3880 2430 3921 ac
2460 3864 2661 3938 virtuti
2692 3864 2900 3933 dediti,
2943 3863 3053 3919 soli
3082 3863 3252 3919 locus
3278 3864 3494 3920 fuisset
3513 3864 3787 3937 benigni-

2132 3955 2273 4010 tati:
2309 3954 2357 4008 si
2387 3966 2599 4009 omnes
2629 3953 2843 4019 vitiosi,
2876 3953 3000 4009 solo
3034 3958 3258 4008 terrore
3288 3967 3439 4023 opus
3468 3959 3615 4008 erat.
3641 3955 3791 4019 Quia

2130 4048 2331 4099 autem
2360 4056 2603 4098 necesse
2634 4048 2727 4097 est
2770 4040 3146 4098 subditorum
3192 4041 3344 4097 alios
3395 4058 3523 4097 esse
3573 4043 3789 4115 bonos,

2132 4132 2281 4188 alios
2310 4131 2519 4199 malos,
2553 4135 2788 4202 oportet
2819 4131 3151 4203 principem
3183 4135 3435 4202 utraque
3465 4148 3530 4186 re
3566 4132 3788 4188 instru‘

2132 4229 2293 4279 ctum
2324 4238 2474 4289 esse,
2504 4226 2569 4277 ut
2596 4227 2656 4276 et
2685 4220 3050 4293 benignitate
3083 4237 3191 4276 sua
3231 4221 3420 4276 bonos
3450 4238 3519 4278 ac
3578 4222 3784 4279 mode-

2134 4319 2256 4369 stos
2287 4312 2622 4378 conilrmet,
2656 4315 2714 4366 et
2741 4326 2777 4366 a
2808 4309 3108 4382 peccando
3156 4310 3300 4366 mali
3347 4311 3782 4370 deterreantur.

2135 4405 2288 4472 Haac,
2318 4407 2385 4458 ut
2414 4405 2678 4473 apparet,
2713 4405 2773 4457 et
2823 4399 3038 4455 horum
3082 4400 3304 4456 similia
3343 4401 3686 4472 ignorantes
3725 4409 3787 4459 et

2134 4497 2293 4550 recte
2316 4492 2654 4549 discernere
2686 4506 2756 4546 ac
2786 4490 2942 4545 inter
2971 4506 3033 4545 se
3055 4506 3400 4561 comparare
3424 4492 3781 4562 nescientes,

2136 4582 2364 4638 inimici
2410 4581 2654 4637 Joannis
2698 4579 3103 4651 Chrysostomi
3163 4578 3418 4636 absurde
3477 4588 3536 4636 et
3582 4583 3784 4655 inepte

2141 4689 2278 4728 eum
2338 4669 2472 4726 odio
2532 4669 2891 4738 habuerunt,
2948 4684 3017 4725 ac
3065 4668 3412 4726 calumniati
3466 4677 3604 4727 sunt
3658 4677 3790 4730 tan-

2141 4779 2321 4836 quam
2346 4776 2623 4833 asperum
2657 4764 2713 4814 et
2742 4754 3117 4815 iracundum.

2203 5032 2480 5090 Oratione
2510 5022 2573 5084 ln
2592 5026 2873 5085 mulieres
2898 5028 3166 5083 invectus
3192 5045 3297 5101 pro
3318 5045 3485 5086 sacra
3500 5033 3787 5091 concione

2128 5125 2324 5181 fuerat
2345 5116 2821 5193 Uhrysostomus.
2854 5118 2999 5173 Eam
3049 5116 3249 5173 remuli
3302 5117 3607 5189 vulgantes
3652 5138 3784 5180 esse

2129 5216 2193 5270 in
2221 5211 2548 5268 Eudoxiam
2574 5209 3064 5275 institutam,rem
3089 5204 3164 5262 ad
3184 5207 3375 5277 ipsam
3398 5206 3744 5267 detulerunt.
3769 5226 3783 5270 ε

2131 5309 2308 5375 atque
2339 5316 2410 5357 ea
2438 5299 2595 5372 apud
2617 5298 2898 5354 maritum
2926 5293 3245 5350 Arcadium
3277 5298 3486 5365 questa
3507 5295 3781 5370 gravibus

2131 5409 2192 5449 se
2214 5393 2488 5448 atl'ectam
2516 5382 2753 5462 injuriis
2775 5396 2911 5441 eum
2934 5384 2997 5439 in
3028 5382 3517 5455 Chrysostomum
3539 5404 3791 5463 exaspe-

2132 5482 2300 5550 ravit,
2347 5474 2626 5551 deditque
2693 5486 2935 5547 operam
2993 5478 3059 5528 ut
3114 5472 3478 5544 Theophilus
3523 5490 3789 5539 accerses

2133 5577 2251 5639 tur,
2283 5568 2635 5625 manifestus
2666 5561 3069 5634 Chrysostomi
3102 5561 3312 5617 hostis.
3345 5563 3400 5617 ls
3430 5576 3565 5621 cum
3606 5570 3786 5625 adve.

2139 5660 2347 5731 uisset,
2381 5660 2441 5712 in
2473 5658 2723 5721 Quercu,
2755 5651 2856 5722 qui
2888 5649 3049 5705 locus
3080 5658 3238 5705 nunc
3287 5648 3618 5711 Ruﬁnianw
3670 5652 3786 5717 dici
