4144 6452
339 457 451 517 631

1702 447 2020 511 GEORGII
2066 448 2401 510 CEDRENI

3637 451 3760 511 632

339 595 456 657 tur,
489 593 697 644 contra
725 588 1014 642 Joannem
1064 585 1313 641 insidias
1360 587 1681 654 comparat.
1729 580 1989 653 Populus

2113 572 2404 649 ἐπιϐουλὴν
2434 582 2843 657 κατειργάσατο.
2873 582 3047 656 Ὅπερ
3097 578 3259 657 γνοὺς
3310 581 3337 635 ὁ
3389 579 3523 644 λαὸς
3573 581 3755 636 στάσιν

335 695 400 734 re
460 677 696 750 cognita
747 692 1024 748 magnum
1076 675 1395 730 concitavit
1436 673 1779 740 tumultum,
1837 669 1984 728 581

338 784 462 823 non
492 767 830 823 concedens
859 771 925 820 ut
951 767 1208 819 Joannes
1237 763 1385 819 urbe
1432 758 1776 834 pelleretur.
1808 762 1993 816 Caete-

338 873 477 912 rum
506 855 771 911 Eudoxia
801 854 1079 910 lamentis
1118 852 1323 925 populi
1358 853 1514 907 flexa
1541 852 1724 907 misso
1752 850 1992 905 Brisone

342 946 618 1001 eunucho
648 945 933 998 Joannem
964 943 1233 997 Prmneto
1264 946 1535 1008 revocat;
1570 957 1688 1012 qua
1716 956 1780 995 re
1802 937 1992 993 territi

341 1033 700 1105 Theophilus
731 1037 791 1087 et
828 1031 957 1102 ejus
988 1030 1453 1102 conspirationis
1490 1029 1806 1101 papulares
1858 1028 1996 1099 fuga

343 1123 596 1178 salutem
638 1121 1157 1192 quassiverunt.1.x
1211 1126 1410 1176 autem
1458 1119 1721 1191 episcOpi
1771 1116 1993 1172 inventi

344 1218 481 1267 sunt
510 1212 612 1283 qui
644 1212 1034 1267 convenirent
1064 1215 1124 1265 et
1152 1215 1283 1266 acta
1312 1211 1373 1265 in
1405 1212 1634 1275 Quercu
1690 1208 1996 1264 rescinde-

347 1307 483 1357 rent
510 1301 840 1371 Joannique
871 1301 1279 1371 episcopatum
1304 1299 1482 1370 justis
1504 1299 1793 1354 sententis
1823 1297 1995 1368 adju-

342 1391 633 1446 dicarent.
668 1391 961 1445 Novorum
1021 1389 1160 1443 inde
1218 1388 1491 1444 odiorum
1544 1394 1721 1458 atque
1770 1388 1995 1441 irarum

341 1481 653 1536 materiam
673 1479 1063 1551 praebuerunt
1089 1484 1370 1551 argentea
1398 1478 1673 1533 Eudoxim
1701 1482 1921 1532 statuta
1939 1479 1997 1531 et

339 1571 513 1625 vinea
539 1569 754 1624 viduae.
790 1571 1132 1639 Rursusque
1166 1569 1497 1623 orationem
1557 1567 1766 1623 habuit
1811 1566 1997 1637 Chry-

342 1656 1119 1728 sostomus,cujusinitium:
1152 1679 1181 1706 «
1203 1659 1453 1712 Rursum
1470 1656 1755 1711 Herodias
1770 1654 1935 1711 furit.
1966 1676 1993 1705 »

339 1746 483 1802 Inde
516 1746 618 1818 qui
649 1746 720 1801 ab
747 1746 935 1817 ipsius
961 1745 1198 1801 stabant
1225 1746 1494 1817 partibus
1526 1745 1809 1817 episcopi,
1841 1761 1994 1815 praa-

338 1837 606 1892 videutes
636 1835 760 1891 fore
801 1840 867 1891 ut
895 1835 1280 1907 relegaretur,
1312 1835 1387 1890 ad
1410 1852 1545 1891 eum
1566 1838 1992 1901 convenerunt,

2103 666 2348 741 μεγάλην
2397 667 2642 739 ἐποίησε,
2704 671 2779 743 μὴ
2843 674 3145 747 συγχωρῶν
3198 669 3362 725 αὑτὸν
3419 664 3761 740 ἐκϐληθῆναι

2098 757 2196 824 τῆς
2228 754 2468 820 πόλεως.
2503 759 2938 836 Ἐπικαμφθεῖσα
2966 755 3025 813 δὲ
3053 753 3286 828 Εὐδοξία
3314 762 3433 819 τοῖς
3490 755 3761 833 ὀδυρμοῖς

2096 850 2195 901 τοῦ
2228 846 2384 918 λαοῦ,
2418 848 2681 924 πέμψασα
2711 849 2960 925 Βρίσωνα
2987 850 3079 905 τὸν
3113 849 3376 928 εὐνοῦχον
3432 848 3540 905 ἀπὸ
3588 855 3759 925 Πραι-

2098 936 2254 992 νὲτου
2311 939 2403 993 τὸν
2462 941 2718 1011 Ἰωάννην
2780 940 3093 1018 εἰσήγαγεν,
3181 940 3257 1002 ὠς
3346 941 3612 1017 Θεόφιλον
3667 941 3760 995 καὶ

2098 1026 2225 1086 τοὺς
2258 1025 2351 1081 σὺν
2391 1030 2542 1101 αὐτῷ
2588 1024 2927 1103 φοϐηθέντας
2975 1034 3122 1109 φυγῇ
3174 1030 3273 1098 τὴν
3322 1030 3597 1104 σωτηρίαν
3650 1050 3756 1085 πο-

2102 1114 2370 1188 ρίσασθαι.
2427 1118 2719 1189 Ἐξήκοντα
2773 1116 2829 1175 δὲ
2894 1116 3189 1174 ἐπίσκοποι
3275 1117 3575 1193 εὐρεθέντες
3633 1140 3756 1173 συν-

2104 1202 2291 1274 ἦλθον,
2339 1207 2430 1260 καὶ
2488 1204 2658 1282 ἄκυρα
2714 1208 2781 1263 τὰ
2833 1206 2887 1262 ἐν
2946 1213 3016 1282 τῇ
3076 1206 3209 1282 Δρυΐ
3266 1210 3383 1281 (47)
3442 1207 3759 1282 πραχθέντα

2101 1289 2309 1348 ἅπαντα
2338 1295 2711 1372 ψηφισάμενοι
2745 1297 2969 1369 Ὶωᾶννῃ
3026 1298 3127 1366 τὴν
3176 1294 3481 1365 ἐπισκοπὴν
3531 1292 3759 1360 δικαίως

2101 1379 2399 1457 ἐκύρωσαν.
2436 1385 2587 1441 Ἐπεὶ
2620 1381 2677 1439 δὲ
2724 1385 2881 1449 αὖθις
2931 1380 3129 1455 συνέϐη
3188 1384 3255 1439 τὰ
3308 1385 3446 1439 κατὰ
3501 1386 3601 1454 τὴν
3661 1385 3757 1460 ἆρ-

2099 1475 2265 1546 γυρᾶν
2295 1471 2511 1542 στήλην
2541 1479 2644 1542 τῆς
2671 1471 2938 1546 Εὐδοξίας
2983 1475 3074 1529 καὶ
3125 1475 3218 1529 τὸν
3264 1479 3367 1543 τῆς
3412 1475 3594 1548 χήρας
3649 1474 3760 1548 ἂμ-

2101 1559 2545 1632 πελῶνα,πάλιν
2582 1562 2743 1636 μίσος
2769 1563 2860 1617 καὶ
2922 1562 3088 1618 πάλιν
3146 1562 3309 1641 ὀργὴ,
3367 1561 3531 1617 πάλιν
3588 1558 3761 1638 ἔχθρα

2100 1650 2193 1703 καὶ
2259 1649 2435 1724 λόγου
2492 1649 2767 1724 ἐπίδειξις,
2829 1649 2894 1707 οὗ
2922 1654 2957 1721 ἡ
2991 1652 3161 1728 ἀρχή·
3225 1675 3253 1704 ιι
3283 1649 3456 1707 Πάλιν
3485 1648 3760 1728 Ἥρωδιάς

2106 1737 2372 1811 μαίνεται.
2400 1762 2428 1791 ››
2454 1739 2746 1804 Κάντεῦθεν
2772 1743 2823 1796 οἱ
2862 1745 2961 1796 τοῦ
3008 1741 3208 1815 μὲρους
3254 1741 3423 1797 αὐτοῦ
3471 1738 3760 1795 ἐπίσκοποι

2100 1828 2200 1895 τὴν
2232 1828 2443 1901 ἓξορίαν
2495 1828 2644 1902 αὐτῷ
2707 1828 2930 1902 μέλλειν
2990 1825 3197 1885 ἔσεσθαι
3264 1828 3584 1905 βλέποντες,
3644 1851 3764 1884 συν-

342 1927 650 1998 multoque
683 1943 817 1982 cum
850 1926 995 1982 ﬂetu
1024 1927 1304 1981 dixerunt
1337 1942 1351 1981 :
1385 1927 1681 1999 Cogimur,
1733 1925 1994 1992 domine,

2113 1917 2479 1992 αθροισθὲντες
2511 1919 2649 1994 πρὸς
2687 1918 2848 1974 αὐτὸν
2885 1920 3019 1992 μετᾶ
3059 1918 3288 1975 πολλῶν
3338 1917 3584 1994 δακρύων
3634 1916 3764 1974 ’ὲΑε-

344 2019 445 2090 qui
482 2017 765 2073 ecclesias
816 2017 1180 2083 obtinemus,
1231 2017 1551 2088 participes
1595 2016 1726 2071 ﬁeri
1775 2016 1998 2071 decreti

347 2107 662 2164 adversum
695 2112 773 2174 te,
808 2107 981 2177 eique
1010 2106 1404 2161 subscribere.
1450 2105 1775 2176 Respondit
1825 2106 2004 2160 Joan-

347 2198 713 2252 nes:Estote
762 2194 1104 2265 participes,
1137 2209 1212 2249 ne
1261 2193 1606 2265 disceptatis
1653 2193 2001 2248 Ecclesiam.

349 2283 734 2340 Subscribere
763 2288 964 2338 autem
993 2282 1180 2337 nolite
1207 2300 1221 2337 :
1253 2282 1478 2337 nullius
1510 2282 1671 2336 enim
1721 2282 1869 2337 mihi
1916 2281 2003 2335 rei

352 2390 485 2429 sum
517 2373 814 2438 conscius,
875 2388 992 2442 qua
1035 2370 1358 2426 meruerim
1408 2371 1752 2442 episcopatu
1803 2370 2002 2442 dejici.

351 2460 688 2532 Discipulos
720 2459 927 2515 habuit
958 2459 1059 2529 qui
1092 2459 1351 2531 episcopi
1377 2459 1927 2525 fuerunt,Proctum
1949 2464 2009 2514 et

356 2549 693 2606 Palladium
725 2554 782 2603 et
811 2549 1116 2604 Brisonem
1151 2553 1210 2603 et
1238 2548 1673 2603 Theodoretum
1699 2564 1712 2614 ;
1747 2548 1848 2619 qui
1878 2564 2009 2603 mo-

352 2640 550 2706 nachi,
578 2642 856 2709 Marcum,
877 2637 1067 2693 Nilum
1089 2642 1145 2693 et
1171 2637 1462 2693 lsidorum
1494 2637 1875 2692 Pelusiotam.
1908 2639 2007 2691 In-

348 2730 524 2786 terim
555 2729 921 2801 Epiphanius
945 2744 1196 2800 magnus
1228 2728 1402 2800 Cypri
1437 2729 1753 2799 episcopus
1777 2728 2005 2783 Hebdo~

347 2835 515 2875 mum
545 2819 727 2885 venit,
760 2833 828 2872 ac
868 2821 1077 2871 contra
1121 2816 1365 2872 Joannis
1414 2818 1773 2871 sententiam
1823 2822 2008 2872 coetus

349 2908 467 2981 egit
495 2924 564 2963 ac
594 2906 881 2978 suffragia
909 2906 1154 2976 accepit.
1190 2906 1294 2960 Cui
1326 2922 1462 2960 cum
1489 2907 1748 2960 Joannes
1796 2905 2007 2960 cedere

350 2997 549 3063 vellet,
579 2995 1039 3065 hortareturque
1072 3010 1207 3049 cum
1236 2999 1303 3048 ut
1332 2994 1406 3049 ad
1434 3010 1498 3049 se
1529 2994 1590 3049 in
1639 2994 2008 3066 episcopales

355 3085 512 3141 aedes
543 3083 983 3156 commigraret,
1016 3083 1384 3154 Epiphanius
1428 3084 1647 3152 renuit,
1706 3100 2008 3155 praeoccu-

355 3179 529 3245 patus
558 3171 868 3242 Theophili
891 3170 1227 3226 calumniis.
1257 3170 1509 3226 Proinde
1531 3172 2008 3243 Chrysostomus,

357 3275 492 3314 cum
524 3257 933 3329 episcopatum
962 3256 1118 3314 582
1150 3272 1342 3312 annos
1372 3257 1640 3327 quinque
1673 3261 1732 3312 et
1773 3256 2009 3312 bessem

2041 3301 2090 3365 C

2105 2026 2222 2082 γον·
2257 2006 2591 2083 Ἐπάναγκες
2620 2011 2779 2082 ἡμῖν,
2813 2006 2858 2063 ὦ
2917 2007 3172 2077 δέσποτα,
3224 2009 3359 2080 ἐστὶ,
3408 2009 3506 2071 τὰς
3557 2007 3762 2079 ἐκκλη-

2106 2094 2225 2156 σίας
2286 2096 2641 2172 κατέχοντας,
2695 2098 3094 2173 ἀναγκασθῆναι
3141 2098 3233 2153 καὶ
3286 2101 3622 2167 κοινωνῆσαι
3668 2098 3765 2153 καὶ

2110 2183 2444 2258 ὑπογράψαι.
2475 2186 2537 2243 '0
2569 2183 2626 2241 δὲ
2686 2187 2952 2261 μακάριος
3007 2188 3144 2263 πρὸς
3195 2186 3410 2249 αὐτούς’
3473 2188 3767 2257 Κοινωνή-

2118 2293 2245 2329 σατε
2303 2276 2420 2347 μὲν,
2479 2274 2571 2329 ἳνα
2632 2278 2708 2347 μή
2772 2276 3006 2351 σχίσητε
3060 2278 3160 2346 τήν
3246 2276 3602 2347 Ἐκκλησίαν,
3688 2278 3766 2350 μὴ

2111 2362 2469 2437 ὑπογράψητε
2526 2361 2603 2418 δὲ’
2666 2362 2819 2419 οὐδὲν
2877 2366 2980 2441 γὰρ
3040 2365 3260 2441 ἐμαυτῷ
3340 2363 3561 2422 σύνοιδα
3620 2364 3766 2439 ἄξιον

2109 2451 2496 2525 καθαιρέσεως.
2527 2453 2667 2528 Εἶχε
2702 2450 2758 2508 δὲ
2799 2454 3044 2526 μαθητὰς
3096 2454 3425 2518 ἐπισκόπους
3479 2456 3572 2528 μὲν
3623 2454 3769 2530 Ι]ρὸ-

2109 2539 2244 2595 κλον
2268 2540 2357 2594 καὶ
2398 2538 2715 2597 Παλλάδιον
2784 2542 2874 2598 καὶ
2934 2543 3179 2619 Βρίσωνα
3235 2544 3327 2599 καὶ
3388 2541 3767 2621 Θεοδώρητον,

2108 2627 2351 2698 άσκητὰς
2379 2625 2439 2683 δὲ
2499 2630 2726 2705 Μάρκον
2783 2630 2873 2686 καί
2934 2631 3135 2689 Νεῖλον
3194 2633 3286 2687 καὶ
3344 2630 3627 2707 Ἰσίδωρον
3672 2632 3767 2688 τὸν

2119 2715 2545 2787 Πηλουσιώτην.
2578 2720 2638 2776 Ὁ
2671 2717 2727 2774 δὲ
2759 2720 2923 2797 μέγας
2978 2725 3065 2795 [Ρ.
3118 2724 3244 2795 332]
3294 2722 3611 2800 Ἐπιφάνιος
3661 2723 3770 2778 Κύ-

2111 2826 2251 2880 πρου
2309 2806 2361 2861 ἐν
2420 2812 2498 2879 τῷ
2550 2803 2807 2883 Ἑϐδόμῳ
2870 2812 2981 2884 (48)
3048 2809 3220 2866 ἐλθὼν
3280 2811 3624 2887 χειροτονίας
3681 2811 3773 2866 καὶ

2111 2896 2350 2965 συνάξεις
2406 2897 2553 2971 παρὰ
2618 2899 2720 2966 τὴν
2778 2900 3033 2954 Ἰωάννου
3079 2901 3305 2975 γνώμην
3364 2899 3608 2972 ἐποίησε.
3670 2898 3771 2956 Καὶ

2110 2988 2205 3039 τοῦ
2271 2985 2524 3041 Ἰωάννου
2579 2985 2760 3060 τούτῳ
2819 2996 3180 3064 συγχωρῆσαι
3266 2988 3620 3060 θελήσαντος,
3680 2988 3769 3044 καὶ

2111 3074 2558 3149 προτρεψαμένου
2614 3075 2775 3132 αὐτὸν
2838 3074 3117 3151 συμϐῆναι
3175 3078 3323 3151 αὖτῷ
3380 3078 3459 3142 είς
3515 3080 3614 3150 τὴν
3655 3078 3771 3135 ἐπι-

2111 3164 2382 3232 σκοπικήν
2470 3168 2818 3241 καταγωγήν,
2906 3168 3013 3244 οὐχ
3092 3165 3267 3223 ετίλετο
3321 3172 3483 3224 τοῦτο
3539 3176 3770 3237 ποιῆσαι

2119 3252 2457 3328 Ἐπιφάνιος·
2490 3259 2611 3316 ταῖς
2673 3255 2777 3331 γὰρ
2836 3256 2938 3310 ὑπὸ
2996 3255 3262 3335 Θεοφίλου
3312 3252 3598 3319 διαϐολαῖς
3644 3278 3778 3334 προ-

356 3348 657 3421 gessisset,
678 3347 740 3402 in
763 3348 1057 3402 Cucusum
1080 3350 1171 3401 est
1189 3346 1691 3418 relegatus,atque
1718 3346 1854 3401 inde
1879 3350 2002 3417 post

2120 3338 2484 3412 κατείληπτο.
2516 3343 2577 3399 '0
2608 3348 2739 3418 γοῦν
2769 3342 3024 3418 ἀοίδιμος
3069 3348 3331 3416 Ἰωάννης
3383 3345 3776 3412 ἐπισκοπεῦσας

359 3437 688 3493 triennium
721 3441 779 3490 et
823 3435 972 3491 duos
1030 3452 1269 3491 menses
1318 3436 1704 3506 Pityuntem;
1755 3450 2010 3505 cumque

360 3526 552 3581 obiter
580 3525 840 3581 Comana
868 3525 1146 3591 venisset,
1176 3531 1446 3580 mortuus
1468 3530 1558 3580 est
1588 3524 1669 3579 ibi
1692 3524 1753 3578 in
1783 3524 2012 3596 magnis

360 3613 822 3679 calamitatibus,
855 3629 1046 3668 annos
1077 3618 1252 3668 natus
1283 3613 1716 3685 quinquaginta
1746 3612 1913 3668 duos.
1936 3614 2012 3666 At

360 3719 515 3774 papa
529 3704 829 3757 Romanus
842 3701 1246 3768 Innocentius,
1262 3701 1507 3756 Joannis
1520 3701 1581 3755 in
1595 3701 1802 3756 exsilio
1819 3706 2008 3755 morte

341 3796 642 3864 percepta,
678 3791 739 3846 in
771 3791 924 3846 hanc
962 3792 1326 3846 sententiam
1376 3790 1451 3846 ad
1499 3790 1816 3846 Arcadium
1859 3791 2007 3846 scri-

351 3881 506 3952 psit:
538 3883 657 3936 Vox
687 3880 998 3953 sanguinis
1028 3881 1230 3936 fratris
1257 3881 1375 3936 mei
1405 3881 1646 3936 Joannis
1686 3887 1896 3936 contra
1926 3886 2003 3948 te,

348 3971 696 4041 imperator,
731 3970 917 4024 Deum
950 3969 1228 4041 appellat,
1279 3969 1577 4040 quomodo
1637 3970 1779 4025 olim
1834 3969 2005 4024 Abeli

336 4059 488 4130 justi
516 4059 756 4131 sanguis
787 4058 1069 4114 adversus
1098 4059 1347 4115 Cainum
1378 4059 1765 4116 fratricidam.
1826 4060 2004 4117 Dabis

342 4154 543 4205 autem
565 4150 811 4204 omnino
843 4149 1178 4220 pmnas,qui
1196 4149 1481 4221 injustam
1503 4149 1785 4205 adversus
1808 4151 2003 4206 Eccle-

347 4239 493 4293 siam
520 4239 621 4293 Dei
656 4239 1135 4309 persecutionem
1167 4238 1411 4294 molitus
1443 4256 1505 4294 es
1538 4245 1595 4293 et
1631 4246 1840 4295 contra
1871 4241 2001 4310 ejus

344 4327 707 4393 sacerdotes,
741 4327 1141 4398 expulistique
1167 4328 1316 4383 solio
1358 4328 1734 4400 episcopatus
1782 4329 1873 4383 sui
1906 4329 1999 4383 in-

333 4416 503 4489 juste
532 4421 593 4470 et
620 4414 847 4471 indicta
877 4432 1056 4471 causa
1085 4416 1465 4472 deturbatum
1510 4433 1791 4489 magnum
1840 4416 2001 4471 orbis

342 4509 643 4560 terrarum
672 4503 1149 4559 illuminatorem
1180 4521 1247 4561 ac
1268 4506 1841 4577 doctorem,unaque
1864 4520 2001 4560 cum

2123 3426 2216 3500 ἔτη
2248 3432 2404 3485 πέντε
2458 3432 2549 3486 καὶ
2607 3430 2782 3505 ἥμισυ
2842 3433 3105 3510 ἐξωρίσθη
3168 3435 3244 3498 εἰς
3302 3437 3636 3492 Κουκουσόν·
3678 3436 3772 3491 κάο

2121 3525 2297 3582 κεῖθεν
2352 3522 2488 3593 μετὰ
2546 3517 2639 3591 ἔτη
2709 3524 2756 3597 γ’
2804 3522 2896 3577 καὶ
2959 3530 3133 3596 μῆνας
3300 3525 3637 3600 μετενεχθεὶς
3697 3526 3773 3589 εἷς

2120 3612 2448 3678 Πιτυοῦντα,
2477 3611 2567 3664 καὶ
2599 3611 2893 3686 γενόμενος
2923 3612 3061 3668 κατὰ
3091 3612 3330 3689 πάροδον
3390 3613 3443 3670 ἐν
3492 3616 3772 3688 Κομάνοις

2119 3699 2233 3770 (49)
2266 3695 2614 3769 ἐτελεύσησεν
2671 3700 2724 3756 ἐν
2780 3700 2968 3776 πολλῇ
3009 3704 3196 3777 θλίψει
3253 3724 3312 3758 τε
3366 3703 3459 3760 καὶ
3517 3704 3774 3775 κακώσει,

2120 3786 2379 3869 ὑπάρχων
2435 3785 2571 3843 ἐτῶν
2653 3789 3116 3861 πεντηκονταδύο.
3201 3793 3262 3850 Ὀ
3348 3790 3407 3848 δέ
3461 3814 3524 3869 γε
3589 3795 3774 3856 πάπας

2113 3863 2335 3950 Ῥώμης
2362 3879 2706 3952 Ἰννοκέντιος
2738 3880 2973 3944 ἀκούσας
3021 3884 3121 3952 τήν
3173 3882 3226 3938 ἐν
3282 3863 3770 3958 ἐξορίᾳπελευτήν

2114 3965 2281 4020 αὐτοῦ
2311 3968 2507 4045 γράφει
2536 3970 2674 4045 πρὸς
2715 3968 3006 4045 Ἀρκάδιον
3059 3969 3263 4029 τοιάδε.
3315 3974 3482 4043 Φωνὴ
3536 3971 3774 4045 αἵματος

2111 4059 2209 4111 τοῦ
2248 4053 2490 4134 ἀδελφοῦ
2526 4078 2631 4131 μου
2672 4060 2928 4115 Ἰωάννου
2988 4061 3092 4136 βοᾷ
3139 4064 3274 4136 πρὸς
3322 4062 3416 4117 τὸν
3455 4063 3585 4119 Θεὸν
3633 4062 3773 4118 κατὰ

2115 4152 2234 4219 σοῦ,
2271 4149 2517 4224 βασιλεῦ,
2553 4150 2627 4214 ὣς
2670 4174 2801 4208 ποτε
2851 4149 3022 4210 Ἀϐελ
3076 4158 3172 4209 τοῦ
3226 4152 3439 4210 δικαίου
3485 4156 3622 4210 κατᾶ
3675 4159 3772 4209 τοῦ

2114 4233 2514 4312 ἀδελφοκτόνου
2566 4238 2718 4297 Καΐν.
2754 4241 2857 4298 Καὶ
2915 4243 3131 4305 πάντως
3181 4241 3599 4315 ἐκδικηθήσεται
3647 4266 3779 4300 παν-

2110 4326 2246 4399 τοίῳ
2276 4329 2483 4402 τρόπῳ,
2517 4329 2601 4384 ’ὁτι
2643 4327 2889 4405 διωγμὸν
2923 4328 3109 4387 ἄδικον
3139 4333 3276 4388 κατᾶ
3305 4339 3406 4402 τῆς
3440 4332 3770 4404 Ἐκκλησίας

2110 4419 2208 4469 τοῦ
2231 4421 2364 4471 Θεοῦ
2385 4418 2475 4472 καὶ
2504 4422 2613 4474 τῶν
2638 4419 2826 4494 ἱερέων
2854 4419 3019 4475 αὐτοῦ
3051 4423 3382 4493 συνεστήσω,
3416 4422 3507 4477 καὶ
3540 4423 3767 4492 ἐξὲωσας

2114 4504 2208 4560 τὸν
2243 4506 2410 4583 μέγαν
2440 4515 2543 4577 τῆς
2575 4508 2909 4583 οἰκουμένης
2942 4512 3207 4586 φωστῆρά
3238 4513 3406 4567 τεκαὶ
3439 4508 3769 4569 διδάσκαλον

1541 4605 1912 4659 XYLANDRI
1950 4605 2036 4658 ET
2074 4604 2293 4661 GOARI
2335 4608 2561 4665 NOTAE.

419 4717 527 4788 (47)
550 4717 907 4793 Calcedonis
939 4724 1064 4793 erat
1094 4718 1466 4775 suburbium.
1502 4720 1729 4775 Sozom.
1763 4735 1881 4793 vm,
1916 4720 2001 4793 i7.
2037 4720 2082 4786 D
2115 4720 2262 4793 siam
2295 4723 2487 4793 primo
2516 4741 2577 4779 se
2608 4725 2925 4791 conferret,
2961 4744 2995 4783 a
3026 4743 3089 4783 se
3129 4744 3395 4783 sororem
3447 4730 3769 4786 Macrinam

345 4792 431 4845 Ex
460 4789 670 4861 eodem
703 4796 761 4844 et
789 4789 1032 4861 Niceph.
1084 4808 1210 4857 xm,
1266 4793 1351 4848 l6.
1401 4794 1713 4846 Praenetum
1768 4790 2002 4861 scripsi,

347 4877 485 4934 cum
517 4859 702 4934 codex
736 4859 962 4934 habeat
983 4863 1295 4933 Πραινετου⁶
1330 4862 1443 4917 fuit
1482 4863 1770 4934 Bithyniae
1798 4859 2004 4933 empo-

347 4933 528 4989 rium.
565 4932 675 4987 Sed
707 4938 764 4986 et
796 4932 902 4987 sub
940 4932 1117 4988 linem
1154 4935 1367 4988 Leonis
1400 4932 1773 4990 Iconomachi
1798 4932 2004 4988 rursus

356 5007 661 5060 Prcenetum
689 5005 974 5075 scriptum
1007 5012 1095 5059 est
1145 5006 1207 5059 in
1264 5007 1471 5059 Nostro
1530 5008 1672 5061 Χιί..
1732 5038 1799 5046 —
1834 5005 2005 5060 Urbis

356 5076 464 5150 CB.
492 5091 612 5150 non
644 5075 1056 5150 Chalcedonis,
1088 5082 1155 5131 ut
1184 5076 1656 5150 comminiscitur
1685 5077 2004 5150 Xylander,

353 5147 740 5203 suburbium:
773 5147 1155 5202 Ruﬁnianum
1187 5147 1346 5202 enim
1380 5149 1667 5218 palatium
1690 5147 1795 5203 ΟΡ.
1822 5149 2007 5202 fuisse

350 5218 614 5291 produnt
641 5218 928 5291 historian.
964 5218 1420 5291 Chrysostomus
1468 5220 1595 5291 ipse
1629 5237 1722 5291 ep.
1758 5237 1772 5274 ι
1805 5218 1879 5275 ad
1909 5221 2005 5272 Iu-

351 5289 698 5370 nocentium
717 5289 788 5344 de
802 5289 1129 5370 The-ophilo
1146 5289 2010 5370 quamplurihusconqueritur

399 5362 513 5433 uod
547 5377 821 5433 magnam
860 5360 1191 5433 rdivinoque
1249 5360 1435 5417 cultui
1483 5360 2007 5432 deditam‘jurbem

400 5434 461 5504 Ρ.
497 5432 818 5504 ingressus,
844 5432 1017 5503 juxta
1044 5433 1457 5504 praescriptum
1491 5435 1724 5489 clericis
1759 5449 2006 5494 morem,

356 5502 431 5557 ad
465 5502 776 5577 ecclesiam
807 5502 926 5577 non
968 5519 1030 5558 se
1050 5502 1434 5577 contulisset,
1470 5505 1573 5561 sed
1607 5506 1735 5577 ejus
1769 5509 2010 5575 praeter-

358 5574 549 5649 cursis
578 5574 887 5649 vestibulis
917 5590 949 5649 ε
980 5576 1111 5630 navi
1156 5593 1428 5649 egressus
1478 5574 1791 5649 confestim
1846 5582 2013 5649 extra

358 5643 568 5728 urbem
588 5662 649 5700 se
668 5643 1227 5728 proripuisseteum
1245 5648 1307 5701 in
1326 5648 1672 5728 lo.cum_quo
1704 5647 1918 5703 deinde
1950 5647 2011 5700 in

357 5715 643 5771 Joannem
665 5715 953 5772 nefariam
979 5717 1115 5772 tulit
1135 5715 1768 5775 sententiam.Sacrum
1783 5735 2007 5773 morem

360 5785 531 5841 illum
565 5805 681 5859 quo
713 5789 1030 5859 episcopus
1060 5788 1354 5845 civitatem
1387 5790 1687 5863 ingressus
1718 5794 1789 5848 ad
1823 5793 2013 5849 eccle-

2116 4792 2343 4869 afflicta
2355 4794 2696 4869 valetudine
2721 4798 3006 4869 jactatam
3062 4799 3352 4854 invisente
3395 4799 3769 4857 observatum

2113 4864 2296 4943 refert
2324 4867 2624 4943 Nyssenus
2654 4864 2875 4943 in'ejus
2907 4870 3056 4943 Vita.
3088 4885 3158 4925 ex
3187 4887 3303 4941 quo
3324 4871 3635 4943 Theophili
3669 4890 3768 4928 ex-

2116 4936 2459 5014 scendentis
2491 4954 2521 4993 e
2552 4940 2687 4994 navi
2719 4936 2791 4995 δι’
2807 4941 2881 4995 ad
2912 4936 3294 5014 Ruﬁnianum
3326 4936 3505 4998 extra
3533 4944 3765 5014 urbem,

2117 5013 2182 5080 ut
2211 5008 2627 5080 Chrysostomo
2691 5016 2948 5067 strueret
2995 5013 3265 5079 insidias,
3316 5021 3479 5070 recta
3530 5008 3773 5072 conten;

2117 5077 2745 5151 dentisimprobitatis
2782 5084 3210 5139 manifestatur.
3242 5077 3417 5141 Goan.

2188 5151 2299 5224 (48)
2327 5151 2695 5224 Hebdomum
2719 5160 2940 5220 autem,
2965 5156 3134 5224 cuius
3157 5157 3380 5210 mentio
3402 5157 3563 5213 haud
3585 5158 3773 5213 multo

2117 5228 2253 5302 post
2282 5222 3144 5302 infertur,_fuisse_suburhium
3175 5228 3371 5298 Cpolis
3404 5245 3494 5302 exh
3523 5229 3773 5302 Cedreni

2119 5295 2304 5362 ipsius
2331 5295 2534 5350 multis
2560 5296 2707 5351 locis
2735 5298 3113 5354 observatum
3145 5295 3253 5365 est,
3298 5314 3371 5354 ne
3421 5300 3571 5356 alios
3623 5301 3766 5357 scri-

2119 5369 2320 5435 ptores
2350 5366 2621 5493 allegem.
2657 5371 2859 5439 Itaque
2891 5374 2958 5424 ut
3007 5370 3314 5442 proprium
3362 5372 3604 5440 retinui,
3654 5388 3774 5427 non

2119 5442 2423 5492 converllt.
2512 5455 2596 5493 η.
2630 5432 2907 5493 Ἕϐδομον
2942 5441 3107 5493 locus
3139 5442 3391 5493 sentimo
3421 5443 3494 5493 ab
3526 5444 3672 5493 urbe
3695 5444 3774 5493 la-

2119 5432 2907 5518 converlit.XYL._‘E683nov
2942 5432 3391 5513 locus-septimo
3421 5443 3494 5499 ab
3526 5432 3672 5500 urbe
3695 5444 3778 5499 la-

2120 5506 2256 5577 pide
2288 5508 2552 5565 dissitus.
2587 5512 2761 5566 Goaa.

2189 5579 2300 5648 (49)
2332 5582 2594 5637 Comana
2621 5583 2917 5638 Armeniae
2947 5584 3090 5640 urbs
3122 5589 3230 5639 est.
3293 5585 3614 5641 Sozomeno
3654 5587 3777 5642 fine

2120 5649 2161 5732 l_.
2194 5667 2287 5732 νιιι
2337 5653 2780 5732 ιιοηΝἰοθρίιριιο
2828 5672 2944 5722 xm,
3151 5654 3317 5720 Quod
3366 5655 3776 5732 adnotandum

2119 5721 2283 5788 duxi,
2313 5728 2378 5777 ut
2406 5721 2643 5779 Zonaras
2674 5725 2804 5781 loco
2854 5721 3128 5782 mutilato
3176 5743 3608 5785 succurrerem.
3660 5731 3766 5785 So-

2122 5799 2315 5848 crates
2345 5795 2420 5850 ad
2449 5797 2744 5852 Euxinum
2776 5803 3025 5869 pontum
3058 5799 3313 5854 collocat
3341 5815 3416 5865 vi,
3446 5802 3536 5855 21.
3572 5802 3714 5855 Χγι..
