  <div class='ocr_page' id='page_1' title='image "/cluster/home/n/w/nwhite01/storage/ocr_20150623/121:no.1/coo.31924054870260/328.png"; bbox 0 0 4144 6428; ppageno 0'>
   <div class='ocr_carea' id='block_1_1' title="bbox 339 473 458 532">
    <p class='ocr_par' dir='ltr' id='par_1_1' title="bbox 339 473 458 532">
     <span class='ocr_line' id='line_1_1' title="bbox 339 473 458 532; baseline -0.008 0"><span class='ocrx_word' id='word_1_1' title='bbox 339 473 458 532; x_wconf 86' lang='grc'>633</span> 
     </span>
    </p>
   </div>
   <div class='ocr_carea' id='block_1_2' title="bbox 1466 464 2610 530">
    <p class='ocr_par' dir='ltr' id='par_1_2' title="bbox 1466 464 2610 530">
     <span class='ocr_line' id='line_1_2' title="bbox 1466 464 2610 530; baseline -0.001 -3"><span class='ocrx_word' id='word_1_2' title='bbox 1466 466 2008 528; x_wconf 79' lang='lat' dir='ltr'>HISTORIARUM</span> <span class='ocrx_word' id='word_1_3' title='bbox 2057 464 2610 530; x_wconf 85' lang='lat' dir='ltr'>COMPENDIUM.</span> 
     </span>
    </p>
   </div>
   <div class='ocr_carea' id='block_1_3' title="bbox 3659 468 3779 527">
    <p class='ocr_par' dir='ltr' id='par_1_3' title="bbox 3659 468 3779 527">
     <span class='ocr_line' id='line_1_3' title="bbox 3659 468 3779 527; baseline 0.017 -2"><span class='ocrx_word' id='word_1_4' title='bbox 3659 468 3779 527; x_wconf 73' lang='grc'>634</span> 
     </span>
    </p>
   </div>
   <div class='ocr_carea' id='block_1_4' title="bbox 342 598 1986 677">
    <p class='ocr_par' dir='ltr' id='par_1_4' title="bbox 342 598 1986 677">
     <span class='ocr_line' id='line_1_4' title="bbox 342 598 1986 677; baseline -0.005 -18"><span class='ocrx_word' id='word_1_5' title='bbox 342 603 406 659; x_wconf 74' lang='grc' dir='ltr'>ἐκ</span> <span class='ocrx_word' id='word_1_6' title='bbox 433 606 530 658; x_wconf 90' lang='grc' dir='ltr'>τοῦ</span> <span class='ocrx_word' id='word_1_7' title='bbox 572 600 771 677; x_wconf 82' lang='grc' dir='ltr'>θρόνου</span> <span class='ocrx_word' id='word_1_8' title='bbox 825 606 930 670; x_wconf 86' lang='grc' dir='ltr'>τῆς</span> <span class='ocrx_word' id='word_1_9' title='bbox 977 599 1279 668; x_wconf 73' lang='grc' dir='ltr'>ἐπισκοπῆς</span> <span class='ocrx_word' id='word_1_10' title='bbox 1340 600 1505 652; x_wconf 81' lang='grc' dir='ltr'>αὐτοῦ</span> <span class='ocrx_word' id='word_1_11' title='bbox 1562 598 1891 673; x_wconf 76' lang='grc' dir='ltr'>παρανόμως</span> <span class='ocrx_word' id='word_1_12' title='bbox 1943 619 1986 653; x_wconf 75' lang='grc' dir='ltr'>τε</span> 
     </span>
    </p>
   </div>
   <div class='ocr_carea' id='block_1_5' title="bbox 2102 598 3773 677">
    <p class='ocr_par' dir='ltr' id='par_1_5' title="bbox 2117 598 3773 672">
     <span class='ocr_line' id='line_1_5' title="bbox 2117 598 3773 672; baseline 0 -18"><span class='ocrx_word' id='word_1_13' title='bbox 2117 616 2186 654; x_wconf 91' lang='lat' dir='ltr'>eo</span> <span class='ocrx_word' id='word_1_14' title='bbox 2218 600 2519 656; x_wconf 84' lang='lat' dir='ltr'>Christum</span> <span class='ocrx_word' id='word_1_15' title='bbox 2550 598 2819 672; x_wconf 78' lang='lat' dir='ltr'>abegisti.</span> <span class='ocrx_word' id='word_1_16' title='bbox 2850 600 3009 654; x_wconf 86' lang='lat' dir='ltr'>Nova</span> <span class='ocrx_word' id='word_1_17' title='bbox 3041 601 3241 653; x_wconf 85' lang='lat' dir='ltr'>autem</span> <span class='ocrx_word' id='word_1_18' title='bbox 3291 598 3405 653; x_wconf 88' lang='lat' dir='ltr'>ista</span> <span class='ocrx_word' id='word_1_19' title='bbox 3434 599 3625 655; x_wconf 87' lang='lat' dir='ltr'>Dalila</span> <span class='ocrx_word' id='word_1_20' title='bbox 3656 602 3773 654; x_wconf 90' lang='lat' dir='ltr'>Eu-</span> 
     </span>
    </p>
   </div>
   <div class='ocr_carea' id='block_1_6' title="bbox 340 686 2000 763">
    <p class='ocr_par' dir='ltr' id='par_1_6' title="bbox 340 686 2000 763">
     <span class='ocr_line' id='line_1_6' title="bbox 340 686 2000 763; baseline -0.005 -15"><span class='ocrx_word' id='word_1_21' title='bbox 340 693 431 748; x_wconf 81' lang='grc' dir='ltr'>καὶ</span> <span class='ocrx_word' id='word_1_22' title='bbox 467 691 727 763; x_wconf 84' lang='grc' dir='ltr'>ἀκρίτως,</span> <span class='ocrx_word' id='word_1_23' title='bbox 772 686 1066 758; x_wconf 79' lang='grc' dir='ltr'>συνδιώξας</span> <span class='ocrx_word' id='word_1_24' title='bbox 1123 686 1272 759; x_wconf 78' lang='grc' dir='ltr'>αὐτῷ</span> <span class='ocrx_word' id='word_1_25' title='bbox 1323 686 1416 741; x_wconf 86' lang='grc' dir='ltr'>καὶ</span> <span class='ocrx_word' id='word_1_26' title='bbox 1480 686 1570 742; x_wconf 84' lang='grc' dir='ltr'>τὸν</span> <span class='ocrx_word' id='word_1_27' title='bbox 1628 686 1879 761; x_wconf 87' lang='grc' dir='ltr'>Χριστόν.</span> <span class='ocrx_word' id='word_1_28' title='bbox 1936 687 2000 743; x_wconf 85' lang='grc' dir='ltr'><strong>Ἦ</strong></span> 
     </span>
    </p>
   </div>
   <div class='ocr_carea' id='block_1_7' title="bbox 346 774 2003 852">
    <p class='ocr_par' dir='ltr' id='par_1_7' title="bbox 346 774 2003 852">
     <span class='ocr_line' id='line_1_7' title="bbox 346 774 2003 852; baseline -0.004 -15"><span class='ocrx_word' id='word_1_29' title='bbox 346 780 405 837; x_wconf 72' lang='grc' dir='ltr'>δὶ</span> <span class='ocrx_word' id='word_1_30' title='bbox 431 781 525 836; x_wconf 67' lang='grc' dir='ltr'>νέα</span> <span class='ocrx_word' id='word_1_31' title='bbox 566 777 779 835; x_wconf 82' lang='grc' dir='ltr'>Δαλιλᾶ</span> <span class='ocrx_word' id='word_1_32' title='bbox 808 774 1072 848; x_wconf 79' lang='grc' dir='ltr'>Εὗδοξία,</span> <span class='ocrx_word' id='word_1_33' title='bbox 1128 776 1266 832; x_wconf 86' lang='grc' dir='ltr'>κατά</span> <span class='ocrx_word' id='word_1_34' title='bbox 1318 776 1514 852; x_wconf 86' lang='grc' dir='ltr'>μικρὸν</span> <span class='ocrx_word' id='word_1_35' title='bbox 1570 779 1649 848; x_wconf 79' lang='grc' dir='ltr'>τῷ</span> <span class='ocrx_word' id='word_1_36' title='bbox 1706 775 1849 851; x_wconf 84' lang='grc' dir='ltr'>ξυρῷ</span> <span class='ocrx_word' id='word_1_37' title='bbox 1903 777 2003 844; x_wconf 73' lang='grc' dir='ltr'>τῆς</span> 
     </span>
    </p>
   </div>
   <div class='ocr_carea' id='block_1_8' title="bbox 344 863 2001 943">
    <p class='ocr_par' dir='ltr' id='par_1_8' title="bbox 344 863 2001 943">
     <span class='ocr_line' id='line_1_8' title="bbox 344 863 2001 943; baseline -0.005 -16"><span class='ocrx_word' id='word_1_38' title='bbox 344 871 566 941; x_wconf 81' lang='grc' dir='ltr'>ἀπάτης</span> <span class='ocrx_word' id='word_1_39' title='bbox 599 869 875 943; x_wconf 76' lang='grc' dir='ltr'>ξυρήσασά</span> <span class='ocrx_word' id='word_1_40' title='bbox 929 887 1008 935; x_wconf 88' lang='grc' dir='ltr'>σε,</span> <span class='ocrx_word' id='word_1_41' title='bbox 1067 863 1302 938; x_wconf 89' lang='grc' dir='ltr'>κατάραν</span> <span class='ocrx_word' id='word_1_42' title='bbox 1360 864 1632 940; x_wconf 78' lang='grc' dir='ltr'>ἐπήγαγεν</span> <span class='ocrx_word' id='word_1_43' title='bbox 1691 866 1851 940; x_wconf 73' lang='grc' dir='ltr'>ίαυτῇ</span> <span class='ocrx_word' id='word_1_44' title='bbox 1912 863 2001 919; x_wconf 81' lang='grc' dir='ltr'>καὶ</span> 
     </span>
    </p>
   </div>
   <div class='ocr_carea' id='block_1_9' title="bbox 343 950 2005 1032">
    <p class='ocr_par' dir='ltr' id='par_1_9' title="bbox 343 950 2005 1032">
     <span class='ocr_line' id='line_1_9' title="bbox 343 950 2005 1032; baseline -0.004 -18"><span class='ocrx_word' id='word_1_45' title='bbox 343 966 529 1032; x_wconf 87' lang='grc' dir='ltr'>μῖσος,</span> <span class='ocrx_word' id='word_1_46' title='bbox 560 954 772 1013; x_wconf 79' lang='grc' dir='ltr'>ἔνδικόν</span> <span class='ocrx_word' id='word_1_47' title='bbox 799 976 859 1011; x_wconf 85' lang='grc' dir='ltr'>τε</span> <span class='ocrx_word' id='word_1_48' title='bbox 914 955 1005 1011; x_wconf 83' lang='grc' dir='ltr'>καὶ</span> <span class='ocrx_word' id='word_1_49' title='bbox 1063 952 1447 1027; x_wconf 81' lang='grc' dir='ltr'>ἀνεξάλειπτον</span> <span class='ocrx_word' id='word_1_50' title='bbox 1507 950 1841 1025; x_wconf 86' lang='grc' dir='ltr'>δεσμεύσασα</span> <span class='ocrx_word' id='word_1_51' title='bbox 1866 973 2005 1031; x_wconf 86' lang='grc' dir='ltr'>φορ-</span> 
     </span>
    </p>
   </div>
   <div class='ocr_carea' id='block_1_10' title="bbox 335 1037 2005 1121">
    <p class='ocr_par' dir='ltr' id='par_1_10' title="bbox 335 1037 2005 1121">
     <span class='ocr_line' id='line_1_10' title="bbox 335 1037 2005 1121; baseline -0.005 -18"><span class='ocrx_word' id='word_1_52' title='bbox 335 1047 458 1104; x_wconf 87' lang='grc' dir='ltr'>τίον</span> <span class='ocrx_word' id='word_1_53' title='bbox 540 1044 953 1121; x_wconf 80' lang='grc' dir='ltr'>ἁμαρτημάτων</span> <span class='ocrx_word' id='word_1_54' title='bbox 1036 1037 1460 1111; x_wconf 77' lang='grc' dir='ltr'>δυσϐάστακτον,</span> <span class='ocrx_word' id='word_1_55' title='bbox 1545 1043 1637 1098; x_wconf 80' lang='grc' dir='ltr'>καὶ</span> <span class='ocrx_word' id='word_1_56' title='bbox 1708 1047 2005 1118; x_wconf 82' lang='grc' dir='ltr'>προσθεῖσα</span> 
     </span>
    </p>
   </div>
   <div class='ocr_carea' id='block_1_11' title="bbox 336 1130 1999 1213">
    <p class='ocr_par' dir='ltr' id='par_1_11' title="bbox 336 1130 1999 1213">
     <span class='ocr_line' id='line_1_11' title="bbox 336 1130 1999 1213; baseline -0.001 -21"><span class='ocrx_word' id='word_1_57' title='bbox 336 1140 460 1201; x_wconf 89' lang='grc' dir='ltr'>τοῖς</span> <span class='ocrx_word' id='word_1_58' title='bbox 488 1136 684 1213; x_wconf 85' lang='grc' dir='ltr'>πρώην</span> <span class='ocrx_word' id='word_1_59' title='bbox 714 1134 884 1204; x_wconf 79' lang='grc' dir='ltr'>αὐτῆς</span> <span class='ocrx_word' id='word_1_60' title='bbox 916 1131 1113 1197; x_wconf 82' lang='grc' dir='ltr'>δεινοῖς</span> <span class='ocrx_word' id='word_1_61' title='bbox 1143 1133 1234 1188; x_wconf 84' lang='grc' dir='ltr'>καὶ</span> <span class='ocrx_word' id='word_1_62' title='bbox 1291 1130 1528 1195; x_wconf 87' lang='grc' dir='ltr'>πολλοῖς</span> <span class='ocrx_word' id='word_1_63' title='bbox 1590 1134 1805 1208; x_wconf 80' lang='grc' dir='ltr'>άμαρτή</span> <span class='ocrx_word' id='word_1_64' title='bbox 1819 1154 1999 1206; x_wconf 80' lang='grc' dir='ltr'>μασιν.</span> 
     </span>
    </p>
   </div>
   <div class='ocr_carea' id='block_1_12' title="bbox 332 1221 2001 1301">
    <p class='ocr_par' dir='ltr' id='par_1_12' title="bbox 332 1221 2001 1301">
     <span class='ocr_line' id='line_1_12' title="bbox 332 1221 2001 1301; baseline -0.003 -19"><span class='ocrx_word' id='word_1_65' title='bbox 332 1227 399 1283; x_wconf 84' lang='grc' dir='ltr'>Ὀ</span> <span class='ocrx_word' id='word_1_66' title='bbox 461 1222 519 1281; x_wconf 71' lang='grc' dir='ltr'>δὲ</span> <span class='ocrx_word' id='word_1_67' title='bbox 580 1223 745 1301; x_wconf 83' lang='grc' dir='ltr'>μέγας</span> <span class='ocrx_word' id='word_1_68' title='bbox 801 1221 1083 1299; x_wconf 79' lang='grc' dir='ltr'>Ἰσίδωρος</span> <span class='ocrx_word' id='word_1_69' title='bbox 1170 1223 1308 1297; x_wconf 88' lang='grc' dir='ltr'>πρός</span> <span class='ocrx_word' id='word_1_70' title='bbox 1362 1243 1484 1277; x_wconf 88' lang='grc' dir='ltr'>τινα</span> <span class='ocrx_word' id='word_1_71' title='bbox 1542 1224 1762 1301; x_wconf 82' lang='grc' dir='ltr'>γράφων</span> <span class='ocrx_word' id='word_1_72' title='bbox 1824 1222 2001 1284; x_wconf 76' lang='grc' dir='ltr'>οὕτως</span> 
     </span>
    </p>
   </div>
   <div class='ocr_carea' id='block_1_13' title="bbox 336 1309 2000 1393">
    <p class='ocr_par' dir='ltr' id='par_1_13' title="bbox 336 1309 2000 1393">
     <span class='ocr_line' id='line_1_13' title="bbox 336 1309 2000 1393; baseline -0.002 -24"><span class='ocrx_word' id='word_1_73' title='bbox 336 1313 524 1393; x_wconf 87' lang='grc' dir='ltr'>φησίν·</span> <span class='ocrx_word' id='word_1_74' title='bbox 590 1315 832 1388; x_wconf 82' lang='grc' dir='ltr'>Ἐρωτᾷς</span> <span class='ocrx_word' id='word_1_75' title='bbox 885 1314 985 1382; x_wconf 76' lang='grc' dir='ltr'>τὴν</span> <span class='ocrx_word' id='word_1_76' title='bbox 1043 1309 1169 1386; x_wconf 85' lang='grc' dir='ltr'>περί</span> <span class='ocrx_word' id='word_1_77' title='bbox 1224 1310 1317 1366; x_wconf 86' lang='grc' dir='ltr'>τὸν</span> <span class='ocrx_word' id='word_1_78' title='bbox 1404 1310 1684 1375; x_wconf 80' lang='grc' dir='ltr'>θεσπέσιον</span> <span class='ocrx_word' id='word_1_79' title='bbox 1745 1311 2000 1382; x_wconf 79' lang='grc' dir='ltr'>Ἰωάννην</span> 
     </span>
    </p>
   </div>
   <div class='ocr_carea' id='block_1_14' title="bbox 334 1400 1999 1481">
    <p class='ocr_par' dir='ltr' id='par_1_14' title="bbox 334 1400 1999 1481">
     <span class='ocr_line' id='line_1_14' title="bbox 334 1400 1999 1481; baseline -0.003 -22"><span class='ocrx_word' id='word_1_80' title='bbox 334 1400 665 1481; x_wconf 79' lang='grc' dir='ltr'>τραγῳδίαν,</span> <span class='ocrx_word' id='word_1_81' title='bbox 727 1400 875 1457; x_wconf 78' lang='grc' dir='ltr'>ἀλλὰ</span> <span class='ocrx_word' id='word_1_82' title='bbox 932 1400 1132 1478; x_wconf 81' lang='grc' dir='ltr'>φράσαι</span> <span class='ocrx_word' id='word_1_83' title='bbox 1186 1401 1389 1471; x_wconf 88' lang='grc' dir='ltr'>ταύτην</span> <span class='ocrx_word' id='word_1_84' title='bbox 1443 1400 1655 1475; x_wconf 84' lang='grc' dir='ltr'>ἀπορῶ-</span> <span class='ocrx_word' id='word_1_85' title='bbox 1723 1405 1846 1471; x_wconf 84' lang='grc' dir='ltr'>νικᾷ</span> <span class='ocrx_word' id='word_1_86' title='bbox 1899 1400 1999 1476; x_wconf 72' lang='grc' dir='ltr'>γὰρ</span> 
     </span>
    </p>
   </div>
   <div class='ocr_carea' id='block_1_15' title="bbox 332 1487 1998 1567">
    <p class='ocr_par' dir='ltr' id='par_1_15' title="bbox 332 1487 1998 1567">
     <span class='ocr_line' id='line_1_15' title="bbox 332 1487 1998 1567; baseline -0.002 -19"><span class='ocrx_word' id='word_1_87' title='bbox 332 1493 433 1548; x_wconf 86' lang='grc' dir='ltr'>τὸν</span> <span class='ocrx_word' id='word_1_88' title='bbox 461 1497 586 1548; x_wconf 83' lang='grc' dir='ltr'>νοῦν</span> <span class='ocrx_word' id='word_1_89' title='bbox 616 1495 651 1562; x_wconf 86' lang='grc' dir='ltr'>ἡ</span> <span class='ocrx_word' id='word_1_90' title='bbox 687 1490 825 1566; x_wconf 74' lang='grc' dir='ltr'>μέθη</span> <span class='ocrx_word' id='word_1_91' title='bbox 856 1495 955 1547; x_wconf 88' lang='grc' dir='ltr'>τοῦ</span> <span class='ocrx_word' id='word_1_92' title='bbox 1010 1492 1351 1567; x_wconf 86' lang='grc' dir='ltr'>πράγματος.</span> <span class='ocrx_word' id='word_1_93' title='bbox 1387 1490 1572 1566; x_wconf 85' lang='grc' dir='ltr'>Μικρὰ</span> <span class='ocrx_word' id='word_1_94' title='bbox 1631 1487 1687 1545; x_wconf 75' lang='grc' dir='ltr'>δὲ</span> <span class='ocrx_word' id='word_1_95' title='bbox 1744 1492 1998 1563; x_wconf 77' lang='grc' dir='ltr'>μάνθανε,</span> 
     </span>
    </p>
   </div>
   <div class='ocr_carea' id='block_1_16' title="bbox 336 1578 1997 1658">
    <p class='ocr_par' dir='ltr' id='par_1_16' title="bbox 336 1578 1997 1658">
     <span class='ocr_line' id='line_1_16' title="bbox 336 1578 1997 1658; baseline -0.002 -22"><span class='ocrx_word' id='word_1_96' title='bbox 336 1582 478 1656; x_wconf 74' lang='grc' dir='ltr'>ἅπερ</span> <span class='ocrx_word' id='word_1_97' title='bbox 507 1583 543 1651; x_wconf 84' lang='grc' dir='ltr'><strong>ἡ</strong></span> <span class='ocrx_word' id='word_1_98' title='bbox 573 1578 849 1658; x_wconf 73' lang='grc' dir='ltr'>Αἴγυπτος</span> <span class='ocrx_word' id='word_1_99' title='bbox 878 1579 1102 1651; x_wconf 74' lang='grc' dir='ltr'>ἧνόησε,</span> <span class='ocrx_word' id='word_1_100' title='bbox 1138 1579 1375 1637; x_wconf 79' lang='grc' dir='ltr'>Μωϋσέα</span> <span class='ocrx_word' id='word_1_101' title='bbox 1416 1579 1511 1652; x_wconf 77' lang='grc' dir='ltr'>μὶν</span> <span class='ocrx_word' id='word_1_102' title='bbox 1572 1578 1997 1653; x_wconf 73' lang='grc' dir='ltr'>παραιτουμένη,</span> 
     </span>
    </p>
   </div>
   <div class='ocr_carea' id='block_1_17' title="bbox 228 1665 1998 1745">
    <p class='ocr_par' dir='ltr' id='par_1_17' title="bbox 228 1665 1998 1745">
     <span class='ocr_line' id='line_1_17' title="bbox 228 1665 1998 1745; baseline 0 -20"><span class='ocrx_word' id='word_1_103' title='bbox 228 1732 235 1737; x_wconf 89' lang='lat'>_</span> <span class='ocrx_word' id='word_1_104' title='bbox 332 1667 514 1725; x_wconf 83' lang='grc' dir='ltr'>τὸνδέ</span> <span class='ocrx_word' id='word_1_105' title='bbox 572 1669 776 1745; x_wconf 80' lang='grc' dir='ltr'>Φαραὼ</span> <span class='ocrx_word' id='word_1_106' title='bbox 835 1665 1204 1742; x_wconf 77' lang='grc' dir='ltr'>οἰκειουμένη,</span> <span class='ocrx_word' id='word_1_107' title='bbox 1261 1668 1389 1729; x_wconf 81' lang='grc' dir='ltr'>τοὺς</span> <span class='ocrx_word' id='word_1_108' title='bbox 1454 1669 1738 1730; x_wconf 80' lang='grc' dir='ltr'>ταπεινοὺς</span> <span class='ocrx_word' id='word_1_109' title='bbox 1803 1668 1998 1742; x_wconf 85' lang='grc' dir='ltr'>μαστί-</span> 
     </span>
    </p>
   </div>
   <div class='ocr_carea' id='block_1_18' title="bbox 348 1753 2001 1833">
    <p class='ocr_par' dir='ltr' id='par_1_18' title="bbox 348 1753 2001 1833">
     <span class='ocr_line' id='line_1_18' title="bbox 348 1753 2001 1833; baseline 0 -18"><span class='ocrx_word' id='word_1_110' title='bbox 348 1766 516 1830; x_wconf 85' lang='grc' dir='ltr'>ζουσα</span> <span class='ocrx_word' id='word_1_111' title='bbox 545 1759 792 1823; x_wconf 74' lang='grc' dir='ltr'>καὶτοὺς</span> <span class='ocrx_word' id='word_1_112' title='bbox 830 1759 1207 1833; x_wconf 83' lang='grc' dir='ltr'>κοπουμὲνους</span> <span class='ocrx_word' id='word_1_113' title='bbox 1259 1753 1548 1829; x_wconf 79' lang='grc' dir='ltr'>θλίϐουσα,</span> <span class='ocrx_word' id='word_1_114' title='bbox 1600 1758 1792 1821; x_wconf 89' lang='grc' dir='ltr'>πόλεις</span> <span class='ocrx_word' id='word_1_115' title='bbox 1849 1759 2001 1815; x_wconf 74' lang='grc' dir='ltr'>οἷκο-</span> 
     </span>
    </p>
   </div>
   <div class='ocr_carea' id='block_1_19' title="bbox 343 1847 2001 1928">
    <p class='ocr_par' dir='ltr' id='par_1_19' title="bbox 343 1847 2001 1928">
     <span class='ocr_line' id='line_1_19' title="bbox 343 1847 2001 1928; baseline -0.001 -22"><span class='ocrx_word' id='word_1_116' title='bbox 343 1848 596 1924; x_wconf 87' lang='grc' dir='ltr'>δομοῦσα</span> <span class='ocrx_word' id='word_1_117' title='bbox 621 1850 710 1906; x_wconf 82' lang='grc' dir='ltr'>καὶ</span> <span class='ocrx_word' id='word_1_118' title='bbox 741 1848 870 1912; x_wconf 74' lang='grc' dir='ltr'>τοὺς</span> <span class='ocrx_word' id='word_1_119' title='bbox 932 1847 1160 1923; x_wconf 80' lang='grc' dir='ltr'>μισθοὺς</span> <span class='ocrx_word' id='word_1_120' title='bbox 1213 1849 1606 1925; x_wconf 87' lang='grc' dir='ltr'>ἀποστεροῦσα.</span> <span class='ocrx_word' id='word_1_121' title='bbox 1668 1850 1764 1904; x_wconf 82' lang='grc' dir='ltr'>Καὶ</span> <span class='ocrx_word' id='word_1_122' title='bbox 1829 1848 2001 1928; x_wconf 73' lang='grc' dir='ltr'>μέχρι</span> 
     </span>
    </p>
   </div>
   <div class='ocr_carea' id='block_1_20' title="bbox 2113 687 3769 761">
    <p class='ocr_par' dir='ltr' id='par_1_20' title="bbox 2113 687 3769 761">
     <span class='ocr_line' id='line_1_20' title="bbox 2113 687 3769 761; baseline 0 -17"><span class='ocrx_word' id='word_1_123' title='bbox 2113 689 2303 753; x_wconf 80' lang='lat' dir='ltr'>doxia,</span> <span class='ocrx_word' id='word_1_124' title='bbox 2340 707 2474 761; x_wconf 69' lang='lat' dir='ltr'>quas</span> <span class='ocrx_word' id='word_1_125' title='bbox 2509 695 2562 745; x_wconf 92' lang='lat' dir='ltr'>te</span> <span class='ocrx_word' id='word_1_126' title='bbox 2592 688 2880 761; x_wconf 82' lang='lat' dir='ltr'>paulatim</span> <span class='ocrx_word' id='word_1_127' title='bbox 2914 687 3204 742; x_wconf 85' lang='lat' dir='ltr'>novacula</span> <span class='ocrx_word' id='word_1_128' title='bbox 3233 687 3575 758; x_wconf 79' lang='lat' dir='ltr'>imposturm</span> <span class='ocrx_word' id='word_1_129' title='bbox 3604 690 3769 756; x_wconf 84' lang='lat' dir='ltr'>rasit,</span> 
     </span>
    </p>
   </div>
   <div class='ocr_carea' id='block_1_21' title="bbox 2111 775 3772 851">
    <p class='ocr_par' dir='ltr' id='par_1_21' title="bbox 2111 775 3772 851">
     <span class='ocr_line' id='line_1_21' title="bbox 2111 775 3772 851; baseline -0.001 -17"><span class='ocrx_word' id='word_1_130' title='bbox 2111 779 2258 834; x_wconf 83' lang='lat' dir='ltr'>diris</span> <span class='ocrx_word' id='word_1_131' title='bbox 2290 795 2352 834; x_wconf 87' lang='lat' dir='ltr'>se</span> <span class='ocrx_word' id='word_1_132' title='bbox 2375 780 2567 851; x_wconf 82' lang='lat' dir='ltr'>ipsam</span> <span class='ocrx_word' id='word_1_133' title='bbox 2598 776 3112 834; x_wconf 82' lang='lat' dir='ltr'>exsecrationibus</span> <span class='ocrx_word' id='word_1_134' title='bbox 3142 775 3399 848; x_wconf 82' lang='lat' dir='ltr'>subjecit</span> <span class='ocrx_word' id='word_1_135' title='bbox 3427 781 3606 848; x_wconf 89' lang='lat' dir='ltr'>atque</span> <span class='ocrx_word' id='word_1_136' title='bbox 3637 778 3772 833; x_wconf 91' lang='lat' dir='ltr'>odio</span> 
     </span>
    </p>
   </div>
   <div class='ocr_carea' id='block_1_22' title="bbox 2101 867 3776 941">
    <p class='ocr_par' dir='ltr' id='par_1_22' title="bbox 2101 867 3776 941">
     <span class='ocr_line' id='line_1_22' title="bbox 2101 867 3776 941; baseline 0 -18"><span class='ocrx_word' id='word_1_137' title='bbox 2101 869 2267 940; x_wconf 83' lang='lat' dir='ltr'>justo</span> <span class='ocrx_word' id='word_1_138' title='bbox 2300 874 2359 923; x_wconf 89' lang='lat' dir='ltr'>et</span> <span class='ocrx_word' id='word_1_139' title='bbox 2388 868 2775 941; x_wconf 85' lang='lat' dir='ltr'>sempiterno.</span> <span class='ocrx_word' id='word_1_140' title='bbox 2798 869 2880 921; x_wconf 91' lang='lat' dir='ltr'>Ea</span> <span class='ocrx_word' id='word_1_141' title='bbox 2901 867 3122 921; x_wconf 84' lang='lat' dir='ltr'>fascem</span> <span class='ocrx_word' id='word_1_142' title='bbox 3148 871 3526 938; x_wconf 83' lang='lat' dir='ltr'>peccatorum</span> <span class='ocrx_word' id='word_1_143' title='bbox 3546 872 3776 938; x_wconf 79' lang='lat' dir='ltr'>gestatu</span> 
     </span>
    </p>
   </div>
   <div class='ocr_carea' id='block_1_23' title="bbox 2108 956 3774 1030">
    <p class='ocr_par' dir='ltr' id='par_1_23' title="bbox 2108 956 3774 1030">
     <span class='ocr_line' id='line_1_23' title="bbox 2108 956 3774 1030; baseline 0 -19"><span class='ocrx_word' id='word_1_144' title='bbox 2108 957 2527 1014; x_wconf 80' lang='lat' dir='ltr'>difﬁcillimam</span> <span class='ocrx_word' id='word_1_145' title='bbox 2553 956 2870 1030; x_wconf 84' lang='lat' dir='ltr'>colligavit,</span> <span class='ocrx_word' id='word_1_146' title='bbox 2906 972 3162 1027; x_wconf 91' lang='lat' dir='ltr'>eumque</span> <span class='ocrx_word' id='word_1_147' title='bbox 3194 956 3465 1028; x_wconf 85' lang='lat' dir='ltr'>pristinis</span> <span class='ocrx_word' id='word_1_148' title='bbox 3497 956 3621 1011; x_wconf 88' lang='lat' dir='ltr'>suis</span> <span class='ocrx_word' id='word_1_149' title='bbox 3644 973 3774 1029; x_wconf 82' lang='lat' dir='ltr'>gra-</span> 
     </span>
    </p>
   </div>
   <div class='ocr_carea' id='block_1_24' title="bbox 2109 1045 3774 1119">
    <p class='ocr_par' dir='ltr' id='par_1_24' title="bbox 2109 1045 3774 1119">
     <span class='ocr_line' id='line_1_24' title="bbox 2109 1045 3774 1119; baseline 0 -19"><span class='ocrx_word' id='word_1_150' title='bbox 2109 1047 2277 1102; x_wconf 91' lang='lat' dir='ltr'>vibus</span> <span class='ocrx_word' id='word_1_151' title='bbox 2308 1064 2376 1102; x_wconf 91' lang='lat' dir='ltr'>ac</span> <span class='ocrx_word' id='word_1_152' title='bbox 2408 1047 2682 1119; x_wconf 83' lang='lat' dir='ltr'>plurimis</span> <span class='ocrx_word' id='word_1_153' title='bbox 2740 1046 2999 1118; x_wconf 88' lang='lat' dir='ltr'>peccatis</span> <span class='ocrx_word' id='word_1_154' title='bbox 3044 1045 3476 1117; x_wconf 89' lang='lat' dir='ltr'>superaddidit.</span> <span class='ocrx_word' id='word_1_155' title='bbox 3525 1045 3774 1117; x_wconf 86' lang='lat' dir='ltr'>Magnus</span> 
     </span>
    </p>
   </div>
   <div class='ocr_carea' id='block_1_25' title="bbox 2109 1134 3773 1206">
    <p class='ocr_par' dir='ltr' id='par_1_25' title="bbox 2109 1134 3773 1206">
     <span class='ocr_line' id='line_1_25' title="bbox 2109 1134 3773 1206; baseline -0.001 -15"><span class='ocrx_word' id='word_1_156' title='bbox 2109 1141 2307 1191; x_wconf 83' lang='lat' dir='ltr'>autem</span> <span class='ocrx_word' id='word_1_157' title='bbox 2334 1137 2596 1191; x_wconf 90' lang='lat' dir='ltr'>Isidorus</span> <span class='ocrx_word' id='word_1_158' title='bbox 2627 1135 2864 1191; x_wconf 88' lang='lat' dir='ltr'>cuidam</span> <span class='ocrx_word' id='word_1_159' title='bbox 2900 1134 3167 1190; x_wconf 90' lang='lat' dir='ltr'>scribens</span> <span class='ocrx_word' id='word_1_160' title='bbox 3199 1134 3370 1206; x_wconf 69' lang='lat'>(49&#39;):</span> <span class='ocrx_word' id='word_1_161' title='bbox 3404 1135 3649 1204; x_wconf 79' lang='lat' dir='ltr'>Quaeris,</span> <span class='ocrx_word' id='word_1_162' title='bbox 3678 1136 3773 1190; x_wconf 91' lang='lat' dir='ltr'>in-</span> 
     </span>
    </p>
   </div>
   <div class='ocr_carea' id='block_1_26' title="bbox 2109 1224 3767 1297">
    <p class='ocr_par' dir='ltr' id='par_1_26' title="bbox 2109 1224 3767 1297">
     <span class='ocr_line' id='line_1_26' title="bbox 2109 1224 3767 1297; baseline -0.001 -17"><span class='ocrx_word' id='word_1_163' title='bbox 2109 1226 2609 1297; x_wconf 76' lang='lat' dir='ltr'>quit,trag(rdiam</span> <span class='ocrx_word' id='word_1_164' title='bbox 2641 1224 2798 1280; x_wconf 85' lang='lat' dir='ltr'>beati</span> <span class='ocrx_word' id='word_1_165' title='bbox 2822 1224 3227 1295; x_wconf 84' lang='lat' dir='ltr'>Chrysostomi</span> <span class='ocrx_word' id='word_1_166' title='bbox 3245 1224 3273 1279; x_wconf 67' lang='grc' dir='ltr'><strong><em>Ἰ</em></strong></span> <span class='ocrx_word' id='word_1_167' title='bbox 3294 1225 3470 1295; x_wconf 84' lang='lat' dir='ltr'>Atqui</span> <span class='ocrx_word' id='word_1_168' title='bbox 3495 1240 3627 1279; x_wconf 88' lang='lat' dir='ltr'>eam</span> <span class='ocrx_word' id='word_1_169' title='bbox 3642 1241 3767 1279; x_wconf 85' lang='lat' dir='ltr'>ver-</span> 
     </span>
    </p>
   </div>
   <div class='ocr_carea' id='block_1_27' title="bbox 2107 1313 3769 1387">
    <p class='ocr_par' dir='ltr' id='par_1_27' title="bbox 2107 1313 3769 1387">
     <span class='ocr_line' id='line_1_27' title="bbox 2107 1313 3769 1387; baseline -0.001 -18"><span class='ocrx_word' id='word_1_170' title='bbox 2107 1314 2199 1370; x_wconf 90' lang='lat' dir='ltr'>bis</span> <span class='ocrx_word' id='word_1_171' title='bbox 2229 1314 2525 1387; x_wconf 88' lang='lat' dir='ltr'>explicare</span> <span class='ocrx_word' id='word_1_172' title='bbox 2547 1331 2666 1369; x_wconf 91' lang='lat' dir='ltr'>non</span> <span class='ocrx_word' id='word_1_173' title='bbox 2686 1330 2930 1386; x_wconf 91' lang='lat' dir='ltr'>possum</span> <span class='ocrx_word' id='word_1_174' title='bbox 2950 1330 2963 1381; x_wconf 93' lang='lat'><strong>;</strong></span> <span class='ocrx_word' id='word_1_175' title='bbox 2980 1313 3235 1369; x_wconf 87' lang='lat' dir='ltr'>ebrietas</span> <span class='ocrx_word' id='word_1_176' title='bbox 3269 1313 3426 1368; x_wconf 89' lang='lat' dir='ltr'>enim</span> <span class='ocrx_word' id='word_1_177' title='bbox 3446 1313 3583 1368; x_wconf 83' lang='lat' dir='ltr'>facti</span> <span class='ocrx_word' id='word_1_178' title='bbox 3601 1330 3769 1368; x_wconf 93' lang='lat' dir='ltr'>men-</span> 
     </span>
    </p>
   </div>
   <div class='ocr_carea' id='block_1_28' title="bbox 2108 1402 3770 1476">
    <p class='ocr_par' dir='ltr' id='par_1_28' title="bbox 2108 1402 3770 1476">
     <span class='ocr_line' id='line_1_28' title="bbox 2108 1402 3770 1476; baseline -0.001 -18"><span class='ocrx_word' id='word_1_179' title='bbox 2108 1408 2228 1458; x_wconf 89' lang='lat' dir='ltr'>tem</span> <span class='ocrx_word' id='word_1_180' title='bbox 2262 1409 2522 1476; x_wconf 87' lang='lat' dir='ltr'>superat.</span> <span class='ocrx_word' id='word_1_181' title='bbox 2558 1403 2711 1458; x_wconf 84' lang='lat' dir='ltr'>Audi</span> <span class='ocrx_word' id='word_1_182' title='bbox 2747 1408 2947 1459; x_wconf 87' lang='lat' dir='ltr'>tamen</span> <span class='ocrx_word' id='word_1_183' title='bbox 2979 1418 3169 1473; x_wconf 88' lang='lat' dir='ltr'>pauca</span> <span class='ocrx_word' id='word_1_184' title='bbox 3219 1402 3497 1473; x_wconf 66' lang='lat' dir='ltr'>Egyptian</span> <span class='ocrx_word' id='word_1_185' title='bbox 3528 1402 3770 1474; x_wconf 85' lang='lat' dir='ltr'>ignora-</span> 
     </span>
    </p>
   </div>
   <div class='ocr_carea' id='block_1_29' title="bbox 2105 1491 3768 1564">
    <p class='ocr_par' dir='ltr' id='par_1_29' title="bbox 2105 1491 3768 1564">
     <span class='ocr_line' id='line_1_29' title="bbox 2105 1491 3768 1564; baseline -0.001 -16"><span class='ocrx_word' id='word_1_186' title='bbox 2105 1494 2285 1549; x_wconf 87' lang='lat' dir='ltr'>tionis</span> <span class='ocrx_word' id='word_1_187' title='bbox 2342 1494 2626 1549; x_wconf 85' lang='lat' dir='ltr'>facinora.</span> <span class='ocrx_word' id='word_1_188' title='bbox 2710 1495 2910 1548; x_wconf 87' lang='lat' dir='ltr'>Mosen</span> <span class='ocrx_word' id='word_1_189' title='bbox 2967 1491 3319 1564; x_wconf 85' lang='lat' dir='ltr'>repudiavit,</span> <span class='ocrx_word' id='word_1_190' title='bbox 3396 1493 3768 1548; x_wconf 85' lang='lat' dir='ltr'>Pharaonem</span> 
     </span>
    </p>
   </div>
   <div class='ocr_carea' id='block_1_30' title="bbox 2105 1581 3767 1655">
    <p class='ocr_par' dir='ltr' id='par_1_30' title="bbox 2105 1581 3767 1655">
     <span class='ocr_line' id='line_1_30' title="bbox 2105 1581 3767 1655; baseline -0.002 -17"><span class='ocrx_word' id='word_1_191' title='bbox 2105 1582 2351 1638; x_wconf 84' lang='lat' dir='ltr'>adscivit</span> <span class='ocrx_word' id='word_1_192' title='bbox 2373 1599 2386 1637; x_wconf 91' lang='lat'>:</span> <span class='ocrx_word' id='word_1_193' title='bbox 2418 1583 2675 1638; x_wconf 87' lang='lat' dir='ltr'>humiles</span> <span class='ocrx_word' id='word_1_194' title='bbox 2693 1581 2972 1655; x_wconf 76' lang='lat' dir='ltr'>flagellat,</span> <span class='ocrx_word' id='word_1_195' title='bbox 2997 1587 3055 1637; x_wconf 90' lang='lat' dir='ltr'>et</span> <span class='ocrx_word' id='word_1_196' title='bbox 3074 1582 3277 1637; x_wconf 86' lang='lat' dir='ltr'>labore</span> <span class='ocrx_word' id='word_1_197' title='bbox 3293 1581 3525 1636; x_wconf 87' lang='lat' dir='ltr'>attritos</span> <span class='ocrx_word' id='word_1_198' title='bbox 3543 1581 3605 1637; x_wconf 81' lang='lat' dir='ltr'>af</span> <span class='ocrx_word' id='word_1_199' title='bbox 3607 1582 3726 1653; x_wconf 87' lang='lat' dir='ltr'>ﬁgit</span> <span class='ocrx_word' id='word_1_200' title='bbox 3753 1599 3767 1648; x_wconf 90' lang='lat'><strong>;</strong></span> 
     </span>
    </p>
   </div>
   <div class='ocr_carea' id='block_1_31' title="bbox 2104 1670 3763 1742">
    <p class='ocr_par' dir='ltr' id='par_1_31' title="bbox 2104 1670 3763 1742">
     <span class='ocr_line' id='line_1_31' title="bbox 2104 1670 3763 1742; baseline -0.001 -16"><span class='ocrx_word' id='word_1_201' title='bbox 2104 1671 2283 1726; x_wconf 90' lang='lat' dir='ltr'>urbes</span> <span class='ocrx_word' id='word_1_202' title='bbox 2313 1671 2585 1736; x_wconf 87' lang='lat' dir='ltr'>exstruit,</span> <span class='ocrx_word' id='word_1_203' title='bbox 2614 1670 2889 1726; x_wconf 86' lang='lat' dir='ltr'>mercede</span> <span class='ocrx_word' id='word_1_204' title='bbox 2918 1670 3265 1737; x_wconf 87' lang='lat' dir='ltr'>defraudat;</span> <span class='ocrx_word' id='word_1_205' title='bbox 3301 1675 3477 1742; x_wconf 89' lang='lat' dir='ltr'>atque</span> <span class='ocrx_word' id='word_1_206' title='bbox 3511 1671 3572 1724; x_wconf 90' lang='lat' dir='ltr'>in</span> <span class='ocrx_word' id='word_1_207' title='bbox 3603 1671 3763 1725; x_wconf 91' lang='lat' dir='ltr'>hunc</span> 
     </span>
    </p>
   </div>
   <div class='ocr_carea' id='block_1_32' title="bbox 2104 1758 3762 1832">
    <p class='ocr_par' dir='ltr' id='par_1_32' title="bbox 2104 1758 3762 1832">
     <span class='ocr_line' id='line_1_32' title="bbox 2104 1758 3762 1832; baseline -0.001 -16"><span class='ocrx_word' id='word_1_208' title='bbox 2104 1777 2292 1832; x_wconf 89' lang='lat' dir='ltr'>usque</span> <span class='ocrx_word' id='word_1_209' title='bbox 2324 1760 2482 1815; x_wconf 91' lang='lat' dir='ltr'>diem</span> <span class='ocrx_word' id='word_1_210' title='bbox 2512 1760 2604 1815; x_wconf 89' lang='lat' dir='ltr'>his</span> <span class='ocrx_word' id='word_1_211' title='bbox 2634 1759 2846 1815; x_wconf 90' lang='lat' dir='ltr'>studiis</span> <span class='ocrx_word' id='word_1_212' title='bbox 2886 1759 3117 1814; x_wconf 90' lang='lat' dir='ltr'>intenta</span> <span class='ocrx_word' id='word_1_213' title='bbox 3169 1758 3560 1830; x_wconf 88' lang='lat' dir='ltr'>Theophilum</span> <span class='ocrx_word' id='word_1_214' title='bbox 3609 1759 3762 1815; x_wconf 78' lang='lat'>588</span> 
     </span>
    </p>
   </div>
   <div class='ocr_carea' id='block_1_33' title="bbox 2107 1851 3760 1923">
    <p class='ocr_par' dir='ltr' id='par_1_33' title="bbox 2107 1851 3760 1923">
     <span class='ocr_line' id='line_1_33' title="bbox 2107 1851 3760 1923; baseline -0.001 -16"><span class='ocrx_word' id='word_1_215' title='bbox 2107 1852 2234 1907; x_wconf 92' lang='lat' dir='ltr'>auri</span> <span class='ocrx_word' id='word_1_216' title='bbox 2265 1852 2475 1907; x_wconf 88' lang='lat' dir='ltr'>insano</span> <span class='ocrx_word' id='word_1_217' title='bbox 2498 1868 2700 1906; x_wconf 91' lang='lat' dir='ltr'>amore</span> <span class='ocrx_word' id='word_1_218' title='bbox 2742 1857 2918 1922; x_wconf 90' lang='lat' dir='ltr'>atque</span> <span class='ocrx_word' id='word_1_219' title='bbox 2958 1851 3123 1906; x_wconf 90' lang='lat' dir='ltr'>cultu</span> <span class='ocrx_word' id='word_1_220' title='bbox 3154 1854 3507 1921; x_wconf 87' lang='lat' dir='ltr'>occupatum</span> <span class='ocrx_word' id='word_1_221' title='bbox 3538 1851 3760 1923; x_wconf 90' lang='lat' dir='ltr'>produ-</span> 
     </span>
    </p>
   </div>
   <div class='ocr_carea' id='block_1_34' title="bbox 330 1938 1986 2038">
    <p class='ocr_par' dir='ltr' id='par_1_34' title="bbox 330 1938 1986 2018">
     <span class='ocr_line' id='line_1_34' title="bbox 330 1938 1986 2018; baseline 0 -23"><span class='ocrx_word' id='word_1_222' title='bbox 330 1944 425 1995; x_wconf 91' lang='grc' dir='ltr'>νῦν</span> <span class='ocrx_word' id='word_1_223' title='bbox 456 1941 670 2002; x_wconf 80' lang='grc' dir='ltr'>τούτοις</span> <span class='ocrx_word' id='word_1_224' title='bbox 703 1939 1087 2013; x_wconf 81' lang='grc' dir='ltr'>ἐμμελετῶσα,</span> <span class='ocrx_word' id='word_1_225' title='bbox 1128 1940 1219 1994; x_wconf 86' lang='grc' dir='ltr'>τὸν</span> <span class='ocrx_word' id='word_1_226' title='bbox 1258 1944 1586 2014; x_wconf 85' lang='grc' dir='ltr'>χρυσομανῆ</span> <span class='ocrx_word' id='word_1_227' title='bbox 1636 1938 1726 1994; x_wconf 77' lang='grc' dir='ltr'>καὶ</span> <span class='ocrx_word' id='word_1_228' title='bbox 1786 1959 1986 2018; x_wconf 88' lang='grc' dir='ltr'>χρυσο-</span> 
     </span>
    </p>
   </div>
   <div class='ocr_carea' id='block_1_35' title="bbox 2102 1938 3768 2038">
    <p class='ocr_par' dir='ltr' id='par_1_35' title="bbox 2106 1939 3768 2013">
     <span class='ocr_line' id='line_1_35' title="bbox 2106 1939 3768 2013; baseline 0 -17"><span class='ocrx_word' id='word_1_229' title='bbox 2106 1942 2211 2012; x_wconf 79' lang='lat' dir='ltr'>xit,</span> <span class='ocrx_word' id='word_1_230' title='bbox 2236 1946 2490 2013; x_wconf 88' lang='lat' dir='ltr'>quatuor</span> <span class='ocrx_word' id='word_1_231' title='bbox 2519 1941 2696 1997; x_wconf 88' lang='lat' dir='ltr'>sociis</span> <span class='ocrx_word' id='word_1_232' title='bbox 2726 1940 2935 2012; x_wconf 86' lang='lat' dir='ltr'>ﬂagitii</span> <span class='ocrx_word' id='word_1_233' title='bbox 2986 1945 3164 2011; x_wconf 89' lang='lat' dir='ltr'>atque</span> <span class='ocrx_word' id='word_1_234' title='bbox 3195 1939 3552 1995; x_wconf 91' lang='lat' dir='ltr'>desertionis</span> <span class='ocrx_word' id='word_1_235' title='bbox 3585 1941 3768 2012; x_wconf 86' lang='lat' dir='ltr'>stipa-</span> 
     </span>
    </p>
   </div>
   <div class='ocr_carea' id='block_1_36' title="bbox 330 2024 1990 2107">
    <p class='ocr_par' dir='ltr' id='par_1_36' title="bbox 330 2024 1990 2107">
     <span class='ocr_line' id='line_1_36' title="bbox 330 2024 1990 2107; baseline 0.001 -24"><span class='ocrx_word' id='word_1_236' title='bbox 330 2028 544 2103; x_wconf 82' lang='grc' dir='ltr'>Αάτρην</span> <span class='ocrx_word' id='word_1_237' title='bbox 598 2024 995 2102; x_wconf 77' lang='grc' dir='ltr'>προϐαλομὲνη</span> <span class='ocrx_word' id='word_1_238' title='bbox 1074 2027 1338 2107; x_wconf 87' lang='grc' dir='ltr'>Θεόφιλον</span> <span class='ocrx_word' id='word_1_239' title='bbox 1395 2027 1646 2101; x_wconf 68' lang='grc' dir='ltr'>τέσσαρσι</span> <span class='ocrx_word' id='word_1_240' title='bbox 1708 2033 1990 2103; x_wconf 83' lang='grc' dir='ltr'>συνεργοῖς</span> 
     </span>
    </p>
   </div>
   <div class='ocr_carea' id='block_1_37' title="bbox 326 2115 1986 2195">
    <p class='ocr_par' dir='ltr' id='par_1_37' title="bbox 326 2115 1986 2195">
     <span class='ocr_line' id='line_1_37' title="bbox 326 2115 1986 2195; baseline 0 -22"><span class='ocrx_word' id='word_1_241' title='bbox 326 2118 421 2174; x_wconf 78' lang='grc' dir='ltr'>καὶ</span> <span class='ocrx_word' id='word_1_242' title='bbox 484 2118 911 2180; x_wconf 88' lang='grc' dir='ltr'>συναποστάταις</span> <span class='ocrx_word' id='word_1_243' title='bbox 971 2116 1342 2195; x_wconf 72' lang='grc' dir='ltr'>ὀχυρωθέντα,</span> <span class='ocrx_word' id='word_1_244' title='bbox 1390 2119 1482 2173; x_wconf 88' lang='grc' dir='ltr'>τὸν</span> <span class='ocrx_word' id='word_1_245' title='bbox 1535 2115 1704 2180; x_wconf 79' lang='grc' dir='ltr'>ὅντως</span> <span class='ocrx_word' id='word_1_246' title='bbox 1757 2118 1986 2193; x_wconf 80' lang='grc' dir='ltr'>θεοφιλῆ</span> 
     </span>
    </p>
   </div>
   <div class='ocr_carea' id='block_1_38' title="bbox 324 2206 1988 2282">
    <p class='ocr_par' dir='ltr' id='par_1_38' title="bbox 324 2206 1988 2282">
     <span class='ocr_line' id='line_1_38' title="bbox 324 2206 1988 2282; baseline 0.001 -21"><span class='ocrx_word' id='word_1_247' title='bbox 324 2208 417 2262; x_wconf 81' lang='grc' dir='ltr'>καὶ</span> <span class='ocrx_word' id='word_1_248' title='bbox 497 2207 763 2282; x_wconf 82' lang='grc' dir='ltr'>θεολόγον</span> <span class='ocrx_word' id='word_1_249' title='bbox 822 2207 1267 2281; x_wconf 73' lang='grc' dir='ltr'>κατεπολέμησεν</span> <span class='ocrx_word' id='word_1_250' title='bbox 1325 2206 1632 2282; x_wconf 77' lang='grc' dir='ltr'>ἄνθρωπον,</span> <span class='ocrx_word' id='word_1_251' title='bbox 1704 2210 1803 2278; x_wconf 76' lang='grc' dir='ltr'>τὴν</span> <span class='ocrx_word' id='word_1_252' title='bbox 1862 2208 1988 2282; x_wconf 79' lang='grc' dir='ltr'>περὶ</span> 
     </span>
    </p>
   </div>
   <div class='ocr_carea' id='block_1_39' title="bbox 323 2294 1985 2372">
    <p class='ocr_par' dir='ltr' id='par_1_39' title="bbox 323 2294 1985 2372">
     <span class='ocr_line' id='line_1_39' title="bbox 323 2294 1985 2372; baseline -0.001 -19"><span class='ocrx_word' id='word_1_253' title='bbox 323 2298 417 2353; x_wconf 85' lang='grc' dir='ltr'>τὸν</span> <span class='ocrx_word' id='word_1_254' title='bbox 456 2295 587 2369; x_wconf 76' lang='grc' dir='ltr'>ἐμὸν</span> <span class='ocrx_word' id='word_1_255' title='bbox 643 2297 943 2371; x_wconf 84' lang='grc' dir='ltr'>ὁμώνυμον</span> <span class='ocrx_word' id='word_1_256' title='bbox 1001 2299 1115 2370; x_wconf 78' lang='grc'>(50)</span> <span class='ocrx_word' id='word_1_257' title='bbox 1172 2296 1464 2372; x_wconf 72' lang='grc' dir='ltr'>ἀπέχθειαν</span> <span class='ocrx_word' id='word_1_258' title='bbox 1518 2298 1607 2352; x_wconf 83' lang='grc' dir='ltr'>καὶ</span> <span class='ocrx_word' id='word_1_259' title='bbox 1670 2294 1985 2370; x_wconf 72' lang='grc' dir='ltr'>δυσμένειαν</span> 
     </span>
    </p>
   </div>
   <div class='ocr_carea' id='block_1_40' title="bbox 327 2384 1982 2462">
    <p class='ocr_par' dir='ltr' id='par_1_40' title="bbox 327 2384 1982 2462">
     <span class='ocr_line' id='line_1_40' title="bbox 327 2384 1982 2462; baseline 0.002 -21"><span class='ocrx_word' id='word_1_260' title='bbox 327 2387 678 2460; x_wconf 78' lang='grc' dir='ltr'>ὁρμητήριον</span> <span class='ocrx_word' id='word_1_261' title='bbox 766 2393 867 2455; x_wconf 79' lang='grc' dir='ltr'>τῆς</span> <span class='ocrx_word' id='word_1_262' title='bbox 950 2384 1153 2448; x_wconf 77' lang='grc' dir='ltr'>οἰκείας</span> <span class='ocrx_word' id='word_1_263' title='bbox 1232 2385 1498 2462; x_wconf 76' lang='grc' dir='ltr'>εὑρηκότα</span> <span class='ocrx_word' id='word_1_264' title='bbox 1584 2384 1982 2461; x_wconf 64' lang='grc' dir='ltr'>σκληρότητος.</span> 
     </span>
    </p>
   </div>
   <div class='ocr_carea' id='block_1_41' title="bbox 326 2470 1981 2550">
    <p class='ocr_par' dir='ltr' id='par_1_41' title="bbox 326 2470 1981 2550">
     <span class='ocr_line' id='line_1_41' title="bbox 326 2470 1981 2550; baseline -0.001 -19"><span class='ocrx_word' id='word_1_265' title='bbox 326 2473 488 2531; x_wconf 82' lang='grc' dir='ltr'>Ἀλλ’</span> <span class='ocrx_word' id='word_1_266' title='bbox 519 2476 548 2530; x_wconf 77' lang='grc' dir='ltr'>ὁ</span> <span class='ocrx_word' id='word_1_267' title='bbox 582 2474 677 2549; x_wconf 72' lang='grc' dir='ltr'>μὲν</span> <span class='ocrx_word' id='word_1_268' title='bbox 710 2475 866 2537; x_wconf 81' lang='grc' dir='ltr'>οἶκος</span> <span class='ocrx_word' id='word_1_269' title='bbox 899 2470 1068 2530; x_wconf 77' lang='grc' dir='ltr'>Δαϐἱδ</span> <span class='ocrx_word' id='word_1_270' title='bbox 1120 2479 1475 2550; x_wconf 83' lang='grc' dir='ltr'>κραταιοῦται</span> <span class='ocrx_word' id='word_1_271' title='bbox 1525 2475 1613 2530; x_wconf 88' lang='grc' dir='ltr'>καὶ</span> <span class='ocrx_word' id='word_1_272' title='bbox 1672 2474 1981 2550; x_wconf 79' lang='grc' dir='ltr'>πορεύεται,</span> 
     </span>
    </p>
   </div>
   <div class='ocr_carea' id='block_1_42' title="bbox 330 2560 1980 2640">
    <p class='ocr_par' dir='ltr' id='par_1_42' title="bbox 330 2560 1980 2640">
     <span class='ocr_line' id='line_1_42' title="bbox 330 2560 1980 2640; baseline 0.001 -22"><span class='ocrx_word' id='word_1_273' title='bbox 330 2565 358 2618; x_wconf 83' lang='grc' dir='ltr'>ὁ</span> <span class='ocrx_word' id='word_1_274' title='bbox 437 2560 494 2619; x_wconf 74' lang='grc' dir='ltr'>δὲ</span> <span class='ocrx_word' id='word_1_275' title='bbox 550 2564 704 2626; x_wconf 75' lang='grc' dir='ltr'>οἶκος</span> <span class='ocrx_word' id='word_1_276' title='bbox 760 2564 942 2620; x_wconf 88' lang='grc' dir='ltr'>Σαοὺλ</span> <span class='ocrx_word' id='word_1_277' title='bbox 1002 2564 1212 2628; x_wconf 76' lang='grc' dir='ltr'>ἀσθενεῖ</span> <span class='ocrx_word' id='word_1_278' title='bbox 1268 2565 1360 2619; x_wconf 84' lang='grc' dir='ltr'>καὶ</span> <span class='ocrx_word' id='word_1_279' title='bbox 1414 2564 1832 2640; x_wconf 80' lang='grc' dir='ltr'>καταισχύνεται</span> <span class='ocrx_word' id='word_1_280' title='bbox 1890 2564 1980 2619; x_wconf 83' lang='grc' dir='ltr'>καὶ</span> 
     </span>
    </p>
   </div>
   <div class='ocr_carea' id='block_1_43' title="bbox 2107 2030 3763 2102">
    <p class='ocr_par' dir='ltr' id='par_1_43' title="bbox 2107 2030 3763 2102">
     <span class='ocr_line' id='line_1_43' title="bbox 2107 2030 3763 2102; baseline 0 -17"><span class='ocrx_word' id='word_1_281' title='bbox 2107 2037 2253 2099; x_wconf 88' lang='lat' dir='ltr'>tum,</span> <span class='ocrx_word' id='word_1_282' title='bbox 2285 2032 2619 2102; x_wconf 89' lang='lat' dir='ltr'>horumque</span> <span class='ocrx_word' id='word_1_283' title='bbox 2653 2046 2834 2102; x_wconf 87' lang='lat' dir='ltr'>opera</span> <span class='ocrx_word' id='word_1_284' title='bbox 2883 2046 3016 2085; x_wconf 88' lang='lat' dir='ltr'>vere</span> <span class='ocrx_word' id='word_1_285' title='bbox 3076 2031 3193 2085; x_wconf 91' lang='lat' dir='ltr'>Deo</span> <span class='ocrx_word' id='word_1_286' title='bbox 3243 2030 3490 2085; x_wconf 88' lang='lat' dir='ltr'>charum</span> <span class='ocrx_word' id='word_1_287' title='bbox 3542 2034 3600 2083; x_wconf 89' lang='lat' dir='ltr'>et</span> <span class='ocrx_word' id='word_1_288' title='bbox 3629 2031 3763 2100; x_wconf 85' lang='lat' dir='ltr'>ejus</span> 
     </span>
    </p>
   </div>
   <div class='ocr_carea' id='block_1_44' title="bbox 2102 2118 3759 2193">
    <p class='ocr_par' dir='ltr' id='par_1_44' title="bbox 2102 2118 3759 2193">
     <span class='ocr_line' id='line_1_44' title="bbox 2102 2118 3759 2193; baseline 0 -19"><span class='ocrx_word' id='word_1_289' title='bbox 2102 2121 2395 2193; x_wconf 88' lang='lat' dir='ltr'>insignem</span> <span class='ocrx_word' id='word_1_290' title='bbox 2443 2120 2781 2193; x_wconf 89' lang='lat' dir='ltr'>cognitione</span> <span class='ocrx_word' id='word_1_291' title='bbox 2813 2118 3007 2174; x_wconf 91' lang='lat' dir='ltr'>virum</span> <span class='ocrx_word' id='word_1_292' title='bbox 3042 2119 3394 2186; x_wconf 84' lang='lat' dir='ltr'>debellavit;</span> <span class='ocrx_word' id='word_1_293' title='bbox 3430 2118 3530 2189; x_wconf 90' lang='lat' dir='ltr'>qui</span> <span class='ocrx_word' id='word_1_294' title='bbox 3562 2136 3759 2174; x_wconf 85' lang='lat' dir='ltr'>arcem</span> 
     </span>
    </p>
   </div>
   <div class='ocr_carea' id='block_1_45' title="bbox 2101 2207 3759 2265">
    <p class='ocr_par' dir='ltr' id='par_1_45' title="bbox 2101 2207 3759 2265">
     <span class='ocr_line' id='line_1_45' title="bbox 2101 2207 3759 2265; baseline -0.001 0"><span class='ocrx_word' id='word_1_295' title='bbox 2101 2227 2222 2265; x_wconf 70' lang='lat' dir='ltr'>suae</span> <span class='ocrx_word' id='word_1_296' title='bbox 2253 2210 2491 2265; x_wconf 89' lang='lat' dir='ltr'>duritiei</span> <span class='ocrx_word' id='word_1_297' title='bbox 2524 2209 2753 2264; x_wconf 90' lang='lat' dir='ltr'>invenit</span> <span class='ocrx_word' id='word_1_298' title='bbox 2782 2209 2985 2264; x_wconf 91' lang='lat' dir='ltr'>odium</span> <span class='ocrx_word' id='word_1_299' title='bbox 3040 2224 3108 2264; x_wconf 90' lang='lat' dir='ltr'>ac</span> <span class='ocrx_word' id='word_1_300' title='bbox 3138 2207 3618 2263; x_wconf 85' lang='lat' dir='ltr'>malevolentiam</span> <span class='ocrx_word' id='word_1_301' title='bbox 3659 2208 3759 2263; x_wconf 90' lang='lat' dir='ltr'>ad-</span> 
     </span>
    </p>
   </div>
   <div class='ocr_carea' id='block_1_46' title="bbox 2097 2298 3758 2371">
    <p class='ocr_par' dir='ltr' id='par_1_46' title="bbox 2097 2298 3758 2371">
     <span class='ocr_line' id='line_1_46' title="bbox 2097 2298 3758 2371; baseline -0.001 -19"><span class='ocrx_word' id='word_1_302' title='bbox 2097 2314 2300 2353; x_wconf 84' lang='lat' dir='ltr'>versus</span> <span class='ocrx_word' id='word_1_303' title='bbox 2330 2298 2477 2353; x_wconf 90' lang='lat' dir='ltr'>mihi</span> <span class='ocrx_word' id='word_1_304' title='bbox 2508 2298 2944 2371; x_wconf 86' lang='lat' dir='ltr'>cognominem.</span> <span class='ocrx_word' id='word_1_305' title='bbox 2967 2300 3181 2353; x_wconf 88' lang='lat' dir='ltr'>Verum</span> <span class='ocrx_word' id='word_1_306' title='bbox 3214 2298 3513 2353; x_wconf 84' lang='lat' dir='ltr'>enimvero</span> <span class='ocrx_word' id='word_1_307' title='bbox 3546 2298 3758 2353; x_wconf 89' lang='lat' dir='ltr'>domus</span> 
     </span>
    </p>
   </div>
   <div class='ocr_carea' id='block_1_47' title="bbox 2096 2386 3759 2458">
    <p class='ocr_par' dir='ltr' id='par_1_47' title="bbox 2096 2386 3759 2458">
     <span class='ocr_line' id='line_1_47' title="bbox 2096 2386 3759 2458; baseline -0.002 -15"><span class='ocrx_word' id='word_1_308' title='bbox 2096 2387 2373 2443; x_wconf 89' lang='lat' dir='ltr'>Davidica</span> <span class='ocrx_word' id='word_1_309' title='bbox 2403 2388 2793 2442; x_wconf 83' lang='lat' dir='ltr'>conﬁrmatur</span> <span class='ocrx_word' id='word_1_310' title='bbox 2822 2391 2881 2441; x_wconf 89' lang='lat' dir='ltr'>et</span> <span class='ocrx_word' id='word_1_311' title='bbox 2906 2387 3141 2458; x_wconf 87' lang='lat' dir='ltr'>crescit,</span> <span class='ocrx_word' id='word_1_312' title='bbox 3175 2386 3335 2441; x_wconf 90' lang='lat' dir='ltr'>Sauli</span> <span class='ocrx_word' id='word_1_313' title='bbox 3367 2392 3565 2441; x_wconf 90' lang='lat' dir='ltr'>autem</span> <span class='ocrx_word' id='word_1_314' title='bbox 3597 2386 3759 2440; x_wconf 86' lang='lat' dir='ltr'>inﬁr-</span> 
     </span>
    </p>
   </div>
   <div class='ocr_carea' id='block_1_48' title="bbox 2095 2476 3757 2549">
    <p class='ocr_par' dir='ltr' id='par_1_48' title="bbox 2095 2476 3757 2549">
     <span class='ocr_line' id='line_1_48' title="bbox 2095 2476 3757 2549; baseline -0.001 -18"><span class='ocrx_word' id='word_1_315' title='bbox 2095 2482 2292 2532; x_wconf 88' lang='lat' dir='ltr'>matur</span> <span class='ocrx_word' id='word_1_316' title='bbox 2320 2483 2379 2532; x_wconf 92' lang='lat' dir='ltr'>et</span> <span class='ocrx_word' id='word_1_317' title='bbox 2406 2476 2635 2549; x_wconf 86' lang='lat' dir='ltr'>pudeﬁt</span> <span class='ocrx_word' id='word_1_318' title='bbox 2663 2482 2840 2547; x_wconf 88' lang='lat' dir='ltr'>atque</span> <span class='ocrx_word' id='word_1_319' title='bbox 2874 2476 3293 2548; x_wconf 85' lang='lat' dir='ltr'>impeditur,ut</span> <span class='ocrx_word' id='word_1_320' title='bbox 3315 2476 3496 2545; x_wconf 87' lang='lat' dir='ltr'>vides,</span> <span class='ocrx_word' id='word_1_321' title='bbox 3525 2481 3757 2536; x_wconf 85' lang='lat' dir='ltr'>tametsi</span> 
     </span>
    </p>
   </div>
   <div class='ocr_carea' id='block_1_49' title="bbox 2091 2564 3760 2645">
    <p class='ocr_par' dir='ltr' id='par_1_49' title="bbox 2091 2564 3760 2645">
     <span class='ocr_line' id='line_1_49' title="bbox 2091 2564 3760 2645; baseline 0 -25"><span class='ocrx_word' id='word_1_322' title='bbox 2091 2567 2268 2621; x_wconf 89' lang='lat' dir='ltr'>homo</span> <span class='ocrx_word' id='word_1_323' title='bbox 2290 2566 2393 2621; x_wconf 90' lang='lat' dir='ltr'>Dei</span> <span class='ocrx_word' id='word_1_324' title='bbox 2422 2566 2759 2645; x_wconf 82' lang='lat' dir='ltr'>tempestati</span> <span class='ocrx_word' id='word_1_325' title='bbox 2794 2565 2847 2620; x_wconf 92' lang='lat' dir='ltr'>ei</span> <span class='ocrx_word' id='word_1_326' title='bbox 2880 2564 3206 2620; x_wconf 88' lang='lat' dir='ltr'>subductus</span> <span class='ocrx_word' id='word_1_327' title='bbox 3239 2570 3327 2620; x_wconf 87' lang='lat' dir='ltr'>est</span> <span class='ocrx_word' id='word_1_328' title='bbox 3358 2571 3416 2620; x_wconf 89' lang='lat' dir='ltr'>et</span> <span class='ocrx_word' id='word_1_329' title='bbox 3441 2570 3760 2622; x_wconf 80' lang='lat' dir='ltr'>coronatuS</span> 
     </span>
    </p>
   </div>
   <div class='ocr_carea' id='block_1_50' title="bbox 329 2649 1986 2728">
    <p class='ocr_par' dir='ltr' id='par_1_50' title="bbox 329 2649 1982 2728">
     <span class='ocr_line' id='line_1_50' title="bbox 329 2649 1982 2728; baseline 0.001 -21"><span class='ocrx_word' id='word_1_330' title='bbox 329 2649 745 2725; x_wconf 76' lang='grc' dir='ltr'>συμποδίζεται,</span> <span class='ocrx_word' id='word_1_331' title='bbox 803 2664 983 2718; x_wconf 88' lang='grc' dir='ltr'>καθως</span> <span class='ocrx_word' id='word_1_332' title='bbox 1041 2655 1190 2728; x_wconf 79' lang='grc' dir='ltr'>ὁρᾷς.</span> <span class='ocrx_word' id='word_1_333' title='bbox 1252 2653 1297 2708; x_wconf 80' lang='grc' dir='ltr'>εί</span> <span class='ocrx_word' id='word_1_334' title='bbox 1354 2653 1444 2709; x_wconf 88' lang='grc' dir='ltr'>καὶ</span> <span class='ocrx_word' id='word_1_335' title='bbox 1500 2660 1602 2723; x_wconf 86' lang='grc' dir='ltr'>τῆς</span> <span class='ocrx_word' id='word_1_336' title='bbox 1650 2652 1823 2724; x_wconf 81' lang='grc' dir='ltr'>ζάλης</span> <span class='ocrx_word' id='word_1_337' title='bbox 1878 2654 1982 2708; x_wconf 80' lang='grc' dir='ltr'>ὑπ-</span> 
     </span>
    </p>
   </div>
   <div class='ocr_carea' id='block_1_51' title="bbox 2102 2649 3108 2728">
    <p class='ocr_par' dir='ltr' id='par_1_51' title="bbox 2102 2654 3108 2725">
     <span class='ocr_line' id='line_1_51' title="bbox 2102 2654 3108 2725; baseline -0.003 -15"><span class='ocrx_word' id='word_1_338' title='bbox 2102 2655 2393 2710; x_wconf 72' lang='lat' dir='ltr'>zmlestem</span> <span class='ocrx_word' id='word_1_339' title='bbox 2415 2654 2562 2710; x_wconf 90' lang='lat' dir='ltr'>adiit</span> <span class='ocrx_word' id='word_1_340' title='bbox 2589 2654 3108 2725; x_wconf 91' lang='lat' dir='ltr'>tranquillitatem.</span> 
     </span>
    </p>
   </div>
   <div class='ocr_carea' id='block_1_52' title="bbox 340 2738 3748 2820">
    <p class='ocr_par' dir='ltr' id='par_1_52' title="bbox 340 2738 3748 2820">
     <span class='ocr_line' id='line_1_52' title="bbox 340 2738 3748 2820; baseline -0 -23"><span class='ocrx_word' id='word_1_341' title='bbox 340 2741 563 2813; x_wconf 82' lang='grc' dir='ltr'>εξῆλθεν</span> <span class='ocrx_word' id='word_1_342' title='bbox 629 2743 658 2798; x_wconf 85' lang='grc' dir='ltr'>ὁ</span> <span class='ocrx_word' id='word_1_343' title='bbox 719 2744 1004 2818; x_wconf 84' lang='grc' dir='ltr'>ἄνθρωπος</span> <span class='ocrx_word' id='word_1_344' title='bbox 1060 2747 1157 2798; x_wconf 90' lang='grc' dir='ltr'>τοῦ</span> <span class='ocrx_word' id='word_1_345' title='bbox 1241 2747 1375 2798; x_wconf 88' lang='grc' dir='ltr'>Θεοῦ</span> <span class='ocrx_word' id='word_1_346' title='bbox 1441 2743 1764 2818; x_wconf 80' lang='grc' dir='ltr'>στεφανίτης</span> <span class='ocrx_word' id='word_1_347' title='bbox 1844 2743 1936 2798; x_wconf 81' lang='grc' dir='ltr'>καὶ</span> <span class='ocrx_word' id='word_1_348' title='bbox 2021 2743 2340 2820; x_wconf 76' lang='grc' dir='ltr'>νικηφόρος,</span> <span class='ocrx_word' id='word_1_349' title='bbox 2419 2742 2509 2797; x_wconf 81' lang='grc' dir='ltr'>καὶ</span> <span class='ocrx_word' id='word_1_350' title='bbox 2567 2741 2706 2818; x_wconf 89' lang='grc' dir='ltr'>πρὸς</span> <span class='ocrx_word' id='word_1_351' title='bbox 2759 2742 2859 2810; x_wconf 74' lang='grc' dir='ltr'>τὴν</span> <span class='ocrx_word' id='word_1_352' title='bbox 2920 2738 3029 2795; x_wconf 77' lang='grc' dir='ltr'>ἅνω</span> <span class='ocrx_word' id='word_1_353' title='bbox 3105 2742 3355 2816; x_wconf 76' lang='grc' dir='ltr'>γαλήνην</span> <span class='ocrx_word' id='word_1_354' title='bbox 3421 2741 3748 2816; x_wconf 87' lang='grc' dir='ltr'>μετεχώρη-</span> 
     </span>
    </p>
   </div>
   <div class='ocr_carea' id='block_1_53' title="bbox 345 2853 450 2890">
    <p class='ocr_par' dir='ltr' id='par_1_53' title="bbox 345 2853 450 2890">
     <span class='ocr_line' id='line_1_53' title="bbox 345 2853 450 2890; baseline 0.038 -4"><span class='ocrx_word' id='word_1_355' title='bbox 345 2853 450 2890; x_wconf 86' lang='grc' dir='ltr'>σεν.</span> 
     </span>
    </p>
   </div>
   <div class='ocr_carea' id='block_1_54' title="bbox 394 2918 1982 3001">
    <p class='ocr_par' dir='ltr' id='par_1_54' title="bbox 394 2918 1982 3001">
     <span class='ocr_line' id='line_1_54' title="bbox 394 2918 1982 3001; baseline -0.002 -24"><span class='ocrx_word' id='word_1_356' title='bbox 394 2918 862 3001; x_wconf 84' lang='grc' dir='ltr'>Ὑποστρέφοντος</span> <span class='ocrx_word' id='word_1_357' title='bbox 948 2918 1007 2977; x_wconf 75' lang='grc' dir='ltr'>δὲ</span> <span class='ocrx_word' id='word_1_358' title='bbox 1084 2921 1404 3000; x_wconf 84' lang='grc' dir='ltr'>Ἐπιφανίου</span> <span class='ocrx_word' id='word_1_359' title='bbox 1491 2919 1543 2976; x_wconf 78' lang='grc' dir='ltr'>ἐν</span> <span class='ocrx_word' id='word_1_360' title='bbox 1605 2921 1835 2994; x_wconf 82' lang='grc' dir='ltr'>Κύπρῳ,</span> <span class='ocrx_word' id='word_1_361' title='bbox 1891 2922 1982 2976; x_wconf 87' lang='grc' dir='ltr'>καὶ</span> 
     </span>
    </p>
   </div>
   <div class='ocr_carea' id='block_1_55' title="bbox 327 3008 1985 3085">
    <p class='ocr_par' dir='ltr' id='par_1_55' title="bbox 327 3008 1985 3085">
     <span class='ocr_line' id='line_1_55' title="bbox 327 3008 1985 3085; baseline -0.002 -18"><span class='ocrx_word' id='word_1_362' title='bbox 327 3012 429 3080; x_wconf 81' lang='grc' dir='ltr'>τήν</span> <span class='ocrx_word' id='word_1_363' title='bbox 461 3011 654 3067; x_wconf 81' lang='grc' dir='ltr'>ἐαυτοῦ</span> <span class='ocrx_word' id='word_1_364' title='bbox 682 3009 945 3080; x_wconf 76' lang='grc' dir='ltr'>τελευτὴν</span> <span class='ocrx_word' id='word_1_365' title='bbox 992 3010 1140 3085; x_wconf 79' lang='grc' dir='ltr'>παρὰ</span> <span class='ocrx_word' id='word_1_366' title='bbox 1195 3014 1329 3065; x_wconf 88' lang='grc' dir='ltr'>Θεοῦ</span> <span class='ocrx_word' id='word_1_367' title='bbox 1393 3009 1779 3084; x_wconf 84' lang='grc' dir='ltr'>μεμαθηκότος</span> <span class='ocrx_word' id='word_1_368' title='bbox 1837 3008 1985 3081; x_wconf 89' lang='grc' dir='ltr'>πλη-</span> 
     </span>
    </p>
   </div>
   <div class='ocr_carea' id='block_1_56' title="bbox 330 3098 1985 3179">
    <p class='ocr_par' dir='ltr' id='par_1_56' title="bbox 330 3098 1985 3179">
     <span class='ocr_line' id='line_1_56' title="bbox 330 3098 1985 3179; baseline -0.001 -24"><span class='ocrx_word' id='word_1_369' title='bbox 330 3102 639 3171; x_wconf 80' lang='grc' dir='ltr'>σιάζουσαν,</span> <span class='ocrx_word' id='word_1_370' title='bbox 686 3099 906 3179; x_wconf 72' lang='grc' dir='ltr'>λέγεται</span> <span class='ocrx_word' id='word_1_371' title='bbox 967 3099 1243 3173; x_wconf 68' lang='grc' dir='ltr'>εἶρηκὲναι</span> <span class='ocrx_word' id='word_1_372' title='bbox 1297 3106 1416 3162; x_wconf 89' lang='grc' dir='ltr'>τοῖς</span> <span class='ocrx_word' id='word_1_373' title='bbox 1476 3100 1639 3155; x_wconf 78' lang='grc' dir='ltr'>αὐτὸν</span> <span class='ocrx_word' id='word_1_374' title='bbox 1694 3098 1985 3176; x_wconf 69' lang='grc' dir='ltr'>παραπέμ-</span> 
     </span>
    </p>
   </div>
   <div class='ocr_carea' id='block_1_57' title="bbox 334 3186 1986 3267">
    <p class='ocr_par' dir='ltr' id='par_1_57' title="bbox 334 3186 1986 3267">
     <span class='ocr_line' id='line_1_57' title="bbox 334 3186 1986 3267; baseline 0.002 -23"><span class='ocrx_word' id='word_1_375' title='bbox 334 3210 513 3244; x_wconf 85' lang='grc' dir='ltr'>πουσι·</span> <span class='ocrx_word' id='word_1_376' title='bbox 564 3187 788 3245; x_wconf 85' lang='grc' dir='ltr'>Σπεύδω</span> <span class='ocrx_word' id='word_1_377' title='bbox 838 3187 971 3267; x_wconf 80' lang='grc' dir='ltr'>ἐγὼ,</span> <span class='ocrx_word' id='word_1_378' title='bbox 1042 3186 1278 3259; x_wconf 79' lang='grc' dir='ltr'>σπεύδω,</span> <span class='ocrx_word' id='word_1_379' title='bbox 1340 3189 1543 3267; x_wconf 86' lang='grc' dir='ltr'>ἀφίημι</span> <span class='ocrx_word' id='word_1_380' title='bbox 1605 3187 1662 3244; x_wconf 73' lang='grc' dir='ltr'>δὲ</span> <span class='ocrx_word' id='word_1_381' title='bbox 1718 3192 1801 3263; x_wconf 84' lang='grc' dir='ltr'>[Ρ.</span> <span class='ocrx_word' id='word_1_382' title='bbox 1862 3192 1986 3264; x_wconf 88' lang='grc'>333]</span> 
     </span>
    </p>
   </div>
   <div class='ocr_carea' id='block_1_58' title="bbox 338 3275 1987 3353">
    <p class='ocr_par' dir='ltr' id='par_1_58' title="bbox 338 3275 1987 3353">
     <span class='ocr_line' id='line_1_58' title="bbox 338 3275 1987 3353; baseline 0.001 -22"><span class='ocrx_word' id='word_1_383' title='bbox 338 3276 470 3349; x_wconf 87' lang='grc' dir='ltr'>ὑμῖν</span> <span class='ocrx_word' id='word_1_384' title='bbox 498 3279 563 3332; x_wconf 80' lang='grc' dir='ltr'>τὰ</span> <span class='ocrx_word' id='word_1_385' title='bbox 601 3275 871 3352; x_wconf 87' lang='grc' dir='ltr'>βασίλεια,</span> <span class='ocrx_word' id='word_1_386' title='bbox 903 3278 1002 3345; x_wconf 82' lang='grc' dir='ltr'>τήν</span> <span class='ocrx_word' id='word_1_387' title='bbox 1032 3275 1196 3333; x_wconf 91' lang='grc' dir='ltr'>πόλιν</span> <span class='ocrx_word' id='word_1_388' title='bbox 1240 3277 1331 3332; x_wconf 83' lang='grc' dir='ltr'>καὶ</span> <span class='ocrx_word' id='word_1_389' title='bbox 1386 3279 1486 3346; x_wconf 75' lang='grc' dir='ltr'>τὴν</span> <span class='ocrx_word' id='word_1_390' title='bbox 1559 3277 1864 3353; x_wconf 87' lang='grc' dir='ltr'>ὑπόκρισιν.</span> <span class='ocrx_word' id='word_1_391' title='bbox 1892 3279 1987 3341; x_wconf 84' lang='grc' dir='ltr'>Ὃς</span> 
     </span>
    </p>
   </div>
   <div class='ocr_carea' id='block_1_59' title="bbox 2171 2922 3768 2994">
    <p class='ocr_par' dir='ltr' id='par_1_59' title="bbox 2171 2922 3768 2994">
     <span class='ocr_line' id='line_1_59' title="bbox 2171 2922 3768 2994; baseline 0.001 -18"><span class='ocrx_word' id='word_1_392' title='bbox 2171 2922 2537 2994; x_wconf 89' lang='lat' dir='ltr'>Epiphanius</span> <span class='ocrx_word' id='word_1_393' title='bbox 2567 2922 2631 2977; x_wconf 92' lang='lat' dir='ltr'>in</span> <span class='ocrx_word' id='word_1_394' title='bbox 2665 2923 2921 2994; x_wconf 83' lang='lat' dir='ltr'>Cyprum</span> <span class='ocrx_word' id='word_1_395' title='bbox 2955 2940 3395 2992; x_wconf 90' lang='lat' dir='ltr'>reversus,cum</span> <span class='ocrx_word' id='word_1_396' title='bbox 3418 2939 3453 2978; x_wconf 88' lang='lat' dir='ltr'>a</span> <span class='ocrx_word' id='word_1_397' title='bbox 3471 2923 3589 2979; x_wconf 90' lang='lat' dir='ltr'>Deo</span> <span class='ocrx_word' id='word_1_398' title='bbox 3607 2928 3768 2978; x_wconf 89' lang='lat' dir='ltr'>esset</span> 
     </span>
    </p>
   </div>
   <div class='ocr_carea' id='block_1_60' title="bbox 2097 3010 3758 3083">
    <p class='ocr_par' dir='ltr' id='par_1_60' title="bbox 2097 3010 3758 3083">
     <span class='ocr_line' id='line_1_60' title="bbox 2097 3010 3758 3083; baseline 0.001 -17"><span class='ocrx_word' id='word_1_399' title='bbox 2097 3010 2363 3066; x_wconf 86' lang='lat' dir='ltr'>monitus</span> <span class='ocrx_word' id='word_1_400' title='bbox 2391 3011 2505 3066; x_wconf 88' lang='lat' dir='ltr'>sibi</span> <span class='ocrx_word' id='word_1_401' title='bbox 2537 3011 2716 3066; x_wconf 89' lang='lat' dir='ltr'>ﬁnem</span> <span class='ocrx_word' id='word_1_402' title='bbox 2732 3012 2862 3066; x_wconf 65' lang='lat' dir='ltr'>vita;</span> <span class='ocrx_word' id='word_1_403' title='bbox 2882 3012 3321 3076; x_wconf 86' lang='lat' dir='ltr'>instare,fertur</span> <span class='ocrx_word' id='word_1_404' title='bbox 3350 3013 3424 3066; x_wconf 91' lang='lat' dir='ltr'>iis</span> <span class='ocrx_word' id='word_1_405' title='bbox 3448 3012 3758 3083; x_wconf 88' lang='lat' dir='ltr'>quiipsum</span> 
     </span>
    </p>
   </div>
   <div class='ocr_carea' id='block_1_61' title="bbox 2098 3101 3759 3175">
    <p class='ocr_par' dir='ltr' id='par_1_61' title="bbox 2098 3101 3759 3175">
     <span class='ocr_line' id='line_1_61' title="bbox 2098 3101 3759 3175; baseline 0.001 -19"><span class='ocrx_word' id='word_1_406' title='bbox 2098 3101 2363 3156; x_wconf 89' lang='lat' dir='ltr'>comitati</span> <span class='ocrx_word' id='word_1_407' title='bbox 2394 3101 2634 3157; x_wconf 89' lang='lat' dir='ltr'>fuerant</span> <span class='ocrx_word' id='word_1_408' title='bbox 2664 3101 2885 3157; x_wconf 82' lang='lat' dir='ltr'>dixisse</span> <span class='ocrx_word' id='word_1_409' title='bbox 2912 3120 2924 3157; x_wconf 92' lang='lat'>:</span> <span class='ocrx_word' id='word_1_410' title='bbox 2959 3103 3196 3158; x_wconf 88' lang='lat' dir='ltr'>Festino</span> <span class='ocrx_word' id='word_1_411' title='bbox 3229 3120 3357 3175; x_wconf 87' lang='lat' dir='ltr'>ego,</span> <span class='ocrx_word' id='word_1_412' title='bbox 3380 3101 3618 3158; x_wconf 85' lang='lat' dir='ltr'>festino.</span> <span class='ocrx_word' id='word_1_413' title='bbox 3650 3104 3759 3158; x_wconf 83' lang='lat' dir='ltr'>Re-</span> 
     </span>
    </p>
   </div>
   <div class='ocr_carea' id='block_1_62' title="bbox 2098 3189 3759 3262">
    <p class='ocr_par' dir='ltr' id='par_1_62' title="bbox 2098 3189 3759 3262">
     <span class='ocr_line' id='line_1_62' title="bbox 2098 3189 3759 3262; baseline 0.001 -17"><span class='ocrx_word' id='word_1_414' title='bbox 2098 3189 2309 3261; x_wconf 92' lang='lat' dir='ltr'>linquo</span> <span class='ocrx_word' id='word_1_415' title='bbox 2331 3193 2531 3245; x_wconf 86' lang='lat' dir='ltr'>autem</span> <span class='ocrx_word' id='word_1_416' title='bbox 2561 3190 2725 3245; x_wconf 92' lang='lat' dir='ltr'>vobis</span> <span class='ocrx_word' id='word_1_417' title='bbox 2756 3191 3075 3262; x_wconf 89' lang='lat' dir='ltr'>imperium</span> <span class='ocrx_word' id='word_1_418' title='bbox 3108 3197 3166 3246; x_wconf 89' lang='lat' dir='ltr'>et</span> <span class='ocrx_word' id='word_1_419' title='bbox 3194 3191 3403 3247; x_wconf 89' lang='lat' dir='ltr'>urbem</span> <span class='ocrx_word' id='word_1_420' title='bbox 3442 3196 3501 3245; x_wconf 89' lang='lat' dir='ltr'>et</span> <span class='ocrx_word' id='word_1_421' title='bbox 3541 3191 3759 3246; x_wconf 63' lang='lat' dir='ltr'>fabulas</span> 
     </span>
    </p>
   </div>
   <div class='ocr_carea' id='block_1_63' title="bbox 2100 3278 3767 3336">
    <p class='ocr_par' dir='ltr' id='par_1_63' title="bbox 2100 3278 3767 3336">
     <span class='ocr_line' id='line_1_63' title="bbox 2100 3278 3767 3336; baseline 0.001 -3"><span class='ocrx_word' id='word_1_422' title='bbox 2100 3280 2423 3336; x_wconf 88' lang='lat' dir='ltr'>actionem.</span> <span class='ocrx_word' id='word_1_423' title='bbox 2446 3279 2635 3334; x_wconf 91' lang='lat' dir='ltr'>Simul</span> <span class='ocrx_word' id='word_1_424' title='bbox 2666 3280 2844 3335; x_wconf 89' lang='lat' dir='ltr'>etiam</span> <span class='ocrx_word' id='word_1_425' title='bbox 2876 3281 2949 3335; x_wconf 88' lang='lat' dir='ltr'>iis</span> <span class='ocrx_word' id='word_1_426' title='bbox 2978 3280 3225 3336; x_wconf 89' lang='lat' dir='ltr'>Joannis</span> <span class='ocrx_word' id='word_1_427' title='bbox 3256 3280 3319 3335; x_wconf 91' lang='lat' dir='ltr'>in</span> <span class='ocrx_word' id='word_1_428' title='bbox 3353 3278 3566 3334; x_wconf 84' lang='lat' dir='ltr'>exsilio</span> <span class='ocrx_word' id='word_1_429' title='bbox 3589 3279 3767 3335; x_wconf 88' lang='lat' dir='ltr'>victo-</span> 
     </span>
    </p>
   </div>
   <div class='ocr_carea' id='block_1_64' title="bbox 330 3358 1986 3441">
    <p class='ocr_par' dir='ltr' id='par_1_64' title="bbox 330 3364 1986 3440">
     <span class='ocr_line' id='line_1_64' title="bbox 330 3364 1986 3440; baseline 0.002 -20"><span class='ocrx_word' id='word_1_430' title='bbox 330 3386 392 3440; x_wconf 87' lang='grc' dir='ltr'>γε</span> <span class='ocrx_word' id='word_1_431' title='bbox 420 3366 508 3421; x_wconf 76' lang='grc' dir='ltr'>καί</span> <span class='ocrx_word' id='word_1_432' title='bbox 564 3366 818 3424; x_wconf 82' lang='grc' dir='ltr'>Ἰωάννου</span> <span class='ocrx_word' id='word_1_433' title='bbox 873 3367 975 3435; x_wconf 77' lang='grc' dir='ltr'>τὴν</span> <span class='ocrx_word' id='word_1_434' title='bbox 1031 3364 1085 3421; x_wconf 83' lang='grc' dir='ltr'>ἐν</span> <span class='ocrx_word' id='word_1_435' title='bbox 1143 3364 1323 3440; x_wconf 82' lang='grc' dir='ltr'>ἒξορίᾳ</span> <span class='ocrx_word' id='word_1_436' title='bbox 1378 3364 1640 3436; x_wconf 70' lang='grc' dir='ltr'>τελευτὴν</span> <span class='ocrx_word' id='word_1_437' title='bbox 1700 3367 1790 3422; x_wconf 83' lang='grc' dir='ltr'>καὶ</span> <span class='ocrx_word' id='word_1_438' title='bbox 1838 3367 1986 3439; x_wconf 67' lang='grc' dir='ltr'>νίκην</span> 
     </span>
    </p>
   </div>
   <div class='ocr_carea' id='block_1_65' title="bbox 2102 3358 3766 3441">
    <p class='ocr_par' dir='ltr' id='par_1_65' title="bbox 2102 3368 3766 3441">
     <span class='ocr_line' id='line_1_65' title="bbox 2102 3368 3766 3441; baseline 0.001 -18"><span class='ocrx_word' id='word_1_439' title='bbox 2102 3368 2321 3424; x_wconf 89' lang='lat' dir='ltr'>riosam</span> <span class='ocrx_word' id='word_1_440' title='bbox 2370 3376 2626 3424; x_wconf 88' lang='lat' dir='ltr'>mortem</span> <span class='ocrx_word' id='word_1_441' title='bbox 2680 3370 3002 3441; x_wconf 89' lang='lat' dir='ltr'>exposuit;</span> <span class='ocrx_word' id='word_1_442' title='bbox 3058 3376 3116 3426; x_wconf 90' lang='lat' dir='ltr'>et</span> <span class='ocrx_word' id='word_1_443' title='bbox 3179 3369 3456 3424; x_wconf 90' lang='lat' dir='ltr'>similiter</span> <span class='ocrx_word' id='word_1_444' title='bbox 3510 3372 3766 3425; x_wconf 86' lang='lat' dir='ltr'>Joannes</span> 
     </span>
    </p>
   </div>
   <div class='ocr_carea' id='block_1_66' title="bbox 328 3451 1986 3532">
    <p class='ocr_par' dir='ltr' id='par_1_66' title="bbox 328 3451 1986 3532">
     <span class='ocr_line' id='line_1_66' title="bbox 328 3451 1986 3532; baseline 0.001 -21"><span class='ocrx_word' id='word_1_445' title='bbox 328 3451 623 3526; x_wconf 74' lang='grc' dir='ltr'>ἐδήλωσεν,</span> <span class='ocrx_word' id='word_1_446' title='bbox 670 3455 764 3511; x_wconf 78' lang='grc' dir='ltr'>καὶ</span> <span class='ocrx_word' id='word_1_447' title='bbox 822 3456 1079 3525; x_wconf 80' lang='grc' dir='ltr'>Ἰωάννης</span> <span class='ocrx_word' id='word_1_448' title='bbox 1147 3457 1357 3530; x_wconf 88' lang='grc' dir='ltr'>ὁμοίως</span> <span class='ocrx_word' id='word_1_449' title='bbox 1413 3457 1719 3532; x_wconf 83' lang='grc' dir='ltr'>Ἐπιφανίῳ</span> <span class='ocrx_word' id='word_1_450' title='bbox 1774 3459 1873 3528; x_wconf 79' lang='grc' dir='ltr'>τήν</span> <span class='ocrx_word' id='word_1_451' title='bbox 1934 3458 1986 3513; x_wconf 80' lang='grc' dir='ltr'>ἐν</span> 
     </span>
    </p>
   </div>
   <div class='ocr_carea' id='block_1_67' title="bbox 326 3542 1983 3623">
    <p class='ocr_par' dir='ltr' id='par_1_67' title="bbox 326 3542 1983 3623">
     <span class='ocr_line' id='line_1_67' title="bbox 326 3542 1983 3623; baseline 0.002 -23"><span class='ocrx_word' id='word_1_452' title='bbox 326 3549 403 3618; x_wconf 83' lang='grc' dir='ltr'>τῷ</span> <span class='ocrx_word' id='word_1_453' title='bbox 432 3544 618 3618; x_wconf 85' lang='grc' dir='ltr'>πλοίῳ</span> <span class='ocrx_word' id='word_1_454' title='bbox 644 3544 928 3619; x_wconf 88' lang='grc' dir='ltr'>κοίμησιν,</span> <span class='ocrx_word' id='word_1_455' title='bbox 970 3542 1031 3601; x_wconf 75' lang='grc' dir='ltr'>ἐκ</span> <span class='ocrx_word' id='word_1_456' title='bbox 1085 3546 1232 3610; x_wconf 81' lang='grc' dir='ltr'>θείας</span> <span class='ocrx_word' id='word_1_457' title='bbox 1287 3545 1571 3610; x_wconf 82' lang='grc' dir='ltr'>ἐπιπνοίας</span> <span class='ocrx_word' id='word_1_458' title='bbox 1620 3550 1790 3603; x_wconf 88' lang='grc' dir='ltr'>ταῦτα</span> <span class='ocrx_word' id='word_1_459' title='bbox 1845 3569 1983 3623; x_wconf 86' lang='grc' dir='ltr'>προ-</span> 
     </span>
    </p>
   </div>
   <div class='ocr_carea' id='block_1_68' title="bbox 331 3629 1987 3713">
    <p class='ocr_par' dir='ltr' id='par_1_68' title="bbox 331 3629 1987 3713">
     <span class='ocr_line' id='line_1_68' title="bbox 331 3629 1987 3713; baseline 0.003 -25"><span class='ocrx_word' id='word_1_460' title='bbox 331 3633 628 3708; x_wconf 83' lang='grc' dir='ltr'>μυηθέντες</span> <span class='ocrx_word' id='word_1_461' title='bbox 660 3636 714 3688; x_wconf 71' lang='grc' dir='ltr'>οἳ</span> <span class='ocrx_word' id='word_1_462' title='bbox 739 3634 1019 3707; x_wconf 80' lang='grc' dir='ltr'>μακάριοι,</span> <span class='ocrx_word' id='word_1_463' title='bbox 1049 3634 1139 3690; x_wconf 83' lang='grc' dir='ltr'>ἳνα</span> <span class='ocrx_word' id='word_1_464' title='bbox 1169 3638 1243 3707; x_wconf 83' lang='grc' dir='ltr'>μή</span> <span class='ocrx_word' id='word_1_465' title='bbox 1267 3657 1351 3698; x_wconf 91' lang='grc' dir='ltr'>τις</span> <span class='ocrx_word' id='word_1_466' title='bbox 1382 3629 1581 3713; x_wconf 73' lang='grc' dir='ltr'>ἔχθραν</span> <span class='ocrx_word' id='word_1_467' title='bbox 1613 3631 1759 3712; x_wconf 80' lang='grc' dir='ltr'>ἔχειν</span> <span class='ocrx_word' id='word_1_468' title='bbox 1791 3637 1987 3702; x_wconf 77' lang='grc' dir='ltr'>αὐτοὺς</span> 
     </span>
    </p>
   </div>
   <div class='ocr_carea' id='block_1_69' title="bbox 323 3719 1983 3799">
    <p class='ocr_par' dir='ltr' id='par_1_69' title="bbox 323 3719 1983 3799">
     <span class='ocr_line' id='line_1_69' title="bbox 323 3719 1983 3799; baseline 0.003 -23"><span class='ocrx_word' id='word_1_469' title='bbox 323 3722 443 3777; x_wconf 82' lang='grc' dir='ltr'>κατ’</span> <span class='ocrx_word' id='word_1_470' title='bbox 474 3719 744 3792; x_wconf 74' lang='grc' dir='ltr'>ἀλλήλων</span> <span class='ocrx_word' id='word_1_471' title='bbox 768 3722 1174 3782; x_wconf 75' lang='grc' dir='ltr'>ὒποτοπάσειεν.</span> <span class='ocrx_word' id='word_1_472' title='bbox 1200 3723 1272 3778; x_wconf 86' lang='grc' dir='ltr'>Ού</span> <span class='ocrx_word' id='word_1_473' title='bbox 1293 3724 1400 3799; x_wconf 83' lang='grc' dir='ltr'>γὰρ</span> <span class='ocrx_word' id='word_1_474' title='bbox 1429 3722 1489 3778; x_wconf 76' lang='grc' dir='ltr'>ἄν</span> <span class='ocrx_word' id='word_1_475' title='bbox 1513 3726 1564 3779; x_wconf 77' lang='grc' dir='ltr'>οἱ</span> <span class='ocrx_word' id='word_1_476' title='bbox 1596 3730 1837 3781; x_wconf 80' lang='grc' dir='ltr'>τοιοῦτοι</span> <span class='ocrx_word' id='word_1_477' title='bbox 1859 3730 1983 3797; x_wconf 89' lang='grc' dir='ltr'>θεη-</span> 
     </span>
    </p>
   </div>
   <div class='ocr_carea' id='block_1_70' title="bbox 322 3809 1983 3890">
    <p class='ocr_par' dir='ltr' id='par_1_70' title="bbox 322 3809 1983 3890">
     <span class='ocr_line' id='line_1_70' title="bbox 322 3809 1983 3890; baseline 0.002 -23"><span class='ocrx_word' id='word_1_478' title='bbox 322 3813 483 3889; x_wconf 80' lang='grc' dir='ltr'>γόροι</span> <span class='ocrx_word' id='word_1_479' title='bbox 514 3811 606 3866; x_wconf 84' lang='grc' dir='ltr'>καὶ</span> <span class='ocrx_word' id='word_1_480' title='bbox 637 3812 910 3890; x_wconf 77' lang='grc' dir='ltr'>θεοφιλεῖς</span> <span class='ocrx_word' id='word_1_481' title='bbox 940 3810 1221 3889; x_wconf 77' lang='grc' dir='ltr'>ἅνθρωποι</span> <span class='ocrx_word' id='word_1_482' title='bbox 1253 3813 1344 3867; x_wconf 83' lang='grc' dir='ltr'>καὶ</span> <span class='ocrx_word' id='word_1_483' title='bbox 1376 3809 1698 3869; x_wconf 86' lang='grc' dir='ltr'>διδάσκαλοι</span> <span class='ocrx_word' id='word_1_484' title='bbox 1756 3814 1845 3870; x_wconf 82' lang='grc' dir='ltr'>καὶ</span> <span class='ocrx_word' id='word_1_485' title='bbox 1886 3820 1983 3871; x_wconf 86' lang='grc' dir='ltr'>τοῦ</span> 
     </span>
    </p>
   </div>
   <div class='ocr_carea' id='block_1_71' title="bbox 320 3897 1981 3979">
    <p class='ocr_par' dir='ltr' id='par_1_71' title="bbox 320 3897 1981 3979">
     <span class='ocr_line' id='line_1_71' title="bbox 320 3897 1981 3979; baseline 0.001 -24"><span class='ocrx_word' id='word_1_486' title='bbox 320 3897 682 3975; x_wconf 83' lang='grc' dir='ltr'>εἶρηνοποιοῦ</span> <span class='ocrx_word' id='word_1_487' title='bbox 714 3903 950 3974; x_wconf 82' lang='grc' dir='ltr'>Χριστοῦ</span> <span class='ocrx_word' id='word_1_488' title='bbox 994 3901 1233 3973; x_wconf 77' lang='grc' dir='ltr'>μαθηταὶ</span> <span class='ocrx_word' id='word_1_489' title='bbox 1289 3902 1523 3975; x_wconf 72' lang='grc' dir='ltr'>γνήσιοι,</span> <span class='ocrx_word' id='word_1_490' title='bbox 1584 3900 1681 3956; x_wconf 83' lang='grc' dir='ltr'>τοῦ</span> <span class='ocrx_word' id='word_1_491' title='bbox 1738 3903 1981 3979; x_wconf 85' lang='grc' dir='ltr'>φάσκον-</span> 
     </span>
    </p>
   </div>
   <div class='ocr_carea' id='block_1_72' title="bbox 324 3987 1980 4066">
    <p class='ocr_par' dir='ltr' id='par_1_72' title="bbox 324 3987 1980 4066">
     <span class='ocr_line' id='line_1_72' title="bbox 324 3987 1980 4066; baseline 0.001 -22"><span class='ocrx_word' id='word_1_492' title='bbox 324 4005 444 4052; x_wconf 90' lang='grc' dir='ltr'>τος·</span> <span class='ocrx_word' id='word_1_493' title='bbox 479 3989 570 4046; x_wconf 88' lang='grc' dir='ltr'>Ἐν</span> <span class='ocrx_word' id='word_1_494' title='bbox 600 3987 780 4061; x_wconf 88' lang='grc' dir='ltr'>τούτῳ</span> <span class='ocrx_word' id='word_1_495' title='bbox 833 3989 1131 4065; x_wconf 80' lang='grc' dir='ltr'>γνώσονται</span> <span class='ocrx_word' id='word_1_496' title='bbox 1188 3989 1383 4052; x_wconf 88' lang='grc' dir='ltr'>πάντες</span> <span class='ocrx_word' id='word_1_497' title='bbox 1448 3990 1533 4046; x_wconf 84' lang='grc' dir='ltr'>δτι</span> <span class='ocrx_word' id='word_1_498' title='bbox 1596 3993 1830 4063; x_wconf 88' lang='grc' dir='ltr'>μαθηταί</span> <span class='ocrx_word' id='word_1_499' title='bbox 1877 3992 1980 4066; x_wconf 79' lang='grc' dir='ltr'>μού</span> 
     </span>
    </p>
   </div>
   <div class='ocr_carea' id='block_1_73' title="bbox 329 4073 1981 4156">
    <p class='ocr_par' dir='ltr' id='par_1_73' title="bbox 329 4073 1981 4156">
     <span class='ocr_line' id='line_1_73' title="bbox 329 4073 1981 4156; baseline 0.002 -23"><span class='ocrx_word' id='word_1_500' title='bbox 329 4077 479 4149; x_wconf 71' lang='grc' dir='ltr'>ἐστε,</span> <span class='ocrx_word' id='word_1_501' title='bbox 513 4077 603 4133; x_wconf 78' lang='grc' dir='ltr'>ἐὰν</span> <span class='ocrx_word' id='word_1_502' title='bbox 642 4077 861 4153; x_wconf 78' lang='grc' dir='ltr'>ἀγάπην</span> <span class='ocrx_word' id='word_1_503' title='bbox 915 4073 1084 4154; x_wconf 85' lang='grc' dir='ltr'>ἔχητε</span> <span class='ocrx_word' id='word_1_504' title='bbox 1145 4080 1262 4152; x_wconf 85' lang='grc' dir='ltr'>μετ’</span> <span class='ocrx_word' id='word_1_505' title='bbox 1291 4077 1581 4150; x_wconf 79' lang='grc' dir='ltr'>ἀλλήλων,</span> <span class='ocrx_word' id='word_1_506' title='bbox 1639 4075 1836 4156; x_wconf 74' lang='grc' dir='ltr'>ἔχθραν</span> <span class='ocrx_word' id='word_1_507' title='bbox 1890 4081 1981 4137; x_wconf 82' lang='grc' dir='ltr'>καὶ</span> 
     </span>
    </p>
   </div>
   <div class='ocr_carea' id='block_1_74' title="bbox 317 4157 1979 4244">
    <p class='ocr_par' dir='ltr' id='par_1_74' title="bbox 317 4157 1979 4244">
     <span class='ocr_line' id='line_1_74' title="bbox 317 4157 1979 4244; baseline 0.001 -24"><span class='ocrx_word' id='word_1_508' title='bbox 317 4162 516 4220; x_wconf 81' lang='grc' dir='ltr'>κακίαν</span> <span class='ocrx_word' id='word_1_509' title='bbox 571 4157 794 4243; x_wconf 78' lang='grc' dir='ltr'>ἔχοντες</span> <span class='ocrx_word' id='word_1_510' title='bbox 864 4163 1239 4236; x_wconf 70' lang='grc' dir='ltr'>ἐτελεύτησαν.</span> <span class='ocrx_word' id='word_1_511' title='bbox 1296 4167 1527 4244; x_wconf 77' lang='grc' dir='ltr'>’Ἄπαγεο</span> <span class='ocrx_word' id='word_1_512' title='bbox 1615 4165 1660 4222; x_wconf 84' lang='grc' dir='ltr'>εί</span> <span class='ocrx_word' id='word_1_513' title='bbox 1736 4167 1837 4243; x_wconf 73' lang='grc' dir='ltr'>γὰρ</span> <span class='ocrx_word' id='word_1_514' title='bbox 1891 4169 1979 4223; x_wconf 78' lang='grc' dir='ltr'>καὶ</span> 
     </span>
    </p>
   </div>
   <div class='ocr_carea' id='block_1_75' title="bbox 323 4251 1980 4331">
    <p class='ocr_par' dir='ltr' id='par_1_75' title="bbox 323 4251 1980 4331">
     <span class='ocr_line' id='line_1_75' title="bbox 323 4251 1980 4331; baseline 0.002 -23"><span class='ocrx_word' id='word_1_515' title='bbox 323 4253 523 4328; x_wconf 79' lang='grc' dir='ltr'>μικρὸν</span> <span class='ocrx_word' id='word_1_516' title='bbox 591 4251 891 4308; x_wconf 83' lang='grc' dir='ltr'>σκάνδαλον</span> <span class='ocrx_word' id='word_1_517' title='bbox 972 4254 1038 4309; x_wconf 81' lang='grc' dir='ltr'>τὸ</span> <span class='ocrx_word' id='word_1_518' title='bbox 1119 4254 1428 4330; x_wconf 73' lang='grc' dir='ltr'>προρῥηθέν</span> <span class='ocrx_word' id='word_1_519' title='bbox 1509 4256 1699 4331; x_wconf 76' lang='grc' dir='ltr'>γέγονε</span> <span class='ocrx_word' id='word_1_520' title='bbox 1760 4256 1980 4330; x_wconf 76' lang='grc' dir='ltr'>μεταξὺ,</span> 
     </span>
    </p>
   </div>
   <div class='ocr_carea' id='block_1_76' title="bbox 317 4340 1982 4424">
    <p class='ocr_par' dir='ltr' id='par_1_76' title="bbox 317 4340 1982 4424">
     <span class='ocr_line' id='line_1_76' title="bbox 317 4340 1982 4424; baseline 0.002 -27"><span class='ocrx_word' id='word_1_521' title='bbox 317 4343 424 4411; x_wconf 78' lang='grc' dir='ltr'>τήν</span> <span class='ocrx_word' id='word_1_522' title='bbox 455 4341 806 4417; x_wconf 82' lang='grc' dir='ltr'>ἀνθρωπίνην</span> <span class='ocrx_word' id='word_1_523' title='bbox 835 4342 1108 4407; x_wconf 85' lang='grc' dir='ltr'>ἀσθένειαν</span> <span class='ocrx_word' id='word_1_524' title='bbox 1144 4340 1373 4424; x_wconf 81' lang='grc' dir='ltr'>ἔλέγχον</span> <span class='ocrx_word' id='word_1_525' title='bbox 1431 4345 1568 4420; x_wconf 75' lang='grc' dir='ltr'>πρὸς</span> <span class='ocrx_word' id='word_1_526' title='bbox 1613 4345 1820 4420; x_wconf 86' lang='grc' dir='ltr'>ὀλίγον,</span> <span class='ocrx_word' id='word_1_527' title='bbox 1853 4345 1982 4401; x_wconf 85' lang='grc' dir='ltr'>ἀλλ’</span> 
     </span>
    </p>
   </div>
   <div class='ocr_carea' id='block_1_77' title="bbox 320 4431 1980 4511">
    <p class='ocr_par' dir='ltr' id='par_1_77' title="bbox 320 4431 1980 4511">
     <span class='ocr_line' id='line_1_77' title="bbox 320 4431 1980 4511; baseline 0.004 -26"><span class='ocrx_word' id='word_1_528' title='bbox 320 4431 414 4487; x_wconf 74' lang='grc' dir='ltr'>οὖν</span> <span class='ocrx_word' id='word_1_529' title='bbox 449 4451 514 4506; x_wconf 89' lang='grc' dir='ltr'>γε</span> <span class='ocrx_word' id='word_1_530' title='bbox 543 4433 735 4486; x_wconf 82' lang='grc' dir='ltr'>θᾶττον</span> <span class='ocrx_word' id='word_1_531' title='bbox 759 4431 836 4493; x_wconf 82' lang='grc' dir='ltr'>είς</span> <span class='ocrx_word' id='word_1_532' title='bbox 864 4433 963 4501; x_wconf 78' lang='grc' dir='ltr'>τήν</span> <span class='ocrx_word' id='word_1_533' title='bbox 988 4434 1236 4508; x_wconf 85' lang='grc' dir='ltr'>κορυφήν</span> <span class='ocrx_word' id='word_1_534' title='bbox 1292 4438 1403 4488; x_wconf 81' lang='grc' dir='ltr'>τῶν</span> <span class='ocrx_word' id='word_1_535' title='bbox 1463 4435 1666 4511; x_wconf 62' lang='grc' dir='ltr'>ἀρετῶν</span> <span class='ocrx_word' id='word_1_536' title='bbox 1722 4437 1980 4511; x_wconf 72' lang='grc' dir='ltr'>ἤχθησαν</span> 
     </span>
    </p>
   </div>
   <div class='ocr_carea' id='block_1_78' title="bbox 314 4520 1975 4598">
    <p class='ocr_par' dir='ltr' id='par_1_78' title="bbox 314 4520 1975 4598">
     <span class='ocr_line' id='line_1_78' title="bbox 314 4520 1975 4598; baseline 0.002 -21"><span class='ocrx_word' id='word_1_537' title='bbox 314 4522 421 4590; x_wconf 80' lang='grc' dir='ltr'>τὴν</span> <span class='ocrx_word' id='word_1_538' title='bbox 453 4520 694 4595; x_wconf 80' lang='grc' dir='ltr'>ἀγάπην,</span> <span class='ocrx_word' id='word_1_539' title='bbox 752 4520 878 4595; x_wconf 88' lang='grc' dir='ltr'>περὶ</span> <span class='ocrx_word' id='word_1_540' title='bbox 940 4521 1010 4590; x_wconf 81' lang='grc' dir='ltr'>ἧς</span> <span class='ocrx_word' id='word_1_541' title='bbox 1066 4520 1217 4598; x_wconf 68' lang='grc' dir='ltr'>λέγει</span> <span class='ocrx_word' id='word_1_542' title='bbox 1283 4526 1499 4586; x_wconf 71' lang='grc' dir='ltr'>Παῦλος</span> <span class='ocrx_word' id='word_1_543' title='bbox 1560 4524 1589 4580; x_wconf 86' lang='grc' dir='ltr'>ὁ</span> <span class='ocrx_word' id='word_1_544' title='bbox 1646 4524 1975 4590; x_wconf 85' lang='grc' dir='ltr'>ἀπόστολος.</span> 
     </span>
    </p>
   </div>
   <div class='ocr_carea' id='block_1_79' title="bbox 313 4609 1978 4689">
    <p class='ocr_par' dir='ltr' id='par_1_79' title="bbox 313 4609 1978 4689">
     <span class='ocr_line' id='line_1_79' title="bbox 313 4609 1978 4689; baseline 0.002 -21"><span class='ocrx_word' id='word_1_545' title='bbox 313 4611 376 4668; x_wconf 76' lang='grc' dir='ltr'>ἸΙ</span> <span class='ocrx_word' id='word_1_546' title='bbox 410 4609 597 4685; x_wconf 84' lang='grc' dir='ltr'>ἀγάπη</span> <span class='ocrx_word' id='word_1_547' title='bbox 638 4615 1002 4685; x_wconf 83' lang='grc' dir='ltr'>μακροθυμεῖ,</span> <span class='ocrx_word' id='word_1_548' title='bbox 1057 4610 1441 4689; x_wconf 81' lang='grc' dir='ltr'>χρηστεύεται,</span> <span class='ocrx_word' id='word_1_549' title='bbox 1481 4612 1545 4667; x_wconf 83' lang='grc' dir='ltr'>οὐ</span> <span class='ocrx_word' id='word_1_550' title='bbox 1598 4615 1978 4688; x_wconf 75' lang='grc' dir='ltr'>παροξύνεται,</span> 
     </span>
    </p>
   </div>
   <div class='ocr_carea' id='block_1_80' title="bbox 2096 3457 3762 3529">
    <p class='ocr_par' dir='ltr' id='par_1_80' title="bbox 2096 3457 3762 3529">
     <span class='ocr_line' id='line_1_80' title="bbox 2096 3457 3762 3529; baseline 0 -16"><span class='ocrx_word' id='word_1_551' title='bbox 2096 3457 2433 3529; x_wconf 87' lang='lat' dir='ltr'>Epiphanio</span> <span class='ocrx_word' id='word_1_552' title='bbox 2466 3459 2527 3513; x_wconf 91' lang='lat' dir='ltr'>in</span> <span class='ocrx_word' id='word_1_553' title='bbox 2582 3458 2714 3513; x_wconf 92' lang='lat' dir='ltr'>navi</span> <span class='ocrx_word' id='word_1_554' title='bbox 2774 3459 2956 3513; x_wconf 85' lang='lat' dir='ltr'>ﬁnem</span> <span class='ocrx_word' id='word_1_555' title='bbox 3006 3459 3140 3514; x_wconf 71' lang='lat' dir='ltr'>vitm</span> <span class='ocrx_word' id='word_1_556' title='bbox 3197 3458 3496 3528; x_wconf 88' lang='lat' dir='ltr'>indicavit,</span> <span class='ocrx_word' id='word_1_557' title='bbox 3566 3458 3762 3513; x_wconf 91' lang='lat' dir='ltr'>divino</span> 
     </span>
    </p>
   </div>
   <div class='ocr_carea' id='block_1_81' title="bbox 2097 3546 3758 3619">
    <p class='ocr_par' dir='ltr' id='par_1_81' title="bbox 2097 3546 3758 3619">
     <span class='ocr_line' id='line_1_81' title="bbox 2097 3546 3758 3619; baseline -0.001 -17"><span class='ocrx_word' id='word_1_558' title='bbox 2097 3547 2303 3603; x_wconf 82' lang='lat' dir='ltr'>afflatu</span> <span class='ocrx_word' id='word_1_559' title='bbox 2334 3547 2490 3602; x_wconf 89' lang='lat' dir='ltr'>beati</span> <span class='ocrx_word' id='word_1_560' title='bbox 2525 3546 2597 3602; x_wconf 88' lang='lat' dir='ltr'>de</span> <span class='ocrx_word' id='word_1_561' title='bbox 2629 3548 2702 3602; x_wconf 90' lang='lat' dir='ltr'>iis</span> <span class='ocrx_word' id='word_1_562' title='bbox 2734 3548 3093 3619; x_wconf 66' lang='lat' dir='ltr'>prmmoniti,</span> <span class='ocrx_word' id='word_1_563' title='bbox 3128 3564 3202 3602; x_wconf 92' lang='lat' dir='ltr'>ne</span> <span class='ocrx_word' id='word_1_564' title='bbox 3230 3547 3363 3619; x_wconf 90' lang='lat' dir='ltr'>quis</span> <span class='ocrx_word' id='word_1_565' title='bbox 3411 3564 3512 3603; x_wconf 91' lang='lat' dir='ltr'>eos</span> <span class='ocrx_word' id='word_1_566' title='bbox 3556 3548 3758 3602; x_wconf 90' lang='lat' dir='ltr'>inimi-</span> 
     </span>
    </p>
   </div>
   <div class='ocr_carea' id='block_1_82' title="bbox 2096 3636 3760 3708">
    <p class='ocr_par' dir='ltr' id='par_1_82' title="bbox 2096 3636 3760 3708">
     <span class='ocr_line' id='line_1_82' title="bbox 2096 3636 3760 3708; baseline 0 -17"><span class='ocrx_word' id='word_1_567' title='bbox 2096 3636 2296 3691; x_wconf 86' lang='lat' dir='ltr'>citiam</span> <span class='ocrx_word' id='word_1_568' title='bbox 2328 3638 2485 3691; x_wconf 88' lang='lat' dir='ltr'>inter</span> <span class='ocrx_word' id='word_1_569' title='bbox 2513 3653 2575 3691; x_wconf 89' lang='lat' dir='ltr'>se</span> <span class='ocrx_word' id='word_1_570' title='bbox 2624 3636 2962 3692; x_wconf 83' lang='lat' dir='ltr'>exercuisse</span> <span class='ocrx_word' id='word_1_571' title='bbox 3015 3641 3272 3708; x_wconf 87' lang='lat' dir='ltr'>putaret.</span> <span class='ocrx_word' id='word_1_572' title='bbox 3301 3636 3470 3691; x_wconf 87' lang='lat' dir='ltr'>Absit</span> <span class='ocrx_word' id='word_1_573' title='bbox 3498 3637 3660 3692; x_wconf 89' lang='lat' dir='ltr'>enim</span> <span class='ocrx_word' id='word_1_574' title='bbox 3692 3641 3760 3691; x_wconf 94' lang='lat' dir='ltr'>ut</span> 
     </span>
    </p>
   </div>
   <div class='ocr_carea' id='block_1_83' title="bbox 2097 3726 3755 3799">
    <p class='ocr_par' dir='ltr' id='par_1_83' title="bbox 2097 3726 3755 3799">
     <span class='ocr_line' id='line_1_83' title="bbox 2097 3726 3755 3799; baseline 0 -19"><span class='ocrx_word' id='word_1_575' title='bbox 2097 3726 2199 3781; x_wconf 87' lang='lat' dir='ltr'>Dei</span> <span class='ocrx_word' id='word_1_576' title='bbox 2230 3742 2538 3797; x_wconf 73' lang='lat' dir='ltr'>praacones</span> <span class='ocrx_word' id='word_1_577' title='bbox 2578 3732 2756 3798; x_wconf 90' lang='lat' dir='ltr'>atque</span> <span class='ocrx_word' id='word_1_578' title='bbox 2788 3726 3048 3782; x_wconf 89' lang='lat' dir='ltr'>cultores</span> <span class='ocrx_word' id='word_1_579' title='bbox 3079 3727 3175 3781; x_wconf 89' lang='lat' dir='ltr'>isti</span> <span class='ocrx_word' id='word_1_580' title='bbox 3207 3732 3384 3798; x_wconf 70' lang='lat' dir='ltr'>atQue</span> <span class='ocrx_word' id='word_1_581' title='bbox 3414 3726 3621 3799; x_wconf 90' lang='lat' dir='ltr'>populi</span> <span class='ocrx_word' id='word_1_582' title='bbox 3651 3726 3755 3780; x_wconf 86' lang='lat' dir='ltr'>do-</span> 
     </span>
    </p>
   </div>
   <div class='ocr_carea' id='block_1_84' title="bbox 2096 3815 3759 3889">
    <p class='ocr_par' dir='ltr' id='par_1_84' title="bbox 2096 3815 3759 3889">
     <span class='ocr_line' id='line_1_84' title="bbox 2096 3815 3759 3889; baseline 0.001 -21"><span class='ocrx_word' id='word_1_583' title='bbox 2096 3816 2673 3887; x_wconf 88' lang='lat' dir='ltr'>ctores,paciﬁcique</span> <span class='ocrx_word' id='word_1_584' title='bbox 2698 3816 3021 3872; x_wconf 90' lang='lat' dir='ltr'>Servatoris</span> <span class='ocrx_word' id='word_1_585' title='bbox 3046 3815 3323 3889; x_wconf 89' lang='lat' dir='ltr'>discipuli</span> <span class='ocrx_word' id='word_1_586' title='bbox 3355 3815 3621 3887; x_wconf 85' lang='lat' dir='ltr'>genuini,</span> <span class='ocrx_word' id='word_1_587' title='bbox 3657 3816 3759 3887; x_wconf 93' lang='lat' dir='ltr'>qui</span> 
     </span>
    </p>
   </div>
   <div class='ocr_carea' id='block_1_85' title="bbox 2096 3902 3761 3977">
    <p class='ocr_par' dir='ltr' id='par_1_85' title="bbox 2096 3902 3761 3977">
     <span class='ocr_line' id='line_1_85' title="bbox 2096 3902 3761 3977; baseline 0.001 -18"><span class='ocrx_word' id='word_1_588' title='bbox 2096 3902 2366 3959; x_wconf 79' lang='lat' dir='ltr'>dixerat:</span> <span class='ocrx_word' id='word_1_589' title='bbox 2402 3904 2521 3958; x_wconf 86' lang='lat' dir='ltr'>Hoc</span> <span class='ocrx_word' id='word_1_590' title='bbox 2551 3904 2771 3959; x_wconf 90' lang='lat' dir='ltr'>indicio</span> <span class='ocrx_word' id='word_1_591' title='bbox 2799 3904 3061 3960; x_wconf 89' lang='lat' dir='ltr'>universi</span> <span class='ocrx_word' id='word_1_592' title='bbox 3121 3905 3460 3977; x_wconf 89' lang='lat' dir='ltr'>intelligent</span> <span class='ocrx_word' id='word_1_593' title='bbox 3505 3922 3608 3959; x_wconf 89' lang='lat' dir='ltr'>vos</span> <span class='ocrx_word' id='word_1_594' title='bbox 3631 3921 3761 3960; x_wconf 84' lang='lat' dir='ltr'>esse</span> 
     </span>
    </p>
   </div>
   <div class='ocr_carea' id='block_1_86' title="bbox 2096 3990 3766 4062">
    <p class='ocr_par' dir='ltr' id='par_1_86' title="bbox 2096 3990 3766 4062">
     <span class='ocr_line' id='line_1_86' title="bbox 2096 3990 3766 4062; baseline 0.002 -17"><span class='ocrx_word' id='word_1_595' title='bbox 2096 4007 2260 4046; x_wconf 92' lang='lat' dir='ltr'>meos</span> <span class='ocrx_word' id='word_1_596' title='bbox 2284 3990 2680 4062; x_wconf 86' lang='lat' dir='ltr'>discipulos,si</span> <span class='ocrx_word' id='word_1_597' title='bbox 2702 3993 2956 4048; x_wconf 87' lang='lat' dir='ltr'>invicem</span> <span class='ocrx_word' id='word_1_598' title='bbox 2979 3993 3311 4049; x_wconf 84' lang='lat' dir='ltr'>dilexeritis</span> <span class='ocrx_word' id='word_1_599' title='bbox 3338 3993 3426 4060; x_wconf 76' lang='grc'>⁴“,</span> <span class='ocrx_word' id='word_1_600' title='bbox 3443 3993 3646 4048; x_wconf 88' lang='lat' dir='ltr'>odium</span> <span class='ocrx_word' id='word_1_601' title='bbox 3660 3999 3766 4049; x_wconf 89' lang='lat' dir='ltr'>aut</span> 
     </span>
    </p>
   </div>
   <div class='ocr_carea' id='block_1_87' title="bbox 2096 4080 3760 4153">
    <p class='ocr_par' dir='ltr' id='par_1_87' title="bbox 2096 4080 3760 4153">
     <span class='ocr_line' id='line_1_87' title="bbox 2096 4080 3760 4153; baseline 0.002 -18"><span class='ocrx_word' id='word_1_602' title='bbox 2096 4080 2580 4136; x_wconf 87' lang='lat' dir='ltr'>malevolentiam</span> <span class='ocrx_word' id='word_1_603' title='bbox 2603 4082 2880 4153; x_wconf 90' lang='lat' dir='ltr'>usquead</span> <span class='ocrx_word' id='word_1_604' title='bbox 2904 4082 3084 4137; x_wconf 90' lang='lat' dir='ltr'>ﬁnem</span> <span class='ocrx_word' id='word_1_605' title='bbox 3116 4084 3246 4138; x_wconf 64' lang='lat' dir='ltr'>vitae</span> <span class='ocrx_word' id='word_1_606' title='bbox 3263 4084 3760 4139; x_wconf 82' lang='lat' dir='ltr'>conservaverint.</span> 
     </span>
    </p>
   </div>
   <div class='ocr_carea' id='block_1_88' title="bbox 2096 4170 3755 4242">
    <p class='ocr_par' dir='ltr' id='par_1_88' title="bbox 2096 4170 3755 4242">
     <span class='ocr_line' id='line_1_88' title="bbox 2096 4170 3755 4242; baseline 0.001 -17"><span class='ocrx_word' id='word_1_607' title='bbox 2096 4172 2240 4225; x_wconf 89' lang='lat' dir='ltr'>Nam</span> <span class='ocrx_word' id='word_1_608' title='bbox 2275 4170 2508 4225; x_wconf 90' lang='lat' dir='ltr'>tametsi</span> <span class='ocrx_word' id='word_1_609' title='bbox 2533 4171 2745 4242; x_wconf 86' lang='lat' dir='ltr'>exigua</span> <span class='ocrx_word' id='word_1_610' title='bbox 2762 4171 3035 4241; x_wconf 64' lang='lat' dir='ltr'>quaedam</span> <span class='ocrx_word' id='word_1_611' title='bbox 3068 4172 3141 4226; x_wconf 90' lang='lat' dir='ltr'>iis</span> <span class='ocrx_word' id='word_1_612' title='bbox 3165 4174 3391 4227; x_wconf 70' lang='lat' dir='ltr'>offensa</span> <span class='ocrx_word' id='word_1_613' title='bbox 3413 4173 3755 4242; x_wconf 88' lang='lat' dir='ltr'>intervenit,</span> 
     </span>
    </p>
   </div>
   <div class='ocr_carea' id='block_1_89' title="bbox 2096 4258 3751 4332">
    <p class='ocr_par' dir='ltr' id='par_1_89' title="bbox 2096 4258 3751 4332">
     <span class='ocr_line' id='line_1_89' title="bbox 2096 4258 3751 4332; baseline 0.002 -19"><span class='ocrx_word' id='word_1_614' title='bbox 2096 4259 2373 4315; x_wconf 70' lang='lat' dir='ltr'>humanm</span> <span class='ocrx_word' id='word_1_615' title='bbox 2405 4258 2834 4315; x_wconf 87' lang='lat' dir='ltr'>imbecillitatis</span> <span class='ocrx_word' id='word_1_616' title='bbox 2852 4265 3498 4332; x_wconf 87' lang='lat' dir='ltr'>argumentum,tamen</span> <span class='ocrx_word' id='word_1_617' title='bbox 3519 4278 3655 4317; x_wconf 85' lang='lat' dir='ltr'>mox</span> <span class='ocrx_word' id='word_1_618' title='bbox 3676 4263 3751 4318; x_wconf 91' lang='lat' dir='ltr'>ad</span> 
     </span>
    </p>
   </div>
   <div class='ocr_carea' id='block_1_90' title="bbox 2095 4349 3750 4421">
    <p class='ocr_par' dir='ltr' id='par_1_90' title="bbox 2095 4349 3750 4421">
     <span class='ocr_line' id='line_1_90' title="bbox 2095 4349 3750 4421; baseline 0.002 -17"><span class='ocrx_word' id='word_1_619' title='bbox 2095 4349 2761 4415; x_wconf 89' lang='lat' dir='ltr'>charitatem,virtutum</span> <span class='ocrx_word' id='word_1_620' title='bbox 2784 4349 3107 4421; x_wconf 89' lang='lat' dir='ltr'>fastigium,</span> <span class='ocrx_word' id='word_1_621' title='bbox 3131 4365 3259 4405; x_wconf 89' lang='lat' dir='ltr'>sese</span> <span class='ocrx_word' id='word_1_622' title='bbox 3288 4350 3644 4420; x_wconf 89' lang='lat' dir='ltr'>retulerunt,</span> <span class='ocrx_word' id='word_1_623' title='bbox 3677 4352 3750 4407; x_wconf 93' lang='lat' dir='ltr'>de</span> 
     </span>
    </p>
   </div>
   <div class='ocr_carea' id='block_1_91' title="bbox 2097 4439 3746 4511">
    <p class='ocr_par' dir='ltr' id='par_1_91' title="bbox 2097 4439 3746 4511">
     <span class='ocr_line' id='line_1_91' title="bbox 2097 4439 3746 4511; baseline 0.002 -16"><span class='ocrx_word' id='word_1_624' title='bbox 2097 4456 2215 4511; x_wconf 91' lang='lat' dir='ltr'>qua</span> <span class='ocrx_word' id='word_1_625' title='bbox 2243 4439 2549 4511; x_wconf 87' lang='lat' dir='ltr'>apostolus</span> <span class='ocrx_word' id='word_1_626' title='bbox 2572 4440 2788 4496; x_wconf 87' lang='lat' dir='ltr'>Paulus</span> <span class='ocrx_word' id='word_1_627' title='bbox 2809 4440 2991 4496; x_wconf 87' lang='lat' dir='ltr'>dicit:</span> <span class='ocrx_word' id='word_1_628' title='bbox 3023 4442 3291 4497; x_wconf 87' lang='lat' dir='ltr'>Charitas</span> <span class='ocrx_word' id='word_1_629' title='bbox 3313 4440 3388 4497; x_wconf 91' lang='lat' dir='ltr'>ad</span> <span class='ocrx_word' id='word_1_630' title='bbox 3412 4442 3564 4498; x_wconf 77' lang='lat'>584</span> <span class='ocrx_word' id='word_1_631' title='bbox 3596 4443 3746 4499; x_wconf 91' lang='lat' dir='ltr'>iram</span> 
     </span>
    </p>
   </div>
   <div class='ocr_carea' id='block_1_92' title="bbox 2096 4528 3757 4605">
    <p class='ocr_par' dir='ltr' id='par_1_92' title="bbox 2096 4528 3757 4605">
     <span class='ocr_line' id='line_1_92' title="bbox 2096 4528 3757 4605; baseline 0.003 -21"><span class='ocrx_word' id='word_1_632' title='bbox 2096 4529 2267 4585; x_wconf 86' lang='lat' dir='ltr'>tarda</span> <span class='ocrx_word' id='word_1_633' title='bbox 2296 4533 2405 4594; x_wconf 90' lang='lat' dir='ltr'>est,</span> <span class='ocrx_word' id='word_1_634' title='bbox 2440 4528 2698 4601; x_wconf 85' lang='lat' dir='ltr'>benigna</span> <span class='ocrx_word' id='word_1_635' title='bbox 2728 4535 2837 4599; x_wconf 88' lang='lat' dir='ltr'>est,</span> <span class='ocrx_word' id='word_1_636' title='bbox 2868 4545 2989 4585; x_wconf 91' lang='lat' dir='ltr'>non</span> <span class='ocrx_word' id='word_1_637' title='bbox 3021 4531 3310 4599; x_wconf 87' lang='lat' dir='ltr'>irritatur,</span> <span class='ocrx_word' id='word_1_638' title='bbox 3337 4549 3458 4587; x_wconf 91' lang='lat' dir='ltr'>non</span> <span class='ocrx_word' id='word_1_639' title='bbox 3517 4539 3757 4605; x_wconf 86' lang='lat' dir='ltr'>reputat</span> 
     </span>
    </p>
   </div>
   <div class='ocr_carea' id='block_1_93' title="bbox 2099 4617 3756 4693">
    <p class='ocr_par' dir='ltr' id='par_1_93' title="bbox 2099 4617 3756 4693">
     <span class='ocr_line' id='line_1_93' title="bbox 2099 4617 3756 4693; baseline 0.004 -20"><span class='ocrx_word' id='word_1_640' title='bbox 2099 4617 2323 4673; x_wconf 90' lang='lat' dir='ltr'>malum</span> <span class='ocrx_word' id='word_1_641' title='bbox 2345 4617 2387 4674; x_wconf 83' lang='grc'>⁸.</span> <span class='ocrx_word' id='word_1_642' title='bbox 2418 4618 2566 4673; x_wconf 89' lang='lat' dir='ltr'>Item</span> <span class='ocrx_word' id='word_1_643' title='bbox 2593 4618 2776 4673; x_wconf 89' lang='lat' dir='ltr'>:Deus</span> <span class='ocrx_word' id='word_1_644' title='bbox 2807 4623 2899 4673; x_wconf 89' lang='lat' dir='ltr'>est</span> <span class='ocrx_word' id='word_1_645' title='bbox 2926 4619 3185 4676; x_wconf 87' lang='lat' dir='ltr'>charitas</span> <span class='ocrx_word' id='word_1_646' title='bbox 3214 4637 3227 4675; x_wconf 86' lang='lat'><strong>:</strong></span> <span class='ocrx_word' id='word_1_647' title='bbox 3256 4622 3356 4693; x_wconf 91' lang='lat' dir='ltr'>qui</span> <span class='ocrx_word' id='word_1_648' title='bbox 3384 4621 3446 4677; x_wconf 92' lang='lat' dir='ltr'>in</span> <span class='ocrx_word' id='word_1_649' title='bbox 3467 4623 3756 4679; x_wconf 90' lang='lat' dir='ltr'>cbaritate</span> 
     </span>
    </p>
   </div>
   <div class='ocr_carea' id='block_1_94' title="bbox 315 4697 1986 4786">
    <p class='ocr_par' dir='ltr' id='par_1_94' title="bbox 315 4697 1986 4779">
     <span class='ocr_line' id='line_1_94' title="bbox 315 4697 1986 4779; baseline 0.003 -25"><span class='ocrx_word' id='word_1_650' title='bbox 315 4699 376 4754; x_wconf 83' lang='grc' dir='ltr'>ού</span> <span class='ocrx_word' id='word_1_651' title='bbox 409 4697 695 4776; x_wconf 82' lang='grc' dir='ltr'>λογίζεται</span> <span class='ocrx_word' id='word_1_652' title='bbox 723 4701 787 4754; x_wconf 89' lang='grc' dir='ltr'>τὸ</span> <span class='ocrx_word' id='word_1_653' title='bbox 814 4700 1000 4754; x_wconf 74' lang='grc' dir='ltr'>κακόνο</span> <span class='ocrx_word' id='word_1_654' title='bbox 1030 4698 1119 4754; x_wconf 81' lang='grc' dir='ltr'>καὶ</span> <span class='ocrx_word' id='word_1_655' title='bbox 1152 4699 1239 4755; x_wconf 83' lang='grc' dir='ltr'>’ὁτι</span> <span class='ocrx_word' id='word_1_656' title='bbox 1262 4700 1322 4758; x_wconf 86' lang='grc' dir='ltr'><strong>Ὀ</strong></span> <span class='ocrx_word' id='word_1_657' title='bbox 1357 4700 1489 4763; x_wconf 88' lang='grc' dir='ltr'>Θεὸς</span> <span class='ocrx_word' id='word_1_658' title='bbox 1522 4702 1702 4779; x_wconf 84' lang='grc' dir='ltr'>ἀγάπη</span> <span class='ocrx_word' id='word_1_659' title='bbox 1735 4702 1869 4774; x_wconf 80' lang='grc' dir='ltr'>ἐστὶ,</span> <span class='ocrx_word' id='word_1_660' title='bbox 1900 4718 1986 4771; x_wconf 69' lang='grc' dir='ltr'>καῖ</span> 
     </span>
    </p>
   </div>
   <div class='ocr_carea' id='block_1_95' title="bbox 2102 4697 3144 4786">
    <p class='ocr_par' dir='ltr' id='par_1_95' title="bbox 2102 4706 3144 4779">
     <span class='ocr_line' id='line_1_95' title="bbox 2102 4706 3144 4779; baseline 0.004 -18"><span class='ocrx_word' id='word_1_661' title='bbox 2102 4711 2426 4779; x_wconf 88' lang='lat' dir='ltr'>permanet,</span> <span class='ocrx_word' id='word_1_662' title='bbox 2459 4706 2509 4761; x_wconf 91' lang='lat' dir='ltr'>is</span> <span class='ocrx_word' id='word_1_663' title='bbox 2540 4706 2601 4761; x_wconf 93' lang='lat' dir='ltr'>in</span> <span class='ocrx_word' id='word_1_664' title='bbox 2636 4707 2755 4762; x_wconf 90' lang='lat' dir='ltr'>Deo</span> <span class='ocrx_word' id='word_1_665' title='bbox 2777 4709 3144 4779; x_wconf 63' lang='lat' dir='ltr'>permanet“.</span> 
     </span>
    </p>
   </div>
   <div class='ocr_carea' id='block_1_96' title="bbox 316 4786 1513 4864">
    <p class='ocr_par' dir='ltr' id='par_1_96' title="bbox 316 4786 1513 4864">
     <span class='ocr_line' id='line_1_96' title="bbox 316 4786 1513 4864; baseline 0.003 -21"><span class='ocrx_word' id='word_1_666' title='bbox 316 4789 344 4843; x_wconf 86' lang='grc' dir='ltr'><strong>ὁ</strong></span> <span class='ocrx_word' id='word_1_667' title='bbox 379 4786 558 4863; x_wconf 73' lang='grc' dir='ltr'>μένων</span> <span class='ocrx_word' id='word_1_668' title='bbox 591 4787 643 4843; x_wconf 79' lang='grc' dir='ltr'>ὲν</span> <span class='ocrx_word' id='word_1_669' title='bbox 669 4793 739 4863; x_wconf 78' lang='grc' dir='ltr'>τῇ</span> <span class='ocrx_word' id='word_1_670' title='bbox 770 4786 951 4864; x_wconf 79' lang='grc' dir='ltr'>ἀγάπῃ</span> <span class='ocrx_word' id='word_1_671' title='bbox 981 4788 1034 4844; x_wconf 74' lang='grc' dir='ltr'>ἐν</span> <span class='ocrx_word' id='word_1_672' title='bbox 1081 4792 1162 4861; x_wconf 78' lang='grc' dir='ltr'>τῷ</span> <span class='ocrx_word' id='word_1_673' title='bbox 1192 4793 1311 4861; x_wconf 84' lang='grc' dir='ltr'>Θεῷ</span> <span class='ocrx_word' id='word_1_674' title='bbox 1344 4788 1513 4863; x_wconf 75' lang='grc' dir='ltr'>μένει.</span> 
     </span>
    </p>
   </div>
   <div class='ocr_carea' id='block_1_97' title="bbox 387 4874 1980 4949">
    <p class='ocr_par' dir='ltr' id='par_1_97' title="bbox 387 4874 1980 4949">
     <span class='ocr_line' id='line_1_97' title="bbox 387 4874 1980 4949; baseline 0.004 -17"><span class='ocrx_word' id='word_1_675' title='bbox 387 4877 545 4937; x_wconf 77' lang='grc' dir='ltr'>Μετᾶ</span> <span class='ocrx_word' id='word_1_676' title='bbox 603 4874 659 4932; x_wconf 80' lang='grc' dir='ltr'>δὲ</span> <span class='ocrx_word' id='word_1_677' title='bbox 708 4879 809 4947; x_wconf 81' lang='grc' dir='ltr'>τήν</span> <span class='ocrx_word' id='word_1_678' title='bbox 870 4877 1122 4934; x_wconf 88' lang='grc' dir='ltr'>Ἰωάννου</span> <span class='ocrx_word' id='word_1_679' title='bbox 1205 4877 1464 4949; x_wconf 73' lang='grc' dir='ltr'>τελευτὴν</span> <span class='ocrx_word' id='word_1_680' title='bbox 1549 4878 1844 4945; x_wconf 83' lang='grc' dir='ltr'>ἐπίσκοπός</span> <span class='ocrx_word' id='word_1_681' title='bbox 1897 4904 1980 4946; x_wconf 86' lang='grc' dir='ltr'>τις</span> 
     </span>
    </p>
   </div>
   <div class='ocr_carea' id='block_1_98' title="bbox 319 4961 1979 5045">
    <p class='ocr_par' dir='ltr' id='par_1_98' title="bbox 319 4961 1979 5045">
     <span class='ocr_line' id='line_1_98' title="bbox 319 4961 1979 5045; baseline 0.004 -25"><span class='ocrx_word' id='word_1_682' title='bbox 319 4966 494 5042; x_wconf 76' lang='grc' dir='ltr'>ἅγίος,</span> <span class='ocrx_word' id='word_1_683' title='bbox 550 4962 842 5045; x_wconf 80' lang='grc' dir='ltr'>’Δδελφιὸς</span> <span class='ocrx_word' id='word_1_684' title='bbox 902 4961 1080 5038; x_wconf 74' lang='grc' dir='ltr'>ὄνομα</span> <span class='ocrx_word' id='word_1_685' title='bbox 1133 4966 1306 5038; x_wconf 77' lang='grc' dir='ltr'>αὐτῷ,</span> <span class='ocrx_word' id='word_1_686' title='bbox 1385 4963 1565 5042; x_wconf 78' lang='grc' dir='ltr'>ἔλεγεν</span> <span class='ocrx_word' id='word_1_687' title='bbox 1625 4969 1711 5026; x_wconf 79' lang='grc' dir='ltr'>ὃτι</span> <span class='ocrx_word' id='word_1_688' title='bbox 1790 4972 1979 5042; x_wconf 83' lang='grc' dir='ltr'>Λύπην</span> 
     </span>
    </p>
   </div>
   <div class='ocr_carea' id='block_1_99' title="bbox 320 5051 1975 5132">
    <p class='ocr_par' dir='ltr' id='par_1_99' title="bbox 320 5051 1975 5132">
     <span class='ocr_line' id='line_1_99' title="bbox 320 5051 1975 5132; baseline -0.002 -22"><span class='ocrx_word' id='word_1_689' title='bbox 320 5055 474 5131; x_wconf 75' lang='grc' dir='ltr'>εἶχον</span> <span class='ocrx_word' id='word_1_690' title='bbox 510 5054 811 5132; x_wconf 89' lang='grc' dir='ltr'>ἀφόρητον,</span> <span class='ocrx_word' id='word_1_691' title='bbox 846 5051 987 5110; x_wconf 88' lang='grc' dir='ltr'>διότι</span> <span class='ocrx_word' id='word_1_692' title='bbox 1019 5057 1318 5118; x_wconf 86' lang='grc' dir='ltr'>ὁτοιοῦτος</span> <span class='ocrx_word' id='word_1_693' title='bbox 1349 5056 1511 5129; x_wconf 77' lang='grc' dir='ltr'>ἀνὴρ,</span> <span class='ocrx_word' id='word_1_694' title='bbox 1581 5059 1608 5112; x_wconf 86' lang='grc' dir='ltr'>ὁ</span> <span class='ocrx_word' id='word_1_695' title='bbox 1657 5066 1757 5129; x_wconf 78' lang='grc' dir='ltr'>τῆς</span> <span class='ocrx_word' id='word_1_696' title='bbox 1790 5060 1975 5116; x_wconf 82' lang='grc' dir='ltr'>οἷ’κου.</span> 
     </span>
    </p>
   </div>
   <div class='ocr_carea' id='block_1_100' title="bbox 325 5141 1977 5224">
    <p class='ocr_par' dir='ltr' id='par_1_100' title="bbox 325 5141 1977 5224">
     <span class='ocr_line' id='line_1_100' title="bbox 325 5141 1977 5224; baseline 0.003 -24"><span class='ocrx_word' id='word_1_697' title='bbox 325 5145 493 5215; x_wconf 80' lang='grc' dir='ltr'>μένης</span> <span class='ocrx_word' id='word_1_698' title='bbox 535 5141 886 5213; x_wconf 86' lang='grc' dir='ltr'>διδάσκαλος,</span> <span class='ocrx_word' id='word_1_699' title='bbox 921 5145 949 5199; x_wconf 86' lang='grc' dir='ltr'><strong>ὁ</strong></span> <span class='ocrx_word' id='word_1_700' title='bbox 1014 5149 1132 5207; x_wconf 90' lang='grc' dir='ltr'>τοῖς</span> <span class='ocrx_word' id='word_1_701' title='bbox 1188 5143 1380 5222; x_wconf 86' lang='grc' dir='ltr'>λόγοις</span> <span class='ocrx_word' id='word_1_702' title='bbox 1425 5146 1687 5224; x_wconf 82' lang='grc' dir='ltr'>εὑφράνας</span> <span class='ocrx_word' id='word_1_703' title='bbox 1719 5152 1818 5218; x_wconf 85' lang='grc' dir='ltr'>τήν</span> <span class='ocrx_word' id='word_1_704' title='bbox 1849 5152 1977 5208; x_wconf 75' lang='grc' dir='ltr'>Ἑκ-</span> 
     </span>
    </p>
   </div>
   <div class='ocr_carea' id='block_1_101' title="bbox 321 5227 1973 5311">
    <p class='ocr_par' dir='ltr' id='par_1_101' title="bbox 321 5227 1973 5311">
     <span class='ocr_line' id='line_1_101' title="bbox 321 5227 1973 5311; baseline 0.004 -23"><span class='ocrx_word' id='word_1_705' title='bbox 321 5233 556 5305; x_wconf 89' lang='grc' dir='ltr'>κλησίαν</span> <span class='ocrx_word' id='word_1_706' title='bbox 590 5232 688 5288; x_wconf 78' lang='grc' dir='ltr'>τοῦ</span> <span class='ocrx_word' id='word_1_707' title='bbox 720 5237 877 5302; x_wconf 88' lang='grc' dir='ltr'>Θεοῦ,</span> <span class='ocrx_word' id='word_1_708' title='bbox 911 5227 1014 5303; x_wconf 75' lang='grc' dir='ltr'>ἔξω</span> <span class='ocrx_word' id='word_1_709' title='bbox 1068 5238 1167 5288; x_wconf 88' lang='grc' dir='ltr'>τοῦ</span> <span class='ocrx_word' id='word_1_710' title='bbox 1227 5235 1424 5311; x_wconf 84' lang='grc' dir='ltr'>θρόνου</span> <span class='ocrx_word' id='word_1_711' title='bbox 1479 5234 1642 5291; x_wconf 65' lang='grc' dir='ltr'>αὐτοῦ</span> <span class='ocrx_word' id='word_1_712' title='bbox 1673 5238 1973 5310; x_wconf 75' lang='grc' dir='ltr'>ἐκοιμήθη.</span> 
     </span>
    </p>
   </div>
   <div class='ocr_carea' id='block_1_102' title="bbox 317 5319 1974 5399">
    <p class='ocr_par' dir='ltr' id='par_1_102' title="bbox 317 5319 1974 5399">
     <span class='ocr_line' id='line_1_102' title="bbox 317 5319 1974 5399; baseline 0.003 -22"><span class='ocrx_word' id='word_1_713' title='bbox 317 5319 589 5394; x_wconf 83' lang='grc' dir='ltr'>Ἐδεόμην</span> <span class='ocrx_word' id='word_1_714' title='bbox 619 5320 712 5375; x_wconf 80' lang='grc' dir='ltr'>οὗν</span> <span class='ocrx_word' id='word_1_715' title='bbox 765 5325 868 5375; x_wconf 87' lang='grc' dir='ltr'>τοῦ</span> <span class='ocrx_word' id='word_1_716' title='bbox 917 5325 1051 5376; x_wconf 84' lang='grc' dir='ltr'>Θεοῦ</span> <span class='ocrx_word' id='word_1_717' title='bbox 1113 5321 1250 5395; x_wconf 86' lang='grc' dir='ltr'>μετά</span> <span class='ocrx_word' id='word_1_718' title='bbox 1300 5322 1531 5379; x_wconf 81' lang='grc' dir='ltr'>πολλῶν</span> <span class='ocrx_word' id='word_1_719' title='bbox 1581 5321 1829 5399; x_wconf 87' lang='grc' dir='ltr'>δακρύων</span> <span class='ocrx_word' id='word_1_720' title='bbox 1879 5324 1974 5383; x_wconf 78' lang='grc' dir='ltr'>’ίνα</span> 
     </span>
    </p>
   </div>
   <div class='ocr_carea' id='block_1_103' title="bbox 320 5406 1971 5485">
    <p class='ocr_par' dir='ltr' id='par_1_103' title="bbox 320 5406 1971 5485">
     <span class='ocr_line' id='line_1_103' title="bbox 320 5406 1971 5485; baseline 0.004 -22"><span class='ocrx_word' id='word_1_721' title='bbox 320 5406 463 5483; x_wconf 73' lang='grc' dir='ltr'>δείξῃ</span> <span class='ocrx_word' id='word_1_722' title='bbox 515 5429 610 5484; x_wconf 87' lang='grc' dir='ltr'>μοι</span> <span class='ocrx_word' id='word_1_723' title='bbox 668 5408 853 5477; x_wconf 83' lang='grc' dir='ltr'>αὐτὸν,</span> <span class='ocrx_word' id='word_1_724' title='bbox 921 5408 973 5462; x_wconf 80' lang='grc' dir='ltr'>ἐν</span> <span class='ocrx_word' id='word_1_725' title='bbox 1040 5408 1172 5482; x_wconf 80' lang='grc' dir='ltr'>ποίᾳ</span> <span class='ocrx_word' id='word_1_726' title='bbox 1226 5411 1550 5466; x_wconf 87' lang='grc' dir='ltr'>καταστάσει</span> <span class='ocrx_word' id='word_1_727' title='bbox 1582 5412 1721 5485; x_wconf 66' lang='lat' dir='ltr'>Euri,</span> <span class='ocrx_word' id='word_1_728' title='bbox 1768 5413 1858 5468; x_wconf 82' lang='grc' dir='ltr'>καὶ</span> <span class='ocrx_word' id='word_1_729' title='bbox 1926 5416 1971 5471; x_wconf 78' lang='grc' dir='ltr'>εἰ</span> 
     </span>
    </p>
   </div>
   <div class='ocr_carea' id='block_1_104' title="bbox 2161 4885 3747 4964">
    <p class='ocr_par' dir='ltr' id='par_1_104' title="bbox 2161 4885 3747 4964">
     <span class='ocr_line' id='line_1_104' title="bbox 2161 4885 3747 4964; baseline 0.006 -26"><span class='ocrx_word' id='word_1_730' title='bbox 2161 4887 2387 4939; x_wconf 84' lang='lat' dir='ltr'>Mortuo</span> <span class='ocrx_word' id='word_1_731' title='bbox 2418 4885 2838 4957; x_wconf 88' lang='lat' dir='ltr'>Chrysostomo</span> <span class='ocrx_word' id='word_1_732' title='bbox 2869 4892 3111 4943; x_wconf 88' lang='lat' dir='ltr'>sanctus</span> <span class='ocrx_word' id='word_1_733' title='bbox 3143 4890 3387 4959; x_wconf 89' lang='lat' dir='ltr'>quidam</span> <span class='ocrx_word' id='word_1_734' title='bbox 3411 4893 3747 4964; x_wconf 88' lang='lat' dir='ltr'>episcopus,</span> 
     </span>
    </p>
   </div>
   <div class='ocr_carea' id='block_1_105' title="bbox 2088 4973 3748 5051">
    <p class='ocr_par' dir='ltr' id='par_1_105' title="bbox 2088 4973 3748 5051">
     <span class='ocr_line' id='line_1_105' title="bbox 2088 4973 3748 5051; baseline 0.005 -24"><span class='ocrx_word' id='word_1_735' title='bbox 2088 4973 2332 5027; x_wconf 85' lang='lat' dir='ltr'>nomine</span> <span class='ocrx_word' id='word_1_736' title='bbox 2353 4973 2705 5046; x_wconf 83' lang='lat' dir='ltr'>Adelphius,</span> <span class='ocrx_word' id='word_1_737' title='bbox 2740 4992 2875 5029; x_wconf 90' lang='lat' dir='ltr'>cum</span> <span class='ocrx_word' id='word_1_738' title='bbox 2908 4982 2972 5031; x_wconf 91' lang='lat' dir='ltr'>ut</span> <span class='ocrx_word' id='word_1_739' title='bbox 3002 4978 3244 5049; x_wconf 86' lang='lat' dir='ltr'>quidem</span> <span class='ocrx_word' id='word_1_740' title='bbox 3269 4981 3393 5051; x_wconf 90' lang='lat' dir='ltr'>ipse</span> <span class='ocrx_word' id='word_1_741' title='bbox 3425 4982 3626 5050; x_wconf 88' lang='lat' dir='ltr'>refert,</span> <span class='ocrx_word' id='word_1_742' title='bbox 3658 4983 3748 5036; x_wconf 85' lang='lat' dir='ltr'>in-</span> 
     </span>
    </p>
   </div>
   <div class='ocr_carea' id='block_1_106' title="bbox 2087 5062 3750 5140">
    <p class='ocr_par' dir='ltr' id='par_1_106' title="bbox 2087 5062 3750 5140">
     <span class='ocr_line' id='line_1_106' title="bbox 2087 5062 3750 5140; baseline 0.004 -24"><span class='ocrx_word' id='word_1_743' title='bbox 2087 5062 2436 5117; x_wconf 90' lang='lat' dir='ltr'>credibilem</span> <span class='ocrx_word' id='word_1_744' title='bbox 2467 5062 2737 5118; x_wconf 90' lang='lat' dir='ltr'>dolorem</span> <span class='ocrx_word' id='word_1_745' title='bbox 2770 5080 2842 5119; x_wconf 82' lang='lat' dir='ltr'>ex</span> <span class='ocrx_word' id='word_1_746' title='bbox 2867 5081 2936 5120; x_wconf 93' lang='lat' dir='ltr'>eo</span> <span class='ocrx_word' id='word_1_747' title='bbox 2960 5067 3215 5140; x_wconf 83' lang='lat' dir='ltr'>cepisset</span> <span class='ocrx_word' id='word_1_748' title='bbox 3236 5068 3393 5138; x_wconf 90' lang='lat' dir='ltr'>quod</span> <span class='ocrx_word' id='word_1_749' title='bbox 3419 5073 3618 5124; x_wconf 89' lang='lat' dir='ltr'>tantus</span> <span class='ocrx_word' id='word_1_750' title='bbox 3641 5071 3750 5138; x_wconf 92' lang='lat' dir='ltr'>vir,</span> 
     </span>
    </p>
   </div>
   <div class='ocr_carea' id='block_1_107' title="bbox 2088 5152 3753 5226">
    <p class='ocr_par' dir='ltr' id='par_1_107' title="bbox 2088 5152 3753 5226">
     <span class='ocr_line' id='line_1_107' title="bbox 2088 5152 3753 5226; baseline 0.002 -18"><span class='ocrx_word' id='word_1_751' title='bbox 2088 5152 2249 5208; x_wconf 90' lang='lat' dir='ltr'>orbis</span> <span class='ocrx_word' id='word_1_752' title='bbox 2308 5158 2603 5208; x_wconf 91' lang='lat' dir='ltr'>terrarum</span> <span class='ocrx_word' id='word_1_753' title='bbox 2664 5152 2873 5209; x_wconf 91' lang='lat' dir='ltr'>doctor</span> <span class='ocrx_word' id='word_1_754' title='bbox 2910 5171 2979 5210; x_wconf 91' lang='lat' dir='ltr'>ac</span> <span class='ocrx_word' id='word_1_755' title='bbox 3035 5156 3135 5226; x_wconf 91' lang='lat' dir='ltr'>qui</span> <span class='ocrx_word' id='word_1_756' title='bbox 3196 5157 3318 5211; x_wconf 91' lang='lat' dir='ltr'>suis</span> <span class='ocrx_word' id='word_1_757' title='bbox 3369 5157 3753 5213; x_wconf 89' lang='lat' dir='ltr'>sermonibus</span> 
     </span>
    </p>
   </div>
   <div class='ocr_carea' id='block_1_108' title="bbox 2095 5239 3751 5317">
    <p class='ocr_par' dir='ltr' id='par_1_108' title="bbox 2095 5239 3751 5317">
     <span class='ocr_line' id='line_1_108' title="bbox 2095 5239 3751 5317; baseline 0.003 -22"><span class='ocrx_word' id='word_1_758' title='bbox 2095 5239 2420 5296; x_wconf 83' lang='lat' dir='ltr'>Ecclesiam</span> <span class='ocrx_word' id='word_1_759' title='bbox 2434 5241 2537 5296; x_wconf 91' lang='lat' dir='ltr'>Dei</span> <span class='ocrx_word' id='word_1_760' title='bbox 2571 5241 3021 5313; x_wconf 83' lang='lat' dir='ltr'>exhilaraverat,</span> <span class='ocrx_word' id='word_1_761' title='bbox 3054 5249 3218 5299; x_wconf 81' lang='lat' dir='ltr'>extra</span> <span class='ocrx_word' id='word_1_762' title='bbox 3240 5261 3413 5300; x_wconf 91' lang='lat' dir='ltr'>suum</span> <span class='ocrx_word' id='word_1_763' title='bbox 3447 5247 3751 5317; x_wconf 88' lang='lat' dir='ltr'>episcopa-</span> 
     </span>
    </p>
   </div>
   <div class='ocr_carea' id='block_1_109' title="bbox 2092 5329 3751 5404">
    <p class='ocr_par' dir='ltr' id='par_1_109' title="bbox 2092 5329 3751 5404">
     <span class='ocr_line' id='line_1_109' title="bbox 2092 5329 3751 5404; baseline 0.004 -20"><span class='ocrx_word' id='word_1_764' title='bbox 2092 5334 2219 5385; x_wconf 83' lang='lat' dir='ltr'>tum</span> <span class='ocrx_word' id='word_1_765' title='bbox 2251 5329 2520 5400; x_wconf 89' lang='lat' dir='ltr'>obiisset,</span> <span class='ocrx_word' id='word_1_766' title='bbox 2551 5331 2742 5385; x_wconf 88' lang='lat' dir='ltr'>multo</span> <span class='ocrx_word' id='word_1_767' title='bbox 2774 5347 2908 5386; x_wconf 92' lang='lat' dir='ltr'>cum</span> <span class='ocrx_word' id='word_1_768' title='bbox 2942 5331 3086 5386; x_wconf 85' lang='lat' dir='ltr'>ﬂetu</span> <span class='ocrx_word' id='word_1_769' title='bbox 3130 5348 3165 5386; x_wconf 93' lang='lat' dir='ltr'>a</span> <span class='ocrx_word' id='word_1_770' title='bbox 3191 5333 3309 5388; x_wconf 90' lang='lat' dir='ltr'>Deo</span> <span class='ocrx_word' id='word_1_771' title='bbox 3340 5334 3654 5404; x_wconf 88' lang='lat' dir='ltr'>postulavit</span> <span class='ocrx_word' id='word_1_772' title='bbox 3682 5338 3751 5390; x_wconf 93' lang='lat' dir='ltr'>ut</span> 
     </span>
    </p>
   </div>
   <div class='ocr_carea' id='block_1_110' title="bbox 2083 5421 3744 5492">
    <p class='ocr_par' dir='ltr' id='par_1_110' title="bbox 2083 5421 3744 5492">
     <span class='ocr_line' id='line_1_110' title="bbox 2083 5421 3744 5492; baseline 0.005 -17"><span class='ocrx_word' id='word_1_773' title='bbox 2083 5436 2222 5476; x_wconf 89' lang='lat' dir='ltr'>eum</span> <span class='ocrx_word' id='word_1_774' title='bbox 2252 5421 2366 5477; x_wconf 88' lang='lat' dir='ltr'>sibi</span> <span class='ocrx_word' id='word_1_775' title='bbox 2395 5421 2756 5492; x_wconf 89' lang='lat' dir='ltr'>ostenderet,</span> <span class='ocrx_word' id='word_1_776' title='bbox 2772 5439 2889 5492; x_wconf 91' lang='lat' dir='ltr'>quo</span> <span class='ocrx_word' id='word_1_777' title='bbox 2930 5426 3085 5478; x_wconf 87' lang='lat' dir='ltr'>statu</span> <span class='ocrx_word' id='word_1_778' title='bbox 3116 5430 3273 5479; x_wconf 90' lang='lat' dir='ltr'>esset</span> <span class='ocrx_word' id='word_1_779' title='bbox 3293 5430 3566 5483; x_wconf 89' lang='lat' dir='ltr'>etutrum</span> <span class='ocrx_word' id='word_1_780' title='bbox 3587 5427 3744 5483; x_wconf 89' lang='lat' dir='ltr'>inter</span> 
     </span>
    </p>
   </div>
   <div class='ocr_carea' id='block_1_111' title="bbox 389 5509 2167 5585">
    <p class='ocr_par' dir='ltr' id='par_1_111' title="bbox 389 5509 2167 5585">
     <span class='ocr_line' id='line_1_111' title="bbox 389 5509 2167 5585; baseline 0.012 -24"><span class='ocrx_word' id='word_1_781' title='bbox 389 5509 457 5543; x_wconf 63' lang='grc' dir='ltr'>’δ”</span> <span class='ocrx_word' id='word_1_782' title='bbox 489 5510 662 5565; x_wconf 87' lang='lat' dir='ltr'>Joan.</span> <span class='ocrx_word' id='word_1_783' title='bbox 698 5524 820 5578; x_wconf 81' lang='lat' dir='ltr'>xm,</span> <span class='ocrx_word' id='word_1_784' title='bbox 855 5510 945 5565; x_wconf 82' lang='lat'>35.</span> <span class='ocrx_word' id='word_1_785' title='bbox 976 5509 1041 5563; x_wconf 74' lang='lat' dir='ltr'>‘l</span> <span class='ocrx_word' id='word_1_786' title='bbox 1072 5509 1204 5565; x_wconf 86' lang='lat' dir='ltr'>Cor.</span> <span class='ocrx_word' id='word_1_787' title='bbox 1239 5527 1356 5579; x_wconf 85' lang='lat' dir='ltr'>xm,</span> <span class='ocrx_word' id='word_1_788' title='bbox 1389 5513 1423 5566; x_wconf 77' lang='grc'><strong>4</strong></span> <span class='ocrx_word' id='word_1_789' title='bbox 1452 5512 1660 5583; x_wconf 69' lang='lat' dir='ltr'>seqq.6</span> <span class='ocrx_word' id='word_1_790' title='bbox 1690 5514 1711 5567; x_wconf 91' lang='grc' dir='ltr'>Ι</span> <span class='ocrx_word' id='word_1_791' title='bbox 1739 5514 1908 5570; x_wconf 82' lang='lat' dir='ltr'>Joan.</span> <span class='ocrx_word' id='word_1_792' title='bbox 1940 5533 1995 5572; x_wconf 80' lang='grc' dir='ltr'>ν.</span> <span class='ocrx_word' id='word_1_793' title='bbox 2029 5518 2084 5585; x_wconf 77' lang='grc'>4,</span> <span class='ocrx_word' id='word_1_794' title='bbox 2116 5522 2167 5572; x_wconf 86' lang='lat'>7-</span> 
     </span>
    </p>
   </div>
   <div class='ocr_carea' id='block_1_112' title="bbox 1532 5638 2533 5700">
    <p class='ocr_par' dir='ltr' id='par_1_112' title="bbox 1532 5638 2533 5700">
     <span class='ocr_line' id='line_1_112' title="bbox 1532 5638 2533 5700; baseline 0.006 -8"><span class='ocrx_word' id='word_1_795' title='bbox 1532 5638 1899 5695; x_wconf 79' lang='lat' dir='ltr'>XYLANDRI</span> <span class='ocrx_word' id='word_1_796' title='bbox 1938 5643 2026 5696; x_wconf 90' lang='lat' dir='ltr'><strong>ET</strong></span> <span class='ocrx_word' id='word_1_797' title='bbox 2062 5643 2279 5700; x_wconf 80' lang='lat' dir='ltr'><strong>GOARI</strong></span> <span class='ocrx_word' id='word_1_798' title='bbox 2309 5645 2533 5700; x_wconf 80' lang='lat' dir='ltr'>NOT/E.</span> 
     </span>
    </p>
   </div>
   <div class='ocr_carea' id='block_1_113' title="bbox 392 5733 1131 5809">
    <p class='ocr_par' dir='ltr' id='par_1_113' title="bbox 392 5733 1131 5809">
     <span class='ocr_line' id='line_1_113' title="bbox 392 5733 1131 5809; baseline -0.003 -20"><span class='ocrx_word' id='word_1_799' title='bbox 392 5735 535 5809; x_wconf 75' lang='grc'>(49⁷)</span> <span class='ocrx_word' id='word_1_800' title='bbox 568 5735 692 5791; x_wconf 92' lang='lat' dir='ltr'>Lib.</span> <span class='ocrx_word' id='word_1_801' title='bbox 726 5736 771 5804; x_wconf 89' lang='grc'>1,</span> <span class='ocrx_word' id='word_1_802' title='bbox 803 5734 978 5806; x_wconf 88' lang='lat' dir='ltr'>epist.</span> <span class='ocrx_word' id='word_1_803' title='bbox 1013 5733 1131 5788; x_wconf 83' lang='grc'>152.</span> 
     </span>
    </p>
   </div>
   <div class='ocr_carea' id='block_1_114' title="bbox 2162 5741 3528 5819">
    <p class='ocr_par' dir='ltr' id='par_1_114' title="bbox 2162 5741 3528 5819">
     <span class='ocr_line' id='line_1_114' title="bbox 2162 5741 3528 5819; baseline 0.007 -23"><span class='ocrx_word' id='word_1_804' title='bbox 2162 5743 2274 5815; x_wconf 83' lang='grc'>(50)</span> <span class='ocrx_word' id='word_1_805' title='bbox 2305 5741 2517 5797; x_wconf 88' lang='lat' dir='ltr'>Isidori</span> <span class='ocrx_word' id='word_1_806' title='bbox 2550 5742 2729 5799; x_wconf 91' lang='lat' dir='ltr'>verba</span> <span class='ocrx_word' id='word_1_807' title='bbox 2755 5741 2881 5798; x_wconf 75' lang='lat' dir='ltr'>haec</span> <span class='ocrx_word' id='word_1_808' title='bbox 2909 5759 3029 5798; x_wconf 91' lang='lat' dir='ltr'>non</span> <span class='ocrx_word' id='word_1_809' title='bbox 3059 5743 3352 5819; x_wconf 83' lang='lat' dir='ltr'>intelligo.</span> <span class='ocrx_word' id='word_1_810' title='bbox 3385 5749 3528 5807; x_wconf 81' lang='lat' dir='ltr'>XYL.</span> 
     </span>
    </p>
   </div>
  </div>
