4144 6428
347 408 466 471 635

1699 406 2031 472 GEORGII
2078 403 2421 468 CEDHENI

3656 407 3773 470 636

350 541 721 611 patriarchas
744 545 988 601 relatus.
1011 547 1155 602 Tum
1188 546 1504 617 aliquando
1538 548 1703 600 extra
1715 559 1775 597 se
1793 543 1995 610 raptus

2138 535 2251 590 ιετά
2278 541 2386 590 τῶν
2418 540 2776 613 πατριαρχῶν
2810 536 2995 613 ἐτάγη.
3028 536 3156 595 Ἐπὶ
3211 536 3387 595 πολὺν
3450 535 3541 593 οὖν
3571 538 3772 617 χρόνον

352 629 541 685 virum
566 631 710 688 vidit
731 633 948 706 insigni
975 635 1436 705 pulchritudine,
1471 633 1569 706 qui
1594 632 1801 689 dextra
1820 643 1999 685 manu

354 721 795 791 apprehensum
811 723 1054 779 abduxit
1076 725 1137 779 in
1164 725 1359 780 locum
1393 722 1711 797 quemdam
1744 716 2000 794 splendL

353 812 495 863 dum
528 828 595 865 ac
628 810 955 883 majestatis
981 814 1251 886 plenum,
1275 815 1473 885 ibique
1508 814 1561 869 ei
1593 812 1867 869 doctores
1900 810 2003 865 Ec-

354 900 553 956 clesia)
586 903 862 959 ostendit.
899 907 1012 976 Ego
1035 912 1255 973 autem,
1288 906 1483 977 inquit
1518 903 1860 976 Adelpliius,
1896 900 2004 956 eir-

358 991 754 1048 cumferebam
788 993 990 1050 oculos
1019 1012 1204 1064 meos,
1229 995 1416 1052 sicubi
1442 1011 1749 1051 cernerem
1772 991 2008 1048 deside-

358 1086 550 1135 ratum
584 1099 617 1137 a
648 1099 742 1137 me
781 1083 1285 1155 Chrysostomum.
1323 1086 1536 1140 Verum
1595 1084 1695 1139 ille
1728 1080 2007 1138 omnibus

358 1169 500 1222 mihi
534 1170 877 1242 singulatim
911 1172 1333 1229 demonstratis
1361 1172 1824 1243 nominibusque
1851 1168 2008 1225 indi-

357 1258 517 1327 catis,
554 1276 761 1315 rursus
795 1277 885 1315 me
913 1279 1092 1317 manu
1119 1267 1459 1334 correptum
1491 1260 1708 1316 eduxit.
1737 1261 1853 1333 Ego
1877 1274 2013 1315 eum

359 1347 654 1419 sequebar
674 1351 1106 1423 mmstus,quod
1130 1359 1401 1408 sanctum
1424 1351 1907 1423 Chrysostomum
1930 1349 2016 1404 in-

357 1442 446 1491 ter
466 1440 671 1494 Patres
694 1456 813 1495 non
839 1441 1558 1514 vidissem.Egredientem
1582 1440 2014 1512 mejanitorin-

360 1525 575 1595 hibuit,
610 1527 813 1584 dicens
834 1531 1138 1587 neminem
1177 1531 1277 1603 qui
1304 1532 1418 1587 huc
1450 1531 1749 1596 intrasset,
1785 1530 2014 1585 tristem

360 1618 580 1689 egredi.
616 1621 1085 1692 Respondihanc
1119 1623 1264 1677 mihi
1293 1622 1549 1677 tristitim
1588 1637 1827 1676 causam
1861 1637 2013 1687 esse,

365 1704 523 1775 quod
544 1707 961 1764 cliarissimum
985 1711 1126 1765 mihi
1154 1712 1445 1766 Joannem
1460 1709 1835 1781 Cpolitanum
1860 1710 2015 1781 episs

364 1810 575 1864 copum
601 1795 755 1850 inter
776 1797 1038 1868 reliquos
1072 1798 1344 1854 Ecclesia;
1382 1797 1653 1853 doctores
1684 1814 1805 1852 non
1832 1797 2013 1851 vidis-

2106 628 2268 679 τοῦτο
2324 623 2624 700 εὐχόμενος
2685 623 2736 681 ἐν
2818 631 2917 700 μιᾷ
2965 624 3189 704 γίνομαι
3268 624 3318 682 ἐν
3375 614 3623 683 ἐκστάσει
3680 614 3768 683 καὶ

2109 715 2299 787 θεωρῶ
2331 712 2500 788 ἄνδρα
2528 715 2650 771 τινὰ
2680 715 2817 770 πάνυ
2878 713 3086 789 εὐειδῆ,
3135 717 3477 792 κρατήσαντά
3536 739 3605 791 με
3669 726 3769 790 τῆς

2114 799 2292 877 δεξιᾶς
2325 806 2534 880 χειρὸς,
2585 806 2645 870 ’ὸς
2674 804 2971 882 ἀπαγαγών
3039 826 3107 880 με
3162 805 3239 871 εἷς
3288 806 3454 862 τόπον
3512 802 3769 883 λαμπρὸν

2109 889 2200 946 καὶ
2234 891 2583 968 ὑπερένδοξον
2643 889 2877 950 ἐδείκνυέ
2938 917 3034 970 μοι
3105 894 3234 960 τοὺς
3285 899 3385 961 τῆς
3435 891 3765 968 Ἐκκλησίας

2112 979 2497 1046 διδασκάλους.
2532 984 2671 1059 Ἐγὼ
2720 980 2796 1053 δὲ,
2856 986 3011 1065 φησί,
3071 986 3462 1059 περιεσκόπουν
3523 980 3658 1041 ἰδεῖν
3713 986 3773 1042 ’ὀν

2113 1073 2467 1146 καταθυμίως
2523 1074 2709 1148 εἶχον,
2766 1073 2857 1129 τὸν
2912 1074 3082 1150 μεγαν
3138 1076 3417 1146 Ἰωάννην,
3474 1073 3567 1131 τὸν
3634 1073 3765 1149 Epiri

2117 1160 2417 1235 ἀγαπητόν.
2478 1160 2565 1225 Ὠς
2625 1162 2714 1216 οὖν
2764 1156 2930 1234 ἔδειξὲ
3000 1184 3092 1236 μοι
3142 1165 3340 1227 πάντας
3394 1162 3486 1220 καὶ
3545 1162 3771 1221 ἑκάστου

2115 1251 2177 1306 τὸ
2209 1247 2383 1326 ὄνομα
2414 1252 2553 1320 εἶπε,
2586 1253 2859 1328 κρατήσας
2892 1274 2960 1326 με
3000 1248 3165 1307 πάλιν
3192 1260 3293 1322 τῆς
3327 1253 3515 1328 χειρὸς
3576 1253 3779 1329 ἐξήγα-

2119 1339 2182 1418 γέ
2216 1362 2281 1414 με
2310 1334 2433 1412 ἔξω.
2465 1342 2611 1419 Ἐγὼ
2671 1336 2729 1395 δὲ
2788 1339 3172 1415 λελυπημένος
3220 1338 3562 1412 ’ἠκολούθουν
3603 1342 3770 1416 αὐτῷ,

2124 1432 2199 1503 μὴ
2234 1431 2489 1505 ἑωρακὼς
2524 1429 2658 1504 μετᾶ
2686 1436 2792 1486 τῶν
2856 1432 3106 1507 Πατὲρων
3160 1432 3251 1487 τὸν
3311 1434 3367 1486 ’sv
3427 1430 3600 1509 ἆγίοις
3658 1432 3776 1490 Ἰω-

2121 1520 2310 1592 άννην.
2342 1519 2427 1577 Ὠς
2450 1517 2542 1574 οὖν
2576 1516 2921 1595 ἒξηρχὸμην,
2977 1520 3005 1575 6
3065 1521 3300 1598 ὲιρεστὼς
3352 1524 3420 1596 τῇ
3470 1520 3605 1597 θύρᾳ
3661 1521 3783 1577 ἐπι-

2124 1611 2273 1687 σχών
2300 1633 2367 1684 με
2399 1609 2543 1687 λέγει
2593 1632 2709 1684 μοι·
2772 1604 2962 1674 Οὐδεὶς
2996 1607 3384 1688 εἰσερχόμενος
3417 1610 3523 1669 ὧδε
3573 1612 3781 1669 λυπού-

2126 1722 2288 1774 μενος
2316 1697 2461 1765 ἔνθεν
2496 1699 2794 1776 ἐξερχεται.
2852 1702 2989 1757 Τότε
3037 1698 3182 1778 λέγω
3242 1703 3411 1776 αὐτῷ’
3469 1699 3619 1774 Αὕτη
3685 1700 3779 1777 μοί

2124 1789 2235 1845 ἐστι
2271 1787 2447 1861 λύπη,
2489 1786 2573 1844 ὅτι
2602 1789 2692 1844 τὸν
2756 1788 3221 1870 προσφιλὲστατόν
3258 1812 3351 1864 μοι
3401 1791 3658 1862 Ἰωάννην
3688 1792 3779 1847 τὸν

359 1884 651 1938 sem.Tum
672 1883 767 1939 ille
786 1902 797 1938 :
814 1884 1473 1955 Joannemne,ait,dicis
1488 1885 2014 1959 paenitentumth

2138 1877 2424 1934 ἱπίσκοπον
2510 1876 3137 1943 Κωνσταντινςυπόλεως
3198 1882 3311 1957 οὐχ
3375 1882 3591 1956 ἑώρακα
3649 1878 3787 1956 μετᾶ

361 1971 621 2027 ﬁrmanti
642 1990 653 2025 :
672 1974 1169 2047 Ilomo,inquit,in
1192 1992 1368 2031 carne
1387 1973 1579 2031 adhuc
1594 1974 1812 2047 degens
1827 1975 2025 2034 videre

362 2061 510 2118 585
543 2080 678 2117 eum
702 2063 939 2134 nequit:
958 2068 1284 2120 astatenim
1302 2064 1410 2118 iste
1430 2065 1579 2119 solio
1595 2063 2029 2121 Dominico.Sic

362 2167 498 2220 ergo
534 2150 916 2208 beatissimus
937 2154 1216 2222 Joannes,
1251 2152 1505 2209 infinitis
1537 2152 1820 2209 mrumnis
1851 2159 2028 2225 atque

365 2240 672 2294 laboribus
716 2241 1051 2305 defunctus,
1106 2243 1404 2298 ccelestem
1455 2242 1602 2297 adiit
1657 2240 2028 2301 felicitatem.

367 2329 525 2383 Vixit
558 2347 748 2385 annos
777 2331 878 2398 52;
904 2331 1233 2386 exsultante
1254 2349 1320 2387 eo
1343 2330 1599 2405 populus
1631 2330 1918 2403 templum
1940 2348 2035 2386 ur-

366 2416 459 2471 bis
495 2417 915 2475 incendit.Alii
946 2417 1078 2493 igne
1102 2420 1174 2476 ab
1207 2437 1310 2475 ara
1360 2437 1601 2492 egresso
1634 2419 2031 2492 conﬂagrasse

366 2506 593 2562 dicunt.
652 2506 812 2562 Multi
872 2508 1117 2564 Joannis
1166 2526 1344 2565 causa
1402 2507 1667 2581 pericula
1697 2506 2025 2565 adiverunt.

363 2596 782 2668 Clirysostomo
816 2599 1080 2653 succedit
1110 2599 1403 2655 Arsacius.

2140 1972 2249 2023 τῶν
2283 1962 2467 2023 ἄλλων
2499 1968 2598 2033 τῆς
2629 1964 2960 2038 Ἐκκλησίας
3019 1962 3386 2027 διδασκάλων,
3419 1970 3475 2024 Ὀ
3530 1967 3589 2024 δὲ
3618 1968 3785 2026 πάλιν

2133 2057 2281 2134 λέγει
2317 2072 2433 2132 μοι*
2470 2057 2729 2128 Ἰωάννην
2756 2059 2848 2112 τὸν
2908 2064 3007 2127 τῆς
3055 2058 3341 2132 μετανοίας
3370 2060 3551 2136 λέγεις
3581 2078 3596 2128 ;
3630 2058 3788 2135 Λέγω

2130 2147 2298 2220 αὐτῷ·
2334 2146 2457 2205 Ναί.
2493 2149 2553 2204 Ὀ
2605 2145 2662 2202 δὲ
2718 2148 3031 2225 ἀποκριθεῖς
3088 2145 3236 2225 λέγει
3295 2171 3413 2222 μοι,
3475 2151 3793 2224 Ἀνθρωπος

2133 2237 2334 2292 ἐκεῖνον
2367 2234 2418 2290 ἓν
2453 2232 2610 2311 σαρκὶ
2671 2230 2745 2290 ὥν
2797 2234 2926 2293 ἰδεῖν
2958 2236 3018 2292 οὐ
3048 2234 3285 2293 δύναται·
3337 2238 3448 2294 ἐκεῖ
3502 2239 3607 2314 γὰρ
3638 2238 3795 2314 παρί-

2134 2346 2320 2381 σταται
2344 2322 2481 2380 ὅπου
2514 2327 2542 2381 6
2583 2325 2775 2401 θρόνος
2824 2324 2852 2381 6
2911 2327 3237 2390 Δεσποτικός
3297 2324 3459 2386 ἔστιν.
3519 2326 3706 2388 Οὕτως
3763 2328 3793 2383 6

2128 2415 2592 2489 τρισμακάριστος
2639 2414 2895 2486 Ἰωάννης
2956 2418 3094 2490 μετὰ
3152 2415 3381 2490 μυρίους
3440 2416 3645 2479 κόπους
3700 2416 3792 2473 καὶ

2129 2505 2331 2567 πόνους
2361 2504 2451 2559 τὸν
2488 2504 2607 2581 βίον
2631 2502 2881 2566 διανύσας
2928 2507 3064 2579 πρὸς
3117 2508 3217 2576 τήν
3276 2506 3526 2583 οὐράνιον
3558 2509 3789 2581 μετίστη

2134 2588 2531 2667 μακαριότητα,
2585 2597 2756 2665 ζήσας
2825 2589 2917 2666 ἔτη
2965 2596 3049 2671 νβ’
3088 2596 3153 2652 τὰ
3214 2595 3405 2655 πάντα.
3468 2599 3555 2654 Ἐν
3615 2595 3671 2654 δὲ
3721 2601 3790 2664 τῇ

368 2681 546 2757 ἐξορίᾳ
570 2682 734 2737 αὐτοῦ
763 2685 863 2755 τήν
888 2681 1182 2755 ἐκκλησίαν
1216 2685 1243 2739 6
1277 2681 1408 2746 λαὸς
1433 2691 1533 2754 τῆς
1569 2680 1788 2745 πόλεως
1820 2680 2138 2757 ἐνέπρησεν.
2170 2682 2258 2743 Ὡς
2291 2678 2347 2736 δὲ
2376 2678 2540 2737 ἄλλοι
2573 2682 2750 2762 φασὶν,
2783 2684 2866 2737 ὃτι
2899 2682 2983 2756 [Ρ.
3018 2688 3143 2758 334]
3177 2688 3283 2761 πῦρ
3315 2682 3532 2759 ἐξελθὸν
3577 2684 3639 2741 ἐκ
3686 2689 3791 2740 τοῦ

378 2773 767 2845 θυσιαστηρίου
797 2773 969 2828 πάντα
998 2769 1310 2831 κατέκαυσε.
1349 2770 1445 2830 Καὶ
1505 2771 1708 2828 πολλοὶ
1771 2772 1901 2848 ὑπὲρ
1964 2770 2214 2827 Ἰωάννου
2270 2767 2662 2829 ἐκινδύνευσαν.
2726 2768 3042 2849 Διαδέχεται
3104 2771 3163 2829 δὲ
3221 2774 3311 2830 τὸν
3397 2776 3791 2849 Χρυσόστομον

376 2861 660 2935 ’Λρσάκιος
694 2863 832 2936 (Iit).

440 2949 660 3004 Eodem
693 2967 848 3005 anno
878 2950 1143 3007 Eudoxia
1173 2951 1351 3007 etiam
1384 2949 1817 3019 moritur,uxor
1848 2950 2027 3005 Arca-

365 3038 446 3092 dii
479 3037 925 3110 multorumque
949 3038 1001 3095 ei
1021 3039 1316 3095 malorum
1340 3037 2029 3110 causa,mulierbarbara

368 3132 424 3181 et
454 3125 863 3183 ferox.Habuit
885 3146 955 3183 ex
972 3129 1274 3185 ealiberos
1293 3124 2018 3196 Pulcheriam,Falcillam,

360 3214 669 3272 Arcadiam
706 3221 762 3271 et
792 3217 1236 3291 Mariuam,qua)
1270 3217 1507 3273 caalibes
1536 3218 1711 3291 longo
1737 3216 2017 3271 vixerunt

369 3315 654 3383 tempore.
676 3317 964 3384 prmterea
995 3310 1392 3369 Theodosium
1421 3313 1725 3381 ultimum,
1759 3309 1861 3380 qui
1896 3308 2029 3379 post

370 3403 599 3471 patrem
650 3400 967 3473 imperium
1003 3398 1253 3472 excepit.
1295 3401 1525 3473 Elapsis
1584 3397 1758 3455 annis
1790 3395 2032 3468 triginta

2208 2948 2302 3022 Τῷ
2333 2943 2380 3004 δ’
2413 2949 2561 3023 αὐτῷ
2594 2946 2698 3005 ἔτει
2729 2948 2957 3022 τελευτᾷ
3011 2950 3101 3006 καὶ
3156 2952 3192 3021 ἠ
3229 2946 3479 3023 Εὐδοξία,
3514 2951 3636 3022 ἣτις
3671 2974 3800 3008 συν-

2139 3040 2288 3117 ηφθη
2317 3037 2452 3113 πρὸς
2479 3038 2657 3117 γάμον
2716 3044 2794 3113 τῷ
2853 3039 3071 3114 βασιλεῖ
3129 3034 3401 3114 Ἀρκαδίῳ
3440 3042 3531 3096 καὶ
3565 3040 3798 3098 πολλῶν

2137 3130 2317 3183 κακῶν
2351 3124 2498 3200 αύτῷ
2539 3126 2794 3203 πρόξενος
2826 3128 3084 3205 ἐγεγόνει,
3149 3123 3425 3207 βάρϐαρος
3484 3128 3618 3186 οὖσα
3655 3132 3793 3208 γυνὴ

2139 3213 2229 3269 καὶ
2256 3212 2669 3290 Θρασυκάρδιος.
2709 3213 2907 3279 ΙΙαῖδας
2941 3212 2997 3271 δὲ
3036 3212 3196 3294 ἔσχοεν
3250 3217 3303 3289 ἐξ
3337 3217 3504 3287 αὐτῆς
3541 3217 3800 3295 Πουλχε-

2146 3302 2281 3378 ρίαν,
2342 3303 2457 3359 εἶτα
2506 3300 2831 3359 Φαλκίλλαν
2890 3300 3182 3377 ’Δρκαδίαν
3235 3326 3292 3360 τε
3368 3305 3455 3360 καὶ
3524 3306 3791 3379 Μαρῖναν,

2141 3387 2195 3446 α’ί
2227 3392 2509 3468 ἀπείρατοι
2541 3392 2733 3467 γάμων
2793 3393 2930 3448 κατὰ
2982 3395 3105 3456 εοὺς
3163 3394 3398 3469 χρόνους
3456 3390 3791 3451 ἀπεϐίωσαν*

373 3490 637 3561 quinque
668 3490 1069 3564 Chrysostomi
1114 3510 1326 3565 corpus
1366 3490 1643 3546 Comanis
1703 3488 1764 3543 in
1817 3484 2025 3541 urbem

2143 3481 2231 3535 καὶ
2292 3481 2383 3536 συν
2440 3482 2627 3545 αὐταῖς
2681 3487 2839 3559 γεννᾷ
2904 3479 3190 3539 Θεοδόσιον
3274 3480 3524 3552 ὕστατον,
3583 3486 3639 3546 δς
3706 3485 3795 3540 καὶ

372 3584 741 3648 reportatum
826 3586 935 3647 est,
996 3580 1222 3653 justam
1280 3578 1602 3637 adhibente
1662 3575 2033 3648 diligentiam

374 3667 583 3722 Proclo
618 3667 813 3741 Cpolis
844 3669 1141 3742 episcopo.

2146 3567 2414 3643 διεδέξατο
2446 3570 2544 3639 τὴν
2576 3574 2672 3626 τοῖ’)
2703 3572 2906 3645 πατρὸς
2960 3568 3265 3646 βασιλείαν.
3319 3573 3465 3629 Μετὰ
3517 3570 3799 3649 παραδρο-

2148 3658 2254 3731 μὴν
2289 3655 2345 3713 δὲ
2371 3656 2447 3715 λε’
2473 3657 2605 3715 ἐτῶν
2636 3656 2922 3731 ἐπανήχθη
2956 3658 2983 3714 ὀ
3045 3658 3215 3738 μέγας
3272 3660 3660 3737 Χρυσόστομος
3694 3663 3801 3719 ἀπὸ

376 3753 663 3827 Κομάνων,
693 3754 873 3827 δικαίᾳ
906 3758 1263 3832 χρησαμένου
1294 3751 1505 3832 σπουδῇ
1540 3754 1793 3833 Πρόκλου
1822 3754 1917 3808 τοῦ
1949 3759 2050 3821 τῆς
2084 3748 2716 3812 Κωνσταντινουπόλεως
2760 3746 3080 3806 ἐπισκόπου.

448 3846 709 3902 Eudoxia
740 3847 1141 3915 autem,sicuti
1178 3850 1656 3915 commemoravi,
1691 3865 1810 3904 non
1844 3845 2032 3900 multo

378 3942 511 4006 post
543 3942 774 3994 mortua
818 3943 925 4003 est,
980 3956 1114 3994 cum
1175 3940 1596 4011 supervixisset
1651 3936 1860 3993 Joanni
1916 3942 2034 3990 tres

379 4026 571 4083 solum
604 4046 860 4085 menses.
897 4032 1037 4087 Nam
1097 4048 1232 4087 cum
1282 4036 1518 4087 uterum
1576 4030 1759 4086 ferret
1789 4029 2034 4101 jamque

380 4118 572 4188 partui
600 4124 757 4174 esset
789 4120 1001 4188 vicina,
1034 4119 1188 4176 fetus
1221 4120 1282 4176 in
1317 4126 1487 4178 utero
1538 4120 1863 4177 exstinctus
1897 4122 1985 4173 est
2020 4139 2035 4182 ς

379 4224 445 4262 ac
486 4226 618 4262 cum
654 4226 790 4264 eum
815 4208 990 4267 vellet
1021 4210 1188 4278 eniti,
1222 4209 1283 4266 id
1314 4210 1535 4267 frustra
1581 4209 1711 4277 fuit,
1763 4213 2036 4281 totosque

380 4296 506 4352 dies
538 4304 792 4370 quatuor
822 4306 1092 4357 mortuus
1122 4300 1276 4357 fetus
1308 4300 1371 4357 in
1395 4306 1563 4357 utero
1586 4304 1852 4356 retentus
1871 4313 2033 4354 com-

374 4387 807 4459 putruit,atque
827 4391 975 4445 uteri
1000 4407 1237 4461 quoque
1270 4390 1613 4447 abscessum
1637 4387 1855 4445 ell‘ecit.
1890 4388 2035 4443 Cum

376 4496 569 4548 neque
604 4480 792 4534 exiret
821 4480 975 4537 fetus
1008 4486 1065 4535 et
1094 4481 1368 4537 dolorum
1402 4482 1537 4537 ﬁnis
1567 4498 1688 4536 non
1721 4479 2038 4550 esset,qui-—

381 4566 517 4622 dam
545 4568 596 4621 ei
631 4569 858 4624 litteras
892 4571 1147 4642 magicas
1181 4571 1331 4627 586
1364 4571 1743 4643 superposuit
1773 4587 1785 4626 :
1838 4587 1953 4641 qua
1976 4585 2037 4624 re

382 4661 440 4709 et
471 4656 669 4709 statim
703 4658 880 4729 ejecit
910 4666 1210 4717 mortuum
1243 4660 1427 4717 fetum
1461 4667 1517 4715 et
1548 4660 1727 4717 simul
1777 4659 2040 4717 animam

382 4745 721 4801 miserrima
753 4747 990 4803 efﬂavit.

2214 3839 2278 3895 ἸΙ
2310 3836 2368 3894 δὲ
2400 3837 2630 3913 Εὐδοξία
2661 3839 2763 3897 οὐκ
2817 3836 2893 3903 εἷς
2956 3840 3162 3919 μακράν
3193 3838 3590 3912 τετελευτήκει,
3622 3842 3806 3907 καθὼς

2146 3928 2420 3999 λέλεκται,
2453 3935 2596 4005 τρεῖς
2626 3931 2716 3986 καὶ
2770 3930 2968 4005 μόνους
3018 3930 3166 4004 αὖτῴ
3212 3922 3549 3988 ἐπιϐιώσασα
3608 3940 3805 4006 μῆνας,

2149 4021 2378 4096 Ἐγκῦου
2410 4019 2513 4096 γὰρ
2556 4014 2722 4091 οὔσης
2752 4016 2918 4089 αὐτῆς
2975 4021 3085 4075 καὶ.
3130 4020 3267 4095 πρὸς
3324 4018 3455 4078 αὐτὸ
3510 4022 3572 4077 τὸ
3628 4028 3802 4079 τεκεῖν

2145 4106 2253 4178 ἤδη
2288 4107 2953 4184 ἐπειγομένηςτέθνηκετὸ
2987 4109 3186 4190 βρέφος
3223 4109 3274 4166 ἐν
3294 4113 3361 4176 τῆ
3383 4112 3576 4186 γαστρὶ
3610 4110 3806 4183 αὐτῆς,

2147 4198 2235 4255 καὶ
2268 4198 2566 4272 ἀρξαμένης
2598 4195 2807 4253 ὠδίνειν
2870 4197 2969 4254 οὐκ
3023 4199 3231 4275 ἠεχετο
3287 4200 3350 4254 τὸ
3415 4200 3615 4275 βρέφος
3666 4202 3805 4277 πρὸς

2145 4285 2524 4357 τοκετὸν,ἀλλ’
2556 4286 2737 4362 ἔμενεν
2767 4282 2918 4342 ἔνδον
2943 4288 3343 4364 νενεκρωμένον
3376 4287 3462 4345 ἐπὶ
3496 4289 3629 4353 ὅλας
3660 4290 3804 4363 ὴμέ-

2152 4398 2245 4454 ρας
2276 4374 2560 4453 τέσσαρας.
2594 4376 2804 4434 Τούτου
2855 4376 3032 4432 τοίνυν
3085 4376 3345 4440 σαπέντος
3389 4378 3596 4449 ἀπέστη
3630 4381 3723 4436 καὶ
3768 4382 3804 4450 ἡ

2146 4469 2376 4544 γαστὴρ,
2407 4467 2495 4523 καὶ
2567 4462 2809 4538 διέξοδος
2866 4466 2962 4521 τοῦ
3008 4458 3257 4542 ἔμϐρύου
3312 4468 3404 4524 καὶ
3462 4474 3569 4525 τῶν
3621 4467 3805 4525 πόνων

2151 4556 2305 4620 λύσις
2340 4555 2438 4614 οὐκ
2482 4559 2571 4628 ἦν.
2630 4555 2947 4631 ’Δνθρώπου
3006 4553 3063 4612 δέ
3128 4577 3275 4620 τινος
3333 4555 3606 4622 ἐπιθέντος
3662 4559 3805 4632 αὐτῇ

2149 4647 2496 4720 γραμμάτιον
2528 4645 2959 4721 γεγοητευμένον
2989 4642 3183 4707 εὐθέως
3214 4638 3562 4718 ἐξήμϐλωσε,
3593 4640 3682 4702 καὶ
3717 4647 3809 4703 σὺν

2149 4741 2217 4810 τῇ
2248 4730 2504 4808 ἀποϐολῇ
2535 4738 2631 4789 τοῖ’)
2663 4726 2905 4808 ἐμϐρύόυ
2937 4732 3304 4813 συναπὲῥρηξε
3341 4733 3433 4790 καὶ
3479 4736 3577 4805 τὴν
3611 4735 3809 4806 ἑαυτῆς

2149 4828 2333 4901 ψυχὴν
2366 4828 2401 4895 ἡ
2432 4822 2772 4899 τριτάλαινα.

452 4927 621 4981 Anno
655 4929 721 4981 14
780 4927 975 4983 Romae
1030 4933 1188 4987 terra
1247 4934 1474 5002 septem
1531 4927 1740 4983 diebus
1799 4926 2025 4999 mugiit.

2210 4920 2301 4988 Τῷ
2335 4912 2399 4970 ιδ“
2448 4908 2552 4968 ἔτει
2606 4910 2662 5002 ἐν
2718 4912 2912 4987 Ῥώμῃ
2965 4911 3223 5002 μεμυκήθη
3278 4914 3313 4983 ἠ
3346 4920 3419 4989 γῆ
3459 4912 3806 5002 ἒπὶῃὴμέρας

381 5017 643 5072 Mortuus
676 5022 765 5073 est
793 5017 971 5073 etiam
995 5018 1281 5074 Arcadius
1317 5035 1493 5089 ,anno
1516 5017 1705 5072 {etatis
1727 5017 1814 5083 3t,
1848 5015 2038 5087 impe-

379 5105 529 5161 ravit
550 5123 740 5161 annos
770 5108 857 5161 26.
906 5106 1051 5162 Filio
1109 5124 1215 5163 suo
1246 5106 1571 5163 Theodosio
1606 5110 1861 5161 tutorem
1894 5122 2037 5161 con-

383 5196 573 5251 stituit
589 5213 787 5270 regem
801 5199 1119 5253 Persarum
1138 5194 2040 5267 Isdigerdem,honorariumque

381 5288 432 5344 ei
466 5287 787 5345 destinavit
820 5289 957 5342 1000
999 5286 1227 5361 argenti
1262 5285 1467 5341 libras.
1508 5283 2042 5341 I’raastautissimos

2151 5006 2304 5063 ἑπτά.
2333 5004 2571 5075 Τελευτᾷ
2603 4999 2658 5057 δὲ
2697 5003 2787 5057 καὶ
2817 4999 3124 5077 Ἀρκάδιος,
3185 5001 3340 5079 βιοὺς
3397 5004 3491 5077 μὶν
3546 5001 3639 5074 ἔτη
3702 5002 3806 5075 λα’,

2153 5094 2478 5175 βασιλεύσας
2546 5089 2601 5146 δὲ
2666 5091 2787 5151 κς’⁶
2844 5091 2904 5151 ὃς
2954 5090 3044 5145 καὶ
3074 5087 3354 5161 διετάξατο
3415 5095 3523 5148 τῶν
3586 5095 3805 5168 Περσῶν

2154 5175 2745 5264 βασιλὲαἸσδιγέρδην
2777 5176 3038 5251 κήδεσθαι
3104 5183 3201 5233 τοῦ
3258 5177 3453 5244 παιδὸς
3515 5179 3805 5238 Θεοδοσίου

2148 5263 2239 5333 καὶ
2289 5267 2589 5349 λαμϐάνειν
2643 5263 2931 5346 πρεσϐεῖον
2988 5268 3222 5344 χρυσίου
3290 5266 3482 5346 λίτρας
3538 5273 3653 5347 (52)
3720 5271 3806 5327 ix.

1594 5410 1954 5466 XYLANDRI
1992 5410 2077 5463 ET
2117 5406 2331 5463 GOARI
2366 5402 2591 5459 ΝΟΤιΕ.

453 5544 566 5613 (51)
600 5541 730 5596 Μεθ’
780 5540 1053 5613 οἷοννοῖος
1114 5544 1204 5613 est
1250 5539 1331 5613 ἰη⁸
1372 5538 1658 5613 margine.
1694 5535 2036 5613 thuidern

386 5606 745 5669 Soaomenus
774 5612 1020 5666 minime
1052 5611 1275 5665 malum
1308 5610 1491 5665 fuisse
1507 5606 1845 5673 'refertmisi
1878 5606 2037 5678 quod

385 5686 582 5759 aliena
614 5690 857 5759 peccata
889 5683 1332 5759 eumjnt‘amem
1363 5679 2035 5759 fecerunt.Videv111,22}.

387 5758 496 5811 Sed
530 5750 639 5810 hoc
666 5753 861 5823 ipsum
885 5752 1042 5824 quod
1073 5750 1170 5809 hic
1200 5752 1263 5807 in
1295 5753 1559 5825 margine
1602 5758 1709 5821 est,
1744 5750 2037 5806 Simeonis

2150 5528 2461 5603 cujusdam
2487 5530 2669 5597 est,ut
2697 5525 2891 5597 legere
2924 5525 3093 5596 potes
3105 5522 3259 5596 apud
3276 5523 3666 5596 Nicephorum
3682 5542 3803 5596 xm,

2148 5605 2499 5745 28ξὸξῖῐὲωά
2530 5672 2708 5745 libra,
2722 5668 2934 5745 scribit
2966 5667 3226 5745 Budaeus
3242 5669 3322 5745 De
3352 5668 3473 5745 A_ss.
3530 5668 3571 5726 1.
3606 5685 3657 5732 ν,
3690 5685 3800 5745 non

2148 5739 2331 5801 minus
2387 5746 2569 5799 aureis
2626 5741 2814 5796 solidis
2863 5745 3076 5794 centum
3131 5740 3398 5794 aestimari
3444 5746 3643 5809 potest.
3697 5739 3798 5793 Se-
