4144 6456
359 442 483 503 639
1721 449 2017 510 GEORGI

2132 452 2433 512 EEDRENI
3667 448 3792 509 640

366 579 560 637 ierant
593 586 747 638 1160.
782 585 970 655 Atque
1004 585 1227 640 interea
1258 584 1499 655 quidem
1533 587 1815 657 temporis
1833 588 2019 642 multo

2136 586 2212 647 εἷς
2255 582 2474 662 ἔπειρον
2510 587 2676 642 εἰπεῖν
2710 587 2802 642 τὸν
2826 586 3018 641 αἶ’ῶνα·
3069 585 3232 662 χίλια
3288 587 3393 662 γὰρ
3452 586 3542 641 καὶ
3600 583 3791 641 ἑκατὸν

366 672 696 743 majoribus
727 674 921 730 fuerat
951 681 1176 731 tentata
1205 675 1378 731 bellis
1405 694 1416 730 :
1450 682 1590 731 tunc
1622 682 1818 732 autem
1852 684 2021 750 capta

2133 676 2390 748 ἐξήκοντα
2422 670 2515 747 ἔτη
2548 678 2925 752 ⁸παρῳχήκει,
2983 675 3034 732 ἐν
3094 679 3180 739 οἷς
3242 675 3407 743 αὐτὴν
3465 680 3791 750 πειραθῆναι

368 768 478 831 est,
508 764 680 819 sicuti
712 765 770 819 in
797 766 934 820 fatis
963 766 1174 833 fuerat,
1200 766 1273 821 ob
1297 767 1721 838 imperantium
1739 768 2021 824 stolidita-

2132 763 2363 820 πολλῶν
2401 766 2665 839 μειζόνων
2700 761 2897 835 συνὲϐη
2931 764 3238 839 πολεμίων.
3271 764 3410 822 Νυνὶ
3451 763 3507 819 δὲ
3546 761 3792 835 ἀλούσης

370 859 511 906 tem.
547 855 696 909 Sunt
726 855 825 925 qui
858 855 1091 910 tradant
1122 855 1459 926 Scipionem
1489 857 1856 927 Africanum,
1889 876 2021 914 cum

2132 858 2208 925 τῷ
2237 856 2582 930 πεπρωμένῳ
2642 852 2730 909 διὰ
2786 863 2890 925 τῆς
2946 856 3054 910 τῶν
3109 857 3453 929 κρατούντων
3515 852 3787 925 εὐηθείας,

373 958 574 996 muros
632 943 1001 1014 Carthaginis
1059 943 1365 1015 dejiceret,
1420 945 1897 1016 illacrymantem
1950 948 2021 1002 de

2132 941 2247 1019 εἷ’γε
2275 943 2364 998 καὶ
2406 938 2548 999 ἔστιν
2583 944 2751 999 εἰπεῖν
2783 966 2833 999 τι
2866 945 3013 1020 παρά
3071 947 3232 1000 τοῦτο
3283 944 3551 1021 γενέσθαι.
3612 944 3681 999 Οἱ
3730 941 3792 997 δὲ

371 1033 556 1085 Roma
587 1032 1069 1102 pronuntiavisse
1101 1034 1480 1089 Homericum
1503 1052 1736 1090 versum
1755 1035 1935 1091 istum
1961 1037 1981 1071 ’⁷
2006 1053 2019 1092 :

2132 1034 2434 1104 Σκηπίωνα
2461 1034 2555 1088 τὸν
2616 1036 2939 1113 Ἀφρικανὸν
2992 1033 3357 1105 ἐπικληθέντα
3409 1033 3591 1111 φασὶ-ι,
3652 1030 3792 1116 όπηις

365 1158 675 1225 ίΕᾳιιαιιινα
698 1157 815 1210 solo
843 1172 1059 1212 sacram
1103 1159 1203 1212 lum
1231 1164 1449 1229 appetet
1478 1160 1689 1215 urbem.

369 1281 431 1335 ld
454 1286 596 1335 tunc
620 1280 935 1352 impletum
955 1288 1073 1349 est;
1101 1288 1381 1353 tantaque
1401 1284 1561 1349 urbs,
1579 1301 1711 1355 quae
1725 1300 2021 1341 summam

366 1369 1071 1441 obtinueratpotestatem
1086 1377 1145 1426 et
1160 1373 1428 1428 omnium
1442 1389 1644 1428 rerum
1656 1374 1826 1444 capia
1842 1374 2023 1435 abun-

366 1462 607 1517 daverat
619 1467 929 1532 totumque
951 1480 1133 1535 prope
1151 1465 1357 1519 orbem
1378 1470 1671 1520 terrarum
1686 1465 2019 1538 subegerat,

367 1556 509 1604 tunc
541 1550 736 1605 subito
764 1555 1007 1606 vastata.
1041 1552 1271 1607 Accidit
1317 1553 1428 1608 hoc
1478 1552 1777 1608 excidium
1819 1555 2020 1609 Romae

367 1639 463 1693 die
530 1640 809 1695 vicesima
865 1644 1032 1697 sexta
1088 1641 1312 1696 mensis
1364 1643 1633 1713 Augusti,
1694 1641 2019 1697 indictione

367 1745 546 1795 nona,
572 1745 729 1784 anno
751 1728 823 1785 ab
846 1728 1088 1783 exordio
1117 1729 1324 1784 mundi
1373 1732 1533 1784 5965.
1574 1731 1715 1801 Ejus
1746 1731 1831 1784 rei
1862 1731 2022 1786 fama

365 1833 502 1872 cum
536 1823 692 1873 esset
722 1819 1057 1873 Ravennam
1089 1818 1338 1890 perlata,
1372 1818 1612 1889 quidam
1660 1819 1904 1891 plorans
1952 1836 2020 1875 ac

367 1906 658 1977 quiritans
685 1908 943 1962 Honorio
974 1907 1158 1963 dixit:
1195 1908 1464 1977 Domine,
1496 1911 1682 1965 Roma
1701 1909 2015 1964 Alarichus

366 1998 764 2053 Vandalorum
795 1998 913 2053 dux
942 1999 1167 2069 potitus
1184 2003 1293 2054 est.
1331 2000 1624 2054 Honorius
1651 1998 1856 2054 dolore
1887 2016 2015 2055 cor-

365 2087 920 2159 reptus,complosis
933 2088 1240 2143 manibus:
1262 2089 1801 2159 Hactenus,inquit,
1836 2105 1906 2144 ea
1926 2089 2023 2145 hic

322 2198 329 2211 '
366 2178 508 2232 fuit:
544 2175 843 2247 quomodo
878 2193 1013 2248 ergo
1037 2176 1097 2230 in
1120 2177 1444 2231 Gothorum
1462 2194 1678 2233 manus
1708 2179 2023 2248 pervenit?

368 2268 515 2320 Tum
536 2265 688 2319 alter
709 2265 1135 2336 ingemiscens:
1163 2267 1309 2329 Non,
1338 2267 1440 2335 ait,
1464 2266 1678 2337 loquor
1697 2267 1770 2322 de
1788 2268 2024 2336 ave,sed

373 2355 446 2409 de
474 2354 642 2409 urbe.
677 2354 763 2409 lbi
790 2354 1473 2422 HonoriuszPerculisti,
1503 2354 1719 2425 inquit,
1752 2356 2022 2413 animum

373 2460 614 2499 meum:
649 2460 787 2499 nam
820 2444 891 2498 de
922 2460 1027 2498 ave
1084 2443 1367 2515 putabam
1412 2448 1467 2498 te
1517 2443 1702 2515 loqui.
1763 2445 2026 2502 Habebat

374 2533 533 2588 enim
558 2534 852 2588 Honorius
873 2550 1039 2588 avem
1054 2549 1169 2603 qua
1190 2532 1803 2604 delectabatur,quam
1824 2538 2023 2591 Romaa

371 2624 612 2677 nomine
634 2624 941 2678 affecerat:
968 2623 1174 2695 ingens
1202 2622 1724 2688 stoliditatis,589
1739 2641 1813 2679 ne
1828 2625 2022 2681 dicam

369 2713 616 2768 insanias
660 2713 920 2767 hominis
978 2718 1415 2785 argumentum.
1475 2714 1676 2785 Neque
1734 2718 1826 2768 est
1863 2715 2023 2785 quod

369 2802 607 2857 mireris
637 2802 818 2857 talem
848 2803 1155 2857 hominem
1186 2802 1508 2874 imperium
1557 2802 1843 2873 tenuisse,
1886 2821 2022 2859 cum

364 2890 463 2945 alii
495 2906 733 2961 quoque
764 2892 963 2946 Romae
995 2891 1419 2961 imperaverint
1449 2908 1703 2962 quorum
1756 2893 2023 2950 facinora

366 2984 426 3034 et
440 2980 668 3034 insanae
686 2979 1038 3051 cupiditates
1054 2979 1324 3035 auditum
1350 2980 1662 3036 oﬂ‘endunt
1682 2998 1694 3035 :
1711 2982 2023 3038 considera

369 3068 528 3123 enim
555 3069 837 3134 Nerones,
870 3068 1088 3133 Avitos,
1122 3069 1355 3139 Galbas,
1405 3071 1667 3126 Othones
1715 3077 1775 3126 et
1822 3072 1870 3126 si
1918 3074 2021 3143 qui

369 3158 469 3212 alii
498 3158 680 3230 hujus
711 3159 920 3214 farinae
951 3158 1213 3216 fuerunt.

435 3438 617 3509 Capta
645 3439 851 3507 Roma,
888 3439 1184 3494 Honorius
1216 3456 1285 3494 ex
1318 3455 1474 3510 aqua
1513 3440 1808 3495 intercute
1836 3441 2022 3496 mori-

364 3533 481 3595 tur,
513 3543 649 3581 cum
680 3528 921 3582 vixisset
971 3545 1161 3583 annos
1211 3529 1628 3600 quadraginta,
1670 3528 2026 3600 imperasset

365 3616 608 3687 triginta
637 3633 844 3685 unum,
876 3617 1008 3671 vitas
1041 3634 1162 3671 sum
1201 3618 1414 3672 relicta
1444 3617 1653 3672 infami
1686 3623 1746 3673 et
1775 3618 2024 3673 illauda—

366 3704 473 3758 bili
496 3706 806 3761 memoria.
836 3708 1017 3761 Morte
1034 3708 1163 3779 ejus
1186 3707 1415 3778 Cpolim
1437 3708 1791 3763 annuntiata
1804 3707 2025 3762 tumul-

369 3798 599 3849 tuatum
632 3800 753 3850 tota
791 3795 938 3851 urbe
968 3801 1058 3851 est
1087 3812 1194 3867 per
1240 3796 1367 3851 dies
1411 3813 1532 3852 sex.
1584 3798 1706 3861 Quo
1756 3802 2023 3868 tempore

367 3885 660 3939 Honorius
678 3885 955 3953 decessit,
975 3885 1340 3941 Theodosius
1362 3903 1589 3941 annum
1611 3886 2023 3958 agebatzetatis

365 3973 714 4029 vicesimum
745 3979 1044 4045 quartum,
1078 3975 1315 4046 imperii
1345 3975 1645 4031 decimum
1677 3975 2020 4047 septimum.

368 4066 509 4137 Ejus
541 4070 739 4121 autem
768 4065 1123 4139 paedagogus
1150 4067 1499 4133 Antiochus,
1532 4065 1594 4121 id
1626 4066 1787 4138 quod
1826 4066 1890 4121 in
1920 4082 2012 4121 co-

367 4155 587 4211 mmdia
615 4161 723 4223 est,
756 4155 1053 4211 Turbabat
1082 4156 1285 4211 omnia
1308 4156 1612 4228 fulgurans
1635 4162 1695 4212 et
1714 4156 2021 4211 intonans.

371 4248 578 4318 Itaque
597 4248 916 4320 imperium
930 4264 1112 4320 prope
1128 4248 1361 4303 nullum
1378 4247 1834 4318 fuit,omniaque
1848 4247 2021 4302 latro-

369 4354 515 4393 num
548 4338 745 4409 plena.

443 4432 615 4484 Anno
674 4429 882 4498 quinto
948 4428 1132 4483 Judaei
1208 4428 1581 4483 Alexandriaa
1654 4426 2023 4482 Christianos

365 4519 623 4590 pessime
644 4523 1065 4573 tractaverunt.
1092 4518 1237 4572 Cum
1261 4517 1421 4573 enim
1442 4522 1686 4572 tesseris
1708 4516 1840 4571 loco
1864 4530 2024 4570 com-

366 4605 712 4676 posuissent
741 4605 949 4659 annuli
979 4605 1052 4660 de
1081 4604 1295 4675 palma:
1340 4603 1551 4659 fronde
1604 4603 2022 4675 gestationem,

2128 1121 2251 1176 νίκα
2280 1122 2505 1197 καθῄρει
2559 1123 2626 1178 τά
2680 1130 2780 1191 τῆς
2840 1124 3193 1198 Καρθαγένης
3248 1121 3437 1196 τείχη,
3494 1118 3793 1195 ἐπιδακρύ-

2131 1232 2294 1267 σαντα
2324 1211 2491 1267 εἰπεῖν
2525 1211 2613 1268 ἐπὶ
2649 1216 2720 1288 τῇ
2754 1213 2941 1288 Ῥώμῃ
2967 1213 3031 1268 τὸ
3063 1213 3362 1287 Ὁμηρικὸν
3408 1210 3537 1275 ἔπος
3590 1208 3784 1265 ἐκεῖνο·

2235 1339 2487 1394 Ἔσσεται
2516 1340 2672 1414 ἦμαρ
2712 1338 2835 1394 ὅταν
2870 1340 2993 1396 ποτ’
3027 1338 3220 1414 ὀλώλῃ
3249 1337 3427 1401 Ἴλιος
3460 1338 3576 1414 ἱρή.

2129 1466 2306 1521 Τοῦτο
2337 1468 2470 1539 γοῦν
2510 1464 2586 1526 εἰς
2611 1464 2777 1539 πέρας
2806 1464 2987 1543 ἢχθη,
3019 1463 3112 1519 καὶ
3144 1466 3179 1533 ἡ
3212 1464 3447 1534 τοσαύτη
3480 1462 3543 1517 τὸ
3564 1461 3786 1537 κράτος,

2126 1552 2218 1608 καὲ
2274 1553 2448 1608 πάντα
2498 1553 2567 1608 τὰ
2628 1558 2858 1630 μέγιστα
2917 1553 3269 1627 εὖπορήσασα
3333 1552 3425 1607 καὶ
3482 1555 3655 1607 πᾶσαν
3712 1551 3790 1612 ὡς

2127 1642 2295 1697 εἰπεῖν
2340 1639 2741 1715 δουλωσαμένη
2801 1644 2902 1711 τὴν
2960 1641 3311 1716 οἰκσυμένην,
3372 1639 3616 1709 καθάπαξ
3647 1640 3790 1714 ἠρήο

2131 1753 2282 1806 μωτο
2310 1733 2525 1805 Ῥώμη,
2551 1733 2756 1788 Ἕπαθε
2817 1729 2874 1787 δὲ
2930 1733 3029 1800 τήν
3079 1730 3340 1801 τοιαύτην
3397 1728 3603 1785 ἅλωσιν
3652 1727 3786 1801 μηνὶ

2128 1824 2428 1900 Αὐγούστῳ
2457 1825 2558 1895 κς’,
2594 1822 2815 1898 ίνδίκτῳ
2857 1826 2903 1880 0‘
2959 1821 3065 1880 ἔτει
3124 1825 3230 1879 ἀπὸ
3286 1822 3513 1885 κτίσεως
3571 1821 3782 1895 κόσμου

2121 1915 2337 1995 ιεῆξῇξέ⁹
2374 1912 2751 1978 Ἀκουσθέντος
2784 1911 2842 1969 δὲ
2904 1917 3103 1969 τούτου
3171 1912 3223 1967 ἐν
3278 1906 3543 1985 Ῥαϐέννῃ
3604 1909 3781 1985 ἀπηγ-

2127 2002 2279 2079 γειλέ
2306 2023 2388 2065 τις
2415 2008 2496 2075 τῷ
2544 2003 2791 2078 Ὁνωρίῳ
2846 2000 3198 2078 δακρυῤῥοῶν
3246 2001 3338 2056 καὶ
3391 1997 3784 2072 ποτνιῶμενος·

2130 2093 2199 2147 ⁸Ω
2238 2089 2491 2159 δέσποτα,
2551 2091 2698 2147 ἑάλω
2755 2092 2944 2165 Ῥώμη
3008 2091 3110 2146 ὑπὸ
3166 2089 3470 2165 Ἀλαρίχου
3526 2092 3624 2144 τοῦ
3674 2091 3782 2142 τῶν

2133 2179 2448 2239 Οὐανδίλων
2476 2182 2766 2257 ἄρχοντος.
2800 2180 2884 2249 [Ρ.
2916 2183 3044 2253 336]
3090 2182 3146 2234 Ὀ
3192 2178 3249 2235 δὲ
3307 2179 3632 2241 συσπασΟεὶς
3688 2176 3781 2231 καὶ

2132 2270 2211 2325 τὼ
2241 2276 2395 2349 χεῖρε
2423 2272 2697 2345 κροτήσας
2726 2263 2851 2347 ἔφη·
2882 2266 3010 2324 Ὧδε
3047 2270 3115 2339 ἧν
3164 2265 3268 2331 ἕως
3319 2270 3464 2343 ἄρτι,
3520 2267 3610 2322 καὶ
3664 2269 3783 2326 πῶς

2132 2360 2462 2438 παρελήφθη
2499 2359 2602 2413 ὑπὸ
2641 2363 2750 2414 τῶν
2801 2359 3057 2428 Γότθων;
3109 2363 3167 2412 '0
3211 2355 3269 2413 δὲ
3311 2357 3557 2427 στενάξας
3609 2356 3785 2410 εἶπεν

2131 2446 2209 2505 Οὐ
2239 2448 2337 2516 τὴν
2371 2445 2515 2522 ὄρνιν
2541 2447 2706 2523 γέγω,
2739 2444 2992 2515 δέσποτα,
3039 2446 3185 2503 ἀλλά
3228 2447 3330 2515 τὴν
3382 2444 3565 2502 πόλιν.
3616 2445 3678 2500 Ὁ
3729 2440 3787 2498 δὲ

2133 2536 2354 2617 ἀντὲφη·
2421 2538 2739 2610 Ἐξέστησάς
2822 2559 2910 2611 με,
3001 2536 3273 2613 ἄνθρωπ’
3363 2535 3474 2614 ἐγὼ
3532 2536 3783 2608 ἐνόμιζον

2132 2629 2216 2683 δτι
2264 2629 2365 2696 τήν
2420 2623 2609 2706 ὄρνιθα
2641 2626 2838 2701 λὲγεις.
2896 2629 3032 2706 Εἶχε
3087 2627 3190 2703 γὰρ
3247 2621 3577 2700 ἀλεκτορίδα
3635 2623 3785 2695 ἐφ’ςῆ

2132 2715 2433 2793 ἠγάλλετο,
2491 2702 2663 2791 ἥνπερ
2720 2714 2902 2772 ἐκάλει
2958 2702 3199 2790 Ῥώμην’
3259 2719 3518 2769 τοσοῦτον
3590 2718 3785 2786 περιῆν

2131 2807 2283 2879 αὐτῷ
2310 2807 2373 2862 τὸ
2403 2813 2504 2876 τῆς
2533 2801 2888 2881 ἀϐελτηρίας,
2916 2803 3010 2860 ἵνα
3042 2806 3120 2879 μὴ
3155 2802 3304 2881 λέγω
3353 2801 3535 2864 ἀνοίας
3580 2801 3788 2873 τεκμή-

2133 2916 2270 2974 ριον.
2308 2896 2405 2953 Καὶ
2438 2895 2500 2950 οὗ
2550 2895 2855 2968 θαυμαστὸν
2913 2895 2961 2949 εἲ
3012 2898 3263 2955 τοιοῦτος
3321 2887 3398 2947 ὥν
3454 2887 3783 2947 ἐϐασίλευεν.

2130 2984 2245 3040 ἐπεὶ
2277 2984 2369 3039 καὶ
2411 2981 2575 3039 ἄλλοι
2635 2984 2778 3047 τινες
2831 2985 3215 3057 προηγήσαντο
3253 2982 3499 3055 Ῥώμης,
3559 2976 3636 3033 ὧν
3691 2978 3789 3040 τὰς

2130 3073 2350 3148 πράξεις
2406 3073 2497 3128 καὶ
2552 3070 2659 3135 τὰς
2713 3071 2949 3145 ἀλόγους
3040 3072 3214 3147 ὁρμᾶς
3292 3071 3584 3146 ἀμήχανον
3645 3068 3784 3140 ἀκοῇ

2130 3159 2547 3240 παραδέξασθαι·
2582 3163 2708 3224 τοὺς
2747 3161 3003 3238 Νέρωνας
3046 3159 3139 3216 καὶ
3194 3158 3322 3221 τοὺς
3377 3154 3624 3220 Ἀϐίτους
3689 3176 3784 3229 μοι

2131 3253 2242 3308 νόει
2275 3254 2362 3308 καὶ
2395 3247 2609 3316 Γάλϐας
2642 3254 2757 3327 (53)
2786 3253 2877 3308 καὶ
2915 3252 3183 3319 Ὂθωνας,
3239 3250 3330 3305 καὶ
3375 3247 3430 3304 εἷ’
3474 3269 3557 3312 τις
3613 3244 3789 3310 ἄλλος

2048 3325 2091 3392 C
2128 3342 2240 3400 ἐστὶ
2272 3343 2481 3398 τούτων
2512 3341 2698 3415 ἐσμός.

2197 3431 2345 3489 Μετὰ
2369 3434 2471 3501 τήν
2520 3430 2724 3488 ἅλωσιν
2782 3431 3006 3504 Ῥώμης
3061 3429 3292 3501 τελευτᾷ
3340 3429 3603 3504 Ὁνώριος
3662 3422 3778 3480 ὀδε-

2128 3522 2339 3596 ριάσας,
2376 3522 2583 3596 βιώσας
2612 3519 2705 3591 ἔτη
2753 3521 2829 3593 μ’,
2891 3518 3213 3593 βασιλεύσας
3273 3514 3331 3572 δὲ
3388 3515 3494 3587 λα’,
3548 3517 3774 3590 μνήμην

2127 3609 2307 3666 λιπὼν
2335 3613 2414 3682 τῷ
2451 3608 2556 3686 βίῳ
2588 3606 2822 3664 δυσκλεᾶ
2851 3608 2942 3663 καὶ
3008 3606 3261 3682 ἄσεμνον.
3318 3604 3669 3677 Δηλωθείσης
3721 3600 3780 3657 δὲ

2123 3707 2227 3770 τῆς
2277 3700 2443 3755 αὐτοῦ
2499 3697 2760 3769 τελευτῆς
2818 3698 2870 3754 ἐν
2931 3696 3503 3753 Κωνσταντινουπόλει
3564 3694 3776 3765 ἐσείσθη

2126 3796 2271 3844 πᾶσα
2300 3792 2335 3859 ἡ
2363 3788 2527 3851 πόλις
2557 3789 2767 3863 ἡμέρας
2797 3790 2863 3852 ς’.
2895 3785 3186 3849 Θεοδόσιος
3235 3786 3294 3841 δὲ
3339 3786 3477 3840 κατὰ
3524 3785 3616 3839 τὸν
3667 3804 3787 3838 καις

2127 3879 2219 3954 ρὸν
2246 3885 2347 3949 τῆς
2377 3879 2638 3953 Ὀνωρίου
2667 3876 2928 3948 τελευτῆς
2954 3879 3062 3953 ἦγε
3092 3882 3192 3945 τῆς
3241 3873 3462 3944 ἡλικίας
3513 3870 3631 3934 ἔτος
3679 3869 3780 3942 κδ’,

2124 3969 2223 4037 τῆς
2265 3963 2321 4022 δὲ
2356 3965 2635 4042 βᾶσῐλείας
2668 3966 2752 4035 ιζ’.
2811 3966 2866 4019 '0
2917 3963 2974 4020 δὲ
3030 3963 3226 4019 τούτου
3282 3961 3512 4040 τροφεὺς
3568 3958 3782 4017 Ἀντίο-

2125 4077 2251 4132 χος,
2281 4058 2420 4113 κατὰ
2446 4058 2545 4125 τήν
2577 4052 2878 4130 κωμῳδίαν
2928 4055 3069 4129 (54),
3121 4054 3482 4126 Ἦστραπτεθ,
3530 4045 3779 4126 ἐϐρόντα,

2128 4145 2391 4201 συνεκύκα
2445 4145 2513 4200 τὰ
2571 4146 2888 4220 πράγματα.
2977 4140 3174 4217 Ἐγγὺς
3266 4139 3447 4196 τοίνυν
3514 4138 3780 4214 ἀναρχίας

2127 4235 2217 4291 καὶ
2249 4234 2464 4307 λῃστῶν
2493 4233 2685 4311 πλήρη
2713 4235 2781 4290 τὰ
2809 4233 3002 4289 πάντα.

2198 4424 2291 4494 Τῷ
2322 4427 2358 4475 ε’
2397 4419 2501 4474 ἔτει
2533 4414 2789 4475 Ἰουδαῖοι
2850 4415 2905 4471 ἐν
2960 4411 3342 4488 Ἀλεξανδρείᾳ
3398 4412 3593 4468 πολλὰ
3647 4411 3787 4467 κακά

2126 4513 2475 4586 Χριστιανοῖς
2531 4504 2888 4577 ἐπεδείξαντο.
2981 4502 3304 4576 Συνθέμενοι
3362 4503 3469 4577 γὰρ
3506 4501 3641 4575 πρὸς
3680 4497 3784 4554 ἀλ-

2129 4598 2342 4672 λήλους
2373 4598 2660 4674 γνώρισμα
2685 4600 2870 4675 φορεῖν
2905 4592 3197 4649 δακτύλιον
3251 4592 3356 4647 ἀπὸ
3395 4592 3665 4668 φοίνικος,
3714 4591 3783 4662 τῇ

369 4699 551 4749 noctu
564 4709 671 4764 per
691 4709 995 4764 prmcones
1011 4693 1331 4748 exclamari
1354 4695 1714 4748 curaverunt.
1730 4690 2021 4746 ecclesiam

2134 4691 2288 4749 νυκτὶ
2338 4691 2470 4766 βοᾷν
2527 4688 2928 4762 παρεσκεύασαν
2991 4688 3232 4759 κήρυκας
3275 4682 3358 4739 ὅτι
3424 4685 3461 4752 ἡ
3520 4678 3785 4752 ἐκκλησία

371 4798 499 4838 esse
531 4783 863 4849 incensam,
897 4787 955 4836 et
998 4781 1363 4837 Christianos
1410 4780 1483 4836 ad
1531 4778 2021 4851 restinguendum

2132 4780 2471 4855 ἀνεπρήσθη,
2501 4782 2611 4833 τῶν
2671 4775 2729 4833 δὲ
2786 4778 3124 4851 Χριστιανῶν
3186 4770 3599 4848 συνδραμόντων
3653 4768 3786 4825 τού-

370 4870 715 4927 incendium
731 4875 1155 4926 concurrentes
1169 4869 1705 4925 interfecerunt.Re
1719 4875 2021 4940 comperta

2132 4890 2256 4931 τους
2296 4869 2352 4922 οἱ
2385 4865 2644 4925 Ἰουδαῖοι
2702 4864 3050 4940 κατέσφαξαν.
3123 4861 3473 4935 Φωραθέντος
3534 4860 3627 4915 οὗν
3683 4863 3781 4914 τοῦ

369 4961 749 5031 magistratus
780 4960 1096 5016 Christiani
1128 4960 1361 5015 Judmos
1390 4959 1752 5015 Alexandria
1781 4961 2021 5032 expule-

2132 4956 2406 5034 δράματος
2446 4958 2498 5013 οἱ
2550 4954 2860 5033 Χριστιανοὶ
2918 4952 3177 5029 ἄρχοντες
3218 4951 3444 5012 τούτους
3497 4957 3600 5018 τῆς
3650 4946 3783 5005 Ἀλ-

365 5058 526 5119 runt,
560 5068 887 5125 eorumque
920 5053 1077 5107 bona
1106 5050 1579 5123 publicaverunt.
1613 5051 1835 5106 Eodem
1867 5068 2021 5107 anno

2132 5045 2432 5121 εξανδρείας
2458 5043 2723 5119 ἐξήλασαν
2764 5044 2854 5099 καὶ
2910 5044 3005 5104 τάς
3066 5040 3387 5101 ὑποστάσεις
3435 5038 3615 5093 αὐτῶν
3664 5034 3786 5105 ἐδή-

363 5142 539 5199 beata
560 5142 871 5198 Pulcheria
884 5148 942 5196 to
951 5143 989 5196 ti
1008 5157 1209 5197 rerum
1225 5156 1473 5195 summae
1486 5139 2021 5211 praefuit,submoto

2135 5158 2352 5211 μευσαν.
2413 5140 2499 5207 Τῷ
2556 5132 2602 5189 δ’
2658 5134 2806 5206 αὖτῷ
2891 5130 2994 5187 ἔτει
3075 5133 3110 5200 ἡ
3175 5129 3412 5205 μακαρία
3470 5125 3788 5202 Πουλχερία

364 5234 546 5288 Persa
574 5233 889 5288 Antiocho.
926 5231 1149 5287 Eodem
1179 5246 1337 5286 anno
1376 5229 1527 5302 Magi
1584 5230 1736 5285 ΜΝ)
1785 5229 2021 5284 Perside

2132 5223 2357 5288 τελείως
2388 5229 2496 5280 τῶν
2555 5224 2888 5300 πραγμάτων
2956 5220 3191 5297 ἐκράτει,
3243 5223 3341 5275 τοῦ
3400 5217 3611 5293 Πέρσου
3669 5217 3790 5272 Ἀν-

1580 5412 1941 5469 XYLANDRI
1980 5413 2067 5466 ET
2107 5412 2325 5468 GOARI
2364 5410 2585 5465 NOTAE].

2136 5545 2233 5595 tur
2261 5538 2323 5593 in
2354 5537 2629 5595 Eudocim
2663 5534 2913 5613 historia
2941 5533 3013 5613 de
3044 5532 3656 5613 Paulino‘magistrot
3679 5530 3786 5613 ob-

2137 5618 2432 5666 servatum
2460 5614 2550 5666 est
2570 5626 2639 5664 ex
2665 5610 2911 5674 Zonara,
2936 5607 3251 5661 Ammiano
3273 5603 3524 5672 aliisque
3545 5603 3789 5674 scripto-

2132 5683 2320 5749 ribus,
2354 5680 2762 5754 magisterium
2794 5678 3001 5754 aulicaa
3031 5675 3343 5749 potestatis
3374 5690 3443 5729 ac
3482 5673 3787 5746 dignitatis

2132 5754 2435 5826 primaria:
2460 5750 2688 5807 nomen
2711 5766 2859 5807 esse.
2892 5750 3029 5804 Χγι..

438 5546 551 5617 (53)
603 5547 827 5602 Galbam
885 5563 991 5602 cur
1047 5545 1355 5601 sceleratis
1402 5546 1850 5617 annumeraret,
1901 5557 2025 5617 non

368 5609 544 5689 videe'
569 5634 744 5687 quam
768 5620 995 5689 justam
1027 5617 1304 5689 habuerit
1329 5631 1593 5689 causam.
1618 5609 2023 5689 I‘a’znaeesntin

371 5677 603 5757 codice;
638 5694 698 5742 et
724 5677 973 5745 vicinius
1032 5705 1154 5744 non
1207 5687 1504 5743 habebam
1556 5701 1734 5755 quam
1790 5677 2019 5744 Γάλϐας.

371 5760 557 5900 Χῗϐξ)
588 5829 757 5901 Apud
782 5831 1238 5902 Aristophanem
1261 5830 1332 5885 de
1355 5828 1606 5885 Pericle.
1637 5828 1803 5894 Quod
1824 5827 2019 5899 sequi-
