4144 6452
314 371 432 433 641

1445 366 1982 428 HISTORIARUM
2033 365 2574 429 COMPENDIUM.

2942 40 3207 49 m
3222 34 3807 49 AwwﬂW—nli

3623 376 3743 435 642

313 502 517 577 τιὸχου
546 497 794 556 ἐκποδὼν
824 499 1133 576 γεγονότος.
1169 500 1363 573 Τούτῳ
1419 503 1500 572 τῷ
1551 498 1776 571 ἐνιαυτῷ
1827 496 1968 553 πολ-

2112 500 2310 555 nultos
2361 500 2728 556 Christianos
2786 502 3070 573 martyrio
3122 503 3468 574 affecerunt,
3503 509 3561 561 et
3618 524 3742 562 ma-

311 589 408 645 λοι
436 588 488 645 ἐν
526 587 743 667 Περσίδι
772 591 1093 664 Χριστίανοὶ
1127 590 1231 644 ὑπὸ
1287 594 1396 644 τῶν
1462 589 1650 664 μάγων
1708 587 1973 661 μάρτυρες

316 679 593 756 γεγὸνασι.
628 682 720 751 Τῷ
751 675 799 733 δ’
866 678 1015 752 αὐτῷ
1068 678 1177 734 ’ἐτει
1233 675 1399 733 πάλιν
1459 677 1564 732 ἀπὸ
1629 680 1727 732 τοῦ⁹
1758 675 1978 752 ἐμπρη-

322 774 467 845 σμοῦ
490 768 835 841 ἂνεκαινίσθη
870 771 905 839 ἡ
938 769 1164 846 Μεγάλη
1199 768 1486 839 ἐκκλησία.

394 862 488 932 Τῷ
521 860 561 928 ζ’
591 855 697 915 ἔτει
732 857 990 916 Ἰουδαῖοι
1021 858 1098 919 εἱς
1126 860 1217 913 τὸν
1251 859 1451 931 Ἲμμον
1480 853 1666 912 πεδίον
1717 858 1980 931 Χριστια-

319 949 410 1003 νὸν
438 945 608 1003 παῖδα
634 942 1028 1015 συλλαϐόντες,
1089 948 1164 1010 ὡς
1216 950 1502 1017 παίζοντες
1563 943 1721 1017 δηθεν
1767 943 1858 1000 καὶ
1887 943 1980 999 τὸν

325 1036 554 1111 σταυρὸν
608 1034 977 1111 διασύροντες,
1044 1041 1237 1091 τοῦτον
1298 1033 1595 1111 ἐκρέμασαν
1656 1034 1744 1089 ἐπὶ
1791 1032 1982 1103 ξύλου,

325 1124 607 1188 ἀνελόντες
673 1124 951 1201 βασάνοις.
1013 1128 1189 1184 Τοῦτο
1254 1125 1417 1202 γνοὺς
1471 1125 1499 1179 6
1552 1121 1810 1199 βασιλεὺς
1858 1119 1982 1182 τοὺς

321 1214 623 1279 Ἰουδαίους
655 1214 975 1292 πρεπόντως
1021 1213 1269 1272 ἐκόλασε.

398 1310 486 1378 Τῷ
521 1303 589 1360 ιδ’
648 1299 754 1360 ἔτει
804 1302 970 1379 λιμὸς
1027 1305 1254 1382 γέγονεν
1300 1303 1352 1359 ἐν
1404 1303 1610 1376 Πόντῳ,
1664 1302 1804 1356 ὣστε
1857 1299 1986 1363 τοὺς

326 1395 691 1474 Παφλαγόνας
772 1395 1193 1470 εὐνουχίσαντας
1254 1394 1322 1450 τὰ
1380 1392 1496 1449 ἴδια
1579 1395 1737 1448 τὲκνα
1774 1391 1985 1466 πιπρά-

325 1505 493 1544 σκειν.
524 1485 818 1558 Τούτῳτῷ
848 1479 950 1540 ἔτει
1012 1483 1357 1556 ἐτελεύτησεν
1407 1483 1460 1538 ἐν
1511 1485 1769 1552 Ἀθήναις
1833 1480 1991 1536 Λέον·

326 1597 445 1638 τιος
479 1576 506 1631 6
539 1573 861 1655 φιλόσοφος,
895 1575 954 1637 ὅς
987 1570 1218 1652 ἔγραψεν
1272 1574 1324 1628 ἐν
1383 1576 1452 1647 τῇ
1511 1569 1744 1646 διαθήκῃ
1801 1569 1986 1626 αὐτοῦ.

338 1666 454 1734 Τὴν
487 1664 581 1738 μὲν
612 1662 790 1719 οὐσίαν
824 1685 930 1737 μου
985 1667 1158 1718 πᾶσαν
1219 1660 1622 1736 καταλιμπανω
1675 1665 1794 1724 τοῖς
1851 1660 1989 1721 υἱοῖς

343 1775 471 1829 μου,
505 1751 785 1824 Ἀθηνσῖδι
820 1750 879 1808 δὲ
906 1755 976 1827 τῇ
1008 1753 1116 1826 ἐμῇ
1150 1752 1377 1829 θυγατρὶ
1410 1751 1554 1824 ἆφίω
1586 1747 1811 1819 δοθῆναι
1844 1768 1991 1824 χρυ-

2086 605 2267 661 gnum
2309 590 2596 661 templum
2629 591 2701 647 ab
2728 590 3007 649 incendio
3039 591 3325 649 refectum
3352 599 3463 650 est.

2165 856 2427 929 Septimo
2459 874 2615 914 anno
2644 857 2828 914 Judaei
2869 858 2931 914 in
2989 876 3197 933 campo
3227 861 3415 915 Immo
3469 860 3750 915 Christia-

2092 962 2239 1002 num
2268 964 2522 1018 puerum
2555 953 2814 1020 captum,
2848 948 3085 1004 ludibrii
3138 967 3205 1007 ac
3237 952 3430 1007 crucis
3480 950 3754 1006 deriden-

2093 1034 2183 1090 dee
2216 1053 2395 1092 causa
2426 1038 2937 1105 ecxarniﬁcatum,
3000 1039 3071 1095 de
3102 1040 3259 1113 ligno
3290 1041 3750 1113 suspenderunt.

2094 1125 2251 1190 Quos
2301 1127 2644 1198 imperator,
2706 1145 2768 1183 re
2829 1129 3144 1200 patefacta,
3204 1130 3398 1203 dignis
3443 1130 3608 1186 ultus
3668 1135 3760 1185 est

2097 1216 2429 1288 suppliciis.

2165 1307 2339 1361 Anno
2372 1309 2438 1362 14
2468 1307 2656 1363 fames
2709 1308 2822 1364 fuit
2850 1311 3037 1365 Ponto
3088 1313 3253 1366 tanta
3310 1316 3379 1366 ut
3424 1311 3753 1384 Paphlago-

2095 1411 2202 1450 nes
2235 1412 2375 1451 suos
2402 1396 2560 1452 ﬁlios
2592 1398 3197 1470 castraverintitaque
3226 1399 3621 1454 vendiderint.
3654 1401 3759 1453 Eo-

2099 1483 2233 1539 dem
2267 1502 2423 1541 anno
2455 1492 2725 1543 mortuus
2757 1493 2847 1543 est
2872 1489 3120 1544 Athenis
3164 1490 3441 1545 Leontius
3496 1489 3760 1561 philoso-

2098 1574 2272 1645 phus.
2305 1575 2358 1629 Is
2411 1580 2767 1632 testamento
2821 1594 2927 1632 suo
2985 1594 3194 1633 omnes
3250 1578 3564 1634 facultates
3622 1578 3759 1632 ﬁliis

2100 1662 2331 1735 legavit,
2365 1664 2683 1720 Athenaidi
2716 1666 2854 1721 ﬁliae
2889 1670 3121 1722 tantum
3153 1683 3368 1723 aureos
3400 1668 3522 1737 100,
3559 1667 3761 1723 addita

2101 1751 2213 1806 hac
2242 1768 2453 1808 causa:
2489 1754 2604 1810 Sua
2633 1753 2686 1809 ei
2719 1755 2975 1810 sufﬁciet
3004 1756 3263 1811 fortuna.
3298 1758 3461 1813 Hanc
3500 1757 3765 1812 Athena—

331 1843 453 1896 σίου
492 1840 807 1916 νομίσματα
837 1842 1049 1897 ἒκατόψ
1107 1841 1262 1917 ἀρκεῖ
1316 1841 1421 1916 γὰρ
1478 1839 1613 1913 αὖτῇ
1647 1842 1682 1908 ἡ
1713 1860 1860 1917 τυχη
1902 1838 1995 1891 αὐε-

2112 1840 2234 1895 dem
2266 1841 2516 1942 Anthenis
2539 1842 2745 1915 Cpolin
2769 1844 3087 1899 adductam
3110 1862 3245 1900 cum
3271 1846 3765 1901 videretPulche-

326 1939 449 2002 τῆς.
477 1932 685 2003 Ταύτην
713 1934 813 2002 τήν
864 1928 1161 1999 Ἀθηναῖδα
1215 1929 1264 2001 ἐξ
1326 1931 1589 2000 Ἀθηνῶν
1649 1927 1991 2002 εἷσαχθεῖσαν

328 2019 629 2095 θεσσαμένη
691 2022 726 2091 ἡ
786 2020 1105 2099 Πουλχερία
1161 2018 1359 2075 κάλλει
1403 2022 1486 2093 [Ρ.
1548 2019 1676 2091 337]
1735 2017 1992 2090 σώματος

330 2108 734 2187 διαπρέπουσαν
768 2110 858 2164 κιὶ
918 2108 1119 2164 συνέσει
1181 2113 1369 2185 ψυχῆς
1425 2105 1844 2179 καλλυνομένην
1900 2103 1991 2159 καὶ

325 2199 479 2275 λόγῳ
506 2199 952 2274 κεκοσμημένην,
998 2199 1137 2274 πρὸς
1196 2200 1287 2254 τὸν
1342 2196 1773 2273 ἀρχιεπίσκοπον
1836 2196 1991 2251 Κων-

332 2287 838 2349 σταντινουπόλεως
926 2288 1168 2345 Ἀττικὸν
1255 2286 1621 2343 ἀποστείλασα
1688 2280 1993 2355 ἐϐάπτισεν,

331 2375 604 2435 Εύδοκίαν
680 2378 1118 2452 μετονομάσασαο
1205 2378 1399 2447 ἥντινα
1481 2374 1573 2431 καὶ
1655 2379 1735 2447 τῷ
1788 2372 1993 2445 ταύτης

328 2466 551 2548 ἀδελφῷ
579 2469 672 2525 καὶ
720 2467 939 2545 βασιλεῖ
992 2468 1293 2543 συνέζευξεν
1354 2468 1431 2531 sic
1488 2472 1736 2545 γυναῖκα.
1800 2463 1996 2538 Τούτῳ

2102 1930 2192 1985 ria
2213 1935 2271 1985 et
2296 1929 2487 1986 forma
2508 1933 2774 2004 corporis
2797 1939 3080 2004 praestare
3104 1940 3162 1989 et
3182 1935 3422 2006 ingenio
3455 1952 3583 1990 esse
3608 1952 3767 2007 egre-

2101 2019 2195 2093 gio
2243 2025 2421 2091 atque
2475 2021 2757 2078 facundia
2804 2029 3075 2078 ornatam
3123 2024 3199 2079 ad
3251 2024 3764 2096 archiepiSCOpum

2103 2110 2269 2165 urbis
2304 2111 2561 2167 Atticum
2592 2113 2837 2169 missam
2868 2113 3207 2186 baptizavit,
3231 2115 3627 2186 Eudociaeque
3660 2132 3766 2169 no-

2102 2216 2241 2255 men
2270 2200 2434 2270 fecit,
2466 2202 2932 2275 imperatorique
2963 2203 3132 2259 fratri
3164 2221 3269 2260 suo
3298 2211 3618 2276 numptum
3651 2210 3767 2260 tra-

2109 2289 2305 2345 didit.
2357 2290 2580 2346 Eodem
2650 2308 2808 2347 anno
2866 2293 3097 2349 Atticus
3157 2294 3469 2365 episcopus
3526 2294 3769 2350 Joannis

2104 2380 2508 2452 Chrysostomi
2534 2399 2754 2439 nomen
2776 2383 2839 2439 in
2857 2400 3057 2440 sacras
3080 2384 3314 2441 tabulas
3329 2384 3552 2442 retulit.
3577 2385 3769 2441 Attico

2105 2470 2442 2541 patriarcha
2472 2478 2728 2540 mortuo,
2763 2473 3119 2545 subrogatur
3150 2474 3467 2530 Sisinnius.

331 2563 413 2631 τῷ
442 2552 545 2614 ἔτει
580 2560 831 2620 Ἀττικὸς
871 2559 899 2614 ὁ
949 2557 1245 2621 ἐπίσκοπος
1303 2559 1558 2615 Ἰωάννου
1624 2560 1724 2611 τοῦ
1783 2556 2180 2630 Χρυσοστόμου
2240 2559 2302 2613 τὸ
2363 2555 2539 2633 ὄνομα
2595 2559 2648 2615 ἐν
2701 2566 2819 2622 τοῖς
2877 2562 3048 2636 ἱεροῖς
3107 2559 3397 2638 διπτύχοις
3454 2564 3568 2636 (ὕό)
3642 2584 3770 2617 συν-

335 2647 503 2719 έταξε.
536 2645 772 2719 Τελευτᾷ
803 2645 862 2703 δὲ
890 2650 1143 2714 Ἀττικὸς
1172 2650 1200 2704 6
1234 2647 1602 2724 πατριάρχης,
1634 2644 1724 2701 καὶ
1756 2650 2157 2723 χειροτονεῖται
2191 2647 2453 2712 Σισίνιος.
2752 2650 2756 2654 ’

402 2734 583 2793 Ἀλλᾶ
638 2738 876 2813 τοσαύτῃ
943 2738 1035 2794 καὶ
1090 2738 1398 2812 τηλικαύτῃ
1455 2734 1589 2811 οὔσῃ
1642 2739 1713 2810 τῇ
1758 2731 1994 2805 Εύδοκίᾳ

332 2825 494 2898 λοξὸν
528 2828 556 2882 ὁ
591 2826 791 2905 φθόνος
823 2822 1083 2902 ἐμϐαλὼν
1128 2826 1287 2903 ὄμμα
1314 2832 1567 2884 τοιοῦτον
1598 2823 1992 2901 κατειργάσατο

328 2913 510 2992 δρᾶμα
536 2916 818 2993 ἐσύστερον
896 2916 1166 2982 Παυλινός
1219 2940 1305 2981 τις
1376 2918 1678 2993 μάγιστρος
1739 2916 1993 2990 ἠγαπᾶτο

326 3008 474 3083 παρᾶ
499 3009 598 3077 τῆς
629 3006 898 3070 Εὐδοκίας
930 3008 1004 3069 ὡς
1067 3005 1140 3062 ὤν
1198 3005 1552 3084 λογιώτατος
1591 3005 1682 3060 καὶ
1714 3002 1993 3079 ὡραιότα-

335 3118 454 3167 τος,
488 3098 533 3170 ᾧ
561 3119 668 3153 τινι
701 3103 915 3173 συχνῶς
943 3120 1003 3153 τε
1032 3097 1121 3153 καί
1148 3096 1302 3162 ἰδίως
1332 3096 1722 3174 συνετύγχανεν
1753 3095 1827 3157 ὡς
1857 3115 1997 3167 συμ-

342 3186 732 3261 πράξαντιτοῖς
763 3187 964 3266 γάμοις
990 3188 1185 3258 αὐτῆς.
1216 3190 1302 3262 Τῇ
1335 3188 1427 3243 οὗν
1460 3189 1643 3262 ἡμέρᾳ
1668 3184 1990 3266 τῶνὲἁγίων

341 3281 641 3353 θεοφανιῶν
697 3264 883 3350 ἐνήτῇ
946 3275 1160 3353 μεγαλῃ
1235 3275 1499 3348 ἐκκλησίᾳ
1582 3264 1839 3336 ἀπιόντος
1895 3275 1994 3328 τοῦ

2174 2739 2485 2795 Enimvero
2510 2741 2804 2811 Eudociaa,
2830 2742 2965 2798 talis
2982 2748 3175 2799 actam
3202 2743 3500 2815 prmclarze
3524 2742 3765 2799 femina)

2105 2828 2337 2885 facinus
2369 2829 2605 2886 invidiae
2664 2832 3014 2903 huiusmodi
3072 2833 3368 2888 actionem
3424 2833 3760 2888 intentavit.

2106 2919 2395 2974 Paulinus
2417 2920 2659 2991 quidam
2690 2922 2971 2993 magister
3002 2921 3334 2977 eruditione
3363 2939 3431 2978 ac
3462 2922 3770 2995 elegantia;

2107 3024 2283 3063 causa
2312 3009 2385 3064 ab
2416 3008 2677 3066 Eudocia
2707 3010 3061 3084 diligebatur
3094 3027 3107 3078 ;
3141 3012 3490 3083 solebatque
3531 3029 3667 3068 cum
3698 3028 3765 3067 eo

2108 3098 2258 3154 59l
2294 3098 2504 3154 crebro
2530 3105 2590 3154 et
2618 3102 2871 3156 seorsim
2894 3101 3177 3173 colloqui,
3210 3106 3275 3157 ut
3304 3118 3340 3157 a
3369 3118 3486 3174 quo
3521 3106 3678 3157 esset
3707 3102 3771 3156 in

2108 3187 2336 3259 nuptiis
2416 3189 2840 3244 contrahendis
2888 3189 3113 3260 adjuta.
3175 3190 3408 3245 Accidit
3461 3195 3660 3246 autem
3708 3194 3776 3244 ut

2110 3274 2365 3331 sotemni
2396 3276 2605 3332 divinae
2627 3277 3024 3349 apparitionis
3048 3277 3143 3333 die
3166 3277 3512 3349 imperatori
3539 3277 3611 3333 ad
3642 3294 3768 3332 ma-

341 3361 614 3438 βασιλέως
662 3364 982 3443 προσήγαγὲ
1036 3387 1121 3430 τις
1150 3364 1298 3438 αύτῷ
1327 3365 1378 3436 ἐξ
1411 3365 1597 3427 Ἀσίας
1656 3362 1819 3436 πένης
1883 3371 1991 3438 μῆ-

2112 3382 2289 3438 gnum
2306 3366 2595 3438 templum
2611 3367 2775 3422 eunti
2792 3384 3018 3440 pauper
3030 3367 3272 3439 quidam
3289 3384 3359 3422 ex
3374 3368 3771 3439 Asiapomum

336 3452 434 3510 λον
467 3459 576 3530 (56)
610 3457 748 3531 μέγα
781 3457 870 3511 καὶ
916 3457 1202 3534 ὑπερφυὲς,
1256 3456 1388 3532 ὅπερ
1448 3453 1735 3512 ἀπέστειλε
1788 3460 1862 3531 τῇ
1893 3454 1998 3513 Αύ-

331 3543 563 3621 γούστῃ,
612 3543 866 3609 δεδωκὼς
896 3550 976 3619 τῷ
1028 3545 1221 3617 πένητι
1272 3545 1587 3620 νομίσματα
1644 3546 1856 3601 ἑκατὸν.
1889 3544 1999 3600 Δύ-

332 3635 402 3704 τή
435 3631 493 3689 δὲ
522 3639 770 3691 νοσοῦντι
819 3637 942 3691 τότε
1002 3635 1259 3709 Παυλίνῳ
1316 3634 1652 3705 ἀπέστειλεν,
1704 3630 2001 3710 ἀῤῥαϐὦνα

332 3729 436 3793 τῆς
466 3721 631 3778 αἱ)τοῦ
683 3721 965 3795 τελευτῆς.
1017 3725 1080 3783 Ὀ
1149 3723 1206 3780 δὲ
1263 3723 1537 3785 Παυλῖνος
1592 3726 1804 3801 ἀγνοῶν
1867 3723 2002 3798 μετὰ

335 3809 435 3867 δύο
474 3811 688 3889 ἡμέρας
744 3812 1055 3871 ἀπέστειλεν
1110 3814 1243 3870 αύτὸ
1296 3818 1377 3886 τῷ
1438 3813 1675 3888 βασιλεῖ.
1716 3814 1778 3870 Ὀ
1809 3809 1865 3868 δὲ
1899 3814 2000 3888 βα·

339 3902 528 3968 σιλεὺς
575 3907 740 3960 τοῦτο
796 3903 1066 3981 γνωρίσας
1122 3899 1343 3979 ἔκρυψε,
1395 3902 1486 3958 καὶ
1544 3900 1802 3966 εἶσελθὼν
1856 3901 2003 3978 λέγει

332 3997 409 4067 τῇ
441 3991 752 4069 Αύγούστῃ’
785 3998 902 4049 Ποῦ
939 3993 1050 4049 ἐστὶ
1105 3994 1167 4049 τὸ
1221 3991 1401 4068 μῆλον
1448 3990 1580 4068 ὅπερ
1640 4012 1725 4046 σοι
1758 3990 2002 4047 ἀπέστει-

339 4082 413 4139 λα
448 4101 462 4153 ;
493 4083 556 4140 Ἦ
584 4079 642 4138 δὲ
678 4084 847 4140 εἶπενο
907 4084 1146 4162 Ἒφαγον
1210 4082 1367 4142 αὐτό.
1430 4082 1530 4139 Καὶ
1582 4081 1748 4136 πάλιν
1807 4074 2002 4155 ὥρκω-

340 4192 430 4227 σεν
491 4172 657 4243 αὐτὴν
711 4174 811 4243 τήν
871 4172 1142 4248 σωτηρίαν
1200 4170 1366 4229 αἱ)τοῦ
1399 4215 1415 4243 ,
1477 4169 1667 4245 λέγων’
1725 4170 1820 4239 Μὴ
1893 4190 2005 4225 τινι

336 4263 505 4316 τοῦτο
561 4260 905 4336 πέπομφας;
973 4262 1036 4319 Ἠ
1096 4259 1153 4317 δὲ
1210 4260 1377 4318 πάλιν
1437 4262 1559 4315 εἷπε
1619 4265 1804 4339 φαγεῖν
1847 4258 1999 4328 αύτὸ,

337 4355 637 4426 προσθεῖσα
667 4351 759 4405 καὶ
801 4351 901 4420 τὴν
959 4350 1235 4425 σωτηρίαν
1280 4354 1376 4406 τοῦ
1409 4347 1702 4425 βασιλέως.
1736 4349 1872 4405 Τότε
1927 4348 2004 4411 εἷς

337 4439 508 4515 ὀργὴν
559 4439 800 4511 κινηθεὶς
848 4442 876 4496 6
940 4438 1196 4516 βασιλεὺς
1250 4438 1435 4495 κελύει
1493 4440 1555 4494 τὸ
1618 4435 1798 4513 μῆλον
1840 4438 1996 4493 εἰσενο

338 4531 590 4605 εχθῆναι,
622 4531 713 4586 τὸν
744 4528 802 4586 δέ
835 4528 1106 4587 Παυλῖνον
1140 4529 1465 4592 ἀποστείλας
1520 4529 1589 4605 τῇ
1620 4529 1772 4584 νυκτὶ
1822 4527 1997 4599 ἐκείνη

342 4618 761 4698 ἀπεκεφάλισεν.
845 4622 1075 4677 Ἐκτοτε
1136 4615 1195 4674 δὲ
1282 4618 1470 4696 γὲγονε
1567 4617 1765 4692 μεταξὺ
1824 4616 1999 4674 αὐτῶν

2110 3455 2411 3511 inusitatae
2429 3457 2858 3529 magnitudinis
2880 3459 3119 3513 offerret
3140 3475 3153 3526 ;
3177 3474 3355 3529 quem
3375 3458 3424 3513 is
3450 3460 3551 3511 100
3572 3457 3772 3512 numis

2111 3546 2374 3615 donavit,
2404 3563 2472 3602 ac
2527 3564 2773 3619 pomum
2824 3548 3099 3603 Eudocim
3146 3550 3424 3621 Augustae
3472 3547 3654 3602 misit.
3689 3549 3770 3602 Ea

2110 3638 2418 3709 aegrotanti
2448 3637 2700 3693 Paulino
2728 3638 3079 3702 transmisit,
3112 3653 3302 3709 eoque
3333 3637 3501 3693 illum
3526 3653 3772 3692 munere

2110 3725 2460 3798 imprudens
2492 3728 2671 3782 exitio
2703 3727 3040 3783 obstrinxit.
3072 3727 3361 3783 Paulinus
3406 3725 3491 3782 rei
3536 3726 3774 3799 ignarus

2111 3816 2292 3872 biduo
2308 3822 2443 3889 post
2462 3834 2705 3888 pomum
2733 3817 2881 3873 illud
2904 3816 3249 3890 imperatori
3271 3816 3473 3873 mittit.
3508 3816 3615 3881 Qui
3639 3832 3773 3871 cum

2112 3903 2174 3959 id
2202 3910 2572 3977 agnosceret,
2597 3923 2665 3961 eo
2693 3906 2987 3961 occultato
3011 3906 3312 3979 ingressus
3343 3905 3418 3962 ad
3446 3906 3773 3977 Angustam

2112 4010 2319 4065 rogare
2351 3993 2452 4048 ubi
2476 4000 2632 4050 esset
2691 3995 2917 4050 malum
2976 3995 3030 4049 ei
3088 4012 3123 4050 a
3176 4011 3238 4050 se
3270 3995 3540 4050 missum.
3577 3994 3648 4048 Se
3709 3992 3769 4048 id

2113 4082 2305 4137 edisse
2333 4082 2553 4137 dicenti
2577 4083 2988 4155 juramentum
3004 4100 3111 4155 per
3124 4083 3378 4139 salutem
3398 4081 3774 4154 imperatoris

2112 4171 2531 4242 deferre,quod
2552 4171 2613 4226 id
2643 4172 2871 4227 nemini
2886 4172 2991 4227 abs
3016 4189 3077 4227 se
3099 4173 3349 4228 missum
3367 4189 3436 4228 ea
3465 4172 3780 4227 conﬁrma-

2111 4262 2373 4317 ret.Cum
2396 4277 2464 4315 eo
2490 4260 2666 4315 modo
2682 4260 2888 4332 jurata
2909 4277 2976 4316 eo
2998 4259 3364 4332 persisteret,
3398 4259 3459 4316 id
3490 4277 3551 4315 se
3571 4276 3768 4314 come-

2110 4351 2823 4423 disse,iratusimperator
2847 4350 3072 4406 malum
3094 4350 3315 4421 aﬁerri,
3348 4349 3598 4406 Paulino
3632 4366 3766 4405 vero

2110 4458 2180 4497 ea
2209 4442 2340 4514 ipsa
2368 4446 2540 4496 nocte
2574 4441 2761 4496 accito
2821 4446 2999 4513 caput
3051 4441 3346 4513 amputari
3370 4440 3563 4513 jubet.
3623 4439 3766 4494 Inde

2109 4530 2486 4603 imperatoris
2517 4529 2797 4586 adversus
2828 4532 3152 4603 Augustam
3183 4529 3454 4586 simultas
3487 4546 3553 4585 ac
3584 4527 3767 4584 absti-

2108 4619 2334 4675 nentia.
2352 4620 2422 4672 Et
2440 4618 2723 4689 Eudocia,
2740 4635 2921 4674 causa
2936 4618 3261 4687 intellecta,
3286 4618 3521 4691 injuriaa
3544 4616 3771 4690 pudore

341 4706 494 4780 λύπη
525 4692 617 4764 καὶ
669 4709 1075 4785 ἀπομερισμός.
1109 4692 1318 4765 Γνοῦσα
1358 4692 1431 4764 δὲ
1486 4711 1648 4763 τοῦτο
1695 4710 1730 4776 ἡ
1784 4704 1996 4782 Αὔγου-

2112 4712 2276 4763 mota
2302 4707 2732 4779 perfectionem
2750 4708 2812 4762 in
2845 4724 3015 4764 sacra
3035 4709 3166 4765 loca
3191 4708 3451 4764 instituit
3475 4724 3543 4763 ac
3566 4707 3770 4763 Hiero-

1558 4839 1924 4894 XYLANDRI
1960 4838 2047 4892 ET
2085 4837 2303 4893 GOARI
2341 4837 2569 4891 ΝΟΤίΕ.

418 4939 532 5010 (55)
560 4937 796 4994 Tabula;
827 4939 1102 5012 geminm,
1132 4952 1439 5012 equarum
1465 4953 1585 5012 una
1614 4937 1902 5012 vivorum,
1936 4952 2006 4991 ex

343 5007 536 5068 altera
562 5007 932 5066 mortuorum
975 5007 1241 5067 ecclesiae
1281 5007 1853 5064 communicantium
1898 5024 2006 5063 no-

348 5082 515 5139 mina
544 5081 701 5137 inter
728 5083 1051 5140 missarum
1082 5082 1377 5138 solemnia
1415 5080 1715 5153 leguntur,
1768 5076 2007 5153 δίπτυχα

350 5159 513 5222 sunt,
547 5155 722 5209 GOAR'

424 5219 538 5296 (56)
569 5225 735 5291 Quod
767 5224 840 5283 ad
874 5243 1117 5298 pamum
1140 5225 1353 5281 attinet
1373 5223 1446 5280 ab
1479 5219 2009 5298 EudociaPaulico

349 5294 505 5352 dono
538 5297 762 5365 datum,
796 5294 953 5369 apud
985 5298 1381 5370 Nicephorum
1414 5311 1526 5362 x1v,
1555 5297 1623 5348 23
1644 5294 1863 5370 legitur
1888 5309 2008 5370 non

348 5385 615 5441 pomum,
650 5363 757 5425 sed.
785 5363 928 5426 ovis.
962 5371 1031 5425 Et
1061 5363 1205 5426 sane
1239 5366 1417 5440 μῆλον
1452 5363 1772 5441 utrumque
1796 5363 2013 5441 signiﬁ-

347 5436 463 5497 cat.
488 5442 758 5496 Narratio
793 5447 993 5497 tamen
1025 5436 1397 5496 Cedreniana
1444 5438 1700 5494 maxime
1733 5436 2011 5491 omnibus

350 5512 474 5567 suis
523 5513 966 5569 circumstantis
1016 5513 1202 5581 magis
1247 5511 1318 5567 de
1350 5510 1507 5566 malo
1540 5508 1849 5581 quamde
1907 5523 2013 5562 ove

349 5583 588 5656 videtur
617 5601 768 5641 esse.
802 5585 967 5651 Quod
999 5580 1156 5656 apud
1186 5580 1583 5656 Nicephorum
1636 5580 1873 5656 legitur,
1906 5581 2014 5656 Eu-

355 5655 591 5712 dociam
621 5658 836 5713 marito
858 5651 1237 5729 respondisse
1256 5651 1414 5729 domi
1448 5670 1568 5709 suae
1588 5651 2015 5729 munusipsius

352 5729 613 5784 suaviter
643 5728 831 5801 pasci,
855 5730 900 5786 si
935 5723 1019 5785 ita
1048 5728 1224 5784 estin
1255 5728 1478 5797 Grmco,
1513 5724 1759 5782 omnino
1792 5723 1864 5779 de
1911 5738 2014 5777 ove

2115 4934 2524 5005 accipiendum
2555 4933 2803 4990 videtur.
2841 4936 3144 5000 Quomodo
3178 4937 3379 4993 Graeca
3410 4936 3491 4991 ibi
3520 4935 3781 4991 habeant

2117 5005 2342 5061 nescio.
2376 5006 2543 5060 Certe
2576 5007 2830 5062 Zonaras
2860 5008 3067 5063 itidem
3098 5014 3165 5063 ut
3194 5015 3400 5065 noster
3424 5008 3622 5076 habet,
3654 5023 3778 5061 res-

2118 5077 2398 5151 pondisse
2426 5077 2748 5133 Eudociam
2788 5095 2850 5133 se
2880 5079 2942 5132 τὸ
2976 5077 3156 5151 μῆλον
3191 5079 3560 5151 comedisse:
3613 5077 3778 5151 Quod

2120 5149 2190 5206 de
2218 5165 2321 5204 ove
2350 5165 2709 5223 responsum
2741 5151 2874 5223 quis
2904 5149 3109 5223 credat
3135 5151 3164 5206 ‘?
3203 5153 3274 5223 Et
3294 5150 3452 5223 apud
3480 5149 3772 5223 Nicepho-

2118 5237 2252 5303 rum
2283 5223 2418 5303 post
2448 5218 2497 5276 ὁ.
2531 5222 2604 5303 4Q
2629 5221 2741 5276 hoc
2762 5218 2971 5303 ipsum
3001 5220 3180 5294 μῆλον
3198 5218 3417 5303 ,ἔριὸὀς-
3422 5219 3776 5303 appellatur,

2119 5298 2185 5348 ut
2217 5290 2305 5348 est
2329 5293 2686 5365 ingmargine
2734 5290 3122 5359 adnotatum;
3157 5290 3317 5348 etab
3375 5290 3549 5347 Eride
3595 5290 3782 5344 fuisse

2121 5363 2458 5437 pomumin
2483 5363 2709 5437 nuptiis
2757 5365 2917 5420 Pelei
2976 5365 3376 5437 propositum,
3429 5366 3779 5437 notum_est.

2121 5433 2313 5508 Atque
2345 5435 2417 5491 ab
2446 5452 2550 5491 ove
2572 5433 2654 5491 ad
2705 5452 2951 5507 pomum
2976 5433 3412 5508 fanibiguitatis
3449 5433 3783 5508 occasione

2122 5504 2338 5563 lusisse
2379 5514 2682 5563 auctorem
2705 5504 2838 5562 non
2872 5507 3037 5563 valde
3067 5504 3300 5562 videtur
3336 5504 3665 5579 probabile.
3687 5505 3782 5579 De

2123 5596 2192 5634 eo
2217 5579 2584 5634 monendum
2616 5579 2899 5634 lectorem
2936 5579 3098 5646 duxi,
3130 5596 3205 5634 ne
3236 5576 3484 5633 me—ullo
3533 5576 3785 5631 consilio

2124 5668 2158 5706 a
2180 5651 2511 5722 Nicephoro
2536 5651 2741 5706 Latino
2769 5651 3068 5706 diversum
3093 5650 3401 5722 scripsisse
3427 5653 3616 5720 putet.
3647 5648 3785 5704 XYL-
