4144 6424
351 387 471 445 645

1481 370 2031 435 HISTORIARUM
2075 372 2617 441 COMPENDIUM.

3663 383 3782 443 646

349 521 452 584 τῆς
507 506 836 589 βασιλίσσης
868 508 999 583 (58).
1058 507 1215 565 Ὃθεν
1276 502 1482 561 πολλοὶ
1533 508 1644 559 τῶν
1703 499 2008 577 Βυζαντίων

2145 511 2455 569 irationem
2488 530 2616 573 eam
2649 515 3005 571 confirmare
3037 515 3303 586 studens,
3335 516 3553 587 ubique
3584 517 3782 590 impu-

356 601 758 679 ἐταράχθησαν.
817 598 876 654 Ὀ
934 592 992 651 δὲ
1047 595 1342 671 Νεστόριος
1397 593 1489 649 τὸν
1548 591 1713 667 λόγον
1770 597 2013 667 κυρῶσαι

358 687 603 750 σπεύδων
624 689 913 763 πανταχοῦ
968 686 1069 754 τὴν
1130 685 1321 741 ἑαυτοῦ
1378 681 1574 759 μιαρᾶν
1634 681 1864 758 φλυρίαν
1923 682 2017 752 ἒξ-

361 778 544 848 έϐαλε,
575 776 739 857 ψιλὸν
783 778 1067 853 ἄνθρωπον
1128 774 1305 850 λέγων
1358 773 1452 829 τὸν
1506 770 1729 851 Κύριον.
1773 773 1857 828 Ἐν
1917 770 2019 848 μίᾷ

361 871 418 929 δὲ
475 871 722 946 Κυριακῇ
788 863 1258 942 προκαθεζομένου
1326 861 1628 938 Νεστορίου
1685 860 2020 939 προτραπεὶς

365 958 614 1038 Πρόκλος
647 959 759 1032 (59}
790 959 886 1012 τοῦ
931 952 1292 1029 ἐξηγήσασθαι
1350 950 1494 1008 εἶπεν
1554 948 1779 1024 ὁμιλίαν
1813 950 1889 1015 εἷς
1916 951 2017 1021 τὴν

368 1049 657 1121 Θεοτόκον,
687 1047 754 1116 ἧς
788 1047 819 1116 ἡ
853 1045 1026 1124 ἀρχή*
1061 1040 1366 1118 Παρθενική
1418 1043 1725 1117 πανήγυρις
1757 1042 2018 1117 σήμερον,

365 1138 614 1218 ἀδελφοί⁴
648 1137 786 1195 Τότε
828 1135 1059 1211 μισητὸς
1117 1131 1328 1210 ἐγενετο
1384 1153 1529 1209 παρα
1580 1136 1738 1188 πᾶσιν
1772 1131 1801 1187 ὁ
1835 1127 2018 1186 δυσσε-

364 1227 468 1304 ϐὴς
502 1226 797 1303 Νεστόριος
831 1224 919 1285 διὰ
967 1229 1132 1305 τῦςρον
1184 1223 1276 1280 καὶ
1322 1223 1695 1279 κακοπιστίαν.
1750 1220 1888 1297 Εἶχε
1916 1220 2018 1298 γὰρ

364 1317 720 1378 Ἀναστάσιόν
748 1336 872 1373 τινα
899 1308 1262 1391 πρεσϐύτερον
1320 1313 1633 1393 Ἀντιοχέα,
1697 1311 1755 1366 ’ὸν
1814 1306 2021 1391 σφόδρα

366 1415 735 1491 περιεποιεῖτο
784 1407 860 1469 ὡς
917 1406 1201 1483 ὁμοφρονα
1258 1400 1425 1478 ἄνδρα
1478 1403 1571 1459 καὶ
1629 1399 2023 1477 τολμηρότατα

367 1503 450 1561 ἐπ’
489 1496 783 1571 ἐκκλησίας
815 1492 1256 1575 βλασφημοῦντα
1321 1494 1421 1563 τήν
1479 1491 1823 1568 ἀειπαρθένον
1883 1496 2022 1545 Θεο-

370 1591 555 1647 τόκον.
617 1584 821 1647 Τούτου
853 1582 911 1639 δὲ
964 1575 1223 1644 Εὐσέϐιος
1256 1581 1283 1636 ὁ
1316 1585 1413 1637 τοῦ
1472 1578 1751 1658 Δορυλάου
1804 1584 2021 1655 πρῶτον

374 1684 647 1736 κατεῖπεν.
678 1670 868 1739 Οὕτως
923 1669 979 1728 δὲ
1039 1668 1507 1745 διαπραττόμενος
1561 1666 1811 1735 πολλοὺς
1861 1667 2025 1744 θορύ-

377 1764 510 1830 ϐους
538 1767 727 1845 ἤγειρε
754 1764 848 1819 καὶ
892 1761 1161 1837 ταραχάς.
1226 1763 1320 1833 Τῷ
1376 1757 1423 1815 δ’
1463 1758 1612 1833 αύτῷ
1668 1756 1773 1815 ἔτει
1825 1757 1915 1813 καὶ
1963 1759 2025 1817 τὸ

368 1854 597 1940 φοϐερὸν
655 1857 837 1927 θαῦμα
921 1857 1029 1911 τῶν
1110 1851 1282 1931 ἁγίων
1343 1851 1477 1909 ἑπτὰ
1537 1847 1749 1907 παίδων
1807 1852 1913 1904 τῶν
1970 1846 2023 1905 ἐν

370 1931 576 2023 ’Ἐφέσῳ
632 1944 871 2022 γέγονεν,
946 1942 1287 1998 ἂναστάντων
1336 1940 1517 1995 αὐτῶν
1552 1935 1643 1999 διὰ
1690 1937 1877 1993 ἑκατὸν
1939 1931 2027 1992 ἱϐ-

368 2034 689 2111 ὂομήκοντα
729 2052 965 2109 χρονων.

443 2129 540 2198 Τῷ
589 2121 672 2181 κδ’
733 2120 1007 2198 Κύριλλος
1076 2114 1487 2196 Ἀλεξανδρείας
1545 2117 1638 2172 καὶ
1713 2114 2031 2179 Κελεστῖνος

371 2216 601 2285 Ῥώμης
681 2212 952 2290 γράφουσι
1025 2206 1309 2283 Νέστορίῳ
1384 2207 1723 2286 ἀποσχέσθαι
1774 2208 1868 2280 μὲν
1922 2210 2030 2261 τῶν

375 2301 824 2380 διεστραμμένων
911 2296 1203 2377 δογμάτων
1261 2295 1352 2352 καὶ
1405 2301 1505 2363 τῆς
1565 2297 1737 2371 ὀρθῆς
1796 2296 2029 2358 πίστεως

371 2393 713 2468 ἀντέχεσθαι,
745 2388 798 2449 εἴ
826 2386 886 2445 δὲ
918 2390 1020 2462 μὴ,
1056 2388 1135 2463 μὴ
1195 2387 1330 2447 εἶναι
1360 2385 1522 2443 αὐτὸν
1578 2386 1895 2443 κοινωνικὸν
1952 2385 2033 2443 ἱε-

373 2482 486 2559 ρέα.
519 2481 692 2541 Ἀλλᾶ
731 2480 818 2536 καὶ
880 2475 1049 2534 ἄλλοι
1107 2476 1248 2542 τινες
1304 2475 1515 2552 ὁμοίως
1575 2475 1723 2550 αὐτῷ
1775 2472 2032 2551 ἔγραψαν.

371 2572 544 2636 Αὐτὸς
571 2569 629 2627 δὲ
659 2571 687 2626 ὁ
719 2569 1027 2644 Νεστόριος,
1058 2566 1219 2644 γνοὺς
1250 2568 1335 2626 ὅτι
1377 2565 1476 2623 οὐκ
1523 2567 1810 2646 ανέχονται
1856 2585 2035 2642 παρα-

375 2666 678 2738 σιωπῆσαι,
736 2657 1103 2734 παρεσκεύασε
1176 2656 1268 2713 τόν
1353 2653 1582 2731 βασιλέα
1639 2654 1842 2731 γράψαι
1898 2655 2033 2730 πρὸς

374 2747 656 2826 Κύριλλον
686 2748 887 2824 σάκραν
918 2748 1033 2823 (60)
1066 2743 1360 2819 δειμάτων,
1391 2745 1481 2801 καὶ
1526 2747 1615 2818 [Ρ.
1676 2747 1804 2819 339]
1856 2741 2033 2801 δοκῶν

377 2839 538 2898 αὐτὸν
570 2836 631 2896 ἐκ
650 2836 846 2895 τούτου
877 2840 1101 2895 κτυπεῖν
1145 2833 1364 2911 μᾶλλον
1424 2831 1686 2910 διήγειρε.
1746 2833 1846 2890 Καὶ
1900 2834 2036 2912 γρά-

377 2950 465 3009 φει
493 2933 574 3003 τῷ
608 2927 825 3004 βασιλεῖ
853 2925 945 2985 καὶ
972 2929 1093 2988 ταῖς
1123 2925 1325 2980 τούτου
1354 2921 1617 3004 ἀδελφαῖς
1673 2923 1798 2998 περὶ
1847 2942 1907 2978 τε
1933 2929 2033 2997 τῆς

381 3019 551 3094 ὀρθῆς
609 3015 839 3079 αίστειυς
906 3015 996 3071 καὶ
1051 3020 1153 3085 τῆς
1209 3011 1506 3091 Νέστορίου
1558 3009 1901 3084 κακοδοξίας,
1950 3012 2036 3066 ai-

378 3107 643 3182 τούμενος
702 3106 820 3179 ἅμα
902 3105 990 3163 καὶ
1070 3100 1296 3159 σύνοδον
1341 3101 1731 3176 οἷκουμενικὴν
1789 3100 2036 3178 γενέσθαι

384 3198 459 3262 εἰς
505 3199 569 3254 τὸ
615 3202 998 3272 γυμνασθῆναι
1054 3197 1355 3256 movendi:
1409 3195 1477 3253 τὰ
1525 3192 1662 3249 κατὰ
1716 3193 2036 3271 Νιστόριον.

2123 615 2250 655 ram
2274 618 2442 660 suam
2473 602 2893 675 loquacitatem
2926 603 3209 679 profudit,
3234 604 3532 661 Christum
3554 606 3781 663 nudum

2124 687 2431 747 hominem
2473 691 2771 751 dictitans.
2831 693 3097 760 Quodam
3155 693 3463 751 Dominico
3497 694 3590 751 die
3646 714 3782 752 cum

2126 776 2426 837 Nestorius
2482 781 2870 853 praesideret,
2929 783 3172 841 Proelus
3229 782 3305 839 ad
3366 784 3783 855 exponendum

2128 867 2412 925 excitatus
2434 871 2764 929 orationem
2794 873 3003 931 habuit
3033 872 3105 932 de
3136 873 3239 931 Dei
3263 873 3579 945 Genitrice,
3613 874 3785 945 cujus

2126 955 2406 1017 initium:
2444 960 2649 1025 Hodie.
2682 961 2916 1032 fratres,
2947 969 3275 1021 conventus
3306 963 3501 1037 agitur
3550 963 3623 1019 de
3660 964 3788 1019 Vir-

2127 1046 2282 1117 gine.
2318 1048 2396 1107 Ex
2429 1065 2497 1105 eo
2554 1050 2780 1109 invisus
2813 1068 2941 1109 esse
2978 1052 3257 1111 omnibus
3315 1053 3539 1125 impius
3570 1055 3785 1109 Nesto-

2128 1134 2339 1195 riusob
2366 1137 2658 1197 fastumet
2687 1140 2905 1197 malam
2923 1141 3399 1201 ﬁdem.Habebat
3428 1142 3588 1201 enim
3629 1146 3789 1201 Ana-

2128 1224 2377 1283 stasium
2396 1228 2714 1300 quemdam
2727 1229 3139 1302 presbyterum
3154 1231 3793 1303 Antiochenum,qu6m

2131 1313 2298 1371 valde
2329 1316 2442 1371 sibi
2474 1318 2858 1375 concilliabat
2888 1325 2952 1374 ut
2982 1336 3185 1377 secum
3214 1320 3570 1380 sentientem
3605 1322 3791 1379 auda-

2133 1402 2491 1478 cissimeque
2522 1406 2584 1465 in
2616 1407 2868 1465 ecclesia
2900 1408 3120 1485 Virgini
3147 1409 3249 1463 Dei
3283 1410 3561 1467 Genitrici
3592 1411 3790 1466 obtre-

2133 1496 2415 1551 ctantem.
2450 1494 2620 1554 Ilunc
2674 1495 2901 1573 primus
2957 1498 3319 1573 oppugnavit
3360 1515 3639 1555 sermone
3679 1501 3795 1555 Eu-

2135 1581 2334 1640 sebius
2364 1584 2584 1639 Dorilai
2620 1586 2953 1662 episcopus.
2989 1588 3083 1645 Sic
3109 1593 3307 1645 autem
3343 1592 3625 1645 tractatus
3655 1587 3783 1643 mut

2135 1675 2224 1727 tas
2254 1671 2456 1731 turbas
2479 1672 2660 1731 dedit.
2694 1674 2916 1733 Eodem
2973 1692 3129 1735 anno
3180 1676 3394 1748 Ephesi
3424 1677 3575 1735 illud
3620 1677 3792 1733 terri-

2135 1758 2253 1815 bile
2288 1761 2643 1820 miraculum
2675 1763 2893 1819 accidit
2930 1771 3158 1839 septem
3194 1782 3536 1839 puerorum,
3568 1766 3667 1839 qui
3723 1766 3795 1821 de

2136 1866 2346 1907 somno
2395 1852 2570 1911 annis
2629 1859 2945 1927 postquam
3004 1854 3500 1911 obdormivissent
3555 1862 3798 1915 centum

2140 1941 2535 2015 septuaginta,
2574 1949 2982 2000 surrexerunt.

2211 2123 2464 2177 Δη11024
2495 2121 2747 2194 Cyrillus
2762 2122 3134 2180 Alexandriae
3161 2128 3218 2178 et
3247 2123 3580 2180 Celestinus
3597 2125 3796 2180 Romze

2140 2207 2751 2281 episcopiNestorium
2767 2230 2873 2285 per
2887 2212 3117 2269 litteras
3142 2213 3457 2270 hortantur
3470 2211 3801 2281 ut,omissis

2138 2299 2429 2370 perversis
2453 2299 2855 2375 opinionibus,
2888 2318 3087 2357 veram
3118 2300 3801 2373 594ﬁdemamplecta-

2142 2388 2531 2460 tur:alioqui
2563 2406 2685 2446 non
2712 2390 2838 2446 fore
2901 2406 3037 2447 eum
3087 2390 3151 2447 in
3207 2395 3363 2447 coitu
3420 2389 3799 2445 sacerdotum

2141 2478 2640 2551 Scripseruntalii
2662 2496 2899 2553 quoque
2931 2479 3005 2535 ad
3027 2496 3163 2536 eum
3211 2480 3274 2535 in
3331 2479 3601 2535 eamdem
3660 2495 3799 2534 sen-

2140 2564 2410 2620 tentiam.
2470 2566 2816 2644 Nestorius,
2875 2566 3216 2638 intelligens
3276 2583 3376 2623 eos
3421 2581 3801 2637 nequaquam

2142 2652 2450 2719 tacituros,
2496 2654 2841 2725 imperatori
2900 2655 3221 2725 persuadet
3272 2659 3339 2711 ut
3394 2653 3470 2709 ad
3519 2652 3804 2727 Cyrillum

2144 2742 2365 2798 scribat
2380 2759 2608 2801 sacram
2632 2744 2970 2817 epistolam,
2993 2761 3180 2817 eaque
3199 2760 3335 2801 eum
3357 2742 3809 2808 deterreat.Qua

2145 2848 2209 2887 re
2240 2848 2375 2888 cum
2407 2850 2469 2889 se
2501 2833 2787 2906 Cyrillum
2819 2839 3057 2908 putaret
3092 2850 3268 2907 posse
3299 2833 3646 2906 percellere,
3678 2849 3803 2888 ma-

2143 2922 2231 2994 gis
2262 2922 2440 2978 etiam
2483 2924 2777 2985 excitavit.
2840 2926 3089 2997 Scripsit
3155 2925 3312 2981 enim
3378 2930 3501 2979 tum
3550 2922 3807 2997 Cyrillus

2145 3012 2220 3069 ad
2252 3012 2674 3086 imperatorem
2694 3021 2751 3073 et
2773 3032 3012 3075 sorores
3043 3016 3113 3073 de
3147 3031 3284 3071 vera
3313 3014 3430 3071 ﬂde
3465 3019 3523 3069 et
3551 3012 3804 3068 Nestorii

2145 3103 2711 3178 falsisopinionibus
2725 3107 3023 3181 simulque
3036 3105 3469 3164 meumenicum
3483 3103 3807 3160 concilium

2148 3193 2320 3264 petiit
2342 3193 2558 3269 colligi,
2583 3195 2643 3251 in
2662 3212 2777 3271 quo
2809 3211 2988 3253 causa
3006 3195 3260 3253 Nestorii
3291 3193 3578 3253 canonice
3593 3192 3807 3248 discuti

384 3289 475 3361 Τῷ
502 3288 576 3343 κε’
601 3264 780 3342 τοίνυν
823 3264 1052 3356 ἐνιαυτῴ
1094 3291 1193 3355 τῆς
1253 3280 1543 3340 Θεοδοσίου
1605 3264 1954 3361 βασιλείας-ἡ
1988 3280 2031 3335 ἐν

2151 3289 2372 3354 posset.
2432 3264 2636 3357 Itaque
2679 3264 2962 3344 vicesimo
3020 3286 3227 3357 quinto
3279 3301 3436 3343 anno
3493 3280 3808 3338 Theodosii

380 3376 592 3455 Ἐφέσῳ
648 3376 774 3452 ἁγία
832 3375 919 3433 καὶ
979 3373 1330 3445 οἰκουμενικὴ
1397 3370 1558 3447 τρίτη
1648 3367 1877 3433 σύνοδος
1929 3376 2038 3429 τῶν

384 3465 467 3524 σλ“
501 3469 751 3543 [Ιατερων
800 3464 1186 3540 συνηθροίσθη,
1248 3461 1444 3543 χρόνον
1515 3459 1719 3538 ἄγουσα
1772 3460 1883 3517 ἀπὸ
1945 3463 2040 3535 μὶν

380 3562 482 3627 τῆς
543 3552 792 3631 δευτέρας
858 3554 970 3629 μα’,
1028 3552 1135 3612 ἀπὸ
1186 3549 1244 3609 δὲ
1293 3550 1520 3617 κτίσεως
1571 3550 1783 3627 κόσμου
1837 3549 2041 3629 ,ε79ιεζ

380 3648 485 3708 ἿΙς
525 3646 705 3723 ἦρχον
767 3641 1047 3722 Κύριλλος
1114 3638 1547 3719 Ἀλεξανδρείας,
1608 3640 1667 3703 ’ὸς
1719 3637 2043 3697 Κελεστίνου

383 3737 538 3795 πάπα
600 3735 828 3809 Ῥώμης
874 3734 965 3791 τὸν
1019 3731 1186 3793 τόπον
1257 3728 1431 3791 διεῖπε
1464 3776 1480 3804 ,
1536 3729 1626 3784 καὶ
1680 3724 2045 3794 Ἱουϐενάλιος

385 3822 784 3903 Ἱεροσολύμων
818 3866 832 3893 ,
891 3820 1148 3898 λέγοντος
1234 3823 1332 3876 τοῦ
1388 3818 1693 3890 καταράτου
1742 3818 2041 3892 Νεστορίου

389 3915 467 3987 μὴ
500 3934 635 3969 ειναι
678 3913 930 3968 θεοτόκον
958 3911 1059 3981 τήν
1091 3908 1380 3975 Θεοτόκον,
1436 3904 1585 3962 ἀλλᾶ
1643 3905 2041 3985 Χριστοτόκον,

385 4004 475 4061 καὶ
505 4001 603 4059 δύο
636 4001 787 4065 υἱοὺς
818 4001 906 4061 ἐπὶ
954 4003 1052 4061 τοῦ
1083 3999 1199 4061 ἑνὸς
1246 3999 1485 4076 Χριστοῦ
1531 4000 1629 4055 τοῦ
1686 4000 1821 4052 Θεοῦ
1880 4000 2045 4073 μυθο.

388 4094 682 4172 λογοῦντος
710 4093 801 4149 καὶ
833 4088 929 4149 δύο
983 4092 1326 4157 ὑποστάσεις,
1385 4086 1475 4145 καί
1521 4084 1692 4147 ἄλλον
1754 4086 1849 4160 μὲν
1901 4087 2043 4143 εἶναι

384 4184 478 4241 τὸν
513 4183 686 4260 Λόγον
733 4183 825 4240 τὸν
856 4180 915 4239 ἐκ
948 4177 1048 4239 τοῦ
1105 4184 1316 4253 Πατρὸς
1371 4176 1714 4252 γεννηθέντα,
1774 4172 1955 4252 ἕτερον
1987 4173 2044 4233 δί

385 4274 477 4330 τὸν
509 4272 569 4329 ἐκ
620 4271 828 4348 Μαρίας
879 4268 1141 4346 τεχθέντα
1205 4267 1513 4341 ἄνθρωπον,
1563 4265 1700 4321 κατᾶ
1756 4267 1944 4343 σχέσιν
1986 4262 2044 4325 δὶ

385 4364 648 4424 ἑνωθέντα
674 4363 767 4417 τὸν
800 4361 928 4421 Θεὸν
979 4361 1178 4439 Λόγον,
1211 4359 1303 4418 καὶ
1360 4356 1673 4435 ὁμωνύμως
1728 4357 1818 4415 καὶ
1876 4357 2041 4417 αὐτὸν

386 4452 687 4529 λεγόμενον
710 4451 860 4508 Υἱόν.
891 4452 1102 4508 Τοῦτον
1130 4445 1544 4523 προσκληθέντα
1574 4445 1719 4522 παρὰ
1773 4452 1873 4517 τῆς
1925 4468 2043 4505 συν-

386 4540 516 4600 όδου
544 4544 635 4601 καὶ
666 4542 746 4615 μή
794 4540 1169 4613 ἀπαντήσαννα
1224 4534 1693 4613 ἐκκλησιαπικῶς
1740 4534 2047 4599 καθελοῦσα

2148 3374 2382 3449 imperii
2416 3381 2624 3431 sancta
2682 3381 2740 3435 et
2794 3376 3162 3435 (ecumenica
3194 3374 3367 3431 tertia
3396 3372 3660 3447 synodus
3708 3373 3811 3427 Pa-

2155 3468 2311 3519 trum
2344 3466 2448 3521 230
2497 3465 2712 3537 Ephesi
2773 3465 2933 3535 coiit,
2994 3482 3150 3522 anno
3209 3470 3346 3537 post
3400 3463 3657 3537 primam
3715 3463 3806 3531 41,

2148 3554 2311 3611 anDo
2340 3554 2552 3610 mundi
2583 3558 2742 3610 5915.
2768 3554 3140 3613 Praefueruut
3155 3553 3409 3626 Cyrillus
3436 3551 3810 3609 Alexandriae

2149 3641 2483 3715 episcopus,
2514 3642 2715 3700 locum
2747 3643 3028 3703 Celestini
3080 3660 3246 3717 papae
3300 3641 3543 3701 Romsni
3578 3646 3812 3709 tenens,

2149 3737 2208 3785 et
2235 3732 2534 3790 Iuvenalis
2592 3732 3137 3804 Hierosolymorum
3189 3732 3521 3809 episcoiius.
3553 3730 3815 3803 Negabat

2150 3819 2536 3889 detestabilis,
2571 3821 2876 3881 Nestorius
2935 3821 3178 3879 Mariam
3229 3837 3358 3881 esse
3418 3820 3520 3879 Dei
3563 3819 3811 3877 (leniti-i-

2148 3927 2298 3976 cem,
2339 3909 2444 3967 sed
2501 3910 2740 3980 Christi,
2780 3927 2850 3968 ac
2881 3909 3031 3969 ducs
3070 3910 3143 3967 de
3183 3910 3360 3969 unico
3392 3908 3623 3965 Christo
3657 3906 3813 3963 ﬁlios

2146 3998 2248 4054 Dei
2283 3998 2562 4072 tingebat,
2596 3999 2862 4073 duasque
2895 3998 2956 4055 in
3006 3998 3236 4057 Christo
3278 4013 3587 4071 personas,
3615 3994 3809 4050 diver-

2148 4104 2275 4142 sam
2312 4086 2481 4141 Verbi
2514 4103 2584 4140 ex
2632 4088 2750 4141 Deo
2810 4087 2980 4140 Patre
3026 4086 3170 4153 nati,
3231 4084 3405 4139 aliam
3440 4082 3702 4141 hominis
3733 4082 3807 4137 de

2150 4175 2331 4230 Maria
2360 4174 2480 4229 nati
2517 4194 2531 4243 ;
2566 4179 2841 4245 respectu
2872 4178 3069 4228 autem
3102 4172 3361 4244 quodam
3406 4173 3640 4227 unitum
3669 4171 3808 4226 huic

2152 4263 2427 4331 Verbum,
2460 4262 2887 4332 hominemque
2910 4261 3335 4316 communitate
3351 4258 3809 4315 vocabulietiam

2150 4352 2365 4409 Filium
2388 4351 2682 4427 usurpari.
2715 4355 2905 4421 Hunc,
2932 4368 3067 4411 cum
3089 4368 3123 4405 a
3145 4349 3405 4428 goncilio
3430 4354 3668 4405 vocatus
3686 4365 3809 4403 non

2149 4442 3029 4521 comparuisset,ecclesiasticis
3045 4442 3315 4503 censuris
3329 4441 3814 4515 proscripserunt

2148 4539 2214 4589 ut
2235 4534 2336 4606 qui
2358 4532 2640 4593 assentiri
2670 4532 2871 4589 viﬂdei
2914 4537 3238 4591 recusaret.
3298 4532 3561 4605 Ejusque
3593 4530 3655 4587 in
3710 4528 3802 4583 lo-

386 4630 462 4695 ὠς
524 4629 605 4705 μὴ
662 4625 972 4699 θελήσαντα
1016 4630 1132 4688 τοῖς
1192 4626 1375 4701 ὃρθοῖς
1460 4621 1698 4700 δόγμασι
1762 4624 2031 4691 συνθέσθαι

2156 4622 2353 4681 locum
2376 4622 2642 4681 delectus
2685 4626 2776 4679 est
2802 4621 3215 4692 Maximianus,
3264 4622 3487 4695 Magna:
3533 4617 3812 4675 Ecclesia)

384 4717 784 4791 ἀνεθεμάτισεν’
837 4716 929 4774 καὶ
1010 4714 1406 4794 ἐχειροτονήθη
1485 4712 1824 4787 Μαξιμιανὸς
1910 4732 2040 4787 πρε-

385 4802 644 4883 σϐύτερος
673 4813 773 4877 τῆς
804 4805 974 4876 αὐτῆς
1005 4805 1265 4880 Μεγάλης
1304 4799 1619 4872 ἐκκλησίας.
1675 4800 1816 4863 Μίαν
1858 4798 1914 4856 δὲ
1943 4806 2039 4861 τοῦ

382 4898 619 4974 Χριστοῦ
648 4896 741 4956 καὶ
770 4899 906 4953 Θεοῦ
954 4897 1117 4968 ἡμῶν
1174 4892 1295 4952 καθ’
1355 4884 1540 4951 ἕνωσιν
1599 4890 1890 4949 ὑπόστασιν
1947 4891 2038 4949 καὶ

384 4981 479 5042 δύο
513 4983 699 5061 φύσεις
718 4986 903 5063 σιτρῶς
935 4978 1279 5055 ἑδογμάτισε,
1308 4979 1399 5039 τὸν
1428 4977 1587 5037 αὐτὸν
1622 4978 1756 5037 εἶναι
1787 4978 1915 5035 Θεὸν
1944 4978 2037 5035 καὶ

382 5071 699 5149 ἄνηρωπον,
737 5072 830 5130 καὶ
868 5071 970 5140 τὴν
1020 5068 1172 5145 ἁγίαν
1232 5068 1448 5144 Μαρίαν
1503 5068 1708 5144 κυρίως
1764 5068 1856 5125 καὶ
1895 5065 2036 5140 ἀλη-

384 5163 490 5226 Θῶς
525 5161 814 5223 Θεοτόκον.
872 5159 1130 5239 Ἰωάννης
1181 5155 1237 5217 δὲ
1270 5159 1298 5213 ὁ
1355 5155 1690 5232 Ἀντιοχείας
1742 5154 2038 5224 ἐπὶσκοπος

2152 4714 2481 4787 presbyter.
2541 4713 2705 4775 Idem
2753 4712 3071 4771 concilium
3127 4712 3537 4789 pronuntiavit
3588 4710 3814 4767 unione

2149 4809 2498 4861 naturarum
2528 4803 2590 4861 in
2613 4802 2847 4863 Christo
2869 4802 3111 4858 unicam
3131 4819 3264 4859 esse
3296 4818 3640 4877 personam,
3662 4800 3812 4857 duas

2148 4899 2425 4961 naturas;
2472 4894 2752 4954 eumdem
2810 4911 2940 4953 esse
2991 4895 3141 4954 595
3192 4895 3379 4953 Deum
3410 4900 3469 4953 et
3508 4892 3814 4950 hominem

2148 4984 2391 5041 Mariam
2467 4983 2707 5059 proprie
2767 4988 2824 5039 et
2868 5000 3006 5039 vere
3064 4999 3198 5041 esse
3281 4982 3381 5041 Dei
3450 4982 3813 5039 Genitricem

2145 5072 2406 5131 Joannes
2428 5076 2628 5133 autem
2656 5072 2988 5131 Antiochiae
3016 5073 3352 5149 episcopus,
3386 5087 3522 5131 cum
3556 5070 3628 5129 ad
3659 5085 3817 5127 con-

2149 5163 2353 5221 cilium
2410 5161 2681 5223 Nestorio
2741 5162 2871 5236 jam
2938 5162 3220 5221 damnato
3274 5161 3551 5231 venisset,
3606 5157 3818 5218 ascitis

1586 5285 1948 5342 XYLANDBI
1987 5288 2073 5347 ΕΤ
2112 5288 2327 5347 GOARI
2366 5288 2591 5344 NOTIE.

454 5417 566 5490 (38)
596 5416 820 5474 Rhetor
866 5413 1197 5490 Nicephoro
1230 5430 1342 5481 xw,
1366 5415 1484 5490 _
1534 5412 1672 5466 XvL.
1708 5412 1846 5490 -—_E
1878 5412 2042 5490 solio-

385 5484 615 5557 laribzks,
648 5492 926 5557 Augustae
944 5484 1155 5543 domus
1177 5484 1546 5551 custodibus,
1565 5499 1741 5542 unus.
1766 5484 1846 5539 De
1879 5486 2046 5545 scho-

384 5559 459 5615 lis
489 5557 860 5617 Pancirollus
890 5560 964 5616 ad
987 5558 1255 5615 Notitiam
1288 5557 1508 5628 imperii
1529 5572 1579 5610 ο.
1612 5572 1764 5628 ιχιιι.
1800 5557 1975 5628 Com.

457 5633 566 5703 ('59)
603 5633 791 5704 Cyzici
820 5633 934 5688 fuit
991 5631 1328 5703 episcopus,
1360 5626 1435 5682 et
1470 5626 1747 5704 _Byzan_tii
1801 5627 2017 5704 honori

383 5698 568 5775 (puto)
605 5698 783 5761 causa
802 5698 1137 5761 orationem
1159 5698 1388 5757 sacram
1414 5698 1489 5756 ad
1505 5698 1791 5772 populum
1814 5699 2043 5756 habuit'

2155 5413 2407 5488 praeside
2441 5413 2730 5488 Nestorio.
2752 5413 2893 5469 Vide
2925 5415 3239 5486 Nicephor.
3271 5412 3436 5488 Idem
3458 5413 3529 5468 de
3559 5409 3812 5488 Eusebio

2157 5485 2732 5558 Dorylmiepiscopo,
2765 5502 2872 5553 YlV,
2906 5489 2996 5555 47,
3030 5485 3087 5540 et
3117 5485 3454 5558 Evagriusi,
3487 5504 3539 5554 9.
3574 5485 3705 5538 XYL.

2232 5556 2343 5628 (60)
2374 5557 2467 5612 Sic
2499 5556 2816 5629 aliquoties
2847 5563 3133 5613 vocantur
3163 5557 3354 5611 edicta
3384 5556 3815 5629 imperatorum

2161 5629 2233 5684 de
2266 5629 2442 5683 rebus
2477 5627 2917 5685 ecclesiasticis.
2978 5631 3043 5684 ln
3074 5627 3492 5685 ecclesiasticis
3552 5627 3816 5682 historiis

2158 5701 2380 5757 divales
2407 5716 2605 5755 sacras
2638 5700 2934 5757 nominari
2967 5717 3066 5757 eas
3097 5700 3418 5756 observavi.
3461 5701 3598 5754 XvL.
