4144 6416
373 301 489 358 647

1735 298 2061 359 GEORGII
2105 298 2448 360 CEDRENI

3683 297 3809 358 648

366 434 663 505 episcopis
680 433 781 504 qui
804 450 1007 490 secum
1033 437 1337 501 venerant,
1369 432 1431 489 in
1464 433 1679 505 quibus
1711 431 1824 487 fuit
1844 432 2004 487 etian

2143 430 2281 503 μετᾶ
2321 431 2421 500 τήν
2469 427 2768 505 Νεστορίου
2820 426 3131 503 καθαίρεσιν
3211 422 3646 501 καταλαμϐάνει,
3708 429 3798 483 καὶ

364 521 756 578 Theodoritus
785 524 919 596 Tyri
955 528 1013 578 et
1041 524 1174 580 Ibas
1225 523 1458 578 Edessaa
1491 522 1775 594 episcopi,
1831 520 2004 591 Cyril-

2136 517 2404 589 λυπηθεὶς
2462 517 2547 573 ὅτι
2629 517 2807 594 χωρὶς
2888 518 3053 573 αὐτοῦ
3145 517 3419 592 καθῃρέθη
3471 518 3797 592 Νεστόριος,

365 612 492 666 lum
524 618 584 667 et
611 614 985 669 Memnomen
1016 612 1231 684 Ephesi
1263 612 1613 683 episcopum
1643 610 2024 675 condemnat,

368 700 527 773 quod
549 718 652 757 eos
682 707 1018 757 autumaret
1038 706 1244 757 contra
1273 717 1533 756 canones
1554 699 1832 755 Ecclesiaa
1855 715 2027 769 syno-

368 789 513 845 dum
544 790 889 846 instituisse.
924 790 1177 860 Cyrillus
1220 805 1356 845 cum
1390 789 1512 844 suis
1545 804 1750 843 eorum
1800 793 1932 843 acta
1958 791 2026 842 ut

368 879 683 951 illegitima
715 884 772 934 et
819 879 1075 935 absurda
1121 878 1589 951 reprehendunt.
1623 879 1711 933 Ita
1767 882 1891 932 tum
1949 876 2022 932 ab

367 968 682 1039 Ephesimo
700 968 953 1023 concilio
970 967 1380 1039 discrepantes
1402 965 2022 1022 abieruntOrientales

367 1062 427 1111 et
452 1056 722 1129 Egyptii.
758 1055 872 1111 Sed
930 1057 1242 1127 postmodo
1283 1072 1384 1111 eos
1431 1056 1756 1127 imperator
1784 1054 1846 1108 in
1877 1071 2018 1109 con-

366 1145 628 1202 cordiam
658 1147 906 1219 redegit,
940 1148 1253 1217 effectique
1283 1152 1349 1201 ut
1404 1146 1735 1202 Orientales
1784 1162 2019 1217 quoque

363 1235 579 1306 Ephesi
602 1236 773 1291 factas
798 1253 953 1291 veras
987 1236 1125 1292 fidei
1149 1236 1505 1307 expositioni
1526 1237 1933 1291 consentirent
1952 1251 2019 1290 ac

358 1324 728 1380 damnationi
780 1325 1057 1391 Nestorii,
1087 1324 1401 1397 epistolam
1435 1341 1504 1379 ea
1536 1325 1606 1380 de
1638 1341 1702 1379 re
1735 1324 2016 1395 scriptam

356 1412 431 1469 ad
463 1414 898 1470 Alexandrinos
929 1430 1036 1486 per
1087 1414 1335 1470 Paulum
1384 1416 1610 1470 Emesa;
1669 1414 2016 1485 episcopum

356 1503 681 1558 mittentes.
732 1503 1035 1559 Nestorius
1061 1509 1261 1559 autem
1293 1504 1491 1559 Oasim
1549 1509 1640 1558 est
1695 1503 2012 1575 relegatus,

357 1597 461 1646 aut
495 1598 562 1647 ut
591 1592 691 1648 alii
724 1593 985 1663 tradunt,
1018 1594 1080 1648 in
1113 1594 1421 1649 Thassum.
1481 1593 1570 1648 Ibi
1630 1610 1765 1647 eum
1816 1593 2016 1648 divina

352 1680 614 1736 vindicta
658 1681 949 1752 arripuit:
1010 1698 1151 1736 nam
1209 1681 1560 1752 putrefactio
1621 1681 1825 1736 omnia
1883 1681 2011 1753 ejus

353 1769 625 1825 membra
647 1770 879 1839 invasit,
913 1771 1173 1826 maxime
1198 1770 1462 1843 linguam
1497 1771 1626 1842 ejus
1657 1770 1964 1826 scelestam
1992 1787 2005 1837 ;

350 1876 468 1930 qua
497 1861 621 1915 Arii
652 1860 916 1932 exemplo
950 1861 1214 1933 punitus,
1249 1866 1538 1933 quantum
1570 1862 1761 1933 potuit
1785 1861 2003 1916 clama-

344 1950 462 2004 vit:
498 1952 792 2006 Hactenus
840 1950 1013 2006 nobis
1043 1967 1395 2022 persuasum
1439 1968 1562 2006 non
1617 1956 1705 2006 est
1757 1951 2000 2007 Mariam

349 2055 482 2094 esse
516 2040 617 2095 Dei
652 2040 1033 2096 Genitricem.

2133 604 2468 683 παραλαϐὼν
2522 607 2649 670 τοὺς
2716 607 3070 668 συνελθόντας
3138 607 3286 679 αὐτῷ
3336 607 3688 674 ἐπισκόπους,
3745 607 3798 662 ἐν

2134 699 2219 759 οἷς
2247 699 2315 767 ἦν
2346 698 2438 753 καὶ
2495 695 2855 773 Θεοδώρητος
2913 697 3098 773 Τύρου
3150 695 3448 757 ἐπισκοπος
3491 696 3580 750 καὶ
3645 691 3797 759 Ἶϐας

2133 785 2410 860 Ἐδέσσης,
2441 788 2750 866 καθαίρεσιν
2810 789 3130 865 ὑπαγορεύει
3183 793 3279 843 τοῦ
3338 788 3390 843 ἐν
3448 788 3622 864 ἅγίοις
3682 794 3795 845 Κυ-

2131 875 2334 951 ρίλλου
2419 878 2508 933 καὶ
2598 877 2811 951 Μέμνος
2880 881 2976 934 τοῦ
3028 879 3291 953 Ἐφεσίων
3355 875 3657 932 ἐπισκόπου
3717 877 3795 938 ὡς

2127 966 2276 1040 παρὰ
2304 965 2396 1021 τὸν
2427 967 2622 1022 κανόνα
2651 969 2751 1035 τῆς
2784 966 3109 1037 Ἑκκλησίας
3141 966 3489 1036 ποιησάντων
3530 967 3629 1034 τὴν
3664 987 3791 1020 συν-

2128 1051 2274 1111 οδον.
2305 1057 2372 1113 Οἱ
2404 1053 2460 1111 δὲ
2491 1055 2613 1131 περί
2665 1055 2942 1133 Κύριλλον
3008 1055 3315 1135 μέμφοντάι
3347 1057 3422 1119 ὡς
3457 1053 3666 1129 ἄθεσμα
3694 1057 3789 1110 καὶ

2127 1140 2301 1197 ἄτοπα
2332 1144 2400 1199 τὰ
2428 1145 2553 1218 παρ’
2584 1143 2761 1199 αὐτῶν
2814 1144 3100 1218 γενόμενα·
3136 1145 3223 1199 καὶ
3289 1144 3463 1207 οὕτως
3525 1145 3629 1198 ἀπὸ
3685 1151 3793 1213 τῆς

2127 1232 2389 1310 Ἐφεσίων
2443 1231 2827 1312 διαφερόμενοι
2887 1233 3171 1304 ἀλλήλοις
3240 1231 3523 1304 διέστησαν
3559 1233 3612 1288 οἳ
3641 1255 3698 1288 τε
3728 1235 3788 1288 ἆ-

2125 1321 2376 1378 ατολικοέ
2404 1324 2493 1377 καὶ
2527 1323 2577 1377 οἱ
2610 1323 2927 1399 Αἰγύπτιοι.
2964 1324 3109 1379 Μετὰ
3143 1321 3200 1378 δὲ
3228 1327 3397 1378 ταῦτα
3448 1321 3659 1396 σπουδῇ
3692 1327 3789 1377 τοῦ

2128 1408 2397 1486 βασιλέως
2451 1412 2757 1482 ηνώθησαν,
2816 1414 3273 1488 συμφωνήσαντες
3329 1414 3420 1467 καὶ
3493 1414 3547 1468 οἱ
3600 1413 3787 1468 ἀνατο-

2125 1500 2273 1558 λικοὶ
2306 1506 2374 1577 τῇ
2432 1502 2702 1577 έκτεθείσῃ
2754 1502 2807 1557 ἐν
2858 1503 3064 1579 Ἐφέσῳ
3123 1501 3401 1579 ὀρθοδοξῳ
3456 1502 3632 1558 πίστει
3692 1505 3782 1558 καὶ

2119 1595 2188 1664 τῇ
2228 1595 2363 1646 κατὰ
2408 1592 2705 1668 Νιστορίου
2762 1591 3093 1669 καθαιρέσει,
3151 1591 3415 1670 ἔγγραφον
3481 1590 3784 1663 ἐπιστολὴν

2117 1686 2236 1744 τοῖς
2318 1678 2725 1757 ’Λλεξανδρεῦσι
2813 1680 2903 1737 διὰ
2994 1680 3210 1738 Ηαύλου
3295 1688 3392 1737 τοῦ
3473 1680 3775 1738 ἐπισκὸπου

2118 1771 2355 1843 Ἐμέσης
2406 1770 2845 1835 ἀποστείλαντες.
2905 1771 3203 1847 Νεπόριος
3265 1768 3323 1826 δὲ
3378 1770 3641 1847 ἐξωρίσθη
3702 1771 3783 1833 είς

2117 1863 2306 1918 ’Όασιν
2331 1863 2467 1936 (61),
2519 1858 2684 1916 ἄλλοι
2745 1859 2803 1916 δὲ
2860 1862 3166 1939 γράφουσιν
3209 1860 3261 1916 ἐν
3300 1865 3371 1936 τῇ
3404 1862 3583 1935 Θάσῳ,
3638 1860 3689 1916 ἐν
3747 1860 3784 1935 ᾖ

2110 1950 2200 2005 καὶ
2267 1945 2682 2023 καταλαμϐάνει
2756 1950 2918 2007 αύτὸν
2987 1954 3022 2021 ἡ
3092 1951 3206 2006 θεία
3266 1948 3414 2021 δίκη,
3485 1948 3787 2022 σηπεδόνος

2116 2043 2225 2093 τῶν
2270 2040 2453 2112 μελῶν
2485 2039 2703 2094 πάντων
2752 2040 3054 2114 ἁψαμένης,
3119 2040 3356 2113 μάλιστα
3414 2037 3473 2094 δὲ
3537 2040 3626 2094 καὶ
3682 2045 3787 2117 τῆς

350 2130 549 2202 μιαρᾶς
606 2128 777 2182 αὐτοῦ
835 2127 1515 2205 γλώττης,ῇπεριπεσὼν
1564 2125 1824 2204 διεφθάρη
1883 2127 1955 2188 ὡς
1988 2127 2342 2203 ὁκατάρατος
2396 2130 2635 2206 Ἀρειος,
2705 2130 3013 2207 ὑποφωνῶν
3076 2130 3152 2193 ὼς
3208 2128 3449 2200 ἠδύνατο
3498 2127 3581 2184 ὅτι
3641 2130 3778 2190 τέως

351 2215 455 2269 οὐκ
484 2214 704 2285 ἐπείσθη
717 2236 811 2288 μεν
837 2217 937 2285 τὴν
970 2216 1181 2289 Μαρίαν
1210 2216 1473 2270 Θεοτόκον
1506 2214 1882 2293 ὁμολογῆσαι.

420 2306 749 2377 Imperator
770 2323 944 2377 porro
966 2310 1243 2361 venatum
1275 2323 1544 2378 egressus
1567 2306 1720 2361 clam
1743 2307 1865 2361 suis
1887 2323 2008 2361 om-

350 2394 529 2449 nibus
552 2394 726 2467 longa
757 2395 848 2449 via
894 2394 969 2449 ad
1002 2395 1361 2451 monachum
1383 2395 1705 2467 quemdam
1754 2396 1915 2450 venit
1946 2396 2007 2449 in

345 2484 564 2540 cellula
594 2484 920 2553 sedentem,
953 2502 1137 2557 prope
1186 2484 1539 2540 suburbium
1596 2485 1816 2557 Cpolis.
1850 2486 2005 2542 596

340 2573 591 2646 Agnovit
648 2591 831 2629 senex
890 2574 1337 2645 imperatorem,
1396 2574 1499 2629 sed
1567 2580 1766 2629 tamen
1822 2574 2006 2629 veluti

341 2679 530 2718 unum
562 2662 634 2718 de
669 2663 959 2718 militibus
989 2663 1237 2734 accepit.
1271 2664 1419 2718 Cum
1452 2668 1653 2718 autem
1683 2663 2008 2734 imperator

345 2769 377 2808 a
409 2753 503 2808 via
533 2758 592 2808 et
625 2758 771 2809 aestu
818 2760 976 2810 esset
1032 2754 1406 2827 defatigatus,
1454 2754 1781 2810 monachus
1820 2770 2005 2826 panes

347 2842 708 2898 humectavit
765 2849 1120 2914 acetumque
1179 2849 1236 2899 et
1288 2843 1487 2899 oleum
1542 2845 1837 2916 apposuit.
1872 2844 2006 2898 Edit

346 2931 690 3002 imperator,
724 2939 782 2987 et
812 2950 1027 3004 aquam
1057 2933 1230 2989 bibit.
1276 2935 1346 2987 Et
1386 2934 1711 2989 monacho:
1764 2934 2004 2989 Nostine

344 3035 463 3088 me,
497 3022 671 3075 Pater
690 3024 718 3075 ?
746 3021 963 3092 inquit.
996 3022 1280 3077 Monacho
1297 3022 1695 3094 respondente
1721 3040 1734 3079 :
1768 3023 1924 3078 Deus
1947 3027 2003 3077 te

343 3109 874 3182 novit,Ego,infert,
900 3127 1030 3166 sum
1054 3110 1417 3167 Theodosius
1444 3110 2002 3183 imperator.Statim

342 3202 467 3252 tum
501 3199 758 3254 surrexit
787 3200 1135 3267 monachus,
1195 3206 1255 3256 et
1309 3200 1361 3255 ei
1422 3201 1796 3272 supplicavit.
1856 3203 2001 3256 Tum

341 3286 702 3359 imperator:
727 3289 887 3344 Beati
915 3305 983 3345 ac
1012 3288 1343 3345 felicissimi
1375 3290 1637 3361 profecto
1668 3307 1769 3345 vos
1792 3307 2002 3346 mona-

2186 2307 2249 2363 Ὀ
2281 2306 2537 2381 βασιλεὺς
2572 2305 2629 2363 δὲ
2658 2312 2964 2384 κυνηγῆσαι
2996 2307 3251 2380 ἐξελθὼν,
3307 2309 3438 2371 τοὺς
3498 2309 3589 2363 σὺν
3628 2307 3780 2380 αύτῷ

2118 2394 2318 2456 πάντας
2352 2393 2652 2465 διαλαθὼν,
2694 2396 2833 2466 ἦλθε
2888 2394 2979 2452 διὰ
3038 2396 3248 2472 μακράς
3299 2395 3429 2451 ὁδοῦ
3476 2397 3615 2472 πρὸς
3665 2417 3784 2453 τινα

2120 2485 2367 2563 μοναχὸν
2428 2483 2480 2539 ἐν
2539 2484 2750 2559 κελλίῳ
2803 2486 3165 2558 καθεζόμενον
3221 2487 3307 2559 [Ρ.
3357 2487 3484 2558 340]
3542 2478 3781 2556 πλησίον

2113 2575 2224 2627 τῶν
2280 2573 2617 2647 προαστείων
2679 2572 3338 2636 Κωνσταντινουπόλεως·
3398 2575 3456 2629 ὃν
3516 2575 3545 2628 6
3600 2575 3777 2650 γέρων

2114 2658 2320 2736 ἐπέγνω
2378 2662 2500 2735 μὲν,
2557 2659 2770 2733 ἐδέξατο
2829 2660 2887 2718 δὲ
2952 2663 3026 2727 ὠς
3081 2661 3177 2718 ἓνα
3232 2666 3342 2717 τῶν
3403 2666 3781 2737 στρατιωτῶν.

2115 2752 2228 2806 Τοῦ
2256 2747 2312 2806 δὲ
2344 2749 2615 2826 βασιλέως
2644 2751 2703 2807 ἐκ
2724 2758 2822 2821 τῆς
2855 2749 2989 2807 ὀδοῦ
3017 2751 3107 2807 καὶ
3159 2755 3258 2807 τοῦ
3316 2750 3597 2815 καύσωνος
3651 2750 3773 2806 ὀλι-

2112 2840 2462 2915 γωρήσαντος
2509 2837 2718 2916 ἔϐρεξεν
2779 2839 2976 2916 ἄρτους
3008 2842 3036 2896 6
3065 2840 3257 2917 γέρων,
3312 2842 3399 2896 καὶ
3449 2838 3633 2909 βαλὼν
3658 2839 3779 2911 ὅξος

2112 2932 2202 2987 καὶ
2234 2930 2416 2988 ἔλαιον
2471 2931 2722 3012 ἔφαγενὸ
2782 2932 3046 3005 βασιλεὺς
3103 2934 3194 2988 καὶ
3252 2929 3399 2989 ἔπιεν
3454 2930 3623 3009 ὕδωρ.
3674 2933 3778 2990 Καὶ

2114 3043 2276 3099 φησιν
2307 3024 2335 3078 6
2370 3022 2645 3098 βασιλεὺς.
2672 3020 2838 3086 Οἶδας
2861 3025 2944 3086 τίς
2975 3022 3111 3096 εἶμι,
3146 3023 3319 3098 Πάτερ
3365 3041 3379 3092 ;
3422 3023 3483 3080 Ὀ
3514 3021 3572 3078 δὲ
3606 3044 3776 3096 μονα-

2113 3110 2216 3187 χὸς
2249 3112 2396 3166 εἶπεν
2426 3113 2484 3169 Ὁ
2515 3113 2643 3173 Θεὸς
2675 3109 2791 3167 οἶδέ
2846 3133 2922 3169 σε.
2958 3111 3063 3169 Καὶ
3095 3112 3122 3166 ὁ
3157 3109 3415 3187 βασιλεὺς
3438 3109 3565 3187 ἔφη’
3631 3111 3774 3186 Ἐγώ

2112 3202 2226 3274 είμι
2259 3196 2545 3262 Θεοδόσιος
2576 3202 2604 3256 6
2655 3200 2932 3275 βασιλεὺς.
2991 3201 3096 3258 Καὶ
3155 3201 3382 3263 ἀναστάς
3436 3200 3593 3263 εὐθύς
3623 3201 3651 3256 6
3681 3202 3772 3277 γέ-

2113 3308 2221 3360 ρων
2267 3289 2667 3364 προσεκύνησεν
2698 3288 2864 3363 αὐτῷ.
2923 3293 3087 3347 Εἶπεν
3148 3290 3239 3344 οὖν
3283 3291 3310 3344 6
3348 3286 3626 3365 βασιλεύς⁶
3660 3294 3776 3345 Μα-

340 3377 433 3431 chi
468 3377 628 3445 estis,
664 3395 945 3434 curarum
1003 3378 1185 3451 hujus
1242 3379 1451 3435 mundi
1485 3379 1671 3434 vacui.
1712 3380 1856 3434 Vere
1890 3379 1998 3435 tibi

2116 3379 2290 3454 κάριοι
2329 3380 2419 3434 καὶ
2447 3379 2845 3456 τρισμακάριοί
2878 3379 2997 3435 ἐστε
3051 3378 3223 3441 ὅντως
3282 3380 3439 3453 ὑμεῖς
3497 3380 3549 3434 οἱ
3602 3400 3774 3454 μονα-

341 3466 599 3536 afﬁrmo,
632 3468 825 3536 Pater,
860 3485 1167 3539 nunquam
1202 3485 1296 3523 me
1329 3469 1393 3523 in
1423 3484 1555 3524 meo
1589 3468 1808 3539 palatio
1832 3473 1999 3524 tanta

342 3571 478 3609 cum
494 3555 792 3627 voluptate
822 3555 1022 3611 cibum
1052 3573 1121 3612 ac
1142 3562 1348 3628 potum
1381 3556 1726 3628 sumpsisse.
1751 3558 1996 3613 Interim

339 3642 661 3699 multitudo
709 3646 1068 3716 supervenit.
1115 3647 1381 3717 Cumque
1439 3645 1763 3717 imperator
1790 3663 1999 3703 mona-

340 3733 519 3788 chum
552 3733 615 3788 in
643 3741 962 3807 conspectu
993 3736 1263 3791 omnium
1292 3741 1608 3791 veneratus
1640 3736 1769 3808 ejus
1800 3738 1995 3809 preci-

331 3822 446 3877 bus
528 3823 831 3879 universos
904 3824 1401 3891 commendasset,
1490 3824 1765 3880 discessit
1820 3825 1997 3881 salvis

334 3910 537 3979 rebus,
570 3916 628 3967 et
660 3913 732 3968 ab
764 3930 834 3968 eo
866 3917 1133 3985 tempore
1164 3914 1527 3969 monachum
1560 3914 1739 3969 istum
1783 3913 1842 3968 in
1888 3914 1993 3970 ho-

337 4016 484 4055 nore
516 4000 741 4058 habuit.
776 4003 994 4058 Verum
1016 4002 1066 4058 is
1097 4002 1234 4076 fuga
1262 4020 1324 4059 se
1344 4003 1623 4059 subduxit
1654 4009 1714 4059 et
1734 4004 1796 4059 in
1828 4007 1994 4077 {Egy-

334 4093 505 4159 ptum
535 4090 730 4146 rediit.

408 4357 488 4412 Eo
549 4361 815 4430 tempore
865 4359 1047 4414 etiam
1080 4376 1331 4431 magnus
1368 4360 1469 4415 ille
1501 4361 1782 4433 Symeon,
1818 4362 1919 4433 qui
1960 4379 1995 4416 a

339 4446 621 4502 columna
659 4447 899 4519 Stylites
958 4448 1321 4516 nominatur,
1380 4449 1629 4522 gloriam
1680 4450 1991 4506 hominum

329 4534 589 4605 fugiens,
618 4535 959 4593 columnam
991 4538 1356 4593 conscendit.
1391 4538 1535 4594 Cum
1568 4539 1728 4594 enim
1758 4539 1832 4596 ad
1856 4557 1992 4595 eum

331 4622 508 4677 multi
540 4624 812 4680 venirent
840 4626 1241 4699 pelliceasque
1274 4629 1403 4701 ejus
1434 4634 1624 4684 vestes
1659 4646 1837 4685 nemo
1867 4646 1990 4685 non

333 4717 574 4783 tangere
606 4719 869 4785 cuperet,
903 4715 1244 4773 columnam
1291 4717 1658 4774 conscendit.
1691 4719 1989 4790 Principio
2024 4751 2066 4816 Ο

337 4800 580 4871 quidem
612 4818 744 4857 eam
776 4820 877 4859 sex
910 4804 1247 4862 cubitorum
1305 4807 1433 4862 ﬁeri
1458 4807 1663 4879 jussit,
1721 4807 1861 4864 inde
1918 4809 1992 4865 ad

333 4890 673 4963 duodecim,
706 4900 840 4964 post
869 4895 943 4951 ad
965 4896 1167 4969 viginti
1200 4897 1338 4965 duo,
1358 4896 1616 4970 denique
1646 4898 1719 4954 ad
1752 4899 1994 4972 triginta

332 4995 434 5035 sex
463 4979 694 5037 cubitos
718 4983 909 5042 educi.
935 4986 1076 5057 Ejus
1102 4986 1419 5042 stationem
1444 4987 1716 5042 existimo
1738 5004 1773 5043 a
1793 4987 1994 5044 divina

330 5069 706 5139 providentia
760 5072 945 5130 fuisse
993 5075 1347 5147 ignoratam,
1408 5093 1540 5146 qua;
1588 5076 1993 5149 ignavioribus

332 5159 462 5213 usui
486 5159 657 5215 foret.
696 5161 858 5218 Sicut
888 5165 1042 5219 Deus
1100 5169 1159 5219 et
1187 5164 1402 5221 Isaiam
1455 5164 1685 5219 nudum
1742 5181 1811 5219 ac
1862 5165 1992 5219 sine

333 5247 547 5305 calceis
569 5251 720 5307 597
755 5252 1035 5309 incedere
1059 5254 1262 5325 jussit,
1296 5259 1357 5309 et
1380 5253 1696 5308 Jeremiam
1731 5252 1991 5325 subliga-

332 5338 463 5393 culo
496 5342 732 5399 lumbos
764 5346 1097 5401 succintum
1123 5345 1450 5413 vaticinari,
1474 5345 1797 5417 aliquando
1812 5345 1990 5400 etiam

2107 3466 2225 3544 χοί,
2258 3468 2350 3523 καὶ
2376 3468 2673 3544 ἀμέριμνοι
2714 3474 2811 3524 τοῦ
2869 3470 3102 3542 κόσμου.
3168 3470 3287 3525 Ἐπ’
3336 3466 3599 3541 ἀληθείας
3633 3468 3779 3543 λέγω

2107 3577 2213 3628 σοι,
2245 3558 2446 3633 Πάτερ.
2479 3559 2562 3613 ὅτι
2622 3557 2676 3613 ἐν
2716 3562 2799 3631 τῷ
2829 3557 3083 3632 παλατίῳ
3143 3558 3454 3634 ἐγεννήθην,
3484 3558 3575 3613 καὶ
3618 3555 3775 3613 οὐδέο

2106 3665 2241 3701 ποτε
2290 3647 2405 3720 μετ’
2452 3643 2667 3716 ἡδονῶν
2729 3646 3022 3718 ἀπήλαυσα
3094 3647 3351 3723 βρώσεως
3411 3647 3502 3702 καὶ
3559 3647 3775 3711 πὸσεως

2105 3736 2285 3800 καθὼς
2311 3738 2575 3811 σήμερον.
2615 3740 2723 3793 Τοῦ
2755 3733 2812 3792 δὲ
2844 3742 2981 3793 λαοῦ
3012 3736 3338 3817 φθάσαντος,
3379 3738 3467 3793 καὶ
3526 3734 3771 3793 ἐπώπιον

2106 3826 2323 3881 πάντων
2392 3826 2733 3900 ἀξιοπρεπῶς
2816 3828 3148 3900 τιμήσαντος
3214 3827 3309 3881 τὸν
3368 3826 3617 3902 γέροντα,
3674 3827 3769 3882 καὶ

2106 3915 2309 3978 πάντας
2342 3915 2636 3989 ἀξιωθῆναι
2688 3922 2789 3986 τῆς
2842 3915 3012 3993 εὐχῆς
3065 3915 3231 3971 αὐτοῦ
3287 3914 3642 3978 κελεύσαντος
3670 3920 3769 3970 τοῦ

2109 4003 2403 4079 βασιλέως,
2461 4004 2809 4081 ἀνεχώρησεν
2866 4005 2944 4068 εἷς
2987 4006 3087 4075 τὴν
3120 4003 3243 4061 ὁδὸν
3276 4003 3443 4061 αἴ)τοῦ
3477 4006 3593 4078 μετ’
3622 4004 3771 4081 εἰρή-

2103 4115 2223 4165 νης.
2259 4094 2362 4152 Καὶ
2392 4091 2595 4171 ἤρξατο
2627 4095 2732 4149 ἀπὸ
2785 4094 2910 4150 τότε
2966 4098 3130 4168 τιμᾷν
3200 4093 3361 4150 αὐτὸν
3423 4095 3451 4149 6
3480 4096 3764 4170 βασιλεὺς.

2104 4185 2165 4241 Ὀ
2198 4182 2256 4239 δὲ
2284 4184 2456 4261 γέρων
2518 4183 2747 4246 ἀναστὰς
2805 4179 2968 4264 ἔφυγε
2998 4182 3090 4239 καὶ
3150 4183 3315 4239 πάλιν
3375 4184 3619 4255 ἀπῆλθεν
3686 4184 3769 4248 είς

2104 4272 2385 4348 Αἴγυπτον
2396 4316 2409 4330 .

2173 4363 2263 4419 Ἐν
2317 4367 2434 4424 τοῖς
2512 4360 2740 4437 χρόνοις
2800 4362 3017 4425 τούτοις
3069 4362 3160 4418 καὶ
3193 4363 3220 4417 ὁ
3255 4364 3421 4438 μέγας
3480 4362 3707 4435 Συμεὼν
3739 4363 3768 4417 6

2102 4447 2374 4519 Στυλίτης
2407 4443 2578 4520 ἐπέϐη
2610 4452 2691 4520 τῷ
2722 4447 2882 4521 κίονι,
2912 4448 3015 4517 τήν
3076 4445 3232 4519 δόξαν
3291 4452 3404 4503 τῶν
3461 4446 3764 4523 ἀνθρώπων

2102 4537 2338 4615 φεύγων·
2373 4537 2585 4593 Πολλοὶ
2612 4538 2717 4614 γὰρ
2765 4536 2843 4601 εἷς
2906 4536 3066 4592 αὐτὸν
3123 4537 3513 4611 ἀφικνούμενοι
3562 4533 3763 4606 ἤθελον

2100 4626 2292 4690 πάντες
2343 4625 2534 4700 ψαύειν
2589 4631 2699 4680 τῶν
2768 4624 3110 4702 δερματίνων
3166 4624 3379 4682 ἐλείνου
3429 4622 3761 4700 ἐνδυμάτων.

2100 4717 2204 4772 Καὶ
2236 4720 2453 4791 πρῶτον
2510 4716 2603 4789 μὲν
2659 4711 2711 4786 ἔξ
2768 4718 2997 4791 πήχεων
3063 4715 3311 4772 ἐκέλευσε
3371 4716 3618 4792 γενέσθαι
3667 4715 3761 4770 τὸν

2100 4806 2273 4872 κίονα,
2307 4805 2423 4860 εἶτα
2466 4801 2698 4876 δώδεκα,
2748 4804 2841 4860 καὶ
2902 4806 3039 4879 μετᾶ
3093 4810 3261 4861 ταῦτα
3315 4805 3484 4861 εἷ’κοσι
3518 4802 3635 4873 δύο,
3666 4809 3758 4859 νῦν

2103 4892 2161 4950 δὲ
2195 4893 2561 4967 τριακονταέξ.
2594 4895 2695 4952 Ἤν
2748 4893 2848 4949 οὐκ
2896 4895 3016 4949 ἄνευ
3076 4901 3174 4964 τῆς
3242 4893 3385 4959 θείας
3442 4893 3762 4968 οἰκονομίας

2103 4978 2483 5057 ὒπολαμϐάνω
2540 4982 2777 5058 γενέσθαι
2830 4985 2930 5053 τήν
2988 4985 3193 5055 στάσιν,
3255 4982 3526 5051 ὡφελείας
3581 4980 3759 5039 ἕνεκεν

2101 5078 2210 5130 τῶν
2267 5072 2677 5149 ῥᾳθυμοτέρων,
2738 5071 2919 5148 ὥσπερ
2977 5074 3068 5129 καὶ
3120 5076 3213 5129 τὸν
3272 5072 3497 5130 Ἡσαΐαν
3547 5074 3760 5149 γυμνὸν

2102 5162 2193 5219 καὶ
2252 5161 2582 5219 ἀνυπόδετον
2644 5163 2860 5239 βαδίσαι
2919 5162 3258 5238 προσέταξε,
3304 5164 3395 5219 καὶ
3452 5163 3546 5218 τὸν
3605 5163 3765 5239 Ἰερε-

2110 5252 2236 5326 μίαν
2293 5252 2580 5329 περίζωμα
2622 5255 2692 5327 τῇ
2755 5252 2919 5330 ὀσφύϊ
2981 5254 3280 5327 περιθεῖναι
3306 5253 3397 5308 καὶ
3455 5252 3598 5308 οὓτω
3629 5271 3761 5325 προ-

2108 5343 2379 5421 φητεύειν,
2408 5342 2496 5398 καὶ
2528 5340 2731 5398 ἄλλοτε
2759 5342 2983 5405 κλοιοὺς
3043 5340 3294 5411 ξυλίνους
3348 5343 3440 5397 καὶ
3499 5338 3763 5415 σιδηροῦς

1535 5470 1902 5526 XYLANDRI
1944 5472 2030 5525 ET
2071 5472 2288 5527 GOARI
2327 5471 2549 5527 NOTAE.

407 5599 525 5670 (61)
559 5604 725 5658 Oasis
759 5605 819 5660 in
864 5609 1080 5665 Arabia
1111 5616 1217 5665 est.
1250 5612 1524 5665 Zonaras.
1558 5610 1694 5663 XYL.
