4144 6424
316 374 434 434 649

1422 374 1981 439 HISTORIARUM
2026 373 2567 436 COMPENDIUM.

3616 388 3738 446 650

310 502 630 581 περιϐαλεῖν
661 512 743 579 τῷ
773 507 1071 583 τραχήλῳ,
1114 508 1311 582 καὶτῷ
1360 511 1522 580 Ὠσηὲ
1566 514 1791 585 γυναῖκα
1844 509 1969 582 πόρ-

2087 509 2364 564 uumellis
2397 509 2607 581 ligneis
2637 525 2705 564 ac
2736 509 2948 564 terreis
2978 509 3198 563 collum
3248 512 3635 574 circumdare.
3670 522 3740 574 Et

311 617 411 667 νην
445 590 632 651 λαϐεῖν
663 595 751 649 καὶ
782 595 952 651 πάλιν
982 597 1261 671 ἀγαπῆσαι
1320 598 1565 672 πονηρὰν
1620 602 1850 674 γυναῖκα
1886 596 1974 650 καὶ

316 680 649 759 μοιχαλίδα,
680 684 769 739 καὶ
802 685 892 739 τὸν
925 684 1181 755 Ἐζεκιήλ
1220 685 1311 742 ἐπὶ
1362 708 1460 742 του
1509 684 1685 756 δεξιοῦ
1736 683 1978 759 πλευροῦ

313 775 528 848 ἡμέρας
559 774 612 845 μ’
653 772 745 828 καὶ
800 772 888 829 ἐπὶ
953 779 1052 829 τοῦ
1109 775 1392 851 ἀριστεροῦ
1453 778 1523 850 ρν¹
1579 773 1975 843 κατακλιθῆναι

312 860 405 917 καί
444 859 600 925 αὖθίς
638 858 880 937 διορύξαι
910 863 1002 918 τὸν
1032 867 1226 939 τοῖχον
1258 863 1350 919 καὶ
1396 869 1609 942 φυγεῖν,
1658 863 1748 919 καὶ
1797 860 1974 936 αῗχμ-

312 949 557 1006 αλωσίαν
614 951 791 1023 ἑαυτῷ
850 948 1166 1026 διαγράψαι,
1224 952 1316 1009 καὶ
1396 951 1602 1009 ἄλλοτε
1687 951 1745 1007 δὲ
1818 950 1973 1029 ξίφος

311 1038 387 1101 εἷς
418 1040 602 1113 ἀκμήν
633 1041 941 1115 παραθῆξαι
973 1042 1063 1095 καὶ
1124 1039 1382 1114 ξύρασθαι
1430 1040 1608 1114 τούτῳ
1656 1042 1756 1109 τήν
1808 1061 1971 1116 κεφα-

310 1127 413 1198 λὴν
449 1129 540 1184 καὶ
571 1137 815 1205 τετραχῆ
848 1131 947 1193 τὰς
976 1130 1174 1207 τρίχας
1207 1128 1428 1188 διελεῖν.
1464 1132 1564 1187 Καὶ
1590 1133 1679 1187 ἳνα
1703 1133 1779 1205 μή
1802 1133 1974 1186 πάντα

310 1217 475 1292 λέγω,
538 1221 790 1294 γενεσθαι
846 1219 1054 1274 τούτων
1115 1217 1341 1276 ἕκαστον
1399 1220 1756 1296 προσέταττεν
1788 1221 1816 1275 6
1866 1224 1972 1273 τῶν

310 1305 492 1382 λόγων
536 1309 802 1380 πρύτανις
832 1308 960 1370 τοὺς
993 1307 1150 1382 λόγῳ
1205 1311 1282 1383 μὴ
1342 1309 1702 1384 πεεθομένους
1748 1314 1829 1381 τῷ
1871 1316 1969 1378 τῆς

307 1396 545 1469 θεωρίας
607 1395 898 1471 παραδόξῳ
986 1397 1295 1474 συλλέγων.
1355 1400 1425 1453 Τὸ
1481 1400 1581 1474 γὰρ
1637 1399 1820 1454 καινὸν
1871 1403 1968 1452 τοῦ

307 1486 577 1556 θεάματος
619 1485 879 1561 ἐνέχυρον
939 1485 1244 1562 ἀξιόχρεων
1299 1486 1505 1562 γίνεται
1564 1491 1662 1542 τοῦ
1713 1484 1970 1563 διδάγμα-

2086 600 2248 654 Osem
2279 600 2586 654 mandavit
2614 604 2680 655 ut
2737 600 3114 655 meretricem
3180 619 3428 659 uxorem
3472 606 3736 679 duceret,

2084 703 2152 741 ac
2178 705 2418 758 pravam
2441 693 2499 742 et
2519 688 2853 745 adulteram
2874 706 3122 744 uxorem
3145 698 3408 747 amaret:
3432 696 3736 753 Ezechielo

2084 782 2149 830 ut
2180 777 2243 831 in
2272 777 2480 833 dextro
2511 777 2698 833 latere
2755 778 3149 851 quadraginta
3194 781 3344 850 dies,
3386 782 3449 837 in
3496 784 3735 842 sinistro

2083 870 2325 921 centum
2355 866 2789 939 quinquaginta
2829 867 3223 935 recumberet,
3280 886 3642 945 rursumque
3673 879 3740 930 ut

2080 954 2422 1025 perfoderet
2449 972 2688 1010 murum
2720 972 2787 1010 ac
2817 955 3065 1028 fugeret,
3100 957 3331 1028 sibique
3357 959 3469 1031 ipsi
3489 962 3735 1033 captivi-

2081 1048 2264 1097 tatem
2296 1043 2688 1111 describeret;
2716 1044 2984 1116 aliasque
3016 1045 3280 1118 gladium
3306 1063 3517 1106 acuere
3541 1067 3734 1122 eoque

2081 1138 2260 1203 caput
2288 1133 2521 1202 radere,
2555 1138 2612 1188 et
2643 1134 2839 1189 crines
2870 1134 3293 1204 quadrifariam
3335 1137 3620 1194 dividere.
3653 1142 3734 1195 Ac

2080 1237 2156 1275 ne
2173 1222 2376 1277 omnia
2397 1222 3041 1294 referam,gubernator
3072 1225 3359 1280 orationis
3382 1226 3508 1281 haec
3529 1229 3734 1284 omnia

2078 1308 2207 1363 ﬁeri
2233 1310 2435 1381 jussit,
2468 1316 2534 1365 ut
2562 1311 2663 1381 qui
2694 1328 2815 1365 non
2839 1316 3115 1382 parerent
3145 1312 3421 1381 orationi,
3456 1315 3495 1368 ii
3516 1316 3725 1372 saltem

2076 1394 2357 1452 inusitato
2379 1399 2717 1469 spectaculo
2750 1399 3155 1470 allicerentur,
3171 1400 3341 1472 cujus
3359 1402 3586 1457 novitas
3603 1405 3729 1458 suf-

2074 1483 2283 1538 ﬁciens
2315 1491 2405 1538 est
2435 1485 2721 1540 doctrinas
2752 1486 2984 1558 pignus.
3022 1488 3109 1541 Ita
3152 1486 3407 1557 Symeon
3455 1488 3557 1542 ille
3599 1506 3723 1544 ma-

308 1594 424 1635 τος.
459 1576 706 1648 Καθάπερ
749 1575 853 1651 γὰρ
914 1575 990 1636 είς
1052 1573 1282 1651 λυχνίαν
1342 1576 1514 1641 τεθεὶς
1582 1577 1609 1631 6
1668 1575 1967 1650 φανότατος

2081 1590 2222 1646 gnus
2251 1574 2431 1629 veluti
2459 1575 2665 1631 lumen
2696 1576 3251 1647 splendidissimum
3281 1579 3345 1634 in
3366 1578 3724 1634 candelabro

314 1666 471 1726 οὗτος
501 1661 724 1738 λύχνος,
756 1664 783 1717 ὁ
821 1663 991 1739 μέγας
1033 1661 1250 1736 δηλαδή
1294 1665 1543 1735 Συμεὼν,
1594 1664 1760 1735 ἡλίου
1809 1662 1966 1735 δίκην

2081 1664 2331 1735 positum
2363 1665 2506 1720 solis
2537 1667 2726 1721 instar
2748 1667 2947 1722 radios
2978 1684 3117 1723 suos
3165 1669 3227 1723 in
3270 1686 3478 1726 omnes
3526 1674 3726 1741 partes

306 1752 567 1806 πάντοθεν
599 1752 696 1815 τὰς
736 1754 956 1815 ἀκτῖνας
1014 1752 1305 1829 ἐξέπεμψε,
1354 1755 1444 1810 καί
1500 1755 1568 1823 ἦν
1629 1751 1765 1809 ΐδεῖν
1810 1748 1966 1825 Ἰϐη-

2081 1753 2403 1820 emittebat;
2430 1753 2765 1825 licebatque
2788 1755 2986 1811 videre
3012 1756 3727 1825 lberos,Armenios,Per-

307 1859 402 1915 ρας
460 1842 551 1895 καὶ
606 1842 933 1917 Ἀρμενίους
989 1844 1077 1899 καὶ
1138 1844 1346 1919 Πέρσας
1430 1844 1519 1898 καὶ
1605 1843 1959 1917 Ἰσμαηλίτας

308 1929 571 2005 ὁσημέραι
600 1931 1023 2009 ἀφικνουμένοκς
1079 1934 1169 1988 καὶ
1226 1938 1324 1988 τοῦ
1376 1933 1523 1997 θείου
1585 1931 1958 2009 βαπτίσματος

308 2018 707 2082 ἀπολαύοντας.
775 2021 1057 2092 Τασαύτην
1108 2021 1200 2077 οὖν
1246 2023 1346 2090 τήν
1394 2023 1557 2101 χάριν
1592 2024 1620 2077 6
1656 2024 1956 2095 θαυμάσιος

305 2108 382 2171 εἰς
414 2111 499 2182 [Ρ.
535 2112 661 2183 341]
693 2109 864 2166 πάντα
912 2112 977 2166 τὰ
1024 2107 1150 2182 ἔθνη
1212 2111 1506 2186 ἐξέπεμψεν
1558 2109 1697 2166 ὣστε
1739 2111 1807 2166 τὰ
1851 2117 1958 2167 τῶν

309 2198 578 2270 πατρῴων
611 2200 747 2252 θεῶν
796 2197 999 2271 εἷ’διρλα
1055 2200 1160 2275 πρὸ
1215 2205 1314 2255 τοῦ
1365 2199 1547 2263 κίονος
1604 2199 1809 2256 ἐκείνου
1861 2204 1957 2255 τοῦ

309 2285 457 2341 θείου
485 2285 717 2359 ἃγοντας
746 2283 1064 2363 συντρίϐειν,
1110 2290 1212 2359 τὴν
1264 2287 1321 2344 δὲ
1366 2288 1602 2364 καθαρὰν
1656 2289 1747 2344 καὶ
1800 2289 1958 2362 ἀμώ-

313 2397 487 2450 μητον
520 2379 682 2448 ἡμῶν
720 2382 826 2434 τῶν
868 2382 1212 2455 Χριστιανῶν
1261 2379 1441 2437 πίστιν
1490 2380 1595 2435 ὑπὸ
1635 2384 1733 2435 τοῦ
1794 2382 1959 2457 μεγά-

309 2480 411 2522 Λου
471 2474 768 2543 Συμεῶνος
801 2468 1233 2541 ἐκπαιδεύεσθαι,
1277 2469 1368 2527 διὰ
1396 2470 1628 2528 πολλῶν
1666 2473 1956 2545 θαυμάτων

304 2559 398 2613 καὶ
435 2558 701 2635 μεγίστων
731 2560 1024 2636 τεραστίων
1057 2561 1285 2625 τούτους
1332 2562 1538 2639 ἐνάγων
1585 2561 1661 2624 εἰς
1708 2563 1809 2632 τὴν
1857 2565 1958 2617 τοῦ

304 2650 549 2723 Χριστοῦ
578 2647 878 2706 πολιτείαν.
912 2649 1156 2713 Εἲκότως
1199 2651 1291 2706 οὖν
1342 2646 1528 2727 ἔλεγεν
1559 2652 1588 2706 6
1620 2650 1842 2725 Κύριος·
1897 2652 1959 2707 Ὀ

300 2736 572 2793 πιστεύων
642 2737 721 2801 εἷς
779 2738 898 2812 ἐμὲ,
956 2741 1024 2794 τὰ
1068 2736 1199 2817 ἔργα
1255 2741 1289 2796 ἅ
1354 2738 1465 2819 ἐγὼ
1521 2743 1667 2795 ποιῶ
1715 2739 1958 2802 κάκεῖνος

299 2827 546 2897 ποιήσει,
602 2829 693 2882 καὶ
753 2829 981 2900 μείζονα
1044 2829 1252 2885 τούτων
1315 2831 1555 2901 ποιήσει⁹
1624 2827 1683 2892 ὅς
1737 2832 1807 2903 τῇ
1862 2832 1960 2884 τοῦ

301 2917 461 2993 ἁγίου
516 2914 827 2989 Πνεύματος
880 2915 1051 2995 αἶ’γλῃ
1113 2917 1613 2991 καταλαμπόμενος
1670 2917 1761 2972 καὶ
1828 2939 1958 2973 παν-

302 3002 603 3080 ταχοῦ.τὰς
629 3011 729 3075 τῆς
783 3005 1010 3085 χάριτος
1063 3006 1284 3071 ἀκτῖνας
1339 3004 1633 3080 ἐκπέμπων
1687 3006 1823 3062 κατὰ
1868 3006 1961 3061 τὸν

307 3091 476 3168 μέγαν
512 3093 816 3152 Βασίλειον.
850 3094 996 3165 Φησὶ
1045 3094 1170 3171 γάρ’
1221 3099 1427 3171 Ὠσπερ
1473 3095 1542 3151 τὰ
1591 3094 1820 3171 λαμπρὰ
1869 3094 1961 3151 καὶ

305 3179 543 3260 διαφανῆ
600 3187 709 3238 τῶν
767 3185 1037 3257 σωμάτων
1096 3184 1313 3248 ἀκτῖνος
1371 3183 1558 3247 αὐτοῖς
1615 3184 1957 3258 ἐμπεσούσης

2072 1858 2167 1898 sas
2198 1849 2257 1897 et
2283 1843 2613 1898 Ismaelitas
2643 1844 2909 1915 quotidie
2941 1846 3247 1901 venientes
3278 1864 3347 1902 ac
3378 1864 3545 1903 sacro
3576 1848 3725 1920 bap-

2069 1933 2245 1988 tismo
2278 1934 2594 2004 potientes.
2627 1936 2875 1991 Tantum
2924 1954 3102 2008 porro
3155 1938 3357 2009 gratim
3412 1938 3474 1993 in
3531 1940 3723 1995 varias

2064 2021 2338 2094 regiones
2368 2022 2579 2079 beatus
2605 2023 2705 2080 ille
2737 2026 3121 2097 propagabat,
3153 2031 3220 2081 ut
3250 2027 3497 2091 deorum
3529 2033 3724 2100 pater-

2064 2127 2280 2165 norum
2312 2112 2635 2169 simulacra
2664 2113 2738 2169 ad
2769 2114 3113 2171 columnam
3145 2116 3274 2186 ejus
3307 2116 3564 2173 adducta
3585 2134 3722 2173 con-

2063 2200 2373 2274 fregerint,
2405 2208 2464 2257 et
2492 2203 2564 2258 ab
2607 2221 2675 2259 eo
2734 2221 2944 2275 puram
3001 2206 3485 2277 inculpatamque
3535 2207 3715 2262 ﬁdem

2063 2290 2460 2347 Christianam
2490 2292 2683 2348 edocti
2706 2294 2842 2348 sint.
2877 2296 3020 2348 Nam
3052 2312 3154 2350 eos
3184 2295 3388 2350 multis
3410 2296 3716 2351 miraculis

2066 2397 2135 2436 eo
2157 2381 2538 2452 perducebat.
2566 2384 2741 2439 Recte
2765 2383 2965 2455 itaque
2988 2383 3167 2439 habet
3195 2384 3412 2439 Christi
3444 2384 3668 2440 dictum
3696 2402 3708 2439 :

2066 2473 2174 2537 Qui
2208 2473 2269 2527 in
2298 2490 2394 2528 me
2425 2473 2634 2542 credit,
2661 2492 2793 2530 mea
2821 2491 3059 2546 quoque
3083 2491 3284 2547 opera,
3313 2476 3460 2531 etiis
3482 2475 3713 2546 majora

2065 2560 2374 2633 prmstabit
2400 2561 2441 2617 θ.
2475 2562 2530 2617 Is
2562 2578 2699 2632 ergo
2731 2564 2986 2634 Symeon
3041 2562 3269 2635 fulgore
3318 2563 3472 2623 598
3524 2563 3713 2619 sancti

2066 2640 2319 2721 Spiritus
2350 2644 2686 2707 illustratus
2709 2650 3096 2723 undiquaque
3119 2668 3257 2707 suos
3290 2652 3466 2724 ejecit
3494 2651 3716 2722 radios,

2068 2738 2366 2811 quomodo
2397 2739 2650 2795 Basilius
2678 2740 2945 2810 loquitur
2972 2739 3066 2795 his
3092 2739 3306 2810 verbis,
3323 2740 3719 2806 Quemadmo-

2068 2828 2212 2884 dum
2243 2828 2558 2900 splendida
2578 2833 2637 2883 et
2654 2829 2970 2901 perspicua
2990 2846 3240 2901 corpora
3254 2829 3438 2885 radiis
3455 2829 3722 2885 inciden-

2068 2916 2230 2972 tibus
2261 2921 2319 2972 et
2358 2918 2487 2989 ipsa
2537 2917 2917 2973 illustrantur
2970 2924 3029 2972 et
3079 2935 3296 2973 novum
3353 2918 3541 2973 edunt
3577 2935 3612 2973 a
3658 2934 3721 2973 se

2069 3003 2470 3076 splendorem,
2495 3005 2580 3059 sic
2597 3009 2657 3059 et
2676 3004 2920 3075 Spiritui
2942 3005 3285 3078 recipiendo
3308 3010 3458 3077 aptae
3480 3005 3719 3071 animm,

2069 3110 2103 3148 a
2133 3093 2354 3165 Spiritu
2385 3093 2759 3164 illuminataa,
2793 3110 2927 3149 cum
2960 3095 3103 3165 ipsae
3159 3095 3311 3150 ﬁunt
3358 3094 3720 3166 spirituales,

2074 3188 2199 3238 tum
2230 3182 2481 3255 gratiam
2511 3183 2642 3255 ejus
2665 3199 2799 3237 cum
2821 3182 2956 3238 aliis
2978 3184 3441 3239 communicant.
3465 3183 3609 3238 Inde
3630 3183 3722 3237 fu-

306 3248 445 3327 αὐτά
472 3248 762 3347 τενγίνεται
818 3248 1143 3349 περιλαμπῆ
1209 3276 1298 3329 καὶ
1351 3275 1536 3350 ἑτέραν
1597 3248 1772 3348 αύγὴν
1834 3248 1963 3328 ἀπο-

2081 3278 2346 3327 turorum
2385 3273 2694 3343 praesagia,
2749 3271 3084 3327 intellectus
3130 3272 3574 3344 mysteriorum,
3624 3288 3726 3325 oc-

304 3356 546 3435 στίλϐει,
578 3360 754 3424 οὕτως
785 3362 842 3416 αἱ
897 3362 1340 3442 πνευματοφόροι
1390 3362 1565 3439 ψυχαὶ
1624 3360 1961 3439 ἐλλαμφθεῖ-

304 3470 401 3504 σαι
458 3449 605 3525 παρὰ
654 3454 753 3506 τοῦ
813 3451 1122 3524 Πνεύματος
1194 3449 1350 3506 αὐταί
1426 3473 1486 3507 τε
1567 3450 1965 3507 ἀποτελοῦνται

303 3540 672 3613 πνευματικαὶ
706 3539 797 3595 καὶ
857 3539 933 3603 εἷς
990 3539 1204 3616 ἑτέρους
1249 3541 1351 3610 τὴν
1406 3542 1571 3620 χάριν
1632 3540 1965 3612 ἐξαποστέλ-

304 3627 525 3688 λουσιν.
577 3631 849 3687 Ἐντεῦθεν
904 3628 1226 3704 μελλόντων
1265 3632 1593 3707 πρόγνωσις,
1646 3632 1964 3709 μυστηρίων

2075 3361 2372 3417 cultorum
2403 3362 2880 3434 comprehensio,
2907 3361 3198 3418 donorum
3224 3361 3585 3428 distributio,
3610 3360 3729 3415 vita

2076 3450 2355 3521 caelestis,
2390 3451 2621 3506 choreas
2651 3467 2785 3506 cum
2816 3450 3063 3521 angelis,
3087 3451 3390 3505 inﬁnitum
3420 3449 3724 3522 gaudium,

2075 3540 2138 3595 in
2168 3541 2287 3595 Deo
2310 3540 2812 3611 permansio,cum
2835 3541 2952 3595 Deo
2970 3539 3318 3606 similitudo,
3328 3538 3611 3612 perfectio
3629 3554 3728 3609 ap—

2076 3630 2320 3702 petitus,
2355 3629 2484 3684 ﬁeri
2520 3631 2705 3685 Deum
2737 3629 2896 3700 quod
2925 3629 2999 3685 ad
3029 3630 3302 3702 gratiam.

305 3719 548 3788 σύνεσις,
582 3715 977 3793 κεκρυμμένων
1045 3717 1378 3792 κατάληψις,
1440 3719 1804 3799 χαρισμάτων
1864 3717 2123 3792 διανομὴ,
2184 3716 2246 3771 τὸ
2305 3715 2559 3791 οὐράνιον
2614 3714 2946 3788 πολίτευμα,
2984 3718 3013 3785 ἦ
3051 3716 3166 3790 μετ’
3215 3711 3464 3791 ἀγγέλων
3515 3732 3730 3790 χορειαι

305 3811 341 3879 ἡ
415 3804 781 3879 ἀτελεύτητος
832 3806 1162 3883 εὐφροσύνη,
1193 3810 1229 3877 ἡ
1262 3805 1316 3862 ἐν
1364 3812 1484 3880 Θεῷ
1544 3805 1804 3883 διαμονή,
1837 3809 1873 3877 ἡ
1904 3804 2043 3880 πρὸς
2097 3803 2226 3861 Θεὸν
2287 3804 2581 3877 ὁμοίωσις,
2635 3805 2699 3860 τὸ
2755 3805 3054 3880 ἀκρότατον
3109 3809 3218 3860 τῶν
3278 3803 3537 3879 ὀρεκτῶν,
3601 3804 3731 3858 Θεὸν

304 3896 559 3974 γενέσθαι
589 3896 724 3951 κατὰ
753 3895 914 3972 χάριν
925 3940 938 3953 .

394 3987 545 4042 Μετά
573 4007 690 4041 τινα
720 3984 777 4041 δὲ
802 3986 997 4063 παιρὸν
1027 3986 1055 4042 6
1088 3991 1236 4052 θεῖος
1266 3984 1472 4056 Δανιήλ
1505 3985 1533 4040 ὁ
1579 3984 1629 4041 ἐν
1678 3990 1754 4058 τῷ
1810 3987 1972 4043 Ἀνά-

310 4074 450 4147 πλῳ
480 4078 621 4149 (62),
653 4076 982 4151 θεασάμενος
1020 4075 1110 4131 τὸν
1146 4076 1314 4151 μέγαν
1346 4076 1643 4149 Συμεών-ην
1675 4075 1767 4130 καὶ
1826 4076 1974 4139 θείου

314 4164 498 4236 ζήλου
528 4163 794 4236 πλησθεὶς
823 4167 921 4234 τὴν
954 4162 1202 4240 καρδίαν,
1259 4163 1432 4221 ἐλθὼν
1494 4165 1546 4220 ἐν
1586 4169 1666 4238 τῷ
1718 4164 1974 4238 Ἀνάπλῳ

314 4249 492 4326 ἐπέϐη
522 4255 612 4310 καὶ
669 4253 831 4317 αὐτὸς
888 4258 969 4327 τῷ
1006 4252 1209 4326 στύλῳ,
1268 4252 1497 4310 πολλῶν
1551 4255 1640 4309 καὶ
1706 4253 1973 4331 μεγίστων

316 4343 618 4418 θαυμάτων
653 4343 956 4419 αὐτουργὸς
1008 4343 1322 4420 γενόμενος,
1384 4339 1639 4417 διήρκεσε
1683 4340 1740 4398 δὲ
1791 4341 1843 4398 ἐν
1893 4347 1973 4417 τῷ

316 4435 467 4491 κίονι
524 4432 658 4509 ἄχρι
714 4433 976 4509 τετάρτου
1033 4428 1185 4495 ἔτους
1242 4436 1341 4488 τοῦ
1393 4430 1662 4507 βασιλέως
1747 4434 1978 4496 Λέοντος

318 4527 424 4580 τοῦ
457 4521 742 4600 Μεγάλου,
772 4522 865 4579 καὶ
897 4522 1071 4587 οὕτως
1099 4522 1236 4599 πρὸς
1266 4518 1467 4599 Κύριον
1503 4521 1806 4597 ἐξεδήμησε
1835 4522 1980 4595 πλή-

322 4633 430 4689 ρης
460 4611 675 4687 ἀγαθῶν
708 4606 902 4690 ἔργων.

395 4708 486 4776 Τῷ
546 4704 624 4773 κζ’
684 4700 789 4758 ἔτει
849 4700 1170 4779 παρεγένετο
1225 4700 1616 4767 Οὐαλεντιανὸς
1684 4703 1793 4759 ἀπὸ
1850 4703 1983 4761 Ῥώ-

332 4811 447 4865 μης
478 4789 530 4846 ἐν
590 4788 1188 4864 Κωνσταντινουπόλει,
1239 4788 1330 4845 καὶ
1385 4785 1556 4866 ἔγημε
1608 4797 1834 4868 γυναῖκα
1881 4795 1981 4864 τὴν

329 4879 601 4956 θυγατέρα
632 4878 922 4936 Θεοδοσίου
963 4884 1062 4935 τοῦ
1115 4877 1389 4954 βασιλέως
1445 4877 1726 4952 Εὐδοξίαν,
1785 4884 1885 4953 τήν
1932 4881 1985 4954 ἐξ

330 4968 603 5033 Εὐδοκίας
655 4975 996 5046 γεννηθεῖσαν
1048 4968 1217 5042 αὐτῷ,
1288 4966 1377 5023 καί
1456 4966 1622 5025 πᾶλιν
1684 4970 1985 5043 ἐπανῆλθεν

334 5058 388 5114 ἐν
416 5059 636 5133 Ῥώμῃ.
672 5062 844 5132 Κῦρος
886 5056 1128 5133 ἔπαρχος
1170 5060 1270 5125 τῆς
1322 5055 1563 5126 πόλεως,
1614 5059 1751 5135 ἀνὴρ
1810 5063 1989 5139 σοφώ-

332 5168 495 5212 τατος
549 5148 638 5202 καὶ
697 5148 900 5217 ἱκανὸς,
953 5144 1262 5207 καταλύσας
1346 5146 1408 5201 τὸ
1490 5152 1748 5226 χερσαῖον
1800 5155 1988 5225 τεῖχος

335 5233 960 5299 Κωνσταντινουπόλεως
1006 5236 1096 5291 καὶ
1153 5235 1400 5310 προσθεὶ,
1460 5233 1606 5291 ἄλλα
1650 5233 1992 5312 διαστήματα

403 5383 424 5418 ο
454 5384 620 5440 Joan.
655 5398 730 5454 ιν,
764 5385 851 5437 12.

2154 3982 2474 4052 Aliquanto
2488 3987 2622 4053 post
2634 3987 2899 4054 tempore
2921 3982 3154 4038 divinus
3189 3981 3466 4038 Danielus
3490 3982 3551 4036 in
3572 3983 3734 4037 Ana-

2082 4071 2182 4143 plo
2213 4087 2346 4126 cum
2371 4071 2616 4125 vidisset
2642 4086 2922 4143 magnum
2944 4071 3526 4142 Symeonem,divina
3548 4086 3736 4125 aamu-

2084 4160 2307 4216 latione
2334 4160 2651 4232 instigatus
2681 4160 2805 4231 ipse
2828 4177 3065 4231 quoque
3084 4159 3424 4215 columnam
3447 4174 3737 4215 conscen-

2086 4250 2194 4319 dit,
2224 4249 2530 4320 mullaque
2561 4254 2621 4305 et
2648 4249 2907 4304 maxima
2926 4248 3113 4305 edidit
3131 4249 3736 4306 miracula.Perman-

2086 4340 2163 4395 sit
2182 4339 2244 4394 in
2262 4340 2543 4395 columna
2563 4355 2751 4410 usque
2772 4338 2847 4393 ad
2865 4343 3141 4410 quartum
3156 4355 3382 4394 annum
3395 4337 3606 4394 Leonis
3626 4340 3740 4392 Ma-

2087 4430 2223 4503 gni;
2258 4434 2434 4500 atque
2464 4428 2549 4484 ita
2577 4428 2652 4483 ad
2680 4428 3000 4485 Dominum
3032 4428 3360 4501 emigravit,
3391 4427 3564 4484 bonis
3593 4444 3736 4500 ope-

2087 4518 2255 4575 ribus
2284 4518 2521 4574 abunde
2551 4517 2853 4590 praestitis.

2162 4710 2334 4763 Anno
2365 4708 2645 4763 vicesimo
2667 4711 2830 4761 sexto
2854 4705 3305 4762 Valentinianus
3328 4708 3516 4762 Roma
3535 4703 3747 4777 Cpolin

2093 4798 2271 4867 venit,
2306 4797 2592 4869 duxitque
2609 4812 2857 4851 uxorem
2883 4795 3067 4851 ﬁliam
3088 4795 3403 4851 Theodosii
3425 4796 3752 4867 imperato-

2093 4887 2178 4942 ris
2207 4886 2555 4955 Eudoxiam,
2588 4904 2658 4941 ex
2708 4885 2969 4942 Eudocia
3014 4885 3126 4958 ipsi
3174 4890 3400 4954 natam,
3451 4884 3750 4954 rediitque

2098 4979 2364 5032 Romam.
2398 4977 2584 5046 Cyrus
2613 4973 2780 5030 urbis
2811 4975 3147 5046 praefectus,
3176 4974 3355 5028 homo
3386 4971 3752 5044 sapientissi-

2099 5081 2233 5121 mus
2263 5070 2443 5136 atqne
2474 5064 2826 5128 industrius,
2879 5068 3219 5119 terrestrem
3268 5060 3467 5133 Cpolis
3510 5075 3750 5115 murum

2100 5153 2422 5210 demolitus
2453 5158 2570 5220 est;
2594 5152 2845 5225 aliisque
2865 5149 3437 5208 duobusintervallis
3459 5148 3613 5205 δυο
3645 5146 3754 5202 ad-

2102 5243 2456 5314 ditis,alium
2473 5259 2713 5299 murum
2731 5241 2888 5297 intra
2901 5240 3332 5313 sexagesimum
3345 5237 3504 5293 diem
3518 5241 3755 5293 exstru-

1540 5487 1901 5548 XYLANDRI
1942 5494 2029 5548 ET
2069 5496 2287 5552 GOARI
2329 5496 2553 5552 ΝΟΤᾸΞ.

408 5609 657 5684 (6:2)_CP.
694 5607 821 5684 loco
853 5607 935 5684 ita
975 5610 1199 5684 vocato:
1258 5604 1433 5684 Cosa.
1481 5637 1550 5644 —
1605 5604 1914 5671 ἈνάπΛους
1966 5611 2262 5684 interpres
2317 5611 2631 5682 Nicephori
2682 5608 2976 5664 transitura
3031 5603 3228 5672 vertit,
3287 5620 3379 5672 xv,
3425 5606 3515 5658 2'2.
3566 5603 3765 5674 Appa—

339 5683 430 5730 ret
457 5675 641 5733 fuisse
674 5678 1028 5733 suburbium
1058 5675 1327 5748 Cpoleos.
1363 5677 1502 5731 ΧΠ..

584 5800 845 5859 Parrum.
895 5800 1005 5859 Gn.
1052 5795 1261 5857 CXXI.

3447 5796 3518 5853 21
