4144 6456
408 448 525 508 653

1558 436 2104 503 HISTORIABUM
2155 441 2705 509 COMPENUIUM.

3713 450 3837 510 654

402 582 477 642 ὡς
506 576 973 650 κατεπαιρομὲνου
1032 578 1129 630 τοῦ
1187 571 1457 648 βασιλέως
1518 573 1609 628 καὶ
1658 576 2070 653 καταφρονοῦν-

2194 582 2517 648 peratorem
2566 599 2673 652 per
2721 583 3130 651 contemptum
3161 597 3224 635 se
3273 581 3600 637 extulisset.
3635 584 3839 653 Itaque

403 690 497 730 τος
554 665 742 722 αὐτοῦ.
805 666 899 719 Διὸ
930 665 1021 719 καὶ
1080 664 1252 738 νόμον
1305 660 1512 733 ἐξέθετο
1580 663 1655 736 μή
1730 662 2072 742 εἷ’σέρχεσθαι

406 760 485 821 εἱς
540 753 836 833 πατρικίου
889 753 1039 825 ἀξίαν
1100 752 1387 830 εὐνοῦχον.
1469 751 1642 814 Οὗτος
1700 753 1728 807 ὁ
1789 750 2075 815 Θεοδόσιος

408 849 798 927 εὐμεταγωγος
828 846 895 915 ἦν
918 843 1148 924 σφόδρα,
1180 843 1507 918 πειθόμενος
1539 849 1652 905 τοῖς
1716 839 2072 899 ὑποϐάλλουα

407 960 491 995 σιν
514 937 662 1008 αὖτῷ
693 935 941 1006 οἰκείοις,
975 935 1049 996 ὡς
1082 931 1357 995 πολλάκις
1389 933 1479 989 καὶ
1540 932 1780 1010 χάρτους
1839 937 1955 1005 (66)
1992 933 2068 1006 μὴ

408 1027 802 1105 ἀναγινώσκων
874 1024 1193 1103 ὁπὲγραφεν.
1252 1026 1418 1098 Ὅπερ
1509 1026 1751 1096 μαθοῦσα
1817 1020 2072 1096 Πουλχε-

416 1120 506 1192 ρία
535 1119 570 1185 ἡ
606 1117 776 1171 αὐτοῦ
806 1111 1042 1193 ἀδελφὴ,
1095 1112 1185 1168 καὶ
1225 1110 1501 1175 πολλάκις
1532 1114 1924 1182 νουϐετήσασα,
1956 1110 2071 1165 ἐπεὶ

414 1208 510 1262 οὐκ
534 1199 734 1274 ἔπειθε,
772 1206 955 1278 σοφῶς
1014 1201 1251 1272 ὑπῆλθεν
1312 1201 1500 1273 αὐτὸν,
1554 1202 1646 1257 καὶ
1706 1199 1911 1276 δωρεὰν
1971 1198 2073 1270 δῆ-

414 1299 496 1351 θεν
527 1294 687 1350 αἲτεῖ·
721 1296 755 1362 ἡ
792 1290 838 1347 δ’
896 1295 966 1361 ἦν
1024 1293 1161 1366 πρὸς
1214 1289 1467 1347 δουλείαν
1526 1289 1848 1367 ἐκχωροῢσα
1898 1287 2074 1345 Εὔδο-

411 1386 531 1442 κίαν
561 1387 661 1455 τὴν
704 1383 868 1439 αὐτοῦ
897 1384 1168 1458 γαμετήν.
1213 1383 1561 1457 Ηροσήνεκτο
1589 1381 1773 1436 τοίνυν
1827 1381 1854 1435 ὁ
1910 1383 2072 1435 τοῦτο

413 1474 835 1547 διαταττόμενος
866 1473 1083 1551 χάρτης
1141 1471 1230 1526 καὶ
1287 1471 1431 1547 παρὰ
1493 1475 1589 1526 τοῦ
1636 1467 1906 1546 βασιλέως
1969 1470 2070 1524 ὑπ-

415 1567 761 1641 εστ,μαίνετο.
796 1565 943 1620 Μετὰ
994 1560 1053 1618 δὲ
1097 1566 1260 1618 τοῦτο
1291 1561 1716 1638 ἀναγνωσθέντος
1745 1562 1912 1616 αὖτοῦ
1964 1559 2071 1615 δει-

415 1662 521 1721 νῶς
555 1657 655 1711 ὑπὸ
685 1661 785 1723 τῆς
821 1651 1165 1728 Πουλχερίας
1214 1649 1528 1723 ὡνειδίσθη,
1562 1650 1652 1705 καὶ
1708 1648 1892 1705 ἔκτοτε
1921 1648 2072 1724 ἀκρί-

420 1741 565 1800 ϐειαν
617 1748 724 1799 τῶν
778 1740 1044 1798 τοιούτων
1102 1739 1296 1796 ἐποίει.
1365 1742 1492 1795 Ἐπί
1546 1741 1744 1795 τοότου
1790 1742 1885 1793 τοῦ
1920 1740 2072 1813 βασι-

416 1834 558 1896 λέως
587 1833 780 1889 ἐκτῶν
815 1833 1030 1888 Γότθιυν
1085 1831 1300 1906 γέγονεν
1353 1829 1481 1901 ἔθνη
1544 1829 1798 1905 τέσσαρα,
1859 1828 2071 1895 Γότθοι,

2190 666 2368 721 etiam
2401 668 2591 739 legem
2624 670 2760 724 tulit
2790 687 2865 725 ne
2896 669 3029 740 quis
3061 669 3375 725 eunuchus
3415 670 3700 743 dignitate
3747 689 3849 742 pa-

2189 755 2344 811 tricii
2377 763 2710 814 ornaretur.
2751 760 2885 814 Fuit
2932 758 3257 830 imperator
3306 760 3415 814 iste
3447 760 3628 815 nimis
3671 777 3849 831 quam

2188 845 2452 913 mobilis,
2487 848 2757 919 adeoque
2788 848 3065 919 proclivis
3096 849 3168 904 ad
3190 849 3641 920 obsequendum
3672 849 3846 904 fami-

2187 932 2439 990 liaribus
2460 936 2691 1007 aliquid
2717 937 3107 993 suadentibus
3135 943 3199 992 ut
3221 955 3377 1009 smpe
3412 939 3590 993 etiam
3612 937 3851 992 scliedis

2189 1040 2312 1078 non
2334 1024 2506 1080 lectis
2529 1025 2951 1082 subscriberet.
2986 1027 3150 1092 Quod
3200 1044 3333 1082 cum
3357 1027 3856 1083 animadverteret

2189 1129 2358 1168 soror
2389 1116 2519 1185 ejus
2549 1114 2888 1186 Pulcheria,
2916 1121 2975 1170 et
3007 1133 3162 1187 saepe
3196 1116 3537 1187 castigando
3561 1116 3858 1187 nihilpro-

2190 1202 2415 1270 ticeret,
2446 1204 2660 1259 callide
2692 1221 2826 1259 eum
2858 1204 3068 1260 adorta
3099 1211 3207 1259 est.
3249 1207 3394 1259 Nam
3428 1204 3535 1259 sub
3562 1210 3856 1276 praetextu

2187 1292 2429 1361 petendi
2462 1293 2871 1362 muneris,sibi
2904 1294 2964 1348 in
2988 1294 3328 1349 servitutem
3354 1293 3506 1349 tradi
3531 1295 3853 1349 Eudociam

2187 1380 2386 1436 fratris
2416 1399 2660 1437 uxorem
2693 1400 2800 1454 per
2830 1383 3062 1438 litteras
3086 1382 3342 1455 petebat.
3376 1384 3486 1438 Eas
3518 1383 3590 1439 ad
3623 1401 3683 1439 se
3706 1383 3857 1438 alla-

2188 1476 2277 1525 tas
2312 1472 2639 1544 imperator
2671 1473 2866 1546 sigillo
2901 1474 3292 1529 confirmavit.
3344 1476 3555 1529 Postea
3584 1475 3654 1528 iis
3687 1475 3856 1529 lectis

2188 1562 2406 1616 acriter
2435 1568 2527 1618 est
2555 1581 2590 1618 a
2613 1564 2933 1620 Pulcher-ia
2984 1564 3352 1638 objurgatus,
3389 1570 3566 1636 atque
3600 1564 3735 1619 inde
3769 1571 3858 1619 ta-

2189 1651 2347 1706 libus
2380 1653 2441 1706 in
2473 1653 2655 1708 rebus
2715 1654 3161 1709 accurationem
3223 1654 3514 1709 adhibuit.
3568 1656 3715 1709 601
3780 1656 3858 1708 Eo

2188 1740 2522 1812 imperante
2569 1742 2764 1797 Gotthi
2821 1744 2882 1797 in
2938 1747 3197 1814 quatuor
3229 1749 3437 1815 gentes
3489 1744 3661 1798 divisi
3698 1749 3861 1808 sunt,

2187 1831 2249 1884 in
2303 1831 2543 1898 Gothos,
2613 1832 3011 1905 Hypogothos,
3077 1831 3329 1907 Gepidas
3409 1838 3467 1887 et
3534 1833 3854 1888 Vandalos.

413 1923 737 2000 ’Υπόγοτθοι
794 1924 929 1996 (67),
990 1917 1231 1992 Γήπεδες
1283 1919 1375 1975 καὶ
1453 1917 1789 1989 Οὐάνδηλοι.
1854 1919 1938 1987 Ἐξ
2000 1918 2074 1971 ὧν

2194 1921 2270 1973 Ex
2325 1921 2543 1991 quibus
2573 1921 2784 1977 Abaris
2817 1922 2996 1993 capit
3042 1922 3366 1977 Romanam
3426 1922 3715 1977 ditionem
3748 1940 3853 1993 pe-

415 2009 649 2088 ’Ἂϐαρις
707 2014 818 2088 (68)
890 2007 1091 2085 ἤρξατο
1180 2008 1435 2084 διαπερᾷν
1513 2010 1569 2063 ἐν
1661 2012 1730 2082 τῇ
1783 2007 2076 2080 Ῥωμαίων

414 2125 513 2180 77.1-

487 2196 583 2267 Τῷ
622 2189 709 2256 λο⁹
741 2188 846 2247 ἔτει
882 2187 1164 2265 Κύριλλος
1206 2185 1619 2264 Ἀλεξανδρείας
1676 2188 1767 2242 καὶ
1829 2185 2080 2263 ΠρόκΛος

419 2280 1054 2342 Κιυνσταντινουπόλεως
1100 2273 1339 2342 εὐσεϐῶς
1394 2279 1791 2353 ἐκοιμήθησαν.
1827 2275 1929 2333 Καὶ
1986 2277 2077 2330 τὸν

423 2373 517 2447 μὲν
554 2369 808 2449 Πρόκλον
872 2367 1187 2431 Φλαὸιανὸς
1245 2370 1329 2442 [Ρ.
1390 2370 1514 2440 343]
1574 2362 1937 2442 πρεσϐύτερος
1988 2365 2077 2419 καὶ

418 2461 752 2538 σκευοφύλαε
786 2462 900 2535 (69)
955 2457 1216 2535 Μεγάλης
1263 2455 1593 2527 Ἐκκλησίας
1646 2462 2077 2513 Κωνσταντινου-

415 2549 635 2611 πόλεως
668 2545 966 2622 διεδέξατο,
998 2545 1271 2622 Κύριλλον
1303 2545 1361 2600 δὲ
1392 2547 1686 2618 Διόσκορος
1709 2546 1737 2601 ὁ
1792 2538 2077 2612 δυσσεϐὴς,

424 2638 553 2714 μηδ’
586 2639 733 2701 ὅλως
758 2634 831 2695 ὥν
863 2635 1278 2699 διδασκαλικὸς,
1329 2634 1553 2711 ἀχρεῖος
1614 2632 1671 2689 δὲ
1725 2635 1815 2688 καὶ
1873 2635 2078 2705 ἀνημε-

420 2751 537 2807 ρος,
566 2726 851 2804 ἐξαιρέτως
909 2723 964 2782 δὶ
998 2726 1049 2782 ἐν
1110 2732 1225 2788 τοῖς
1285 2725 1565 2803 συγγενέσι
1614 2722 1895 2799 Κυρίλλου
1923 2723 2079 2799 γενό-

423 2828 606 2893 μενος·
666 2817 937 2891 αἱρετικὸς
999 2817 1100 2892 γὰρ
1153 2817 1241 2887 ἦν,
1318 2813 1370 2884 ἒξ
1452 2813 1678 2869 ἁπαλῶν
1740 2813 1956 2888 ὀνύχων
2010 2812 2078 2865 τὰ

423 2905 732 2983 Ὠριγένους
763 2909 996 2983 φρονῶν.

493 3002 589 3071 Τῷ
619 2998 708 3071 μα’
737 2994 839 3052 ἔτει
873 2999 909 3066 ἡ
944 2997 1217 3070 Αῃστρική
1249 2995 1340 3049 καὶ
1363 2994 1679 3071 παράνομος
1710 2992 2074 3069 συνηθροίσθη

420 3085 670 3157 σύνοδος,
699 3084 797 3141 τοῖ’)
822 3087 1076 3160 κριθῆναι
1104 3085 1171 3140 τὰ
1230 3084 1354 3158 περὶ
1409 3077 1726 3138 Φλαόιανοῦ
1782 3082 1874 3137 καὶ
1905 3078 2078 3135 Εὔτυ-

419 3177 582 3254 χοῦς,
618 3175 721 3232 ὑπὸ
753 3174 1050 3249 Διοσκόρου
1081 3178 1178 3227 τοῦ
1203 3168 1520 3241 δυσσεϐοῦς,
1576 3172 1714 3226 κατὰ
1760 3169 2074 3246 παραίνεσιν

420 3266 739 3344 Χρυσαιρίου
771 3264 1037 3340 εὐνούχου
1070 3263 1133 3318 τὸ
1163 3262 1398 3333 ἐπίκλην
1430 3265 1645 3335 Ζουμνᾶ
1687 3262 1822 3334 (70),
1853 3261 1953 3329 τήν
1982 3262 2077 3313 τοῦ

422 3353 695 3433 βασιλέως
726 3353 1012 3424 ἁπλότητα
1046 3350 1502 3427 παραπείσαντοςκ

486 3538 579 3606 Τῷ
610 3532 819 3589 ἐπιόντι
851 3530 906 3588 δὲ
937 3533 1134 3608 καιρῷ,
1167 3531 1340 3607 ἤγουν
1392 3536 1472 3605 τῷ
1527 3532 1640 3606 μβ’,
1672 3531 1828 3606 γνοὺς
1875 3530 1903 3584 ὁ
1948 3534 2077 3584 Θεο-

421 3620 606 3685 δόσιος
663 3624 737 3686 ὡς
796 3623 1075 3694 ἠπάτηται
1126 3621 1271 3697 παρᾶ
1326 3620 1669 3700 Χρυσαφίου,
1731 3624 1945 3695 πρῶτον
1983 3619 2076 3692 μὶν

421 3712 580 3768 αὐτὸν
619 3711 847 3789 ἐξορίζει
901 3709 978 3773 εἲς
1042 3731 1165 3766 τινα
1220 3717 1409 3780 νῆσον,
1462 3714 1531 3783 τῇ
1591 3706 1829 3780 Εὐδοκίᾳ
1882 3706 1940 3763 δὲ
1990 3709 2079 3762 καί

426 3801 707 3875 Δῦγοῦστῃ
761 3800 1074 3879 ἐπιφέρεται
1134 3797 1407 3879 σφοδρῶς,
1466 3800 1682 3854 πάντων
1740 3802 1850 3853 τῶν
1900 3801 2081 3852 κακῶν

428 3891 605 3946 αἰτίαν
678 3889 845 3959 αὐτὴν
906 3888 1204 3945 ἀποκαλῶν
1289 3888 1363 3951 ὡς
1416 3886 1507 3943 καὶ
1575 3885 1918 3962 Πουλχερίαν
1977 3891 2084 3941 τῶν

427 3979 722 4057 βασιλείων
785 3978 1188 4052 ἀποδιώξασαν,
1248 3978 1363 4052 ἅμα
1422 3975 1479 4033 δὲ
1528 3977 1618 4033 καὶ
1680 3977 1747 4032 τὰ
1803 3976 1939 4031 κατὰ
1989 3975 2081 4031 τὸν

423 4069 689 4126 Παυλῖνον
724 4070 1002 4140 ὀνειδίζων
1033 4068 1194 4145 αὐτῇ,
1229 4069 1361 4145 ὑπὲρ
1414 4072 1512 4123 τοῖ’)
1547 4065 1732 4140 μήλου
1785 4065 2084 4121 ἀποθανόν-

422 4182 507 4219 τα.
563 4166 623 4216 Ἡ
683 4158 740 4215 δὲ
799 4160 1116 4237 ἀπογνοῦσα
1171 4156 1538 4237 παρεκάλεσεν
1599 4156 1685 4213 ἐπὶ
1736 4158 1804 4212 τὰ
1855 4154 2084 4229 Ἰεροσό-

430 4250 581 4325 λυμα
639 4247 982 4320 ἀπολυθῆναι
1040 4250 1228 4321 αὐτ-ἦν’
1291 4250 1322 4303 ὅ
1394 4250 1484 4305 καὶ
1542 4248 1750 4324 γέγονε,
1808 4241 2085 4317 λαϐούσης

2188 2013 2433 2084 ragrari.

2257 2191 2430 2246 Anno
2464 2193 2531 2245 39
2555 2192 2812 2264 Cyrillus
2844 2191 3221 2246 Alexandriae
3279 2197 3336 2246 et
3381 2191 3627 2246 Proelus
3659 2190 3857 2263 Cpolis

2187 2279 2454 2353 episcopi
2487 2282 2581 2353 pie
2606 2282 2725 2337 vita
2755 2282 3022 2343 defuncti
3057 2286 3213 2337 sunt.
3248 2287 3329 2335 Ac
3369 2280 3579 2335 Proclo
3610 2281 3855 2352 quidem

2188 2372 2477 2425 successit
2534 2371 2847 2426 Flavianus
2897 2371 3207 2443 presbyter
3282 2372 3623 2443 Magnaque
3701 2371 3857 2425 A-ldis

2186 2460 2510 2531 Cpolitanaa
2566 2478 2837 2516 vasorum
2870 2465 3091 2530 custos,
3126 2461 3341 2531 Cyrillo
3374 2466 3573 2515 autem
3626 2461 3860 2515 Diosco-

2185 2550 2633 2621 rusimpius,ad
2663 2550 3002 2607 docendum
3062 2567 3440 2621 nequaquam
3497 2555 3688 2621 aptus,
3747 2550 3853 2605 sed

2186 2638 2414 2694 inutilis
2446 2646 2503 2695 et
2524 2642 2763 2713 eil‘erus,
2798 2640 3097 2713 praecipue
3124 2658 3278 2695 unus
3309 2641 3379 2695 de
3424 2640 3623 2709 Cyrilli
3649 2640 3854 2693 inimi-

2186 2729 2301 2784 cis:
2322 2746 2461 2784 nam
2493 2747 2527 2785 a
2559 2730 2781 2786 teneris
2803 2731 2933 2805 jam
2974 2729 3113 2786 inde
3147 2729 3487 2803 unguiculis
3509 2730 3851 2800 Origenicas

2188 2819 2447 2875 haereses
2478 2820 2825 2876 imbiberat.

2257 3002 2428 3055 Anno
2462 3002 2522 3054 41
2562 3000 3152 3056 latrociniisinfamis
3171 3005 3346 3071 atque
3370 3000 3857 3073 legibusadversa

2186 3088 2300 3144 illa
2330 3088 2592 3161 synodus
2616 3090 2869 3145 collecta
2900 3095 2989 3145 est
3019 3090 3091 3144 ad
3114 3091 3578 3146 controversiam
3592 3090 3854 3146 Flaviani

2183 3184 2362 3250 atque
2394 3180 2744 3251 Eutychetis
2775 3180 3228 3253 disceptandam
3259 3197 3293 3235 a
3324 3181 3603 3234 Dioscoro
3644 3180 3851 3253 impio,

2185 3268 2426 3324 hortatu
2451 3269 2804 3342 Chrysaphii
2830 3271 2903 3343 (is
2935 3269 3053 3324 alio
3078 3270 3320 3325 nomine
3344 3270 3616 3324 Zummas
3656 3270 3856 3342 appel-

2187 3360 2728 3432 labatur)eunuchi,
2756 3360 2855 3432 qui
2888 3359 3001 3415 hoc
3033 3360 3448 3432 persuadendo
3474 3359 3852 3431 imperatoris

2189 3449 2560 3522 simplicitati
2592 3451 2979 3523 imposuerat.

2260 3542 2430 3594 Anno
2463 3540 2734 3613 proxime
2766 3540 3057 3610 insecuto,
3091 3541 3192 3612 qui
3222 3541 3337 3597 fuit
3366 3543 3453 3610 42,
3487 3541 3853 3597 Theodosius

2193 3647 2253 3684 se
2286 3646 2320 3683 a
2350 3629 2714 3702 Chrysaphio
2748 3628 3062 3703 deceptum
3094 3630 3359 3685 sentiens
3383 3647 3519 3685 eum
3571 3632 3631 3684 in
3654 3648 3857 3702 quam-

2193 3719 2328 3773 dam
2360 3718 2622 3774 insulam
2654 3719 2895 3791 relegat.
2931 3718 3255 3775 Eudociam
3280 3736 3515 3790 quoque
3531 3721 3855 3792 Augustam

2191 3808 2446 3880 graviter
2502 3807 2797 3878 objurgat,
2833 3808 3103 3863 omnium
3130 3809 3424 3864 malorum
3457 3826 3587 3864 eam
3615 3826 3855 3865 causam

2195 3896 2344 3950 etab
2378 3912 2447 3951 ea
2492 3896 2867 3951 Pulcheriam
2924 3897 3061 3951 aula
3116 3896 3299 3953 fuisse
3340 3898 3572 3971 pulsam
3599 3898 3804 3953 dicens
3838 3916 3853 3964 ;

2195 3984 2373 4038 simul
2406 3989 2464 4038 et
2492 3984 2809 4038 Paulinum
2839 3985 3204 4055 exprobrans
3219 3987 3479 4057 ei,quem
3497 3987 3655 4057 pomi
3674 4003 3852 4041 causa

2194 4080 2473 4129 necatum
2501 4073 2684 4128 fuisse
2706 4071 3562 4142 demonstravimus.Eudocia,
3588 4076 3672 4129 rei
3702 4075 3854 4131 indi-

2196 4163 2483 4234 gnitatem
2514 4179 2635 4216 non
2672 4161 2893 4229 ferens,
2952 4162 3125 4232 petiit
3181 4167 3249 4217 ut
3306 4163 3709 4234 Hierosolyma
3740 4163 3851 4218 sibi

2198 4251 2362 4307 abire
2392 4250 2637 4319 liceret;
2672 4266 2790 4320 quo
2822 4251 3238 4321 impetratoeo
3265 4267 3326 4305 se
3354 4251 3853 4315 contulit,comite

426 4342 539 4412 μεθ’
571 4340 768 4409 ἑαυτῆς
817 4334 1064 4413 Σεῦἧρον
1123 4338 1214 4394 τὸν
1267 4333 1632 4413 πρεσϐύτερον
1689 4337 1778 4392 καὶ
1839 4335 2076 4393 διάκονοι

2198 4342 2410 4397 Severo
2442 4338 2786 4410 presbytero
2847 4345 2907 4393 et
2960 4339 3209 4395 diacono
3261 4342 3503 4395 Joanne.
3549 4341 3852 4397 6021m-

427 4430 711 4499 Ἰωάννην.
749 4429 944 4486 Μαθὼν
983 4427 1039 4484 δὲ
1071 4429 1098 4483 ὁ
1132 4427 1389 4503 βασιλεὺς
1436 4428 1520 4483 ὅτι
1577 4429 1725 4483 οὗτοι
1782 4428 1872 4483 καὶ
1913 4427 1964 4482 ἐν
2018 4433 2076 4503 τῆ

2197 4436 2437 4503 perator
2464 4429 2698 4499 cognito
2730 4428 2867 4483 illos
2926 4428 3104 4483 etiam
3137 4430 3199 4483 in
3231 4429 3375 4484 urbe
3408 4430 3752 4501 frequenter
3782 4430 3857 4485 ad

430 4518 590 4575 πόλει
650 4517 789 4591 πρὸς
848 4516 1016 4588 αὐτὴν
1067 4515 1387 4591 ὲσύχναζον,
1446 4516 1772 4579 ἀποστείλας
1821 4517 2076 4594 ἀπεκεφά-

2198 4521 2390 4592 ipsam
2423 4535 2812 4585 commeasse,
2869 4518 3068 4573 missis
3118 4518 3498 4575 carnificibus
3530 4521 3725 4591 capita
3756 4537 3856 4575 co-

426 4606 577 4665 λισεν
610 4606 829 4671 αὐτούς·
862 4607 960 4676 τήν
992 4604 1049 4662 δὲ
1077 4606 1232 4681 ἁγίαν
1290 4605 1638 4681 Πουλχερίαν
1674 4606 1807 4679 μετὰ
1863 4604 2076 4677 πολλῆς

2201 4627 2333 4666 rum
2365 4608 2657 4681 amputari
2684 4607 2882 4679 jussit.
2918 4608 3190 4664 Sanctam
3242 4613 3443 4665 autem
3482 4610 3861 4665 Pulcheriam

432 4696 836 4775 παρακλήσεως
868 4696 1147 4774 εἰσήγαγεν
1177 4698 1254 4759 εἰς
1309 4696 1377 4752 τὰ
1436 4696 1706 4773 βασίλεια*
1766 4699 1885 4766 ἣτις
1939 4696 2076 4753 εὑθὺε

2200 4700 2407 4755 multis
2456 4698 2651 4753 verbis
2710 4697 3051 4753 consolatus
3109 4699 3171 4752 in
3221 4699 3419 4755 aulam
3476 4700 3731 4755 reduxit.
3782 4702 3864 4755 Ea

431 4786 800 4843 ἀποστείλασα
882 4786 959 4849 εἶς
1007 4793 1237 4865 Ἔφεσον
1320 4786 1493 4865 ἤγαγε
1575 4786 1637 4841 τὸ
1693 4788 1946 4861 λείψανον
1991 4794 2076 4843 τοῐ

2202 4790 2402 4845 statim
2431 4789 2733 4864 Ephesum
2764 4787 2928 4842 misit
2952 4788 3054 4859 qui
3085 4790 3273 4844 sancti
3306 4789 3565 4845 Flaviani
3615 4789 3865 4845 cadaver

429 4878 595 4953 ἁγίου
629 4872 968 4935 Φλαδιανοῢ.
999 4877 1139 4934 Τότε
1190 4877 1282 4932 καὶ
1339 4879 1439 4946 τὴν
1490 4881 1599 4933 τῶν
1653 4876 2076 4953 Χαλκοπρατίωι

2202 4880 2503 4935 afferrent.
2528 4878 2689 4932 Tunc
2720 4881 2779 4931 et
2808 4877 3367 4951 Chalcopratiorum
3395 4879 3582 4935 aedem
3608 4880 3707 4934 Dei
3748 4880 3861 4935 Ge-

425 4965 723 5039 ἐκκ).ησίαν
785 4970 856 5043 τῇ
903 4968 1154 5041 Θεοτόκῳ
1231 4968 1508 5045 ἀνήγειρε,
1581 4969 1900 5045 συναγωγήν
1962 4969 2076 5024 Ἰου

2202 4967 2401 5024 nitrici
2433 4966 2766 5032 aedificavit,
2825 4982 2961 5020 cum
3013 4966 3062 5020 is
3109 4966 3277 5023 locus
3334 4973 3474 5023 ante
3525 4968 3864 5023 Iudaeorum

1638 5085 2003 5143 XYLANDRI
2042 5087 2129 5141 ET
2169 5085 2386 5142 GOARI
2424 5083 2646 5141 ΝΟΤᾸΞ.

428 5212 682 5269 sacerdos
712 5212 805 5267 vel
824 5212 1052 5269 clericus
1081 5211 1438 5283 privatus,in
1467 5211 1686 5283 saeculo
1745 5216 1945 5270 tamen
1977 5212 2081 5268 de-
2191 5209 2335 5283 ’Δπὸ
2356 5209 2659 5283 τοῦίχωρῶ
2682 5207 2925 5267 deducit
2989 5211 3243 5266 Lexicon
3302 5225 3665 5281 anonymum
3703 5208 3857 5266 Bibl.

428 5299 575 5355 gens
602 5300 616 5351 ;
650 5283 773 5352 ille,
798 5301 975 5354 papa,
1013 5282 1313 5355 Romanus
1346 5282 1632 5355 pontifex.
1665 5282 1747 5355 De
1778 5283 1881 5355 illo
1902 5301 2094 5355 nuper
2202 5282 2632 5355 RegiaeLGoaa:

431 5350 637 5427 auctor
664 5350 907 5427 1⁸01339
944 5372 956 5410 :
991 5352 1289 5427 K'SptMoc
1333 5350 1760 5427 ’Ἀλεξανδρείας,
1820 5354 1882 5415 ὃς
1923 5350 2076 5415 Κελε-

2271 5350 2385 5427 (6Ἱ)
2419 5354 2588 5427 Forte
2606 5350 2967 5427 AVisigothos:
2994 5354 3131 5427 Xvih

430 5424 607 5498 στίνου
638 5426 791 5481 πάπα
812 5426 1036 5498 Ῥώμης
1076 5422 1174 5480 ’τὸν
1228 5425 1397 5480 τόπον
1452 5422 1647 5480 διεῖπε.
1709 5428 1788 5481 De
1848 5427 1960 5481 hoc
1995 5428 2076 5481 Al-

2275 5422 2388 5498 (68)
2419 5424 2562 5498 Inde
2586 5422 2898 5498 Avaresmt
2929 5424 3093 5498 Serbi
3115 5441 3219 5498 pro
3254 5422 3678 5488 Servis,etalia.
3714 5426 3853 5480 er..

430 5426 607 5479 στίνου
638 5426 791 5481 πάπα
812 5426 1036 5498 Ῥώμης
1078 5426 1174 5480 τὸν
1228 5426 1397 5480 τόπον
1452 5426 1647 5480 διεῖπε.
1709 5428 1788 5481 De
1848 5427 1960 5481 hoc
1995 5428 2091 5481 ΑΙ·
2298 5428 2388 5489 68)
2419 5426 2562 5478 Inde
2586 5426 2898 5491 Avares,ut
2929 5426 3093 5477 Serbi
3115 5441 3219 5494 pro
3254 5426 3678 5488 Servis,etalia.
3714 5426 3853 5480 XYL.

429 5496 631 5570 latius,
668 5514 905 5554 necnon
926 5499 1568 5570 Codinus.ACaeoniales
1599 5498 1777 5570 etiam
1834 5501 1931 5551 τοῦ
1962 5498 2093 5553 ποτὲ
2275 5426 2388 5570 ί69>
2421 5495 2735 5567 Nicephori
2763 5495 3060 5570 interpres
3079 5496 3258 5550 habet
3278 5498 3553 5550 custodem
3573 5513 3860 5552 sacrorum

435 5567 1125 5647 6‘1taigic.;'l‘heophanes
1158 5568 1233 5647 :_d
1269 5572 1437 5643 Κῦρος
1477 5567 1808 5647 προσφυγὼν
1866 5573 1934 5645 τῇ
1969 5570 2076 5626 Ἐκ-

2202 5567 2734 5647 άοὴαιξὶοροωηκχιις,
2767 5567 2857 5647 41:
2884 5567 3024 5647 Χγξ..

431 5636 1117 5716 κλησίᾳγέγένετίπαπᾶς.
1155 5636 1369 5716 ϐοΑΒξ
1522 5636 1531 5644 ’
1634 5636 1658 5716 Ἀ
1708 5636 1718 5644 ’
1910 5636 1920 5645 ’

2274 5640 2386 5716 (7_0)
2427 5636 2742 5716 Inmeclogis
2798 5637 3087 5716 '_I‘_be_odor_i
3142 5643 3513 5716 Anagnostaa,
3567 5640 3860 5716 principio

505 5707 1025 5782 (66)'Co'mmunius
1057 5720 1285 5786 tamen_
1317 5713 1537 5771 dicitur
1590 5714 1802 5786 χάρτης
1836 5730 1849 5768 :
1886 5731 1918 5769 a
1950 5732 2090 5785 quo,
2203 5707 2425 5779 statim,
2485 5707 2731 5764 'l‘zumas
2787 5707 3007 5764 dicitur
3062 5707 3409 5767 interfectus
3441 5730 3475 5768 ιι
3531 5707 3840 5767 Pulcheria

433 5800 592 5850 reor,
614 5789 780 5840 vetus
810 5786 1098 5843 Gallicum
1128 5784 1479 5843 vocabulum
1522 5784 1708 5844 charte
1763 5791 1824 5841 et
1852 5784 2089 5842 chartre.
2201 5787 2338 5843 Xvn.
