4144 6428
359 392 474 451 653

1698 384 2011 444 GEORGII
2057 384 2401 449 CEDRENI

3665 388 3785 448 656

362 526 573 581 fuisset
601 540 916 595 synagoga.
949 523 1223 577 Flaviano
1254 522 1313 575 in
1346 521 1751 591 episcopatum
1780 537 2013 575 succes-

2131 514 2298 573 δαίων
2330 528 2595 596 πρότερον
2624 523 2806 577 οὖσαν.
2844 526 2955 591 Τῆς
3014 519 3072 577 δὲ
3128 521 3424 592 ἐκκλησίας
3460 519 3596 595 μετά
3627 522 3785 578 Φλα-

360 615 437 669 sit
467 613 794 669 Anatolius.

433 708 568 757 Post
622 700 862 773 aliquod
925 700 1203 771 temporis
1289 699 1615 770 imperator
1680 700 2011 768 equitatum

361 809 654 865 egressus,
687 808 837 860 equo
882 790 1143 861 collapso
1174 788 1429 843 afflictus
1462 788 1642 858 inque
1685 789 1896 842 lectica
1916 788 2014 842 do-

360 898 525 937 mum
556 879 1002 947 relatus,sorori
1028 878 1356 933 Pulcheriai
1389 876 1460 931 ad
1495 895 1556 932 se
1611 884 1826 932 vocatm
1858 877 2010 931 indi-

361 970 514 1026 cavit
543 969 758 1024 debere
794 968 905 1023 sibi
936 967 1298 1022 Marcianum
1327 967 1644 1022 succedere
1673 985 1684 1020 :
1719 968 1830 1021 hoc
1852 967 2011 1022 enim

361 1059 471 1115 sibi
503 1075 537 1113 a
563 1060 788 1113 Joanne
804 1057 1098 1129 Theologo
1128 1056 1340 1127 Ephesi
1374 1057 1572 1127 agenti
1593 1056 2013 1128 signiﬁcatum.

358 1147 657 1203 Accersito
686 1147 865 1201 etiam
895 1146 1189 1201 Marciano
1221 1146 1407 1199 dixit:
1445 1145 1526 1200 Ab
1550 1149 1772 1217 Aspare
1814 1151 1871 1200 et
1920 1162 2014 1199 se—

358 1245 502 1294 natu
533 1239 675 1293 mihi
702 1239 1178 1293 demonstratum
1235 1242 1324 1291 est
1352 1244 1406 1292 te
1466 1237 1787 1308 imperium
1820 1254 1854 1292 a
1883 1253 2015 1291 meo

357 1329 522 1384 obitu
572 1336 978 1400 accepturum.
1028 1327 1215 1382 Biduo
1266 1333 1399 1398 post
1456 1328 1784 1399 imperator
1839 1328 2016 1382 vitam

358 1434 495 1473 cum
526 1424 717 1472 morte
767 1417 1169 1473 commutavit.
1205 1419 1427 1487 Corpus
1459 1415 1588 1487 ejus
1619 1418 1680 1471 in
1710 1418 1847 1471 fano
1870 1420 2019 1487 Apo-

360 1507 649 1562 stolorum
672 1507 1044 1561 reconditum
1105 1505 1232 1560 fuit.
1287 1506 1539 1560 Uxorem
1587 1506 1797 1560 habuit
1824 1504 2019 1560 Eudo-

361 1595 536 1666 ciam,
568 1596 750 1651 filiam
776 1595 1001 1649 Leontii
1033 1593 1393 1665 philosophi,
1425 1595 1873 1649 Atheniensem.

444 1778 729 1832 Cmterum
781 1773 1019 1844 sapiens
1059 1770 1163 1825 illa
1230 1775 1284 1825 et
1345 1771 1633 1842 praeclara
1686 1773 2016 1839 Pulcheria,

362 1866 627 1921 nondum
663 1863 860 1917 fratris
910 1863 1143 1933 vulgata
1172 1865 1384 1923 morte,
1414 1861 1772 1916 Marcianum
1818 1879 2019 1917 senem

352 1956 499 2026 jam.
532 1953 721 2007 virum
752 1949 1147 2021 temperantia
1177 1965 1245 2004 ac
1276 1949 1558 2019 gravitate
1590 1949 1807 2021 insigni
1843 1955 1901 2005 et
1929 1966 2023 2004 re-

358 2043 470 2098 bus
498 2041 776 2115 gerendis
798 2039 1287 2110 aptissimum,ad
1319 2055 1381 2093 se
1402 2043 1592 2107 vocat,
1624 2039 2024 2110 ostenditque,

362 2132 648 2203 quoniam
679 2127 1005 2185 decesserit
1053 2127 1398 2197 imperator,
1446 2145 1507 2181 se
1565 2127 1761 2197 ipsum
1794 2127 2026 2181 virtutis

368 2237 547 2277 causa
574 2236 760 2275 unum
795 2218 866 2273 de
885 2217 1047 2272 omni
1068 2222 1413 2272 senatorum
1443 2233 1693 2272 numero
1715 2217 2024 2289 delegisse,

363 2325 543 2380 quem
576 2309 997 2379 imperatorem
1030 2304 1140 2359 sibi
1174 2304 1512 2370 ascisceret,
1559 2321 1627 2359 ea
1684 2306 2025 2360 conditione

364 2403 431 2451 ut
462 2397 640 2451 ﬁdem
674 2395 842 2451 daret
874 2393 1271 2465 virginitatem
1314 2409 1502 2460 suam,
1531 2410 1709 2463 quam
1742 2395 1859 2448 Deo
1892 2411 2029 2450 con-

367 2488 676 2551 secrasset,
711 2500 772 2538 se
804 2483 1087 2537 intactam
1122 2487 1518 2536 servaturum.
1552 2482 1705 2537 803
1738 2484 1881 2538 Cum
1916 2483 2029 2537 hoc

367 2573 754 2645 stipularetur
786 2570 1246 2637 Marcianus,est
1269 2587 1304 2625 a
1332 2570 1667 2639 Pulcheria,
1701 2571 1921 2626 vocatis
1951 2570 2025 2626 ad

366 2667 478 2721 hoc
509 2666 582 2721 ab
616 2681 681 2719 ea
712 2662 989 2718 Anatolio
1012 2662 1351 2734 patriarcha
1369 2667 1428 2716 et
1458 2662 2026 2734 senatu,imperator

366 2754 861 2812 declaratus.Fuit
894 2753 1228 2808 Marcianus
1253 2752 1612 2808 venerabilis
1639 2753 2023 2822 vir,moribus

365 2847 606 2910 sanctis,
639 2845 703 2899 in
733 2844 882 2899 facie
939 2842 1219 2899 ruborem
1250 2842 1441 2915 gratia
1496 2848 1891 2915 temperatum
1924 2844 2024 2899 ha-

364 2936 537 3005 bens,
571 2933 1016 3007 magnanimus,
1051 2932 1313 2987 avaritias
1357 2949 1598 3001 vacuus,
1657 2939 2021 3005 temperans,

364 3025 681 3097 religiosus
745 3021 903 3077 etde
937 3020 1052 3076 ﬁde
1109 3026 1268 3076 recte
1328 3021 1615 3091 sentiens,
1638 3022 2022 3078 miseratione

358 3113 734 3186 peccantium
788 3111 1094 3182 praeditus,
1146 3117 1426 3166 caeterum
1460 3111 1845 3182 profanarum
1870 3113 2021 3167 litte-

355 3220 555 3259 rarum
616 3208 793 3272 atque
849 3199 1301 3272 disciplinarum
1334 3201 1666 3271 imperitus.
1700 3203 1753 3255 Is
1816 3203 2016 3257 statim

355 3308 562 3347 omnes
594 3292 694 3363 qui
716 3289 963 3363 relegati
981 3290 1221 3345 fuerant
1241 3290 1554 3345 revocavit.
1587 3290 2020 3347 Pulcheriaau-

351 3387 471 3437 tem
504 3380 931 3436 invisissimum
962 3379 1134 3433 illum
1187 3380 1530 3434 eunuchum
1578 3379 2015 3451 Chrysaphium

353 3470 593 3527 Jordani
626 3468 890 3536 tradidit,
923 3469 1168 3523 Joannis
1218 3466 1363 3533 ﬁlio,
1399 3483 1575 3537 quem
1608 3466 1710 3522 ille
1743 3467 1880 3523 dolo
1912 3485 2015 3523 ne-

357 3565 611 3617 caverat.
638 3560 831 3629 Atque
861 3557 1150 3612 Jordanes
1182 3556 1372 3611 vicem
1405 3556 1459 3611 ei
1491 3555 1789 3628 rependit.

430 3651 582 3707 Olim
612 3650 943 3706 Marcianus
970 3666 1106 3705 cum
1136 3649 1439 3722 gregarius
1469 3648 1644 3703 miles
1692 3649 1752 3702 in
1784 3666 1890 3704 suo
1922 3667 2015 3704 or-

358 3744 500 3799 dine
531 3760 601 3798 ex
624 3743 843 3798 Graecia
873 3741 944 3797 ad
971 3740 1197 3796 bellum
1228 3740 1531 3796 Persicum
1584 3741 1717 3809 iret,
1752 3741 1811 3795 in
1846 3742 2018 3813 Lycia

356 3833 416 3888 in
449 3832 721 3888 morbum
748 3829 1387 3900 incidit;relictusque
1440 3829 1500 3884 in
1540 3829 1687 3884 urbe
1742 3830 2014 3901 Sydemis

354 3923 556 3993 aliqua
586 3921 665 3976 ibi
700 3938 869 3976 mora
898 3919 1053 3974 facta
1082 3917 1315 3973 duobus
1346 3918 1704 3989 quibusdam
1729 3918 2013 3975 fratribus

352 4014 505 4069 Julio
541 4018 598 4068 et
626 4012 869 4067 Tatiano
920 4010 1202 4065 societate
1242 4008 1488 4081 junctus
1522 4010 1653 4076 fuit,
1717 4010 1790 4066 ab
1822 4012 2013 4082 iisque

353 4105 596 4159 domum
630 4103 898 4174 ipsorum
936 4105 1247 4172 susceptus
1274 4105 1334 4154 et
1361 4105 1685 4157 recreatus.
1719 4102 1864 4156 Cum
1895 4118 2015 4157 una

352 4191 677 4264 aliquando
704 4196 824 4246 tres
855 4191 915 4244 hi
968 4195 1242 4245 venatum
1304 4189 1549 4260 profecti
1592 4196 1810 4255 essent,
1872 4190 2012 4246 dum

348 4282 490 4337 fessi
523 4280 936 4346 meridiarent,
969 4279 1272 4345 Tatianus,
1307 4280 1407 4349 qui
1442 4279 1688 4349 reliquis
1720 4280 2011 4339 maturius

350 4388 627 4428 somnum
676 4370 1052 4437 excussisset,
1085 4368 1501 4423 animadvertit
1558 4369 1916 4424 Marcianum
1950 4371 2011 4424 in

353 4461 480 4517 solo
503 4461 706 4532 jacere
757 4458 1138 4528 aquilamque
1198 4457 1500 4527 ingentem
1532 4474 1712 4528 super
1750 4474 1887 4514 eum
1947 4459 2010 4513 in

352 4568 488 4606 aere
524 4549 890 4619 librari,quze
919 4546 1198 4619 expansis
1219 4545 1331 4601 alis
1354 4546 1659 4601 hominem
1691 4547 2008 4604 obumbra-

2124 602 2243 662 ϐιαν
2254 609 2309 662 ὸν
2340 610 2570 667 Ἀνατόλ
2584 633 2662 675 ιος
2696 612 3075 670 ἐπεσκόπευσε.

2197 700 2349 755 Μετά
2381 698 2438 754 δέ
2466 723 2585 756 τινα
2616 702 2818 780 χρόνον
2846 700 3069 772 ἐξῆλθεν
3099 703 3126 757 ὁ
3189 698 3445 776 βασιλεὺς
3502 701 3775 770 ἱππασθῆ-

2124 804 2231 841 var
2264 789 2352 842 καὶ
2387 791 2757 863 συμπεσόντος
2786 790 2934 863 αὐτῷ
2962 795 3060 845 τοῦ
3090 790 3266 845 ἳππου
3296 787 3533 864 πληγεὶς
3591 788 3780 855 εἰσῆλ-

2127 876 2211 928 θεν
2243 873 2294 928 ἐν
2325 872 2582 950 λεκτικίῳ
2605 877 2729 947 ἢτοι
2763 878 2988 957 φορείῳ,
3039 878 3130 933 καὶ
3184 877 3417 939 καλέσας
3475 880 3575 948 τὴν
3609 874 3780 932 ἀδελ-

2127 964 2233 1040 φῆν
2267 965 2610 1042 Ηουλχερίαν
2633 968 2783 1022 εἶπεν
2838 967 2973 1041 αὐτῇ
3039 964 3128 1022 διὰ
3186 967 3517 1043 Μαρκιανὸν
3572 968 3662 1022 τὸν
3697 988 3797 1041 μετ

2129 1053 2290 1109 αὐτὸν
2327 1053 2736 1130 βασιλεύσαντα’
2800 1059 2985 1113 Τοῦτο
3041 1055 3142 1131 γάρ
3201 1077 3319 1129 μοι,
3381 1056 3574 1133 φησὶν,
3608 1057 3789 1112 Ἰωαν-

2128 1164 2227 1214 νης
2273 1145 2301 1198 ὁ
2350 1144 2622 1220 Θεολόγος
2676 1143 3040 1219 ἀπεκάλυψεν,
3099 1144 3151 1200 ἐν
3203 1144 3412 1222 Ἐφέσῳ
3500 1167 3596 1218 μοι
3655 1142 3792 1216 ὄντι,

2131 1232 2233 1289 Καὶ
2295 1235 2786 1309 μεταστειλάμενος
2848 1235 3159 1308 Μαρκιανὸν
3236 1236 3383 1289 εἶπεν
3465 1233 3616 1307 αὖτῷ
3697 1233 3784 1290 ἐπὶ

2130 1323 2409 1398 Ἂσπαρος
2438 1325 2527 1379 καὶ
2556 1331 2654 1394 τῆς
2688 1322 3026 1400 συγκλήτου*
3062 1321 3322 1399 Ἐδείχθη
3362 1345 3457 1397 μοι
3497 1323 3584 1378 ὅτι
3617 1346 3674 1378 σε
3706 1322 3789 1379 δεῖ

2130 1411 2374 1484 γενέσθαι
2434 1413 2659 1489 βασιλέα
2727 1415 2841 1486 μετ’
2900 1412 3016 1487 ἐμέ.
3074 1413 3181 1469 Καὶ
3243 1415 3359 1486 μεθ’
3417 1415 3626 1489 ἡμέρας
3689 1412 3787 1469 δύο

2136 1501 2590 1576 έτελεύτησε,καὶ
2622 1504 2827 1567 τίθεται
2884 1503 2946 1558 τὸ
2979 1507 3141 1577 σῶμα
3202 1503 3369 1559 αὐτοῦ
3427 1503 3481 1558 ἐν
3539 1508 3618 1575 τῷ
3673 1508 3788 1577 ναῷ

2132 1598 2240 1645 τῶν
2272 1591 2474 1669 Ἀγίων
2507 1592 2885 1649 Ἀποστόλων.
2943 1593 3085 1661 Γυνὴ
3155 1590 3213 1646 δὲ
3266 1592 3465 1648 τούτου
3524 1590 3791 1663 Εὐδοκία,

2134 1682 2376 1757 θυγάτηρ
2408 1682 2663 1737 Λεοντίου
2695 1680 2999 1760 φιλοσόφου
3029 1680 3081 1752 ἐξ
3127 1683 3396 1753 Ἀθηνῶν.

2204 1772 2266 1828 Ἠ
2301 1769 2358 1825 δὲ
2390 1773 2530 1849 σοφή
2581 1771 2673 1826 καὶ
2721 1771 2895 1848 ἀγαθή
2954 1770 3271 1846 Πουλχερία
3332 1774 3502 1845 μήπω
3533 1780 3634 1843 τῆς
3690 1777 3788 1828 τοῦ

2136 1858 2376 1939 ἀδελφοῦ
2439 1861 2699 1930 τελευτῆς
2783 1863 3116 1937 γνωσθείσης
3178 1860 3643 1935 μεταστειλαμένη
3692 1863 3783 1917 τὸν

2138 1951 2468 2024 Μαρκιανὸν,
2502 1947 2664 2025 ἄνδρα
2695 1949 2747 2004 έν
2781 1949 3101 2027 σωφροσύνῃ
3161 1951 3254 2004 καὶ
3312 1952 3605 2024 σεμνότητι
3667 1949 3788 2006 δια-

2138 2037 2429 2114 πρέποντα,
2462 2038 2690 2114 γέροντα
2720 2038 2849 2094 ὄντα
2881 2039 2973 2094 καὶ
3032 2040 3384 2112 ἱκανώτατον,
3448 2040 3591 2117 λέγει
3653 2042 3790 2117 πρὸς

2138 2129 2315 2184 αὐτόν·
2351 2128 2578 2199 Ἐπειδή
2631 2130 2658 2183 ὁ
2721 2127 2975 2204 βασιλεὺς
3030 2126 3399 2200 ἐτελεύτησεν,
3459 2129 3566 2205 ἐγὼ
3625 2127 3682 2184 δέ
3736 2151 3794 2185 σε

2138 2223 2224 2292 [Ρ.
2259 2223 2384 2293 314]
2411 2218 2740 2291 ἒξελεξάμην
2774 2218 2826 2289 ἐξ
2858 2215 2999 2289 ὅλης
3052 2225 3154 2287 τῆς
3214 2217 3528 2295 συγκλήτου
3587 2220 3663 2281 ὡς
3720 2218 3801 2274 ἐν-

2137 2310 2350 2384 άρετον,
2384 2306 2475 2372 δός
2508 2329 2602 2381 μοι
2634 2306 2802 2383 λόγον
2836 2309 2921 2363 ’ὁτι
2976 2307 3265 2383 φυλάττεις
3328 2309 3428 2376 τήν
3481 2309 3795 2383 παρθενίαν,

2135 2398 2201 2468 ἢν
2260 2404 2341 2472 τῷ
2409 2403 2524 2471 Θεῷ
2583 2399 2870 2472 ἀνεθέμην,
2917 2398 3009 2453 καὶ
3065 2399 3380 2476 ἀναγορεύω
3421 2420 3478 2454 σε
3541 2398 3790 2475 βασιλέα.

2135 2489 2319 2547 Αὐτοῦ
2353 2485 2410 2542 δὲ
2467 2486 2786 2561 έυνθεμένου
2843 2491 3028 2561 τοῦτο,
3078 2487 3501 2562 μεταστέλλεται
3552 2488 3644 2545 τὸν
3696 2510 3795 2544 πα-

2132 2578 2404 2653 τριάρχην
2437 2579 2546 2651 (71)
2605 2574 2926 2633 Ἀνατόλιον
2984 2576 3074 2633 καὶ
3132 2578 3232 2647 τὴν
3291 2575 3629 2655 σύγκλητον,
3698 2577 3792 2633 καὶ

2133 2666 2447 2743 ἀναγορεύει
2480 2667 2641 2721 αὐτὸν
2696 2664 2947 2741 βασιλέα.
3009 2668 3110 2722 Ἦν
3180 2664 3237 2721 δὲ
3294 2668 3606 2742 Μαρκιανὸς
3648 2665 3791 2722 αἷδέ-

2136 2775 2296 2828 σιμος
2354 2754 2448 2809 τὸν
2503 2754 2728 2829 τρόπον,
2789 2754 3143 2829 ἱεροπρεπὴς,
3229 2753 3483 2828 ἐρύθημα
3537 2754 3627 2809 ἐπὶ
3691 2759 3792 2811 τοῦ

2133 2844 2433 2919 προσώπου
2473 2845 2653 2922 φέρων
2711 2841 3045 2918 κεκραμένον
3106 2843 3319 2918 χάριτι,
3379 2842 3792 2919 μεγαλόψυχος,

2134 2934 2497 3011 φιλαργυρίας
2553 2934 2867 3008 ὑπέρτερος,
2908 2934 3143 3008 σώφρων
3201 2934 3293 2988 καὶ
3350 2933 3475 3008 περὶ
3514 2935 3577 2989 τὸ
3636 2940 3791 2990 Θεῖον

2132 3020 2400 3094 εὐλαϐὴς,
2454 3022 2546 3079 καὶ
2602 3020 2915 3098 ὀρθόδοξος,
2975 3022 3101 3099 περὶ
3171 3024 3298 3085 τοὺς
3378 3024 3789 3099 ἁμαρτάνοντας

2132 3116 2445 3190 συμπαθὴς,
2499 3114 2724 3190 ἄπειρος
2779 3112 2837 3169 δὲ
2882 3111 3131 3176 παιδείας
3182 3121 3286 3184 τῆς
3342 3109 3553 3185 ἔξωθεν.
3616 3114 3790 3179 Εὐθὺς

2133 3206 2225 3259 οὖν
2256 3203 2383 3267 τοὺς
2412 3203 2464 3258 έν
2498 3204 2678 3279 ἐξορίᾳ
2734 3205 2934 3266 πάντας
2994 3202 3378 3259 ἀνεκαλέσατο.
3432 3205 3494 3259 ἹῙ
3561 3202 3620 3259 δὲ
3680 3224 3784 3278 μα-

2130 3295 2292 3369 καρία
2324 3295 2639 3372 Πουλχερία
2675 3294 2771 3348 τὸν
2800 3294 3161 3367 παμμίσητον
3208 3292 3525 3372 Χρυσάφιον
3573 3294 3666 3348 τὸν
3700 3294 3793 3348 εὑ-

2124 3383 2327 3439 νοῦχον
2349 3379 2596 3458 Ἰορδάνῃ
2647 3379 2913 3436 ἐκδέδωκε
2965 3386 3047 3453 τῷ
3104 3382 3209 3454 υἱῷ
3261 3382 3540 3452 Ἰωάννου,
3601 3382 3661 3443 ὅς
3698 3382 3790 3436 καὶ

2125 3472 2337 3528 ἀνεῖλεν
2368 3471 2527 3527 αὐτὸν
2561 3469 2651 3526 διὰ
2677 3471 2741 3525 τὸ
2764 3470 2926 3526 αὐτὸν
2952 3467 3163 3525 ἀνελεῖν
3193 3471 3285 3525 τὸν
3328 3470 3527 3526 τούτου
3584 3471 3791 3546 πατέρα

2129 3560 2298 3636 δόλῳ.

2201 3651 2554 3726 Στρατιώτης
2582 3650 2760 3706 τοίνυν
2794 3648 2947 3713 λιτὸς
2989 3644 3062 3704 ὤν
3122 3650 3228 3725 πρὸ
3284 3648 3481 3704 τούτου
3532 3651 3787 3724 Μαρκια-

2128 3742 2216 3804 νὸς
2244 3742 2497 3814 μετάτοῦ
2533 3737 2673 3795 ἰδίου
2729 3737 3000 3813 νουμέρου
3052 3741 3163 3811 (7:2)
3195 3737 3302 3792 ἀπὸ
3355 3744 3455 3807 τῆς
3504 3735 3778 3799 Ἑλλᾶίδος

2124 3833 2263 3886 κατά
2326 3835 2545 3905 Περσῶν
2588 3829 2773 3903 ἀπῄει,
2831 3828 2921 3883 καὶ
2980 3828 3268 3905 γενόμενος
3325 3825 3379 3882 ἐν
3455 3826 3628 3897 Λυκίᾳ
3685 3826 3781 3903 ἆῤ-

2127 3922 2331 3996 ῥωστία
2361 3919 2662 3994 περιέπεσε.
2697 3919 2799 3975 Καὶ
2857 3916 3234 3995 καταλειφθεὶς
3283 3914 3338 3971 ἐν
3395 3915 3556 3972 πόλεί
3599 3913 3777 3987 Συδή-

2129 4032 2243 4084 μων
2272 4010 2488 4066 κάκεῖσε
2517 4004 2958 4084 χρονοτριϐήσας
3011 4004 3422 4081 προσκολλᾶται
3483 4002 3579 4060 δύο
3637 4004 3777 4060 τισὶν

2125 4096 2407 4176 ἀδελφοῖς,
2439 4096 2658 4169 Ἰουλίῳ
2684 4096 2772 4150 καὶ
2805 4097 3078 4166 Τατιανῷ,
3149 4093 3346 4158 οἳτινες
3394 4092 3472 4154 εἲς
3500 4092 3591 4147 τὸν
3636 4090 3780 4148 ’ἰδιον

2125 4189 2274 4243 οἶκον
2309 4182 2566 4248 λαϐόντες
2600 4185 2760 4241 αὐτὸν
2791 4182 3165 4239 διανέπαυσαν.
3221 4183 3314 4245 Εἷς
3375 4184 3544 4258 θήραν
3598 4179 3655 4236 δὲ
3702 4183 3785 4251 ἒξ-

2122 4274 2366 4336 ελθόντες
2394 4269 2590 4330 ἔλαϐον
2624 4272 2785 4328 αὐτὸν
2842 4274 2960 4345 μεθ’
3019 4271 3243 4327 ἑαυτῶν.
3300 4270 3668 4333 Κοπιάσαντες
3725 4267 3782 4322 δὲ

2120 4362 2243 4439 περὶ
2283 4357 2629 4438 μεσημϐρίαν
2689 4359 3091 4434 ἐκοιμήθησαν.
3134 4358 3585 4433 Προεξυπνισθεὶς
3644 4354 3700 4412 δὲ
3750 4358 3778 4411 ὁ

2120 4454 2387 4515 Τατιανὸς
2418 4455 2613 4527 θεωρεῖ
2638 4451 2732 4506 τὸν
2763 4451 3071 4526 Μαρκιανὸν
3102 4452 3180 4512 εἷς
3221 4448 3305 4505 εὸν
3348 4448 3504 4519 ἣλιον
3562 4449 3783 4523 κοιμώ-

2122 4565 2302 4618 μενον,
2334 4542 2427 4598 καὶ
2466 4541 2621 4597 ἀετὸν
2680 4540 3135 4617 παμμεγέστατον
3196 4539 3280 4595 ἐπ’
3333 4539 3491 4595 αὐτὸν
3548 4538 3780 4603 ἐλθόντα

353 4644 464 4694 ret.
498 4638 561 4695 Id
594 4609 846 4694 cernens
878 4609 1097 4692 excitat
1131 4636 1399 4702 fratrem,
1432 4636 1665 4705 hocque
1703 4643 2006 4709 spectacu-

2131 4633 2210 4689 mi
2267 4633 2362 4694 τὰς
2423 4632 2612 4686 ἑαυτοῦ
2671 4632 2942 4706 πτέρυγας
3004 4627 3398 4685 διαπετάσαντα
3477 4629 3630 4683 σκιὰν
3692 4620 3777 4683 ἐπ’

354 4726 481 4782 lum
507 4727 560 4781 ei
585 4725 866 4782 ostendit.
898 4725 1007 4779 Diu
1035 4730 1286 4794 uterque
1319 4723 1430 4777 hoc
1462 4729 1762 4779 ostentum
1820 4727 2010 4781 admi-

354 4817 468 4873 rati
527 4814 769 4871 tandem
825 4815 1189 4870 Marcianum
1249 4813 1539 4881 excitant,
1600 4814 2008 4887 scitanturque

356 4906 643 4978 quidnam
676 4903 942 4960 muneris
975 4902 1047 4958 ab
1081 4903 1238 4958 604
1274 4918 1341 4957 eo
1366 4907 1707 4974 exspectare
1739 4904 1898 4976 ipsos
1908 4906 2011 4977 ju-

352 4997 539 5068 beret,
572 4998 619 5053 si
648 4996 886 5069 quando
914 4995 1165 5067 imperio
1199 4993 1510 5065 potiretur.
1567 4996 1902 5052 Marcianus
1946 5014 2009 5052 se

350 5107 467 5147 non
492 5107 629 5147 eum
671 5106 800 5144 esse
833 5087 927 5144 cui
988 5087 1104 5142 tale
1156 5084 1382 5157 aliquid
1433 5086 1774 5157 contingere
1807 5094 2013 5160 posset

344 5181 566 5237 dicere.
600 5179 747 5235 Cum
784 5178 994 5234 eadem
1046 5174 1227 5231 verba
1255 5179 1599 5246 repeterent
1628 5192 1641 5229 :
1676 5175 1755 5244 Si,
1789 5177 2005 5247 inquit,

342 5270 625 5326 divinitus
655 5269 769 5324 hoc
801 5267 947 5324 mihi
980 5266 1232 5334 eveniat,
1264 5264 1546 5336 patricios
1599 5280 1698 5319 vos
1725 5281 1890 5320 meos
1919 5268 2009 5322 fa-

2121 4723 2280 4779 αὐτὸν
2312 4721 2836 4796 περιποιησάμενον.
2895 4721 2997 4777 Καὶ
3051 4724 3212 4776 τοῦτο
3252 4719 3577 4792 θεασάμενος
3634 4715 3775 4793 ἕγεί-

2121 4834 2201 4892 ρει
2229 4814 2320 4870 τὸν
2354 4814 2545 4868 ἑαυτοῦ
2575 4810 2834 4891 ἀδελφὸν,
2892 4811 2983 4866 καὶ
3036 4811 3097 4866 τὸ
3160 4811 3342 4876 θεαθέν
3406 4806 3772 4865 ὑποδείκνυσι.

2120 4904 2223 4961 Καὶ
2248 4902 2335 4958 ἐπὶ
2365 4902 2510 4959 πολὺ
2548 4902 2916 4975 θαυμάζοντες
2979 4900 3316 4972 έξυπνίζουσι
3371 4900 3464 4955 τὸν
3524 4901 3773 4975 Μαρκια-

2116 4992 2356 5063 νὸν,καὶ
2398 4991 2647 5066 λέγουσιν
2709 4990 2875 5062 αὐτῷ’
2935 4991 3060 5047 Ἐὰν
3124 4988 3468 5065 βασιλεύσῃς,
3526 4989 3581 5042 τί
3638 4991 3776 5062 ἡμῖν

2117 5082 2322 5161 χαρίζῃ
2354 5101 2367 5151 ;
2411 5085 2474 5138 Ὀ
2506 5078 2587 5151 δὲ,
2615 5081 2714 5143 Τίς
2746 5079 2863 5154 εἰμι
2893 5077 3023 5156 ἐγὼ,
3063 5079 3155 5133 ἐνα
3185 5083 3348 5134 τοῦτο
3415 5077 3641 5154 γένηται
3700 5077 3779 5140 εἷς

2117 5174 2216 5247 ἐμέ
2245 5194 2260 5243 ;
2295 5174 2358 5226 Οἳ
2390 5169 2448 5227 δὲ
2486 5169 2547 5225 ἐκ
2575 5167 2828 5244 δευτέρου
2857 5169 2950 5224 τὸν
2982 5167 3140 5224 αὐτὸν
3194 5168 3357 5245 λόγον
3412 5168 3586 5224 εἶπον.
3619 5167 3775 5242 Λέγει

2117 5265 2146 5317 ὁ
2179 5262 2502 5337 Μαρκιανός’
2565 5258 2684 5315 Ἐὰν
2742 5261 2905 5313 τοῦτο
2961 5255 3021 5311 ἐκ
3071 5260 3205 5312 Θεοῦ
3262 5256 3509 5334 γένηται,
3541 5254 3775 5329 πατέρας

1519 5360 1885 5418 XYLANDRI
1942 5366 2029 5419 ET
2088 5364 2304 5420 COARI
2364 5360 2587 5415 ΝΟΤᾸΞ.

409 5458 521 5526 (71)
554 5457 884 5513 Marcianus
912 5455 1143 5528 primus
1169 5451 1507 5528 principum
1531 5451 2003 5528 Christianorum

339 5541 371 5579 a
403 5521 686 5596 pontifice
718 5521 948 5598 imperii
986 5521 1247 5598 suscepit
1292 5521 1570 5598 insignia.
1607 5522 1784 5578 Goan.

412 5595 525 5668 (72)
553 5599 643 5651 Nil
676 5595 904 5652 numero
935 5614 1040 5668 pro
1072 5597 1328 5650 militum
1361 5595 1605 5668 cohorte
1638 5601 1881 5668 accepto
1903 5598 2000 5651 La-

346 5666 486 5721 tinis
517 5670 915 5723 communius.
935 5665 1027 5722 _Ab
1062 5668 1153 5721 his
1183 5684 1291 5720 vox
1322 5665 1397 5720 ad
1429 5667 1659 5719 Graecos
1692 5667 1998 5724 translata.

349 5738 548 5793 Mutuo
578 5739 889 5810 repudiato
916 5755 1205 5794 numerum
1235 5736 1417 5792 Graeci
1448 5753 1519 5791 ex
1549 5752 1705 5807 penu
1737 5738 1847 5794 sibi
1864 5757 2005 5811 pro-

2109 5453 2240 5536 pria
2268 5450 2551 5505 dixerunt
2568 5445 2825 5536 ἀριθμέγ,
2850 5448 2932 5536 ’(16
2965 5464 3082 5536 qu?
3115 5464 3316 5536 supra.
3376 5445 3773 5534 (Equmenius

2106 5515 2168 5579 ἶῐι
2211 5528 2335 5579 Act.
2372 5538 2477 5576 xv:
2508 5515 2710 5592 Σπέῖρά
2741 5515 2796 5572 δέ
2846 5515 2998 5592 ἐστιν’
3045 5517 3086 5592 δᾼ
3117 5515 3402 5592 ⁸καλοῦμεν
3443 5520 3536 5569 νῦν
3569 5515 3775 5586 νούμε-

2111 5614 2227 5668 ρον.
2261 5594 2593 5668 Ουίὰδνθιό
2647 5586 2867 5668 ’σφεξραι
2920 5591 2948 5646 ‘I
2985 5589 3203 5668 _Suidas
3237 5608 3249 5645 :
3282 5586 3471 5659 πλήθη
3514 5606 3769 5663 στρατευ-

2116 5660 2325 5739 μάτων,
2353 5660 2649 5742 φάλαγγες,
2680 5660 2938 5737 νοόμερα.
2974 5664 3149 5718 (ΞοΑιι.
