4144 6412
423 446 541 504 657

1547 433 2094 499 HISTORIARUM
2138 434 2699 500 COMPENDIUM.

3723 445 3843 503 658

409 582 554 655 ὑμᾶς
584 574 930 650 ἀνακηρύξω.
971 576 1105 631 Τότε
1165 572 1407 630 διδόασιν
1467 572 1615 647 αύτῷ
1646 579 1688 628 σ¹
1731 572 2065 645 νομίσματα,

2183 573 2357 628 ciam.
2383 577 2541 630 Tunc
2570 576 2655 630 illi
2680 594 2815 632 eum
2839 580 2942 631 200
2960 577 3224 632 nummis
3246 576 3489 645 donant,
3505 579 3841 652 jubentque

410 670 686 745 λέγοντες
723 665 964 740 Πορεύου
1023 664 1078 719 ἐν
1134 669 1203 740 τῇ
1261 663 1444 736 πόλει,
1500 663 1590 719 καὶ
1626 664 1876 736 μέμνησο
1908 662 2071 735 ἡμῶν

408 760 501 815 ὅτε
533 759 561 813 6
592 756 724 816 Θεὸς
784 755 993 829 ὑψώσει
1053 774 1128 812 σε.
1188 753 1400 827 Χρόνου
1434 750 1492 808 δὲ
1521 750 1830 813 διελθόντος
1878 750 2071 827 ὀλίγου

409 849 501 904 καὶ
570 842 870 902 Θεοδοσίου
926 841 1375 914 τελευτήσαντος,
1433 840 1688 917 βασιλεὺς
1751 837 2069 916 ἀνεδείχθη,

410 938 485 1001 ὡς
540 934 884 1011 προέιυημεν,
942 932 1033 988 καὶ
1094 932 1463 1006 ὑπομνησθεὶς
1517 938 1617 1002 τῆς
1675 930 1727 985 ἐν
1779 931 1952 1001 Λυκίᾳ
1978 929 2071 983 εύο

408 1026 678 1105 εργεσίας,
747 1021 1017 1081 Τατιανὸν
1085 1023 1177 1078 καὶ
1264 1020 1499 1079 Ἰούλιον
1571 1023 2069 1096 μεταπεμψάμενος

408 1116 644 1190 πατέρας
711 1113 912 1176 αὐτοὺς
972 1111 1283 1183 ἀνεκήρυξε,
1349 1110 1439 1166 καὶ
1505 1112 1597 1165 τὸν
1670 1111 1764 1184 μὲν
1809 1109 2072 1166 Τατιανὸν

410 1202 649 1278 ἔπαρχον
678 1200 909 1271 ἐποίησε
936 1207 1038 1269 τῆς
1078 1199 1319 1267 πόλεως,
1372 1204 1451 1271 τῷ
1498 1197 1556 1254 δὲ
1587 1197 1806 1271 Ἰουλίῳ
1833 1200 1933 1267 τήν
1962 1200 2070 1251 τῶν

408 1293 624 1348 Λυκίων
657 1289 978 1366 ἐνεχείρισεν
1034 1289 1241 1364 ἀρχήν.
1293 1288 1422 1344 Ὑπὸ
1478 1287 1767 1363 Γιζερίχου
1815 1285 1872 1342 δὲ
1901 1285 2067 1341 πάλιν

405 1381 483 1443 εἰς
540 1380 809 1458 Ἀφρικὴν
868 1379 1183 1453 κρατηθεὶς,
1247 1371 1324 1433 ἔτι
1380 1378 1688 1452 στρατιώτῃ
1748 1371 1861 1431 ὄντι
1902 1381 2067 1432 τοῦτο

406 1471 560 1542 αύτῷ
612 1468 907 1546 ἐξεγένετο*
992 1465 1111 1521 ὅθεν
1200 1468 1228 1522 6
1314 1467 1602 1541 Γιζέριχος
1690 1466 1836 1540 ὅρκῳ
1901 1465 2064 1519 αὐτὸν

410 1558 747 1634 ὴσφολίσατο
805 1557 893 1612 ’ὁτι
951 1557 995 1611 εἰ
1053 1554 1387 1631 βασιλεύσει,
1451 1556 1528 1629 μὴ
1583 1553 1899 1627 πολεμῆσαί
1933 1575 2067 1609 ποτε

418 1644 786 1718 Ούανδῆλοις,
817 1645 908 1700 καὶ
945 1644 1177 1701 ἀπολύει
1235 1644 1420 1703 αύοόν.
1463 1644 1655 1702 Τοίνυν
1696 1645 1785 1698 καὶ
1816 1645 1852 1712 ἡ
1887 1663 2066 1715 μακα-

411 1738 506 1813 ρία
572 1734 884 1811 Πουλχερία
982 1735 1096 1808 μεθ’
1184 1734 1379 1809 ἑτέρων
1466 1732 1692 1790 πολλῶν
1758 1729 2065 1801 ἐκκλησιῶν

2183 663 2257 717 ad
2288 663 2502 718 urbem
2538 667 2773 734 reverti,
2797 667 3008 737 suique
3035 682 3364 721 memorem
3388 683 3539 732 esse,
3562 668 3664 722 ubi
3689 672 3839 725 Deus

2183 768 2312 807 eum
2342 755 2620 810 evexerit.
2663 758 2811 827 Ergo
2862 757 3192 811 Marcianus
3221 772 3343 811 non
3374 757 3457 812 ita
3488 757 3672 813 multo
3706 765 3840 830 post

2179 843 2508 899 Theodosio
2540 844 2820 901 defuncto
2870 846 3198 918 imperator
3227 852 3479 915 creatus,
3513 850 3741 919 accepti
3776 849 3837 903 in

2183 932 2354 1003 Lycia
2384 932 2656 989 beneficii
2690 951 2938 1002 memor,
2963 936 3273 991 Tatianum
3301 940 3361 990 et
3387 935 3606 990 Julium
3637 953 3839 992 evoca—

2183 1026 2272 1075 tos
2303 1021 2376 1076 ad
2405 1039 2467 1077 se
2500 1023 2781 1093 patricios
2813 1023 3051 1093 salutat,
3085 1024 3513 1095 Tatianumque
3545 1024 3837 1092 urbis,Ju.

2180 1109 2327 1164 lium
2372 1112 2560 1182 Lyciae
2619 1113 2963 1183 praefectum
3021 1113 3350 1169 constituit.
3385 1113 3587 1168 Simile
3620 1116 3837 1184 aquila)

2181 1204 2478 1254 ostentum
2513 1201 2806 1256 Marciano
2834 1202 3162 1257 etiamnum
3186 1202 3360 1256 militi
3391 1204 3750 1267 evenit,cum
3774 1205 3836 1259 in

2179 1288 2377 1344 Africa
2407 1290 2561 1362 apud
2588 1291 2957 1346 Gizerichum
2989 1292 3256 1362 captivus
3280 1297 3601 1347 teneretur.
3632 1294 3838 1365 Itaque

2180 1378 2517 1434 Gizerichus
2550 1396 2685 1434 eum
2714 1380 3275 1451 dimisit,juratum,
3303 1382 3349 1435 si
3381 1380 3704 1451 imperator
3735 1383 3838 1436 tie-

2178 1473 2288 1535 ret,
2323 1468 2550 1524 bellum
2570 1470 2847 1525 Vaudalis
2877 1487 2997 1525 non
3023 1470 3351 1526 illaturum.
3379 1474 3560 1526 Porro
3585 1472 3838 1527 Pulche-

2180 1557 2288 1625 ria,
2320 1563 2539 1628 printer
2566 1558 2756 1614 multa
2786 1559 2904 1614 alia
2932 1559 3178 1632 templa,
3215 1561 3512 1632 praecipue
3561 1560 3748 1615 aedem
3774 1562 3836 1615 in

2182 1646 2524 1702 Blachernis
2553 1647 2827 1704 condidit
2850 1665 2918 1704 ac
2973 1650 3076 1703 Dei
3135 1649 3418 1704 Genitrici
3447 1649 3833 1715 consecravit,

2179 1752 2317 1790 cum
2347 1753 2539 1808 nuper
2571 1737 2901 1793 Marcianus
2928 1737 3247 1810 imperium
3278 1739 3565 1794 inivisset.

412 1825 702 1899 ἐξαιρέτως
764 1825 856 1880 τὸν
921 1822 973 1879 ἐν
1042 1822 1381 1900 Βλαχέρναις
1448 1823 1569 1878 ναὸν
1634 1818 1963 1894 ᾠκοδόμησε
2022 1822 2114 1876 καὶ
2180 1826 2249 1896 τῇ
2317 1823 2568 1896 Θεοτόκῳ
2633 1823 2967 1879 ἀνατέθεικεν
3032 1822 3087 1879 ἐν
3153 1826 3301 1899 ἀρχῇ
3368 1831 3499 1896 τῆςο
3543 1823 3828 1900 βασίλειας

408 1916 748 1989 Μαρκιανοῦ.

478 2006 567 2074 [Ρ.
600 2004 729 2076 345]
760 2005 853 2075 Τῷ
966 2000 1131 2058 αὐτοῦ
1184 1998 1291 2058 ἔτει
1322 2004 1357 2071 ἡ
1390 2000 1444 2056 ἒν
1475 1998 1790 2070 Χαλκηδόνι
1821 2001 1945 2076 ἁγία
1974 2020 2065 2054 τε-

2244 2004 2483 2057 Annum
2541 2020 2611 2059 eo
2670 2003 2999 2059 secundum
3068 2003 3402 2074 imperante
3456 2003 3831 2059 Chalcedone

402 2092 574 2167 τάρτη
608 2088 835 2155 σύνοδος
876 2088 1100 2166 γὲγονεν
1153 2092 1257 2146 ὑπὸ
1310 2092 1559 2167 Ιιατὲρων
1592 2090 1705 2166 χλ’,
1739 2089 1791 2145 ὲν
1815 2094 1893 2162 τῷ
1925 2109 2061 2163 μαρ-

397 2182 573 2258 τυρίῳ
627 2190 730 2252 τῆς
813 2183 1173 2261 πανευφήμου
1243 2180 1526 2258 Εύφημία,
1583 2182 1723 2235 κατὰ
1777 2179 2061 2254 Εὑτυχοῦς

400 2272 495 2327 καὶ
527 2271 826 2345 Διοσκόρου
857 2272 945 2326 καὶ
980 2271 1283 2346 Νεστορίου
1323 2274 1430 2324 τῶν
1473 2267 1742 2344 ματαίων,
1786 2267 2062 2345 λεγόντων

405 2363 548 2436 μήτε
601 2363 701 2431 τὴν
761 2362 931 2436 σάρκα
993 2364 1091 2416 τοῦ
1149 2359 1354 2436 Κυρίου
1391 2361 1686 2433 ὁμοούσιον
1728 2361 1866 2432 ἡμῖν
1898 2359 2059 2427 εἶναι,

400 2450 530 2507 ἀλλ’
558 2453 622 2505 Ex
664 2448 761 2506 δύο
808 2451 893 2505 νὲν
959 2449 1168 2530 φύσεων
1221 2451 1320 2519 τὴν
1371 2444 1561 2504 ἕνωσιν
1621 2447 1894 2523 λέγεσθαι,
1930 2450 2057 2521 μίαν

404 2539 462 2595 δὲ
490 2541 649 2620 φύσιν
704 2538 1135 2610 ἀποτελεσθῆναι
1190 2540 1324 2613 μετά
1371 2541 1471 2609 τὴν
1519 2537 1733 2611 ἕνωσιν,
1777 2538 1866 2594 καὶ
1898 2538 1972 2600 ὡς
2004 2536 2057 2592 ἐν

404 2629 664 2708 φαντασίᾳ
717 2630 818 2700 τήν
880 2629 1049 2704 σάρκα
1106 2627 1329 2704 φορέσαί
1402 2628 1494 2684 τὸν
1551 2628 1754 2701 Κύριον
1817 2627 2059 2701 μυθολο-

400 2719 642 2794 γούντων
674 2718 765 2773 καὶ
794 2718 862 2793 τῇ
886 2718 1105 2787 θεότητι
1153 2718 1324 2783 πάθος
1355 2716 1763 2791 ἀπονεμόντων.
1794 2718 2058 2791 Ἡγοῦντο

404 2806 463 2863 δὲ
492 2814 592 2878 τῆς
652 2804 878 2862 συνόδου
947 2808 1178 2870 Λέοντος
1238 2806 1390 2863 πάπα
1419 2807 1639 2881 Ῥώμης
1678 2807 2053 2879 τοποτηρηταὶ

402 2897 723 2975 Πασχάσιος
769 2895 860 2952 καὶ
919 2895 1237 2960 Λουκίνσιος
1293 2894 1579 2951 ἐπίσκοποι
1611 2895 1700 2950 καὶ
1728 2894 2057 2972 Βονιφάκιος

396 2983 788 3062 πρεσϐύτερος,
845 2985 1167 3048 Ἀνατόλιος
1217 2984 1872 3054 Κωνσταντινουπόλεως,
1918 2985 2060 3041 Ἰου-

398 3069 637 3145 ϐενάλης
687 3072 1110 3149 Ἰεροσολύμων.
1171 3076 1569 3146 Καθαιροῦνται
1615 3074 1793 3129 τοίνυν
1824 3074 1877 3127 οἱ
1906 3074 2058 3149 αἱρε-

395 3163 543 3219 τικοὶ
599 3163 689 3219 καὶ
746 3162 1077 3239 ἐξορίζονται
1144 3162 1197 3217 ἓν
1256 3163 1489 3239 Γάγγρᾳ,
1551 3167 1948 3238 χειροτονεῖται
2001 3159 2058 3217 δὲ

399 3252 694 3328 Προτὲριος
744 3251 1042 3315 ἒπίσκοπος
1102 3249 1512 3326 Ἀλεξανδρείας
1561 3252 1680 3306 ἀντὶ
1735 3251 2054 3325 Διοσκόρου.

2176 2096 2388 2161 quarta
2409 2099 2617 2149 sancta
2638 2093 2902 2164 synodus
2924 2098 3055 2148 acta
3077 2099 3188 2165 est,
3212 2094 3273 2148 in
3295 2094 3421 2149 aede
3445 2093 3834 2148 nobilissimae

2174 2182 2453 2253 martyris
2485 2183 2848 2254 Euphemiaa,
2881 2182 3149 2238 collectis
3189 2182 3465 2239 Patribus
3497 2186 3839 2249 630,contra

2172 2271 2498 2341 Eutychen,
2534 2271 2881 2326 Dioscorum
2930 2278 2989 2327 et
3032 2272 3391 2340 Nestorium,
3428 2288 3608 2327 vanos
3640 2272 3834 2327 homi-

2172 2375 2301 2427 nes,
2335 2352 2440 2431 qui
2463 2376 2703 2415 carnem
2763 2360 2979 2416 Christi
3038 2361 3337 2433 negabant
3395 2361 3667 2433 ejusdem
3699 2377 3837 2416 cum

2171 2455 2376 2504 nostra
2406 2465 2537 2505 esse
2566 2455 2816 2517 naturae,
2849 2450 3346 2521 affirmabantque
3377 2451 3575 2506 unitas
3595 2449 3835 2522 quidem

2171 2538 2318 2594 duas
2348 2539 2411 2593 in
2442 2538 2673 2594 Christo
2715 2544 2981 2607 naturas,
3012 2539 3286 2595 unitione
3340 2545 3539 2595 autem
3571 2539 3836 2610 perfecta

2169 2630 2243 2684 ad
2274 2630 2514 2684 unicam
2545 2629 2760 2684 deinde
2790 2634 3066 2684 naturam
3094 2628 3279 2683 fuisse
3308 2629 3601 2700 redactas,
3624 2629 3833 2685 Domi-

2168 2734 2432 2790 numque
2446 2733 2686 2773 carnem
2704 2735 2827 2773 non
2848 2717 3183 2786 revera,sed
3206 2719 3616 2774 tantummodo
3630 2719 3832 2791 specie

2171 2808 2426 2879 quadam
2471 2812 2795 2880 apparente
2829 2807 3289 2863 circumtulisse.
3326 2807 3512 2863 Iidem
3544 2807 3829 2864 deitatem

2168 2914 2406 2970 passam
2432 2897 2728 2953 dicebant.
2750 2897 3125 2952 Prael‘uerunt
3141 2897 3395 2952 concilio
3420 2897 3633 2952 Leonis
3658 2914 3826 2969 papa)

2168 2987 2419 3043 Romani
2477 2986 2681 3041 vicarii
2758 2986 2910 3043 605
2980 2986 3338 3041 Paschasius
3398 2991 3456 3040 et
3525 2986 3837 3042 Lucinsius

2170 3076 2455 3148 episcopi,
2516 3092 2584 3130 ac
2643 3074 2979 3130 Bonifacius
3034 3075 3369 3148 presbyter,
3413 3092 3481 3131 ac
3523 3076 3829 3132 Anatolius

2167 3168 2535 3239 Cpolitanus,
2603 3167 2903 3223 Iuvenalis
2989 3166 3482 3240 Hierosolymaaus
3541 3168 3829 3240 episcopi.

2168 3258 2441 3314 Hieretici
2470 3257 2736 3313 damnati
2768 3261 2828 3312 et
2857 3259 3149 3329 Gangram
3182 3261 3320 3311 sunt
3350 3255 3619 3329 relegati,
3644 3257 3829 3328 inque

398 3343 462 3396 ’Π
498 3339 555 3396 δὲ
583 3342 713 3416 αγία
779 3338 1009 3405 σύνοδος
1066 3342 1367 3417 ἐξεφώνησε
1416 3339 1627 3397 τέλειον
1688 3342 1820 3398 Θεὸν
1846 3341 1937 3396 καὶ
1966 3341 2056 3396 τέο

2179 3348 2366 3403 locum
2399 3348 2661 3403 Dioscori
2687 3347 3000 3419 episcopus
3025 3346 3396 3402 Alexandria
3428 3351 3663 3402 creatus
3691 3347 3828 3399 Pro-

404 3430 557 3486 λειον
584 3428 870 3507 ἄνθρωπον
908 3432 1003 3486 τὸν
1030 3430 1189 3486 αὐτὸν
1223 3430 1277 3486 ἐν
1309 3427 1405 3486 δύο
1437 3430 1678 3509 φύσεσιν,
1710 3432 2063 3507 ἃσυγχύτως,

405 3518 754 3593 αδιαιρέτως,
784 3521 876 3576 τὸν
935 3521 1138 3596 Κύριον
1179 3523 1339 3595 ἡμῶν
1388 3522 1477 3577 καὶ
1531 3521 1659 3576 Θεὸν
1690 3523 1898 3592 Ἰησοῦν
1929 3523 2063 3595 Χρι-

412 3610 555 3667 στόν.
590 3611 694 3665 Δύο
728 3607 785 3665 δὲ
825 3611 1075 3686 εἰρήκασι
1106 3610 1289 3688 φύσεις
1341 3614 1420 3683 τῷ
1466 3608 1619 3684 λόγῳ
1646 3617 1744 3681 τῆς
1775 3608 2065 3690 διαφορᾶς,

411 3701 477 3756 υύ
532 3706 610 3773 τῷ
667 3699 825 3778 λόγῳ
882 3707 983 3770 τῆς
1038 3697 1374 3775 διαιρέσεως.
1429 3701 1543 3770 Τήν
1602 3719 1660 3754 τε
1716 3704 1813 3755 τοῦ
1841 3701 2067 3773 Ῥώμης

410 3789 564 3845 πάπα
622 3788 852 3852 Λέοντος
911 3790 1210 3860 ἐπιστολὴν
1277 3790 1412 3863 πρὸς
1471 3784 1783 3844 Φλαϐιανὸν
1839 3793 2066 3866 γραφεῖ-

412 3900 507 3934 σαν
537 3879 610 3941 ὡς
660 3877 871 3950 στήλην
934 3877 1249 3956 ὀρθοδοξίας
1307 3875 1572 3949 ἐδέξαντο.
1627 3879 1977 3951 Ἐπικυροῦσι
2010 3875 2067 3933 δὲ

407 3969 499 4024 καὶ
556 3970 656 4039 τήν
714 3970 1010 4041 Νεστορίου
1068 3968 1397 4043 καθαίρεσιν.
1469 3966 1745 4038 Ἐδὲξαντο
1801 3964 1858 4021 δὲ
1925 3972 2063 4020 Θεο-

410 4055 660 4129 δώρητον
719 4057 811 4114 καὶ
869 4053 1017 4114 Ἴϐαν
1078 4058 1153 4120 ὡς
1221 4056 1711 4130 ἀναθεματίσαντας
1755 4055 2064 4130 Νεστόριον.

481 4152 575 4220 Τῷ
603 4154 650 4222 γ’
679 4143 783 4203 ἔτει
815 4149 850 4217 ἡ
887 4148 1128 4223 μακαρία
1156 4147 1247 4203 καὶ
1298 4142 1523 4215 εὐσεϐὴς
1574 4145 1889 4220 Πουλχερία
1916 4144 2069 4199 ’ἐκοι-

413 4239 566 4309 μήθη
627 4237 680 4293 ἐν
734 4240 952 4311 Χριστῷ
1009 4238 1271 4314 παρθένος
1346 4238 1437 4292 καὶ
1526 4237 1605 4309 μὴ
1691 4231 2065 4313 διαφθαρεῖσα.

408 4326 581 4380 πάντα
608 4326 677 4381 τά
706 4327 901 4397 ἑαυτῆς
932 4332 1183 4401 πτωχοῖς
1216 4323 1554 4398 διανείμασα.

484 4612 578 4680 Τῷ
611 4604 654 4661 δ¹
685 4604 794 4663 ἔτει
833 4606 1277 4671 Ούαλεντινιανὸς
1327 4610 1355 4663 6
1403 4615 1503 4678 τῆς
1555 4607 1779 4682 Ῥώμης
1816 4606 2070 4684 βασιλεὺς

2170 3438 2375 3493 terius.
2409 3436 2819 3493 Pronuntiavit
2849 3453 3018 3492 sacra
3065 3436 3177 3491 ista
3209 3434 3473 3508 synodus
3506 3434 3824 3490 Dominum

2169 3543 2237 3583 ac
2268 3527 2454 3581 Deum
2485 3531 2755 3581 nostrum
2784 3527 2984 3581 Jesum
3016 3525 3316 3581 Christum
3348 3524 3677 3595 perfectum
3700 3540 3829 3579 esse

2168 3618 2356 3672 Deum
2389 3620 2447 3671 et
2491 3615 2819 3687 perfectum
2878 3615 3203 3685 hominem,
3263 3612 3541 3668 eumdem
3599 3611 3830 3667 duabus

2168 3706 2399 3762 naturis
2430 3710 2827 3771 constantem,
2858 3704 2988 3760 sine
3039 3703 3161 3759 ulla
3207 3703 3300 3758 vel
3344 3702 3695 3757 confusione
3737 3701 3833 3756 vel

2170 3795 2445 3861 divione;
2477 3796 2624 3851 duas
2658 3801 2857 3851 autem
2916 3794 2977 3849 in
3034 3811 3102 3849 eo
3155 3798 3402 3850 naturas
3433 3808 3564 3848 esse
3594 3792 3826 3847 ratione

2172 3901 2294 3940 non
2323 3883 2651 3951 divisionis,
2683 3883 2788 3938 sed
2819 3881 3207 3938 discriminis.
3240 3880 3561 3953 Epistolam
3591 3896 3829 3950 quoque

2172 3975 2385 4030 Leonis
2415 3991 2582 4045 papm
2630 3972 2878 4028 Romani
2928 3971 3002 4026 ad
3050 3972 3419 4040 Flavianum,
3453 3974 3518 4025 ut
3548 3970 3831 4025 columen

2171 4068 2346 4119 rectm
2383 4063 2542 4127 fidei,
2575 4061 3069 4133 approbaverunt.
3102 4060 3355 4115 Nestorii
3397 4075 3634 4130 quoque
3662 4059 3832 4113 dam-

2172 4153 2475 4208 nationem
2529 4156 2718 4206 ratam
2804 4148 3117 4219 habuerut,
3203 4148 3558 4203 Theodorito
3618 4152 3676 4201 et
3731 4145 3835 4201 Iba

2172 4242 2449 4313 receptis,
2482 4241 2581 4310 qui
2618 4256 2752 4294 eum
2786 4239 3232 4293 damnaverant.

2242 4337 2437 4392 Tertio
2463 4352 2642 4404 anno,
2680 4334 2915 4406 imperii
2957 4332 3240 4389 Marciani
3273 4330 3608 4397 Pulcheria,
3641 4329 3836 4383 invio-

2171 4427 2294 4483 lata
2322 4426 2505 4497 virgo,
2538 4440 2745 4479 omnes
2776 4439 2912 4478 suas
2940 4422 3253 4478 facultates
3285 4418 3647 4492 pauperibus
3678 4418 3836 4473 elar-

2172 4519 2312 4591 gita,
2344 4518 2476 4572 vitae
2506 4532 2760 4589 pensum
2791 4513 3062 4569 absolvit.

2244 4610 2463 4674 Quarto
2495 4623 2675 4675 anno,
2708 4604 3160 4660 Valentinianus
3192 4599 3530 4657 Occidentis
3574 4599 3838 4671 impera-

410 4701 522 4751 τῶν
570 4697 666 4769 μὲν
718 4696 895 4772 ὀρθῶν
946 4704 1048 4767 τῆς
1098 4697 1433 4769 Ἐκκλησίας
1479 4696 1772 4774 δογμάτων
1800 4697 2065 4771 ἀντελαμ-

2181 4703 2292 4766 tor,
2353 4695 2590 4752 tametsi
2654 4710 2854 4750 veram
2939 4692 3291 4763 religionem
3350 4689 3817 4762 amplecteretur

412 4781 628 4855 ϐἀνετο,
660 4785 849 4861 πολλῇ
882 4784 940 4842 δὲ
975 4792 1045 4864 τῇ
1078 4787 1390 4864 παρανομίᾳ
1439 4787 1491 4843 ἐν
1538 4793 1608 4863 τῇ
1666 4790 1856 4843 ἑαυτοῦ
1888 4786 2069 4862 διαίτῃ

411 4875 705 4952 ἐκέχρητω
768 4877 1170 4952 εύπρεπεστατῃ
1241 4879 1345 4955 γὰρ
1422 4877 1636 4951 γυναικὶ
1688 4875 1922 4950 Εύδοξίᾳ
1981 4899 2071 4931 συ-

415 4970 542 5035 ζῶν,
601 4966 822 5040 θυγατρὶ
881 4963 1174 5023 Θεοδοσίου
1230 4972 1328 5023 τοῦ
1388 4963 1685 5042 βασιλέως,
1745 4964 2067 5041 ἀλλοτρίαις

417 5053 803 5129 δαιμονιωδῶς
843 5054 1134 5133 ἐκέχρητο.
1185 5054 1405 5132 Ὠμίλει
1454 5055 1511 5113 δὲ
1560 5060 1803 5131 συνεχῶς
1834 5056 1921 5110 καὶ
1951 5060 2068 5118 τοῖς

414 5146 482 5201 τὰ
533 5145 788 5221 περίεργα
844 5146 1165 5220 πράττουσι·
1218 5144 1303 5200 διὸ
1369 5145 1458 5200 καὶ
1523 5145 1778 5218 οἶκτίστῳ
1840 5142 2069 5219 παραδί-

416 5232 569 5289 δοται
622 5234 852 5307 θανάτῳ.
904 5233 1155 5309 Μαξίμου
1198 5237 1303 5311 γὰρ
1349 5239 1446 5290 τοῦ
1500 5234 1586 5290 ἐπὶ
1635 5231 1925 5290 Θεοδοσίου
1974 5237 2071 5288 τοῦ

416 5322 665 5396 Νεγάλου
714 5325 1145 5398 τυραννήσαντος
1199 5318 1423 5399 ἔκγονος
1489 5323 1579 5378 καὶ
1638 5323 1957 5395 ὁμώνυμος,
2015 5320 2067 5376 ἐν

416 5417 533 5476 τοὶς
580 5413 719 5467 κατά
759 5413 982 5485 Ῥώμην
1034 5413 1342 5487 πατρικίοις
1392 5411 1586 5482 τελῶν,
1637 5409 1787 5465 ἔνδον
1836 5415 1932 5465 τοῦ
1971 5431 2073 5465 πα-

418 5502 610 5559 λατίου
667 5502 961 5577 γενόμενος
1018 5501 1111 5558 τὸν
1167 5502 1613 5561 Ούαλεντινιανὸν
1659 5502 1926 5578 ἀπέσφαξε
1981 5500 2072 5555 καὶ

416 5597 487 5665 τῇ
550 5590 784 5664 Εύδοξίᾳ
837 5595 1083 5670 συνεγὲτο
1133 5592 1224 5648 καὶ
1284 5595 1384 5654 τῆς
1457 5591 1732 5666 βασιλείας
1790 5591 2069 5665 ἐκράτησε·

419 5681 492 5737 δι’
536 5683 610 5736 ὧν
657 5683 762 5756 γάρ
791 5703 873 5743 τις
926 5681 1240 5757 ἁμαρτάνει,
1291 5679 1362 5735 δι’
1407 5681 1582 5736 αὐτῶν
1614 5681 1703 5736 καὶ
1737 5678 2071 5736 παιδεύεται·

419 5771 546 5826 Ἐπὶ
587 5769 782 5832 τούτος
812 5774 848 5842 ἡ
896 5768 1127 5843 Εύδοξία
1177 5766 1464 5849 ἀχθομένη
1521 5770 1930 5845 μεταπέμπεται
1975 5770 2068 5824 τὸν

2180 4790 2364 4845 vitam
2396 4795 2594 4844 tamen
2627 4786 2745 4860 egit
2772 4785 3148 4857 ﬂagitiosam.
3174 4784 3320 4838 Cum
3345 4782 3506 4838 enim
3536 4780 3841 4836 formosis-

2185 4880 2395 4935 simam
2426 4878 2675 4932 haberet
2701 4891 2948 4930 uxorem
2978 4872 3328 4940 Eudoxiam,
3354 4870 3541 4926 filiam
3571 4867 3840 4924 Theodo-

2184 4968 2256 5023 sii
2280 4965 2677 5038 imperatoris,
2700 4962 3094 5018 nihilominus
3119 4960 3368 5016 sceleste
3389 4957 3605 5013 alienis
3626 4956 3841 5011 mulie-

2182 5058 2348 5112 ribus
2378 5053 2771 5110 abutebatur:
2832 5057 2960 5107 erat
3017 5065 3252 5122 quoque
3308 5047 3361 5101 ei
3418 5045 3661 5101 assidua
3701 5060 3839 5098 cum

2186 5146 2448 5200 curiosas
2507 5149 2663 5198 artes
2722 5140 3115 5196 tractantibus
3174 5133 3562 5193 consuetudo.
3633 5133 3839 5201 Itaque

2186 5234 2364 5289 etiam
2422 5232 2761 5287 miserrima
2818 5233 3008 5284 morte
3060 5227 3255 5299 periit.
3313 5223 3600 5278 Maximus
3656 5220 3844 5290 enim,

2185 5340 2370 5395 nepos
2430 5322 2561 5392 ejus
2616 5319 2852 5373 Maximi
2913 5316 3014 5388 qui
3072 5314 3390 5371 Theodosii
3444 5311 3635 5383 Magni
3667 5314 3842 5365 aatate

2185 5411 2566 5484 tyrannidem
2623 5410 2940 5475 invaserat,
3000 5406 3201 5459 Romm
3257 5401 3509 5473 patricia
3559 5400 3845 5472 dignitate

2186 5503 2407 5575 degens
2438 5503 2497 5556 in
2528 5499 2813 5573 palatium
2837 5495 3124 5568 pervenit,
3146 5491 3638 5547 Valentinianum
3667 5506 3850 5545 neca-

2188 5593 2286 5662 vit,
2320 5591 2645 5646 Eudoxiam
2693 5585 2998 5656 stupravit,
3035 5582 3407 5653 imperioque
3439 5580 3593 5635 606
3624 5580 3847 5651 potitus

2189 5685 2315 5735 est:
2352 5680 2546 5735 solent
2577 5678 2733 5733 enim
2768 5673 2992 5745 ﬂagitia
3019 5677 3075 5727 et
3098 5671 3169 5724 iis
3195 5667 3435 5723 inﬂicta:
3468 5684 3657 5738 pwnze
3681 5667 3843 5738 ejus«

2186 5770 2322 5825 dem
2355 5786 2485 5824 esse
2516 5764 2771 5840 generis.
2803 5764 2874 5817 At
2903 5761 3169 5819 Eudoxia
3194 5756 3448 5831 graviter
3477 5772 3609 5811 eam
3642 5755 3843 5810 ferens
