4144 6430
383 474 502 541 1501

1534 467 2091 544 HISTORlARUM
2137 475 2706 547 COMPENDIUM.

3699 486 3819 550 662

391 623 517 678 σθαι
543 612 764 688 τάχιον.
797 614 912 670 Τοῦ
957 611 1014 669 δὲ
1070 613 1537 692 παραγενομένου,
1595 608 1836 690 ἔπαρχον
1895 611 2056 670 αὐτὸν

2175 616 2518 689 praefectum
2546 617 2711 673 urbis
2740 618 3065 674 constituit.
3100 621 3309 691 Aspar,
3345 619 3438 675 cui
3472 617 3583 677 hoc
3604 624 3821 694 prieter

396 698 765 778 προεϐάλετο.
798 703 1015 780 ’Δσπαρ
1050 700 1108 758 δὶ
1136 707 1299 759 τοῦτο
1331 700 1464 759 ἰδὼν
1503 702 1630 781 παρ’
1662 698 1861 759 ἐλπίδα
1896 701 2059 779 ’ἐκρά-

395 814 537 863 τησε
573 797 673 847 τοῦ
704 792 931 866 ἱματίου
962 796 1057 847 τοῦ
1100 789 1392 868 βασιλέως,
1448 793 1534 848 καί
1595 815 1729 873 φησι
1779 794 1914 868 πρὸς
1956 788 2057 873 .ᾱύ-

396 880 508 936 τόν·
545 880 798 951 Βασιλεῦ,
830 882 922 936 τὸν
956 880 1159 954 ταύτην
1218 881 1318 951 τὴν
1376 868 1673 959 ἁλουργίδα
1720 868 2059 958 περιϐεϐλη-

404 971 567 1043 μένον
594 974 681 1045 [Ρ.
717 972 843 1044 347]
906 969 967 1026 οὐ
1021 972 1131 1046 χρή
1190 969 1594 1046 διαψεύδεσθαι.
1654 970 1754 1027 Καί
1811 987 1972 1053 φησιν
2030 970 2058 1026 ὁ

403 1059 683 1137 βασιλεύς·
719 1059 900 1116 Ἀλλᾶ
934 1061 1043 1133 μὴν
1074 1061 1342 1135 προσήκει
1372 1064 1452 1135 τῷ
1484 1058 1703 1136 βασιλεῖ
1772 1059 1847 1136 μὴ
1910 1059 2060 1116 ὑπεί-

395 1171 505 1206 κειν
531 1150 641 1205 τινὶ
673 1150 710 1220 ἤ
746 1148 1088 1222 ὑποκεῖσθαι,
1118 1150 1209 1205 καὶ
1262 1149 1480 1224 μᾶλλον
1537 1150 1661 1205 ὅταν
1719 1152 1816 1205 τοῦ
1874 1153 2060 1205 κοινοῦ

395 1236 710 1317 ἀσύμφορον

459 1334 549 1401 Τῷ
580 1336 623 1383 α’
644 1326 751 1384 ἔτει
778 1328 973 1385 τούτου
1007 1329 1227 1403 σεισμὸς
1260 1327 1468 1407 ἐγένετο
1525 1327 1578 1385 ἐν
1622 1328 1938 1405 Ἀντιοχείᾳ
1969 1329 2041 1393 ὡς

389 1416 584 1493 σχεδὸν
617 1423 791 1474 πᾶσαν
819 1420 918 1487 τήν
946 1416 1110 1473 πόλιν
1142 1422 1482 1475 καταπεσεῖν.
1513 1419 1684 1481 Οὗτος
1718 1417 1746 1473 ὁ
1785 1415 2041 1493 βασιλεὺς

390 1508 527 1583 Θρᾲξ
558 1509 625 1577 ἦν
652 1512 730 1580 τῷ
760 1508 925 1584 γένει,
957 1503 1244 1582 τριϐοὖνος
1287 1509 1389 1577 τήν
1445 1505 1618 1579 ἀξίαν.
1678 1503 1941 1584 Ἐστέφθη
1997 1506 2060 1563 δὲ

406 1597 512 1653 ὑπὸ
542 1597 859 1654 Ἀνατολίου
885 1598 1256 1673 πατριάρχου.

478 1690 666 1741 Πασῶν
727 1684 785 1740 δὲ
838 1690 946 1741 τῶν
996 1692 1101 1756 τῆς
1158 1685 1492 1759 οἰκουμένης
1566 1685 1910 1758 Ἐκκλησιῶν
1963 1687 2063 1756 τήν

407 1774 461 1832 ἐν
497 1775 812 1848 Χαλκηδόνι
846 1775 1072 1833 σύνοδον
1118 1775 1562 1852 ἀποδεξαμένων,
1620 1781 1646 1833 ὀ
1718 1777 1912 1854 μιαρὸς
1967 1774 2065 1834 Τι-

405 1869 603 1942 μόθεος
634 1870 663 1923 ὁ
694 1866 935 1938 ἐπίκλην
966 1867 1243 1943 Αῗλουρος
1298 1868 1396 1938 τὴν
1455 1865 1857 1943 Ἀλεξανδρέων
1902 1866 2065 1923 πόλιν

398 1957 676 2059 ἐτάρασσε(
747 1958 1064 2033 Μαγγανείᾳ
1144 1957 1246 2034 γὰρ
1336 1957 1704 2059 χρησάμενος.
1755 1958 1953 2059 you-co:
2009 1954 2139 2059 ἐνΒ

387 2051 510 2108 τοῖς
544 2046 792 2109 κελλίοις
815 2051 922 2102 τῶν
968 2050 1233 2121 μοειαχῶν
1261 2049 1623 2123 περιήρχετο,
1684 2045 1767 2101 ἐπ’
1825 2044 2058 2120 ὀνόματι

388 2135 574 2191 καλῶν
608 2133 857 2205 ἕκαστον,
889 2139 996 2190 τῶν
1058 2132 1115 2190 δὲ
1173 2130 1617 2210 ἀποκρινομένων
1675 2129 1881 2211 ἔλεγεψ
1917 2131 2060 2211 Ἐγὼ

390 2220 627 2302 ἄγγελός
659 2224 798 2300 εἶμι,
838 2225 929 2280 καὶ
978 2223 1293 2295 ἀπεστάλην
1323 2223 1492 2280 εἰπεῖν
1548 2228 1711 2280 πᾶσιν
1756 2223 2061 2294 ἀποστῆναι

388 2323 493 2386 τῆς
567 2314 861 2379 κοινωνίας
918 2314 1217 2391 Προτερίου
1275 2314 1366 2370 καὶ
1423 2319 1532 2371 τῶν
1613 2312 1665 2370 ἐν
1717 2311 2060 2391 Χαλκηδόνις

390 2378 663 2478 Τιμόθεον
689 2402 747 2460 δὲ
774 2378 867 2460 τὸν
913 2378 1187 2478 Α’ίλουρον
1240 2403 1540 2459 ἐπίσκοπον
1598 2378 2060 2480 προχειρίσασθαιι

390 2492 827 2570 Ἀλεξανδρείας.
861 2491 1083 2564 Πλῆθος
1117 2490 1175 2549 δὲ
1214 2493 1457 2549 ἀτάκτων
1500 2490 1714 2570 ἀνδρῶν
1765 2488 2060 2566 ὠνησάμε-

394 2605 486 2646 νος
515 2587 851 2659 τυραννικῶς
895 2587 993 2638 τοῦ
1049 2584 1244 2659 Θρόνου
1302 2580 1713 2657 Ἀλεξανδρείας
1774 2581 2058 2658 ἐκράτησε·

397 2676 487 2730 καὶ
518 2674 899 2749 καθῃρημένος
928 2672 1004 2727 ὤν
1060 2674 1165 2729 ὑπὸ
1225 2670 1321 2729 δύο
1351 2667 1748 2749 καθῃρημένων
1806 2692 2061 2750 χειροτο-

398 2771 589 2831 νεῖται,
621 2765 966 2840 χειροτονίας
1012 2785 1072 2820 τε
1128 2761 1441 2819 ἐπισκόπων
1499 2762 1670 2819 ἐποίει
1704 2763 2065 2843 ἀχειροτόνη-

394 2875 489 2916 τος
534 2849 631 2925 ὤν,
689 2854 782 2909 καὶ
843 2850 1198 2929 βαπτίσματα
1256 2850 1497 2908 ἐπετέλει
1558 2848 1924 2928 πρεσϐύτερος
1983 2854 2057 2927 μὴ

408 2941 509 3015 ὢν,
538 2938 631 3000 καὶ
667 2942 802 3016 μετὰ
860 2940 1068 3014 λύττης
1125 2943 1273 3005 τινὸς
1321 2941 1557 3018 ἀσχέτου
1604 2942 1704 3011 τήν
1767 2942 1922 3016 ἁγίαν
1975 2962 2061 2997 τε-

404 3033 609 3107 τάρτην
654 3029 875 3088 σύνοδον
932 3027 1139 3107 ὕϐριζε.
1200 3030 1301 3087 Καὶ
1358 3032 1452 3088 τὸν
1516 3033 1783 3107 μακάριον
1855 3030 2062 3106 Προτέ-

402 3142 521 3199 ριον
556 3120 773 3178 διδόντα
799 3120 968 3179 τόπον
1025 3122 1095 3197 τῇ
1162 3122 1303 3200 ὀργῇ
1361 3126 1443 3195 τῷ
1505 3118 1737 3199 μεγάλῳ
1794 3116 2061 3194 Σαϐϐάτῳ

399 3212 762 3291 κατασφάττει
819 3210 935 3288 μεθ’
1004 3210 1201 3289 ἐτέρων
1262 3209 1314 3282 ἓξ
1372 3216 1481 3267 τῶν
1573 3208 1666 3267 σὺν
1755 3211 1921 3284 αὐτῷ’
1971 3212 2060 3267 καὶ

395 3305 534 3361 κατά
564 3308 736 3359 πᾶσαν
765 3302 864 3372 τὴν
896 3300 1062 3358 πόλιν
1093 3302 1350 3378 σύραντες
1405 3303 1468 3356 τὸ
1528 3304 1689 3376 σῶμα
1733 3300 1899 3357 αὐτοῦ
1930 3296 2061 3377 πυρῖ

395 3390 749 3450 κατέκαυσαν.
804 3389 998 3465 Τούτῳ
1054 3394 1136 3462 τῷ
1188 3389 1295 3446 ἔτει
1374 3387 1587 3465 ἠνέχθη
1656 3386 1720 3444 τὸ
1805 3387 2062 3465 λείψανον

397 3488 499 3552 τῆς
531 3482 690 3559 ἁγίας
744 3479 1016 3555 μάρτυρος
1076 3478 1427 3542 Ἀναστασίας
1482 3478 1589 3534 ἀπὸ
1646 3481 1744 3533 τοῦ
1800 3480 2062 3556 Σιρμίου,

400 3570 490 3627 καὶ
544 3569 800 3640 κατετέθη
860 3569 912 3624 ἐν
960 3572 1040 3642 τῷ
1094 3572 1208 3642 ναῷ
1262 3567 1430 3640 αὐτῆς
1490 3565 1545 3623 ἐν
1602 3572 1720 3630 τοῖς
1798 3568 2064 3642 Δομνίνου

404 3655 693 3735 ἐμϐόλοις.

474 3753 568 3822 Τῷ
618 3749 664 3825 β’
694 3744 799 3804 ἔτει
858 3748 1010 3804 Λέων
1078 3748 1106 3803 ὁ
1165 3740 1422 3822 βασιλεὺς
1483 3748 1672 3819 μαθὼν
1725 3741 1820 3803 τὸν
1878 3740 2065 3803 ἄδικον

402 3838 630 3905 θάνατον
668 3840 963 3917 Προτερίου
992 3839 1084 3894 καὶ
1147 3840 1249 3908 τήν
1309 3836 1581 3912 Αἷλοῦρού
1623 3834 1860 3911 ἄθεσμον
1920 3859 2062 3913 προ-

400 3932 652 4007 αγωγήν,
709 3929 928 4005 πέμψας
981 3929 1111 3994 τοὺς
1167 3929 1606 3999 κοινωνήσαντας
1652 3932 1732 4000 τῷ
1763 3927 2063 4004 Προτερίου

402 4020 617 4093 θανάτῳ
647 4016 1132 4096 ἐγλωσσοτόμησε.
1169 4016 1429 4091 Τιμοθέῳ
1458 4012 1516 4071 δὲ
1570 4020 1652 4088 τῷ
1705 4015 1905 4090 ἀνιέρῳ
1961 4016 2065 4071 οὐκ

402 4106 690 4182 ἐπεξῆλθε,
720 4108 819 4177 τὴν
881 4107 964 4163 ἐπ’
1026 4107 1173 4180 αὐτῷ
1238 4106 1413 4182 κρίσιν
1457 4104 1776 4168 ἐπισκόποις
1833 4103 2065 4161 καταλι-

402 4199 541 4254 πών.
574 4200 669 4270 Τῷ
700 4194 745 4251 δ’
768 4196 917 4269 αὖτῷ
954 4194 1061 4253 ἔτει
1100 4195 1190 4251 καὶ
1250 4197 1432 4267 Ζήνων
1493 4191 1755 4271 Ἀριάδνῃ
1814 4196 2063 4271 μίγνυται

402 4286 540 4362 πρὸς
569 4287 771 4361 γάμον,
820 4288 890 4360 τῇ
931 4285 1165 4346 Λέοντος
1206 4285 1456 4360 θυγατρί.

476 4379 561 4449 Τῷ
590 4377 640 4452 γ’
671 4374 777 4431 ἔτει
806 4374 1106 4451 γράμματα
1136 4376 1270 4448 πρὸς
1318 4374 1449 4437 τοὺς
1508 4372 1740 4444 ἐκάστης
1798 4373 2064 4449 ἐπαρχίας

402 4464 734 4529 ἐπισκόπους
764 4461 1078 4519 ἀπέστειλεν
1108 4464 1136 4518 ὁ
1170 4461 1454 4539 βασιλεὺς,
1485 4463 1692 4538 γράψαι
1760 4462 1907 4535 αὕτῷ
1962 4464 2062 4532 τήν

402 4555 604 4614 οἰκείαν
631 4554 858 4633 γνώμην
887 4550 1140 4622 ἕκαστον,
1173 4551 1220 4607 εἰ
1277 4557 1396 4615 τοῖς
1452 4554 1507 4607 ἓν
1563 4549 1884 4624 Χαλκηδόνι
1945 4553 2065 4627 ὀρι-

402 4650 601 4703 σΟεῖσιν
631 4643 970 4721 ἀρέσκοιντο,
1002 4638 1089 4698 καὶ
1123 4643 1249 4717 περὶ
1279 4648 1380 4711 τῆς
1438 4646 1540 4698 τοῦ
1595 4639 1885 4716 Αἷλούμου
1946 4661 2063 4718 χει-

2168 723 2335 777 spem
2364 724 2533 762 suam
2565 708 2907 776 accidisset,
2966 714 3155 764 vestes
3213 710 3584 781 apprehenso
3636 710 3820 767 Leoni

2168 797 2293 851 ait:
2329 800 2677 868 Imperator,
2713 798 2812 852 tali
2835 815 3099 870 purpura
3146 800 3431 855 amictum
3481 817 3604 856 non
3653 801 3825 857 decet

2164 880 2431 944 mentiri.
2482 880 2809 959 BeSpondit
2863 890 3234 961 imperator:
3288 884 3442 946 008
3502 890 3654 946 Sane
3708 892 3822 948 hoc

2168 988 2403 1049 quoque
2442 976 2865 1050 imperatorem
2923 968 3112 1045 decet,
3166 979 3393 1035 nemini
3451 980 3665 1036 cedere
3720 984 3825 1037 aut

2168 1062 2472 1123 Subditum
2505 1083 2655 1137 esse,
2689 1069 2934 1125 maxime
2967 1062 3068 1124 ubi
3098 1068 3161 1124 id
3190 1084 3325 1125 cum
3354 1069 3699 1143 reipublicae
3725 1070 3821 1128 in-

2167 1154 2479 1212 commodo
2507 1157 2696 1212 ﬁeret.

2237 1336 2436 1391 Primo
2466 1335 2645 1407 hujus
2677 1353 2833 1391 anno
2866 1335 3195 1393 Antiochiae
3238 1342 3409 1394 terrea
3458 1342 3654 1395 motus
3684 1341 3819 1407 fuit,

2167 1426 2268 1496 qui
2300 1429 2477 1480 totam
2505 1441 2654 1495 pene
2681 1426 2888 1480 urbem
2912 1427 3245 1497 prostravit.
3261 1427 3374 1482 Leo
3391 1427 3581 1483 Thrax
3609 1446 3825 1501 genere

2165 1512 2298 1579 fuit,
2331 1512 2641 1569 tribunitia
2670 1514 2975 1587 dignitate.
3002 1516 3314 1571 Coronavit
3343 1532 3478 1572 eum
3514 1517 3819 1574 Anatolius

2164 1603 2504 1677 patriarcha
2516 1642 2529 1662 .

2240 1694 2385 1749 Cum
2417 1696 2616 1750 autem
2651 1706 2857 1749 omnes
2889 1695 3070 1750 totius
3101 1694 3263 1751 orbis
3304 1696 3583 1753 Eaclesize
3632 1698 3825 1752 conci-

2166 1779 2247 1838 lio
2285 1782 2752 1838 Chalcedonensi
2784 1780 3274 1855 astipularentur,
3303 1798 3459 1841 unus
3492 1778 3822 1843 scelerosus

2168 1874 2346 1927 homo
2378 1870 2801 1927 Alexandriam
2834 1868 3584 1946 conturbavit'l‘imotheus,
3609 1890 3824 1948 cogno-

2170 1967 2370 2019 mento
2392 1962 2645 2017 Elurus.
2680 1964 2735 2017 Is
2765 1963 3009 2034 magicis
3040 1964 3388 2036 imposturis
3418 1970 3594 2022 utens
3624 1967 3821 2023 cellu-

2170 2054 2260 2109 las
2290 2046 2720 2109 monachorum
2752 2051 2933 2107 obivit
2980 2058 3180 2123 noctu,
3223 2048 3578 2110 nominatim
3620 2071 3821 2128 quem-

2172 2157 2286 2213 que
2319 2156 2553 2196 vocans.
2588 2140 2696 2206 Qui
2729 2155 2863 2196 cum
2895 2142 3352 2213 responderent,
3388 2144 3469 2199 ita
3498 2134 3650 2199 dixit
3676 2162 3688 2199 :
3714 2139 3831 2217 Ego

2172 2240 2302 2287 sum
2337 2226 2608 2302 angellis,
2666 2222 2729 2284 in
2785 2230 2898 2286 hoc
2954 2231 3172 2286 missus
3222 2230 3288 2287 ut
3334 2242 3543 2288 omnes
3587 2232 3834 2305 jubeam

2171 2318 2469 2376 abstinere
2500 2319 2781 2374 societate
2832 2319 3084 2375 Protei-ii
3145 2325 3205 2375 et
3259 2316 3836 2378 Chalcedonensium

2171 2422 2395 2477 rerum,
2427 2402 2737 2463 Timotheo
2768 2413 2967 2464 autem
2998 2407 3197 2464 Eluro
3230 2411 3638 2483 episcopatum
3658 2404 3833 2466 Alex-

2171 2490 2489 2555 andrinum
2522 2492 2773 2551 tradere.
2807 2496 2990 2551 Porro
3019 2510 3153 2551 cum
3185 2503 3477 2554 catervam
3518 2498 3830 2556 hominum

2170 2584 2653 2643 tilrbulentorum
2684 2582 2960 2657 mercede
2991 2592 3280 2657 parasset,
3314 2601 3421 2659 per
3450 2589 3829 2659 tyrannidem

2171 2671 2316 2732 solio
2340 2668 2661 2748 episcOpali
2694 2674 2916 2746 potitus
2947 2681 3054 2730 est.
3086 2675 3173 2731 Ita
3204 2677 3306 2747 qui
3338 2677 3652 2734 damnatus
3684 2686 3830 2749 erat,

2171 2783 2204 2822 a
2235 2764 2467 2821 duobus
2498 2760 2794 2819 damnatis
2818 2756 3371 2837 deligitur,ipseque
3395 2766 3690 2839 suffragiis
3708 2784 3830 2824 non

2171 2859 2404 2912 creatus
2435 2850 2677 2909 creandi
2709 2854 2970 2925 episcopi
2993 2855 3095 2926 jus
3123 2852 3258 2910 aliis
3292 2855 3516 2926 tribuit,
3550 2856 3832 2929 baptizat-

2172 2958 2306 3017 que,
2339 2950 2475 2998 cum
2507 2932 2816 3013 presbyter
2848 2957 2970 2996 non
2990 2944 3163 2999 esset.
3192 2936 3355 2999 Idem
3386 2944 3551 3000 rabie
3569 2940 3827 3018 quadam

2171 3030 2381 3092 effreni
2432 3046 2665 3091 sacrum
2725 3031 3048 3089 concilium
3121 3040 3398 3105 quartum
3452 3036 3830 3093 contumeliis

2170 3124 2388 3194 affecit,
2417 3130 2476 3179 et
2507 3123 2838 3180 Proterium
2867 3123 2969 3178 ira:
3014 3120 3227 3179 divina;
3279 3118 3475 3180 locum
3514 3126 3827 3182 cedentem

2170 3232 2425 3288 cumque
2457 3231 2526 3271 eo
2567 3221 2671 3270 sex
2719 3204 2867 3269 alios
2926 3224 3139 3286 magno
3199 3208 3452 3270 Sabbato
3506 3210 3827 3275 interfecit.

2170 3308 2349 3380 Cujus
2376 3312 2589 3377 corpus
2618 3295 2849 3359 factiosi
2880 3314 2987 3375 per
3017 3302 3199 3359 totam
3255 3296 3466 3361 Urbem
3524 3304 3827 3378 raptatum

2169 3393 2645 3451 combusserunt.
2691 3390 2794 3448 lllo
2825 3402 2981 3447 anno
3026 3384 3220 3448 allatm
3272 3397 3412 3448 sunt
3442 3392 3654 3449 Sirmio
3678 3390 3821 3451 reli—

2169 3486 2323 3558 quiae
2353 3485 2499 3539 diVae
2530 3478 2811 3554 martyris
2832 3481 3179 3550 Anastasiaa,
3212 3482 3395 3555 inque
3427 3483 3555 3555 ejus
3598 3484 3817 3558 templo

2168 3574 2472 3647 depositas,
2505 3571 2665 3645 quod
2682 3575 2772 3628 est
2808 3562 2967 3644 apud
2998 3577 3189 3628 rostra
3209 3564 3509 3631 Domnini.

2241 3751 2392 3809 009
2425 3746 2696 3809 Secundo
2718 3758 2878 3807 anno
2930 3748 3042 3807 Leo
3102 3740 3425 3824 imperator
3468 3750 3703 3825 cognita
3732 3754 3824 3808 in-

2158 3844 2327 3917 justa
2349 3842 2602 3898 Proterii
2634 3841 2791 3897 caede
2822 3841 3125 3913 Ailurique
3156 3841 3363 3913 iniqua
3385 3832 3814 3914 designatione,

2165 3931 2335 3987 misit
2357 3932 2457 4003 qui
2489 3929 2743 3986 Proterii
2771 3929 2952 3985 cmdis
3011 3931 3268 3986 consciis
3326 3930 3557 4003 linguas
3590 3933 3821 3987 exscin-

2166 4019 2396 4075 derent.
2427 4019 2697 4074 jElurum
2727 4034 2850 4073 non
2872 4018 3087 4089 puniit,
3104 4018 3333 4089 judicio
3367 4020 3497 4090 ejus
3527 4020 3824 4092 episcopis

2166 4113 2481 4166 reservato.
2515 4106 2732 4163 Eodem
2767 4123 2925 4163 anno
2955 4108 3179 4179 nuptim
3208 4107 3453 4164 fuerunt
3486 4110 3738 4167 Zenonis
3769 4117 3828 4168 et

2161 4199 2436 4256 Ariadnae
2462 4197 2675 4254 Leonis
2697 4195 2857 4251 ﬁlias.

2235 4377 2428 4433 Tertio
2460 4392 2619 4432 anno
2652 4375 2978 4448 imperator
3018 4373 3226 4429 scribit
3281 4375 3355 4430 ad
3393 4376 3660 4433 omnium
3693 4394 3827 4450 pro-

2164 4469 2493 4524 vinciarum
2525 4465 2858 4537 episcopos,
2890 4465 3157 4536 petitque
3195 4470 3443 4521 utsuam
3467 4467 3720 4538 quisque
3753 4468 3825 4524 de

2166 4554 2638 4614 Chalcedonensi
2670 4552 2921 4609 concilio
2953 4559 3011 4608 et
3062 4553 3354 4610 Timothei
3403 4555 3478 4611 ad
3527 4557 3831 4629 episcopa-

2164 4655 2290 4705 tum
2356 4662 2676 4719 progressu
2733 4643 3092 4699 sententiam
3149 4645 3541 4715 perscribant.
3615 4646 3831 4703 Scribit

401 4737 649 4813 ροτονίας
678 4734 732 4790 τί
761 4733 995 4810 λέγοιεν.
1029 4733 1116 4789 Ἐν
1179 4732 1260 4795 οἶς
1317 4732 1408 4787 καὶ
1466 4736 1546 4804 τῷ
1606 4732 1751 4808 ἁγίῳ
1812 4736 2060 4805 Συμεῶνι

2175 4740 2330 4794 inter
2358 4736 2504 4792 alios
2528 4734 2707 4790 etiam
2740 4733 2814 4789 ad
2846 4735 3205 4805 Symeonem
3237 4734 3508 4806 Stylitam
3561 4735 3827 4808 aliosque

398 4833 480 4900 τῷ
511 4824 753 4898 Στυλίτῃ
780 4824 870 4879 καὶ
920 4821 1117 4885 ἄλλοις
1178 4822 1418 4897 Πατράσι
1479 4827 1912 4897 θαυματουργοῖς
1970 4823 2061 4877 καὶ

402 4917 575 4978 ὁσίοις
606 4911 1141 4990 διαμαρτυρόμενος,
1182 4911 1256 4972 ὡς
1312 4915 1392 4983 τῷ
1452 4915 1569 4984 Θεῷ
1609 4915 1716 4966 τῶν
1749 4909 1895 4967 ὅλων
1925 4933 2060 4987 παρ..

403 5008 551 5083 ἐχειν
582 5005 681 5074 τὴν
713 5004 892 5078 κρίσιν
921 5005 1032 5057 τῶν
1073 4994 1611 5076 ἀμφισϐητουμένων
1651 5005 1960 5062 ποιοῦντας.
1993 5001 2060 5058 Οἱ

405 5095 464 5153 δὲ
496 5093 760 5171 παμψηφὶ
794 5090 1121 5171 ὁμοφρόνως
1150 5094 1376 5167 κυροῢσι
1413 5090 1511 5163 μὲν
1571 5091 1671 5159 τὴν
1720 5089 1775 5145 ἒν
1834 5089 2058 5161 Χαλκη-

403 5183 520 5241 δόνι
554 5182 708 5259 ἁγίαν
722 5178 958 5237 σύνοδον
991 5183 1147 5249 εἶναι,
1174 5180 1265 5235 καὶ
1298 5179 1389 5235 τὸν
1426 5179 1516 5234 ὑπ’
1571 5178 1743 5249 αὐτῆς
1785 5178 2062 5235 ἐκτεθέντα

401 5276 534 5350 ὅρον
569 5269 961 5348 ἀποδέχονται,
995 5268 1266 5343 Τιμοθέου
1299 5265 1357 5324 δὲ
1408 5270 1716 5348 συμφώνως
1757 5270 2065 5347 καταψηφί-

404 5363 690 5436 ζονταιὼς
720 5360 928 5441 φονέως
971 5359 1062 5415 καὶ
1118 5359 1394 5435 αἱρετικοῦ
1452 5356 1510 5412 δν
1568 5358 1658 5412 καὶ
1715 5357 1967 5433 ἐξώρισεν
2032 5361 2061 5415 ὁ

406 5451 664 5532 βασιλεὺς
718 5450 794 5511 εἷς
851 5449 1116 5524 Γάγγραν.
1174 5447 1345 5504 Κάκεῖ
1412 5442 1469 5501 δὲ
1526 5448 1846 5525 συναγωγὰς
1900 5447 2061 5524 ἀρξά-

403 5564 563 5618 μενος
620 5546 795 5598 ποιεῖν
857 5538 1152 5613 ἐξορίζεται
1213 5536 1266 5593 ἐν
1335 5538 1601 5609 Χερσῶνι.
1659 5536 1932 5610 Τιμόθεος
2006 5536 2064 5594 δὶ

401 5631 577 5695 ἄλλος
610 5632 639 5686 ὀ
699 5629 929 5700 ἐπίκλην
990 5627 1193 5689 Λευκὸς
1248 5627 1339 5681 καὶ
1402 5623 1844 5705 Σαλοφακίολος,
1906 5628 2064 5704 ὀρθόι

403 5720 563 5793 δοξος
594 5724 680 5794 [Pl
706 5722 832 5793 348]
857 5718 947 5773 καὶ
978 5717 1175 5792 ἀγαθὸς
1205 5714 1345 5789 ἀνὴρ
1378 5714 1664 5791 ὑπάρχων,
1703 5715 1807 5771 ὑπὸ
1844 5716 2060 5772 πάντων

406 5809 742 5890 φιλούμενος
772 5809 1165 5889 χειροτονεῖται
1198 5800 1612 5880 Ἀλεξανδρείας
1637 5802 1956 5870 ἐπίσκοπος.

2172 4827 2459 4884 miriﬁcos
2488 4829 2548 4880 et
2578 4829 2815 4879 sanctos
2861 4823 3087 4894 Patres,
3143 4823 3447 4881 obtestans
3504 4830 3570 4881 ut
3616 4826 3699 4881 ita
3756 4825 3829 4882 de

2173 4915 2568 4974 controversis
2601 4915 2780 4970 rebus
2804 4912 3103 4985 judicium
3135 4914 3426 4982 facerent,
3479 4922 3542 4971 ut
3574 4916 3674 4988 qui
3707 4917 3825 4971 Deo

2171 5007 2466 5062 rationem
2482 5008 2685 5059 essent
2712 5002 3027 5060 reddituri.
3064 5003 3156 5058 Illi
3182 5020 3313 5058 vero
3340 5020 3459 5059 uno
3491 5021 3697 5060 omnes
3711 5004 3833 5059 sui;

2170 5098 2354 5170 fragio
2387 5100 2446 5150 et
2466 5110 2644 5149 sensu
2674 5092 3165 5149 Chalcedonense
3199 5093 3519 5148 concilium
3552 5092 3830 5163 probant,

2172 5184 2547 5241 Timotheum
2579 5181 2887 5237 homicidii
2928 5198 2996 5236 ac
3052 5181 3348 5235 haereseos
3403 5179 3827 5237 condemnant.

2173 5277 2320 5329 Eum
2347 5274 2672 5344 imperator
2705 5271 2995 5343 Gangram
3040 5268 3340 5341 relegavit.
3397 5268 3508 5323 Sed
3565 5285 3698 5323 cum
3748 5270 3830 5325 ibi

2176 5374 2414 5435 quoque
2473 5364 2798 5416 conVentus
2884 5372 3056 5429 agere
3116 5356 3408 5427 cmpisset,
3469 5357 3831 5415 Chersonem

2174 5452 2540 5524 deportatur.
2567 5449 2734 5503 Alius
2766 5450 2965 5501 autem
3007 5446 3371 5512 Timotheus,
3440 5454 3832 5518 cognomento

2173 5542 2360 5598 Albus
2401 5546 2459 5595 et
2490 5534 2954 5610 Salophaciolus,
2990 5535 3078 5589 vir
3107 5534 3299 5589 bonus
3331 5539 3390 5588 et
3446 5535 3519 5590 de
3548 5537 3835 5606 religione

2173 5635 2333 5686 recte
2365 5628 2631 5685 sentiens
2652 5623 3050 5695 omnibusque
3091 5622 3329 5691 Charus,
3388 5623 3831 5683 Alexandrinus

2174 5720 2486 5791 episcopus
2517 5717 2770 5770 creatur.
