4144 6416
316 457 435 516 663

1640 433 1953 496 GEORGII
2002 434 2356 495 CEDRENI

3623 438 3745 497 664

387 587 608 651 Quarto
639 597 797 637 anno
824 580 1079 651 Symeon
1129 574 1365 645 Stylites
1423 570 1695 635 moritur,
1740 566 1969 638 primus

2157 567 2248 635 Τῷ
2279 561 2321 618 δ’
2352 560 2457 619 ἔτει
2489 565 2516 618 6
2546 572 2648 636 τῆς
2679 562 2920 642 μάνδραις
2982 564 3252 635 Στυλίτης
3287 563 3451 640 μέγας
3512 566 3742 636 Συμεὼν

320 676 496 731 istius
523 674 657 728 vita)
687 670 925 742 generis
955 667 1251 721 inventor.

392 853 611 918 Quinto
677 866 832 905 anno
890 843 1233 901 incendium
1286 840 1449 912 Cpoli
1506 839 1639 904 fuit,
1690 855 1723 894 a
1779 837 1975 894 navali

320 949 515 999 ortum
546 946 604 995 et
632 950 1008 1010 progressum
1044 933 1198 989 610
1228 946 1411 1001 asque
1466 929 1542 984 ad
1592 928 1782 983 aedem
1815 928 1973 982 beati

321 1036 558 1088 Thomas
598 1032 935 1083 Amantum.
996 1023 1328 1079 Marcianus
1385 1026 1583 1075 autem
1626 1023 1978 1090 procurator

318 1120 506 1193 Magni
550 1117 800 1189 Templi,
858 1131 993 1169 cum
1052 1113 1255 1167 fanum
1344 1115 1564 1164 sanctae
1620 1112 1974 1163 Anastaseos

316 1226 509 1280 nuper
538 1205 949 1269 exstruxisset,
983 1203 1094 1256 hoc
1126 1201 1198 1256 ab
1232 1198 1510 1255 incendio
1540 1197 1809 1264 servavit,
1838 1211 1973 1250 cum

316 1296 631 1370 Evangelio
663 1301 722 1350 et
743 1294 946 1349 suffita
975 1290 1280 1353 adhibitis,
1315 1288 1389 1344 ad
1411 1287 1638 1358 tegulas
1668 1285 1975 1341 ascendis-

316 1392 406 1441 set
434 1387 742 1454 Deumque
762 1381 1043 1452 lacrymis
1064 1378 1527 1450 placasset.Nam
1546 1375 1604 1429 id
1630 1374 1973 1429 incendium

316 1474 638 1532 admodum
684 1470 951 1535 invaluit,
985 1468 1056 1523 ad
1103 1473 1298 1522 ortum
1329 1483 1363 1522 a
1393 1465 1586 1521 navali
1642 1463 1974 1535 profectum

322 1580 513 1634 usque
545 1561 619 1617 ad
650 1561 856 1616 fanum
912 1557 1158 1612 Joannis
1206 1554 1478 1619 Mendici,
1539 1552 1696 1623 quod
1772 1556 1863 1606 est
1900 1551 1975 1606 ad

327 1667 624 1719 occasum,
650 1649 724 1704 ab
757 1652 957 1703 austro
988 1645 1185 1701 media
1214 1643 1380 1709 urbe,
1414 1660 1449 1697 a
1480 1643 1648 1698 Lausi
1682 1657 1867 1712 usque
1900 1639 1974 1695 ad

320 1743 577 1796 Taurum
620 1738 823 1794 omnia
867 1736 1212 1807 depascens.
1248 1732 1553 1803 Praecipua
1610 1736 1670 1786 et
1725 1729 1972 1799 reliquis

319 1828 738 1902 praastantiora
784 1843 914 1897 quas
974 1841 1042 1879 eo
1099 1821 1374 1878 incendio
1445 1821 1775 1893 perierunt,
1835 1822 1976 1874 sunt

319 1919 484 1974 curia
515 1916 775 1972 maxima
814 1915 877 1968 in
906 1914 1034 1969 foro
1066 1910 1459 1978 Constantini,
1485 1911 1655 1965 aereis
1690 1908 1967 1979 imagini-
2000 1936 2047 2005 Β

320 2007 431 2062 bus
457 2011 516 2061 et
534 2004 954 2077 porphyretico
985 2000 1183 2072 lapide
1206 2005 1433 2068 ornata,
1469 2000 1528 2054 in
1547 2015 1663 2070 qua
1677 2002 1736 2053 et
1753 1997 1969 2052 delecti

324 2096 659 2152 consultare
712 2092 1004 2159 solebant,
1054 2096 1113 2145 et
1171 2091 1499 2160 imperator
1554 2087 1818 2142 intrabat
1871 2086 1974 2140 ubi

319 2185 699 2240 consularem
728 2186 951 2236 vestem
982 2179 1337 2250 sumpsisset
1367 2194 1381 2244 ;
1406 2178 1548 2231 item
1577 2175 1972 2246 Nympheum,

324 2291 355 2329 e
376 2273 615 2345 regione
647 2273 827 2343 hujus
850 2270 1028 2325 curim
1061 2268 1331 2337 situm,in
1363 2284 1479 2337 quo
1508 2266 1729 2321 fiebant
1752 2265 1974 2336 nuptias

323 2378 530 2418 eorum
555 2361 656 2431 qui
687 2358 962 2415 domibus
990 2356 1309 2422 carebant;
1341 2356 1484 2410 item
1533 2354 1648 2409 alia
1698 2354 1759 2408 in
1786 2356 1974 2408 Tauro

319 2452 485 2506 curia
512 2450 758 2505 delectis
788 2446 1165 2503 senatoribus
1187 2450 1246 2500 et
1274 2445 1618 2517 imperatori
1642 2459 1976 2499 accommo-

321 2542 479 2610 data,
511 2558 647 2595 cum
704 2539 743 2593 ii
787 2555 855 2594 eo
912 2538 1296 2593 convenirent
1351 2536 1422 2590 de
1476 2535 1652 2589 rebus
1699 2532 1977 2606 gerendis

322 2630 743 2697 consultatum,
777 2629 1103 2699 imperator
1145 2626 1206 2680 in
1264 2629 1424 2679 veste
1451 2623 1748 2679 consulari
1773 2622 1976 2694 praesi-

320 2721 507 2776 deret.
541 2718 824 2790 Imposita
853 2717 965 2772 fuit
1000 2720 1064 2770 l2
1094 2716 1270 2770 variis
1301 2714 1599 2769 columnis
1621 2713 1692 2768 de
1722 2712 1975 2783 Trojano

319 2808 683 2882 lapide.altis
713 2806 1001 2879 pedes25:
1035 2822 1117 2861 ea)
1147 2804 1219 2860 ab
1251 2803 1433 2859 austri
1466 2808 1524 2857 et
1555 2802 1976 2874 septentrionis

316 2905 484 2972 parte
518 2896 893 2952 sustinebant
925 2894 1266 2959 aediﬁcium,
1298 2893 1371 2948 ad
1403 2898 1596 2948 ortum
1622 2896 1680 2946 et
1699 2907 1976 2946 occasum

315 2986 645 3042 fornicibus
676 2983 1174 3039 sulTultum.,Fuit
1202 2981 1574 3053 longitudine
1608 2979 1825 3051 pedum
1848 2981 1974 3049 240,

310 3075 625 3133 latitudine
658 3077 746 3130 84.
780 3073 1023 3145 Templa
1054 3088 1294 3143 quoque
1338 3070 1655 3141 absumpta
1687 3075 1827 3124 sunt
1858 3069 1975 3125 duo

312 3166 592 3232 maxima,
625 3163 820 3219 omnis
850 3162 1088 3235 generis
1136 3159 1435 3232 lapidibus
1489 3164 1795 3224 exornata,
1829 3159 1976 3213 alte-

310 3272 444 3311 rum
492 3252 802 3324 Tetrapylo
859 3252 1006 3306 6H
1066 3250 1354 3315 vicinum,
1406 3248 1661 3304 alterum
1719 3249 1782 3302 in
1838 3248 1966 3301 foro

2085 652 2381 727 ἐκοιμήθη,
2440 660 2660 729 πρῶτος
2719 652 3033 724 καταδείξας
3093 657 3195 725 τήν
3253 656 3511 726 τοιαύτην
3567 652 3738 727 ἄσκη-

2084 762 2185 798 σιν.

2154 834 2244 903 Τῷ
2273 832 2311 886 ε’
2341 825 2446 886 ἔτει
2476 832 2694 908 γέγονεν
2718 830 3116 908 ἐμπρησμὸςέν
3142 831 3735 889 Κωνσταντινουπόλει·

2083 920 2381 994 ἀρξάμενος
2414 920 2521 975 ἀπὸ
2549 925 2647 976 τοῦ
2679 922 2906 995 νεωρίου
2934 921 3029 976 καὶ
3058 919 3261 998 φθάσας
3291 918 3399 984 ἓως
3418 927 3516 977 τοῦ
3549 923 3738 999 Ἀγίου

2083 1013 2255 1083 Θωμᾶ
2283 1014 2393 1065 τῶν
2426 1009 2733 1083 Ἀμάντων.
2765 1012 3081 1086 Μαρκιανὸς
3135 1009 3194 1065 δὲ
3249 1011 3277 1066 6
3310 1011 3607 1085 οἰκονόμος
3639 1020 3740 1083 τῆς

2082 1099 2345 1176 Μεγάλης
2408 1101 2762 1173 Ἐκκλησίας,
2816 1103 2908 1156 τὸν
2953 1103 3081 1157 ναὸν
3146 1100 3332 1162 κτίσας
3388 1109 3488 1171 τῆς
3550 1104 3741 1176 Ἀγίας

2083 1190 2481 1259 Ἀναστάσεως,
2521 1188 2600 1245 ἔτι
2639 1189 2756 1245 νέον
2814 1189 2946 1245 ὄντα
3000 1194 3194 1247 τοῦτον
3254 1196 3352 1244 τοῦ
3409 1189 3742 1266 ἐμπρησμοῦ

2082 1275 2404 1349 διεσώσατο,
2435 1278 2678 1343 ἀνελθὼν
2712 1279 2787 1342 είς
2814 1280 2878 1335 τὸ
2899 1278 3160 1355 κεράμιον
3196 1280 3331 1354 μετὰ
3389 1279 3743 1357 Εὐαγγελίου

2080 1368 2173 1422 καὶ
2205 1373 2493 1443 θυμιατοῦ,
2523 1370 2614 1424 καὶ
2679 1371 2769 1425 τὸν
2821 1372 2949 1425 Θεὸν
2985 1366 3239 1445 δάκρυσιν
3285 1369 3742 1443 ἐξιλεωσάμενοςυ

2084 1454 2305 1534 Σφόδρα
2336 1459 2442 1534 γὰρ
2489 1456 2703 1532 ἐκράτει
2759 1460 2787 1513 6
2834 1457 3168 1533 ἐμπρησμὸς
3213 1459 3390 1520 οὗτος
3450 1461 3586 1514 κατά
3647 1462 3742 1534 μὲν

2079 1548 2182 1623 γάρ
2214 1546 2487 1608 ἀνατολὰς
2520 1547 2627 1602 ἀπὸ
2651 1552 2753 1602 τοῦ
2796 1549 3030 1623 νεωρίου
3075 1546 3518 1621 ἐπεκτεινόμενος
3576 1551 3743 1624 μέχρι

2080 1640 2180 1691 τοῦ
2215 1636 2404 1701 Ἀγίου
2434 1637 2690 1693 Ἰωάννου
2721 1640 2818 1693 τοῦ
2877 1642 3118 1717 Πτωχοῦ
3173 1639 3309 1713 πρὸς
3358 1636 3533 1707 δύσιν,
3565 1638 3652 1694 ἐπὶ
3687 1638 3745 1695 δὲ

2086 1722 2438 1803 μεσημϐρίας
2468 1726 2522 1782 ἐν
2554 1732 2624 1801 τῇ
2650 1726 2816 1803 ,μέσῃ
2875 1735 2976 1798 τῆς
3016 1728 3237 1792 πόλεως
3297 1730 3402 1784 ἀπὸ
3433 1735 3541 1785 τῶν
3596 1730 3742 1785 Λαύ-

2083 1835 2181 1869 σου
2243 1817 2413 1895 μέχρι
2469 1820 2567 1871 τοῦ
2620 1815 2832 1891 Ταύρου
2885 1818 3056 1872 πάντα
3093 1817 3533 1893 κατελυμήνατο.
3580 1825 3739 1895 Περι-

2080 1913 2222 1981 φανῆ
2259 1903 2315 1962 δὲ
2347 1906 2574 1961 καὶτῶν
2615 1905 2805 1963 ἄλλων
2864 1904 3189 1985 διαφέροντα
3220 1909 3282 1965 τὸ
3338 1914 3447 1983 πῦρ
3504 1912 3739 1966 κατανά-

2082 1994 2258 2051 λωσεν
2318 1994 2371 2051 ἐν
2429 1996 2525 2071 μὲν
2582 2001 2663 2069 τῷ
2717 1997 3125 2053 Κωνσταντίνου
3178 1997 3332 2074 φόρῳ
3374 2001 3526 2054 οἷκον
3591 2000 3743 2076 μέγι-

2084 2106 2208 2141 στον
2268 2087 2490 2141 σενάτου
2546 2085 2912 2159 καλούμενον,
2973 2086 3033 2142 ἐκ
3081 2088 3307 2162 χαλκῶν
3365 2089 3588 2143 εἰκόνων
3649 2090 3736 2144 καὶ

2081 2181 2378 2253 πορφυρῶν
2411 2174 2581 2241 λίθων
2631 2174 3158 2251 διακεκοσμημένον,
3222 2177 3273 2233 ἐν
3333 2180 3483 2254 ᾧπερ
3539 2180 3632 2234 καὶ
3694 2202 3746 2242 Οι

2084 2263 2313 2339 λογάδες
2363 2260 2722 2321 ἐϐουλεύοντο
2780 2266 2868 2322 καὶ
2929 2268 2956 2321 ὁ
3022 2266 3278 2342 βασιλεὺς
3338 2267 3533 2343 είσῂει,
3590 2271 3749 2339 ἡνίκα

2085 2354 2353 2422 ὑπατικὴν
2384 2348 2550 2410 ἔλαϐε
2580 2353 2806 2425 στολὴν,
2866 2356 2956 2411 καὶ
3013 2358 3077 2411 τὸ
3134 2363 3413 2435 νυμςιαῖον
3468 2359 3530 2413 τὸ
3586 2358 3753 2414 τοῦδε

2081 2446 2179 2497 τοῦ
2239 2442 2393 2496 οἲκου
2447 2442 2693 2517 κείμενον
2743 2442 2986 2519 ἀντικρὺ,
3047 2443 3098 2499 ἐν
3128 2446 3276 2520 ᾧπερ
3320 2447 3371 2500 οί
3402 2446 3575 2520 γάμοι
3634 2447 3748 2521 ἐγί·’

2082 2551 2244 2585 νοντο
2308 2536 2416 2586 τῶν
2476 2530 2575 2587 οὐκ
2634 2532 2874 2607 ἐχόντων
2937 2532 3145 2597 οἴκους·
3197 2534 3251 2588 ἐν
3304 2532 3362 2589 δὲ
3420 2540 3498 2608 τῷ
3554 2537 3746 2612 Ταύρῳ

2086 2622 2236 2675 οἷκον
2268 2620 2357 2675 καὶ
2390 2620 2551 2675 αὐτὸν
2589 2627 2707 2684 τοῖς
2741 2620 2941 2698 λογάσι
2990 2622 3081 2677 καὶ
3138 2628 3219 2695 τῷ
3275 2622 3498 2699 βασιλεῖ
3552 2624 3747 2697 ἐπιτη-

2086 2706 2248 2779 δειον,
2276 2714 2393 2770 τοῖς
2437 2711 2533 2783 μὲν
2594 2712 2671 2772 εἷς
2728 2709 2791 2766 τὰ
2846 2712 3080 2767 συνιέναι
3136 2712 3227 2767 καὶ
3288 2715 3413 2789 περί
3469 2718 3577 2769 τῶν
3606 2736 3744 2788 πρα-

2082 2796 2252 2854 κτέων
2281 2797 2620 2869 διασκοπεῖν,
2651 2804 2730 2872 τῷ
2761 2798 2818 2856 δὲ
2849 2800 2902 2855 ἐν
2955 2804 3025 2875 τῇ
3085 2799 3276 2874 ῦπάτῳ
3334 2804 3745 2877 προκαθημένῳ

2087 2887 2291 2963 βουλῇ,
2350 2887 2403 2942 ἐν
2446 2887 2766 2945 δυοκαίδεκα
2820 2889 3101 2953 ποικίλοις

2087 2978 2269 3043 λίθου,
2312 2978 2473 3034 πέντε
2527 2980 2618 3034 καὶ
2677 2980 2850 3035 ε’ἰκοσι
2907 2977 3094 3035 ποδῶν

2086 3087 2243 3142 ρουσι
2328 3064 2388 3122 δε
2459 3070 2560 3137 τήν
2620 3069 2815 3140 στέγην
2892 3063 2953 3124 ἔκ
3029 3090 3088 3123 τε
3152 3069 3331 3125 νοτίου
3378 3070 3469 3125 καὶ
3528 3072 3749 3146 βορείου

2084 3156 2327 3232 πλευροῦ
2359 3158 2451 3212 σὺν
2500 3163 2618 3221 τοῖς
2683 3160 2811 3233 παρ’
2873 3157 3098 3234 ἑκάτερα
3154 3161 3293 3214 κατὰ
3337 3161 3400 3215 τὸ
3430 3159 3748 3215 ἀνατολικὸν

2082 3245 2170 3301 καὶ
2201 3244 2414 3301 δυτικὸν
2448 3245 2695 3320 ψαλίσιν,
2728 3246 2790 3301 οῦ
2817 3248 2880 3303 τὸ
2924 3247 3020 3320 μὶν
3057 3255 3233 3321 μῆκος
3283 3256 3371 3322 σμ’
3424 3247 3607 3304 ποδῶν
3666 3251 3750 3311 τὸὶ

3151 2891 3325 2946 κίοσιν
3383 2892 3442 2947 ἐκ
3493 2895 3746 2965 Τρωϊκῆς

3152 2978 3372 3036 ἔχουσιν
3432 2981 3587 3055 ὕψος,
3650 2983 3715 3054 φέ
3733 3016 3747 3025 -

539 3308 691 3408 Quin
707 3308 781 3397 vet
810 3340 924 3396 alia
953 3339 1144 3395 multa
1189 3308 1351 3411 ignis,
1390 3338 1654 3402 vastavit,
1687 3342 1753 3392 ut
1779 3337 1969 3408 porti-

2088 3333 2138 3389 δὲ
2166 3333 2373 3397 πλάτος
2414 3333 2500 3391 πδ¹
2531 3337 2620 3405 ἦν·
2656 3336 2747 3391 καὶ
2803 3341 2913 3392 τῶν
2945 3337 3108 3411 ἰερῶν
3168 3336 3226 3393 δὲ
3288 3340 3434 3393 οἴκοι
3498 3339 3745 3413 μέγιστοι

315 3450 439 3499 cus,
470 3436 684 3498 rostra,
716 3431 864 3495 fora,
898 3429 1125 3494 domos,
1159 3444 1194 3483 a
1228 3427 1376 3482 mari
1407 3443 1595 3497 usque
1653 3425 1727 3481 ad
1783 3442 1971 3493 mare,

312 3537 503 3591 usque
530 3519 604 3574 ad
652 3518 842 3574 eadem
891 3523 1232 3573 sanctorum
1290 3523 1616 3587 martyrum
1677 3514 1862 3586 Sergii
1920 3522 1977 3569 et

317 3609 551 3665 Bacchi.

2083 3422 2201 3492 δύο,
2235 3421 2732 3500 διακεκοσμημένοι
2771 3425 3049 3488 παντοίοις
3079 3425 3279 3496 λίθοις,
3329 3429 3404 3483 ὧν
3443 3430 3470 3482 ὁ
3507 3430 3601 3501 μὲν
3648 3432 3745 3483 τοῦ

2083 3512 2427 3588 τετραπυόλου
2458 3514 2523 3568 ού
2581 3513 2774 3590 πόρῥω
2825 3512 3113 3589 ἐτύγχανεν
3168 3513 3261 3585 ὣν,
3323 3517 3350 3569 6
3411 3513 3468 3570 δὲ
3525 3521 3593 3591 τῇ
3650 3521 3747 3571 τοῦ

2091 3602 2308 3675 Ταύρου
2340 3601 2565 3658 ἐνέκειτο
2594 3602 2787 3679 ἀγορᾶ.
2847 3605 2944 3660 Καὶ
3003 3601 3148 3659 ἄλλα
3203 3603 3392 3660 πολλᾶ
3436 3605 3748 3679 κατελυμη-

320 3717 451 3753 νατο
479 3695 543 3749 τὸ
564 3698 694 3769 πῦρ,
728 3696 847 3749 οἷον
882 3695 1043 3755 στοάς
1075 3688 1360 3766 ἐμϐόλων,
1393 3691 1597 3768 ἀγορὰς
1632 3691 1718 3747 καὶ
1752 3691 1993 3762 οἰκήσεις
2024 3690 2131 3745 άπὸ
2167 3689 2445 3762 θαλάσσης
2476 3686 2580 3754 ἕως
2611 3690 2913 3763 θαλάσσης,
2945 3689 3080 3767 ἄχρι
3110 3697 3209 3749 τοῦ
3240 3698 3372 3749 ναοῦ
3400 3700 3507 3749 τῶν
3543 3696 3746 3770 Ἀγίων

325 3805 618 3861 μαρτυρων
657 3784 886 3859 Σεργίου
917 3783 1009 3837 καὶ
1043 3781 1285 3839 Βάκχου.

390 3930 564 3985 Sexto
598 3945 754 3984 anno
810 3928 1020 4000 pictori
1074 3928 1309 3984 cuidam
1367 3944 1641 3999 aggresso
1682 3928 1982 3984 Christum

320 4022 513 4076 forma
539 4019 693 4075 Iovis
739 4018 982 4091 pingere
1013 4035 1227 4074 manus
1260 4018 1511 4074 exaruit.
1570 4019 1718 4072 Eum
1752 4018 1983 4074 facinus

321 4109 662 4164 confessum
693 4108 1033 4164 Gennadius
1063 4107 1341 4180 precibus
1395 4107 1518 4162 suis
1571 4108 1818 4163 sanavit.
1852 4107 1987 4173 Qui-

327 4200 464 4255 dam
494 4199 764 4255 historici
798 4199 1028 4253 Christo
1088 4197 1423 4253 attribuunt
1453 4214 1620 4253 raros
1667 4202 1724 4253 et
1755 4199 1983 4269 crispos

328 4289 541 4345 crines.
603 4289 657 4343 Is
698 4288 1039 4343 Gennadius
1072 4294 1252 4343 noctu
1306 4287 1379 4343 ad
1437 4287 1622 4343 altare
1682 4293 1982 4359 spectrum

326 4378 615 4434 daemonis
646 4377 830 4444 vidit;
890 4393 1067 4448 quem
1127 4393 1263 4431 cum
1322 4377 1712 4447 increpasset,
1760 4376 1983 4431 audivit

322 4466 746 4522 vociferantem
772 4481 932 4520 nunc
972 4482 1033 4520 se
1067 4465 1118 4519 ei
1140 4464 1359 4519 viventi
1391 4464 1764 4535 cedere,post
1793 4464 1981 4535 ipsius

324 4559 581 4609 mortem
610 4555 816 4624 utique
838 4553 1056 4625 templo
1089 4553 1616 4625 potiturum.ldem
1642 4552 1980 4608 Gennadius

326 4642 609 4698 clericum
642 4642 962 4712 quemdam
984 4642 1104 4697 fani
1139 4644 1194 4697 S.
1227 4642 1553 4697 Eleutherii
1593 4641 1747 4697 male
1784 4642 1978 4697 viven-

326 4737 447 4788 tem
480 4748 615 4786 cum
638 4748 795 4803 smpe
826 4732 1215 4805 objurgasset,
1236 4748 1431 4804 neque
1458 4737 1656 4787 tamen
1680 4730 1986 4786 inflectere

324 4826 547 4894 posset,
580 4837 706 4875 rem
739 4820 811 4876 ad
839 4821 897 4877 S.
948 4821 1355 4878 Eleutherium
1378 4820 1753 4888 detulit,eum
1784 4821 1843 4875 in
1876 4837 1982 4877 suo

326 4910 551 4983 templo
573 4911 882 4983 cujusdam
914 4911 1173 4967 ministri
1192 4910 1323 4981 ejus
1345 4926 1526 4982 opera
1546 4911 1628 4965 sic
1648 4911 1980 4981 alloquens,

328 5001 464 5056 Dive
497 5005 722 5071 martyr
749 4999 1177 5063 Eleutheri,aut
1199 4998 1426 5071 corrige
1457 4998 1739 5055 clericum
1760 5005 1929 5054 tuum
1966 5016 1979 5053 :

326 5094 430 5144 aut
460 5089 759 5145 exscinde.
779 5088 941 5143 lllico
964 5088 1218 5143 clericus
1233 5087 1800 5159 exspiravit.Eodem
1825 5105 1981 5144 anno

328 5177 567 5233 Studius
597 5176 889 5249 templum
918 5176 1164 5231 Joannis
1185 5176 1462 5246 Baptista;
1486 5176 1983 5246 condidit,mona—

2166 3928 2259 3996 Τῷ
2297 3926 2342 3988 ς’
2397 3919 2502 3980 ἔτει
2558 3925 2845 4004 ζωγράφου
2898 3926 3046 3987 τινὸς
3100 3926 3193 3981 τὸν
3253 3933 3487 4001 Σωτῆρα
3535 3928 3751 4001 γράψα-

2090 4013 2471 4085 τολμήσαντος
2528 4014 2646 4067 καθ’
2708 4014 3015 4086 ὁμοιότητα
3070 4018 3167 4069 τοῦ
3227 4016 3351 4076 Διὸς
3389 4014 3653 4090 ἐξηράνθη
3711 4017 3746 4085 ἡ

2096 4101 2220 4175 χείρ
2253 4102 2311 4157 δν
2358 4102 2777 4178 ἐξαγορεύσαντα
2837 4100 2908 4157 δι’
2966 4103 3139 4173 εὐχῆς
3198 4103 3385 4159 ἰάσατο
3452 4102 3762 4166 Γεννάδιος-

2093 4192 2236 4246 Φασί
2277 4188 2335 4246 δέ
2363 4212 2502 4253 τινες
2529 4196 2639 4247 τιῖν
2672 4192 2963 4267 ἱστορικῶν
2999 4192 3082 4246 ὅτι
3112 4193 3176 4247 τὸ
3236 4192 3402 4249 οὖλον
3443 4196 3530 4249 καὶ
3567 4193 3752 4269 ὀλιγό-

2091 4299 2287 4355 τριχον
2320 4287 2515 4355 σχῆμα
2572 4278 2660 4335 ἐπὶ
2716 4285 2813 4335 τοῦ
2870 4288 3133 4357 Σωτῆρος
3194 4282 3523 4357 οἰκειότερόν
3581 4283 3755 4340 ἐστιν.

2090 4366 2262 4431 Οὗτος
2291 4371 2320 4424 6
2352 4367 2634 4431 Γεννάδιος
2664 4374 2733 4444 τῇ
2764 4371 2916 4425 νυκτὶ
2974 4369 3027 4424 ἐν
3084 4376 3165 4444 τῷ
3224 4373 3597 4447 θυσιαστηρίῳ
3647 4372 3763 4428 εἶδε

2091 4459 2380 4537 φάντασμα
2464 4456 2775 4527 δαιμονίου,
2862 4460 2908 4532 ᾦ
2995 4461 3085 4515 καὶ
3143 4460 3475 4533 ἐπιτιμήσας
3522 4463 3753 4532 ἤκουσεν

2089 4547 2254 4602 αὐτοῦ
2310 4548 2613 4622 κράζοντος
2668 4547 2743 4610 ὡς
2801 4546 2970 4604 αὐτοῦ
3058 4550 3153 4623 μὲν
3211 4554 3415 4619 ζῶντος
3474 4548 3752 4618 ἒνδίδωσι,

2101 4640 2236 4715 μετᾶ
2265 4639 2322 4695 δὲ
2354 4641 2582 4705 θάνατον
2613 4641 2780 4695 αὐτοῦ
2810 4644 3069 4717 κρατήσει
3099 4642 3316 4705 πάντως
3374 4651 3477 4713 τῆς
3508 4643 3750 4715 Ἐκκληε

2094 4730 2235 4792 σίας.
2269 4729 2443 4792 Οὗτος
2474 4730 2502 4784 ὀ
2532 4727 2815 4795 Γεννάδιος
2843 4728 3098 4803 κληρικῷ
3130 4733 3242 4806 (75)
3302 4740 3404 4803 τῆς
3454 4731 3749 4803 ἐκκλησίας

2090 4823 2189 4874 τοῦ
2211 4818 2396 4895 Ἀγίου
2429 4818 2770 4894 Ἐλευθερίου
2825 4819 3039 4893 ἀτάκτῳ
3095 4817 3209 4875 ὄντι
3266 4820 3539 4884 πολλάκις
3596 4822 3746 4878 ἐνου-

2093 4908 2254 4972 θέτει.
2288 4909 2437 4962 Ἐπεὶ
2479 4904 2537 4962 δὲ
2566 4908 2729 4962 αὐτὸν
2772 4907 2983 4981 κάμψαι
3044 4910 3143 4963 οὐκ
3188 4909 3405 4982 ἲσχυσε,
3447 4910 3615 4981 δηλοῖ
3669 4917 3747 4984 τῷ

2091 4996 2228 5071 ἁγίῳ
2258 4995 2612 5070 Ἐλευθερίῳ,
2641 4996 2693 5051 ἐν
2724 5001 2803 5069 τῷ
2832 5001 2943 5068 ναῷ
2970 4998 3136 5052 εἰπὼν
3169 4995 3259 5053 διά
3291 5002 3377 5072 [Ρ.
3413 5003 3538 5072 349]
3595 5023 3743 5067 τινος

2088 5091 2197 5141 τῶν
2227 5087 2684 5161 ὑπηρετουμένων
2736 5085 2907 5158 αὐτῷ’
2939 5087 3100 5162 Ἀγιε
3161 5089 3371 5164 μάρτυρ
3423 5088 3748 5160 Ἐλευθὲριε,

2089 5176 2125 5245 ἢ
2149 5174 2447 5252 διόρθωσαι
2476 5177 2569 5232 τὸν
2597 5174 2865 5251 κληρικόν
2900 5197 3017 5244 σου,
3050 5178 3084 5247 ἢ
3140 5175 3370 5251 ἔκκοψον
3430 5180 3612 5236 αὐτόν.
3652 5182 3747 5237 Καὶ

1531 5346 1893 5402 XYLANDRI
1932 5347 2019 5402 ET
2056 5347 2272 5404 GOARl
2313 5348 2535 5403 NOTAE.

400 5536 515 5608 (_75_)
543 5533 753 5608 Clerici
780 5551 1000 5590 nomen
1033 5536 1190 5608 apud
1221 5538 1454 5591 Graecos
1485 5551 1604 5589 non
1627 5535 1979 5608 adipiscitur

330 5603 521 5679 quivis
549 5604 707 5679 clero
730 5603 1199 5679 cooptatus—sed
1250 5609 1302 5662 is
1335 5611 1565 5662 tantum
1598 5607 1698 5677 qui
1730 5603 1978 5679 dignita-

333 5678 450 5755 tem
479 5675 570 5755 vel
596 5675 946 5755 officiuniin
972 5679 1228 5755 Ecclesia
1258 5679 1506 5755 obtinet.
1546 5675 1690 5733 Hinc
1724 5675 1977 5755 percipis

331 5747 431 5813 qui
455 5747 573 5800 sint
603 5747 952 5816 patriarchm
986 5750 1210 5814 clerici,
1269 5749 1353 5803 illi
1411 5765 1624 5821 nempe
1657 5747 1759 5820 qui
1820 5747 1975 5805 circa

2079 5535 2249 5590 illum
2281 5535 2482 5609 aliquo
2504 5535 2923 5609 Adefunguntur
2944 5537 3162 5609 officio,
3188 5556 3221 5593 a
3253 5555 3368 5609 quo
3410 5542 3740 5596 monachus

2077 5609 2275 5662 omnis
2307 5607 2665 5679 excluditur,
2702 5607 2956 5679 eumque
2989 5608 3130 5663 licet
3149 5607 3310 5664 clero
3335 5620 3741 5668 annumerent

2077 5680 2261 5752 Graeci
2317 5678 2632 5752 doctiores,
2685 5678 2971 5752 clericum
3006 5685 3206 5736 tamen
3254 5698 3550 5752 nusquam
3605 5701 3737 5740 esse

2077 5751 2166 5806 vel
2198 5750 2530 5822 nuncupari
2564 5750 2919 5806 concedunt.
2954 5752 3128 5806 Goan.
