4144 6428
388 432 509 492 6ὓό

1523 430 2070 493 HISTORIARUM
2115 431 2675 496 COMPENDIUM.

3695 432 3811 501 666

390 564 546 625 silli);
580 560 927 633 έτελεῦτησεν
959 564 986 616 ὁ
1018 563 1306 635 κΛηρικὸς.
1349 567 1440 635 Τῷ
1471 560 1516 616 δ’
1547 564 1692 636 αὐτῷ
1722 558 1830 618 ἔτει
1890 563 2024 618 Στοῦ

2167 568 2425 638 chosque
2459 569 2520 623 in
2551 586 2620 624 eo
2653 571 2961 625 collocavit
2991 586 3195 625 eorum
3229 567 3330 639 qui
3363 569 3665 633 Acmmeti,
3698 568 3810 623 hoc

390 651 508 715 διος
538 653 635 707 τὸν
666 652 793 707 ναὸν
828 646 1003 707 ἔκτισε
1034 657 1130 708 τοῦ
1162 653 1349 727 Ἀγίου
1405 653 1655 710 Ἰωάννου
1692 658 1789 708 τοῦ
1844 660 2051 710 Βαπτι-

390 745 543 811 στοῦ,
575 740 668 796 καὶ
703 741 987 816 μοναχοὺς
1020 739 1080 795 ἐκ
1101 747 1201 811 τῆς
1234 748 1407 815 μονῆς
1438 747 1546 796 τῶν
1600 744 1955 817 Ἀκοιμήτων
1997 742 2050 797 ἐν

393 831 542 903 αὐτῷ
569 828 891 899 κατέστησε.

461 923 549 991 Τῷ
582 920 623 989 ζ’
653 918 761 974 ἔτει
803 920 950 975 Λέων
1012 920 1040 973 6
1097 919 1353 991 βασιλεὺς
1403 923 1622 991 Ζήνωνα
1668 922 1760 976 τὸν
1802 917 2048 996 γαμϐρὸν

394 1007 560 1063 αὐτοῦ
594 1009 899 1082 στρατηγὸν
947 1016 1048 1078 τῆς
1103 1010 1278 1081 ’Κῴας
1325 1010 1539 1080 ἁπάσης
1598 1012 1709 1084 (76)
1759 1012 2047 1082 πεποίηκε.

394 1096 597 1171 Πέτρος
644 1092 703 1150 δὲ
749 1097 984 1168 Κναφεὺς
1039 1094 1358 1151 ἀκολουθῶν
1409 1100 1637 1168 Ζήνωνι,
1684 1094 2048 1173 πρεσϐύτερος

397 1182 468 1238 ὢν
497 1185 598 1239 τοῦ
622 1183 674 1239 ἐν
706 1181 1023 1254 Χαλκηδόνι
1052 1190 1182 1240 ναοῦ
1214 1184 1424 1256 Βάσσης
1477 1193 1576 1255 τῆς
1635 1189 1910 1262 μέρτυρος
1957 1188 2046 1242 καὶ

392 1274 456 1328 τὰ
484 1277 583 1329 τοῦ
616 1272 1008 1348 Ἀπολιναρῖου
1039 1279 1278 1354 φρονῶν,
1314 1278 1543 1351 μυρίους
1570 1273 1833 1350 θορὸϐους
1857 1276 2047 1353 ἤγειρε

389 1364 525 1418 κατᾶ
555 1370 655 1433 τῆς
688 1363 948 1432 πίστεως,
982 1365 1072 1419 καὶ
1103 1365 1484 1437 ἀναθεματίζει
1542 1364 1672 1427 τοὺς
1729 1367 1804 1439 μή
1861 1366 2046 1442 λέγον-

388 1474 485 1515 τας
533 1453 626 1507 τὸν
683 1453 812 1508 Θεὸν
882 1455 1285 1529 σταυρωθῆναι,
1348 1456 1448 1510 Καὶ
1509 1455 1705 1529 σχίσας
1761 1457 1851 1509 τὸν
1910 1457 2043 1510 Ααὸν

389 1544 737 1622 ’Λντιοχείας
768 1541 1124 1617 προστίθησιν
1156 1542 1208 1599 έν
1236 1549 1316 1616 τῷ
1360 1545 1627 1619 τρισαγίῳ
1676 1543 1831 1618 ὕμνῳ
1868 1546 1951 1617 τὸ,
1981 1545 2043 1602 Ὀ

395 1629 720 1706 σταυρωθεὶς
752 1628 823 1685 δι’
871 1634 1041 1704 ἡμᾶς·
1104 1633 1236 1708 ὃπερ
1280 1632 1386 1696 ’ὲως
1435 1636 1676 1708 σήμερον
1727 1633 1872 1708 παρὰ
1924 1639 2041 1696 τοῖς

392 1717 786 1795 Θεοπασχίταις
846 1718 1129 1793 ἐκράτησε.
1192 1721 1509 1797 Μαρτυρίου
1563 1720 1622 1777 δὲ
1676 1727 1773 1776 τοῦ
1832 1723 2044 1779 Ἀντιο-

390 1807 549 1882 χείας
578 1806 656 1880 τῷ
687 1807 861 1883 Θρόνῳ
891 1808 1321 1883 ἀποταξαμένου,
1370 1812 1460 1865 καὶ
1509 1810 1780 1887 λέγοντος.
1832 1810 2042 1887 Κλήρῳ

386 1897 748 1970 ἀνυποτάκτῳ
804 1897 893 1952 καὶ
946 1898 1066 1971 λαῷ
1123 1898 1336 1962 ἀπειθεῖ
1388 1900 1477 1954 καὶ
1534 1899 1828 1972 Ἐκκλησία
1881 1900 2040 1977 ῥερυ-

385 1983 618 2057 πωμένῃ
675 1985 1080 2057 ἀποτάσσομαι,
1169 1984 1454 2063 φυλάττων
1543 1986 1762 2060 ἐμαυτῷ
1822 1988 1885 2043 τὸ
1941 1995 2042 2059 τῆς

383 2073 683 2147 ἱερωσύνης
709 2073 945 2148 ἀξίωμα,
979 2072 1181 2150 Πέτρος
1214 2076 1242 2129 6
1276 2074 1514 2153 Κναφεὺς
1561 2082 1642 2149 τῷ
1693 2076 1869 2152 θρόνῳ
1922 2076 2041 2133 ἐπι-

387 2159 559 2232 πηὸᾷ.
595 2164 714 2232 Τὴν
766 2160 821 2217 δὲ
876 2165 996 2218 κατ⁹
1051 2164 1217 2220 αὐτοῦ
1277 2164 1485 2241 ἐξορίαν
1545 2167 1776 2230 ἀκούσας
1830 2167 2038 2243 φεύγει.

383 2252 474 2306 καὶ
509 2252 811 2315 Ἰουλιανὸς
860 2252 1155 2316 ἐπίσκοπος
1214 2254 1553 2331 Ἀντιοχείας
1606 2257 2038 2332 προχειρίζεται.

382 2345 470 2412 Τῷ
497 2340 645 2414 αὖτῷ
676 2338 781 2396 ἔτει
839 2343 867 2397 6
912 2342 1062 2407 ὅσιος
1117 2344 1419 2419 Γεράσιμος
1459 2344 1510 2399 ἐν
1570 2352 1691 2407 ταῖς
1746 2350 1842 2401 τοῦ
1902 2348 2040 2421 Ἰορο

387 2427 548 2484 ὃᾶνου
604 2426 800 2506 ὄχθαις
857 2432 1072 2505 ἀρεταῖς
1131 2434 1221 2488 καὶ
1276 2435 1462 2510 τέρασι
1542 2432 1873 2509 περιϐόητος
1935 2435 2041 2512 ἐγέ-

380 2540 520 2574 νετο.
593 2520 703 2576 Καὶ
770 2520 948 2600 ἄφιξις
1031 2526 1128 2576 τοῦ
1208 2523 1570 2599 ἀναχωρητοῦ
1655 2531 1925 2601 Rupta/.06
1985 2525 2036 2580 ἐν

381 2608 812 2683 Ἱεροσολύμεις,
848 2611 906 2672 ὅς
938 2604 1124 2681 ἔζησεν
1182 2610 1278 2682 ἓτη
1337 2614 1433 2687 ρξ’.
1491 2616 1588 2685 Τῷ
1628 2610 1673 2668 δ’
1729 2614 1879 2685 αὐτῷ
1932 2613 2037 2669 ἔτει

385 2697 637 2768 μετετέθη
714 2700 743 2753 6
800 2701 1089 2778 προφήτης
1145 2698 1457 2763 Ἐλισσαῖος
1517 2701 1570 2756 ἐν
1634 2700 2034 2776 Ἀλεξανδρείᾳ,

382 2786 435 2840 ἐν
477 2792 544 2860 τῇ
576 2791 718 2861 μονῇ
757 2788 974 2844 Παύλου
1006 2794 1103 2845 τοῦ
1158 2787 1382 2865 λεπροῦ⁸
1435 2790 1635 2863 λεπρὸν
1691 2793 1794 2868 γὰρ
1850 2792 2036 2847 ἰάσατο

378 2877 468 2930 καὶ
507 2875 704 2952 λεπρὸν
734 2877 959 2949 ἐποίησε
987 2879 1077 2934 καὶ
1111 2880 1186 2941 εἰς
1216 2884 1318 2934 τοῦ
1351 2880 1555 2956 λεπροῦ
1586 2880 1763 2951 ἐτέθη.

444 3169 536 3237 Τῷ
567 3166 622 3235 η’
650 3162 760 3221 ἔτει
792 3163 998 3234 Δανιὴλ
1032 3167 1060 3220 6
1096 3164 1367 3236 Στυλίτης
1423 3165 1474 3220 ἐν
1525 3171 1604 3239 τῷ
1642 3165 1904 3240 Ἀνάπλῳ
1952 3173 2034 3240 τῷ

372 3252 557 3327 στῦλῳ
607 3249 801 3326 ἐπέϐη,
842 3254 931 3309 καὶ
990 3255 1257 3330 ’Ἀνθιμος
1316 3257 1403 3311 καὶ
1466 3256 1759 3331 Τιμοκλῆς
1817 3258 1867 3311 οἱ
1926 3261 2033 3311 τῶν

371 3343 688 3417 τροπαρίων
721 3346 834 3417 (77)
868 3345 1090 3413 ποιηταὶ
1126 3343 1503 3419 ἐγνωρίζοντο.

445 3435 539 3503 Τῷ
569 3432 613 3484 θ’
665 3425 771 3486 ἔτει
805 3436 1034 3505 σημεῖον
1092 3432 1255 3509 ἐφάνη
1312 3433 1363 3488 ἐν
1417 3439 1496 3507 τῷ
1554 3434 1770 3507 οὐρανῷ
1825 3433 2023 3514 νεφέλη

376 3517 560 3596 ὥσπερ
619 3518 927 3597 σάλπιγγος
986 3520 1283 3596 ἐκτύπωμα
1339 3520 1564 3598 ἔχουσαι
1648 3523 1737 3578 ἐπὶ
1812 3524 2024 3600 ἡμέρας

373 3610 791 3685 τεσσαράκοντα,
825 3612 943 3665 καθ’
968 3611 1213 3685 ἑσπέραν.

447 3701 537 3771 Τῷ
571 3698 601 3752 ι’
635 3694 740 3752 ἔτει
797 3698 1102 3763 Ἱσοχάσιος
1158 3700 1186 3753 6
1242 3699 1541 3777 κοιαίστωρ
1593 3702 1961 3781 Ἀντιοχείας,
1991 3703 2019 3756 6

366 3787 456 3841 καὶ
487 3785 809 3866 φιλόσοφος,
843 3784 1109 3860 διεϐλήθη
1140 3793 1221 3861 τῷ
1264 3787 1483 3864 βασιλεῖ
1531 3790 1607 3852 ὡς
1653 3788 1886 3862 Ἕλλην·
1926 3790 2017 3847 καὶ

364 3874 642 3931 ἐκέλευσεν
676 3877 1020 3948 ἐξετασθῆναι
1058 3879 1220 3934 αὐτὸν
1272 3882 1419 3956 παρὰ
1465 3884 1544 3952 τῷ
1590 3881 1819 3956 ἑπάρχῳ
1861 3884 2017 3938 Kan-

359 3965 881 4030 σταντινουπόλεως.
917 3967 1211 4046 Ἀχθέντος
1241 3966 1299 4022 δὲ
1318 3967 1484 4025 αὐτοῦ
1511 3966 1796 4043 δεδεμένου
1829 3969 2014 4035 ὀπισθ-

357 4054 578 4128 ἀγκωνα
608 4050 710 4133 ἔφη
769 4056 906 4129 πρὸς
965 4056 1126 4112 αὐτὸν
1183 4061 1419 4120 ΙΙοσαῖος
1453 4059 1481 4112 6
1513 4054 1777 4136 ἔπαρχος·
1827 4059 2008 4133 Ὁρᾷς.

357 4145 640 4215 Ἰσοκάσιε,
674 4143 728 4199 ἐν
761 4145 907 4218 ποίῳ
938 4147 1188 4221 σχήματι
1213 4146 1547 4219 καθέστηκας
1577 4168 1590 4219 ;
1624 4149 1680 4203 Ὀ
1730 4146 1787 4203 δὲ
1840 4149 2006 4204 εἶπεν

350 4235 521 4309 Ὀρῶ,
552 4234 643 4289 καὶ
675 4235 740 4288 οὐ
772 4235 1070 4307 ξενίζομαυ
1128 4235 1412 4312 ἄνθρωπος
1450 4239 1554 4313 γὰρ
1604 4236 1678 4291 ὢν
1733 4240 2006 4315 ἀνθρωπί-

347 4343 468 4384 ναις
499 4321 815 4397 περιέπεσον
850 4328 1176 4400 συμφοραῖς.
1227 4322 1401 4382 Ἀλλὰ
1456 4323 1674 4381 δίκασον
1729 4325 1813 4381 ἐπ’
1856 4327 2005 4401 ἐμοὶ,

351 4413 427 4474 ὡς
487 4409 725 4482 ἐδίκαζες
787 4411 880 4466 σὺν
945 4412 1092 4485 ἐμοί.
1187 4417 1362 4469 Ταῦτα
1447 4415 1679 4478 ἀκούσας
1738 4418 1767 4471 6
1828 4415 2005 4491 δῆμος

350 4502 643 4579 εὐφήμησε
671 4502 762 4556 τὸν
797 4500 1045 4576 βασιλέα⁶
1078 4503 1167 4557 καὶ
1205 4504 1392 4576 μαθὼν
1440 4505 1469 4559 6
1504 4504 1760 4581 βασιλεὺς
1802 4505 2001 4582 ἐχάρη,

350 4590 442 4644 καὶ
475 4588 738 4645 ἀπέλυσεν
767 4589 926 4644 αὐτὸν
960 4588 1037 4651 εἷς
1066 4593 1165 4661 τὴν
1196 4588 1333 4646 ἰδίαν
1366 4595 1575 4668 χώραν’

423 4774 517 4845 Τῷ
551 4773 621 4847 ιβ’
653 4767 759 4827 ἔτει
822 4771 969 4826 Λέων
999 4772 1027 4826 6
1061 4770 1320 4846 βασιλεὺς
1382 4775 1519 4830 κατὰ
1571 4778 1859 4853 Γιζερίχου
1912 4785 2010 4836 τοῦ

349 4863 711 4938 τῶν¹Ἃφρων
771 4865 1101 4936 κρατοῦντος
1155 4863 1246 4917 καὶ
1306 4862 1498 4920 πολλᾶ
1553 4870 1660 4920 τῶν
1720 4869 2011 4942 Ῥωμαίων

2159 663 2246 712 est
2278 658 2606 729 insomnes,
2639 660 2939 716 dieuntur.

2228 917 2489 989 Septimo
2520 932 2680 971 anno
2712 918 3009 971 Zenonem
3041 930 3325 987 generum
3350 929 3524 968 suum
3558 913 3669 967 Leo
3702 910 3808 965 toti

2155 1003 2379 1063 Orienti
2406 1007 2744 1079 praaposuit.
2768 1007 2878 1061 Fut
2906 1006 2967 1061 in
2999 1005 3282 1060 comitatu
3314 1003 3565 1058 Zenonis
3597 1005 3808 1057 Petrus

2154 1099 2394 1170 quidam
2429 1098 2737 1170 Cnapheus
2767 1098 2849 1170 (id
2882 1104 2970 1152 est
3000 1097 3193 1169 fullo),
3234 1095 3544 1167 presbyter
3601 1094 3804 1165 templi

2154 1192 2346 1246 Bassaa
2379 1196 2596 1247 sanctae
2625 1189 2926 1261 martyris,
2957 1189 3116 1261 quod
3168 1192 3259 1243 est
3300 1185 3692 1243 Chalcedone.
3746 1187 3799 1239 Is

2153 1280 2295 1351 quia
2320 1280 2676 1352 Apollinarii
2707 1296 2938 1334 errores
2970 1277 3347 1348 sequebatur,
3373 1275 3640 1329 inﬁnitas
3663 1291 3802 1329 con-

2153 1385 2219 1424 ra
2246 1369 2423 1423 ﬁdem
2453 1367 2653 1424 turbas
2670 1368 2961 1434 excitavit,
2995 1367 3148 1421 612
3197 1365 3491 1420 damnans
3545 1379 3644 1417 eos
3699 1362 3800 1434 qui

2152 1464 2370 1531 negant
2388 1459 2571 1514 Deum
2595 1458 2776 1513 fuisse
2794 1456 3244 1513 cruciﬁxum.Et
3266 1454 3513 1508 dissidio
3539 1452 3599 1506 in
3628 1452 3800 1523 plebe

2150 1551 2520 1605 Antiochena
2539 1548 3101 1614 facto,sanctissimo
3123 1547 3344 1617 hymno
3365 1544 3490 1598 haec
3512 1542 3763 1597 inseruit
3787 1559 3801 1597 :

2150 1640 2257 1705 Qui
2290 1644 2530 1712 propter
2579 1656 2690 1694 nos
2742 1637 3064 1694 cruciﬁxus
3114 1640 3246 1701 est;
3296 1633 3455 1705 quod
3500 1631 3800 1701 hodieque

2149 1730 2308 1801 apud
2337 1729 2797 1801 Theopaschitas
2827 1727 3074 1782 obtinet.
3134 1727 3281 1779 Cum
3334 1728 3535 1779 autem
3584 1724 3800 1791 Marty-

2146 1818 2271 1873 rius
2300 1816 2629 1874 Antiochiae
2656 1816 2968 1888 episc0pus
2999 1831 3061 1869 se
3092 1814 3173 1868 ita
3189 1812 3493 1868 abdicaret
3518 1828 3531 1864 :
3564 1810 3802 1865 Servata

2147 1908 2294 1963 mihi
2342 1907 2659 1963 sacerdotii
2704 1905 3010 1978 dignitate,
3054 1903 3281 1959 clerum
3329 1900 3796 1968 inobedientem,

2148 1998 2438 2069 populum
2513 2000 2926 2052 contumacem
3006 1998 3064 2049 et
3130 1990 3456 2046 Ecclesiam
3522 1988 3797 2044 sordibus

2148 2086 2429 2142 infectam
2451 2102 2546 2140 res
2569 2102 2706 2140 suas
2727 2084 2946 2139 habere
2983 2082 3189 2154 jubeo,
3243 2082 3449 2135 Petrus
3501 2078 3603 2132 ille
3651 2078 3798 2131 Cna-

2148 2176 2337 2247 pheus
2368 2175 2775 2247 episcopatum
2808 2172 3075 2244 arripuit.
3111 2173 3241 2224 Mox
3291 2185 3353 2223 se
3387 2167 3597 2222 exsilio
3631 2166 3800 2221 dam-

2148 2272 2352 2321 natum
2387 2265 2633 2321 audiens
2665 2262 2962 2335 profugit;
3005 2266 3063 2316 et
3108 2259 3380 2314 Julianus
3430 2256 3797 2328 episcopatui

2147 2355 2476 2411 Antiochiae
2517 2353 2859 2425 praeﬁcitur.
2901 2351 3119 2406 Eodem
3156 2366 3310 2404 anno
3353 2350 3591 2402 sanctus
3621 2346 3800 2399 Gera-

2148 2445 2334 2500 simus
2365 2445 2439 2500 ad
2467 2444 2626 2515 ripas
2654 2443 2929 2499 Iordanis
2959 2439 3275 2495 virtutibus
3299 2454 3366 2493 ac
3397 2433 3703 2491 miraculis
3736 2434 3796 2487 in

2147 2551 2363 2607 magna
2391 2535 2503 2589 fuit
2542 2534 2720 2588 fama.
2780 2534 2937 2586 Tunc
2997 2535 3055 2585 et
3104 2527 3382 2599 Cyriacus
3437 2525 3799 2581 anachoreta

2147 2625 2251 2697 (ita
2280 2629 2489 2679 vocant
2517 2640 2617 2677 eos
2649 2622 2750 2693 qui
2782 2638 2844 2676 se
2893 2638 2964 2675 ex
3012 2617 3323 2673 hominum
3368 2612 3797 2669 consuetudine

2146 2714 2207 2768 in
2238 2712 2590 2768 solitudines
2640 2702 2997 2777 subducunt)
3053 2704 3460 2775 Hierosolyma
3510 2701 3689 2757 venit.
3742 2701 3795 2754 Is

2144 2803 2286 2857 vixit
2316 2820 2507 2858 annos
2542 2805 2661 2857 107.
2694 2800 2911 2855 Eodem
2964 2813 3120 2852 anno
3172 2800 3331 2849 vates
3377 2793 3656 2848 Elissaeus
3706 2796 3796 2844 est

2144 2892 2559 2947 Alexandriam
2644 2890 2984 2957 translatus,
3072 2887 3134 2940 in
3195 2883 3568 2939 mansionem
3624 2879 3791 2934 Pauli

2143 2983 2385 3055 leprosi.
2417 2985 2501 3038 Ita
2519 2982 2617 3054 qui
2643 2981 2944 3053 leprosum
2969 2980 3297 3040 sanaverat,
3330 2974 3557 3044 lepram
3591 2972 3790 3025 incus-

2144 3079 2302 3128 serat
2330 3072 2524 3138 alteri,
2558 3072 2620 3125 in
2651 3069 2870 3141 leprosi
2902 3068 3076 3122 domo
3108 3064 3416 3135 depositus
3448 3067 3553 3116 est.

2212 3164 2424 3217 Octavo
2455 3177 2610 3216 anno
2644 3159 2923 3214 Danielus
2956 3155 3165 3228 Stylita
3195 3155 3256 3208 in
3287 3152 3512 3223 Anaplo
3562 3149 3792 3205 colum—

2141 3270 2279 3307 nam
2310 3251 2679 3306 conscendit.
2712 3252 2781 3303 Et
2811 3246 3128 3302 Anthimus
3159 3259 3227 3298 ac
3266 3241 3556 3296 Timocles
3590 3245 3792 3310 tropa-

2059 3329 2102 3395 C
2140 3344 2363 3398 riorum
2396 3348 2584 3414 poetae
2616 3341 3030 3395 innotuerunt.

2208 3435 2375 3488 Nono
2407 3448 2565 3487 anno
2598 3429 2932 3503 prodigium
2963 3427 3025 3481 in
3058 3423 3203 3480 coelo
3236 3438 3341 3493 per
3380 3419 3506 3474 dies
3558 3420 3626 3471 40
3675 3416 3784 3470 sub

2137 3540 2443 3596 vesperam
2474 3522 2667 3576 visum
2700 3525 2809 3587 est,
2844 3517 3031 3572 nubes
3061 3515 3123 3568 in
3156 3512 3311 3568 tuba}
3357 3507 3615 3582 speciem
3663 3506 3782 3559 l'or-

2134 3619 2314 3671 mata.

2204 3704 2443 3759 Decimo
2503 3717 2659 3757 anno
2718 3696 3011 3754 Isocasius
3087 3695 3348 3762 qumstor
3430 3682 3780 3747 Antiochiae,

2129 3797 2409 3869 idemque
2439 3792 2852 3867 philosophus,
2885 3788 3118 3843 delatus
3149 3787 3239 3837 est
3268 3777 3426 3852 apud
3456 3778 3782 3869 imperato-

2128 3865 2716 3957 rem,q—uod_Grmcam
2740 3880 3090 3949 religtonem
3115 3874 3361 3927 teneret.
3382 3869 3436 3921 Is
3471 3866 3557 3920 6|
3573 3865 3620 3919 3
3642 3878 3778 3917 eum

2129 3951 2452 4032 examinari
2488 3973 2672 4044 jussit
2723 3968 2881 4040 apud
2935 3964 3279 4037 praefectum
3338 3956 3501 4011 urbis
3558 3951 3774 4044 tlpolis.

2125 4068 2270 4119 Cum
2302 4080 2438 4135 ergo
2472 4041 2745 4116 manibus
2776 4061 2908 4128 post
2941 4061 3169 4124 tergum
3200 4044 3479 4102 revinctis
3517 4041 3779 4097 adduce-

2122 4159 2305 4217 retur.
2347 4132 2431 4208 ita
2461 4167 2595 4205 eum
2628 4147 2943 4221 praefectus
2984 4141 3150 4198 urbis
3194 4142 3431 4193 Posmus
3484 4132 3778 4189 allocutus

2124 4251 2238 4301 est:
2263 4243 2541 4307 Videsne,
2569 4237 2810 4303 Isocasi,
2835 4251 2952 4305 quo
2974 4231 3183 4287 habitu
3225 4224 3470 4283 adstes?
3503 4225 3777 4293 Respon-

2120 4336 2207 4390 dit
2237 4335 2374 4389 ille:
2412 4330 2613 4399 Video,
2639 4342 2834 4396 neque
2856 4323 3077 4378 miror:
3107 4320 3285 4373 homo
3308 4314 3468 4370 enim
3489 4313 3550 4366 in
3567 4310 3778 4365 huma-

2119 4442 2257 4481 nam
2284 4425 2520 4480 devenit
2548 4418 2969 4475 calamitatem.
3012 4414 3097 4468 Tu
3142 4423 3278 4463 vero
3334 4404 3416 4458 ita
3470 4401 3616 4458 mihi
3668 4400 3772 4471 jus

2120 4515 2485 4583 dicito,sicut
2511 4529 2605 4568 me
2623 4509 2847 4580 collega
2867 4504 3100 4562 solebas
3124 4501 3342 4556 dicere.
3367 4498 3501 4551 l-lmc
3524 4494 3774 4549 audiens

2118 4605 2373 4678 populus
2403 4604 2824 4674 imperatorem
2859 4593 3159 4651 collaudat
3186 4608 3200 4657 ;
3235 4590 3403 4659 isque
3427 4602 3489 4639 re
3514 4582 3769 4654 cognita,

2040 4692 2090 4757 Ι)
2121 4695 2293 4750 laetus
2325 4709 2460 4749 eum
2493 4691 2734 4747 domum
2768 4685 3041 4742 remittit.

2193 4782 2553 4839 Duodecimo
2585 4795 2741 4835 anno
2772 4780 2981 4832 contra
3019 4770 3411 4837 Gizerichum,
3462 4765 3562 4838 qui
3616 4763 3770 4819 Afri-

2120 4887 2250 4926 cam
2307 4868 2612 4925 obtinebat
2668 4872 2728 4921 et
2783 4866 2857 4921 ab
2916 4864 3078 4919 exitu
3134 4859 3413 4917 Marciani
3472 4859 3769 4912 Romanos

1565 4984 1923 5042 XYLANDRI
1962 4990 2049 5043 ET
2087 4987 2308 5043 GOARI
2347 4986 2570 5041 NOTAE.

420 5105 534 5177 (76)
568 5104 674 5169 Qui
707 5109 1054 5177 senescente
1083 5104 1345 5177 imperio
1367 5102 1692 5177 δομέστικος
1719 5115 1820 5177 τῆς
1849 5112 2005 5165 Ἀνα-

338 5173 674 5253 τολῆςητῶν
707 5173 1101 5253 ’ᾼνατολικῶη
1130 5173 1245 5253 τῶν
1263 5173 1468 5253 Ἐῲων,
1496 5183 1605 5231 τῶν
1629 5173 1877 5253 θεμάτων
1898 5190 2001 5251 τῆς

341 5243 669 5330 ἰξνατυλξῆς,
709 5247 782 5301 ab
815 5254 1055 5329 auctore
1087 5243 1409 5330 vocabitur,
1445 5250 1602 5330 idem
1623 5243 1830 5330 estqui
1848 5243 2003 5310 Lati;

339 5320 458 5393 nis,
490 5320 539 5373 si
570 5319 720 5393 bene
753 5319 1009 5393 conjicio
1038 5320 1366 5393 praefectus
1412 5324 1690 5393 prastorio
1743 5319 2001 5382 Orientis

338 5390 574 5464 dicitur.
599 5390 751 5464 ‘Vide
784 5390 1183 5464 Paucirollum
1214 5392 1275 5446 in
1306 5390 1432 5448 ΝοΙῖ
1468 5396 1603 5464 imp.
1638 5396 1821 5451 Gosa.

382 5461 618 5544 '(77)nld
649 5466 739 5544 est
770 5477 1078 5544 sacrorum
1108 5463 1468 5544 hymnorum
1497 5461 1616 5521 sive
1639 5469 1997 5524 carminum.

338 5532 433 5587 Sic
464 5532 638 5589 infra.
671 5533 809 5598 XYL,
841 5563 910 5573 —
942 5532 1182 5588 Diversa
1210 5534 1461 5591 diversis
1492 5540 1706 5594 affecta
1735 5541 1998 5595 nomini-

336 5604 450 5659 bus
465 5604 682 5684 Graacis
695 5604 1006 5684 cantillant
1020 5604 1080 5659 in
1095 5604 1365 5684 ecclesiis
1383 5607 1742 5684 hymnorum
1755 5628 1996 5684 genera,

343 5692 373 5729 e
414 5675 638 5764 quibus
688 5676 1309 5764 quamplurajocant
1362 5675 1651 5760 τροπάρια,
1711 5675 1857 5756 πᾶρὰ
1899 5685 1997 5735 τοῦ

336 5745 651 5821 τρέπεσθαι,
685 5745 977 5821 adinstar
1016 5746 1303 5803 nimirum
1354 5745 1647 5818 aliorum,
1694 5745 1855 5809 velut
1906 5755 1995 5810 sui

340 5818 557 5874 cantus
588 5818 1043 5890 exemplarium,
1071 5820 1374 5891 vertenda,
1408 5823 1530 5878 sive
1570 5829 1638 5879 ut
1666 5827 1864 5897 aptius
1912 5826 1996 5881 di-

2113 5130 2264 5169 cam.
2301 5110 2631 5166 occinenda
2659 5126 2670 5163 :
2701 5109 2949 5164 modulos
2980 5107 3175 5162 vocavi
3207 5107 3269 5158 in
3312 5100 3671 5169 Euchologz'o,
3704 5102 3769 5150 ut

2113 5185 2186 5239 ad
2215 5185 2469 5239 aliorum
2503 5182 2722 5236 modum
2753 5182 2959 5236 metris
2990 5177 3353 5249 compositos
3384 5179 3439 5249 et
3475 5170 3764 5249 modulan-

2111 5256 2224 5311 dos.
2259 5253 2632 5311 Carminibus
2663 5254 2903 5324 quidem
2938 5240 3528 5324 iisque‘elegantibus
3554 5240 3765 5324 primi-

2112 5333 2207 5382 tus
2238 5327 2603 5382 edebantur:
2638 5317 2920 5394 deinceps
2952 5317 3085 5394 vero
3118 5317 3344 5375 servato
3399 5317 3763 5394 syllabarum

2112 5415 2362 5454 numero
2395 5403 2453 5453 et
2485 5397 2814 5469 quantitate
2856 5387 3439 5469 neglectat‘pressa,
3470 5387 3683 5469 _rudis_
3707 5394 3767 5441 et

2109 5477 2348 5525 austera
2370 5457 2846 5541 tibv‘tponapimv
2906 5457 3271 5541 compositio
3328 5461 3532 5541 evasit,
3594 5457 3767 5541 cujus

2109 5541 2501 5597 nihilominus
2551 5531 2822 5595 auctores
2888 5531 3198 5607 poetarum
3259 5532 3471 5607 insigni
3521 5531 3765 5607 nomine

2109 5630 2405 5685 nusquam
2427 5629 2489 5666 se
2514 5610 2761 5685 professi
2789 5603 3007 5685 suntex
3026 5605 3472 5685 auctoratospe
3487 5603 3767 5685 tropariis

2110 5690 2165 5740 et
2198 5674 2403 5740 eorum
2436 5674 2627 5755 poetis
2662 5680 2906 5735 Allatius
2938 5684 2996 5733 et
3028 5676 3317 5732 Arcudius
3350 5674 3619 5745 pluribus
3641 5675 3765 5730 dis-

2107 5761 2444 5814 seruerunt.
2479 5756 2653 5809 Gosn.
