4144 6438
337 446 455 516 66"!

1694 448 2014 519 GEORGII
2057 448 2400 519 CEDRENI

3632 450 3753 514 668

340 595 630 666 majorem
684 593 747 649 in
795 594 1038 650 modum
1089 586 1462 667 depraedatus
1515 599 1661 663 erat,
1714 612 1986 668 magnam

2127 593 2241 648 ιετὰ
2272 593 2498 657 θάνατον
2531 595 2848 669 Μαρκιανοῦ
2882 594 2967 667 [Ρ.
3002 592 3127 665 350]
3173 591 3502 664 Ληΐςαμένου
3552 589 3747 646 στόλον

343 685 596 739 classem
651 686 866 751 emisit,
910 686 1175 740 collectis
1237 684 1371 740 ill-5
1425 680 1693 753 navibus,
1728 687 1870 740 viris
1930 686 1991 742 in

346 775 607 845 singulas
642 778 759 830 100,
785 777 847 829 ln
868 792 997 830 eam
1020 776 1290 846 impensa
1309 781 1445 831 sunt
1468 776 1630 832 aurei
1662 777 1991 832 sexcenties

347 865 737 937 quinquagies
767 865 949 934 mille,
982 867 1243 937 argentei
1288 866 1519 920 nummi
1565 867 1991 939 septingenties

348 954 511 1009 mille
543 953 795 1024 demptis
828 970 958 1024 quae
992 970 1061 1007 ex
1093 953 1303 1009 aerario
1335 960 1571 1026 sumpta
1620 959 1676 1009 et
1725 971 1759 1010 a
1807 957 1993 1010 Roma

347 1043 719 1115 suppeditata
748 1048 907 1099 sunt.
942 1047 1022 1100 Ea
1054 1050 1252 1101 tamen
1280 1051 1443 1102 tanta
1465 1046 1672 1102 classis
1693 1063 1756 1101 re
1778 1046 1995 1102 infecta

347 1150 421 1187 ne
453 1133 698 1188 semisse
732 1133 973 1204 quidem
1006 1135 1266 1191 militum
1309 1137 1649 1207 superstite,
1673 1136 1869 1202 rediit,
1893 1130 1995 1191 du-

346 1222 523 1276 eloris
538 1222 610 1276 ob
636 1223 1129 1294 imprudentiam:
1149 1222 1199 1279 is
1223 1225 1384 1280 enim
1398 1225 1658 1281 ostendit
1678 1232 1836 1281 recte
1859 1242 1996 1280 eum

347 1312 624 1381 sensisse,
683 1313 783 1383 qui
853 1306 1001 1368 dixit
1076 1315 1401 1370 exercitum
1472 1332 1779 1371 cervorum
1848 1314 1996 1389 duce

344 1396 540 1466 leone,
582 1407 868 1472 prmstare
921 1404 1205 1458 exercitui
1255 1394 1497 1460 leonum
1558 1421 1734 1475 quem
1793 1422 1998 1460 cervus

347 1491 541 1546 ducat.
576 1490 797 1547 Eodem
828 1509 985 1547 anno
1016 1495 1257 1566 Asparis
1292 1494 1448 1549 ﬁlius
1483 1494 1766 1567 patricius
1806 1492 2000 1550 Caesar

349 1597 383 1636 a
416 1580 608 1635 Leone
652 1589 889 1636 creatur
941 1596 1007 1637 ac
1054 1574 1477 1639 Alexandriam
1525 1576 1802 1653 mittitur,
1860 1583 2001 1654 quia

347 1672 633 1741 Asparem
674 1668 746 1725 ab
798 1674 956 1727 secta
1009 1670 1334 1729 abduxerat
1381 1679 1439 1728 et
1487 1673 1597 1728 sibi
1647 1671 1996 1728 benevolum

350 1754 712 1817 reddiderat.

2105 683 2274 761 μέγαν
2306 679 2665 753 ἐξαπέστειλε,
2723 683 2874 759 ⁴ιιιριγ¹
2930 681 3102 738 πλοῖα
3157 678 3530 750 συναθροίσας,
3590 673 3751 756 ἔχον-

2098 792 2192 833 τος
2233 764 2459 826 ἑκάστου
2491 771 2592 826 ἀνὰ
2633 768 2829 846 ἄνδρας
2893 771 3098 828 ἑκατόν.
3155 775 3241 827 Ἐν
3284 769 3372 834 οἷς
3413 762 3750 842 κατεκενώθη

2101 861 2335 936 χρυσίου
2379 862 2423 936 ρ’
2472 861 2515 936 ρ’
2568 862 2621 932 ξὲ
2681 864 2795 935 (’78)
2847 860 2937 916 καὶ
2987 861 3227 936 ἀργύρου
3281 860 3326 930 ρ’
3375 858 3421 934 ρ’
3469 861 3534 929 ο’,
3591 856 3757 933 παρὲξ

2100 954 2209 1005 τῶν
2244 949 2304 1005 ὲκ
2333 948 2431 1005 τοῦ
2486 949 2740 1023 ταμιείου
2788 947 2877 1005 καὶ
2929 954 3036 1004 τῶν
3081 956 3184 1019 τῆς
3229 948 3478 1024 ἒσπερίας
3533 949 3758 1024 Ῥώμης

2105 1036 2430 1114 διδομένων.
2464 1039 2567 1096 Καὶ
2601 1040 2629 1094 ὁ
2667 1042 2923 1101 τοσοῦτος
2955 1038 3153 1100 στόλος
3202 1037 3475 1113 ἄπρακτος
3525 1034 3614 1092 διὰ
3662 1038 3763 1108 τὴν

2102 1132 2200 1183 τοῦ
2253 1127 2685 1205 στρατηγοῦντος
2769 1124 3138 1184 κακοϐουλίαν
3225 1123 3572 1203 ὑπέστρεψεν,
3635 1124 3765 1182 οὐδὲ

2104 1214 2232 1282 τοὺς
2293 1220 2513 1293 ἡμίσεις
2570 1223 2676 1273 τῶν
2762 1219 3109 1294 στρατιωτῶν
3173 1212 3346 1279 σώους
3407 1214 3758 1297 διαφυλάξας·

2107 1307 2272 1384 ἔδειξε
2303 1310 2405 1388 γὰρ
2437 1311 2535 1381 ειὴν
2567 1310 2800 1386 γνώμην
2829 1308 3011 1380 ἀληθῆ
3046 1313 3142 1364 τοῦ
3165 1309 3435 1381 εἰπόντος,
3465 1309 3551 1365 ὅτι
3578 1316 3762 1386 πρεῖσ-

2109 1400 2200 1454 σόν
2244 1400 2358 1454 ἐστι
2412 1396 2775 1476 στρατόπεδον
2829 1396 3044 1476 ἐλάφων
3100 1400 3416 1477 ἡγκυμένου
3475 1398 3695 1463 λέοντος
3727 1399 3762 1469 ἢ

2110 1486 2471 1565 στρατόπεδον
2515 1488 2747 1545 λεόντων
2780 1488 3088 1565 ἡγουμένου
3119 1487 3347 1567 ἐλάφου.
3383 1492 3476 1564 Τῷ
3531 1487 3577 1545 δ’
3611 1490 3761 1562 αὐτῷ

2110 1576 2214 1635 ἔτει
2244 1578 2332 1634 καὶ
2365 1580 2393 1635 ὁ
2426 1580 2704 1655 Ἀσπαρος
2747 1580 2859 1655 (Ἱέὲ)
2909 1578 3025 1641 υἱὸς
3084 1576 3369 1655 πατρίκιος
3431 1576 3503 1634 ὢν
3556 1582 3763 1657 Καῖσαρ

2108 1671 2254 1743 παρὰ
2320 1673 2417 1724 τοῦ
2487 1667 2721 1733 Λέοντος
2772 1669 3004 1745 γίνεται,
3087 1664 3181 1724 καὶ
3256 1665 3308 1724 ἒν
3386 1664 3766 1745 Ἀλεξανδρείᾳ

2109 1760 2386 1833 πέμπεται
2419 1755 2512 1813 διὰ
2541 1760 2603 1813 τὸ
2636 1756 2859 1813 ἑλκῦσαι
2889 1757 2981 1813 τὸν
3013 1761 3263 1833 ”Ασπαρα
3289 1754 3353 1813 ἔκ
3396 1765 3498 1828 τῆς
3550 1756 3769 1835 Ἀρεια-

2110 1855 2268 1918 νικῆς
2295 1845 2457 1919 δόξης
2489 1848 2579 1903 καὶ
2612 1847 2814 1903 εὐνοεῖν
2847 1855 3073 1918 ποιῆσαι
3102 1852 3180 1920 τῷ
3214 1846 3451 1922 βασιλεῖ.

422 1939 660 1993 Decimo
693 1936 898 2008 quinto
930 1955 1086 1994 anno
1119 1938 1326 1994 beatus
1355 1934 1709 2012 Enthymius
1742 1939 1800 1994 in
1832 1930 2002 1995 Chri-

2182 1942 2271 2012 Τῴ
2308 1938 2365 1994 ιε’
2403 1933 2513 2025 ἔτει
2543 1934 2570 1993 ὁ
2603 1938 2751 2002 ’ὀσιος
2786 1934 3063 2013 Εὐθύμιος
3093 1936 3145 1994 ἐν
3199 1942 3418 2013 Χριστῷ
3467 1928 3762 2014 ἐκοιμήθη,

351 2034 439 2083 sto
473 2026 846 2097 obdormivit,
880 2045 1014 2083 eum
1046 2024 1290 2083 vixisset
1328 2045 1514 2084 annos
1548 2026 1636 2085 97.

413 2120 567 2173 (H4
601 2119 787 2173 Annis
832 2112 1131 2174 sexdecim
1186 2124 1245 2173 et
1292 2116 1717 2191 septemdecim
1775 2112 1999 2175 bellum

342 2210 549 2261 contra
582 2198 946 2261 Gizericlium
974 2208 1133 2262 varia
1162 2205 1400 2262 fortuna
1446 2210 1677 2280 gestum
1726 2208 1855 2262 fuit.

414 2297 582 2350 Anno
628 2297 691 2350 17
722 2313 825 2350 rex
848 2296 1096 2350 Zenonis
1128 2301 1184 2350 et
1216 2313 1336 2351 suae
1361 2296 1496 2351 illia)
1518 2296 1789 2352 Ariadna)
1813 2291 2000 2352 filium

342 2385 603 2440 Leonem
660 2387 952 2439 Caesarem
1005 2379 1286 2439 declarat.
1355 2380 1514 2441 Tunc
1581 2387 1758 2440 etiam
1822 2382 2002 2441 vestis

344 2476 618 2547 Deipara:
642 2475 888 2548 virginis
926 2474 1354 2548 Hierosolymis
1382 2475 1493 2530 fuit
1523 2474 1723 2546 allata,
1766 2476 2004 2532 inventa

343 2565 500 2636 apud
535 2565 853 2636 quamdam
880 2564 1389 2638 religiosissimam
1410 2563 1759 2621 Hebraicam
1782 2566 2000 2622 mulie-

343 2672 472 2710 rem
524 2655 832 2727 virginem.
894 2656 963 2710 Et
1016 2651 1286 2726 reliquias
1346 2655 1402 2710 S.
1450 2656 1781 2711 Anastasiaa
1829 2650 2004 2713 Nico-

346 2744 547 2799 media
578 2744 772 2799 allataa
804 2745 987 2816 inque
1029 2744 1158 2817 ejus
1207 2740 1345 2800 fano
1392 2744 1667 2817 repositae
1715 2752 1871 2802 sunt.
1924 2746 2004 2801 Eo

346 2840 614 2905 tempore
646 2834 933 2890 Romulus
976 2829 1223 2904 quidam
1270 2833 1636 2906 Augustulus
1681 2832 2007 2907 imperator

346 2924 533 2979 Italim
592 2923 676 2991 ﬁt,
729 2916 903 2977 annis
956 2924 1092 2977 1060
1139 2928 1273 2995 post
1316 2915 1617 2978 conditam
1668 2940 1702 2979 a
1750 2922 2003 2980 Romulo

348 3017 618 3069 Romam.
679 3014 889 3084 Itaque
947 3011 1278 3069 Occidentis
1325 3013 1667 3084 imperium,
1736 3013 1895 3086 quod
1971 3032 2006 3070 a

348 3102 600 3157 Romulo
633 3102 891 3173 primum
923 3101 1161 3157 initium
1192 3093 1422 3171 habuit,
1455 3100 1620 3158 tanto
1667 3108 1802 3175 post
1856 3108 2002 3158 tem-

350 3209 491 3264 pore
524 3192 584 3247 in
616 3192 733 3246 alio
766 3192 1015 3248 Romulo
1047 3188 1245 3248 desiit.

2113 2030 2279 2099 ζήσας
2310 2025 2402 2098 ἔτη
2436 2019 2537 2105 tr-

2181 2119 2271 2190 Τῷ
2306 2119 2372 2182 ις’
2403 2117 2494 2172 καὶ
2530 2121 2593 2187 ιζ’
2621 2109 2727 2171 ἔτει
2757 2116 2823 2171 τὰ
2853 2119 2949 2170 τοῦ
3000 2118 3291 2192 Γιζερίχου
3331 2115 3581 2191 πολέμου
3624 2115 3768 2174 ἄλλο

2112 2205 2195 2263 ἐπ’
2237 2204 2394 2280 ἄλλῳ
2426 2200 2719 2262 συνέϐαινε.

2186 2290 2279 2370 Τῷ
2315 2303 2375 2366 ιζ“
2406 2294 2552 2352 Λέων
2587 2292 2614 2351 ὃ
2652 2286 2906 2371 βασιλεὺς
2960 2294 3162 2352 Λέοντα
3209 2295 3300 2352 τὸν
3342 2298 3596 2368 Ζήνωνος
3655 2298 3771 2352 υἱὸν

2117 2387 2207 2442 καὶ
2241 2385 2527 2463 Ἀριάδνης
2584 2393 2687 2456 τῆς
2734 2378 2874 2449 ἰδίας
2926 2386 3211 2463 θυγατρὸς,
3272 2387 3464 2442 ἑαυτοῦ
3515 2384 3573 2442 δὲ
3616 2386 3777 2465 ἔγγο-

2114 2498 2232 2545 νον,
2290 2473 2484 2551 στέψας
2562 2474 2790 2553 βασιλέα
2875 2478 2988 2552 (80)
3069 2475 3415 2553 ἀνηγόρευσε.
3501 2477 3638 2532 Τότε
3685 2477 3776 2533 καὶ

2116 2571 2152 2638 ἡ
2205 2566 2369 2639 ἐσθὴς
2424 2574 2525 2637 τῆς
2585 2566 2878 2643 ὑπεραγίας
2927 2566 3194 2622 Θεοτόκου
3257 2564 3308 2639 ἐξ
3365 2566 3773 2642 Ἱεροσολύμων

2115 2658 2292 2734 ἢχθη,
2352 2657 2630 2733 εὑρεθεῖσα
2687 2658 2833 2733 παρά
2910 2678 3019 2712 τινι
3105 2651 3477 2733 εὐλαϐεστάτῃ
3558 2657 3773 2734 γυναικὶ

2115 2740 2358 2821 Ἑϐραίῳ
2399 2745 2672 2822 παρθένῳ.
2728 2745 2831 2802 Καὶ
2879 2746 2945 2801 τὰ
2994 2742 3222 2821 λείψανα
3273 2752 3373 2815 τῆς
3423 2746 3575 2820 ἁγίας
3619 2750 3773 2803 Ἀνα-

2116 2836 2336 2897 στασίας
2381 2836 2487 2891 ἀπὸ
2545 2832 2925 2909 Νικομηδείας
2965 2834 3325 2910 ἀνεκομίσθη,
3374 2835 3462 2891 καὶ
3519 2835 3670 2905 ἐτέθη
3720 2833 3772 2891 ἐν

2112 2930 2191 2998 τῷ
2219 2930 2332 2997 ναῷ
2363 2925 2530 2996 αὐτῆς
2565 2926 2702 3001 (81).
2752 2926 2840 2981 Ἐν
2893 2922 3070 2997 τούτῳ
3119 2928 3199 2997 τῷ
3254 2928 3431 2999 καιρῷ
3485 2923 3777 2998 Ῥωμύλος

2112 3035 2197 3077 τις
2251 3013 2482 3080 ἐπίκλην
2537 3012 2953 3088 Λύγουστάλιος
3004 3015 3115 3087 (82)
3166 3013 3523 3088 αὐτοκρατωρ
3574 3019 3675 3083 τῆς
3725 3011 3778 3069 ἐν

2114 3103 2323 3176 Ἰταλίᾳ
2354 3102 2637 3179 βασιλείας
2667 3103 3008 3172 καθίσταται,
3046 3102 3180 3176 μετὰ
3227 3100 3387 3178 χίλια
3437 3100 3776 3179 ὀγδοήκοντα

2118 3184 2212 3263 ἔτη
2244 3186 2540 3265 Ῥωμύλου
2576 3189 2851 3267 βασιλέως
2898 3196 2995 3247 τοῦ
3041 3193 3141 3262 τὴν
3182 3191 3408 3265 Ῥώμην
3464 3190 3771 3256 κτίσαντος.

350 3278 705 3353 Σημειωτὲον
763 3272 819 3335 δὲ
879 3280 953 3342 ὡς
1004 3279 1110 3336 ἀπὸ
1169 3276 1460 3355 Ῥωμύλου
1490 3283 1525 3352 ἡ
1560 3286 1660 3352 τῆς
1713 3279 1978 3358 Ἐσπέρας
2038 3278 2324 3356 ἀκμάσασα
2386 3280 2637 3357 βασίλεία
2692 3281 2859 3338 πάλιν
2922 3281 3025 3338 ὑπὸ
3083 3279 3376 3356 Ῥωμύλου
3431 3281 3520 3338 ἐπὶ
3577 3282 3778 3339 τοσού-

351 3391 479 3432 τους
510 3368 776 3426 ἐπαύσατο
812 3370 1067 3446 χρόνους.

422 3464 566 3516 Cum
600 3462 711 3516 Leo
730 3462 939 3533 junior
969 3466 1127 3517 esset
1153 3464 1353 3518 Caesar
1388 3462 1622 3517 creatus
1656 3465 1713 3517 et
1734 3464 2006 3534 equestre

2192 3456 2661 3536 Ἀναγορευθὲντνς
2689 3459 2869 3516 τοίνυν
2915 3463 3014 3515 τοῦ
3068 3464 3266 3536 μικροῦ
3320 3452 3573 3535 Λέοντος,
3622 3461 3779 3518 imu-

354 3550 758 3622 spectaculum
791 3551 1088 3618 ederetur,
1121 3548 1267 3608 hora
1317 3542 1437 3607 diei
1486 3556 1651 3608 sexta
1702 3551 2011 3623 profundas

354 3640 615 3695 tenebrae
638 3640 847 3695 urbem
881 3644 1173 3711 texerunt,
1209 3646 1265 3696 et
1292 3641 1400 3696 sub
1423 3640 1570 3696 nivis
1592 3642 1787 3713 specie
1807 3643 2005 3698 cinere

357 3729 650 3784 immenso
709 3729 881 3800 pluit,
942 3728 1200 3785 nubibus
1249 3730 1417 3801 quasi
1480 3731 1613 3803 igne
1682 3729 2010 3787 canderent

364 3819 809 3890 apparentibus,
836 3819 919 3875 ita
941 3825 1005 3875 ut
1025 3835 1199 3875 nemo
1222 3837 1343 3875 non
1370 3820 1605 3892 putaret
1630 3820 1763 3894 igne
1781 3820 2006 3894 pluere.

358 3908 518 3965 Cinis
547 3908 621 3965 ad
649 3908 831 3982 palmi
862 3900 1239 3966 altitudinem
1262 3909 1470 3983 jacuit.
1505 3904 1686 3966 Porro
1718 3928 1853 3967 cum
1894 3911 2005 3966 Leo

2120 3554 2219 3606 κοῦ
2242 3549 2509 3627 ἀγομένου
2541 3548 2657 3625 ὥρᾳ
2691 3555 2734 3613 ς’
2780 3556 2880 3619 τῆς
2939 3546 3150 3626 ἡμέρας
3203 3548 3396 3613 σκότος
3457 3552 3594 3627 βαθὺ
3654 3548 3778 3607 ἑκά-

2116 3638 2255 3714 λυψε
2284 3641 2383 3710 τὴν
2442 3636 2629 3708 πόλιν,
2687 3639 2884 3715 ἀθρόον
2945 3635 3001 3693 δὲ
3059 3636 3110 3694 ἐν
3165 3634 3296 3695 εἷ’δει
3360 3642 3580 3719 νιφετοῦ
3638 3639 3771 3710 ὕσθη

2116 3730 2287 3801 κόνις,
2344 3730 2851 3804 πεπυρανριτωμένων
2910 3730 3017 3784 τῶν
3099 3732 3274 3806 νεφῶν
3359 3728 3773 3805 προφανέντων,

2120 3819 2194 3880 ὡς
2225 3818 2467 3892 νομίζειν
2501 3817 2702 3880 πάντας
2728 3814 2811 3874 ὅτι
2846 3822 2950 3895 πῦρ
3005 3816 3214 3893 βρέχει·
3276 3817 3367 3872 καὶ
3423 3816 3511 3873 ἐπὶ
3563 3817 3775 3875 παλαι-

2121 3910 2250 3978 στὴν
2284 3907 2437 3978 ἐτέθη
2469 3909 2504 3977 ἡ
2537 3908 2707 3971 κόνις.
2756 3911 2864 3964 Τοῦ
2914 3904 2973 3962 δὲ
3023 3903 3296 3981 βασιλέως
3354 3904 3579 3970 Λέοντος
3637 3907 3770 3983 ῥευ-

1563 4028 1929 4085 XYLANDRI
1969 4031 2056 4084 ET
2094 4028 2307 4085 GOARI
2348 4028 2571 4083 NOTAE.

433 4142 547 4216 (78)
570 4143 652 4198 Du
663 4143 942 4215 plicatam
960 4161 1022 4216 ρρ
1038 4130 1297 4216 pdsitum
1316 4147 1523 4215 estpro
1538 4158 1714 4215 porro
1730 4149 1871 4201 nota
1885 4158 2018 4200 cen~

433 4160 547 4215 (ιδ)
570 4160 942 4215 uupncamm
960 4160 1297 4269 ppgosuum
1316 4160 1405 4198 εει
1416 4160 1523 4215 pro
1538 4160 1714 4215 porro
1730 4160 1871 4201 nona
1885 4160 2018 4200 cen~

358 4215 533 4281 narii,
578 4216 805 4286 fuitque
830 4221 1026 4271 verten
1075 4231 1174 4270 um
1196 4215 1326 4270 auri
1348 4217 1723 4272 centenarios
1745 4220 1833 4287 65,
1857 4223 1914 4272 et
1932 4234 2020 4272 ar-

361 4290 523 4361 genti
551 4289 926 4348 centenarios
971 4292 1058 4361 7Q.
1091 4287 1153 4361 I_d
1185 4304 1318 4342 cum
1350 4287 1479 4361 ipsa
1514 4305 1578 4343 re
1626 4288 2016 4361 deprehendi,

364 4352 589 4441 Eumex
620 4360 973 4441 repetitione
1014 4352 1579 4441 licujus_notm"in}ra
1628 4352 2017 4441 iniMichae‘lo

361 4428 763 4504 Paphlagone,
799 4428 1146 4504 deavaritia
1193 4428 1596 4504 Theophanis,
1625 4432 2020 4503 metropolltm

362 4502 756 4561 Tessalonicei
786 4518 798 4568 ;
831 4503 932 4557 ubi
966 4502 1123 4574 idem
1156 4510 1291 4555 cum
1326 4502 1475 4558 libra
1518 4502 1701 4558 fuisse
1750 4502 2016 4574 apparet.

362 4578 564 4645 Neque
593 4582 682 4631 est
704 4575 972 4644 ignotum
994 4573 1208 4628 libram
1231 4574 1407 4629 etiam
1427 4574 1651 4630 minam
1674 4573 1877 4630 fuisse.
1905 4577 2022 4631 Re-

365 4650 589 4718 petitur
608 4652 815 4719 postea
859 4646 984 4699 Ζοω
1038 4649 1173 4715 post
1219 4645 1565 4719 Calaphatis
1586 4652 1854 4719 mortem
1904 4647 2015 4701 im-

369 4712 556 4790 perio,
588 4712 687 4774 tibi
722 4712 1132 4790 memorantur
1160 4712 1517 4790 centenaria
1542 4712 1632 4780 53,
1683 4719 2022 4786 πεντήκοντα

367 4785 491 4862 τρία
523 4787 960 4862 diserte_.Apud
991 4787 1346 4858 Procopium
1379 4790 1469 4862 est
1500 4785 1856 4862 Leonemjn
1909 4790 2023 4844 hoc

368 4859 594 4918 bellum
627 4859 819 4915 millia
838 4864 1101 4914 trecenta
1121 4868 1415 4930 erogasse,
1434 4860 1472 4913 l.
1508 4876 1567 4915 ιιι
1593 4860 1665 4914 de
1690 4859 1849 4915 bello
1872 4862 2025 4916 Van-

369 4933 582 5005 dalico,
613 4932 770 5005 apud
801 4930 1197 5005 Nicephorum
1228 4949 1331 5005 ixv,
1365 4935 1432 4986 2e
1459 4932 1637 5005 mille
1664 4937 1724 4986 et
1769 4932 2026 4988 ducenta

369 5002 714 5062 centenaria
744 5004 872 5059 auri
908 5002 1191 5075 pondera.
1227 5004 1361 5075 Haec
1400 5019 1576 5073 quam
1624 5002 1782 5058 inter
1837 5018 1898 5058 se
1967 5009 2026 5058 et

367 5095 501 5135 cum
533 5078 799 5134 Cedreno
829 5073 1228 5142 consentiant,
1273 5073 1500 5146 ignoro.
1542 5075 1760 5141 Quodsi
1809 5075 2025 5130 horum

365 5152 722 5222 scriptorum
739 5149 1102 5222 alterutrum
1124 5144 1319 5200 Graece
1357 5144 2022 5222 Ij_cuisset_audire.__ﬁe1‘i

364 5210 599 5296 poterat
628 5228 694 5277 ut
722 5219 956 5296 facilius
988 5217 1338 5296 divinarem.
1364 5210 1505 5271 XYL.
1536 5250 1608 5296 έ-
1628 5219 1751 5296 Duo
1777 5216 1839 5290 ρ’,
1864 5216 2026 5274 linea

366 5286 704 5352 transversa
733 5293 941 5347 adacta
974 5286 1153 5361 simul
1184 5304 1320 5361 eum
1352 5295 1602 5345 acoentu
1632 5286 1872 5361 utrique
1923 5306 2023 5361 su-

364 5367 693 5439 perposito,
737 5362 871 5439 p‘p',
906 5379 982 5439 ex
1034 5360 1193 5439 notis
1247 5360 1583 5439 Grmcorum
1633 5360 2024 5439 arithmeticis

366 5381 688 5439 pGPPOSllO,
858 5402 871 5429 ,
906 5381 977 5417 ex
1034 5381 1193 5416 HOLIS
1247 5381 1583 5417 urwcorum
1633 5381 2022 5417 arunmeucns

366 5443 536 5508 putat
584 5381 890 5507 Xylandper
937 5432 1277 5508 signiﬁcare
1325 5432 1703 5508 κεντῃνᾷριον,
1770 5433 1843 5488 ab
1894 5432 2022 5503 ipso

365 5503 879 5571 inillenis'aureis,
924 5503 1097 5573 juxta
1145 5503 1388 5577 Joannis
1422 5503 1625 5577 rKalil,
1652 5509 2024 5577 computum,

368 5579 746 5632 aestimatum.
794 5572 1036 5631 Erudite
1082 5574 1343 5645 quidem.
1400 5576 1475 5630 At
1528 5572 1630 5631 ubi
1679 5578 1744 5631 65
1790 5572 2024 5631 tantum

369 5650 497 5702 auri
527 5649 843 5703 centenaria
883 5663 1192 5715 enumera,
1243 5645 1465 5716 argenti
1510 5664 1644 5703 vero
1683 5646 1774 5713 '70,
1831 5647 2026 5703 videat

371 5734 548 5787 quam
579 5734 758 5788 parva
783 5720 859 5773 sit
890 5735 1144 5783 summa,
1179 5735 1309 5787 qua)
1338 5723 1395 5772 et
1448 5720 1730 5788 exercitui
1782 5724 2024 5775 centum

369 5784 563 5844 millia
583 5784 904 5844 hominum
936 5784 1240 5860 superanti
1272 5794 1331 5844 et
1370 5784 1792 5846 exhauriendis
1845 5790 2022 5864 regiis

2133 4144 2360 4200 mrariis
2390 4143 2532 4198 satis
2562 4143 2657 4196 sit.
2690 4142 3075 4213 Theophanes
3129 4140 3202 4197 ad
3253 4136 3390 4197 1300
3438 4142 3783 4198 centenaria

2129 4218 2287 4272 clare
2309 4214 2516 4272 scribit
2532 4214 2894 4281 ascendisse,
2924 4214 3019 4268 cui
3040 4214 3340 4286 consentit
3362 4215 3684 4286 Procopius
3706 4214 3779 4269 ab

2127 4290 2257 4360 ipso
2291 4286 2589 4359 Xylandro
2622 4286 2857 4360 citatus,
2890 4285 3100 4360 neciab
3133 4285 3445 4360 utriusque
3504 4285 3782 4360 computo

2127 4352 2241 4415 nisi
2277 4352 2378 4413 10'0
2410 4358 2770 4412 centenariis
2801 4352 2981 4429 distat
3012 4352 3411 4429 Nicephorus:
3448 4355 3607 4413 unde
3632 4352 3779 4412 mihi

2128 4430 2318 4501 liquet
2347 4428 2713 4501 Xylandrum
2745 4428 2881 4501 i225
2932 4430 3294 4484 centenariis
3337 4444 3473 4483 vero
3529 4445 3779 4501 numero

2129 4500 2459 4565 aberrasse,
2518 4501 2610 4555 vel
2655 4500 2808 4556 male
2860 4505 3030 4555 notas
3087 4501 3491 4556 arithmeticas
3542 4500 3776 4573 legisse.

2129 4576 2304 4629 Goxn.

2198 4646 2313 4715 ('79)
2344 4644 2510 4710 Quod
2543 4644 2615 4698 de
2647 4642 2890 4715 Asparis
2921 4643 3044 4698 filio
3095 4644 3383 4714 sequitur,
3424 4644 3581 4699 male
3637 4660 3777 4698 con-

2131 4717 2290 4787 gruit
2310 4732 2440 4771 cum
2463 4715 2716 4770 aliorum
2736 4715 3153 4787 historicorum
3170 4716 3509 4771 narratione
3525 4718 3778 4771 etZonao

2132 4785 2198 4843 ra
2215 4788 2665 4859 Nieephoroque
2687 4787 2747 4859 in
2765 4785 2995 4859 primis.
3014 4786 3360 4858 videturque
3384 4803 3627 4858 prorsus
3649 4802 3779 4842 esse

2132 4858 2451 4930 aliquid'ex
2482 4858 2769 4913 mutilatis
2798 4858 3066 4930 versibus
3098 4862 3431 4914 consulum.
3470 4859 3779 4930 Ethymius

2131 4929 2461 5014 monachus
2492 4930 2623 5014 fuit,
2664 4930 2735 4985 de
2767 4929 3024 5014 (ιιιςξᾶιιὶρ⁷
3042 4929 3202 5000 loqui
3240 4929 3573 4986 Cedrenum
3606 4947 3778 4985 cons-

2133 5009 2218 5059 tat
2253 5014 2323 5057 ex
2352 5001 2682 5074 Nicephoro
2713 5018 2823 5067 xw,
2855 5002 3122 5074 δὶς-ΧΠ..

2206 5075 2319 5146 (80)
2352 5076 2431 5128 Ex
2464 5072 2578 5146 quo
2604 5073 2803 5146 forsan
2826 5072 3108 5146 profluxit
3126 5089 3277 5141 mos,
3304 5078 3371 5129 ut
3387 5090 3535 5146 quos
3558 5073 3779 5145 posteri

2134 5143 2432 5218 principes
2464 5143 2721 5218 collegas
2751 5143 2986 5215 imperii
3016 5150 3309 5218 crearent,
3360 5143 3600 5218 eosdem
3626 5160 3783 5218 quo-

2135 5212 2250 5288 que
2282 5212 2462 5273 manu
2494 5212 2732 5289 prop'ria
2760 5212 3131 5271 coronarent.
3176 5212 3477 5272 Videndus
3523 5212 3783 5272 Codinus

2134 5307 2183 5345 ο.
2220 5307 2359 5344 xvn.
2395 5291 2570 5345 Goaa.

2205 5361 2313 5431 (8|)
2347 5356 2591 5432 Triplici
2612 5358 2685 5432 de
2716 5374 2895 5414 causa
2951 5358 3240 5432 templum
3295 5359 3408 5415 hoc
3455 5356 3783 5432 Anastasius

2133 5424 2353 5487 nomen
2387 5424 2686 5500 praetulit:
2748 5447 2930 5486 unam
2988 5424 3095 5484 hic.
3140 5438 3348 5487 auctor
3393 5431 3590 5500 refert,
3637 5424 3784 5487 duas

2133 5450 2353 5487 nomen
2431 5450 2686 5487 reatum:
2748 5450 2930 5486 unam
2990 5450 3083 5484 mc
3140 5450 3348 5487 aucror
3393 5450 3478 5486 rei

2133 5502 2281 5573 alias
2314 5450 2422 5558 foll.)
2458 5504 2560 5573 3135
2594 5508 2951 5571 memoratas
2983 5503 3267 5573 reperies.
3304 5504 3478 5558 Goan.

2204 5572 2316 5645 (82)
2348 5570 2512 5640 Quod
2580 5570 2945 5642 Augustulum
3004 5570 3215 5645 scripsi
3272 5590 3379 5645 pro
3428 5574 3785 5644 Augustalio.

2132 5653 2405 5702 auctores
2437 5646 2824 5717 correctiores
2857 5650 3095 5702 secutus
3126 5644 3353 5715 feci,”ut
3385 5652 3442 5701 et
3472 5663 3578 5717 pro
3609 5648 3786 5701 Bere-

2130 5719 2268 5775 nica
2308 5720 2584 5774 Verinam.
2618 5715 2755 5773 XrL.
